4196 6316
631 364 704 421 25
1355 348 1414 404 S.
1454 345 1728 404 JOANNIS
1766 342 2236 402 CllRYSOSTOMl
2275 338 2588 395 ARCHIEP.
2630 339 3155 397 CONSTANTLVOP.
3831 344 3903 398 24

632 470 730 525 uisi
767 466 1103 522 imbecillitas
1132 468 1393 528 vastasset,
1432 476 1604 530 neque
1633 458 1896 513 modicum
1926 456 2208 509 admittere

632 562 946 631 discipulum
993 555 1273 627 coegisset.
1331 555 1552 625 Oportet
1598 552 1740 606 enim
1785 551 1937 605 nobis
1988 548 2209 601 traditos

633 655 779 707 cibos
817 662 871 706 et
904 660 1059 720 potus
1101 649 1428 717 temporibus
1465 657 1520 701 et
1555 644 1960 700 necessitatibus
1998 656 2211 709 semper

632 743 829 805 metiri,
871 751 925 796 et
967 742 1265 795 nullatenus
1309 738 1677 792 necessitatem
1712 732 1991 795 excedere,
2037 745 2210 798 neque

633 833 998 903 imprudenter
1025 841 1079 888 et
1096 839 1297 885 temere
1316 828 1441 897 quid
1470 828 1642 883 facere
1668 834 1897 893 oportet.
1927 821 2033 877 Sed
2060 834 2210 892 βοει-

633 940 791 993 quam
821 923 968 978 Pauli
998 938 1181 977 curam
1224 930 1280 976 et
1316 919 1580 975 Timothei
1606 919 1854 971 virtutem
1894 914 2209 981 didicimus,

635 1016 716 1069 eia
746 1013 996 1083 deinceps
1026 1012 1091 1067 ad
1122 1014 1290 1081 ipsam
1326 1011 1674 1080 quaestionum
1703 1005 2024 1061 solutionem
2051 1005 2216 1059 duca-

636 1113 723 1158 tur
750 1105 939 1158 oratio.
970 1105 1223 1168 Qurenam
1269 1103 1425 1171 igitur
1460 1097 1812 1169 quaeruntur?
1842 1097 2034 1151 lterum
2071 1095 2213 1151 enim

636 1193 815 1248 dicere
843 1194 1199 1248 necessarium
1232 1199 1331 1256 est,
1357 1202 1413 1244 ut
1440 1190 1635 1243 solutio
1657 1187 1985 1242 manifestior
2009 1184 2215 1239 efﬁcia-

638 1292 740 1336 tur.
774 1282 887 1348 Qua
915 1282 981 1336 de
1020 1297 1176 1335 causa
1215 1291 1455 1335 sanctum
1497 1282 1673 1343 talem,
1723 1288 1865 1331 tanta
1900 1284 2213 1330 tractantem

638 1374 869 1442 negotia,
895 1374 945 1424 in
974 1371 1212 1425 morbum
1243 1372 1382 1424 Deus
1412 1370 1646 1423 incidere
1676 1368 1939 1437 permisit,
1967 1376 2021 1421 et
2046 1381 2216 1434 neque

638 1463 770 1530 ipse,
797 1476 968 1529 neque
991 1468 1283 1530 praaceptor
1304 1460 1666 1529 aegritudinem
1694 1474 1884 1512 curare
1913 1466 2215 1527 potuerunt,

637 1553 731 1606 sed
761 1552 975 1606 bibendi
1004 1552 1109 1605 vini
1152 1553 1346 1605 auxilio
1372 1566 1503 1620 Opus
1542 1549 1876 1605 habuerunt?
1903 1549 1969 1602 Et
1996 1548 2215 1618 quarsila

637 1642 851 1710 quidem
882 1642 996 1697 hmc
1020 1650 1208 1696 erant:
1236 1650 1447 1711 Oportet
1468 1651 1641 1701 autem
1671 1642 1836 1709 ipsam
1865 1640 2057 1694 inferre
2076 1640 2217 1693 solu-

637 1732 834 1786 tionem
854 1772 867 1795 ,
898 1742 955 1785 ut
982 1748 1087 1786 non
1131 1742 1331 1785 tantum
1373 1733 1416 1785 si
1449 1733 1538 1801 qui
1570 1731 1621 1784 in
1650 1730 1891 1785 morbum
1925 1741 1975 1784 et
2006 1730 2219 1799 mgritu—

638 1824 819 1878 dinem
846 1824 1027 1890 talem,
1060 1824 1153 1877 sed
1184 1835 1237 1878 et
1261 1826 1577 1893 quicumque
1607 1825 1659 1877 in
1688 1824 1987 1892 pauperiem
2021 1823 2219 1876 incideo

638 1915 747 1968 rint
772 1923 827 1967 et
849 1914 1062 1977 famem,
1087 1923 1139 1968 et
1165 1914 1392 1975 vincula,
1418 1924 1471 1967 et
1493 1923 1777 1979 tormenta,
1799 1923 1851 1967 et
1876 1913 2215 1973 tentationes,

638 2014 693 2058 ct
718 2006 1031 2069 calumnias,
1073 2016 1370 2073 cmteraque
1401 2006 1675 2073 praesentis
1704 2006 1822 2058 vita:
1862 2005 2215 2071 incommoda,

638 2095 805 2146 sancti
854 2095 1009 2147 etiam
1054 2094 1230 2163 magni
1272 2105 1326 2149 et
1374 2095 1713 2149 admirabiles
1760 2094 1894 2159 viri,
1946 2110 2012 2148 ex
2060 2096 2219 2149 rebus

640 2186 797 2239 hodie
840 2186 1078 2240 dicendis
1121 2187 1363 2241 idoneam
1394 2196 1449 2241 et
1487 2186 1970 2241 manifestissimam
2024 2186 2075 2239 in
2115 2187 2220 2241 illis

639 2292 850 2347 quoque
892 2277 1254 2332 defensionem
1299 2288 1481 2331 contra
1537 2292 1786 2332 accusare
1843 2266 2081 2333 volentes
2138 2279 2219 2331 iu-

639 2368 821 2421 venire
849 2368 1072 2437 possint.
1105 2369 1297 2423 Multos
1339 2369 1479 2423 enim
1521 2369 1797 2424 audivistis
1833 2371 1954 2423 talia
1982 2385 2223 2439 quaeren-

642 2467 721 2511 tes
754 2475 768 2510 :
794 2457 930 2524 Quid
961 2459 1172 2513 tandem
1204 2459 1293 2512 ille
1323 2458 1595 2513 modestus
1637 2470 1689 2513 et
1716 2469 2024 2515 mansuetus
2060 2461 2222 2515 homo

639 2548 707 2601 ab
730 2548 834 2600 alio
861 2548 1090 2616 quodam
1112 2547 1274 2617 impio
1302 2557 1356 2603 et
1382 2549 1621 2619 improbo
1641 2565 1739 2619 per
1766 2550 2001 2620 singulos
2030 2550 2143 2605 dies
2168 2552 2220 2605 in

636 2636 893 2705 judicium
919 2638 1174 2703 trahitur,
1204 2649 1260 2693 et
1284 2639 1591 2695 innumeras
1622 2642 1819 2709 patitur
1846 2642 2136 2707 molestias,
2170 2652 2224 2696 et

642 2727 783 2780 Deus
815 2728 1108 2796 permittit?
1136 2744 1299 2798 quare
1335 2730 1469 2783 alter
1508 2739 1805 2796 accusatus,
1848 2730 2042 2799 injuste
2076 2747 2223 2786 mor-

642 2827 764 2873 tuus
794 2819 908 2873 est?
946 2819 1042 2873 Ille
1078 2820 1388 2875 submersus
1435 2831 1537 2887 est,
1575 2822 1774 2891 inquit,
1805 2823 1941 2878 alius
1986 2826 2225 2895 praecipi-

644 2918 783 2964 tatus
813 2928 826 2964 :
855 2921 909 2964 et
937 2912 1131 2966 multos
1161 2928 1437 2981 possemus
1462 2913 1667 2968 referre
1694 2923 1909 2969 sanctos
1938 2926 1992 2970 et
2026 2920 2224 2971 nostris

645 3010 700 3056 et
729 3003 989 3073 majorum
1035 3016 1338 3060 nostrorum
1380 3006 1729 3076 temporibus,
1760 3010 1848 3078 qui
1878 3009 2071 3065 multas
2106 3024 2225 3064 sus-

644 3094 915 3149 tinuerunt
977 3096 1383 3164 tribulatioues,
1434 3097 1743 3154 differentes
1801 3110 1856 3155 et
1910 3102 2103 3155 varias.
2155 3100 2225 3156 Ut

643 3182 799 3251 igitur
829 3183 1017 3239 horum
1055 3188 1291 3241 omnium
1328 3187 1589 3242 rationem
1626 3188 1935 3254 videamus,
1966 3197 2020 3245 et
2051 3205 2224 3258 neque

642 3273 743 3340 ipsi
774 3276 1146 3342 perturbemur
1165 3318 1180 3343 ,
1210 3293 1381 3346 neque
1394 3278 1543 3335 alios
1569 3278 1956 3335 scandalizatos
1991 3280 2225 3352 negliga-

646 3380 783 3429 mus,
813 3381 954 3420 nunc
974 3366 1214 3422 dicendis
1242 3368 1647 3437 diligentissime
1674 3371 2031 3427 attendamus.

713 3456 764 3510 6.
790 3455 969 3511 Causa:
1004 3463 1159 3512 variae
1186 3478 1276 3513 cur
1301 3459 1440 3515 Deus
1464 3471 1662 3516 sanctos
1691 3461 1827 3516 mala
1854 3466 2047 3535 perpeti
2068 3452 2220 3521 sinat.

644 3545 888 3601 —Vari:e
931 3548 1072 3601 enim
1118 3560 1171 3603 et
1210 3551 1531 3606 omnimodae
1574 3562 1880 3607 sanctorum
1925 3550 2223 3611 afflictionis

641 3650 829 3689 causas
864 3653 1084 3694 numero
1102 3646 1227 3692 octo
1247 3637 1492 3695 charitati
1530 3651 1719 3698 vestrae
1758 3644 1938 3700 dicere
1982 3661 2218 3715 possum.

646 3726 846 3783 Idcirco
873 3743 1058 3785 onmes
1082 3745 1200 3783 cum
1227 3733 1495 3801 diligentia
1515 3734 1749 3788 animum
1769 3736 2224 3802 adhibete,scien-

643 3828 725 3875 tes
744 3821 884 3890 quod
913 3822 1054 3875 nulla
1081 3823 1330 3893 deinceps
1360 3825 1511 3883 nobis
1536 3827 1687 3880 venia
1711 3837 1765 3881 et
1787 3830 2059 3884 excusatio
2083 3831 2225 3886 dabi-

642 3922 749 3979 tur,
762 3912 888 3966 side
900 3913 1325 3983 contingentibus
1340 3915 1780 3981 scandalizemur.
1793 3920 1986 3989 quippe
2000 3921 2223 3991 quicum

641 4002 748 4055 sint
778 4010 881 4055 tam
904 4003 1082 4056 multa:
1103 4005 1353 4072 rationes,
1380 4015 1643 4077 tamquam
1667 4009 1808 4063 nulla
1828 4011 1915 4076 sit,
1940 4013 2010 4065 ita
2029 4015 2223 4068 tumul-

644 4102 854 4147 tuemur
871 4101 926 4147 et
940 4095 1328 4163 perturbemur.
1349 4096 1527 4166 Itaque
1551 4099 1719 4167 prima
1741 4101 1951 4169 quidem
1977 4114 2055 4157 est
2076 4105 2220 4173 quod

644 4200 710 4237 ne
722 4184 873 4239 facile
886 4186 936 4239 in
953 4189 1306 4256 arrogantiam
1325 4198 1542 4258 propter
1556 4192 1864 4245 meritorum
1880 4202 1935 4247 et
1949 4195 2225 4249 miraculo:

644 4293 760 4330 rum
794 4280 1206 4347 magnitudinem
1240 4281 1510 4347 tollantur,
1540 4283 1681 4351 ipsos
1711 4284 1850 4338 Deus
1877 4285 2016 4339 sinat
2038 4285 2217 4355 affligi.

643 4368 906 4434 Secunda,
937 4384 1003 4423 ne
1032 4372 1207 4423 caeteri
1238 4372 1492 4440 majorem
1525 4373 1752 4428 habeant
1778 4375 1845 4429 de
1866 4376 1993 4445 ipsis
2018 4357 2223 4446 opinio-

646 4476 785 4525 nem,
815 4476 971 4529 quam
1005 4462 1231 4516 humana
1258 4466 1454 4533 patitur
1478 4476 1685 4532 natura,
1705 4476 1760 4521 et
1776 4467 1917 4536 ipsos
1937 4469 2088 4535 deos,
2115 4485 2220 4525 non

644 4559 820 4605 autem
861 4551 1101 4607 homines
1138 4569 1255 4608 esse
1296 4556 1637 4611 arbitrentur.
1688 4558 1885 4625 Tertia,
1933 4570 1989 4615 ut
2030 4572 2083 4615 et
2127 4562 2221 4617 Dei

647 4641 814 4694 virtus
850 4652 1103 4709 appareat
1133 4658 1227 4711 per
1252 4654 1569 4712 aegrotantes
1600 4655 1656 4700 et
1679 4649 2027 4718 compeditos,
2059 4666 2223 4705 exsu-

647 4747 838 4799 perans
859 4733 1159 4798 etvincens,
1174 4749 1236 4788 ac
1252 4736 1909 4809 prredicationemaugens.
1929 4742 2145 4809 Quarta,
2166 4754 2222 4797 ut

647 4824 877 4889 ipsorum
907 4824 1155 4891 patientia
1184 4826 1512 4882 manifestior
1541 4828 1648 4893 fiat,
1670 4845 1773 4883 non
1794 4843 2009 4902 propter
2028 4850 2223 4889 merce-

644 4914 765 4966 dem
780 4913 1051 4967 hominum
1072 4916 1179 4970 Deo
1196 4917 1659 4986 servientium,sed
1678 4930 1731 4975 et
1747 4930 1945 4977 tantam
1970 4925 2223 4979 exhiben-

645 5002 775 5054 tium
802 5003 1197 5071 gratitudinem,
1217 5016 1273 5059 ut
1293 5015 1345 5060 et
1370 5017 1488 5075 post
1512 5017 1587 5061 tot
1611 5010 1749 5064 mala
1766 5011 1971 5066 sincera
1987 5014 2035 5066 in
2052 5015 2221 5083 ipsum

648 5092 1012 5147 benevolentia
1052 5096 1376 5151 ostendatur.
1410 5098 1624 5165 Quinta,
1658 5110 1713 5155 ut
1734 5103 1801 5157 de
1835 5107 2223 5161 resurrectione

644 5183 972 5252 cogitemus:
996 5199 1115 5238 cum
1146 5188 1286 5241 enim
1312 5190 1481 5243 virum
1509 5192 1708 5259 justum
1734 5206 1786 5247 et
1813 5195 1975 5248 multa
2010 5198 2219 5264 plenum

650 5276 861 5340 virtute,
890 5276 1165 5332 innumera
1191 5295 1399 5348 passum
1419 5284 1576 5347 mala,
1602 5292 1656 5337 et
1682 5284 1757 5338 sic
1784 5285 1905 5339 hinc
1926 5287 2219 5355 digressum

648 5365 862 5431 videris,
892 5368 975 5421 vel
1007 5368 1200 5424 invitus
1229 5372 1294 5426 de
1319 5373 1495 5427 futuro
1523 5375 1592 5428 ibi
1615 5374 1813 5443 judicio
1840 5376 2038 5445 cogites
2064 5394 2221 5447 opor-

650 5463 742 5508 tet.
788 5456 841 5511 Si
881 5458 1021 5512 enim
1051 5476 1147 5529 pro
1179 5476 1237 5517 se
1259 5462 1413 5520 homo
1444 5465 1741 5519 laborantes
1763 5466 1877 5521 sine
1906 5470 2138 5536 praemiis
2169 5480 2222 5524 et

650 5548 993 5604 retributione
1020 5551 1166 5606 abire
1207 5568 1313 5607 non
1355 5557 1607 5623 permittit
1644 5574 1655 5608 :
1686 5556 1852 5610 multo
1895 5560 2061 5626 magis
2104 5574 2216 5625 eos,

653 5642 737 5706 qui
758 5651 958 5695 tantum
986 5643 1377 5713 laboraverunt,
1397 5664 1681 5717 numquam
1709 5650 2045 5705 incoronatos
2059 5665 2229 5704 rema.

649 5745 775 5785 tit-rc
796 5731 933 5788 Deus
962 5735 1231 5792 decernet.
1252 5736 1305 5792 Si
1329 5749 1503 5794 autem
1542 5743 1683 5814 ipsos
1716 5741 1954 5800 laborum
1998 5757 2213 5798 suorum

2318 451 2664 507 retributione
2683 451 2890 520 privare
2926 451 3078 515 nolit,
3104 450 3323 504 omnino
3358 464 3577 506 necesse
3612 458 3693 506 est
3725 455 3902 521 quod-

2315 544 2437 597 dam
2479 543 2621 596 aliud
2667 553 2875 612 tempus
2910 558 3029 598 esse
3066 553 3184 611 post
3215 545 3556 612 przesentium
3590 544 3769 611 linem,
3798 561 3907 615 quo

2317 634 2593 704 praesentis
2612 636 2733 693 vitae
2754 635 2993 688 laborum
3014 635 3389 688 retributiones
3412 636 3688 702 recipiant.
3713 636 3901 697 Sexta,

2318 732 2377 778 ut
2402 739 2589 779 omnes
2607 724 2658 778 in
2680 739 2768 779 res
2792 723 3045 779 adversas
3066 724 3379 787 incidentes,
3404 726 3755 779 sufficientem
3776 741 3911 779 con-

2319 816 2635 870 solationem
2657 826 2711 869 et
2732 816 3115 885 mitigationem
3205 816 3455 881 habeant,
3487 816 3541 871 in
3572 832 3665 871 eos
3688 818 3911 887 respici-

2318 915 2488 970 entes,
2522 914 2576 959 et
2602 906 2862 960 malorum
2891 922 3010 977 qua:
3045 907 3175 975 ipsus
3213 907 3453 962 accidere
3492 923 3778 963 memores.
3811 909 3909 964 Se-

2320 995 2503 1065 ptima,
2523 1010 2589 1051 ne
2613 996 2824 1065 quando
2844 999 3189 1052 exhortamur
3210 1010 3304 1049 vos
3321 997 3385 1051 ad
3404 996 3614 1050 illorum
3632 1000 3907 1065 virtutem,

2318 1093 2373 1140 et
2396 1086 2587 1155 cuique
2612 1086 2860 1163 dicimus,
2891 1086 3103 1141 Imitare
3130 1086 3349 1141 Paulum
3372 1129 3387 1154 ,
3420 1088 3629 1143 imitare
3663 1089 3906 1156 Petrum,

2320 1188 2537 1247 propter
2576 1188 2846 1248 gestorum
2886 1178 3264 1233 sublimitatem
3292 1179 3516 1234 alterius
3542 1181 3683 1250 ipsos
3701 1191 3910 1237 natura:

2322 1268 2611 1339 participes
2634 1268 2797 1325 fuisse
2820 1271 3135 1339 cogitantes,
3154 1272 3219 1324 ad
3248 1271 3595 1326 imitationem
3628 1273 3904 1342 terpeatis.

2320 1359 2537 1425 Octava,
2556 1360 2835 1429 utquando
2853 1361 3035 1415 beatos
3062 1361 3142 1415 vel
3166 1362 3391 1415 miseros
3412 1376 3632 1417 censere
3656 1372 3905 1431 oportet,

2320 1450 2586 1505 discamus
2607 1467 2741 1521 quos
2754 1452 2958 1518 beatos,
2983 1468 3115 1522 quos
3135 1456 3361 1509 miseros
3384 1464 3437 1510 et
3454 1470 3785 1511 aerumnosos
3805 1472 3908 1525 pu-

2324 1553 2436 1597 tare
2454 1544 2762 1599 debeamus.
2784 1545 2943 1614 Igitur
2955 1546 3036 1598 ha:
3050 1546 3261 1615 quidem
3275 1556 3583 1602 suntcausa:
3604 1566 3616 1601 :
3635 1548 3727 1602 sed
3748 1564 3912 1617 opor-

2324 1644 2399 1688 tet
2422 1651 2511 1689 eas
2542 1650 2729 1691 omnes
2758 1652 2823 1690 ex
2844 1637 3131 1708 Scripturis
3159 1639 3480 1695 confirmare
3503 1680 3518 1704 ,
3545 1649 3599 1695 et
3622 1640 3909 1710 diligenter

2323 1724 2690 1781 demonstrare
2710 1728 2886 1781 omnia
2910 1742 3067 1798 supra
3090 1729 3231 1784 dicta
3254 1746 3361 1783 non
3385 1730 3737 1785 humanarum
3758 1733 3909 1801 cogi-

2325 1816 2582 1869 tationum
2624 1817 2858 1883 inventa,
2889 1820 2983 1874 sed
3033 1820 3331 1875 divinarum
3369 1822 3761 1890 Scripturarum
3784 1837 3912 1876 sen-

2326 1908 2516 1960 tentias
2540 1921 2677 1962 esse.
2709 1908 2797 1963 Sic
2820 1909 2961 1964 enim
2986 1920 3040 1964 et
3060 1912 3229 1965 oratio
3253 1914 3354 1965 erit
3374 1913 3528 1966 nobis
3554 1912 3657 1967 fide
3676 1912 3908 1982 dignior.

2325 2007 2378 2050 et
2416 1998 2607 2052 melius
2648 2000 2839 2053 animis
2888 2003 3080 2057 vestris
3124 2003 3391 2058 insidebit.
3438 2003 3591 2071 Quod
3639 2005 3912 2059 tribulatio

2324 2089 2536 2157 quidem
2580 2091 2819 2145 conferat
2861 2092 2963 2147 hoc
3000 2095 3219 2160 sanctis,
3248 2104 3304 2149 ut
3344 2095 3569 2150 modesti
3596 2096 3703 2149 sint
3732 2106 3785 2150 et
3809 2095 3913 2149 hu-

2326 2178 2500 2246 miles,
2540 2195 2636 2235 nec
2677 2181 2930 2236 inflentur
2972 2200 3039 2238 ex
3075 2185 3239 2254 gestis
3284 2194 3338 2239 ct
3379 2186 3564 2254 signis,
3612 2198 3671 2251 et
3692 2196 3913 2256 propter

2327 2272 2429 2326 hoc
2456 2274 2623 2341 ipsam
2646 2277 2863 2330 evenire
2892 2277 3033 2331 Deus
3062 2279 3352 2345 permittat,
3399 2266 3914 2348 pmphetamDavid

2325 2374 2380 2416 et
2422 2363 2642 2418 Paulum
2693 2367 2877 2421 eadem
2925 2368 3164 2422 dicentes
3214 2369 3507 2423 audiamus.
3558 2370 3650 2424 llle
3695 2358 3913 2441 quidem

2326 2454 2455 2509 dicit
2484 2456 2718 2511 :Bonum
2765 2461 2909 2524 mihi,
2959 2460 3193 2526 Domine,
3238 2462 3355 2531 quia
3397 2462 3677 2515 humiliasti
3722 2480 3820 2529 me,
3859 2474 3916 2517 ut

2327 2545 2521 2599 discam
2533 2549 2925 2617 justiﬁcationes
2963 2560 3075 2603 tua:
3101 2549 3268 2619 (Psal.
3306 2551 3427 2604 118.
3454 2552 3548 2619 71)
3579 2570 3591 2605 :
3627 2550 3711 2605 hic
3732 2561 3914 2606 autem

2330 2637 2597 2704 prtefatus,
2651 2640 2849 2710 Raptus
2890 2656 3002 2693 sum
3043 2642 3095 2693 in
3141 2643 3583 2708 tertiumxwlum,
3611 2644 3736 2695 etin
3762 2660 3918 2712 para-

2328 2726 2493 2779 disum
2529 2730 3038 2796 elatus;subintulit,
3061 2730 3125 2783 Et
3146 2748 3208 2784 ne
3224 2732 3581 2785 revelationum
3617 2734 3917 2803 magnitudo
3963 2803 3969 2808 Α

2329 2817 2635 2871 extollatme
2660 2858 2675 2883 ,
2716 2819 2866 2872 datus
2910 2829 2981 2873 est
3012 2820 3135 2872 mihi
3185 2821 3419 2874 stimulus
3453 2823 3619 2875 carnis
3643 2862 3656 2885 ,
3704 2822 3917 2893 angelus

2333 2916 2542 2971 satanw,
2566 2918 2620 2961 ut
2659 2926 2737 2961 me
2784 2911 3064 2979 colaphizet
3112 2912 3186 2982 (2.
3211 2911 3328 2966 Cor.
3386 2914 3472 2967 12.
3504 2912 3558 2967 2.
3589 2914 3642 2967 4.
3678 2914 3754 2981 7).
3779 2912 3917 2980 Quid

2331 2998 2433 3052 hoc
2465 3001 2732 3068 apertius?
2758 3002 2832 3055 Ne
2863 3004 3110 3070 extollar,
3160 3004 3346 3072 inquit.
3381 3013 3599 3073 propter
3644 3004 3745 3058 hoc
3790 3020 3916 3073 per-

2330 3090 2472 3143 misit
2505 3091 2641 3145 Deus
2668 3092 2888 3161 angelos
2928 3103 3130 3147 satauaa
3176 3094 3514 3163 colaphizare
3546 3110 3651 3149 me.
3678 3095 3922 3164 Angelos

2328 3189 2505 3234 autem
2533 3189 2751 3246 satanas,
2779 3198 2884 3236 non
2906 3183 3177 3237 daemones
3206 3185 3411 3253 aliquos
3432 3186 3583 3249 dicit,
3616 3186 3708 3239 sed
3738 3185 3919 3240 homi-

2328 3285 2425 3323 nes
2449 3270 2662 3325 diabolo
2689 3274 3070 3341 ministrantes,
3096 3275 3338 3328 iufidelcs
3366 3284 3642 3345 tyrannos,
3661 3271 3914 3345 gentiles,

2329 3365 2419 3430 qui
2458 3362 2668 3417 assidue
2698 3363 2795 3432 ipsi
2837 3366 3045 3419 molesti
3084 3376 3253 3431 erant,
3299 3366 3578 3435 ipsumque
3621 3368 3908 3422 vexabant.

2329 3453 2482 3520 Quod
2528 3464 2705 3508 autem
2745 3457 2874 3510 dicit
2920 3455 3221 3525 hujusmodi
3270 3467 3354 3511 est
3388 3477 3401 3511 :
3435 3458 3669 3523 Poterat,
3720 3458 3918 3528 inquit,

2332 3546 2471 3599 Deus
2493 3547 2771 3601 continere
2793 3549 3233 3616 persequutiones
3262 3558 3315 3603 et
3341 3564 3608 3603 aarumnas
3635 3550 3918 3616 assiduas;

2328 3634 2422 3689 sed
2451 3636 2702 3704 quoniam
2733 3637 2785 3690 in
2814 3638 3028 3691 tertium
3056 3647 3239 3706 raptus
3268 3639 3340 3691 fui
3366 3640 3574 3701 cadum,
3607 3651 3661 3695 et
3688 3642 3739 3694 in
3770 3655 3923 3710 para.

2327 3724 2501 3779 disum
2528 3725 2755 3790 delatus,
2781 3743 2848 3781 ne
2891 3728 3081 3782 harum
3121 3729 3487 3798 magnitudine
3530 3733 3917 3788 revelationuni

2327 3818 2551 3871 extollar
2578 3827 2631 3873 et
2657 3819 2817 3874 altum
2842 3820 3065 3889 sapiam,
3086 3822 3327 3890 permisit
3341 3825 3778 3893 persequutiones
3795 3826 3917 3890 bas,

2325 3916 2380 3961 et
2403 3909 2592 3978 angelo
2618 3920 2818 3963 satame
2856 3926 2954 3980 per
2996 3915 3437 3982 persequutiones
3466 3925 3521 3969 et
3547 3917 3921 3975 tribulationes

2328 4012 2415 4052 me
2444 3998 2801 4067 colaphizarc,
2836 4015 2902 4053 ne
2927 4001 3171 4055 extollar.
3205 4002 3319 4056 Etsi
3348 4004 3491 4058 enim
3535 4007 3707 4061 sancti
3735 4018 3789 4062 et
3819 4010 3922 4063 ad-

2326 4090 2602 4145 mirabiles
2627 4092 2732 4146 sint
2760 4092 2952 4147 Paulus
2976 4105 3027 4148 et
3058 4094 3265 4161 Petrus,
3292 4104 3346 4150 et
3375 4112 3565 4152 omnes
3589 4100 3919 4170 quicumque

2326 4184 2480 4248 tales,
2529 4193 2706 4239 tamen
2757 4186 3000 4241 homines
3023 4197 3166 4253 sunt,
3209 4198 3265 4242 et
3311 4190 3492 4243 multte
3536 4192 3814 4257 cautionis,
3846 4210 3921 4247 tm

2328 4274 2482 4330 facile
2511 4277 2862 4341 extollantur,
2897 4277 3155 4347 indigent,
3176 4287 3227 4333 et
3256 4280 3493 4334 maxime
3522 4282 3760 4335 omnium
3788 4298 3917 4335 san-

2325 4366 2397 4419 eti
2426 4384 2440 4418 :
2471 4365 2599 4419 nihil
2639 4368 2787 4421 enim
2827 4369 2905 4422 sic
2934 4368 2986 4422 in
3018 4371 3375 4438 arrogantiam
3404 4372 3663 4426 extollere
3689 4387 3919 4427 consue-

2326 4456 2419 4520 vit,
2470 4466 2526 4510 ut
2564 4460 2874 4513 meritorum
2923 4461 3076 4529 plena
3120 4462 3547 4527 conscientia,et
3569 4464 3746 4517 anima
3790 4481 3918 4521 cum

2329 4546 2517 4601 fiducia
2548 4549 2750 4603 vivens.
2777 4549 2853 4605 Ne
2872 4551 2997 4620 quid
3040 4552 3198 4620 igitur
3237 4552 3341 4605 tale
3368 4552 3438 4604 illi
3472 4554 3760 4621 patiantur,
3793 4564 3920 4609 ten-

2328 4641 2555 4695 tationes
2584 4650 2637 4695 et
2664 4642 3033 4697 tribulationes
3061 4658 3181 4697 esse
3219 4644 3505 4710 concessit,
3548 4661 3667 4714 quae
3693 4658 3922 4715 possent

2328 4732 2469 4801 ipsos
2513 4734 2781 4803 corripere
2826 4735 3058 4806 ipsisque
3102 4736 3455 4805 persuadere,
3479 4746 3537 4791 ut
3576 4737 3628 4791 in
3664 4740 3921 4797 omnibus

2326 4825 2599 4881 moderate
2624 4838 2861 4897 agerent.

2399 4920 2449 4973 7.
2481 4920 2633 4986 Quod
2663 4929 2840 4975 autem
2877 4922 2959 4977 ad
3011 4923 3479 4978 demonStrandam
3517 4924 3607 4979 Dei
3650 4926 3906 4979 virtutem

2328 5010 2430 5064 hoc
2472 5026 2793 5079 magnopere
2836 5013 3104 5078 conferat,
3138 5024 3190 5066 et
3223 5015 3322 5067 hoc
3361 5015 3429 5069 ab
3454 5015 3642 5068 eodem
3673 5016 3922 5084 apostolo

2326 5100 2500 5166 disce,
2528 5104 2615 5171 qui
2644 5103 2787 5170 prius
2814 5103 2915 5157 hoc
2941 5104 3165 5157 dixerat.
3195 5105 3271 5158 Ne
3296 5107 3438 5159 enim
3465 5106 3638 5169 dicas,
3672 5106 3811 5175 quod
3837 5108 3920 5159 iu-

2328 5192 2510 5246 fideles
2531 5202 2733 5261 putant,
2761 5195 2923 5247 Deum
2958 5194 3075 5248 talia
3102 5198 3492 5264 permittentem
3516 5196 3741 5249 debilem
3770 5212 3914 5261 eSse,

2330 5301 2427 5339 nec
2454 5300 2579 5341 suos
2612 5287 2857 5355 periculis
2899 5288 3105 5356 eripere
3150 5303 3342 5355 posse,
3374 5289 3517 5357 quod
3570 5289 3713 5357 ipsos
3751 5289 3917 5359 affligi

2327 5379 2575 5433 continue
2600 5380 2738 5433 sinat
2762 5398 2773 5433 :
2804 5380 2906 5433 hoc
2929 5380 3203 5435 considera
3223 5423 3237 5447 ,
3271 5381 3539 5449 quomodo
3567 5396 3659 5449 per
3685 5380 3796 5433 haec
3819 5380 3919 5434 de-

2328 5474 2633 5527 monstrarit
2661 5472 2853 5527 Paulus
2872 5516 2886 5537 ,
2912 5489 3014 5547 non
3038 5485 3237 5528 tantum
3265 5493 3381 5545 quae
3406 5476 3593 5530 ﬁerent
3623 5477 3786 5544 ipsius
3817 5478 3919 5530 im-

2326 5563 2669 5619 becillitatem
2694 5580 2807 5618 non'
2822 5581 3045 5637 arguere
3063 5610 3076 5633 ,
3103 5568 3195 5621 sed
3224 5570 3449 5639 amplius
3474 5571 3761 5637 potentiam
3790 5586 3915 5625 om-

2327 5658 2481 5711 nibus
2516 5667 2801 5719 ostentare.
2834 5657 2965 5713 Cum
3011 5661 3151 5713 enim
3197 5661 3417 5715 dixisset
3450 5680 3463 5715 :
3495 5661 3659 5714 Datus
3689 5672 3759 5715 est
3786 5664 3914 5715 mihi

2336 5748 2567 5802 stimulus
2590 5754 2774 5817 carnis,
2795 5751 3001 5821 angelus
3022 5763 3230 5815 satauw,
3260 5763 3311 5805 ut
3331 5770 3407 5805 me
3427 5752 3729 5824 colopfnztt;
3750 5766 3803 5807 et
3828 5752 3910 5807 bis
