4196 6316
246 367 317 423 93

245 484 535 554 ἠνάγκασε
569 482 663 537 τὸν
688 481 942 554 μαθητὴν
976 479 1099 534 οὐδὲ
1129 478 1220 532 τὸν
1250 477 1431 546 ὀλίγον
1456 474 1799 547 προσίεσθαι.
1838 473 1949 526 Καὶ

244 573 352 643 γάρ
381 574 482 627 καὶ
511 572 582 626 16
604 571 921 639 ἀναγκαίως
938 571 1069 640 ἡμῖν
1095 565 1473 638 παραδοθέντα
1496 576 1521 604 ιι
1551 565 1673 616 σῖτα
1690 563 1782 615 καὶ
1812 562 1949 614 ποτά

242 661 354 722 τοῖς
378 660 602 730 καιροῖς
623 659 721 712 καὶ
742 660 861 721 ταῖς
882 657 1095 727 χρείαις
1115 653 1203 708 ἀεὶ
1229 654 1445 723 μετρεῖν
1464 650 1562 711 δεῖ,
1583 649 1675 703 καὶ
1699 645 1947 720 μηδαμοῦ

241 746 341 815 τὴν
384 745 587 815 χρείαν
616 744 992 816 ὑπερϐαίνειν,
1019 741 1155 813 μηδὲ
1172 739 1361 805 ἁπλῶς
1388 738 1482 792 καὶ
1508 736 1634 806 εἰκῆ
1661 753 1715 789 τι
1754 735 1948 787 ποιεῖν.

255 831 397 886 Ἀλλ’
431 832 635 904 ἐπειδὴ
661 831 760 903 τὴν
782 830 876 885 τοῦ
911 829 1127 884 Παύλου
1150 825 1483 900 κηδεμονίαν
1511 824 1607 878 καὶ
1631 822 1729 892 τὴν
1750 821 1951 891 ἀρετὴν

240 918 527 991 ἐμάθομεν
550 919 651 992 τὴν
684 918 977 990 Τιμοθέου,
1016 916 1150 989 φέρε
1179 913 1368 969 λοιπὸν
1400 915 1486 967 ἐπ’
1510 911 1682 981 αὐτὴν
1722 909 1820 981 τὴν
1858 908 1950 961 λύ-

244 1025 328 1062 σιν
359 1010 474 1063 τῶν
504 1009 848 1081 ζητημάτων
873 1007 965 1060 τὸν
995 1006 1152 1075 λόγον
1186 1005 1505 1074 ἀγάγωμεν.
1535 1001 1668 1053 Τίνα
1703 994 1796 1057 οῦν
1842 1000 1947 1050 εἱσι

239 1097 306 1151 τὰ
336 1096 700 1169 ζητούμενας
734 1098 1034 1164 ἀναγκαῖον
1063 1094 1172 1164 γὰρ
1219 1092 1383 1147 πάλιν
1426 1092 1602 1143 εἰπεῖν
1647 1089 1734 1142 ῖνα
1780 1102 1949 1155 σαφε-

242 1185 407 1256 στέρα
443 1187 478 1256 ἡ
519 1185 683 1249 λύσις
713 1185 968 1256 γένηται’
992 1182 1137 1247 τίνος
1171 1178 1265 1236 οὖν
1301 1182 1488 1233 ἕνεκεν
1523 1178 1678 1246 ἅγιον
1704 1174 1944 1229 τοιοῦτον

240 1275 330 1327 καὶ
352 1274 609 1327 τοσαῦτα
629 1273 1017 1344 οίκονομοῦντα
1040 1272 1366 1344 πράγματα,
1385 1270 1464 1332 είς
1491 1265 1803 1339 ἀρρωστίαν
1823 1280 1945 1315 συν-

240 1360 527 1433 εχώρησεν
572 1365 599 1416 6
638 1361 771 1425 Θεὸς
807 1363 1089 1432 ἐμπεσεῖν,
1164 1361 1258 1413 καὶ
1294 1356 1418 1411 οὐτε
1452 1356 1633 1418 αὐτὸς,
1669 1352 1841 1405 οὐτεό
1868 1352 1945 1403 δι-

236 1447 509 1513 δάσκαλος
538 1449 730 1520 ἴσχυσε
755 1449 816 1501 τὸ
838 1450 1051 1519 νόσημα
1072 1445 1492 1518 διορθώσασθαι,
1518 1441 1654 1496 ἀλλά
1676 1440 1776 1508 τῆς
1803 1438 1942 1491 κατά

238 1535 331 1605 τὴν
360 1538 685 1590 οίνοποσίαν
708 1536 1009 1607 ἐδεήθησαν
1042 1535 1325 1605 βοηθείας;
1357 1534 1467 1586 Καὶ
1504 1529 1572 1584 τά
1606 1528 1702 1599 μὲν
1742 1526 1939 1595 C11th-

241 1640 375 1692 μενα
409 1624 595 1677 ταῦτα
628 1619 718 1694 ἦν.
746 1625 839 1675 Δεῖ
869 1624 925 1676 δὲ
958 1622 1131 1693 αὐτὴν
1174 1622 1476 1690 ἐπαγαγεῖν
1511 1617 1609 1688 τὴν
1646 1616 1827 1679 λύσιν,
1864 1613 1939 1676 ὡς

241 1708 312 1779 μὴ
340 1710 506 1780 μόνον
544 1711 599 1763 εῐ
618 1728 765 1774 τινες
794 1711 933 1780 νόσῳ
985 1710 1079 1763 καὶ
1111 1708 1397 1781 ἀρρωστίᾳ.
1435 1703 1663 1775 τοιαύτῃ
1709 1701 1929 1770 περιπέ·

240 1813 404 1860 σοιεν,
442 1798 593 1851 ἀλλά
620 1799 716 1852 καὶ
747 1799 800 1852 εί
818 1815 962 1860 τινες
991 1797 1174 1867 πενίᾳ,
1208 1797 1303 1848 καὶ
1334 1793 1478 1864 λιμῷ
1497 1791 1548 1857 δ,
1579 1792 1674 1845 καὶ
1693 1790 1936 1858 δεσμοῖς,

238 1887 331 1938 καὶ
361 1886 648 1955 βασάνοις,
677 1889 773 1941 καὶ
802 1888 1108 1959 ἐπηρείαις,
1127 1886 1222 1939 καὶ
1251 1882 1658 1952 συκοφαντίαις,
1680 1882 1773 1933 καὶ
1802 1880 1935 1931 πᾶσι

236 1977 346 2037 τοῖς
376 1975 525 2028 κατά
583 1976 673 2029 τὸν
716 1976 961 2046 παρόντα
1010 1975 1125 2046 βίον
1160 1975 1376 2039 δεινοῖς,
1404 1971 1551 2039 ἆγιοι
1585 1970 1680 2023 καὶ¹
1707 1968 1933 2039 μεγάλοι

238 2061 329 2113 καὶ
369 2062 709 2133 θαυμαστοὶ,
742 2065 838 2117 καὶ
865 2065 950 2117 ἐπ’
979 2062 1204 2117 ἐκείνων
1228 2062 1337 2114 ἀπὸ
1359 2060 1469 2113 τῶν
1497 2059 1741 2129 σήμερον
1764 2056 1933 2126 ῥηθη-

239 2148 484 2218 σομένων
510 2150 840 2227 ἀκριϐῆρκώ
870 2151 1216 2220 σαφεστάτην
1243 2147 1538 2217 δυνηθῆναι
1560 2144 1814 2215 εὑρέσθαι
1836 2143 1933 2213 τὴν

239 2236 545 2306 ἀπολογίαν
596 2238 736 2310 πρὸς
772 2241 899 2303 τοὺς
938 2239 1191 2307 ἐγκαλεῖν
1230 2234 1621 2305 βουλομένους.
1674 2232 1783 2285 Καὶ
1824 2233 1933 2302 γὰρ

238 2322 513 2391 ἠκούσατε
536 2325 751 2378 πολλῶν
776 2325 1003 2379 τοιαῦτα
1023 2323 1331 2395 ζητούντων
1351 2340 1365 2352 ·
1399 2322 1463 2373 Τί
1487 2321 1687 2391 δήποτε
1722 2321 1751 2370 6
1786 2318 1933 2371 δεῖνα

242 2411 462 2483 μέτριος
491 2412 572 2465 ὢν
608 2413 701 2465 καὶ
741 2413 991 2483 ἐπιεικὴς
1029 2411 1317 2482 ἄνθρωπος
1339 2409 1429 2477 ὐφ’
1466 2408 1654 2478 ἐτέρου
1694 2405 1934 2477 παρανόο

242 2515 341 2567 μου
374 2500 529 2563 τινὸς
581 2501 677 2554 καὶ
714 2500 955 2571 πονηροῦ
994 2498 1119 2553 καθ’
1148 2499 1384 2569 ἑκάστην
1425 2496 1639 2567 ἡμέραν
1666 2496 1746 2557 είς
1780 2494 1933 2546 δικα-

240 2588 462 2657 στήριον
515 2589 759 2652 ἕλκεται,
804 2590 901 2641 καὶ
942 2588 1111 2659 μυρία
1156 2589 1355 2655 πάσχει
1396 2585 1563 2649 δεινὰ,
1612 2584 1707 2637 καὶ
1736 2584 1763 2635 ό
1797 2582 1931 2645 Θεὸς

239 2679 545 2747 συγχωρεῖς
580 2676 724 2739 τίνος
761 2672 855 2730 οῦν
902 2676 1087 2729 ἕνεκεν
1118 2676 1305 2745 ἔτερος
1353 2672 1788 2742 συκοφαντηθεὶς
1824 2672 1930 2723 άπ-

236 2759 423 2815 έθανεν
452 2763 662 2826 ἀδίκως
680 2781 694 2830 ;
712 2764 769 2817 Ὀ
791 2764 936 2817 δεῖνα
960 2762 1380 2833 κατεποντίσθη,
1404 2763 1589 2833 φησὶν,
1616 2760 1775 2823 ἄλλος
1798 2776 1929 2812 κατ-

236 2851 583 2923 εκρημνίσθη
606 2869 620 2881 ·
652 2850 745 2904 καὶ
768 2850 997 2915 πολλοὺς
1026 2850 1092 2903 ἂν
1126 2850 1346 2920 ἔχοιμεν
1381 2850 1569 2918 ἁγίους
1599 2850 1793 2912 εἰπεῖν,
1832 2848 1927 2900 καὶ

237 2936 319 3005 ἐφ’
345 2939 509 3009 ἡμῶν
544 2939 641 2993 καί¹
684 2939 779 2993 ἐπὶ
809 2939 919 2993 τῶν
945 2939 1228 3011 προγόνων
1257 2939 1365 2991 τῶν
1399 2937 1686 3009 ἡμετέρων
1727 2933 1927 2998 πολλὰς

235 3025 677 3097 ὑπομείνανταςε
702 3024 914 3096 θλίψεις
938 3028 1230 3099 διαφόρους
1253 3028 1349 3079 καὶ
1379 3026 1645 3087 ποικίλας.
1692 3025 1812 3077 Ἴνα
1832 3019 1926 3077 οὖν

236 3113 491 3170 ἀπάντων
514 3116 724 3171 τούτων
743 3117 834 3170 τὸν
857 3117 1014 3187 λόγον
1043 3116 1265 3186 ίδωμεν,
1293 3115 1386 3167 καὶ
1423 3116 1559 3185 μήτε
1583 3112 1735 3166 αὐτοὶ
1768 3111 1926 3181 θορυ-

237 3201 480 3273 ϐώμεθα,
539 3206 680 3276 μήτε
727 3205 948 3275 ἐτέρους
994 3202 1517 3273 σκανδαλιζομένους
1558 3201 1921 3271 περιορῶμεν,

239 3292 351 3359 μετ’
395 3292 692 3363 ἀκριϐείας
723 3293 942 3363 ἁπάσης
975 3295 1089 3355 τοῖς
1121 3290 1482 3363 λεχθήσεσθαι
1528 3289 1780 3360 μέλλουσι
1826 3288 1922 3342 νῦν

236 3378 619 3449 προσέχωμεν.

302 3462 376 3529 ςύ
408 3466 525 3536 Τῆς
579 3466 689 3537 γὰρ
721 3466 828 3519 τῶν
859 3468 1031 3536 ἁγίων
1085 3465 1385 3529 κακώσεως
1407 3465 1508 3537 τῆς
1540 3463 1792 3533 ποικίλης
1826 3461 1922 3515 καὶ

232 3556 585 3626 παντοδαπῆς
615 3556 762 3610 ὀκτὼ
771 3557 861 3611 τὸν
873 3557 1106 3629 ἀριθμὸν
1129 3556 1307 3619 αίτίας
1328 3555 1437 3626 έχω
1466 3554 1599 3626 πρὸς
1616 3554 1715 3626 τὴν
1727 3554 1756 3605 ὑ
1764 3551 1922 3623 μετέ-

236 3662 329 3715 ραν
353 3645 580 3716 ἀγάπην
603 3648 796 3700 εἰπεῖν.
816 3646 907 3698 Διὸ
926 3646 1235 3700 συντείνατέ
1260 3663 1349 3715 μοι
1371 3646 1597 3706 ἐαυτούς
1619 3641 1755 3713 μετά
1772 3642 1903 3711 ἀκρι

233 3732 377 3797 ϐείας
402 3734 683 3797 ἅπαντες,
715 3734 918 3797 εἰδότες
960 3734 1036 3797 ὡς
1082 3733 1307 3802 οὐδεμία
1354 3731 1540 3785 λοιπὸν
1581 3730 1733 3781 ἐσται
1786 3730 1919 3799 ἡμῖν

234 3821 531 3893 συγγνώμη
562 3822 657 3874 καὶ
682 3822 947 3889 ἀπολογία
977 3820 1489 3891 σκανδαλιζομένοις
1519 3820 1610 3872 ἐπὶ
1632 3822 1745 3881 τοῖς
1778 3835 1916 3887 συμ-

233 3906 532 3971 ϐαίνουσιν,
564 3909 620 3960 εῐ
641 3926 707 3977 γε
735 3910 1007 3962 τοσούτων
1037 3909 1364 3979 προφάσεων
1401 3907 1598 3973 οὐσῶν,
1628 3907 1704 3969 ὡς
1737 3906 1917 3977 μηδε-

234 3997 355 4063 μιᾶς
397 3994 570 4065 οὐσης
617 3996 759 4049 οὐτω
806 3996 1093 4067 μέλλοιμεν
1144 3980 1487 4068 θορυϐεῖσθαι
1526 3994 1622 4048 καὶ
1648 3993 1913 4065 ταράττε-

234 4079 371 4135 σθαι.
403 4082 609 4154 Πρώτη
648 4083 747 4154 μὲν
779 4078 871 4136 οῦν
892 4083 943 4149 ἀ,
993 4083 1082 4137 διὰ
1113 4084 1171 4137 τὸ
1206 4082 1280 4154 μὴ
1319 4083 1529 4154 ταχέως
1554 4082 1805 4153 αἴρεσθαι
1834 4082 1914 4144 είς

230 4167 487 4222 ἀπόνοιαν
509 4168 588 4239 τῷ
633 4170 854 4240 μεγέθει
884 4170 993 4225 τῶν
1022 4170 1464 4244 κατορθωμάτων
1514 4170 1609 4222 καὶ
1647 4169 1755 4221 τῶν
1783 4168 1913 4221 θαυ-

232 4254 435 4325 μάτων,
471 4257 698 4327 ἀφίησιν
737 4258 935 4322 αὐτοὺς
968 4261 995 4312 ό
1021 4258 1154 4321 Θεὸς
1183 4258 1505 4311 κακοῦσθαι.
1535 4257 1795 4327 Δευτέρα,
1825 4256 1911 4308 ἵνα

231 4344 302 4413 μὴ
330 4345 556 4414 μείζονα
575 4347 675 4415 τῆς
696 4345 1045 4416 ἀνθρωπίνης
1064 4346 1278 4415 φύσεως
1294 4346 1423 4417 περὶ
1446 4344 1626 4397 αὐτῶν
1653 4346 1910 4399 ὑπόνοιαν

229 4430 418 4500 ἔχωσιν
443 4431 647 4502 1έτεροι,
678 4433 772 4485 καὶ
801 4431 976 4497 θεοὺς,
999 4433 1114 4485 ἀλλ’
1141 4434 1241 4485 οὐκ
1264 4431 1587 4503 ἀνθρώπους
1614 4433 1909 4502 νομίσωσιν

229 4517 420 4579 αὐτοὺς
454 4514 617 4571 εἷναι.
642 4517 834 4590 Τρίτη,
860 4518 946 4573 ἵνα
970 4521 1002 4590 ὴ
1023 4517 1117 4571 τοῦ
1139 4517 1273 4571 Θεοῦ
1293 4520 1553 4589 φαίνηται
1578 4518 1807 4589 δύναμις
1820 4519 1908 4572 διά

228 4603 329 4657 τῶν
354 4604 789 4670 ἐξασθενούντων
815 4607 909 4659 κα)⁸
929 4607 1017 4660 διά
1048 4605 1157 4660 τῶν
1199 4606 1585 4677 ὃεσμουμένων
1630 4607 1908 4677 κρατοῦσα

230 4690 318 4744 καὶ
334 4693 750 4764 περιγινομένη,
768 4693 939 4747 καὶτὸ
953 4695 1215 4764 κήρυγμα
1236 4693 1495 4761 αὔξουσα.
1525 4697 1796 4767 Τετάρτη,
1821 4698 1905 4750 ἵνα

229 4776 401 4830 αὐτῶν
434 4779 662 4833 ἐκείνων
682 4782 715 4850 ἡ
746 4780 991 4851 ὑπομονὴ
1028 4786 1383 4853 φανερωτέρα
1417 4783 1665 4854 γένηται,
1686 4785 1788 4837 οὐκ
1812 4786 1904 4838 ἐπὶ⁵

232 4865 401 4936 μισθῷ
433 4866 513 4937 τῷ
562 4867 681 4937 Θεῷ
718 4860 1112 4933 δουλευόντων,
1166 4870 1303 4925 ἀλλά
1345 4874 1439 4925 καὶ
1472 4873 1741 4945 τοσαύτην
1780 4877 1903 4929 ἐπι-

227 4951 586 5025 δεικνυμένων
599 4956 1041 5027 εὐγνωμοσύνην,
1058 4957 1133 5021 ώς
1151 4959 1244 5010 καὶ
1259 4957 1398 5028 μετά
1411 4958 1493 5031 [9]
1506 4961 1744 5015 τοσαῦτα
1760 4966 1903 5018 κακὰ

226 5040 316 5109 τὴν
335 5042 604 5114 ἀκεραίαν
626 5044 752 5114 περὶ
772 5045 934 5097 αὐτὸν
960 5045 1365 5099 ἐπιδείκνυσθαι
1388 5047 1621 5103 εὐνοιαν.
1644 5050 1900 5124 Πέμπτη,

225 5125 304 5212 im
330 5130 457 5200 περὶ
481 5130 832 5195 ἀναστάσεως
854 5132 1232 5204 φιλοσοφῶμεν
1254 5151 1267 5164 ·
1302 5136 1430 5187 ὅταν
1454 5136 1563 5208 γάρ
1593 5137 1708 5211 ἴδῃς
1730 5140 1902 5212 ἀνδρα

224 5210 419 5267 δίκαιον
436 5217 530 5269 καὶ
552 5217 756 5287 πολλῆς
778 5220 1019 5290 γέμοντα
1034 5214 1249 5293 ’ἀρετῆς
1275 5224 1446 5295 μυρία
1469 5226 1709 5278 παθόντα
1729 5210 1897 5292 δεινὰ,

224 5303 311 5355 καὶ
335 5302 511 5369 οὐτως
550 5305 858 5359 ἀπελθόντα
888 5308 1161 5372 ἐντεῦθεν,
1196 5312 1291 5363 καὶ
1322 5311 1471 5365 ἄκων
1503 5314 1899 5389 ἀναγκασθήσῃ

225 5389 434 5454 πάντως
465 5393 719 5461 ἐννοῆσαί
744 5411 799 5446 τι
831 5396 961 5466 περὶ
991 5396 1094 5465 τῆς
1121 5399 1238 5451 ἐκεῖ
1269 5400 1526 5470 κρίσεως.
1566 5402 1627 5453 ΕΣ
1660 5404 1767 5472 γὰρ
1804 5404 1899 5457 άν-

224 5473 421 5543 θρωποι
450 5479 576 5540 τούς
608 5479 750 5550 ὑπὲρ
781 5481 962 5533 αὐτῶν
994 5483 1305 5551 κάμνοντας
1328 5487 1429 5537 οὐκ
1459 5488 1692 5555 ἀφιᾶσιθ
1728 5493 1897 5562 χωρὶς

278 5578 303 5650 ξ
329 5578 480 5650 ξανὶί.
511 5586 563 5650 ei:
585 5582 779 5643 aliquot.
803 5597 917 5633 mss.
944 5587 1073 5650 παρὰ
1094 5584 1180 5634 τοῦ
1205 5586 1331 5635 Θεοῦ
1356 5590 1564 5637 δοθέντα.
1844 5580 1845 5583 Ἴ

276 5636 413 5715 [Sic
435 5644 583 5691 Savil.
610 5636 859 5715 e'l'omqes
888 5636 1027 5715 pepe'
1059 5650 1386 5715 mss._M0r_el.
1432 5636 1513 5697 καὶ
1542 5636 1722 5715 λοιμῷ.
1766 5656 1895 5708 Infra

222 5702 404 5810 ῐῖξίάαω
430 5705 734 5766 σαφεστάτην
777 5702 1009 5765 δυνηθεῖεν
1041 5712 1273 5774 εὑρέσθαι.
1314 5713 1469 5761 l’aulc
1494 5722 1603 5774 post

222 5775 243 5810 ι
266 5774 359 5810 mm
382 5766 463 5810 καὶ
482 5767 572 5810 γὰο
594 5767 777 5810 ἀκούω-

221 5774 359 5824 aliqui
382 5774 463 5833 καί
482 5774 572 5827 γαρ
594 5774 777 5816 ἀκούω.

275 5824 298 5900 ξ
321 5825 659 5900 ᾼίιςηοιχηςε.
692 5832 873 5900 πολλὰς
897 5833 1211 5900 ὑποστάντας.

276 5884 301 5969 ξ
326 5884 637 5969 ,Ἢξπρῶτον
653 5884 1018 5969 ’μέν,ςοι’νιῐιει·α
1043 5884 1277 5969 δεύτερον,
1297 5904 1370 5969 _et_
1402 5911 1773 5966 consequenter
1795 5907 1895 5969 τρί-

223 5954 576 6021 τοξηῖὲταρτον,
604 5954 839 6021 πέμπτον,
858 5956 1018 6021 ἕκτον,
1044 5954 1477 6021 ἕϐδομονξόγδσον.

276 6012 296 6037 ε
324 6007 490 6058 Μοτρὶ.
516 6013 605 6061 οὐκ
632 6007 837 6078 ἀφιεῖσι,
855 6007 1118 6071 5ωἱί.ὀύκ
1140 6007 1323 6084 ἀφιᾶσι.

1301 360 1392 415 AD
1434 357 1765 416 POPULUM
1806 349 2310 411 ANTIOCHENUM
2344 346 2581 403 HOMIL.
2629 346 2669 401 1.

3677 344 3754 401 τι

2059 467 2268 539 μισθῶν
2297 466 2391 520 καὶ
2415 464 2652 536 ἀμοιϐῆς
2683 462 2959 528 ἀπελθεῖν,
2986 459 3166 533 πολλῷ
3192 459 3393 532 μᾶλλον
3414 460 3443 514 6
3464 460 3597 524 Θεὸς
3620 463 3750 526 τοῦς

2054 555 2301 609 τοσαῦτα
2335 553 2718 622 πεπονηκότας
2744 550 2843 603 οὐκ
2874 550 2941 604 ἂν
2972 549 3147 602 ’έλοιτό
3173 566 3303 602 ποτε
3332 548 3754 617 ἀστεφανώτους

2056 642 2275 710 ἀφεῖναι
2294 658 2307 674 ·
2342 644 2392 695 εί
2414 640 2471 694 δὲ
2495 642 2597 693 οὐκ
2623 639 2690 692 ἂν
2722 638 2895 691 ἕλοιτο
2920 636 3018 706 τῆς
3048 636 3159 689 τῶν
3194 636 3373 689 πόνων
3393 635 3575 689 αὐτῶν
3590 636 3753 706 ἀμοι·

2057 731 2160 801 ϐῆς
2181 732 2380 795 αὐτοὺς
2407 728 2784 799 ἀποστερῆσαί
2808 743 2960 789 ποτε,
2983 720 3198 795 ἀνάγκη
3232 723 3424 795 καιρὸν
3453 718 3595 777 εἶναί
3623 740 3761 777 τιναρ

2057 818 2197 887 με.τά
2218 817 2237 855 ί
2274 819 2374 888 τὴν
2400 815 2653 870 ἐντεῦθεν
2685 814 2966 886 τελευτὴν,
2991 814 3112 867 καθ’
3144 812 3203 866 ὃν
3237 811 3609 883 ἀπολήψονται
3648 810 3750 875 τὰς

2052 904 2288 974 ἀμοιϐὰς
2308 902 2417 956 τῶν
2439 901 2693 955 ἐντεῦθεν
2725 900 2926 956 πόνων.
2970 901 3170 971 Ἔκτη,
3199 899 3291 953 ἵνα
3318 900 3521 963 πάντες
3552 900 3603 951 οί
3646 914 3748 950 πε-

2054 991 2409 1063 ριπίπτοντες
2444 993 2562 1054 τοῖς
2590 990 2787 1053 δεινοῖς
2822 989 3015 1061 ἱκανὴν
3056 988 3222 1059 ἔχωσι
3265 986 3618 1060 παράκλησιν
3651 984 3748 1041 καὶ

2051 1079 2440 1150 παραμυθίαν,
2464 1069 2546 1143 εἰς
2584 1078 2833 1140 ἐκείνους
2867 1076 3211 1148 ἀφορῶντες,
3253 1078 3349 1130 καὶ
3392 1075 3505 1129 τῶν
3540 1074 3747 1146 συμϐε-

2050 1167 2296 1239 ϐηκότων
2330 1168 2513 1231 αὐτοῖς
2547 1152 2889 1237 μεμνημένοι
2924 1165 3132 1220 κακῶν.
3190 1160 3449 1234 Ἑϐδόμη,
3502 1163 3589 1219 ἵνα
3614 1164 3746 1216 ὅταν

2048 1253 2456 1325 παρακαλῶμεν
2489 1256 2635 1324 ὑμᾶς
2664 1254 2800 1327 πρὸς
2826 1253 2925 1324 τὴν
2956 1253 3180 1307 ἐκείνων
3216 1250 3439 1321 ἀρετὴν,
3481 1251 3578 1304 καὶ
3606 1250 3746 1320 πρὸς

2047 1342 2278 1395 ’ἑκαστον
2318 1343 2473 1413 ὑμῶν
2506 1342 2779 1412 λέγωμεν,
2827 1342 2909 1399 ὅτι
2954 1340 3187 1411 μίμησαι
3232 1339 3466 1404 Παῦλον,
3516 1338 3613 1392 καὶ
3644 1338 3745 1408 ζή-

2047 1429 2219 1483 λωσον
2249 1431 2278 1471 ⁸
2304 1430 2532 1500 Πέτρον,
2588 1430 2662 1499 μὴ
2708 1414 3023 1499 νομίζοντες
3054 1428 3143 1481 διὰ
3184 1427 3283 1498 τὴν
3318 1427 3428 1479 τῶν
3458 1427 3743 1497 κατορθω-

2049 1516 2234 1586 μάτων
2262 1516 2567 1588 ὐπερϐολὴν
2596 1518 2790 1586 ἐτέρας
2828 1518 3030 1579 αὐτοὺς
3074 1515 3471 1587 μετεσχηκέναι
3502 1514 3740 1583 φύσεως,

2045 1605 2391 1674 ἁποκνήσητε
2427 1604 2562 1672 πρὸς
2590 1605 2689 1674 τὴν
2717 1605 2971 1675 μίμησιν.
3016 1603 3231 1673 Ὀγδόη,
3262 1602 3350 1654 ἴνα
3375 1604 3505 1655 ὅταν
3524 1602 3618 1673 δέῃ
3646 1618 3744 1670 μα-

2043 1691 2293 1762 καρίζειν
2324 1694 2419 1745 καὶ
2450 1692 2781 1754 ταλανίζειν,
2819 1691 3081 1761 μάθωμεν
3111 1690 3268 1752 τίνας
3296 1690 3396 1758 μὲν
3428 1690 3535 1760 χρὴ
3570 1706 3743 1758 μακα·

2045 1779 2193 1849 ρίους
2225 1779 2478 1851 ἡγεῖσθαι
2498 1820 2513 1843 ,
2544 1779 2695 1841 τίνας
2732 1779 2787 1831 δὲ
2813 1780 3031 1841 ἀθλίους
3067 1780 3160 1831 καὶ
3190 1777 3594 1848 ταλαιπώρους.
3629 1776 3741 1829 Καὶ

2040 1867 2095 1916 αί
2129 1865 2229 1935 μὲν
2262 1866 2433 1919 αἰτίαι
2482 1860 2646 1920 αὗται
2668 1882 2681 1895 ’
2712 1867 2793 1919 δεῖ
2822 1866 2879 1919 δὲ
2912 1864 3083 1929 αὐτὰς
3118 1865 3226 1918 ἀπὸ
3252 1864 3360 1917 τῶν
3384 1863 3622 1935 Γραφῶν
3648 1882 3740 1916 πι-

2042 1951 2354 2006 στώσασθαι
2399 1956 2601 2018 πάσας,
2636 1954 2733 2007 καὶ
2778 1954 2949 2020 δεῖξαι
3002 1954 3139 2024 μετὰ
3176 1952 3485 2025 ἀκριϐείας,
3525 1952 3599 2016 ὼς
3636 1954 3739 2006 οὐκ

2040 2040 2400 2111 ἀνθρωπίνων
2434 2040 2709 2110 λογισμῶν
2744 2041 2981 2103 ἐπίνοια,
3016 2040 3153 2115 ἀλλὰ
3187 2040 3294 2093 τῶν
3324 2039 3559 2111 Γραφῶν
3589 2043 3738 2093 ἐστιν

2037 2128 2313 2197 ἀπόφασις
2346 2128 2414 2181 τά
2442 2128 2711 2200 εἰρημένα.
2745 2128 2983 2182 ἅπαντα.
3022 2127 3182 2181 Οὐτω
3212 2127 3323 2199 γὰρ
3358 2128 3453 2180 καὶ
3500 2129 3529 2180 ό
3577 2128 3738 2195 λόγος
3796 2140 3801 2145 ·

2036 2218 2171 2286 ἡμῖν
2228 2216 2669 2287 ἀξιοπιστότερος
2715 2214 2898 2281 ἔσται,
2944 2215 3039 2268 καὶ
3100 2214 3303 2285 μᾶλλον
3356 2214 3734 2283 ἐγκαθεδεῖται

2036 2305 2155 2366 ταῖς
2195 2302 2495 2374 ὑμετέραις
2519 2304 2741 2374 ψυχαῖς.
2772 2304 2895 2356 Ὀτι
2938 2303 3035 2373 μὲν
3064 2299 3157 2355 οῦν
3192 2304 3273 2365 είς
3315 2301 3376 2355 τὸ
3415 2302 3734 2373 μετριάζειν

2036 2392 2132 2444 καὶ
2188 2394 2672 2461 ταπεινοφρονεῖν,
2711 2390 2806 2443 καὶ
2844 2390 2907 2443 τὸ
2941 2391 3017 2461 μὴ
3057 2389 3333 2459 φυσᾶσθαι
3380 2390 3446 2442 ἐκ
3490 2389 3600 2443 τῶν
3636 2408 3734 2461 ση-

2038 2479 2207 2548 μείων
2232 2480 2326 2532 καὶ
2363 2478 2475 2531 τῶν
2505 2478 2971 2549 κατορθωμάτων,
3000 2477 3369 2549 συμϐάλλεται
3405 2480 3518 2541 τοῖς
3553 2477 3729 2548 ἁγίοις

2035 2566 2067 2636 ὴ
2101 2566 2367 2631 κάκωσις,
2391 2560 2487 2619 καὶ
2517 2565 2606 2619 διά
2634 2564 2792 2618 τοῦτο
2820 2564 3199 2635 συνεχώρησεν
3222 2564 3393 2636 αὐτὴν
3418 2568 3448 2618 ό
3474 2566 3607 2631 Θεὸς
3634 2583 3729 2635 γε·

2033 2653 2241 2717 νέσθαι,
2268 2656 2363 2708 καὶ
2390 2654 2484 2707 τοῦ
2503 2655 2786 2725 προφήτου
2814 2652 2997 2718 Δαυῗδ,
3020 2653 3228 2708 καὶτοῦ
3252 2655 3467 2708 Παύλου
3496 2655 3565 2708 τὰ
3588 2656 3729 2711 αὐτά

2030 2741 2299 2811 λεγόντων
2320 2744 2670 2814 ἀκούσωμεν.
2701 2744 2943 2805 Ἐκεῖνος
2976 2744 3075 2815 μὲν
3098 2745 3206 2817 γάρ
3239 2762 3406 2814 φησιν
3425 2762 3438 2775 '
3479 2746 3732 2816 Ἀταθόν

2024 2848 2128 2899 μοι
2150 2871 2165 2892 ,
2193 2829 2402 2898 Κύριε,
2440 2831 2529 2884 ὅτι
2566 2830 2980 2897 ἐταπείνωσὰς
3009 2849 3089 2900 με
3108 2872 3121 2895 ,
3155 2832 3319 2897 ὅπως
3355 2833 3433 2887 ἂν
3456 2833 3626 2903 μάθω
3654 2835 3728 2889 τὰ

2028 2917 2391 2988 δικαιώματά
2421 2934 2567 2972 aov'
2606 2912 2760 2981 οὗτος
2800 2918 2857 2971 δὲ
2902 2917 3095 2984 εἰπὼν,
3146 2920 3228 2972 ὅτι
3282 2920 3592 2990 Ἠρπὰγνην
3637 2924 3728 2989 είς

2028 3008 2231 3076 τρίτον
2260 3006 2545 3073 οὐρανόν,
2573 3004 2670 3059 καί
2692 3008 2781 3069 εἰς
2813 3004 2922 3059 τόν
2950 3005 3320 3075 παράδεισον
3345 3007 3724 3077 ἀπηνέχθην,

2028 3095 2279 3165 ἐπήγαγε
2312 3092 2510 3161 λέγων,
2538 3092 2648 3145 Καὶ
2676 3090 2753 3160 τῇ
2790 3091 3099 3161 ὑπερϐολῇ
3124 3092 3243 3145 τῶν
3274 3094 3726 3163 ἀποκαλύψεων

2027 3179 2129 3233 ἵνα
2176 3178 2263 3247 μὴ
2314 3180 2742 3246 ὑπεραίρωμαι,
2778 3179 2955 3246 ἐδόθη
2982 3196 3085 3247 μοι
3132 3179 3383 3249 σκόλοψ
3411 3180 3487 3249 τῇ
3516 3182 3713 3252 σαρκὶ,

2026 3264 2284 3335 ἅγγελος
2330 3263 2529 3319 σατᾶν
2557 3266 2657 3317 ἵνα
2681 3282 2758 3334 με
2788 3264 3099 3334 κολαφίζῃ.
3127 3266 3192 3319 Τί
3220 3266 3412 3319 τούτου
3451 3269 3722 3337 σαφέστε-

2028 3370 2156 3423 ρον;
2182 3352 2301 3406 Ἶνα
2329 3352 2405 3424 μὴ
2441 3352 2849 3422 ὑπεραίρωμαι,
2886 3354 3041 3423 φησὶ,
3068 3354 3157 3408 διὰ
3198 3354 3358 3407 τοῦτο
3409 3356 3722 3429 συνεχώρη-

2025 3442 2181 3494 σενό
2208 3440 2342 3503 Θεὸς
2368 3442 2493 3503 τοὺς
2518 3441 2783 3509 ἀγγέλους
2808 3440 2903 3494 τοῦ
2927 3444 3137 3495 σατανᾶ
3160 3444 3474 3512 κολαφίζειν
3497 3463 3567 3515 με
3587 3464 3599 3475 ·
3622 3447 3721 3515 ἀγ-

2022 3528 2214 3597 γέλους
2255 3530 2313 3582 δὲ
2350 3528 2443 3581 τοῦ
2487 3531 2698 3582 σατανᾶ
2732 3530 2857 3599 οὐχὶ
2889 3530 3152 3601 δαίμονας
3186 3532 3335 3599 λέγει
3367 3532 3541 3598 τινὰς,
3582 3534 3721 3589 ἀλλά

2022 3618 2345 3689 ἀνθρώπους
2377 3622 2506 3681 τοὺς
2544 3619 3027 3690 ὑπηρετουμένους
3054 3620 3132 3690 τῷ
3155 3621 3408 3693 διαϐόλῳ,
3436 3624 3563 3686 τοὺς
3584 3624 3717 3676 ἀπί-

2023 3724 2180 3770 στους
2198 3749 2214 3773 ,
2242 3708 2369 3770 τοὺς
2399 3708 2702 3778 τυράννους
2724 3747 2737 3771 ,
2770 3710 2901 3772 τοὺς
2930 3709 3235 3779 Ἕλληνας,
3262 3711 3312 3763 οἳ
3352 3712 3593 3783 συνεχῶς
3616 3713 3710 3765 αὐ-

2018 3795 2111 3848 τὸν
2143 3795 2379 3858 ἐθλιϐον,
2412 3795 2509 3848 καὶ
2540 3796 2783 3867 συνεχῶς
2810 3798 3043 3868 ἤλαυνον
3064 3815 3076 3828 ⁸
3108 3799 3135 3851 ὃ
3168 3799 3225 3852 δὲ
3251 3799 3433 3869 λέγει,
3472 3801 3715 3855 τοιοῦτόν

2020 3885 2167 3937 ἐστιν
2192 3902 2205 3915 ·
2230 3883 2483 3953 ἠδύνατο,
2501 3886 2687 3955 φησὶν,
2705 3886 2733 3935 6
2755 3884 2886 3947 Θεὸς
2910 3887 3259 3941 καταστεῖλαι
3274 3891 3402 3951 τοὺς
3417 3888 3711 3959 διωγμοὺς,

2020 3973 2115 4025 καὶ
2146 3972 2248 4034 τάς
2278 3972 2487 4040 θλίψεις
2531 3973 2630 4035 τὰς
2678 3972 3045 4043 ἐπαλλήλους·
3085 3974 3199 4027 ἀλλ’
3232 3976 3419 4046 ἐπειδὴ
3453 3978 3714 4047 ήρπάγην

2020 4060 2099 4121 εἰς
2120 4059 2300 4129 τρίτον
2325 4058 2555 4131 οὐρανὸν
2581 4059 2675 4111 καὶ
2693 4059 3007 4130 ἀπηνέχθην
3033 4062 3112 4124 είς
3136 4060 3227 4114 τὸν
3253 4062 3601 4133 παράδεισον,
3625 4066 3712 4117 ἵνα

2021 4149 2095 4217 μὴ
2124 4149 2189 4218 τῇ
2235 4146 2511 4217 ὑπερϐολῇ
2554 4146 2666 4199 τῶν
2688 4148 3085 4216 ἀποκαλύψεων
3116 4149 3321 4203 τούτων
3358 4152 3586 4223 ὲπαρθῶ
3618 4156 3713 4207 καὶ
3776 4197 3780 4201 .

2020 4236 2163 4305 μέγα
2198 4237 2473 4305 φρονήσω,
2503 4233 2851 4305 συνεχώρησε
2877 4236 3003 4299 τοὺς
3032 4237 3304 4308 διωγμοὺς
3327 4239 3582 4304 τούτους,
3615 4244 3710 4295 καὶ

2013 4325 2139 4386 τοὺς
2168 4323 2433 4391 ἀγγέλους
2456 4322 2552 4376 τοῦ
2589 4325 2799 4377 σατανᾶ
2827 4325 3006 4395 ἀφῆκε
3042 4327 3356 4396 κολαφίζειν
3392 4348 3459 4400 με
3490 4331 3576 4383 διά
3598 4332 3709 4384 τῶν

2012 4412 2270 4483 διωγμῶν
2297 4413 2526 4467 καὶτῶν
2560 4414 2813 4483 θλίψεων,
2844 4416 2929 4468 ἵνα
2957 4418 3031 4487 μὴ
3068 4419 3477 4491 ὑπεραίρωμαι.
3508 4423 3571 4475 El
3599 4423 3709 4494 γὰρ

2012 4500 2107 4552 καὶ
2130 4500 2274 4567 ἂγιοι
2304 4502 2398 4553 καὶ
2422 4500 2729 4571 θαυμαστοὶ
2754 4505 2800 4555 οί
2836 4505 2964 4573 περὶ
2990 4505 3202 4559 Παῦλον
3234 4508 3329 4561 καὶ
3356 4509 3583 4580 Πέτρον,
3613 4514 3707 4565 καὶ

2012 4587 2215 4650 πάντες
2250 4588 2363 4641 ὅσοι
2392 4588 2646 4653 τοιοῦτοι,
2679 4590 2868 4660 ῶσπερ
2898 4588 2990 4644 οὖν
3024 4595 3117 4645 καὶ
3147 4595 3283 4646 είσὶν
3302 4637 3315 4657 ,
3342 4596 3457 4649 ἁλλ’
3486 4596 3703 4669 ἀνθρω-

2011 4676 2103 4727 ποί
2130 4677 2235 4728 είσι
2260 4716 2275 4741 ,
2304 4677 2399 4728 καὶ
2420 4676 2631 4729 δέονται
2656 4677 2858 4747 πολλῆς
2878 4696 2943 4747 γε
2964 4681 3062 4750 τῆς
3086 4681 3408 4750 ἀσφαλείας,
3441 4686 3522 4747 είς
3541 4686 3602 4738 τὸ
3629 4687 3705 4758 μὴ

2014 4760 2213 4830 ῥαδίως
2242 4760 2601 4832 ἐπαίρεσθαι·
2645 4764 2741 4816 καὶ
2778 4766 3014 4834 μάλιστα
3050 4766 3166 4839 [10]
3201 4770 3421 4823 πάντων
3454 4774 3502 4825 οί
3533 4772 3699 4841 ἅγιοι.

2008 4846 2177 4900 Οὐδὲν
2207 4848 2317 4920 γάρ
2346 4848 2521 4911 οὑτως
2550 4851 2629 4913 είς
2665 4851 2926 4907 ἀπόνοιαν
2967 4854 3144 4925 αἴρειν
3171 4857 3382 4925 εἴωθεν,
3414 4859 3490 4923 ὡς
3528 4877 3703 4914 συνει-

2005 4934 2091 4998 δὸς
2128 4936 2299 5005 γέμον
2354 4936 2834 5007 κατορθωμάτων,
2869 4940 2965 4994 καὶ
3005 4942 3152 5013 ψυχὴ
3196 4944 3335 5013 μετά
3386 4950 3702 5019 παρρησίας

2006 5020 2303 5084 ζῶσα.”1να
2334 5020 2426 5076 οὖν
2443 5025 2606 5093 μηδὲν
2626 5026 2867 5081 τοιοῦτον
2888 5032 3170 5100 πάσχωσιν
3187 5035 3408 5098 ἐκεῖνοι,
3431 5039 3559 5097 τοὺς
3577 5054 3701 5091 πει-

2008 5112 2252 5179 ρασμούς
2292 5113 2383 5163 καὶ
2410 5113 2509 5175 τὰς
2535 5112 2745 5183 θλίψεις
2774 5117 3153 5189 συνεχώρησεν
3186 5118 3355 5186 εἶναι,
3380 5124 3697 5194 δυναμένας

2004 5198 2201 5260 αὐτοὺς
2229 5201 2613 5253 καταστέλλειν
2644 5204 2738 5256 καὶ
2766 5204 2976 5258 πείθειν
3010 5208 3326 5279 μετριάζειν
3370 5214 3427 5263 ἐν
3474 5214 3697 5267 ἅπασιν.

2073 5284 2139 5348 ζ’.
2180 5288 2374 5341 Ὅτιδὲ
2398 5288 2593 5349 καὶείς
2614 5290 2677 5343 τὸ
2697 5292 2972 5362 δειχθῆναι
2989 5296 3082 5347 τοῦ
3121 5297 3258 5349 Θεοῦ
3298 5298 3401 5370 τὴν
3441 5302 3593 5371 ίσχύν
3629 5302 3698 5356 16

2005 5373 2218 5442 μεγάλα
2256 5375 2413 5435 τοῦτο
2459 5376 2593 5428 αὐτὸ
2638 5380 2903 5443 συντελεῖ,
2944 5382 3037 5434 καὶ
3081 5384 3241 5437 τοῦτο
3271 5385 3505 5440 ἄκουσον
3545 5392 3697 5460 παρά

1999 5458 2095 5511 τοῦ
2119 5459 2283 5512 αὐτοῦ
2308 5462 2633 5525 ἀποστόλου,
2650 5464 2809 5517 τοῦτο
2833 5469 3098 5540 πρότερον
3126 5472 3433 5541 εἰρηκότος.
3453 5476 3567 5528 Ἴνα
3585 5458 3695 5549 γάρ

2005 5548 2079 5617 μὴ
2114 5548 2300 5620 λέγῃς,
2333 5550 2359 5601 ό
2383 5568 2435 5601 τι
2462 5552 2510 5603 οἱ
2540 5551 2757 5605 ἄπιστοι
2784 5557 3087 5624 νομίζουσι,
3116 5558 3208 5611 τὸν
3233 5560 3367 5614 Θεὸν
3399 5562 3489 5615 τὸν
3519 5548 3693 5620 ταυτα

2002 5637 2388 5705 συγχωροῦντα
2416 5638 2616 5709 ἀσθενῆ
2654 5658 2774 5693 τινα
2799 5638 2960 5707 εἶναι,
2983 5646 3078 5697 καὶ
3098 5648 3174 5718 μὴ
3206 5648 3507 5720 δυνάμενον
3531 5655 3690 5725 ἐξαρ-

1999 5726 2168 5778 πάσαι
2191 5726 2302 5779 τῶν
2336 5728 2595 5780 κινδύνων
2620 5733 2745 5793 τοὺς
2772 5733 2989 5797 ἑαυτοῦ,
3022 5740 3330 5809 συγχωρεῖν
3355 5741 3557 5807 αὐτοὺς
3591 5762 3693 5797 κα·-

1998 5815 2227 5869 κοῦσθαι
2264 5817 2521 5886 συνεχῶς.
2573 5822 2681 5874 Καὶ
2729 5822 2889 5875 τοῦτο
2936 5824 3147 5891 σκόπει,
3201 5828 3319 5891 πῶς
3370 5829 3457 5882 διὰ
3485 5832 3687 5887 τούτων

2063 5971 2087 6045 ξ
2112 5972 2341 6045 ἣσξςίῐᾘςι
2362 5974 2443 6021 alii
2468 5975 2662 6045 ἀποστ,
2687 5977 2875 6045 πάντως
2896 5979 3011 6027 ἀν...
3040 5980 3156 6029 εἶναι
3182 5982 3339 6045 ἕτερον
3363 6002 3415 6045 μ.

2064 6038 2087 6075 ε
2113 6035 2209 6082 Alii
2236 6037 2449 6092 ζήλωσον
2477 6036 2686 6097 Παῦλον,
2707 6042 2785 6086 καὶ
2812 6043 3044 6097 ξήλωσον.
