4196 6316
169 5971 424 6039 [Ἢ

466 364 583 448 ἐει

505 505 794 580 ἀπέδειξεν
841 505 872 557 6
915 499 1145 565 Παῦλος,
1192 496 1441 584 δεικνὺς,
1476 493 1663 584 ότιμού
1692 486 2182 584 *μόνων-ἀσθένειαν

505 592 678 648 αὑτοῦ
696 573 759 646 οὐ
772 586 1064 662 κατηγορέἶ
1075 585 1146 641 τά
1164 581 1444 656 γινόμενα,
1466 579 1602 636 ἀλλά
1621 580 1717 634 καὶ
1735 575 1995 662 μειζόνως
2013 573 2182 662 αὐτοῦ

472 677 477 681 ’
505 679 612 750 τήν
646 678 875 748 δύναμιν
898 657 1270 729 ἐπιδείκνυται
1297 673 1490 725 πᾶσινο
1516 667 1685 723 εἰπὼν
1703 666 1832 738 γὰρ,
1852 665 1934 718 δτι
1973 657 2181 750 Ἐδόθη

501 749 611 834 μοι
641 763 885 832 σκόλοψ
909 758 984 830 τῇ
1008 759 1210 829 σαρκί.
1242 757 1498 826 ἄγγελος
1529 752 1744 814 σατᾱν,
1772 751 1873 804 ἵνα
1895 764 1974 819 με
2005 749 2187 802 κολω-

505 849 670 922 ,φιζῃο
693 851 786 905 καὶ
804 851 931 914 τοὺς
953 846 1285 918 ἐπαλλήλους
1326 843 1664 914 πειρασμοὺς
1684 838 1772 892 διά
1800 836 1991 891 τούτου
2016 834 2190 908 δηλώ-

511 954 635 1002 σας,
662 938 972 1009 ἐπήγαγενο
1015 931 1184 1002 Ὑπὲρ
1231 931 1444 986 τούτου
1476 928 1604 996 τρίς
1642 924 1754 980 τὸν
1787 925 2007 993 Κύριον
2035 935 2182 991 παρ-

436 1011 444 1020 ’
505 1023 794 1086 ωιάιεσα,
824 1023 926 1078 ινα
947 1017 1190 1088 ἀποστῇ
1208 1019 1310 1074 ἀπ’
1337 1014 1510 1088 ἐμοῦ·
1549 1015 1646 1069 και
1672 1010 1805 1068 stu
1825 1026 1956 1082 μοι·
1998 1009 2191 1080 Ἀρκεῖ

506 1126 610 1166 σοι
629 1111 668 1178 ἡ
694 1110 869 1180 χάρις
872 1123 1013 1180 μουο
1034 1109 1075 1176 ἠ
1098 1108 1208 1178 τὰρ
1223 1105 1474 1174 δύναμις
1488 1119 1608 1173 μου
1627 1101 1993 1167 ὲνάσθενείᾳ
2003 1101 2189 1154 τελει-

504 1195 700 1252 οῦται.
720 1179 992 1266 Τότεγμου
1015 1193 1290 1248 δείκνυται
1312 1194 1344 1262 ή
1371 1192 1622 1262 δύναμις,
1655 1188 1837 1260 φησὶν.
1877 1187 2006 1242 ὅταν
2028 1185 2188 1255 ὑμεῖς

505 1283 568 1334 ἐν
588 1281 845 1352 ἀσθενείᾳ
873 1277 969 1354 ἦτε
991 1298 1006 1312 ·
1040 1281 1138 1334 καὶ
1159 1281 1225 1333 δι’
1253 1277 1406 1349 ὑμῶν
1425 1278 1536 1331 τῶν
1562 1275 1864 1330 δοκούντων
1887 1272 2134 1329 ἀσθενεῖν
2158 1275 2188 1326 6

507 1369 602 1422 τοῦ
637 1369 985 1441 κηρύγματος
1019 1367 1241 1433 αὔξεται
1263 1367 1437 1434 λόγος,
1472 1365 1567 1419 καὶ
1592 1362 1867 1434 πανταχοῦ
1896 1359 2190 1416 κατασπεί-

510 1471 683 1526 ρεται.
729 1458 830 1510 υτε
851 1455 980 1525 γοῦν
995 1457 1075 1518 είς
1090 1455 1151 1508 τὸ
1163 1455 1536 1525 δεσμωτήριον
1556 1452 1756 1523 μυρίας
1773 1448 1952 1503 λαϐὼν
1969 1448 2188 1519 πληγάς

508 1538 827 1610 εἰσηνέχθη,
866 1539 958 1594 τὸν
993 1539 1382 1610 δεσμοφύλακα
1407 1538 1628 1613 έδησεν·
1665 1539 1723 1590 ἐν
1767 1535 1847 1606 τῷ
1879 1533 2021 1605 ξύλῳ
2045 1529 2188 1602 ἦσαν

505 1625 559 1679 οί
591 1627 768 1691 πόδες.
819 1627 879 1681 ἐν
918 1629 986 1698 τῇ
1017 1625 1205 1680 ἁλύσει
1246 1627 1303 1680 αί
1337 1629 1538 1698 χεῖρες,
1583 1624 1676 1678 καὶ
1709 1623 1770 1676 τὸ
1811 1620 2186 1692 δεσμωτήριον

508 1713 716 1767 ἐσείετο
759 1713 903 1769 κατά
932 1715 1106 1786 μέσην
1141 1714 1241 1784 τὴν
1267 1713 1461 1774 νύκτα,
1495 1711 1808 1784 ὑμνούντων
1837 1709 2038 1763 αὐτῶν.

590 1797 754 1872 Ὁρᾷς
787 1799 906 1864 πῶς
935 1805 969 1870 ή
1004 1800 1235 1871 δύναμις
1265 1799 1430 1854 αὐτοῦ
1476 1801 1534 1851 ἐν
1568 1797 1818 1869 ἀσθενείᾳ
1853 1793 2183 1860 ἐτελειοῦτος

506 1884 573 1939 Et
590 1881 658 1958 ἦν
685 1887 973 1958 λελυμένος
994 1905 1020 1942 ο
1038 1887 1271 1950 Παῦλος,
1289 1887 1382 1939 καὶ
1400 1886 1607 1939 ἔσεισεν
1623 1897 1649 1925 ι
1675 1887 1852 1939 ἐκεῖνο
1871 1883 1932 1937 τὸ
1955 1882 2078 1953 οῖκη
2086 1897 2183 1952 μα,

505 1972 608 2025 οὑκ
635 1969 702 2044 ἦν
732 1973 873 2042 οὕτω
911 1974 1223 2045 θαυμαστὸν
1249 1973 1310 2028 τὸ
1350 1973 1653 2043 γινόμενον.
1673 1973 1786 2025 Διά
1812 1969 1989 2031 τοῦτο.
2028 1969 2183 2041 φησὶ,

512 2060 641 2127 μένε
677 2061 984 2129 δεδεμένος.
1027 2061 1123 2114 καὶ
1179 2060 1590 2114 σαλευέσθωσαν
1623 2061 1674 2112 οί
1701 2061 1871 2128 τοῖχοι
1898 2055 2181 2119 πάντοθεν,

508 2148 604 2199 καὶ
632 2147 1014 2202 λυέσθωσανόί
1039 2147 1335 2218 δεσμῶται.
1368 2149 1454 2201 ἵνα
1481 2145 1744 2218 μειζόνως
1765 2149 1798 2217 ή
1822 2144 2050 2213 δύναμίς
2080 2159 2183 2213 μου

508 2234 764 2305 φαίνηται
785 2235 873 2290 διά
897 2239 991 2291 σοῦ
1011 2237 1105 2292 τοῦ
1129 2239 1496 2310 κατεχομένου
1521 2237 1614 2291 καὶ
1652 2233 2181 2307 συμπεποδισμένου,

507 2320 618 2374 τῶν
643 2322 943 2393 δεδεμένων
968 2324 1244 2396 λυομένων
1281 2326 1559 2380 ἁπάντων.
1600 2323 1771 2376 Τοῦτο
1804 2319 1898 2376 οῦν
1935 2321 2067 2376 αὐτὸ
2089 2323 2186 2376 καὶ

504 2409 598 2462 τὸν
624 2409 1011 2479 δεσμοφύλακα
1032 2412 1294 2484 ἐξέπληξε
1317 2413 1462 2473 τότε,
1490 2413 1572 2465 ὅτι
1595 2410 1732 2482 μετά
1755 2409 2024 2480 τοσαύτης
2053 2425 2185 2461 κατο

506 2496 768 2566 εχόμενος
802 2499 1067 2568 ἀνάγκης,
1123 2499 1190 2551 δι’
1216 2499 1380 2570 εὐχῆς
1413 2500 1582 2570 μόνης
1608 2500 1791 2568 ἴσχυσε
1835 2497 1933 2567 μέν
1971 2495 2184 2560 τινάξαι

505 2583 574 2634 τά
603 2582 828 2651 θεμέλια
873 2585 1210 2639 ἀναπετάσαι
1236 2585 1292 2637 δὲ
1327 2586 1423 2648 τάς
1458 2583 1628 2655 θύρας
1656 2583 1748 2637 τοῦ
1782 2583 2182 2654 δεσμωτηρίου,

506 2670 598 2722 καὶ
615 2668 772 2724 λῦσαι
789 2673 916 2734 τοὺς
927 2672 1239 2742 δεδεμένους
1257 2672 1521 2735 ἅπαντας.
1539 2673 1652 2725 Οὐκ
1672 2670 1905 2723 ἐνταῦθα
1923 2671 1978 2722 δὲ
1999 2671 2180 2740 μόνον,

505 2757 640 2811 ἀλλὰ
667 2761 759 2812 καὶ
784 2761 878 2814 ἐπὶ
907 2762 1136 2829 Πέτρου,
1163 2761 1257 2814 καὶ
1283 2760 1370 2813 ἐπ’
1400 2759 1563 2814 αὑτοῦ
1590 2759 1681 2812 τοῦ
1708 2757 1942 2820 Παύλου,
1974 2759 2066 2811 καὶ
2092 2759 2184 2811 ἐπὶ

504 2846 613 2899 τῶν
655 2846 831 2900 ἄλλων
865 2848 921 2900 δὲ
955 2849 1267 2902 ἀποστόλων
1302 2848 1399 2900 ἴδοι
1447 2863 1530 2910 τις
1576 2846 1641 2899 ἂν
1684 2846 1978 2915 συμϐαῖνον
2027 2844 2184 2899 τοῦτο

506 2933 766 3002 συνεχῶς,
797 2937 892 2988 καὶ
916 2937 1031 2998 τοῖς
1055 2936 1313 3005 διωγμοῖς
1335 2936 1434 3004 τὴν
1452 2935 1610 3005 χάριν
1635 2934 1728 2986 τοῦ
1753 2932 1888 2987 Θεοῦ
1915 2933 2002 2987 ἀεὶ
2025 2935 2183 2988 ἐπανι-

505 3017 728 3085 θοῦσαν,
751 3021 845 3074 καὶ
867 3024 990 3085 ταῖς
1011 3021 1223 3092 θλίψεσι
1253 3021 1763 3093 παραφαινομένην,
1791 3023 1884 3074 καὶ
1911 3020 2054 3074 οὑτω
2083 3023 2180 3093 τὴν

504 3105 733 3176 δύναμιν
766 3107 932 3170 αὐτοῦ
958 3109 1353 3181 κηρύττουσαν.
1389 3110 1588 3181 Διόπερ
1623 3109 1831 3179 ἔλεγεν,
1868 3110 2057 3179 ’Δρκεῐ
2080 3127 2181 3166 σοι

503 3191 546 3261 ἠ
571 3192 743 3262 χάρις
756 3211 898 3264 μουο
921 3196 960 3261 ἠ
978 3195 1086 3264 τηειρ
1112 3195 1361 3265 δύναμίς
1383 3213 1503 3264 ⁶ιιου
1525 3196 1596 3249 ἐν
1618 3197 1900 3263 ἀσθενείᾳ
1921 3199 2182 3253 τελειοῦ-
2213 3191 2217 3197 ’

507 3296 620 3335 ται.
657 3281 779 3334 Ὀτι
811 3281 867 3334 δὲ
892 3283 985 3335 καὶ
1008 3281 1232 3353 μείζονα
1263 3283 1360 3353 τῆς
1388 3283 1732 3356 ἀνθρωπίνης
1761 3285 1976 3352 φύσεως
1997 3286 2182 3340 πολλοὶ⁹

507 3367 766 3432 πολλάκις
796 3369 1018 3442 ἔμελλον
1048 3371 1372 3425 ὑποπτεύειν
1396 3374 1522 3443 περὶ
1543 3374 1741 3436 αὐτῶν,
1776 3376 1823 3426 εί
1847 3375 1920 3446 μὴ
1945 3377 2182 3430 τοσαῦτα

507 3455 816 3526 πάσχοντας
838 3459 1044 3530 ἐώρων,
1075 3458 1304 3512 ἄκουσον
1342 3459 1458 3523 πῶς
1480 3461 1612 3514 αὐτὸ
1636 3460 1869 3515 δέδοικεν
1896 3466 1924 3516 ὁ
1951 3463 2180 3528 Παῦλος.

519 3543 655 3598 Ἐὰν
670 3546 780 3616 γὰρ
795 3547 890 3599 καί
908 3548 1165 3616 θελήσω,
1193 3550 1345 3620 φησὶ,
1371 3550 1818 3620 καυχήσασθαι,
1843 3557 1953 3607 οὐκ
1970 3555 2185 3624 ἔσομαι

506 3631 728 3720 ἄφρων
763 3633 1032 3704 φείδομαι
1059 3635 1146 3698 δὲ,
1168 3637 1252 3706 μή
1272 3655 1360 3704 τις
1387 3641 1475 3704 εις
1490 3638 1596 3708 ἐμὲ
1627 3642 1947 3720 λογίσηται
1970 3643 2122 3712 ὑπὲρ
2149 3644 2181 3698 ὃ

501 3717 721 3782 βλέπει
752 3736 848 3787 με,
891 3721 928 3789 ἠ
961 3723 1163 3776 ἀκούει
1205 3741 1260 3775 τι
1290 3726 1358 3787 ἐξ
1383 3723 1551 3795 ἐμοῦ.
1589 3725 1653 3777 Τί
1681 3717 1736 3780 δέ
1765 3730 1914 3780 ἐστιν
1941 3728 1969 3782 ὃ
1997 3730 2178 3798 λέγεις

521 3805 849 3877 Ἠδυνάμην,
898 3809 1051 3878 φησὶ,
1093 3810 1271 3881 πολλῷ
1299 3813 1519 3877 μείζονα
1556 3813 1811 3884 θαύματα
1843 3820 2034 3879 εἰπεῖν,
2067 3820 2180 3872 ἀλλ’

505 3891 567 3943 οὑ
590 3890 872 3963 βούλομαι,
897 3897 1104 3967 μήποτε
1129 3896 1175 3968 [_l
1192 3897 1245 3970 1]
1265 3897 1322 3952 τὸ
1341 3899 1568 3969 μέγεθος
1584 3891 1692 3956 τῶν
1711 3905 1950 3974 σημείων
1963 3906 2184 3975 μείζονα

507 3981 638 4051 περὶ
654 3980 787 4050 ἐμοῦ
805 3985 915 4045 τοῖς
936 3984 1242 4053 ἀνθρώποις
1269 3987 1522 4042 ὑπόνοιαν
1539 3995 1888 4063 παραστήσῃ.
1912 3996 2010 4046 Διά
2026 3996 2184 4048 τοῦτο

506 4067 599 4118 καὶ
631 4068 681 4118 οἱ
712 4069 840 4138 περὶ
869 4070 958 4123 τὸν
983 4073 1210 4141 Πέτρον,
1250 4075 1438 4145 ἐπειδὴ
1466 4077 1556 4129 τὸν
1580 4077 1751 4146 χωλὸν
1776 4078 2059 4150 ὤρθωσαν,
2089 4081 2184 4136 καὶ

506 4155 706 4218 πάντες
730 4151 871 4225 ἦσαν
899 4160 1184 4229 κεχηνότες
1208 4161 1344 4233 πρὸς
1365 4164 1582 4227 αὐτοὺς,
1609 4166 2060 4232 καταστέλλοντες
2080 4173 2182 4223 αὑ-

472 4267 478 4272 ·
505 4242 654 4304 τοὺς,
685 4243 779 4295 καὶ
808 4244 1085 4309 πείθοντες
1111 4247 1186 4310 ὡς
1215 4248 1366 4302 οὐδὲν
1398 4251 1528 4322 παρ’
1559 4251 1786 4316 ἑαυτῶν,
1831 4255 1951 4307 οὐδὲ
1971 4255 2182 4311 οἴκοθεν

507 4328 868 4395 ἐπεδείξαντο.
898 4331 1136 4402 λέγουσι·
1176 4337 1236 4390 Τί
1263 4335 1406 4406 ’ἡμῖν
1431 4336 1736 4398 ἀτενίζετε.
1761 4341 1841 4406 ὡς
1871 4341 1988 4411 Ιδίᾳ
2011 4344 2182 4399 δυνά-

508 4431 600 4482 μει
637 4416 674 4483 ἣ
710 4420 982 4486 εὐσεϐείᾳ
1026 4424 1386 4492 πεποιηκόσι
1432 4425 1539 4478 τοῦ
1579 4427 1923 4494 περιπατεῖν
1961 4432 2181 4498 αὑτόν;

509 4499 614 4554 Καὶ
653 4503 812 4556 πάλιν
846 4508 905 4558 ἐν
944 4509 1207 4580 Λύστροις
1251 4512 1311 4564 ού
1359 4511 1519 4582 μόνον
1554 4507 1694 4584 ἦσαν
1719 4515 2179 4588 ἐκπεπληγμένοι,

508 4592 645 4647 ἀλλὰ
688 4595 781 4647 καὶ
826 4596 1060 4666 ταύρους
1098 4599 1542 4666 στεφανώσαντες
1583 4601 1841 4671 ἤνεγκαν,
1880 4607 1975 4658 καὶ
2021 4607 2182 4663 θῦσαι

507 4683 828 4753 ἐπεχείρουν
871 4685 949 4754 τῷ
985 4685 1181 4757 Παύλῳ
1214 4688 1308 4740 καὶ
1338 4688 1415 4759 τῷ
1448 4689 1723 4763 Βαρνάϐᾳ.
1761 4692 1905 4762 Ὅρα
1937 4694 2182 4751 διαϐόλου

509 4771 874 4841 κακουργίαν·
914 4773 980 4826 δι’
1025 4767 1101 4826 ὧν
1147 4777 1176 4828 ό
1217 4775 1418 4848 Κύριος
1453 4778 1752 4844 ἐσπούδαζε
1788 4780 1889 4851 τὴν
1927 4783 2182 4840 ἀσέϐειαν

445 4882 460 4890 -
506 4859 810 4932 ἐκκαθᾶραι
852 4864 952 4933 τῆς
988 4866 1346 4936 οἰκουμένης,
1389 4867 1477 4920 διά
1515 4868 1717 4922 τούτων
1753 4870 1925 4942 αὐτὴν
1977 4873 2182 4940 ἐκεῖνος

506 4950 820 5019 εἰσαγαγεῖν
854 4953 1172 5021 ἐσπούδαζε,
1221 4958 1383 5012 πάλιν
1420 4959 1620 5014 πείθων
1662 4960 1984 5034 ἀνθρώπους
2025 4968 2181 5033 θεοὺς

505 5035 762 5124 νομίζειν,
789 5037 818 5091 ὃ
857 5041 950 5094 καὶ
984 5043 1041 5096 ἐν
1073 5047 1187 5108 τοῖς
1215 5044 1524 5117 ἔμπροσθεν
1562 5048 1775 5118 χρόνοις
1797 5051 2039 5124 ἐποίησε.
2071 5057 2179 5110 Καὶ

503 5123 677 5214 τοῦτο,
702 5126 936 5195 μάλιστά
978 5130 1145 5196 ἐστιν,
1181 5133 1210 5186 ὃ
1249 5135 1348 5204 τῆς
1383 5135 1826 5212 εἰδωλολατρείας
1863 5123 1962 5214 τὴν
2008 5143 2179 5214 ἀρχὴν

505 5211 600 5301 καὶ
629 5211 728 5283 τὴν
751 5214 905 5286 ῥίζαν
932 5219 1216 5290 εἰσήγαγε.
1235 5222 1427 5276 Πολλοὶ
1448 5226 1558 5299 γάρ
1583 5211 1685 5280 καί
1698 5211 1966 5300 πολέμους
1990 5211 2184 5301 κατορ-

506 5297 799 5366 ϐώσαντες,
830 5304 924 5356 καὶ
956 5307 1186 5376 τρόπαια
1221 5297 1535 5390 στήσαντες,
1562 5315 1657 5368 καὶ
1687 5297 1869 5382 πόλεις
1893 5297 2180 5390 οἰκοδομή-

507 5404 716 5456 σαντες,
748 5392 842 5444 καὶ
874 5392 1036 5464 ἕτερά
1064 5413 1180 5450 τινα
1197 5398 1418 5455 τοιαῦτα
1440 5404 1552 5466 τοῖς
1587 5404 1708 5456 τότε
1734 5405 1761 5443 δ
1795 5406 2182 5478 εὐεργετήσαν-

503 5490 614 5536 τες.
646 5476 757 5530 θεοὶ
789 5481 938 5550 παρὰ
962 5486 1073 5546 τοῖς
1106 5485 1316 5550 πολλοῖς
1346 5489 1727 5560 ἐνομίσθησαν,
1774 5494 1867 5546 καὶ
1896 5499 2039 5558 ναοῖς
2073 5496 2180 5548 ἐτι-

508 5563 757 5632 μήθησαν
791 5569 884 5620 καὶ
917 5569 1140 5640 βωμοῖς,
1176 5577 1268 5627 καὶ
1319 5579 1425 5640 πᾶς
1460 5581 1486 5630 ό
1526 5578 1634 5632 τῶν
1675 5580 2002 5650 Ἑλληνικῶν
2042 5582 2180 5636 θεῶν

503 5652 802 5721 κατάλογος
824 5659 929 5711 ἀπὸ
959 5660 1164 5713 τούτων
1198 5662 1479 5731 σύγκειται
1509 5667 1616 5719 τῶν
1642 5669 1959 5739 ἀνθρώπων.

576 5740 692 5795 Ἵνα
706 5739 798 5797 οὖν
830 5747 903 5819 μὴ
932 5751 1023 5801 καὶ
1050 5750 1142 5801 ἐπὶ
1170 5751 1276 5804 τῶν
1294 5753 1463 5822 ἁγίων
1488 5753 1644 5808 τοῦτο
1673 5756 1913 5826 γένηται,
1940 5761 2175 5830 συνεχώ-

505 5845 670 5899 ρησεν
714 5833 909 5897 αὐτοὺς
949 5835 1260 5892 ἐλαύνεσθαι
1298 5839 1556 5910 συνεχῶς,
1591 5842 1968 5915 μαστίζεσθαι,
1993 5850 2173 5919 ἀρόω-

572 5953 594 6019 _‘
622 5955 717 6019 Alii
741 5958 820 6003 καὶ
845 5958 1038 6019 ἐσείετο.

569 6013 594 6052 δ
619 6017 712 6064 Αλὶἱ
741 6020 844 6072 τοὺς
867 6022 989 6070 τότε.

1239 336 1269 444 1,
1295 381 1355 439 S.
1390 376 1677 437 JOANNIS
1716 367 2183 433 ειιῐιῐεοετον

2286 366 2578 424 ιΠϐΗίΙζΡ.
2625 359 3182 436 CONSTANTINOP.

3899 355 3980 411 26

2291 482 2468 546 στίαις
2515 481 2900 554 περιπίπτειν,
2942 478 3031 533 ἵνα
3073 479 3107 547 ἠ
3145 474 3248 546 τῆς
3298 471 3618 544 σωματικῆς
3663 470 3983 543 ἀρρωστίας

2290 567 2566 641 ὑπερϐολὴ
2597 579 2623 609 ο
2668 568 2764 623 καὶ
2791 566 2900 621 τῶν
2945 561 3271 637 πειρασμῶν
3317 561 3380 638 :6
3420 559 3622 630 πλῆθος
3652 558 3818 631 πείσει
3844 557 3978 621 τοὺς

2293 656 2563 731 παρόντας
2607 656 2748 720 τότε,
2780 657 2870 712 ,ὅτι
2909 655 3004 709 καὶ
3049 651 3328 722 ἄνθρωποι
3371 644 3510 720 ἦσαν
3539 649 3590 702 οἱ
3635 649 3705 704 τά
3749 647 3982 702 τοιαῦτα

2290 742 2865 816 θαυματουργοῦντες,
2905 743 3000 798 καὶ
3056 739 3210 794 οὐδὲν
3261 738 3391 812 παρ’
3428 735 3640 792 ἑαυτῶν
3670 736 3976 808 εἰσέφερον,

2289 831 2426 886 άλλά
2452 833 2636 903 γυμνὴ
2659 834 2694 904 ἡ
2722 833 2883 904 χάρις
2906 830 2972 884 δι’
2999 827 3224 882 ἐκείνων
3245 826 3425 880 πάντα
3449 823 3754 897 εἰργάζετο.
3780 823 3844 877 Εἰ
3865 821 3980 896 γὰρ

2286 923 2414 984 τοὺς
2459 921 2635 994 μικρά
2680 923 2778 975 καὶ
2825 918 3019 987 εὐτελῆ
3074 917 3448 987 πεποιηκότας
3502 913 3660 976 θεοὺς
3694 912 3978 983 ἐνόμισαν,

2289 1008 2472 1079 πολλῷ
2515 1008 2739 1080 μᾶλλον,
2787 1009 2837 1060 εί
2873 1005 3039 1079 μηδὲν
3077 1005 3318 1076 ἔπασχον
3349 1002 3712 1076 ἀνθρώπινον,
3753 1001 3980 1069 τούτους

2286 1095 2651 1150 ὑπώπτευσαν
2683 1095 2770 1162 ἂν,
2792 1093 3018 1150 τοιαῦτα
3050 1093 3483 1166 ἐργασαμένους,
3517 1084 3605 1146 οἷα
3624 1090 3798 1154 οὐδεὶς
3823 1089 3980 1144 οὐδέ-

2289 1201 2423 1238 ποτε
2448 1185 2551 1239 οὐκ
2580 1181 2750 1251 εἶδεν,
2792 1182 2915 1237 οὐδὲ
2944 1184 3199 1254 ἥκουσεν.
3229 1182 3402 1234 Ὅπου
3427 1178 3538 1251 γὰρ
3565 1177 3982 1250 μαστιζομένων

2287 1272 2490 1336 αὐτῶν,
2533 1271 3010 1345 κρημνιζομένων,
3057 1268 3447 1340 δεσμουμένων
3478 1265 3529 1332 ει,
3579 1265 3978 1337 ἐλαυνομένων,

2287 1363 2410 1417 καθ’
2454 1362 2693 1434 ἑκάστην
2735 1361 3155 1416 κινδυνευόντων
3199 1357 3438 1430 ἡμέραν,
3480 1355 3631 1425 ὅμως
3674 1354 3985 1409 κατέπεσόν

2285 1465 2432 1514 τινες
2475 1451 2557 1514 είς
2588 1449 2687 1520 τὴν
2724 1449 2896 1518 ἀσεϐῆ
2938 1448 3146 1518 ταύτην
3198 1445 3479 1508 ὑπόνοιαν,
3539 1441 3720 1514 πολλῷ
3755 1441 3978 1514 μᾶλλον,

2287 1538 2336 1590 εί
2373 1535 2539 1608 μηδὲν
2567 1535 2802 1606 ἔπασχον
2828 1533 3190 1607 ἀνθρώπινον,
3227 1531 3386 1588 τοῦτο
3411 1531 3478 1586 ἂν
3517 1529 3982 1602 ὑπωπτεύθησαν.

2355 1624 2439 1693 η’.,
2461 1622 2630 1693 Τρίτη
2646 1623 2744 1693 μὲν
2769 1618 2864 1676 οὖν
2879 1625 3027 1676 ἐστιν
3056 1621 3351 1692 αὑτηήτῆς
3362 1619 3662 1684 κακώσεως
3686 1619 3860 1673 αἰτία·
3892 1634 3978 1672 τε·

2285 1707 2460 1780 τάρτη
2491 1709 2569 1773 δέ,
2611 1709 2675 1762 τὸ
2703 1709 2776 1780 μὴ
2811 1708 3128 1781 νομίζεσθαι
3167 1709 3296 1773 τοὺς
3333 1706 3525 1778 ἁγίους
3548 1709 3636 1761 ἐπ’
3669 1705 3846 1760 ἐλπίδι
3877 1706 3984 1778 τῆς

2286 1794 2572 1867 παρούσης
2587 1796 2896 1867 εὐπραγίας
2915 1797 3010 1849 τὸν
3031 1795 3164 1850 Θεὸν
3186 1795 3529 1868 θεραπεύειν.
3549 1793 3776 1868 Καὶγάρ
3794 1793 3986 1850 πολλοὶ

2285 1879 2397 1934 τῶν
2455 1883 2513 1934 ἐν
2561 1881 2821 1954 ἀσελγείᾳ
2857 1880 3076 1945 ζώντων
3122 1884 3278 1954 παρά
3325 1882 3538 1936 πολλῶν
3590 1881 3982 1952 ἐγκαλούμενοι

2287 1967 2570 2034 πολλάκις,
2602 1967 2699 2021 καὶ
2728 1967 2865 2040 πρὸς
2894 1969 3021 2032 τοὺς
3051 1969 3150 2040 τῆς
3175 1969 3377 2044 ἀρετῆς
3410 1968 3733 2040 καλούμενοι
3757 1969 3980 2034 πόνους,

2287 2053 2384 2108 καὶ
2422 2052 2535 2106 τῶν
2575 2054 2748 2122 άγίων
2781 2055 3282 2126 ἐγκωμιαζομένων
3318 2054 3608 2118 ἀκούοντες
3645 2056 3739 2108 ἐπὶ
3769 2057 3836 2125 τῇ
3869 2055 3984 2110 τῶν

2285 2141 2474 2193 δεινῶν
2505 2140 2762 2212 εὐψυχίᾳ,
2795 2141 2905 2195 άπὸ
2933 2141 3142 2194 τούτοιν
3178 2141 3489 2195 διαϐάλλειν
3528 2143 3729 2206 αὐτοὺς
3769 2145 3982 2212 ἐπιχει-

2287 2227 2475 2300 ροῦσι·
2515 2229 2611 2282 καὶ
2647 2229 2749 2282 οὐκ
2791 2228 3068 2302 ἄνθρωποι
3103 2230 3285 2301 μόνον,
3320 2229 3456 2285 ἀλλά
3486 2232 3583 2284 καὶ
3618 2229 3780 2293 αὐτὸς
3807 2233 3835 2284 6
3858 2229 3982 2285 διά-

2287 2314 2439 2379 ϐολος
2466 2315 2599 2368 αὐτὸ
2617 2314 2776 2370 τοῦτο
2805 2316 3180 2370 ὑπώπτευσεν.
3212 2317 3430 2389 Ἐπειδὴ
3455 2319 3564 2390 γὰρ
3593 2319 3623 2371 6
3659 2317 3781 2371 Ἰὼϐ
3811 2319 3989 2373 πολὺν

2286 2402 2678 2475 περιεϐέϐλητο
2703 2396 2960 2468 πλοῦτον,
3007 2405 3102 2458 καὶ
3144 2405 3347 2476 πολλῆς
3381 2407 3660 2478 ἀπήλαυεν
3691 2407 3980 2478 εὐπορίας,

2283 2489 2676 2560 ὀνειδιζόμενος
2717 2490 2824 2544 ὑπὸ
2857 2491 2953 2544 τοῦ
2977 2490 3113 2545 Θεοῦ
3139 2494 3206 2546 δι’
3235 2493 3398 2546 αὑτὸν
3441 2496 3468 2548 6
3511 2495 3749 2566 πονηρὸς
3769 2494 3980 2566 δαίμων

2282 2577 2514 2640 ἐκεῖνος,
2546 2577 2699 2630 ούδέν
2737 2577 2875 2648 ἔχων
2915 2579 3110 2641 εἰπεῖν,
3159 2580 3280 2633 οὐδέ
3315 2581 3457 2652 ὑπὲρ
3488 2581 3596 2635 τῶν
3628 2583 3746 2636 καθ’
3787 2583 3980 2638 ἐαυτὸν

2282 2661 2736 2734 ἀπολογήσασθαι
2765 2665 3152 2736 ἐγκλημάτων,
3199 2668 3323 2721 οὐδὲ
3352 2672 3472 2732 ταῖς
3495 2670 3719 2742 ἀρεταῖς
3743 2669 3982 2742 ἐπισκῆ-

2280 2751 2381 2823 qm
2395 2753 2490 2807 τοῦ
2512 2753 2745 2816 δικαίου.
2765 2756 2900 2828 πρὸς
2923 2757 3126 2828 ταύτην
3149 2757 3352 2821 εὐθέως
3374 2760 3709 2830 καταφεύγει
3727 2759 3824 2830 τὴν
3838 2761 3983 2815 ἀπο-

2282 2837 2489 2909 λογίαν,
2513 2841 2656 2896 οῦτω
2687 2842 2859 2910 λέγων
2878 2860 2891 2874 ·
2927 2844 3024 2912 Μὴ
3059 2844 3289 2913 δωρεὰν
3316 2847 3439 2900 Ἰὼϐ
3463 2845 3703 2900 σέϐεταί
3727 2862 3838 2912 σε;
3871 2864 3983 2904 πει

2275 2928 2606 2999 ριέερραξας
2621 2931 2692 2986 τὰ
2706 2933 2832 2986 ἔσω
2851 2933 3038 2988 αὐτοῦ
3061 2935 3160 2988 καὶ
3183 2934 3402 2999 τὰὲξω.
3430 2937 3553 2989 Ἐπὶ
3571 2937 3769 3009 μισθῷ.
3786 2940 3976 3009 φησὶν,

2283 3016 2433 3070 ἐστὶν
2473 3020 2677 3081 ἐκεῖνος
2725 3019 3012 3090 ἐνάρετος,
3060 3021 3330 3092 τοσαύτης
3369 3023 3629 3094 εὐπορίας
3662 3025 3977 3084 ἀπολαύων.

2283 3103 2349 3158 Τί
2372 3101 2466 3158 οὖν
2484 3109 2513 3160 6
2531 3107 2696 3173 Θεός,
2723 3107 3056 3176 Βουλόμενος
3085 3109 3276 3175 δεῖξαι,
3305 3112 3385 3163 ότι
3415 3112 3513 3164 οὐκ
3536 3113 3627 3164 ἐπὶ
3649 3111 3764 3185 [12]
3797 3114 3980 3186 μισθῷ

2283 3191 2682 3263 θεραπεύουσιν
2721 3195 2885 3249 αὑτὸν
2926 3207 2949 3235 ο
2987 3199 3035 3254 οἱ
3072 3197 3538 3270 ἃγιοι,·περιεῖλεν
3566 3194 3733 3254 αὐτοῦ
3762 3201 3861 3274 τὴν
3892 3203 3982 3255 εὑ⁴

2281 3282 2478 3353 πορίαν
2528 3281 2768 3348 ἅπασαν,
2821 3285 2918 3336 καὶ
2971 3284 3132 3356 πενία
3185 3286 3507 3358 παρέδωκε,
3563 3289 3658 3342 καὶ
3704 3293 3979 3361 νοσήματι

2283 3367 2506 3438 χαλεπῷ
2530 3372 2848 3440 περιπεσεῖν
2874 3370 3274 3442 συνεχώρησεν.
3292 3372 3425 3426 Εἶτα
3451 3374 3689 3445 ἐλέγχων
3711 3377 3871 3429 αὐτὸν
3898 3378 3979 3442 ὡς

2284 3453 2406 3524 είκῆ
2441 3453 2615 3508 ταῦτα
2645 3455 3079 3516 ὑποπτεύσαντα.
3109 3460 3294 3529 φησιν,
3335 3462 3417 3514 ὅτι
3450 3464 3579 3516 Ἔτι
3603 3462 3801 3531 ἔχεται
3829 3465 3982 3519 ἀκα-

2285 3541 2452 3606 κίας·
2497 3542 2580 3595 σὺ
2632 3542 2701 3595 δὲ
2751 3541 2927 3611 εἶπας
2971 3544 3251 3613 διακενῆς
3299 3547 3371 3601 τὰ
3403 3548 3752 3619 ὑπάρχοντα
3784 3552 3979 3608 αὑτοῦ

2283 3627 2600 3681 ἀπολέσαι.
2641 3631 2764 3695 Τοῖς
2793 3633 2902 3703 γὰρ
2934 3634 3109 3702 ἁγίοις
3141 3636 3302 3704 ἀρκεῖ
3326 3635 3486 3689 τοῦτο
3512 3639 3591 3700 είς
3621 3638 3854 3708 ἀμοιϐὴν
3880 3641 3981 3694 καὶ

2281 3714 2569 3780 ἀντίδοσιν,
2590 3717 2654 3770 τὸ
2681 3716 3005 3790 θεραπεύειν
3039 3722 3129 3774 τὸν
3158 3722 3320 3775 Θεόν·
3356 3725 3480 3777 ἐπεὶ
3502 3725 3597 3777 καὶ
3626 3725 3703 3796 τῷ
3730 3725 3979 3794 φιλοῦντι

2279 3801 2439 3854 τοῦτο
2485 3804 2662 3876 ἀρκεῖ·
2691 3807 2771 3870 εἰς
2815 3807 3052 3878 ἀμοιϐὴν
3097 3809 3156 3862 τὸ
3198 3811 3372 3879 φιλεῖν
3417 3811 3509 3864 τὸν
3561 3811 3837 3882 ἐρώμενον
3880 3813 3980 3870 τὸν

2283 3889 2497 3953 ἐαυτοῦ,
2535 3895 2628 3945 καὶ
2655 3894 2813 3946 πλέον
2840 3895 2990 3948 οὐδὲν
3023 3897 3292 3967 ἐπιζητεῖ,
3319 3898 3439 3951 οὐδέ
3473 3901 3686 3970 ήγεῖταί
3709 3917 3764 3952 τι
3789 3901 3979 3970 μεῖζον

2284 3972 2423 4030 εἶναι
2458 3979 2674 4033 τούτου.
2702 3981 2764 4032 Εἰ
2789 3980 2845 4033 δὲ
2872 3983 2958 4034 ἐπ’
2987 3984 3276 4054 ἀνθρώπου
3307 3983 3326 4023 ί
3361 3984 3538 4051 τοῦτο,
3563 3987 3742 4057 πολλῷ
3772 3988 3978 4059 μᾶλλον

2285 4065 2379 4117 ἐπὶ
2417 4066 2510 4118 τοῦ
2547 4066 2710 4120 Θεοῦ·
2755 4069 2892 4140 ὅπερ
2923 4066 3016 4122 οὖν
3050 4072 3144 4123 καὶ
3186 4074 3214 4124 ὁ
3246 4072 3378 4136 Θεὸς
3416 4073 3585 4138 δεῖξαι
3625 4075 3975 4146 βουλόμενος,

2285 4151 2448 4206 πλέον
2477 4146 2551 4206 ὧν
2590 4154 2790 4225 ᾔτησεν
2827 4158 2856 4210 ό
2902 4157 3148 4222 διάϐολος
3175 4158 3396 4214 ἔδωκεν.
3453 4161 3689 4225 Ἐκεῖνος
3735 4163 3834 4233 μὲν
3862 4163 3978 4236 γάρ

2285 4257 2450 4311 φησιν
2475 4258 2488 4273 ·
2538 4243 3009 4305 Ἐξάπόστειλον
3041 4245 3155 4312 τὴν
3180 4246 3350 4315 χεῖρά
3382 4263 3522 4312 σου,
3558 4250 3654 4302 καὶ
3683 4249 3833 4318 ἅψαι
3865 4254 3979 4306 αὐ-

2283 4326 2411 4382 τοῦ·
2443 4331 2472 4382 ό
2503 4328 2558 4382 δὲ
2586 4331 2717 4394 Θεὸς
2751 4332 2848 4401 οὐχ
2877 4332 3071 4395 οὕτως,
3101 4325 3258 4399 ἀλλὰ,
3292 4335 3382 4388 Σοὶ
3412 4335 3575 4389 αὑτὸν
3605 4338 3974 4409 παραδίδωμι,

2284 4416 2467 4486 φησίν.
2488 4417 2758 4489 Καθάπερ
2780 4419 2890 4490 γάρ
2906 4420 2998 4473 ἐπὶ
3028 4420 3135 4473 τῶν
3155 4419 3354 4486 ἔξωθεν
3380 4423 3606 4490 ἀγώνων
3629 4425 3678 4477 οἱ
3696 4426 3976 4496 σφριγῶν-

2281 4521 2375 4567 τες
2405 4504 2474 4558 τά
2503 4504 2734 4576 σώματα
2757 4508 2848 4560 καὶ
2876 4507 3226 4572 εὑεκτοῦντες
3258 4509 3366 4562 τῶν
3397 4510 3644 4582 ἀθλητῶν
3673 4513 3772 4583 οὐχ
3795 4513 3944 4567 οῦτω

2283 4594 2583 4675 φαίνονται,
2616 4597 2836 4651 ἐπειδάν
2862 4599 2924 4652 τὸ
2953 4598 3237 4670 διάϐροχον
3268 4600 3433 4672 ἐλαίῳ
3461 4602 3728 4657 πάντοθεν
3756 4605 3974 4675 ἱμάτιον

2282 4673 2384 4732 ὦσι
2413 4682 2900 4754 περιϐεϐλημένοι,
2962 4685 3077 4738 ἀλλ’
3124 4688 3254 4740 ὃταν
3297 4689 3430 4742 αὐτὸ
3479 4690 3736 4762 ῥίψαντες
3769 4673 3975 4764 γυμνοὶ

2283 4768 2421 4839 πρὸς
2451 4770 2521 4822 τά
2557 4773 2859 4842 σκάμματα
2882 4773 3168 4841 ἐλκωνται,
3198 4778 3319 4830 τότε
3352 4778 3588 4846 μάλιστα
3613 4783 3739 4846 τοὺς
3767 4782 3973 4850 θεατὰς

2281 4858 2348 4928 τῇ
2379 4856 2489 4910 τῶν
2525 4858 2703 4928 μελῶν
2737 4861 2999 4934 ἀναλογίᾳ
3025 4865 3288 4919 πάντοθεν
3310 4867 3723 4938 ἐκπλήττουσιν,
3753 4870 3973 4938 οὐδενὸς

2282 4944 2454 5015 αὐτὴν
2481 4947 2800 5000 ἐπισκιάσαι
2847 4948 3150 5020 δυναμένου
3191 4950 3410 5005 λοιπόν·
3438 4955 3582 5006 οὓτω
3615 4958 3710 5010 καὶ
3749 4958 3777 5010 6
3821 4959 3968 5026 Ἰὼϐ,

2282 5029 2443 5100 ἡνίκα
2474 5033 2574 5103 μὲν
2600 5029 2670 5104 ἦν
2698 5035 2790 5087 τὸν
2822 5035 3054 5090 πλοῦτον
3077 5037 3294 5091 ἃπαντα
3330 5041 3795 5115 περιϐεϐλημένος
3823 5045 3972 5100 ἐκεῖ-

2281 5135 2390 5182 νον,
2420 5121 2521 5174 οὐκ
2539 5117 2625 5191 -ἦν
2654 5122 2955 5194 κατάδηλος
2992 5127 3106 5189 τοῖς
3139 5125 3352 5189 πολλοῖς
3381 5128 3532 5192 ὅστις
3558 5125 3655 5202 ἦν·
3690 5131 3878 5204 ἐπειδὴ
3908 5133 3970 5189 δὲ

2282 5205 2463 5293 αὐτὸν,
2493 5208 2747 5281 καθάπερ
2780 5211 2992 5281 ἱμάτιον
3024 5213 3434 5286 ἀποδυσάμενος
3466 5219 3495 5271 ό
3531 5217 3786 5291 ἀθλητὴς,
3811 5219 3969 5293 έρῥιο

2280 5291 2368 5360 ψε,
2404 5295 2500 5346 καὶ
2529 5296 2665 5365 πρὸς
2694 5296 2820 5360 τοὺς
2847 5298 2946 5369 τῆς
2978 5299 3263 5364 εὐσεϐείας
3293 5303 3510 5370 ἀγῶνας
3543 5306 3748 5375 γυμνὸς
3776 5291 3970 5374 εἰσῆλ-

2283 5379 2374 5433 θεν
2395 5421 2410 5446 ,
2451 5379 2593 5436 οῦτω
2627 5383 2934 5455 γυμνωθεὶς
2972 5388 3098 5450 τοὺς
3131 5387 3330 5452 θεατὰς
3363 5390 3658 5461 ἐξέπληξεν
3693 5393 3966 5461 ἅπαντας,

2282 5466 2357 5530 ὡς
2389 5471 2482 5522 καὶ
2509 5471 2641 5524 αὐτὸ
2673 5472 2734 5525 τὸ
2765 5474 2874 5526 τῶν
2904 5473 3158 5542 ἀγγέλων
3195 5475 3422 5548 θέατρον
3457 5480 3550 5532 ἐπὶ
3577 5481 3642 5550 τῇ
3666 5479 3765 5551 τῆς
3784 5480 3970 5553 ψυχῆς

2282 5554 2447 5608 αὐτοῦ
2470 5559 2737 5629 καρτερίᾳ
2760 5560 2904 5628 μέγα
2928 5562 3365 5635 ἀνακεκραγέναι
3390 5567 3435 5629 ε,
3459 5568 3554 5619 καὶ
3576 5567 3840 5638 κροτῆσαι
3873 5570 3968 5623 τὸν

2273 5713 2301 5736 ,1
2345 5663 2370 5736 ξ
2396 5663 2490 5712 Alii
2517 5672 2793 5726 σωματικῆς
2814 5667 3053 5724 ἀσθενείας
3075 5671 3331 5732 ὑπερϐολή.
3349 5670 3456 5720 Μοκ
3471 5670 3667 5734 quidam
3690 5673 3832 5736 πείσῃ
3852 5674 3971 5732 τοὺς

2280 5725 2504 5788 όρῷντας.

2343 5786 2370 5859 (ξ
2392 5790 2488 5859 Alii
2505 5790 2886 5859 δεσμευομένων.

2351 5853 2369 5920 ξ
2396 5851 2475 5920 Sic
2500 5851 2656 5920 βαι-Η,
2688 5851 2733 5920 εἰ
2768 5856 2962 5920 pquuot
2988 5870 3103 5906 mss.
3126 5863 3286 5916 recte,
3312 5871 3400 5920 pro
3423 5861 3515 5920 θερ.
3551 5859 3697 5920 αὐτῷ.
3728 5859 3866 5909 Eun.

2350 5912 2369 5980 ξ
2399 5914 2546 5980 ςυνὶί,
2577 5922 2628 5961 οὶ
2653 5918 2733 5964 alii
2760 5917 2831 5964 ἐπ’
2858 5912 3139 5980 ἀνθρώπων.

2346 5976 2491 6046 εᾼιὶἱ
2646 5981 2796 6038 ᾥυχῆξ
2840 5976 2987 6028 αὑτοῦ
3026 5982 3310 6046 καθαρότητι
3353 5983 3473 6042 μέγα
3519 5984 3810 6046 ἀνακραγεῖν.
3849 5983 3961 6034 Max

2284 6037 2434 6086 Savil.
2464 6043 2514 6086 el
2535 6039 2617 6088 alii
2650 6037 2836 6088 ἐπέ-μιν.
2865 6044 3022 6106 ’Ὅπερ
3045 6044 3132 6106 γάρ
3155 6037 3296 6106 ’ξςθην
3320 6037 3478 6093 απυδ.
