4196 6316
243 395 306 450 25
1257 392 1347 446 AD
1376 388 1696 447 l’OPULUM
1743 385 2236 448 ANTIOCHENUM
2305 395 2535 469 llUillL.
2582 394 2621 451 1.
3504 397 3573 451 id

246 514 554 585 trequentes
584 513 911 572 tentationes
926 513 1366 575 demonstrasset,
1391 508 1563 564 intulit
1593 504 1849 576 :Propter

245 611 375 677 quod
402 620 479 662 ter
505 609 791 664 Dominum
816 607 1011 679 rogaui,
1044 617 1097 659 ut
1134 623 1165 659 a
1211 622 1289 659 me
1322 603 1692 665 discederet;et
1721 600 1851 653 dixit

248 702 368 754 mihi
398 717 417 755 .'
441 701 648 771 Suﬂicit
674 700 763 754 tibi
791 699 957 770 gratia
983 713 1125 762 mea;
1162 715 1279 751 naut
1307 698 1466 751 uirtus
1495 711 1607 747 mea
1635 693 1687 746 in
1713 691 1851 760 inﬁr-

248 794 419 847 mitate
450 795 720 864 perﬁcitur
746 793 820 863 (2.
840 794 959 848 Cor.
992 791 1079 846 12.
1112 795 1164 846 8.
1194 784 1272 855 9)-
1296 790 1446 844 Tunc
1475 802 1590 842 mea
1612 829 1625 853 ,
1658 786 1849 855 inquit,

250 886 486 952 potentia
504 885 930 949 demonstratur,
944 883 1156 954 quando
1178 896 1275 935 νινε
1299 881 1349 934 in
1376 880 1682 933 infirmitate
1698 878 1849 940 estis,

248 986 301 1029 et
330 991 422 1044 per
465 991 564 1030 vos
605 977 695 1045 qui
723 976 974 1029 videmini
1013 988 1133 1028 esse
1173 972 1413 1037 debiles,
1462 969 1853 1041 prrudicationis

253 1067 471 1122 verbum
498 1077 746 1137 augetur.
774 1076 829 1121 et
852 1066 1045 1136 ubique
1074 1064 1414 1134 diSpergitur.
1441 1062 1664 1130 Quando
1692 1059 1854 1130 igitur

248 1177 299 1215 .n
330 1159 968 1224 carcerem,~innumeris
1005 1160 1268 1229 susceptis
1310 1156 1650 1219 verberibus,
1680 1153 1854 1213 dedu-

243 1261 363 1306 ctus
386 1251 508 1318 fuit,
528 1252 761 1306 carceris
803 1250 1081 1305 custodem
1110 1251 1279 1303 vinxit
1301 1250 1437 1319 (Act.
1464 1247 1551 1317 16)
1580 1264 1593 1300 :
1630 1246 1679 1299 in
1710 1246 1852 1316 ligno

245 1354 400 1399 erant
429 1344 595 1415 pedes
616 1386 630 1409 ,
664 1345 716 1398 in
743 1345 946 1398 catenis
975 1360 1192 1408 manus,
1217 1353 1270 1396 et
1296 1356 1480 1396 carcer
1500 1341 1599 1396 sub
1624 1339 1851 1394 mediam

244 1450 461 1494 noctem
494 1440 857 1508 quatiebatur,
892 1440 1019 1509 ipsis
1048 1441 1213 1493 Deum
1247 1438 1605 1492 laudantibus.

319 1531 420 1585 Dei
441 1534 669 1602 potentia
700 1535 863 1604 magis
889 1533 1267 1587 demonstratur
1292 1532 1345 1584 in
1384 1529 1626 1585 arumnis
1652 1536 1854 1581 sancto-

241 1640 378 1677 rum.
421 1654 495 1664 —
542 1624 733 1680 Cernis
761 1624 1031 1695 quomodo
1060 1625 1226 1693 ipsius
1265 1623 1432 1677 virtus
1457 1621 1853 1677 ininflrmitate

243 1717 668 1787 perficiebatur?
694 1717 750 1773 Si
777 1719 963 1772 fuisset
990 1716 1195 1772 solutus
1215 1716 1408 1770 Paulus
1425 1757 1439 1781 ,
1458 1724 1518 1790 et
1539 1713 1667 1768 illud
1696 1713 1852 1767 habi-

243 1810 479 1863 taculum
509 1811 1027 1873 concussisset,non
1045 1808 1233 1864 fuisset
1251 1818 1356 1862 tam
1386 1807 1685 1861 mirandum
1710 1804 1850 1876 quod

245 1904 426 1961 fiebat.
462 1903 666 1959 idcirco
686 1886 901 1975 ,Vinquit
921 1947 936 1971 ,
987 1920 1205 1959 remane
1234 1904 1442 1957 vinctus
1467 1941 1484 1967 ,
1532 1911 1587 1955 et
1613 1915 1854 1955 commo-

240 2007 470 2050 veantur
499 1997 732 2066 parietes
754 1997 989 2066 undique
1009 2038 1022 2062 ,
1053 2006 1107 2051 et
1128 1996 1404 2049 solvantur
1428 1993 1628 2048 vineti:
1656 2001 1714 2046 ut
1738 2006 1853 2045 ma-

239 2090 320 2159 gis
349 2092 521 2144 virtus
547 2105 663 2144 mea
690 2091 912 2145 evidens
937 2090 1035 2154 sit,
1061 2090 1187 2145 dum
1215 2105 1312 2159 per
1339 2098 1390 2143 te
1419 2086 1768 2143 constrictum
1796 2093 1851 2139 et

241 2182 550 2251 colligatum
582 2196 772 2235 omnes
802 2181 960 2235 vincti
991 2182 1285 2235 solvuntur.
1319 2179 1430 2233 Hoc
1477 2180 1648 2246 ipsum
1692 2177 1850 2246 igitur

240 2286 293 2329 et
321 2276 558 2329 careeris
582 2275 864 2330 custodem
899 2285 1023 2329 tunc
1054 2273 1315 2345 perculit,
1360 2272 1501 2341 quod
1536 2286 1657 2323 cum
1703 2278 1847 2322 tanta

242 2378 520 2422 teneretur
545 2370 883 2433 necessitate,
907 2383 1000 2437 per
1025 2369 1321 2421 orationem
1349 2365 1516 2418 solam
1542 2365 1711 2433 potuit
1732 2362 1849 2415 fun-

239 2461 487 2514 damenta
504 2461 718 2530 quidem
737 2475 991 2532 quassare
1007 2504 1021 2527 ,
1048 2460 1188 2513 fores
1210 2476 1337 2514 vero
1358 2460 1587 2514 carceris
1611 2456 1842 2525 aperire,

241 2561 289 2604 et
318 2567 509 2606 onines
540 2562 746 2607 vinctos
773 2552 1002 2606 Solvere.
1035 2552 1149 2607 Non
1180 2552 1266 2606 hic
1304 2561 1480 2605 autem
1511 2550 1716 2614 solum,
1750 2550 1844 2604 sed

237 2644 398 2698 etiam
429 2644 480 2696 in
510 2645 698 2708 Petro,
738 2654 791 2699 et
818 2646 869 2699 in
900 2647 1014 2715 ipso
1041 2645 1233 2708 Paulo,
1261 2652 1317 2698 et
1343 2644 1457 2697 aliis
1480 2658 1692 2713 quoque
1714 2659 1843 2712 apo~

238 2737 388 2789 stolis
414 2736 598 2790 videre
630 2737 894 2806 quispiam
919 2748 1099 2807 posset
1121 2738 1221 2791 hoc
1245 2736 1443 2806 jugiter
1461 2738 1698 2802 evenire,
1716 2745 1766 2790 et
1791 2737 1842 2789 in

236 2831 745 2898 persequutionibus
774 2831 866 2885 Dei
899 2831 1121 2900 gratiam
1154 2832 1493 2885 efflorescere
1513 2870 1528 2894 ,
1580 2845 1842 2899 apparere

238 2918 290 2972 in
316 2921 770 2986 tribulationibus,
800 2932 854 2975 et
874 2925 951 2977 sic
967 2923 1217 2976 virtutem
1245 2939 1393 2976 suam
1425 2923 1733 2991 prmdicare.
1759 2921 1844 2977 ld-

237 3010 378 3063 circo
405 3010 620 3065 dicebat
654 3030 666 3065 :
693 3011 893 3083 Suﬁicit
918 3015 1007 3066 tibi
1035 3014 1201 3084 gratia
1224 3031 1332 3066 mea
1358 3014 1552 3068 :virtus
1574 3014 1706 3067 enim
1730 3032 1841 3067 mea

235 3102 285 3154 in
312 3103 609 3169 inﬁrmitate
637 3106 897 3174 perﬁcitur
931 3105 1005 3176 ('2.
1032 3106 1148 3160 Cor.
1176 3106 1263 3161 12.
1294 3106 1550 3175 9).Quod
1576 3117 1753 3159 autem
1786 3117 1839 3160 et

238 3198 464 3249 humana
494 3204 684 3250 natura
715 3198 915 3266 majora
944 3198 1094 3251 multi
1123 3199 1318 3266 saepius
1348 3198 1414 3252 de
1442 3199 1573 3267 ipsis
1600 3197 1844 3267 suspica-

235 3287 335 3339 turi
363 3297 535 3349 erant,
555 3288 655 3340 nisi
682 3289 801 3342 talia
833 3291 1095 3358 patientes
1122 3289 1397 3352 vidissent,
1415 3289 1537 3342 audi
1566 3289 1837 3358 quomodo

235 3376 407 3430 timuit
430 3370 648 3432 Paulus.
677 3377 818 3432 Nam
846 3390 892 3432 et
920 3380 963 3432 si
989 3380 1192 3432 voluero
1210 3422 1224 3443 ,
1254 3379 1451 3444 inquit,
1470 3378 1704 3449 gloriari,
1736 3396 1839 3433 non

232 3482 314 3519 era
334 3468 581 3537 insipiens
605 3483 623 3520 :
655 3486 809 3536 parco
841 3482 1040 3535 autem,
1074 3486 1136 3523 ne
1162 3471 1275 3538 quis
1306 3486 1385 3523 me
1410 3471 1657 3523 existimet
1679 3486 1837 3540 supra

232 3557 285 3609 id
309 3558 443 3627 quod
473 3559 607 3612 uidet
634 3561 687 3612 in
710 3578 806 3625 me,
828 3571 914 3613 aut
938 3561 1078 3614 audit
1104 3562 1296 3631 aliquid
1313 3577 1376 3614 ex
1398 3578 1480 3615 me
1498 3561 1574 3632 (‘2.
1599 3560 1719 3616 Cor.
1746 3561 1831 3615 12.

231 3648 310 3717 6).
356 3648 495 3717 Quid
548 3660 730 3705 autem
780 3662 863 3706 est
904 3652 1045 3722 quod
1087 3653 1258 3707 dicit?
1299 3654 1581 3719 Poteram,
1625 3654 1833 3725 inquit,

232 3744 398 3797 multo
428 3744 633 3815 majora
658 3745 841 3799 dicere
871 3747 1124 3801 miracula
1143 3788 1157 3811 ,
1189 3747 1284 3801 sed
1311 3747 1437 3802 nolo
1456 3789 1471 3813 ,
1500 3762 1568 3803 ne
1594 3747 1731 3802 forte
1757 3749 1833 3803 si-

228 3849 452 3903 gnarum
485 3836 797 3906 magnitudo
827 3838 1084 3907 majorem
1112 3838 1180 3894 de
1208 3854 1296 3894 me
1322 3839 1630 3897 hominibus
1656 3841 1835 3909 suspi-

226 3926 432 3980 cionem
465 3927 702 3982 inducat.
739 3930 1025 3999 Propterea
1055 3938 1109 3985 et
1152 3932 1342 3986 Petrus
1374 3941 1653 4003 postquam
1685 3934 1833 3988 elau—

226 4017 350 4071 dum
383 4021 593 4083 erexit,
623 4032 677 4075 et
715 4037 904 4077 omnes
929 4022 1102 4092 ipsum
1140 4024 1563 4090 admirabantur,
1594 4035 1650 4080 ut
1676 4026 1827 4082 cohi-

229 4108 377 4165 heret
400 4126 497 4165 eos
521 4112 754 4182 ipsisque
786 4115 1136 4183 persuaderet
1160 4131 1218 4172 se
1240 4118 1373 4171 nihil
1401 4135 1467 4172 ex
1486 4120 1683 4174 virtute
1710 4136 1833 4188 pro-

229 4199 339 4269 pria
387 4202 727 4267 exhibuisse,
770 4206 901 4261 dicit
937 4226 949 4260 :
987 4208 1124 4273 Quid
1156 4228 1246 4264 nos
1278 4212 1544 4266 intuemini
1572 4223 1829 4282 tamquam

224 4292 433 4361 propria
481 4296 664 4348 virtute
704 4296 784 4350 uel
832 4300 1016 4370 pietate
1056 4303 1339 4371 fecerimus
1376 4306 1513 4359 hunc
1566 4306 1830 4361 ambulare

223 4381 357 4449 (Act.
390 4384 445 4438 5.
475 4384 565 4454 12)
597 4385 619 4437 ?
651 4387 719 4440 Et
750 4405 934 4444 rursus
963 4390 1168 4463 Lystris
1199 4409 1304 4448 non
1336 4396 1510 4449 solum
1550 4409 1703 4453 erant
1728 4400 1826 4453 ob-

222 4473 535 4542 stupefacti,
564 4478 656 4531 sed
687 4489 742 4532 ct
768 4488 947 4536 tauros
969 4495 1251 4539 coronatos
1274 4485 1575 4554 duxerunt,
1594 4499 1647 4543 et
1666 4490 1828 4545 Paulo

220 4576 275 4654 et
316 4566 578 4621 Barnaba:
630 4571 907 4628 immolare
950 4577 1398 4646 aggrediebautur
1427 4582 1564 4652 (Act.
1597 4584 1683 4637 14.
1710 4584 1824 4654 12).

223 4653 353 4711 Vide
381 4657 581 4712 diaboli
612 4661 867 4716 malitiam
895 4683 908 4719 :
950 4681 1047 4733 per
1071 4683 1204 4738 quos
1231 4669 1487 4727 Dominus
1531 4688 1598 4727 ex
1628 4674 1827 4728 mundo

224 4744 556 4816 impietatem
595 4767 896 4823 expurgare
945 4757 1227 4825 studebat,
1261 4776 1358 4828 per
1406 4761 1504 4815 hos
1538 4764 1705 4831 ipsam
1737 4766 1827 4821 ille

222 4838 475 4896 inducere
500 4842 750 4898 studebat
773 4886 784 4910 ,
810 4862 1020 4902 rursum
1045 4852 1394 4919 persuadens,
1412 4865 1470 4908 ut
1494 4852 1626 4909 deos
1646 4856 1822 4911 homi-

223 4950 316 4990 nes
331 4950 454 4991 esse
482 4947 733 5005 putarent
755 4942 925 5010 :quod
942 4953 997 4997 et
1020 4946 1284 5013 prioribus
1304 4945 1428 5002 fecit
1451 4950 1781 5018 temporibus
1806 4968 1819 5004 :

218 5036 276 5080 et
304 5026 405 5081 hoc
435 5029 672 5084 maxime
693 5039 776 5085 est
796 5032 937 5101 quod
970 5032 1285 5090 idololatrim
1310 5039 1628 5109 principium
1654 5052 1709 5097 et
1738 5058 1820 5096 ra-

216 5117 391 5173 dicem
412 5120 727 5179 introduxit.
747 5122 897 5178 Multi
919 5126 1063 5180 enim
1086 5128 1175 5197 qui
1200 5128 1335 5183 bella
1353 5131 1489 5186 bene
1508 5143 1817 5202 gesserant,

214 5220 504 5266 erexerant
533 5222 732 5283 trepzna
759 5257 773 5279 ,
807 5217 966 5273 urbes
996 5220 1399 5277 :edificaverant
1419 5267 1433 5288 ,
1464 5234 1517 5278 et
1549 5226 1668 5281 aliis
1712 5227 1818 5282 hu-

214 5302 447 5369 jnsmodi
492 5303 875 5362 demerucrant
924 5309 1007 5364 sui
1057 5314 1314 5381 temporis
1355 5314 1630 5382 homines,
1678 5319 1752 5373 dii
1786 5334 1817 5374 a

216 5394 397 5448 multis
422 5396 709 5451 existimati
738 5406 898 5465 sunt,
930 5409 984 5456 et
1006 5404 1223 5473 templis
1248 5415 1301 5460 et
1322 5407 1432 5462 aris
1454 5407 1697 5464 honorati
1719 5452 1734 5478 ,
1763 5421 1819 5467 et

213 5484 389 5538 ontnis
414 5487 693 5556 gentilium
721 5488 943 5546 deorum
969 5508 1229 5549 numerus
1260 5512 1325 5550 ex
1356 5498 1665 5555 hominibus
1699 5502 1817 5557 istis

211 5577 472 5632 tenuatus
497 5588 600 5633 est.

279 5667 387 5723 Cur
408 5667 550 5724 Deus
592 5684 800 5726 sanctos
826 5674 946 5744 pelli
966 5686 1013 5730 et
1043 5681 1265 5733 cruciari
1291 5683 1591 5752 permiserit.
1618 5716 1691 5727 —
1730 5687 1809 5743 Ne

209 5757 373 5825 igitur
400 5761 504 5816 hoc
540 5770 595 5816 et
638 5762 692 5816 in
741 5766 943 5821 sanctis
971 5767 1142 5837 fieret,
1185 5773 1431 5843 permisit
1474 5775 1620 5846 ipsos
1669 5777 1812 5835 Deus

208 5850 462 5913 continue
489 5853 638 5925 pelli,
682 5855 960 5929 ﬂagellari,
984 5862 1036 5917 in
1064 5865 1244 5920 varios
1282 5866 1519 5925 incidere
1546 5871 1764 5928 morbos
1789 5889 1802 5926 :

529 5945 807 6016 Parant.
855 5958 971 6017 Gn.
1020 5958 1075 6017 Χ
1093 5960 1156 6018 LI
1172 5958 1247 6018 Χ.

1965 510 2019 555 ut
2052 503 2212 557 nimia
2240 506 2482 573 corporis
2508 506 2867 572 imbecillitas,
2919 515 2973 561 et
3006 506 3358 562 teutationum
3410 509 3564 562 turba

1962 595 2316 663 prmsentibus
2340 598 2711 665 persuaderet,
2747 598 2996 653 homines
3028 614 3148 654 esse
3180 615 3297 665 eos,
3334 600 3423 669 qui
3449 600 3570 654 taiia

1960 685 2187 741 ederent
2215 688 2493 756 miracula,
2522 690 2763 761 nihilque
2787 691 2855 746 de
2881 707 2979 747 suo
3008 693 3222 759 afferre,
3250 694 3344 747 sed
3371 693 3565 749 nudam

1959 779 2183 847 gratiam
2207 796 2304 849 per
2339 782 2459 836 illos
2489 784 2669 838 omnia
2722 786 2956 855 Operari.
3007 786 3062 841 Si
3113 788 3257 842 enim
3311 803 3468 857 parva
3515 800 3566 843 et

1963 868 2087 923 vilia
2117 883 2393 940 operatos,
2424 874 2559 930 deos
2588 887 2934 946 putaverunt,
2960 880 3131 933 multo
3162 880 3333 949 magis
3364 883 3405 933 si
3435 882 3571 938 nihil

1964 963 2107 1030 passi
2133 961 2359 1019 fuissent
2389 965 2705 1036 humanum,
2741 969 2840 1025 hos
2886 972 3139 1041 suspicati
3171 971 3419 1037 fuissent,
3479 974 3570 1043 qui

1964 1054 2084 1107 talia
2113 1055 2357 1123 fecerint,
2385 1060 2560 1129 qualia
2589 1078 2747 1118 nemo
2770 1080 3022 1135 umquam
3048 1080 3220 1135 neque
3245 1066 3377 1120 vidit
3396 1083 3571 1137 neque

1962 1149 2185 1201 audivit.
2218 1150 2273 1202 Si
2301 1153 2444 1205 enim
2501 1169 2622 1208 cum
2656 1156 2758 1225 ipsi
2797 1156 3224 1228 ﬂagellarentui-,
3280 1159 3576 1230 pr.-ecipita-

1962 1251 2170 1307 rentur,
2197 1241 2508 1311 ligarentur,
2543 1246 2894 1315 pellerentur,
2957 1250 3394 1319 periclitarentur
3441 1268 3576 1322 quo-

1965 1329 2115 1397 tidie,
2148 1341 2323 1386 tamen
2348 1334 2399 1387 in
2430 1336 2567 1391 hanc
2588 1337 2808 1407 impiam
2838 1340 3148 1408 Opinionem
3177 1342 3396 1411 quidam
3425 1344 3568 1397 ceci-

1963 1420 2158 1476 derunt
2183 1440 2195 1475 :
2222 1424 2388 1478 multo
2419 1427 2587 1496 magis
2611 1429 2653 1482 si
2680 1428 2812 1482 nihil
2839 1430 3129 1486 humanum
3157 1436 3297 1502 passi
3324 1432 3571 1501 fuissent,

1966 1512 2275 1581 hujusmodi
2303 1515 2531 1572 fuissent
2555 1520 2871 1576 existimati.

2032 1606 2085 1658 8.
2128 1605 2293 1676 Igitur
2337 1609 2453 1663 haec
2493 1611 2709 1679 quidem
2766 1614 2920 1667 tertia
2968 1613 3276 1671 afﬂictionis
3334 1632 3498 1673 causa
3554 1638 3566 1672 :

1960 1707 2150 1765 quarta
2178 1714 2328 1764 vero,
2360 1715 2429 1755 ne
2458 1703 2629 1755 sancti
2686 1713 2906 1773 propter
2960 1708 3244 1775 praisentis
3291 1706 3568 1763 fclicitatis

1959 1804 2109 1858 spem
2140 1790 2302 1844 Deum
2332 1793 2513 1846 colere
2541 1804 2815 1863 putentur.
2847 1797 3059 1851 Etenim
3088 1798 3238 1851 multi
3273 1816 3322 1852 tu
3354 1802 3567 1854 lascivia

1960 1882 2252 1935 viventium
2287 1900 2315 1936 a
2350 1884 2532 1939 multis
2576 1886 2773 1955 smpius
2818 1890 3078 1956 accusati,
3134 1900 3187 1943 et
3241 1890 3309 1944 ad
3357 1892 3570 1946 virtutis

1960 1974 2133 2026 vocati
2156 1974 2391 2042 labores,
2425 1986 2479 2030 et
2500 1988 2718 2033 sanctos
2743 1980 2810 2035 de
2832 1979 2989 2035 hilari
3022 1984 3390 2038 molestiarum
3432 1986 3568 2040 tole-

1964 2067 2137 2121 rantia
2158 2067 2364 2123 laudari
2395 2070 2698 2139 audientes,
2729 2089 2795 2128 ex
2819 2074 2903 2129 his
2926 2075 3071 2145 ipsos
3096 2093 3351 2133 accusare
3383 2094 3569 2148 aggre-

1957 2155 2177 2211 diuntur
2205 2178 2218 2212 :
2251 2168 2307 2214 et
2336 2177 2441 2215 non
2465 2163 2715 2240 homines
2742 2168 3077 2231 tantum,sed
3102 2178 3155 2223 et
3183 2170 3297 2238 ipse
3324 2169 3568 2224 diabolus

1958 2248 2063 2304 hoc
2084 2252 2590 2322 ipsum-suspicatus
2622 2265 2723 2311 est.
2770 2257 3039 2325 Quoniam
3070 2262 3212 2314 enim
3241 2262 3425 2315 multis
3451 2275 3566 2317 erat

1918 2344 2321 2400 \eircumdalus
2349 2346 2549 2402 divitiis
2573 2348 2695 2415 Joh,
2729 2360 2784 2405 et
2815 2354 2978 2406 multa
3011 2354 3319 2423 potiebatur
3342 2356 3567 2424 opulen-

1956 2437 2049 2499 tia,
2078 2437 2432 2504 exprobratus
2461 2456 2489 2493 a
2524 2441 2632 2495 Deo
2656 2452 2876 2513 propter
2906 2444 3079 2513 ipsum
3105 2446 3278 2500 malus
3323 2447 3410 2500 ille
3458 2448 3567 2501 dte-

1956 2544 2102 2592 mon,
2128 2545 2247 2585 cum
2272 2532 2402 2585 nihil
2432 2533 2657 2589 haberet
2678 2536 2821 2605 quod
2850 2536 3076 2607 diceret,
3114 2555 3289 2609 neque
3340 2558 3447 2611 quo
3497 2543 3564 2595 de

1956 2624 2068 2677 suis
2090 2636 2450 2681 excusaretur
2476 2629 2813 2696 criminibus,
2844 2647 3021 2701 neque
3050 2634 3189 2702 quod
3230 2634 3363 2703 justi
3390 2634 3564 2688 virtu-

1959 2718 2098 2771 tibus
2120 2706 2460 2790 impingeret,
2518 2721 2585 2776 ad
2612 2723 2752 2778 hanc
2777 2727 2956 2779 statim
3007 2726 3250 2798 confugit
3289 2727 3560 2791 defensio-

1956 2824 2101 2874 nem,
2126 2810 2312 2866 dicens
2343 2831 2355 2864 :
2394 2813 2661 2885 Numquid
2690 2817 2851 2886 gratis
2877 2816 2977 2871 Job
3023 2820 3146 2871 colit
3201 2822 3288 2873 te?
3340 2822 3563 2874 circum.

1955 2902 2157 2956 uallasti
2193 2905 2435 2959 interiora
2473 2919 2519 2961 et
2543 2910 2801 2963 exteriora
2822 2913 2931 2982 ejus
2958 2910 3092 2980 (Job
3150 2915 3201 2991 1ἲ
3227 2913 3281 2967 9.
3310 2913 3396 2978 10)
3416 2930 3429 2977 ;
3451 2930 3568 2983 pro-

1954 3004 2076 3066 pter
2102 2996 2428 3063 mercedem,
2460 3000 2651 3070 inquit,
2685 3002 2773 3057 ille
2820 3004 3072 3057 virtutem
3123 3006 3385 3073 sequitur,
3416 3015 3562 3060 tanta

1955 3085 2139 3141 fruens
2169 3088 2465 3157 epulentia.
2498 3092 2636 3158 Quid
2687 3093 2848 3161 igitur
2872 3092 3001 3149 fecit
3024 3094 3206 3149 Deus?
3238 3095 3305 3150 Ut
3331 3096 3562 3151 demon-

1952 3189 2150 3235 straret
2190 3191 2406 3237 sanctos
2458 3199 2565 3238 non
2608 3185 2873 3241 mercedis
2919 3202 3079 3241 causa
3117 3190 3289 3257 ipsum
3334 3190 3513 3246 colere
3546 3233 3561 3257 ,

1951 3285 2165 3325 omnem
2197 3273 2362 3341 ipsius
2390 3276 2742 3330 substantiam
2771 3279 3013 3339 abstulit,
3047 3282 3346 3349 paupertati
3396 3283 3558 3337 tradi-

1951 3363 2047 3427 dit,
2091 3374 2146 3419 et
2188 3366 2241 3419 in
2294 3382 2511 3436 gravem
2544 3368 2793 3423 morbum
2834 3372 3074 3426 incidere
3122 3375 3382 3440 permisit.
3438 3375 3556 3430 Mox

1950 3454 2101 3509 illum
2128 3456 2460 3527 redarguens
2493 3470 2763 3530 tamquam
2796 3470 2999 3516 temere
3033 3464 3156 3516 talia
3182 3466 3508 3535 suspicatum
3540 3508 3554 3531 ,

1946 3547 2154 3617 inquit:
2192 3550 2371 3604 Adhuc
2411 3553 2752 3607 innocentiam
2783 3557 2964 3609 retinet
2996 3573 3014 3610 :
3055 3569 3108 3609 tu
3156 3575 3273 3611 vero
3328 3576 3556 3614 commo-

1949 3641 2060 3693 visti
2084 3658 2163 3695 me
2191 3652 2243 3694 ut
2273 3646 2467 3714 [rustra
2488 3645 2651 3715 ipsius
2678 3646 3015 3700 substantia»:
3037 3649 3300 3718 perderent
3346 3650 3468 3722 (Job
3488 3650 3545 3705 2.

1947 3732 1980 3785 5
2007 3730 2047 3803 ).
2075 3732 2286 3788 Sanctis
2308 3736 2451 3789 enim
2475 3736 2577 3791 hoc
2598 3739 2653 3791 in
2679 3740 3170 3799 remunerationem
3215 3751 3273 3796 et
3316 3743 3551 3798 retribu-

1948 3823 2145 3879 tionem
2176 3825 2393 3893 sufficit,
2446 3827 2615 3882 Deum
2641 3830 2891 3884 venerari
2920 3846 2934 3882 :
2964 3833 3218 3901 quoniam
3252 3843 3304 3888 et
3351 3836 3550 3888 amanti

1947 3917 2051 3974 hoc
2099 3919 2151 3973 in
2205 3921 2619 3977 retributionem
2665 3923 2885 3992 sufficit,
2920 3941 2978 3979 se
3013 3938 3284 3981 amantem
3341 3943 3548 3991 amare.

1943 4021 1995 4065 et
2026 4012 2155 4065 nihil
2190 4013 2425 4082 amplius
2478 4016 2723 4084 requirit,
2755 4032 2855 4071 nec
2884 4017 3160 4087 quidpiam
3220 4018 3324 4073 hoc
3374 4025 3549 4088 majus

1898 4125 1904 4129 ·
1941 4117 2062 4157 esse
2090 4113 2258 4172 putat.
2293 4104 2350 4160 Si
2373 4120 2502 4159 vero
2533 4121 2658 4173 erga
2690 4106 2965 4162 hominem
2998 4108 3121 4173 hoc,
3169 4112 3337 4164 multo
3384 4113 3551 4181 magis

1942 4210 2068 4262 erga
2100 4196 2266 4249 Deum
2296 4214 2307 4249 :
2338 4197 2481 4266 quod
2507 4206 2564 4251 ut
2589 4188 2986 4256 demonstraret
3015 4201 3175 4265 Deus,
3209 4203 3360 4271 plura
3388 4220 3547 4272 quam

1939 4287 2183 4341 diabolus
2200 4288 2446 4357 petierat,
2479 4292 2770 4345 concessit.
2799 4291 2892 4347 Ille
2923 4294 3093 4362 inquit
3123 4311 3136 4347 :
3172 4294 3318 4347 Mitte
3340 4313 3547 4349 manum

1937 4390 2096 4445 tuam,
2142 4390 2187 4433 et
2230 4393 2379 4451 tange
2423 4384 2590 4451 ipsum
2622 4382 2741 4453 (Job
2763 4383 2817 4437 2.
2853 4386 2957 4456 5):
3018 4386 3157 4440 Deus
3211 4398 3390 4441 autem
3442 4404 3547 4441 non

1936 4470 2028 4530 ita,
2048 4470 2164 4537 sed,
2194 4473 2310 4525 Tibi
2338 4473 2533 4543 ipsum,
2560 4474 2750 4544 inquit,
2777 4476 2930 4530 trado
2962 4475 3065 4547 (Ib.
3105 4477 3253 4547 v.6).
3279 4480 3549 4545 Quemad-

1934 4563 2151 4618 modum
2188 4566 2329 4620 enim
2362 4567 2414 4619 in
2460 4568 2821 4622 exterioribus
2876 4571 3263 4625 certaminibus
3318 4588 3549 4643 corpore

1935 4657 2204 4727 vigentes,
2231 4669 2286 4714 et
2313 4661 2467 4714 bona:
2501 4661 2833 4717 habitudinis
2854 4663 3098 4728 athletae,
3134 4682 3241 4720 non
3268 4667 3345 4721 sic
3376 4684 3545 4738 appa-

1933 4757 2074 4811 rent,
2106 4764 2225 4801 cum
2259 4752 2644 4806 vestimentum
2671 4754 2904 4824 undique
2946 4756 3068 4811 oleo
3100 4758 3372 4813 madidum
3427 4762 3544 4814 fue-

1933 4839 2039 4893 rint
2063 4839 2254 4906 induti,
2289 4843 2385 4896 sed
2430 4845 2647 4913 quando
2691 4846 2780 4900 illo
2806 4847 3017 4917 abjecto
3049 4851 3177 4905 nudi
3211 4852 3261 4905 in
3308 4852 3541 4907 stadium

1932 4930 2202 4999 feruntur,
2230 4944 2357 4990 tunc
2387 4938 2627 4997 maxime
2653 4948 2987 5009 spectatores
3011 4944 3377 5006 membrorum
3407 4962 3534 5015 pro-

1934 5025 2183 5092 portione
2212 5027 2431 5095 penitus
2486 5029 2945 5100 obstupefaciunt,
3003 5049 3123 5087 cum
3182 5036 3316 5090 nihil
3369 5037 3539 5106 ipsam

1931 5118 2163 5185 amplius
2194 5119 2520 5175 obumbrare
2543 5124 2716 5191 possit
2741 5143 2753 5177 :
2778 5125 2857 5178 sie
2883 5133 2938 5178 et
2955 5124 3077 5193 Job,
3114 5128 3329 5196 quando
3360 5130 3540 5183 omni-

1934 5210 2035 5263 bus
2089 5212 2305 5281 quidem
2354 5215 2461 5269 illis
2487 5215 2687 5271 divitiis
2721 5218 3081 5276 circumfusus
3112 5231 3249 5285 erat,
3304 5224 3422 5293 quis
3453 5239 3541 5279 ess

1930 5311 2034 5367 set,
2096 5318 2203 5358 non
2256 5307 2439 5362 multis
2489 5309 2836 5366 manifestum
2877 5323 3027 5379 erat;
3080 5325 3361 5386 postquam
3411 5330 3541 5373 vero

1928 5394 2073 5462 ipsas
2100 5397 2246 5451 velut
2268 5400 2648 5455 vestimentum
2680 5402 2879 5460 athleta
2907 5405 3125 5475 abiecit,
3156 5419 3209 5462 et
3235 5409 3299 5463 ad
3320 5410 3537 5478 pietatis

1925 5488 2224 5541 certamina
2244 5489 2419 5544 nudus
2474 5492 2712 5557 intravit,
2763 5494 2842 5550 sic
2892 5496 3151 5565 spoliatus
3200 5508 3533 5567 spectatores

1925 5594 2117 5635 omnes
2159 5583 2409 5651 perculit,
2464 5595 2522 5639 ut
2574 5596 2629 5640 et
2685 5588 2859 5657 ipsum
2899 5590 3214 5662 angelorum
3263 5594 3533 5652 theatrum

1923 5685 2086 5744 snper
2114 5674 2279 5727 animi
2304 5676 2421 5746 ejus
2448 5678 2728 5745 tolerantia
2753 5682 2769 5712 ι
2803 5680 3156 5740 vehementer
3180 5686 3529 5755 acclamaret,

1923 5776 1979 5823 et
2008 5769 2196 5822 victori
2228 5769 2303 5823 illi
2331 5770 2701 5842 applauderet.
2737 5773 2891 5841 Quod
2935 5776 3078 5830 enim
3123 5779 3373 5851 superius
3411 5773 3522 5842 jam

1988 5896 2005 5916 δ
2042 5885 2125 5936 Alii
2150 5899 2163 5935 :
2185 5894 2336 5949 Super
2359 5886 2510 5939 animi
2525 5887 2631 5951 ejus
2654 5889 2883 5953 puritate,
2913 5899 3008 5942 etc.

3167 5984 3206 6037 2
