4196 6316
654 408 721 460 27
1390 376 1446 468 si
1487 410 1764 469 JOANNIS
1800 409 2278 469 CIIﬂYSOSTOHI
2317 410 2635 469 ARCIIIEP.
2675 404 3207 471 CONSTAN'I‘INOP.
3866 412 3946 469 aa

657 527 897 593 dixl,non
925 527 995 583 Ita
1023 527 1321 584 hominibus
1339 528 1627 600 apparebat
1656 528 1758 583 illis
1770 526 2021 583 omnibus
2037 525 2233 581 divitiis

648 619 1104 683 reircumamictus,
1130 630 1190 674 ut
1213 619 1425 689 quando
1446 618 1550 674 illis
1578 629 1844 690 tamquam
1874 618 2091 689 pallium
2121 632 2235 687 pro-

653 707 808 776 iectis
848 708 1021 764 nudus
1045 711 1264 777 exsiliit,
1316 710 1367 765 in
1414 709 1592 766 medio
1618 710 1768 775 orbe,
1800 720 2070 779 tamquam
2096 711 2238 763 thea-

666 813 747 853 tro
772 819 786 855 :
814 808 867 856 et
893 816 1080 857 omnes
1107 802 1296 857 bonam
1326 803 1491 873 ipsius
1519 803 1685 857 animi
1716 801 2083 869 habitudinem
2141 800 2239 855 ad-

657 890 831 944 mirati
862 901 979 946 sunt
1008 910 1021 945 :
1052 907 1154 944 non
1181 892 1353 947 solum
1377 894 1657 947 autem'ex
1688 906 1865 945 rerqu
1898 891 2104 961 jactura
2144 905 2237 943 su-

662 981 1007 1050 spiciebatur,
1041 981 1135 1037 sed
1158 984 1318 1036 etiam
1350 998 1412 1037 es
1448 982 1716 1051 patientia:
1740 981 1879 1037 lucta
1907 980 2047 1035 circa
2077 980 2235 1052 :egri-

654 1070 917 1127 tudinem.

731 1162 834 1217 Cur
862 1161 999 1217 Deus
1023 1162 1142 1231 qui
1166 1181 1351 1232 corpus
1374 1164 1425 1217 in
1454 1172 1747 1233 potestatem
1773 1162 1961 1217 diaboli
2008 1161 2236 1215 tradide-

662 1254 749 1308 rit.
776 1283 848 1295 —
867 1255 1017 1310 Sicut
1040 1255 1180 1309 enim
1205 1267 1329 1310 ante
1357 1256 1490 1321 dixi,
1525 1269 1630 1310 non
1662 1256 1806 1309 illum
1834 1255 1948 1323 ipse
1979 1255 2240 1320 percussit

663 1344 823 1410 Deus,
852 1358 920 1399 ne
946 1360 1155 1399 rursum
1176 1346 1417 1400 diabolus
1436 1346 1641 1401 diceret
1670 1363 1683 1397 :
1718 1345 2029 1414 Pepercisti,
2056 1352 2238 1398 etnon

658 1444 880 1501 tantam,
924 1448 1175 1507 quantam
1221 1438 1525 1508 oportebat,
1574 1428 1797 1493 intulisti
1849 1440 2235 1492 teutationem:

659 1526 754 1581 sed
778 1526 877 1596 ipsi
909 1527 1127 1582 tradidit
1152 1530 1366 1585 diabolo
1409 1539 1465 1583 et
1516 1544 1736 1599 gregum
1787 1528 2139 1597 perditionem
2186 1534 2242 1582 et

662 1617 839 1669 carnis
866 1625 1203 1684 potestatem.
1235 1616 1464 1673 Conﬁdo
1488 1618 1557 1673 de
1579 1628 1868 1683 certatore,
1926 1618 2112 1687 inquit,
2170 1615 2242 1671 id-

659 1706 806 1761 circo
830 1722 935 1762 non
994 1708 1252 1778 prohibeo
1301 1709 1403 1778 ipsi
1456 1725 1806 1779 qumcumque
1853 1708 1987 1764 velis
2045 1707 2243 1763 inferre

663 1794 973 1854 certamina.
1005 1799 1112 1856 Sed
1150 1800 1600 1871 quemadmodum
1645 1801 1868 1871 spectati
1915 1802 2238 1870 palmstritm,

656 1898 715 1943 ot
746 1898 863 1946 arte
888 1900 944 1945 et
962 1892 1206 1961 corporis
1234 1891 1428 1946 robore
1454 1891 1702 1957 ﬁdentes,
1731 1908 1835 1944 non
1870 1891 2000 1947 recti
2045 1891 2241 1946 adver-

664 1979 817 2034 sariis
857 1989 915 2035 ut
938 1981 1253 2050 plurimum,
1286 1980 1728 2052 congrediuntur,
1773 1997 1946 2051 neque
1985 1983 2051 2036 de
2095 1983 2239 2052 pari,

661 2070 753 2123 sed
780 2070 987 2139 seipsos
1013 2072 1117 2126 illis
1147 2071 1350 2127 medios
1379 2071 1870 2142 apprehendendus
1893 2073 2151 2142 prmbent,
2184 2081 2245 2127 ut

663 2162 1011 2218 illustriorem
1038 2166 1319 2219 victoriam
1343 2165 1579 2220 referant
1602 2182 1615 2217 :
1667 2166 1744 2220 sic
1769 2178 1823 2220 et
1845 2167 1983 2219 Deus
2006 2167 2240 2221 medium

663 2253 880 2310 tradidit
906 2265 1149 2310 sanctum
1182 2254 1399 2311 diabolo
1421 2256 1957 2326 apprehendendum,
2010 2266 2069 2311 ut
2121 2273 2241 2313 cum

664 2354 783 2412 post
808 2346 1301 2401 tantamcouﬂictus
1322 2348 1729 2417 praerogativam
1759 2348 2046 2417 superarit,
2092 2348 2245 2403 solo-

666 2451 770 2505 que
814 2440 1179 2506 prostraverit,
1232 2439 1429 2494 clarior
1457 2454 1655 2494 corona
1706 2440 1984 2495 reddatur.
2038 2442 2243 2497 Aurum

664 2534 748 2581 est
776 2527 1051 2594 probatum
1083 2546 1097 2578 :
1124 2543 1223 2597 pro
1248 2529 1417 2584 lubito
1447 2529 1629 2599 proba,
1654 2540 1712 2584 ut
1742 2530 1915 2598 placet
1957 2531 2201 2585 examina
2226 2572 2244 2598 ,

668 2616 853 2671 sordes
881 2618 933 2671 in
963 2618 1079 2687 ipso
1108 2633 1213 2673 non
1239 2619 1501 2675 invenies.
1529 2619 1644 2674 Non
1670 2620 1895 2674 aliorum
1919 2635 2046 2677 vero
2092 2621 2246 2678 nobis

668 2715 869 2760 tantum
895 2706 1258 2763 fortitudinem
1283 2710 1660 2765 demonstrat:
1716 2710 1812 2765 sed
1852 2721 1907 2765 et
1946 2712 2103 2767 aliam
2135 2727 2249 2767 ma-

667 2811 825 2864 gnam
850 2797 1004 2853 offert
1021 2800 1606 2868 consolationem.Quid
1630 2801 1771 2856 enim
1789 2802 1961 2871 inquit
1975 2801 2249 2858 Christus?

669 2887 813 2941 Beati
840 2890 993 2952 eritis,
1021 2907 1133 2942 cum
1158 2890 1513 2945 maledixermt
1538 2892 1675 2945 vobis
1723 2891 1949 2945 homines
1997 2902 2043 2945 et
2075 2907 2247 2962 perse-

668 2980 809 3048 quuti
838 2997 925 3036 vos
948 2984 1157 3053 fuerint,
1196 2993 1243 3037 et
1271 2984 1489 3038 dixerint
1521 3000 1668 3038 omne
1689 2986 1877 3037 malum
1906 2985 2107 3039 verbum
2148 2986 2248 3040 ad-

669 3084 864 3125 versum
887 3087 975 3126 vos
1013 3066 1307 3128 mentientes
1347 3084 1551 3145 propter
1581 3092 1660 3128 me
1686 3090 1705 3129 .'
1731 3076 1953 3145 gaudete.
1991 3086 2039 3131 et
2082 3077 2253 3132 exsul-

670 3168 791 3227 tate,
809 3163 1045 3232 quoniam
1067 3179 1253 3218 merces
1274 3175 1438 3219 vestra
1458 3182 1642 3236 magna
1668 3177 1738 3220 est
1760 3168 1812 3219 in
1838 3166 1975 3222 ralis
1994 3182 2013 3221 :
2033 3169 2105 3222 sic
2116 3171 2251 3223 enim

667 3255 891 3321 fecerunt
912 3255 1171 3324 prophetis
1188 3267 1353 3325 patres
1377 3273 1549 3312 eorum
1576 3256 1791 3327 (Matth.
1826 3258 1879 3313 5.
1909 3259 1993 3314 11.
2021 3259 2133 3330 12).
2185 3260 2252 3315 Et

668 3354 879 3399 rursum
901 3346 1095 3401 Paulus
1120 3347 1712 3403 Macedonasconsolari
1730 3350 1915 3405 volens
1941 3367 1953 3404 :
1980 3349 2079 3405 Vos
2094 3344 2249 3419 enim,

669 3435 857 3506 inquit,
884 3437 1160 3490 imitatores
1190 3438 1313 3509 facti
1332 3440 1451 3494 estis
1499 3439 1684 3509 fratres
1728 3437 2080 3495 Ecclesiarum
2131 3441 2250 3510 Dei,

666 3542 779 3596 qua:
800 3536 915 3582 sunt
942 3529 993 3581 in
1018 3526 1238 3583 ludam:
1269 3530 1507 3600 quoniam
1527 3530 1702 3584 eadem
1732 3532 1869 3600 passi
1899 3532 2017 3585 estis
2053 3548 2086 3584 a
2126 3549 2253 3586 con-

669 3616 931 3671 tribulibus
958 3618 1154 3682 vestris,
1181 3620 1604 3689 quemadmodum
1632 3630 1679 3675 et
1724 3621 1803 3674 illi
1845 3638 1877 3674 a
1918 3620 2119 3678 Judteis
2152 3621 2173 3696 (
2198 3624 2247 3678 1.

672 3706 846 3761 Thess.
879 3709 932 3761 2.
980 3710 1088 3780 14).
1121 3709 1192 3765 Ει
1240 3710 1494 3766 llebrceos
1532 3726 1744 3765 rursum
1793 3713 1863 3767 ita
1916 3714 2248 3781 consolatur,

670 3799 1148 3869 reccnsensjustos
1176 3816 1362 3856 omnes
1386 3802 1439 3856 in
1468 3801 1791 3867 fornacibus,
1837 3807 1888 3857 in
1932 3806 2165 3872 lacubus,
2195 3808 2249 3863 in

669 3890 1059 3957 solitudinibus,
1092 3893 1145 3946 in
1169 3892 1462 3961 montibus,
1488 3894 1539 3947 in
1571 3886 1862 3963 speluncis,
1914 3896 1967 3950 in
2000 3896 2157 3964 fame,
2198 3898 2249 3952 in

667 3985 905 4053 augusﬁa
930 3986 1185 4053 degentes
1209 3985 1392 4058 (Hebr.
1421 3987 1507 4041 11.
1532 3986 1602 4041 36
1627 4017 1698 4026 —
1736 3988 1861 4056 ‘58):
1890 3989 2253 4046 molestiarum

667 4076 807 4129 enim
830 4075 1240 4130 communicatio
1256 4077 1538 4146 quamdam
1568 4078 1728 4147 lapsis
1747 4076 1901 4132 aﬂ‘ert
1926 4079 2251 4135 Consolatio-

669 4182 810 4221 nem.
860 4166 1011 4234 Quod
1055 4180 1229 4221 autem
1268 4176 1323 4223 et
1350 4168 1417 4223 de
1445 4170 1838 4224 resurrectione
1887 4186 2097 4241 quoque
2150 4172 2252 4229 hoc

667 4260 838 4330 ipsum
860 4275 1135 4315 sermones
1154 4260 1384 4326 inducat,
1418 4261 1540 4317 audi
1557 4262 1803 4316 eumdem
1823 4261 2044 4317 Paulum
2071 4262 2253 4318 dicen-

668 4360 773 4404 tem
802 4368 814 4403 :
846 4349 908 4405 Si
932 4352 1206 4405 secundum
1236 4352 1489 4405 hominem
1515 4369 1630 4405 cum
1650 4352 1769 4422 [eris
1799 4355 2017 4424 pugnavi
2035 4351 2248 4424 Ephesi,

667 4443 787 4514 quid
814 4444 937 4496 mihi
967 4443 1189 4513 prodest,
1222 4444 1267 4497 si
1289 4444 1472 4497 mortui
1499 4459 1598 4497 non
1622 4453 1889 4514 resurgunt
1976 4444 1998 4516 (
2022 4446 2072 4499 1.
2131 4444 2247 4501 Cor.

671 4534 756 4589 15.
782 4534 911 4594 5‘2)?
940 4535 1005 4588 Et
1034 4535 1225 4589 iterum
1252 4552 1265 4589 :
1299 4533 1362 4589 Si
1390 4535 1442 4587 in
1472 4535 1567 4587 hac
1602 4536 1703 4587 vita
1728 4543 1921 4587 tantum
1946 4538 1999 4588 in
2050 4534 2252 4589 Christo

667 4636 923 4694 sperantes
944 4644 1137 4689 sumus,
1162 4627 1544 4681 miserabiliores
1564 4643 1736 4681 sumus
1757 4627 1986 4682 omnibus
2029 4627 2251 4682 homini-

670 4723 759 4775 bus
786 4721 893 4791 (Ib.
914 4743 969 4773 ν.
1006 4722 1115 4793 19).
1151 4720 1430 4775 lunumcra
1464 4720 1695 4791 patimur
1722 4720 1860 4774 mala
1892 4721 1944 4775 in
2000 4722 2249 4790 praesenti

668 4814 794 4878 vita,
829 4813 1032 4882 inquit:
1065 4813 1107 4867 si
1141 4813 1300 4883 igitur
1326 4827 1433 4866 non
1460 4820 1707 4882 speratur
1732 4812 1899 4866 altera
1929 4811 2033 4865 vita
2053 4852 2067 4877 ,
2122 4813 2248 4882 quid

668 4905 819 4961 nobis
844 4921 964 4961 esse
987 4906 1152 4975 possit
1200 4905 1599 4961 miserabilius?

735 4999 789 5054 9.
868 4998 966 5053 Res
996 5012 1181 5054 nostra:
1204 5010 1321 5053 sunt
1348 5000 1500 5070 hujus
1534 5000 1647 5053 vitae
1669 4999 1905 5053 limitibus
1932 5000 2249 5054 circumscri-

668 5100 783 5158 ptte.
806 5120 876 5132 —
903 5090 1053 5146 Unde
1079 5090 1415 5145 manifestum
1440 5099 1523 5145 est
1542 5106 1647 5144 non
1669 5104 1789 5146 esse
1816 5105 1902 5144 res
1924 5100 2132 5145 nostras
2158 5090 2255 5144 hu-

666 5183 748 5250 ius
790 5182 885 5235 acri
932 5181 1185 5235 limitibus
1235 5180 1686 5251 circumscriptas.
1737 5180 1806 5233 Et
1848 5179 1950 5234 hoc
1990 5179 2154 5249 liquet
2186 5197 2253 5235 ex

669 5274 1045 5330 tentationibus
1076 5293 1088 5328 :
1118 5290 1403 5344 numquam
1435 5275 1576 5329 enim
1610 5274 1747 5328 Deus
1790 5281 2059 5341 pateretur
2095 5280 2171 5326 tot
2200 5282 2255 5326 et

668 5368 789 5420 talia
815 5380 999 5437 passos
1030 5368 1190 5431 mala,
1212 5375 1265 5421 et
1290 5376 1605 5436 prmsentem
1636 5368 1796 5421 vitam
1821 5380 2033 5420 omnem
2060 5365 2112 5419 in
2136 5375 2253 5419 ten-

668 5458 954 5512 tationibus
983 5468 1034 5512 et
1063 5459 1280 5513 inﬁnitis
1309 5459 1561 5528 degentes
1591 5458 1862 5529 periculis,
1896 5460 2061 5514 multo
2088 5459 2255 5529 majo-

668 5549 815 5604 ribus
846 5567 951 5604 non
979 5552 1309 5607 remunerari
1341 5552 1669 5607 muneribus.
1699 5552 1755 5608 Si
1781 5567 1911 5607 vero
1936 5553 1987 5608 id
2017 5554 2121 5622 pati
2148 5570 2252 5609 non

670 5652 859 5709 potest,
892 5652 1098 5697 certum
1124 5644 1265 5712 quod
1296 5646 1571 5701 meliorem
1601 5654 1656 5701 et
1682 5645 2017 5702 illustriorem
2048 5648 2255 5716 pararit

669 5736 888 5787 alteram
936 5735 1131 5800 vitam,
1173 5737 1225 5789 in
1263 5752 1364 5806 qua
1401 5737 1610 5805 pietatis
1656 5737 1858 5807 pugiles
1900 5752 2158 5793 coronare
2199 5746 2255 5792 et

670 5824 883 5879 laudare
915 5832 1027 5880 toto
1048 5826 1205 5883 debet
1231 5828 1361 5883 orbe
1383 5837 1676 5900 spectante.
1711 5830 1889 5900 Itaque
1913 5846 2034 5886 cum
2058 5830 2255 5885 videris

2341 525 2541 595 justum
2562 528 2856 598 angustiari
2873 570 2889 593 ,
2916 527 3114 598 afﬂigi,
3142 526 3195 580 in
3221 523 3583 580 imbecillitate
3601 566 3616 590 ,
3646 528 3897 595 pauperie
3916 567 3942 593 ,

2342 626 2398 671 et
2418 618 2712 673 innumeris
2732 619 2849 673 aliis
2867 620 3120 674 asrunmis
3144 628 3457 687 prmsentem
3478 617 3639 673 vitam
3657 618 3939 682 claudere.

2342 704 2429 760 die
2456 708 2591 762 intra
2622 718 2673 762 te
2699 709 2871 778 ipsum
2899 725 2912 761 :
2938 708 3047 764 Nisi
3073 708 3395 763 resurrectio
3418 719 3560 763 esset
3580 708 3939 778 etjudicium.
3984 746 3991 750 ι

2343 814 2632 869 numquam
2662 800 2802 856 Deus
2834 809 2973 854 tanta
3013 809 3228 869 propter
3256 814 3315 854 se
3345 799 3484 853 mala
3515 814 3729 868 passum
3749 841 3763 863 ,
3790 800 3946 854 nullo

2346 892 2568 957 potitum
2601 892 2742 947 bono
2768 891 2892 947 hinc
2919 894 3149 961 migrare
3181 891 3510 960 permisisset
3538 907 3552 943 :
3583 891 3724 946 unde
3751 900 3896 960 patet
3918 931 3936 953 .

2344 980 2517 1050 ipsum
2548 983 2769 1036 alteram
2812 983 2891 1037 eis
2932 983 3093 1035 vitam
3142 981 3393 1051 pnesenti
3428 981 3799 1051 jucundioreut
3824 1022 3839 1045 ,
3883 989 3945 1036 et

2342 1076 2511 1129 multo
2563 1075 2839 1130 meliorem
2896 1090 3102 1144 parare.
3157 1074 3269 1129 Nisi
3296 1075 3437 1129 enim
3465 1074 3567 1127 hoc
3592 1082 3753 1137 esset,
3782 1090 3942 1126 mun-

2342 1181 2500 1235 quam
2530 1165 2740 1220 sivisset
2775 1165 3045 1235 improbos
3072 1165 3285 1234 quidem
3325 1164 3520 1219 multos
3564 1178 3660 1233 per
3692 1163 3829 1218 hanc
3859 1163 3943 1217 vi-

2345 1264 2451 1310 tam
2474 1256 2727 1326 gaudere,
2745 1256 3010 1325 iustorum
3032 1270 3161 1310 vero
3182 1254 3376 1309 multos
3403 1254 3452 1307 iu
3478 1254 3717 1323 plurimis
3738 1269 3942 1309 terum-

2346 1346 2430 1400 uis
2472 1348 2713 1410 versari;
2753 1347 2846 1400 sed
2884 1346 3136 1415 quoniant
3180 1352 3530 1414 praeparatum
3568 1354 3652 1399 est
3684 1346 3940 1398 sxeculum

2345 1428 2506 1494 aliud,
2533 1431 2583 1483 in
2610 1445 2716 1500 quo
2742 1431 3033 1484 secundum
3059 1429 3331 1503 meritum,
3356 1428 3481 1482 huic
3504 1428 3713 1497 quidem
3738 1428 3941 1497 impro-

2345 1521 2524 1576 bitatis
2545 1562 2561 1583 .
2588 1523 2664 1577 illi
2698 1537 2825 1577 vero
2847 1523 3067 1587 ,virtutis
3092 1523 3308 1592 praemia
3335 1520 3560 1576 reddere
3584 1521 3744 1577 debet
3772 1540 3786 1576 :
3819 1522 3945 1577 ideo

2347 1616 2475 1671 sinit
2501 1616 2641 1671 buuc
2661 1616 2877 1687 quidem
2906 1616 3089 1686 afﬂigi,
3118 1616 3265 1670 illum
3293 1631 3419 1670 vero
3441 1614 3647 1669 deliciis
3668 1614 3940 1670 difﬂuere.

2345 1708 2542 1765 Verum
2569 1719 2622 1765 et
2640 1711 2799 1763 aliam
2821 1725 2885 1765 ex
2912 1708 3198 1779 Scripturis
3225 1722 3439 1764 causam
3464 1706 3657 1763 aﬂ‘erre
3680 1708 3939 1763 conabor.

2346 1799 2528 1867 Qualis
2552 1815 2677 1855 vero
2702 1800 2817 1855 haec
2840 1799 2960 1855 est?
2988 1799 3065 1855 Ne
3090 1799 3327 1854 dicamus
3354 1813 3451 1852 nos
3478 1798 3544 1851 ad
3567 1798 3811 1852 eamdem
3834 1800 3944 1853 vir-

2348 1902 2515 1948 tutem
2552 1893 2777 1957 invitati,
2808 1893 3030 1947 alterius
3061 1902 3263 1946 natura:
3291 1891 3572 1960 participes
3604 1890 3719 1944 illos
3750 1888 3942 1955 fuisse,

2347 1994 2439 2038 aut
2465 1985 2709 2038 [nomines
2734 1998 2839 2038 non
2865 1984 3048 2038 fuisse.
3102 1980 3304 2036 Idcirco
3350 1981 3565 2052 quidam
3617 1980 3686 2035 de
3738 1996 3939 2049 magno

2348 2074 2571 2144 loquens
2602 2073 2772 2139 Helia,
2798 2074 2877 2129 sic
2903 2075 3072 2143 inquit
3099 2090 3112 2126 :
3148 2072 3323 2127 Helias
3351 2073 3500 2126 homo
3528 2082 3638 2125 erat
3665 2072 3719 2125 in
3745 2073 3947 2140 passio-

2349 2165 2494 2219 nibus
2518 2151 2697 2219 similis
2721 2166 2863 2219 nobis
2889 2163 3091 2233 (Iacob.
3117 2164 3167 2218 5.
3190 2165 3300 2230 17).
3328 2162 3489 2216 Vides
3511 2161 3649 2231 quod
3679 2178 3705 2212 τι
3740 2162 3948 2231 passio-

2351 2270 2477 2309 num
2523 2254 2899 2309 communione
2936 2254 3269 2309 demonStrat
3312 2255 3484 2321 ipsum
3524 2253 3790 2307 hominem
3822 2267 3947 2307 esse

2349 2354 2408 2399 ut
2438 2347 2574 2400 nos?
2604 2345 2669 2399 Et
2693 2346 2884 2399 iterum
2914 2363 2928 2398 :
2959 2344 3160 2398 Etenim
3190 2362 3280 2416 ego
3309 2346 3457 2398 homo
3486 2362 3598 2398 sum
3627 2346 3678 2398 in
3705 2346 3947 2416 patiendo

2349 2435 2485 2489 vobis
2510 2435 2689 2490 similis
2715 2435 2735 2506 (
2759 2435 2991 2506 Sapient.
3023 2437 3075 2491 7.
3106 2437 3131 2491 1
3156 2435 3197 2505 ).
3232 2437 3298 2490 Et
3329 2437 3428 2490 hoc
3455 2446 3659 2490 natura:
3695 2451 3946 2491 commu-

2351 2531 2565 2607 nionem
2587 2531 2832 2601 spondet.
2860 2530 2927 2587 Ut
2945 2542 3121 2586 autem
3144 2531 3320 2586 discas
3344 2546 3466 2585 eum
3490 2530 3579 2585 hic
3596 2530 3789 2585 docere
3808 2545 3947 2598 quos

2350 2632 2593 2692 oporteat
2619 2632 2805 2691 putare
2832 2623 3037 2686 beatos,
3064 2620 3113 2676 id
3143 2620 3265 2676 inde
3289 2621 3491 2675 clarum
3516 2630 3599 2675 est
3622 2638 3635 2674 :
3658 2636 3777 2676 cum
3798 2622 3948 2675 enim

2350 2711 2583 2767 audieris
2623 2712 2842 2767 Paulum
2886 2712 3185 2777 dicentem,
3221 2710 3389 2781 Usque
3414 2713 3469 2765 in
3509 2712 3641 2765 hanc
3680 2712 3859 2764 horam
3898 2720 3951 2765 et

2352 2807 2618 2873 esurimus,
2648 2815 2694 2859 et
2720 2806 2937 2870 sitimus,
2956 2815 3001 2858 et
3030 2805 3155 2857 nudi
3182 2820 3378 2866 sumus,
3405 2814 3449 2857 et
3473 2804 3877 2872 colaphizamur,
3899 2812 3951 2858 et

2354 2897 2611 2951 instabiles
2635 2914 2828 2961 sumus,
2848 2906 2893 2951 et
2919 2896 3207 2952 laboramus
3229 2895 3289 2965 (I.
3311 2894 3430 2949 Cor.
3446 2894 3605 2965 4.11)
3631 2910 3648 2960 ;
3674 2904 3745 2961 et,
3781 2894 3951 2961 Quem

2354 2989 2518 3060 diligit
2538 2987 2809 3053 Dominus,
2837 2989 3047 3058 castigat
3071 3004 3089 3041 :
3112 2987 3340 3059 ﬂagellat
3365 2996 3532 3040 autem
3559 3002 3757 3039 omnem
3780 2986 3952 3053 ﬁlium

2352 3096 2499 3153 quem
2525 3079 2733 3148 suscipit
2765 3077 2945 3150 (Hebr.
2977 3077 3063 3131 η.
3094 3078 3187 3145 6);
3219 3087 3423 3131 certum
3454 3084 3538 3130 est
3564 3091 3683 3139 nos,
3717 3089 3823 3127 non
3848 3088 3953 3129 eos

2352 3173 2442 3243 qui
2475 3174 2526 3226 in
2554 3176 2731 3242 quiete
2758 3172 2978 3241 degunt,
3007 3169 3100 3225 sed
3131 3184 3225 3225 eos
3252 3170 3340 3239 qui
3374 3177 3593 3237 propter
3620 3167 3786 3220 Deum
3811 3164 3949 3219 afﬂi-

2353 3275 2551 3336 guntur
2593 3272 2648 3320 et
2688 3272 2953 3318 vexantur
2978 3304 2994 3327 ,
3039 3262 3239 3332 quique
3280 3262 3531 3314 virtutem
3582 3259 3951 3328 pietatemque

2353 3354 2537 3410 colunt
2560 3353 2867 3408 laudaturos
2888 3364 2941 3407 et
2961 3352 3307 3406 aemulaturos
3327 3365 3470 3405 esse.
3505 3346 3595 3402 Sic
3607 3354 3662 3401 et
3675 3347 3950 3417 Propheta

2354 3444 2484 3501 dicit
2514 3464 2526 3498 :
2558 3443 2780 3499 Dextera
2809 3444 3033 3512 ipsorum
3060 3443 3265 3495 dextera
3295 3440 3597 3510 iniquitatis,
3624 3439 3746 3508 ﬁlia:
3773 3454 3952 3491 eorum

2355 3538 2664 3607 compositae,
2698 3537 3114 3601 circumornatw,
3142 3542 3196 3587 ut
3221 3532 3500 3587 similitudo
3531 3530 3723 3599 tentpli.
3762 3528 3953 3581 Prom—

2356 3632 2559 3703 ptuaria
2596 3647 2769 3685 eorum
2797 3630 2946 3701 plena
2968 3669 2985 3693 ,
3013 3628 3298 3682 eructantia
3325 3643 3388 3680 ea:
3414 3629 3509 3680 hoc
3547 3627 3598 3680 in
3627 3625 3757 3679 illud
3785 3640 3804 3677 :
3832 3640 3953 3679 oves

2356 3740 2529 3780 eorum
2559 3727 2734 3795 fetoste
2753 3763 2768 3785 ,
2797 3720 3109 3775 abundantes
3136 3720 3189 3774 in
3217 3720 3497 3790 egressibus
3521 3719 3627 3773 suis
3650 3760 3665 3782 ,
3691 3718 3838 3771 boves
3861 3734 3955 3771 eo.

2355 3830 2467 3867 rum
2504 3829 2705 3867 crasste.
2740 3810 2862 3866 Non
2892 3821 2962 3865 est
2990 3814 3141 3864 ruina
3168 3810 3398 3864 maceria:
3424 3850 3441 3877 ,
3471 3825 3628 3879 neque
3663 3808 3907 3862 transitus
3930 3849 3952 3876 ,

2357 3919 2513 3973 neque
2549 3904 2739 3956 clamor
2770 3902 2822 3955 in
2847 3900 3025 3971 plateis
3050 3916 3242 3953 eorum.
3286 3898 3497 3952 Beatum
3520 3900 3758 3952 dixerunt
3785 3914 3956 3969 popu-

2358 3996 2468 4049 lum
2488 3994 2571 4050 cui
2600 3994 2708 4047 hac
2741 4002 2855 4046 sunt
2908 3991 2926 4064 (
2955 3991 3095 4046 Psal.
3129 3991 3252 4046 145.
3285 3990 3518 4060 11-15).
3553 3994 3634 4048 Tu
3659 4007 3785 4047 vero
3810 3991 3954 4044 Pro-

2357 4086 2519 4156 pheta
2547 4084 2675 4155 quid
2699 4084 2869 4139 dicis?
2898 4082 3084 4137 Beatus
3102 4122 3119 4148 ,
3152 4082 3354 4151 inquit,
3388 4082 3636 4151 populus,
3663 4082 3811 4149 cujus
3847 4080 3955 4135 Do-

2356 4179 2521 4231 minus
2549 4176 2685 4230 Deus
2714 4178 2822 4245 ejus
2849 4174 2999 4247 (lb.v
3019 4213 3033 4226 .
3060 4174 3175 4242 15).
3206 4172 3321 4227 Non
3350 4172 3589 4241 pecuniis
3612 4171 3955 4239 afﬂuentem,

2356 4268 2452 4324 sed
2485 4271 2681 4339 pietate
2705 4278 2951 4322 ornatum
2972 4306 2988 4329 ,
3020 4265 3161 4319 hunc
3186 4279 3283 4335 ego
3313 4263 3527 4319 beatum
3553 4273 3703 4333 puto,
3740 4263 3914 4332 inquit
3934 4305 3953 4329 ,

2356 4358 2455 4416 etsi
2487 4361 2765 4414 innumera
2788 4357 3015 4427 patiatur
3036 4356 3195 4410 mala.
3221 4356 3276 4411 Si
3298 4370 3428 4410 vero
3447 4362 3659 4424 oportet
3676 4364 3731 4408 et
3751 4370 3953 4410 nonam

2357 4453 2533 4507 dicere
2563 4466 2776 4506 causam
2798 4492 2812 4516 ,
2845 4450 2975 4503 illud
3003 4449 3200 4503 addere
3227 4462 3505 4517 possemus
3530 4488 3544 4511 ,
3575 4446 3715 4517 quod
3754 4448 3957 4517 proba-

2358 4546 2523 4599 tiores
2549 4543 2817 4597 tribulatio
2856 4541 3010 4596 faciat
3035 4540 3335 4595 tribulatos.
3382 4537 3661 4597 Tribulatio
3690 4538 3826 4591 enim
3856 4555 3953 4607 pa-

2358 4636 2583 4689 tientiam
2611 4644 2849 4703 aperatur
2870 4674 2884 4698 ,
2912 4632 3153 4703 patientia
3178 4646 3293 4684 vero
3319 4630 3659 4701 probationem
3680 4670 3693 4691 .
3722 4629 3957 4700 probatio

2358 4738 2527 4781 autem
2554 4742 2691 4795 spem
2714 4765 2729 4789 ,
2760 4740 2872 4794 spes
2898 4741 3012 4777 vero
3037 4739 3138 4776 non
3165 4721 3429 4793 confundit
3456 4720 3630 4791 (Rom.
3656 4721 3709 4776 5.
3740 4722 3953 4793 5—5).

2360 4818 2522 4873 Vides
2549 4817 2688 4887 quod
2719 4831 2786 4869 ex
2823 4814 3163 4869 tribulatione
3190 4814 3434 4883 probatio
3464 4812 3759 4866 futurorum
3797 4825 3956 4880 spent

2364 4910 2516 4964 nobis
2542 4907 2729 4963 aﬂerat
2754 4949 2769 4971 ,
2800 4916 2853 4961 et
2882 4910 2932 4959 in
2965 4905 3342 4960 tentationibus
3372 4919 3587 4959 manere
3612 4946 3628 4968 ,
3658 4903 3727 4958 de
3761 4902 3958 4960 futuris

2359 5005 2497 5057 bene
2524 5015 2741 5071 sperare
2771 4976 2963 5055 faciaf?
2993 5000 3171 5068 Itaque
3196 5013 3303 5052 non
3334 5006 3535 5052 temere
3558 4995 3823 5063 dicebam,
3852 4996 3955 5052 has

2360 5094 2731 5150 tribulationes
2761 5092 3164 5147 resurrectionis
3197 5106 3348 5160 spem
3380 5090 3532 5145 nobis
3561 5090 3865 5160 designare,
3898 5103 3957 5145 et

2360 5194 2577 5240 vexatos
2618 5185 2865 5239 meliores
2892 5182 3126 5238 efﬁcere.
3161 5180 3621 5249 Quemadmodum
3650 5180 3829 5246 enim,
3865 5180 3953 5237 in-

2360 5278 2465 5347 quit
2490 5320 2506 5343 ,
2536 5278 2587 5330 in
2619 5275 2833 5331 fornace
2859 5289 3043 5328 aurum
3074 5273 3408 5329 examinator
3428 5313 3443 5337 ,
3474 5272 3552 5327 sic
3583 5281 3637 5327 et
3665 5271 3829 5325 homo
3855 5287 3948 5325 ac-

2360 5378 2546 5438 ceptus
2568 5369 2619 5422 in
2643 5366 3021 5421 humiliationis
3042 5365 3252 5419 camino
3274 5363 3458 5434 (Eccli.
3476 5362 3533 5417 2.
3558 5360 3635 5433 5).
3661 5362 3958 5419 Possumus

2361 5471 2416 5516 et
2440 5461 2709 5519 decimam
2731 5458 2908 5527 dicere
2928 5472 3163 5512 causam.
3193 5457 3412 5524 Qualem
3434 5470 3563 5510 vero
3584 5455 3755 5511 hanc?
3779 5454 3954 5522 Quam

2360 5562 2415 5608 et
2431 5554 2541 5622 jam
2564 5551 2760 5621 smpius
2779 5550 2889 5605 dixi
2909 5550 3152 5619 Superius
3168 5589 3184 5614 ,
3206 5548 3350 5620 quod
3371 5548 3413 5602 si
3436 5548 3643 5617 aliquas
3660 5547 3957 5603 habeamus

2362 5644 2617 5709 maculas,
2642 5649 2698 5697 et
2717 5640 2803 5695 hic
2822 5655 2914 5696 eas
2939 5639 3288 5710 deponemus.
3316 5639 3383 5693 Et
3403 5638 3504 5694 hoc
3531 5638 3828 5707 patriarcha
3853 5637 3957 5693 de-

2360 5736 2569 5791 clarans
2606 5731 2675 5787 ad
2706 5732 2921 5787 divitem
2950 5731 3159 5786 dicebat
3190 5748 3202 5783 :
3235 5730 3485 5801 quoniam
3516 5729 3740 5782 Lazarus
3766 5730 3961 5792 recepit

2362 5843 2458 5882 sua
2484 5826 2620 5880 mala
2647 5867 2661 5891 ,
2692 5826 2827 5879 unde
2855 5824 3244 5879 consolationem
3275 5822 3459 5894 accipit
3488 5822 3506 5892 (
3534 5820 3661 5876 Luc.
3696 5820 3780 5877 16.
3814 5821 3889 5878 εὖ
3909 5827 3955 5893 μ.
