4196 6316
272 387 348 445 29
1135 438 1142 443 .
1256 390 1347 445 AD
1385 385 1712 444 POPULUM
1752 383 2250 443 ANTIOCHENUM
2317 388 2544 444 llOillL.
2582 392 2632 446 l.
3503 396 3609 450 δι)

281 509 352 561 Et
378 515 569 576 praeter
599 506 745 562 banc
773 507 934 561 aliam
960 519 1144 560 rursus
1177 503 1497 558 invenimus.
1535 500 1794 571 Qualem?
1823 499 1893 555 Ut

274 615 494 653 coronae
529 607 587 654 et
627 599 849 668 prazmia
891 598 1045 652 nobis
1079 608 1378 667 augeantur
1411 615 1423 650 :
1458 604 1716 664 quantum
1747 593 1888 647 enim

280 691 658 746 tribulationes
705 689 1096 754 intenduntur,
1141 699 1345 744 tantum
1403 698 1457 742 et
1509 686 1891 741 retributiones

277 782 628 849 ampliantur,
661 779 773 834 imo
802 796 932 836 vero
961 789 1017 835 et
1046 780 1212 834 multo
1251 779 1369 848 plus
1404 796 1416 833 :
1452 777 1578 832 Non
1607 778 1741 831 enim
1764 793 1888 831 con-

276 873 453 942 dignae
472 885 593 926 sunt
612 874 871 940 passiones
889 873 1044 942 hujus
1065 872 1304 940 temporis
1320 871 1388 923 ad
1408 875 1632 941 futuram
1649 870 1898 939 gloriam;

274 979 395 1030 qua
418 963 723 1017 revelabitur
750 964 805 1017 in
843 963 985 1016 nobis
1014 963 1188 1032 (Rom.
1218 962 1270 1016 8.
1302 961 1413 1032 18).
1445 961 1544 1015 Tot
1571 961 1729 1030 igitur
1758 976 1888 1015 cau-

276 1071 373 1109 sas
404 1054 670 1111 habentes
694 1056 763 1111 de
789 1065 1098 1111 sanctorum
1126 1055 1415 1110 amictione
1441 1054 1714 1119 dicendas,
1740 1071 1808 1109 ne
1836 1054 1887 1106 in

273 1147 671 1202 tentationibus
695 1147 1053 1217 indignemur,
1080 1164 1149 1202 ne
1169 1147 1554 1216 angustiemnr,
1579 1161 1652 1200 ne
1675 1152 1883 1215 pertur-

275 1239 494 1305 bentur,
517 1239 612 1293 sed
639 1249 692 1294 et
717 1239 816 1309 ipsi
845 1248 1058 1294 nostros
1082 1239 1406 1293 instruamus
1428 1238 1657 1303 animos,
1679 1246 1733 1291 et
1754 1237 1890 1292 alios

274 1330 396 1385 hac
419 1332 733 1385 doceamus.
780 1331 851 1384 Et
888 1331 933 1385 si
963 1330 1160 1385 videris
1190 1330 1463 1384 hominem
1498 1331 1550 1383 in
1580 1329 1774 1384 virtute
1805 1329 1890 1383 vi-

273 1430 528 1487 ventem,
571 1421 968 1490 philosOphiam
1012 1428 1306 1476 sectantem
1332 1462 1347 1486 ,
1388 1419 1690 1489 placentem
1731 1419 1842 1473 Deo
1871 1460 1886 1485 ,

274 1521 462 1578 postea
507 1513 791 1566 innumera
822 1514 1107 1580 patientem
1138 1513 1276 1564 mala
1303 1553 1318 1576 ,
1355 1526 1424 1565 ne
1462 1510 1846 1565 scandalizeris
1870 1551 1885 1576 ,

269 1603 473 1658 dilecte
502 1621 515 1656 :
545 1613 602 1657 ct
626 1604 670 1657 si
697 1604 899 1658 videris
940 1605 1174 1674 aliquem
1209 1604 1577 1673 spiritualibus
1608 1612 1885 1657 vacantem

269 1696 530 1765 operibus
555 1740 571 1763 ,
604 1707 660 1752 et
695 1697 892 1767 aliquid
923 1697 1052 1751 utile
1087 1696 1462 1766 expediturum
1490 1736 1504 1759 ,
1537 1699 1723 1765 poStea
1755 1710 1884 1764 sup-

273 1791 599 1858 plantatum,
629 1805 698 1844 ne
726 1789 1076 1859 perturberis.
1097 1787 1308 1842 Etenim
1338 1787 1670 1842 novimultos
1689 1787 1886 1857 saepius

271 1881 394 1934 tilia
422 1890 733 1951 querentes
766 1900 779 1935 :
809 1881 925 1946 llle,
955 1881 1222 1951 inquiunt,
1249 1880 1316 1934 ad
1345 1881 1659 1951 martyrium
1689 1879 1764 1949 (α)
1794 1893 1886 1949 pe-

271 1973 577 2042 regrinatus
603 2014 616 2038 ,
661 1973 984 2042 pauperibus
1021 1973 1272 2042 pecunias
1319 1972 1628 2041 perferens,
1662 1973 1715 2026 in
1748 1989 1882 2026 nau-

269 2063 502 2133 fragium
535 2063 738 2129 incidit,
773 2073 827 2118 et
853 2064 1033 2119 amisit
1058 2064 1235 2117 omnia
1271 2081 1286 2119 :
1320 2064 1457 2118 alter
1497 2078 1707 2117 rursum
1740 2064 1882 2118 idem

269 2153 474 2207 faciens
494 2195 508 2216 ,
539 2154 591 2206 in
619 2154 853 2209 latrones
877 2154 1063 2208 incidit
1082 2197 1096 2219 ,
1125 2163 1179 2210 et
1207 2155 1295 2208 vix
1321 2155 1554 2208 animam
1584 2170 1735 2208 suam
1764 2171 1880 2209 ser-

272 2244 416 2297 vavit
439 2287 455 2309 ,
491 2243 667 2303 nudus
714 2244 839 2300 inde
874 2244 1176 2299 discedens.
1218 2245 1358 2313 Quid
1398 2246 1558 2315 igitur
1595 2246 1883 2301 dicemus?

275 2334 432 2400 Quod
463 2336 669 2390 horum
697 2337 844 2390 nullo
885 2337 1080 2390 tristari
1112 2345 1376 2406 oporteat.
1423 2337 1534 2393 Etsi
1565 2339 1707 2394 enim
1743 2355 1879 2394 nau—

268 2426 498 2498 fragium
520 2426 666 2494 fecil,
686 2427 847 2483 habet
866 2439 1041 2484 tamen
1058 2429 1278 2499 justitire
1297 2430 1526 2485 fructum
1545 2431 1842 2503 perfectum
1863 2450 1876 2488 :

267 2533 363 2574 sua
389 2520 537 2574 enim
563 2535 742 2574 omnia
769 2521 1034 2591 implevit,
1062 2517 1279 2592 collegit
1307 2525 1582 2592 pecunias,
1609 2524 1878 2593 deposuit,

265 2623 389 2662 cum
433 2610 764 2679 recepisset,
801 2610 1019 2678 abibat,
1055 2613 1538 2681 peregrinationem
1578 2614 1827 2682 attigerat
1861 2632 1874 2667 :

267 2697 605 2770 naufragium
622 2715 751 2754 vero
761 2701 830 2755 de
845 2702 1052 2772 reliquo
1068 2718 1173 2756 non
1194 2704 1261 2757 de
1280 2704 1450 2774 ipsius
1468 2703 1567 2759 fuit
1584 2706 1847 2760 sententia
1861 2747 1873 2759 .

265 2785 374 2843 Sed
418 2803 590 2859 quare
630 2789 733 2844 hoc
783 2790 926 2846 Deus
965 2791 1251 2862 permisit?
1294 2793 1360 2849 Ut
1401 2793 1544 2848 hunc
1577 2804 1875 2864 spectatum

263 2879 570 2935 exhiberet.
605 2882 674 2936 At
700 2897 983 2952 pauperes,
1021 2883 1214 2954 inquit,
1244 2884 1433 2954 privati
1459 2895 1583 2941 sunt
1611 2887 1870 2956 pecuniis.

271 2971 389 3027 Non
430 2981 579 3026 tanta
619 2974 944 3044 pauperibus
975 2990 1103 3029 cura
1144 2985 1199 3030 tu
1237 2976 1513 3045 provides,
1549 2987 1747 3048 quanta
1784 2979 1876 3049 qui

265 3061 392 3120 fecit
429 3078 527 3120 eos
567 3064 709 3120 Deus
751 3081 765 3119 :
810 3066 910 3120 etsi
955 3067 1099 3121 enim
1142 3068 1226 3122 his
1268 3069 1458 3138 privati
1493 3079 1651 3134 sunt,
1695 3079 1874 3125 tamen

263 3156 484 3211 aliunde
515 3165 695 3226 potest
724 3158 984 3228 majorem
1009 3173 1170 3229 opum
1198 3160 1538 3217 occasionem
1570 3161 1702 3232 ipsis
1731 3177 1872 3232 prae-

264 3246 418 3301 bere.

335 3337 426 3393 10.
470 3336 550 3392 Ne
580 3337 741 3407 igitur
766 3348 1038 3408 gestorum
1068 3341 1306 3396 rationes
1331 3341 1400 3396 ab
1429 3358 1497 3399 eo
1522 3352 1831 3414 repetamus
1854 3387 1869 3411 ,

261 3429 358 3485 sed
388 3430 443 3484 in
470 3431 724 3485 omnibus
753 3447 876 3486 eum
906 3432 1273 3503 glorificemus
1299 3453 1313 3491 :
1343 3451 1449 3491 non
1485 3438 1630 3494 enim
1665 3439 1870 3511 impru-

262 3521 456 3577 denter
483 3531 539 3577 et
568 3529 775 3578 temere
806 3525 930 3579 talia
957 3541 1103 3596 saepe
1128 3525 1244 3582 fieri
1274 3529 1535 3597 permittit
1557 3571 1584 3596 ι
1615 3531 1712 3586 sed
1747 3547 1870 3587 cum

261 3628 326 3668 ex
354 3613 439 3667 bis
468 3613 715 3683 pecuniis
754 3615 1180 3671 consolationem
1221 3617 1498 3675 habituros
1544 3636 1654 3677 non
1692 3621 1871 3694 despi-

260 3705 366 3759 ciat
388 3747 406 3772 ,
432 3720 622 3759 verum
651 3705 783 3776 ipsis
809 3707 970 3761 aliam
1000 3722 1100 3776 pro
1131 3708 1217 3763 bis
1247 3709 1489 3768 alimenti
1528 3714 1867 3769 occasionem

262 3794 534 3862 prebeat,
561 3795 723 3850 etiam
751 3795 1088 3867 naufragium
1110 3812 1327 3868 passum
1355 3802 1719 3870 probatiorem
1747 3805 1870 3860 efﬂ-

257 3886 377 3954 cit,
402 3886 776 3958 maioremque
802 3888 903 3958 ipsi
935 3897 1089 3959 parat
1113 3892 1422 3949 mercedem
1467 3913 1480 3948 :
1516 3895 1686 3952 multo
1723 3898 1867 3951 enim

260 3976 432 4047 majus
459 3993 547 4032 est
569 4018 584 4042 ,
617 3994 776 4050 quam
822 3979 1227 4054 eleemosynam
1271 3983 1400 4039 dare
1424 4026 1441 4051 ,
1483 3986 1626 4058 quod
1672 3988 1868 4045 talibus

257 4067 485 4124 obrutus
510 4071 740 4142 negotiis
763 4071 875 4126 Deo
904 4073 1104 4143 gratias
1130 4083 1273 4144 agat.

323 4157 576 4213 Fructum
596 4176 661 4240 ea:
691 4163 936 4230 patientia
954 4165 1167 4235 perinde
1179 4176 1330 4236 atque
1343 4184 1408 4223 ea:
1426 4169 1742 4244 eleemosyna
1761 4189 1870 4226 mc-

258 4249 506 4305 tiinur.—
521 4251 637 4306 Non
659 4252 802 4308 enim
835 4262 1041 4310 tantum
1071 4273 1192 4326 qua:
1214 4273 1311 4328 per
1334 4259 1735 4333 elcemosynam
1766 4263 1865 4319 da-

257 4359 397 4409 mus,
409 4344 512 4400 sed
530 4353 586 4399 et
603 4361 690 4412 ea,
707 4347 900 4417 quibus
916 4348 986 4405 ab
998 4350 1119 4405 aliis
1137 4352 1356 4422 spoliari
1382 4353 1595 4410 fortiter
1619 4341 1863 4426 ferimus,

258 4437 480 4490 multum
499 4438 656 4493 nobis
667 4437 898 4494 fructum
915 4441 1165 4498 afferunt.
1182 4431 1323 4500 Et‘ut
1337 4445 1514 4501 discas
1535 4448 1639 4504 hoc
1655 4450 1747 4505 illo
1761 4468 1867 4506 ma-

260 4526 343 4595 jus
356 4542 500 4594 esse,
522 4545 584 4582 ex
613 4530 677 4584 iis
698 4546 818 4601 quae
833 4530 936 4587 Job
951 4534 1322 4605 contigerunt,
1346 4536 1450 4593 hoc
1471 4537 1663 4594 faciam
1689 4543 1866 4596 mani-

256 4616 470 4673 festum.
499 4618 591 4675 Ille
612 4621 828 4690 quando
853 4625 1109 4692 pecunias
1133 4628 1394 4698 possedit,
1418 4631 1627 4699 aperuit
1646 4630 1865 4687 domum

259 4713 581 4781 pauperibus
605 4753 621 4777 ,
652 4723 708 4768 et
740 4716 920 4769 omnia
942 4731 1062 4786 qua:
1085 4717 1317 4774 habebat
1343 4721 1704 4791 elargiebatur
1729 4741 1744 4778 :
1771 4725 1865 4778 sed

259 4819 359 4857 non
380 4814 498 4859 erat
515 4815 621 4859 tam
644 4807 887 4887 illustris,
908 4810 1121 4880 quando
1139 4813 1464 4882 pauperibus
1486 4813 1706 4871 domum
1733 4831 1866 4887 ape-

260 4897 398 4961 ruit,
428 4912 590 4966 quam
619 4913 740 4951 cum
769 4899 940 4967 ipsam
970 4901 1232 4957 cecidisse
1256 4904 1480 4961 audiens
1522 4923 1635 4962 non
1685 4908 1868 4980 inique

260 4989 395 5042 tulit.
424 4988 541 5044 Non
564 5000 682 5045 erat
702 5002 808 5045 tam
838 4992 1094 5063 illustris,
1118 4997 1331 5064 quando
1352 5013 1420 5053 ex
1443 5000 1620 5056 ovium
1646 5010 1865 5058 tonsura

258 5083 426 5136 nudos
455 5084 714 5150 vestivit,
758 5101 922 5154 quam
966 5087 1064 5142 fuit
1097 5089 1276 5144 clarus
1313 5101 1368 5145 et
1401 5105 1674 5163 spectatus
1697 5112 1864 5162 ,cum

256 5173 477 5228 audiens
510 5175 685 5245 ignem
718 5178 981 5234 cecidisse
1004 5222 1019 5244 ,
1061 5191 1118 5237 et
1158 5198 1348 5254 greges
1384 5200 1574 5241 omnes
1615 5201 1868 5243 consum-

254 5264 455 5334 psisse,
489 5267 690 5336 gratias
715 5271 842 5338 egit.
866 5270 1018 5326 Tunc
1043 5271 1310 5328 humanus
1340 5274 1514 5331 fuerat
1541 5320 1556 5345 ,
1590 5294 1734 5334 nunc
1764 5279 1867 5335 fuit

259 5354 609 5427 p‘iilnsOphus
639 5377 654 5413 ε
685 5369 815 5415 tunc
837 5377 1135 5432 pauperum
1169 5366 1554 5435 miserebatur,
1589 5385 1730 5425 nunc
1761 5371 1865 5424 Do—

260 5449 401 5501 mino
429 5450 632 5517 gratias
656 5451 868 5520 agebat.
899 5453 1009 5509 Nec
1035 5454 1171 5510 intra
1200 5471 1259 5511 se
1285 5457 1458 5523 dixit,
1481 5459 1621 5526 Quid
1648 5461 1864 5516 tandem

262 5541 352 5591 huc
396 5540 526 5593 est?
562 5557 757 5612 greges
802 5548 1104 5616 consumpti
1146 5557 1310 5614 sunt,
1361 5550 1554 5620 quibus
1600 5552 1866 5609 innumeri

262 5643 517 5699 pauperes
570 5635 855 5703 alebantur
884 5655 897 5691 :
929 5638 1031 5694 etsi
1059 5655 1161 5710 ego
1192 5641 1440 5712 indignus
1470 5658 1617 5698 eram
1649 5644 1750 5700 hac
1776 5661 1855 5701 rc-

330 5760 401 5818 (ο)
429 5762 505 5811 Ad
525 5761 844 5834 martyrium,
873 5779 963 5814 seu
1008 5769 1067 5815 ad
1113 5772 1374 5834 ecclesiam
1422 5781 1708 5834 martyrum.
1763 5777 1868 5828 Hoc
1915 5790 1918 5792 ·

273 5826 389 5870 item
411 5828 608 5874 nomine
628 5826 972 5886 appellabatur
987 5832 1226 5892 templum
1241 5826 1864 5900 Salvatorislérosolymis.

1999 515 2126 554 rum'
2147 499 2246 556 frui
2272 502 2464 571 copia,
2497 504 2688 559 saltent
2715 512 2934 578 propter
2958 522 3143 564 earum
3169 523 3451 570 consortes
3483 531 3605 586 par-

1996 601 2227 656 cendum
2254 613 2388 658 erat.
2420 605 2529 660 Sed
2554 606 2687 660 nihil
2713 607 2904 664 horum
2933 608 3018 664 vel
3039 610 3174 665 dixit
3201 611 3286 667 vel
3307 613 3562 684 cogitavit
3586 635 3600 671 :

1999 705 2153 750 norat
2178 701 2322 753 enim
2355 701 2522 755 Deum
2549 703 2728 757 omnia
2757 703 2957 759 utiliter
2986 700 3411 776 dispensantem.
3450 707 3516 762 Et
3547 721 3605 764 ut

1997 791 2138 844 scias
2182 807 2301 845 eum
2342 793 2555 860 gravius
2599 804 2782 862 postea
2822 795 3014 851 vulnus
3054 797 3300 853 intulisse
3341 799 3601 867 diabolo,

1995 898 2118 936 cum
2147 885 2403 952 spoliatus
2432 886 2631 955 gratias
2655 888 2764 957 egit
2790 928 2805 952 ,
2845 903 3004 958 quam
3034 885 3474 962 cuiu'possidens
3499 894 3599 948 nii-

2003 992 2299 1046 seraretur,
2315 982 2535 1038 adverte
2549 987 2692 1054 quod
2709 986 2930 1056 quando
2959 988 3297 1056 possidebat,
3315 990 3598 1058 suspicio-

2001 1085 2122 1124 nem
2142 1074 2432 1141 quamdam
2450 1075 2637 1130 habuit
2652 1079 2905 1133 diabolus
2925 1080 3054 1134 :etsi
3069 1079 3287 1146 falsam,
3307 1083 3496 1137 habuit
3519 1091 3606 1138 ta-

2002 1179 2123 1217 men
2151 1165 2293 1219 unde
2330 1167 2563 1222 diceret:
2593 1168 2740 1223 Num
2781 1175 2950 1242 gratis
2991 1183 3040 1227 te
3078 1174 3206 1227 colit
3228 1173 3331 1228 10b
3361 1173 3509 1246 (Job.
3539 1179 3593 1231 l.

1996 1251 2078 1316 9}?
2098 1255 2390 1319 Postquam
2411 1276 2536 1314 vero
2563 1264 2747 1316 omnia
2770 1265 3015 1327 abstulit,
3041 1274 3095 1322 et
3118 1267 3297 1330 ipsum
3325 1268 3594 1323 omnibus

1994 1338 2243 1407 spoliavit
2267 1382 2281 1406 ,
2306 1348 2362 1395 et
2384 1350 2560 1395 tamen
2587 1343 2831 1414 eamdem
2863 1345 2907 1397 is
2933 1360 3057 1414 erga
3085 1345 3253 1401 Deum
3279 1349 3605 1405 benevolen-

1996 1440 2121 1486 tiam
2151 1435 2423 1500 servavit,
2459 1444 2584 1488 tunc
2615 1435 2832 1490 demum
2862 1439 3194 1511 obstructum
3225 1449 3308 1496 est
3335 1457 3397 1498 os
3431 1443 3604 1514 impu-

1994 1525 2126 1580 dens
2150 1568 2164 1590 ,
2194 1536 2248 1580 et
2285 1527 2418 1581 nihil
2454 1529 2684 1597 amplius
2728 1529 2868 1600 quod
2922 1531 3125 1586 diceret
3171 1534 3404 1590 habebat
3433 1554 3447 1590 :
3478 1552 3602 1592 nam

1993 1617 2326 1686 splendidior
2350 1637 2511 1691 quam
2544 1624 2694 1692 prius
2725 1634 2841 1679 erat
2861 1625 3039 1694 justus
3078 1628 3166 1682 ille
3204 1630 3305 1683 vir.
3343 1629 3604 1687 Omnibus

1992 1711 2136 1764 enim
2167 1714 2429 1779 privatum
2460 1756 2474 1780 ,
2506 1730 2766 1785 generose
2793 1725 2849 1771 et
2887 1733 3010 1772 cum
3053 1719 3343 1787 gratiarum
3390 1723 3606 1778 actione

1991 1799 2134 1855 ferre
2160 1802 2328 1857 multo
2359 1804 2533 1873 majus
2559 1815 2678 1874 est,
2707 1823 2868 1877 quam
2901 1809 2952 1862 in
2982 1810 3184 1866 divitiis
3210 1811 3495 1882 degentem
3525 1813 3605 1868 fa-

1991 1907 2117 1948 cere
2147 1894 2544 1967 eleemosynam
2577 1939 2593 1963 ,
2631 1901 2772 1954 sicut
2799 1910 2853 1956 et
2881 1903 2936 1956 in
2962 1901 3065 1958 hoc
3085 1906 3235 1974 justo
3260 1906 3602 1963 demonstra-

1995 1995 2105 2039 tum
2149 1995 2253 2041 est.
2291 1989 2442 2044 Tunc
2487 1991 2651 2045 multa
2696 1992 2750 2046 in
2784 2008 3076 2050 conservos
3117 1995 3217 2051 fuit
3261 1997 3602 2069 benignitas,

1991 2093 2136 2134 nunc
2178 2095 2402 2149 magnus
2440 2082 2492 2134 in
2535 2082 2818 2139 Dominum
2850 2101 3004 2142 amor
3035 2088 3411 2144 exhibebatur.
3453 2091 3604 2148 llunc

1991 2183 2119 2223 vero
2151 2185 2258 2224 non
2301 2181 2504 2226 temere
2542 2188 2847 2229 sermonem
2889 2182 3167 2243 extendo;
3207 2181 3302 2235 sed
3348 2182 3603 2251 quoniam

1990 2262 2141 2318 multi
2171 2264 2370 2333 saepius
2394 2265 2482 2334 qui
2509 2267 2880 2339 eleemosynas
2905 2279 3193 2340 erogarcnt
3217 2314 3233 2337 ,
3265 2272 3456 2330 viduas
3484 2275 3604 2330 ale-

1988 2366 2145 2422 rent,
2175 2359 2321 2413 omni
2348 2359 2646 2414 substantia
2687 2361 2956 2431 diapoliati
2997 2374 3167 2419 sunt:
3209 2365 3299 2420 alii
3345 2366 3605 2424 incendio

1986 2449 2169 2503 omnia
2197 2450 2535 2518 amiserunt,
2579 2452 2671 2506 alii
2716 2453 2771 2506 in
2817 2453 3094 2524 naufragia
3136 2454 3480 2525 inciderunt,
3510 2459 3604 2513 alii

1986 2541 2270 2596 calumniis
2293 2582 2306 2607 ,
2348 2550 2404 2597 et
2450 2542 2645 2597 talibus
2679 2543 2959 2614 quibusvis
3000 2545 3211 2617 injuriis
3248 2557 3370 2617 post
3405 2549 3602 2605 multas

1985 2633 2362 2704 eleemosynas
2390 2635 2443 2689 in
2472 2644 2768 2690 extremam
2793 2637 2998 2692 redacti
3030 2648 3156 2693 sunt
3193 2641 3504 2711 pauperiem
3543 2653 3602 2700 et

1991 2723 2360 2780 infirmitatem
2411 2735 2467 2782 et
2515 2727 2929 2796 :egritudinem,
2979 2737 3034 2784 et
3084 2745 3114 2784 a
3163 2730 3380 2787 nemine
3432 2732 3600 2788 ullum

1983 2816 2162 2888 adepti
2187 2826 2313 2873 sunt
2337 2819 2618 2873 auxilium.
2648 2819 2727 2875 Ne
2751 2821 2914 2891 igitur
2939 2822 3182 2878 dicamus
3205 2865 3221 2892 ,
3266 2825 3409 2896 quod
3454 2842 3606 2897 saepe

1983 2907 2138 2960 multi
2169 2907 2391 2975 dicunt,
2422 2909 2592 2965 Nemo
2614 2913 2891 2983 quidquam
2911 2915 3006 2968 scit
3031 2914 3136 2987 (α),
3179 2915 3456 2975 sufficiunt
3474 2934 3602 2976 om..-

1983 2999 2072 3054 nia
2097 3015 2264 3068 supra
2289 3001 2430 3057 dicta
2457 3003 2522 3056 ad
2553 3005 2712 3059 talem
2742 3007 3132 3074 expellendam~
3156 3011 3594 3082 trepidationem.

1983 3091 2076 3147 ille
2103 3131 2118 3156 ,
2147 3093 2326 3163 inquit
2356 3136 2371 3160 ,
2405 3103 2484 3150 tot
2505 3095 2712 3152 faciens
2737 3099 3111 3172 eleemosynas
3136 3103 3318 3160 omnia
3343 3105 3596 3175 perdidit.

1983 3183 2190 3255 Ecquid
2218 3186 2345 3241 illud
2371 3197 2454 3243 est
2483 3229 2498 3255 ,
2530 3189 2708 3244 omnia
2739 3191 3014 3261 perdidit?
3043 3193 3100 3248 Si
3133 3210 3230 3264 pro
3256 3195 3357 3252 hac
3383 3200 3591 3269 grati-as

1981 3280 2153 3349 egerit
2174 3280 2383 3350 jactura
2413 3323 2428 3347 ,
2459 3282 2627 3338 multo
2657 3284 2918 3355 majorem
2942 3301 2972 3341 a
3003 3287 3114 3342 Deo
3155 3287 3592 3349 benevolentiam

1985 3370 2236 3426 hauriet:
2281 3388 2383 3427 nec
2420 3373 2638 3443 duplum
2683 3376 2825 3433 sicut
2857 3377 2999 3444 Job,
3041 3378 3140 3436 sed
3180 3384 3490 3452 centuplum
3538 3386 3592 3440 in

1981 3464 2088 3518 vita
2113 3453 2316 3520 aeterna
2344 3466 2589 3537 recipiet.
2636 3469 2690 3524 Si
2721 3485 2852 3525 vero
2879 3469 2969 3527 hic
2995 3473 3195 3528 malum
3223 3475 3423 3544 patitur
3447 3519 3461 3543 ,
3491 3477 3596 3533 hoc

1979 3556 2155 3626 ipsum
2184 3557 2442 3628 majorem
2481 3559 2589 3615 illic
2615 3561 2929 3617 thesaurum
2971 3563 3072 3633 ipsi
3121 3565 3422 3634 praebebit,
3448 3569 3590 3639 quod

1977 3666 2238 3720 generose
2264 3651 2446 3706 omnia
2475 3651 2612 3707 ferat
2642 3671 2656 3708 :
2689 3653 2760 3709 ad
2793 3654 3025 3724 majores
3063 3657 3206 3711 enim
3247 3659 3425 3728 ipsum
3465 3661 3590 3717 inde

1982 3760 2181 3800 vocans
2210 3744 2626 3800 exercitationes
2667 3755 2723 3800 et
2761 3746 2930 3801 luctas
2954 3789 2971 3815 ,
3008 3747 3076 3803 de
3116 3749 3271 3819 capia
3316 3751 3375 3806 in
3417 3760 3591 3822 penu-

1977 3837 2112 3891 riam
2146 3837 2382 3892 incidere
2409 3837 2557 3892 Deus
2598 3838 2863 3907 permisit.
2911 3838 3054 3910 lgnis
3093 3841 3348 3912 ingruens
3392 3860 3591 3915 saepius

1974 3929 2196 3983 domum
2228 3938 2370 3983 tuam
2397 3929 2735 4000 absumpsit,
2758 3938 2812 3986 et
2839 3939 3007 3986 totam
3034 3933 3391 3990 substantiam
3420 3954 3591 4009 popu-

1975 4020 2118 4076 latus
2138 4019 2263 4074 est?
2289 4019 2658 4076 Reminiscere
2697 4036 2885 4076 eorum
2921 4031 3044 4093 qua:
3083 4023 3186 4080 Job
3227 4027 3585 4087 acciderunt:

1974 4127 2074 4183 age
2102 4113 2304 4182 gratias
2332 4112 2562 4167 Domino
2585 4153 2600 4177 ,
2633 4113 2725 4182 qui
2757 4113 3046 4183 prohibere
3083 4126 3338 4185 poterat,
3381 4130 3437 4176 et
3480 4138 3586 4176 non

1975 4194 2292 4272 prohibuit:
2334 4212 2391 4258 et
2436 4211 2642 4258 tantam
2683 4205 2914 4273 recipies
2955 4206 3261 4263 mercedem
3285 4248 3304 4277 ,
3329 4221 3587 4280 quantam

1973 4296 2020 4349 si
2045 4295 2226 4350 omnia
2259 4294 2346 4348 illa
2377 4295 2431 4349 in
2467 4309 2760 4363 pauperum
2787 4310 2978 4349 manus
3004 4298 3364 4367 reposuisses.
3395 4299 3500 4357 Sed
3533 4303 3587 4358 in

1974 4386 2234 4458 pauperie
2259 4385 2442 4456 degis,
2474 4395 2529 4441 et
2557 4387 2695 4441 fame
2723 4396 2779 4441 et
2803 4385 3028 4443 infinitis
3059 4390 3354 4458 periculis?
3383 4392 3555 4448 Recor

1972 4479 2102 4532 dare
2121 4477 2312 4532 Lazari
2337 4518 2352 4544 ,
2375 4491 2498 4531 cum
2526 4477 2704 4548 impia
2730 4486 2786 4533 et
2806 4479 3036 4535 orbitate
3060 4490 3116 4535 et
3144 4481 3441 4539 innumeris
3467 4485 3594 4542 aliis

1974 4571 2261 4640 pugnantis
2287 4570 2550 4625 molestiis
2576 4612 2591 4636 ,
2621 4581 2677 4626 et
2716 4570 2833 4626 haec
2869 4581 3010 4641 post,
3034 4573 3288 4630 virtutem
3335 4585 3537 4634 tantam
3570 4598 3583 4636 :

1976 4660 2264 4716 recordare
2293 4661 2666 4730 apostolorum
2695 4702 2711 4729 ,
2739 4663 2833 4733 qui
2864 4671 2920 4719 et
2946 4663 3168 4722 infame
3210 4677 3266 4723 et
3308 4668 3361 4724 in
3402 4670 3491 4726 siti
3533 4681 3599 4728 et.-

2039 4881 2109 4946 (a)
2133 4884 2276 4957 llaec,-
2292 4890 2349 4934 ut
2369 4897 2433 4957 ex
2459 4884 2796 4957 Chrysostomi
2821 4886 3259 4957 verbis_arguitur,'
3278 4897 3396 4941 tunc
3418 4892 3577 4957 adagii

1972 4960 2115 5016 more
2159 4947 2484 5016 ferebantur;
2515 4950 2716 4998 ac-lioet
2756 4949 2927 4999 Graeca
2971 4947 3576 5016 duplicem'negationevm

1973 5007 2274 5076 exprimant.
2298 5008 2531 5082 negative
2559 5015 2738 5082 tamen
2769 5017 2888 5082 sunt
2930 5007 3206 5082 efferenda,
3249 5007 3390 5082 neritq
3430 5016 3578 5082 quid-

1972 5083 2120 5140 quam
2139 5071 2278 5142 scin.
2299 5071 2670 5142 _diceb_aturque
2697 5073 2758 5142 ab
2787 5072 3036 5142 imperitis
3079 5089 3248 5142 rerum
3266 5071 3576 5142 divinarum,

1973 5131 2058 5195 qui
2087 5145 2199 5202 cum
2233 5131 2618 5204 viderentreos‘,
2663 5135 2748 5204 qui
2791 5131 2934 5204 bonis
2978 5137 3217 5204 operibus
3253 5131 3576 5204 incumbunt;

1975 5192 2227 5267 utrumuis,
2253 5196 2634 5267 calamitatibus,
2658 5192 2939 5267 calumniis,
2954 5259 2964 5267 _
2982 5192 3362 5267 égritudlnibus
3383 5192 3557 5267 impeti

1975 5271 2031 5304 se
2053 5255 2175 5305 nihil
2201 5247 2252 5305 in
2274 5270 2441 5327 rerum
2467 5247 2790 5327 humanarum
2837 5247 3264 5327 adininigtratione
3291 5247 3578 5327 caper;

1975 5332 2282 5393 ςρεῃοβςρτρ
2305 5320 2692 5393 ρξόῐίιεξῠξίημιςλ
2736 5322 2914 5392 Simile
2956 5323 3143 5374 dictum
3190 5320 3410 5379 occurrit
3449 5333 3590 5393 apud-

1976 5378 2227 5442 Euiipidis
2251 5378 2559 5444 Iphigeniam
2584 5382 2634 5431 in
2655 5383 2830 5432 Tauris
2857 5400 2868 5432 :

2345 5489 2512 5538 Πάντα
2531 5490 2619 5552 γὰρ
2645 5492 2705 5539 τὰ
2726 5494 2822 5538 τῶν
2851 5494 2986 5540 Θρὼν

2041 5551 2121 5615 Ek
2145 5551 2316 5615 ἀφανὲς
2341 5554 2494 5615 ἕρπει,
2520 5553 2690 5600 κούδὲν
2719 5554 2807 5600 οἷδ’
2831 5555 2967 5602 οὐδὲν
2991 5554 3158 5603 κακόν.

2048 5613 2107 5660 Ἦ
2131 5616 2219 5675 γὰρ
2243 5613 2378 5676 nixa
2397 5615 2633 5675 παρήγαγ’
2661 5615 2726 5670 εἰς
2747 5615 2803 5662 τὸ
2825 5617 3077 5678 δυσμαθές.

2355 5718 2531 5768 Omnia
2553 5732 2662 5783 qua:
2683 5719 2798 5770 deos
2820 5725 3036 5783 spectant

2050 5782 2105 5857 lin
2140 5781 2324 5830 occulto
2347 5781 2628 5857 γεριᾳηςζεε
2653 5781 3089 5857 nemoquidlqulom
3112 5783 3393 5857 nouitiuah.
3441 5847 3452 5857 .
3533 5848 3544 5857 _

2044 5843 2261 5893 Fortuna
2271 5843 2454 5909 quippe
2465 5843 2510 5894 in
2523 5845 2647 5894 hanc
2661 5843 2964 5904 intelliqendi
2977 5843 3317 5906 difﬁcultatem
3328 5847 3576 5906 perducit
