4196 6316
645 425 708 479 3i
1373 419 1431 476 S.
1473 412 1753 473 JOANNIS
1787 406 2281 468 CHRYSOSTOMI
2319 402 2641 461 ARCHIEP.
2681 393 3217 457 CONSTANTINOP.
3868 398 3940 451 33

649 538 704 594 in
733 536 971 595 nuditate
994 533 1259 606 degebant
1285 574 1299 598 ,
1324 529 1702 603 prophetarum
1728 569 1745 595 ,
1774 524 2192 597 patriarcharum
2220 562 2237 589 ,

649 633 911 702 justorum
942 647 957 686 :
985 638 1041 685 et
1070 641 1257 682 omnes
1283 626 1427 695 ipsos
1452 623 1691 678 invenies
1718 636 1825 697 non
1851 618 1920 673 de
1947 616 2199 671 divitibus
2217 654 2236 681 ,

652 740 756 777 non
782 723 850 777 de
871 719 1225 793 gaudentibus
1244 759 1260 784 ,
1287 715 1382 772 sed
1411 715 1477 771 de
1506 713 1787 786 egentibus
1807 752 1825 778 ,
1856 707 2120 764 tribulatis
2142 746 2157 771 ,
2188 714 2244 761 et

654 814 965 884 angustiatis
993 827 1131 867 esse.

722 908 810 961 tl.
852 905 977 959 limo
1012 901 1150 973 apud
1192 901 1417 969 teipsum
1459 895 1715 965 colligens
1736 933 1755 959 ,
1788 889 2012 945 Domino
2038 886 2240 959 gratias

648 1011 748 1067 age
777 1037 795 1063 ,
824 995 965 1066 quod
997 1005 1049 1049 te
1076 993 1231 1061 hujus
1263 991 1384 1044 iecit
1412 986 1571 1042 sortis
1594 1028 1609 1050 ,
1642 999 1746 1038 non
1775 996 1971 1037 exosus
1994 1022 2007 1045 ,
2050 978 2142 1035 sed
2186 987 2241 1034 et

648 1087 804 1143 valde
829 1087 1055 1156 diligens
1084 1101 1097 1137 :
1127 1098 1248 1138 nam
1290 1091 1344 1136 et
1382 1081 1501 1136 illos
1529 1087 1608 1133 tot
1634 1074 1813 1146 gravia
1844 1073 1949 1143 pati
1978 1088 2083 1126 nam
2113 1086 2238 1140 per-

645 1180 915 1243 misisset,
951 1177 1053 1232 nisi
1083 1178 1431 1232 vehementer
1454 1179 1723 1234 amasset,
1756 1166 2006 1237 quoniam
2042 1164 2238 1219 clario-

644 1287 731 1327 res
760 1272 902 1342 ipsos
930 1286 1023 1341 per
1050 1270 1166 1325 haec
1204 1267 1341 1323 mala
1378 1263 1655 1320 reddebat.
1697 1259 1907 1315 Nullum
1946 1256 2235 1327 gratiarum

644 1368 841 1421 actioni
874 1382 966 1435 par
991 1364 1187 1418 bonum
1216 1378 1231 1428 ;
1258 1356 1707 1431 quemadmodum
1735 1351 2065 1421 blasphemia
2089 1348 2238 1418 pejus

646 1458 801 1511 nihil.
851 1456 930 1511 Ne
972 1454 1340 1523 admiremur,
1386 1447 1529 1519 quod
1571 1443 1934 1517 spiritualibus
1979 1441 2238 1495 instantes

642 1548 806 1601 nmlta
840 1548 1102 1616 patiamur
1127 1544 1371 1598 adversa.
1404 1539 1473 1598 Ut
1517 1539 1657 1595 enim
1704 1537 1937 1591 latrones
1962 1574 1978 1601 ,
2011 1548 2116 1588 non
2148 1532 2236 1586 ubi

645 1642 844 1695 fieriqu
873 1650 925 1693 et
952 1622 1121 1707 palea:
1146 1645 1199 1691 et
1227 1636 1463 1690 calamus
1488 1673 1505 1698 ,
1527 1631 1619 1685 sed
1642 1630 1733 1684 ubi
1755 1643 1942 1683 aurum
1968 1636 2022 1682 et
2041 1641 2232 1695 argen-

641 1742 752 1784 tum
782 1730 901 1797 ,‘ibi
930 1729 1135 1782 fodiunt
1160 1736 1214 1782 et
1239 1723 1453 1779 assidue
1482 1722 1699 1792 vigilant
1729 1737 1742 1773 :
1780 1720 1859 1773 sic
1897 1727 1951 1773 et
1990 1716 2234 1770 diabolus

639 1821 703 1874 iis
734 1820 962 1874 maxime
988 1819 1168 1882 instat,
1194 1816 1285 1887 qui
1328 1813 1621 1883 spirituaha
1672 1810 1937 1877 attingunt
1981 1809 2232 1876 negotia;

639 1910 711 1964 ibi
740 1911 916 1963 mulce
943 1908 1181 1970 insidite,
1208 1907 1293 1961 ubi
1318 1906 1483 1959 virtus
1515 1921 1530 1958 :
1564 1902 1671 1956 illic
1705 1902 1895 1954 invidia
1923 1942 1938 1966 ,
1970 1900 2057 1952 ubi
2085 1899 2233 1952 elec-

640 1994 882 2073 mosyna.
913 2001 1017 2056 Sed
1048 2010 1133 2057 est
1160 1998 1314 2054 nobis
1337 1997 1498 2053 telum
1524 1996 1812 2049 maximum
1836 2035 1851 2059 ,
1878 1992 2021 2062 quod
2044 2006 2233 2045 emines

642 2092 777 2147 tales
802 2091 1078 2146 machinas
1109 2090 1369 2158 repellere
1398 2088 1572 2141 valeat
1599 2128 1613 2149 ,
1656 2096 1712 2139 tit
1755 2100 1851 2155 per
1890 2084 2005 2138 haec
2052 2082 2232 2136 omnia

640 2188 749 2242 Deo
776 2186 976 2257 gratias
1003 2200 1242 2255 agamus.
1278 2182 1415 2237 Abel
1441 2223 1455 2246 ,
1485 2180 1573 2235 dic
1598 2179 1726 2233 mihi
1752 2220 1766 2243 ,
1796 2193 1975 2231 nonne
2014 2176 2081 2229 de
2122 2176 2232 2244 pri-

639 2279 801 2332 mitiis
832 2278 941 2332 Deo
968 2277 1277 2331 sacriﬁcans
1299 2316 1312 2339 ,
1354 2274 1584 2328 fraterna
1625 2270 1820 2325 cecidit
1860 2285 2021 2322 manu
2055 2266 2229 2339 (Gen.

637 2374 669 2425 4
698 2371 747 2441 )?
772 2371 863 2425 sed
896 2378 1072 2423 tamen
1108 2369 1247 2422 Deus
1274 2367 1516 2437 permisit
1544 2406 1558 2430 ,
1592 2378 1700 2417 non
1730 2378 1854 2417 eum
1889 2375 2112 2430 perosus
2141 2361 2229 2429 qui

636 2478 695 2517 se
723 2461 1043 2527 honoravit,
1075 2460 1167 2514 sed
1199 2458 1354 2513 valde
1383 2458 1609 2527 diligens
1641 2474 1653 2510 :
1696 2466 1749 2509 et
1791 2462 1987 2524 prater
2027 2454 2234 2522 specio-

639 2553 836 2607 sissimi
869 2554 1009 2607 illius
1051 2551 1296 2606 sacriﬁcii
1334 2565 1587 2604 coronam
1614 2590 1629 2612 ,
1664 2548 1886 2602 alteram
1929 2546 2088 2600 etiam
2133 2546 2229 2613 ipsi

640 2661 735 2715 per
765 2645 1075 2715 martyrium
1109 2643 1371 2713 pra-hens.
1400 2641 1575 2695 Moses
1595 2638 1803 2694 cuidam
1832 2637 2019 2707 injuria
2043 2635 2233 2691 affecto

633 2740 879 2809 opitulari
914 2739 1115 2802 voluit,
1159 2750 1212 2792 et
1256 2736 1389 2791 mori
1432 2736 1761 2804 periclitatus
1800 2744 1883 2787 est
1908 2775 1922 2799 ,
1968 2746 2023 2788 et
2063 2732 2231 2802 patria

633 2828 831 2885 excidit
860 2830 878 2900 (
908 2828 1076 2883 Exod.
1107 2828 1142 2882 2
1168 2829 1209 2899 ),
1247 2829 1493 2896 Deosque
1526 2827 1761 2895 permisit
1792 2867 1807 2891 ,
1838 2835 1895 2880 ut
1923 2834 2230 2881 sanctorum

639 2922 942 2990 patientiam
973 2920 1167 2975 discas.
1201 2919 1258 2975 Si
1288 2920 1431 2974 enim
1462 2920 1669 2987 praescii
1704 2919 1833 2973 nihil
1861 2932 1957 2972 nos
1979 2931 2232 2986 passuros

633 3013 753 3066 mali
780 3053 793 3075 ,
826 3014 902 3067 sie
927 3013 1221 3082 spiritualia
1253 3013 1612 3081 attigissemus
1639 3012 1850 3081 negotia
1877 3051 1892 3075 ,
1938 3010 2069 3064 nihil
2109 3025 2228 3063 ma-

633 3121 795 3175 gnum
836 3105 1012 3161 facere
1057 3105 1153 3160 visi
1203 3120 1445 3160 essemus
1471 3146 1485 3168 ,
1537 3104 1644 3158 tale
1688 3104 1993 3158 securitatis
2040 3103 2230 3173 pignus

637 3198 895 3253 habentes
926 3217 938 3251 :
972 3214 1115 3253 nunc
1144 3213 1272 3252 vero
1302 3199 1423 3251 hinc
1462 3198 1699 3251 maxime
1737 3196 2078 3250 admirabiles
2108 3203 2232 3249 sunt

633 3291 723 3359 qui
751 3292 874 3344 talia
906 3291 1105 3346 faciunt
1129 3333 1142 3353 ,
1172 3288 1313 3359 quod
1339 3300 1392 3342 et
1412 3289 1646 3359 pericula
1669 3298 1722 3342 et
1745 3289 1936 3341 damna
1964 3330 1977 3351 ,
2007 3298 2061 3341 et
2089 3302 2232 3340 mor-

634 3387 732 3444 tes,
752 3392 804 3435 et
828 3380 1026 3436 inﬁnita
1058 3381 1408 3451 prmvidentes
1427 3380 1585 3442 mala,
1608 3390 1782 3433 tamen
1804 3378 2235 3447 hujusmodiofﬁ—

634 3472 732 3527 eiis
760 3488 866 3526 non
899 3472 1155 3527 absistant
1177 3515 1190 3537 ,
1225 3486 1395 3538 neque
1435 3472 1685 3525 timorum
1706 3472 1721 3502 ¹
1750 3469 2234 3535 exspectationibus

634 3563 907 3631 segniores
925 3561 1045 3617 facti
1068 3563 1190 3615 sint.
1214 3562 1363 3617 Sicut
1380 3561 1537 3632 igitur
1552 3571 1662 3617 tres
1681 3562 1825 3630 pueri
1850 3562 2093 3615 dicebant
2112 3579 2123 3613 :
2142 3559 2234 3613 Est

640 3652 776 3708 Deus
804 3655 856 3706 in
887 3654 1008 3707 (telo
1034 3663 1208 3723 potens
1238 3654 1429 3722 eripere
1456 3670 1546 3707 nos
1574 3667 1593 3706 :
1623 3663 1669 3705 et
1695 3653 1737 3707 si
1764 3670 1865 3705 non
1893 3695 1907 3717 ,
1954 3664 2128 3706 notum
2169 3654 2233 3706 sit

636 3745 723 3798 tibi
753 3786 768 3810 ,
797 3761 889 3798 rex
912 3786 926 3810 ,
954 3744 1089 3813 quod
1119 3744 1217 3798 diis
1243 3746 1339 3797 tuis
1368 3762 1466 3797 non
1494 3745 1735 3797 servimus
1760 3787 1774 3807 ,
1805 3757 1848 3797 et
1876 3762 2082 3798 auream
2101 3748 2228 3798 ima-

634 3838 802 3907 ginem
826 3878 840 3903 ,
866 3854 1018 3907 quam
1037 3838 1237 3890 erexisti
1256 3878 1269 3900 ,
1299 3853 1397 3889 non
1421 3838 1693 3891 adoramus
1719 3838 1735 3907 (
1759 3838 1892 3891 Dan.
1917 3840 1968 3891 5.
1996 3841 2081 3893 17.
2106 3839 2195 3910 18)
2217 3858 2229 3893 :

640 3939 694 3983 et
724 3940 775 3983 tu
810 3930 965 3999 igitur
993 3930 1208 3999 quando
1238 3929 1363 3996 quid
1396 3929 1518 3982 boui
1553 3922 1845 3983 secundum
1892 3931 2061 3984 Deum
2107 3946 2232 3999 ope-

638 4023 741 4074 rari
790 4020 955 4075 debes
979 4063 994 4087 ,
1029 4022 1189 4074 multa
1218 4021 1464 4091 prospice
1497 4021 1751 4089 pericula,
1791 4022 1955 4074 multa
1998 4022 2187 4075 damna
2216 4062 2229 4085 ,

640 4112 835 4166 inultas
862 4121 1103 4176 mortes;
1143 4122 1197 4165 et
1246 4128 1311 4166 ne
1356 4113 1605 4176 mireris,
1648 4128 1822 4180 neque
1867 4103 2230 4181 perturberis,

639 4204 683 4257 si
717 4203 833 4257 haec
859 4205 1120 4257 accidant.
1152 4202 1295 4268 Fili,
1331 4204 1537 4273 inquit,
1566 4203 1808 4257 accedens
1846 4205 1914 4257 ad
1950 4205 2233 4257 servitutem

608 4313 620 4325 ·
640 4295 738 4349 Dei
762 4336 776 4358 ,
808 4310 1044 4365 prtepara
1074 4296 1296 4347 animam
1328 4306 1469 4347 tuam
1495 4294 1562 4345 ad
1593 4295 1917 4347 tentationem
1947 4294 1965 4365 (
1990 4294 2149 4349 Ercli.
2176 4294 2231 4346 2.

641 4388 665 4440 1
696 4390 741 4457 ).
776 4386 943 4441 Nemo
972 4401 1164 4455 nempe
1194 4403 1425 4456 pugnare
1452 4386 1747 4440 decernens
1772 4427 1785 4449 ,
1818 4386 2018 4457 absque
2046 4388 2236 4440 volue-

642 4482 791 4536 ribus
819 4495 1069 4535 coronam
1102 4492 1375 4549 reportarc
1404 4488 1696 4547 eXSpeclut.
1730 4479 1794 4531 Et
1817 4487 1872 4529 ιιι
1896 4476 2088 4547 igitur,
2108 4478 2238 4531 cha-

644 4573 854 4627 rissime
874 4612 887 4634 ,
913 4588 1033 4626 cum
1057 4571 1270 4627 diabolo
1297 4576 1419 4623 totis
1443 4570 1643 4625 viribus
1670 4585 1903 4639 pugnare
1932 4584 2233 4638 aggressus,

644 4681 711 4719 ne
736 4664 894 4717 vitam
938 4678 1178 4718 securam
1220 4673 1273 4716 et
1315 4660 1521 4715 deliciis
1563 4663 1776 4730 plenam
1824 4662 2087 4730 sequaris.
2116 4660 2231 4715 Non

642 4757 784 4809 enim
815 4755 901 4809 hic
931 4755 1024 4807 tibi
1072 4754 1446 4807 retributiones
1489 4762 1543 4807 et
1587 4754 2003 4821 promissiones,
2048 4752 2141 4807 sed
2186 4754 2235 4805 in

645 4847 825 4901 futuro
851 4846 1049 4899 saeculo
1096 4844 1273 4897 omnia
1326 4844 1577 4911 praeclara
1624 4844 1763 4897 Deus
1804 4843 2063 4911 promisit.
2104 4844 2234 4898 Cum

646 4939 806 5008 igitur
834 4939 913 4991 vel
945 4939 1058 5006 ipse
1085 4937 1278 4989 bonum
1316 4936 1504 4989 feceris
1529 4979 1542 4998 .
1572 4945 1626 4990 et
1648 4934 1915 4990 contraria
1948 4938 2235 5004 reet-peris,

650 5032 734 5085 vel
765 5030 923 5083 alimu
958 5030 1059 5082 hoc
1090 5028 1285 5081 videris
1329 5029 1614 5093 patientem
1645 5068 1658 5090 ,
1698 5028 1868 5096 gaude
1911 5035 1965 5080 et
2012 5027 2192 5081 laetare
2225 5045 2237 5081 :

650 5122 865 5189 majoris
893 5122 1033 5173 enim
1066 5121 1154 5173 tibi
1188 5119 1552 5173 retributionis
1580 5120 1795 5171 materia
1825 5132 1925 5171 est.
1956 5119 2031 5173 Ne
2058 5120 2241 5172 conci-

648 5213 785 5276 das,
841 5226 1010 5280 neque
1056 5210 1229 5263 solvas
1275 5209 1436 5262 animi
1487 5208 1765 5273 studium,
1814 5225 1984 5279 neque
2029 5210 2242 5279 segnior

653 5303 749 5355 tias
773 5344 788 5367 ,
822 5302 912 5355 sed
947 5301 1120 5371 potius
1148 5305 1280 5354 insta
1303 5316 1422 5354 cum
1450 5301 1637 5369 majori
1662 5301 1953 5355 alacritate.
1981 5303 2240 5369 Quoniam

651 5404 705 5447 et
758 5394 983 5463 apostoli
1030 5408 1150 5447 cum
1211 5393 1607 5461 praedicabant,
1663 5392 1759 5446 etsi
1808 5391 2238 5461 ﬁagellarentur,

653 5484 1032 5553 lapidarentur,
1065 5498 1309 5537 carceres
1355 5486 1605 5537 continue
1647 5483 1970 5547 habitarent,
2014 5501 2117 5538 non
2157 5500 2243 5539 so-

656 5574 762 5628 lum
809 5585 927 5645 post
970 5574 1328 5643 periculorum
1378 5573 1788 5639 liberationem,
1830 5574 1925 5630 sed
1956 5584 2009 5628 et
2034 5576 2083 5629 in
2117 5577 2243 5646 ipsis

657 5809 691 5857 ‘_
720 5751 899 5862 inimus
921 5752 1070 5802 habet
1096 5764 1107 5801 :
1134 5760 1291 5814 Neque
1323 5750 1662 5801 timendorum.
1700 5749 1830 5801 alter

676 5827 757 5862 ιη..

676 5827 757 5865 [ειη

1874 5764 1886 5800 :
1926 5759 2082 5816 Neque
2121 5765 2250 5804 mor-

2356 521 2606 591 perieulis
2632 534 2753 574 cum
2782 516 2984 588 majore
3026 515 3303 571 alacritate
3346 511 3583 567 veritatis
3623 508 3948 579 prmeonlutn

2350 613 2719 669 enuntiabant.
2754 612 2823 666 Et
2849 609 3032 665 videre
3062 618 3146 663 est
3171 606 3391 663 Paulum
3436 606 3488 658 in
3529 603 3646 673 ipso
3684 614 3903 661 carcere
3928 640 3947 665 ,

2351 706 2403 760 in
2436 706 2565 774 ipsis
2590 705 2793 760 catenis
2825 704 3215 765 instruentem,
3246 698 3544 753 initiantem
3572 736 3589 759 ,
3633 703 3690 749 et
3736 694 3790 748 in
3831 692 3951 746 foro

2345 797 2583 865 judiciali
2614 812 2828 851 rursum
2859 794 2998 849 idem
3031 791 3312 847 facientem
3340 832 3357 854 ,
3388 798 3442 843 et
3481 789 3532 842 in
3577 784 3857 855 naufragio
3898 791 3952 838 et

2348 888 2401 943 in
2430 897 2747 957 tempestate
2772 929 2788 953 ,
2820 896 2873 941 et
2904 886 2955 939 in
2988 883 3239 954 periculis
3267 879 3581 935 innumeris.
3625 876 3707 932 Tu
3736 889 3949 947 quoque

2348 989 2563 1035 sanctos
2603 980 2735 1034 istos
2782 978 3036 1031 :emulare
3060 1018 3075 1041 ,
3117 985 3171 1030 et
3212 990 3241 1029 a
3292 972 3444 1028 bouis
3481 970 3771 1041 operibus,
3818 966 3949 1023 dum

2348 1083 2520 1145 potes,
2572 1087 2639 1126 ne
2681 1070 2898 1127 cxcidas
2930 1071 2946 1101 ί
2978 1088 2992 1124 :
3026 1081 3077 1124 et
3108 1070 3230 1123 licet
3276 1068 3469 1122 millies
3515 1063 3946 1133 interpellantem

2349 1176 2400 1219 te
2434 1165 2705 1220 diabolum
2747 1164 2978 1227 videris,
3024 1177 3283 1231 nusquam
3331 1159 3581 1214 absistas.
3629 1157 3708 1211 Tu
3730 1155 3947 1226 quidem

2347 1261 2601 1328 pecunias
2689 1259 2966 1329 perferens
3013 1297 3029 1324 ,
3106 1255 3241 1311 forte
3307 1252 3637 1323 naufragium
3705 1250 3875 1307 fecisti
3927 1266 3944 1317 ;

2348 1350 2543 1404 Paulus
2586 1360 2765 1403 autem
2810 1349 3060 1404 omnibus
3108 1348 3350 1417 pecuniis
3397 1346 3680 1415 pretiosius
3722 1343 3945 1398 verbum

2346 1441 2522 1496 ferens
2542 1483 2556 1505 ,
2589 1440 2815 1496 Romam
2843 1441 3022 1495 abibat
3047 1483 3062 1503 ,
3104 1449 3159 1495 et
3187 1442 3237 1493 in
3264 1438 3598 1508 naufragium
3630 1438 3811 1493 incidit
3841 1479 3856 1502 ,
3891 1446 3947 1491 et

2347 1533 2548 1586 infinita
2578 1533 2741 1587 subiit
2772 1534 3130 1586 incommoda.
3165 1533 3230 1586 Et
3259 1532 3359 1585 hoc
3385 1532 3499 1601 ipse
3532 1530 3825 1603 declaravit
3865 1528 3948 1583 di-

2342 1642 2510 1683 cens:
2544 1626 2748 1697 Stepins
2773 1626 3023 1679 voluimus
3050 1625 3219 1678 venire
3271 1623 3340 1677 ad
3382 1640 3467 1678 vos
3487 1664 3501 1688 ,
3555 1623 3644 1677 sed
3681 1622 3946 1683 impedivit

2343 1738 2435 1774 nos
2458 1728 2659 1774 satanas
2693 1720 2711 1791 (
2740 1721 2791 1774 Ι.
2818 1719 2997 1773 Thess.
3025 1718 3078 1771 Ξ.
3117 1717 3221 1785 18)
3254 1736 3267 1771 :
3294 1726 3349 1771 et
3392 1718 3529 1772 Deus
3550 1716 3794 1787 permisit
3822 1758 3837 1781 ,
3876 1730 3946 1770 ex

2342 1814 2795 1881 super-abundanti
2825 1828 2976 1867 suam
2998 1812 3377 1867 demonstrans
3400 1812 3651 1865 virtutem
3678 1820 3733 1864 et
3756 1820 3943 1864 osten-

2342 1904 2476 1960 dens
2504 1946 2519 1971 ,
2547 1906 2688 1975 quod
2721 1905 2927 1959 inﬁnita
2954 1904 3183 1959 faciente
3223 1904 3437 1959 diabolo
3480 1913 3536 1959 et
3575 1904 3897 1975 prohibente
3923 1942 3943 1969 ,

2343 1997 2473 2051 nihil
2500 2012 2560 2051 ex
2594 1998 2693 2051 hoc
2720 1996 3029 2066 przedicatio
3053 1997 3394 2051 minuebatur
3416 2038 3431 2063 ,
3461 2004 3553 2049 aut
3582 1997 3943 2066 interrumpe-

2344 2089 2514 2142 hatur.
2545 2087 2749 2143 Idcirco
2780 2090 2831 2141 iu
2859 2088 3111 2142 omnibus
3134 2088 3328 2141 Paulus
3357 2088 3463 2141 Deo
3488 2088 3687 2159 gratias
3711 2087 3901 2157 agebat
3925 2128 3941 2152 ,

2342 2183 2520 2236 sciens
2544 2182 2686 2251 quod
2719 2182 3080 2251 probatiorem
3116 2198 3210 2250 per
3239 2181 3354 2236 haec
3382 2197 3439 2235 se
3466 2182 3607 2237 Deus
3636 2180 3896 2236 reddebat
3925 2199 3941 2235 :

2341 2282 2394 2325 et
2423 2272 2581 2325 studii
2636 2272 2718 2327 sui
2776 2272 3166 2326 vehementiam
3214 2272 3265 2326 in
3319 2274 3569 2327 omnibus
3614 2270 3941 2338 exhibebat,

2342 2364 2485 2417 nullo
2514 2364 2701 2419 horum
2746 2364 3248 2433 impedimentorum
3275 2364 3559 2418 cohibitus.
3589 2364 3810 2432 Quoties
3840 2364 3943 2433 igi-

2340 2466 2425 2511 tur
2456 2456 2689 2511 frustrati
2723 2458 2978 2511 fuerimus
3006 2500 3020 2523 ,
3054 2460 3213 2512 toties
3243 2458 3533 2527 spiritualia
3559 2474 3722 2527 Opera
3749 2474 3943 2527 aggre-

2342 2552 2596 2606 diamur:
2642 2568 2815 2621 neque
2850 2552 3093 2606 dicamus
3116 2593 3131 2616 ,
3177 2566 3341 2620 quare
3382 2552 3523 2605 Deus
3561 2551 3942 2621 impedimenta

2341 2646 2623 2714 permisit?
2668 2656 2884 2715 propter
2923 2646 3027 2701 hoc
3074 2648 3214 2701 enim
3266 2647 3551 2716 permisit,
3602 2656 3661 2699 ut
3703 2644 3942 2701 studium

2341 2745 2486 2789 tuum
2518 2736 2686 2791 multo
2712 2738 2878 2806 magis
2903 2738 3244 2792 demonstres
3270 2779 3286 2803 ,
3313 2747 3368 2791 et
3404 2738 3626 2791 multum
3675 2754 3939 2793 amorem.

2338 2827 2581 2879 Amantis
2609 2828 2751 2881 enim
2796 2829 3029 2882 maxime
3066 2838 3191 2893 est,
3238 2844 3528 2897 numquam
3573 2829 3639 2883 ab
3670 2830 3733 2883 iis
3762 2870 3777 2894 ,
3819 2845 3943 2900 qua:

2338 2927 2518 2971 amato
2546 2918 2883 2985 complacent
2902 2959 2918 2983 ,
2949 2918 3231 2974 absistere.
3264 2920 3433 2973 Mollis
3460 2922 3602 2989 enEm
3634 2930 3688 2974 et
3717 2922 3944 2991 ignavus

2338 3024 2401 3061 ex
2434 3009 2606 3078 primo
2636 3010 2815 3063 statim
2849 3011 3050 3080 impetu
3090 3013 3374 3075 concidet;
3422 3013 3717 3067 vehemens
3760 3024 3941 3069 autem

2337 3110 2391 3156 et
2415 3103 2677 3156 excit-itus
2703 3145 2715 3164 ,
2749 3104 2849 3157 etsi
2879 3104 3072 3159 millies
3113 3105 3481 3175 interpellatur
3508 3148 3523 3171 ,
3572 3116 3722 3161 tanto
3771 3110 3943 3179 magis

2337 3195 2532 3249 divinis
2559 3196 2720 3249 rebus
2750 3195 2969 3249 instabit
2996 3238 3010 3259 ,
3040 3208 3296 3266 quantum
3327 3200 3377 3251 in
3419 3215 3478 3252 si:
3505 3210 3589 3252 est
3623 3200 3801 3254 omnia
3831 3200 3939 3255 itit-

2342 3290 2489 3356 plens
2511 3327 2530 3351 ,
2550 3297 2605 3342 et
2634 3291 2683 3341 in
2712 3290 2959 3343 omnibus
2983 3290 3182 3358 gratias
3208 3305 3371 3359 agens
3400 3307 3413 3345 :
3445 3291 3544 3344 hoc
3571 3300 3624 3345 et
3656 3307 3753 3346 nos
3779 3292 3944 3347 facia-

2341 3397 2479 3436 mus.
2515 3381 2733 3450 Magnus
2763 3383 3043 3434 thesaurus
3065 3382 3356 3451 gratiarum
3388 3384 3528 3436 actio
3551 3422 3569 3449 ,
3613 3399 3819 3451 magna:
3857 3386 3945 3441 di-

2341 3472 2484 3526 vitia:
2505 3513 2521 3537 ,
2554 3474 2982 3539 illCOllStlllipllllll
3013 3474 3210 3525 bonum
3230 3516 3245 3537 ,
3280 3483 3545 3525 armatura
3581 3474 3729 3528 fortis
3759 3493 3771 3528 :
3800 3476 3944 3531 sicut

2341 3576 2390 3619 ct
2426 3566 2751 3635 blasphemia
2784 3578 3097 3631 [irll'Selllt'lll
3120 3566 3384 3633 jacturam
3414 3565 3677 3630 intendit,
3707 3576 3760 3619 et
3788 3568 3939 3636 plura

2338 3672 2497 3725 quam
2526 3672 2644 3723 qua:
2690 3656 3053 3723 perdidimus,
3098 3659 3314 3724 insuper
3355 3656 3532 3725 perire
3576 3658 3721 3714 facit.
3756 3660 3940 3715 Perdi-

2340 3750 2461 3801 disti
2494 3750 2745 3818 pecunias
2767 3752 2791 3800 ⁸(
2820 3751 2862 3804 si
2893 3753 3091 3819 gratias
3115 3753 3332 3819 quidem
3361 3755 3532 3822 egeris
3553 3796 3567 3819 ,
3596 3756 3827 3808 animam
3860 3756 3943 3809 lu-

2343 3850 2525 3894 oratus
2550 3856 2645 3907 es,
2678 3853 2731 3895 et
2763 3843 2997 3909 majores
3042 3854 3228 3897 nactus
3268 3862 3326 3899 es
3373 3846 3583 3899 divitias
3613 3889 3626 3911 ,
3675 3850 3796 3918 quia
3845 3850 3940 3903 Dei

2341 3933 2766 3987 benevolentiam
2811 3936 2902 3987 tihi
2946 3936 3262 4003 ampliorem
3317 3939 3659 3999 conciliasti;
3721 3941 3764 3992 si
3810 3956 3943 3995 vero

2341 4024 2830 4093 blasphemaveris,
2865 4026 3083 4092 insuper
3124 4036 3177 4080 et
3217 4029 3439 4081 salutem
3488 4039 3629 4083 tuam
3667 4032 3891 4084 amisisti
3922 4073 3939 4099 ,

2341 4131 2513 4181 neque
2558 4116 2673 4170 illas
2720 4117 3067 4183 recuperasti.
3110 4128 3165 4173 et
3200 4135 3359 4188 quam
3402 4120 3633 4174 habuisti
3681 4122 3944 4188 animam,

2341 4207 2475 4261 hanc
2504 4224 2715 4275 quoque
2738 4210 3001 4262 occidisti.

2414 4298 2500 4352 4‘2.
2524 4298 2762 4366 Praecipit
2795 4311 2845 4352 ut
2884 4299 3169 4370 blasphemi
3210 4304 3557 4371 corripiantur
3593 4315 3639 4356 et
3674 4306 3939 4369 vapulem.

2339 4391 2530 4445 ——Sed
2582 4402 2858 4462 postquam
2899 4394 2967 4447 de
3013 4395 3342 4463 blasphemia
3395 4398 3548 4451 nobis
3595 4401 3753 4454 verba
3801 4416 3946 4456 nunc

2341 4480 2475 4533 facta
2520 4492 2663 4546 sunt,
2692 4499 2851 4535 unam
2889 4500 2916 4535 a
2956 4484 3110 4538 vobis
3140 4487 3389 4539 omnibus
3417 4497 3595 4555 petere
3625 4489 3746 4542 volo
3779 4492 3945 4543 retri-

2344 4569 2611 4624 butionem
2646 4589 2741 4640 pro
2761 4574 3020 4630 enucione
3043 4575 3143 4629 hac
3186 4587 3345 4644 atque
3389 4594 3672 4632 sermone:
3694 4566 3763 4632 ἰιι
3791 4580 3843 4632 in
3871 4582 3942 4633 ci-

2344 4662 2505 4714 vitate
2550 4662 2975 4731 blasplieniaiites
3017 4665 3145 4718 mihi
3184 4667 3476 4737 castigatis.
3530 4668 3584 4723 Si
3634 4670 3945 4738 quempiam

2344 4750 2395 4803 in
2428 4750 2566 4804 bivio
2595 4764 2650 4805 et
2681 4756 2793 4807 l'oro
2818 4755 2930 4809 Deo
2953 4756 3409 4825 blaSphemantem
3437 4759 3693 4826 audieris,
3724 4760 3946 4825 accede,

2344 4841 2592 4910 increpa:
2619 4854 2673 4897 et
2700 4845 2744 4897 si
2774 4846 2994 4899 Verbera
3029 4847 3270 4913 inﬂigere
3300 4857 3563 4916 oporteat,
3594 4866 3660 4904 ne
3690 4864 3911 4905 recuses
3936 4873 3948 4905 :

2347 4934 2509 5001 ipsius
2534 4934 2720 4989 faciem
2749 4938 2897 5005 alapa
2936 4950 3153 5007 percute
3179 4982 3192 5005 ,
3233 4954 3453 4995 contere
3483 4957 3544 4995 os
3576 4944 3741 5009 ipsius
3772 4985 3787 5008 ,
3823 4961 3946 5013 per-

2344 5026 2592 5079 cussione
2609 5044 2821 5080 manum
2840 5038 2980 5081 luant
3000 5031 3293 5084 sanetiﬁca.
3312 5031 3372 5084 Et
3390 5033 3431 5084 si
3454 5033 3541 5086 ulli
3556 5037 3946 5101 accusaverim,

2346 5125 2398 5167 et
2425 5117 2468 5169 si
2500 5117 2549 5169 in
2572 5118 2828 5184 judicium
2858 5122 3147 5185 traxerint,
3187 5137 3448 5190 sequere:
3492 5136 3545 5178 et
3574 5126 3617 5177 si
3649 5141 3836 5195 pinnas
3857 5126 3951 5195 ju-

2347 5208 2445 5259 dex
2475 5224 2571 5275 pro
2599 5209 2847 5262 tribunali
2880 5215 3267 5279 repoposcerit,
3288 5215 3372 5267 dic
3386 5232 3503 5267 cum
3530 5217 3949 5287 libertate.quod

2349 5301 2657 5367 angelorum
2701 5300 2898 5369 Regem
2947 5302 3415 5372 blasphemaverit.
3469 5306 3521 5360 Si
3570 5309 3711 5361 enim
3764 5325 3949 5378 regem

2352 5398 2506 5444 terra:
2552 5392 2985 5461 blasphemantes
3018 5397 3189 5463 partiri
3222 5408 3433 5464 ttpttl‘icl
3457 5440 3468 5461 ,
3497 5401 3663 5453 multo
3686 5403 3853 5470 magis
3886 5403 3953 5456 il-

2350 5480 2457 5534 lum
2513 5486 2834 5539 contumelia
2867 5485 3183 5544 allicientes.
3232 5488 3529 5544 Commune
3572 5492 3775 5547 crimen
3825 5503 3953 5562 est,

2354 5575 2561 5642 publica
2595 5578 2808 5645 injuria,
2830 5582 3021 5649 cuique
3046 5597 3303 5637 accusare
3329 5584 3526 5638 volenti
3562 5586 3702 5642 licet.
3735 5587 3956 5643 Discant

2400 5755 2436 5824 ,ί
2474 5761 2573 5824 Duo
2598 5763 2702 5826 Mss.
2733 5764 2784 5806 et
2822 5758 2982 5822 Savil.,
3014 5768 3065 5809 In
3092 5758 3223 5811 bonis
3246 5760 3473 5823 operibus
3509 5776 3763 5824 persevera
3787 5777 3953 5823 quin»

2356 5816 2442 5866 diu
2463 5816 2739 5877 spiraneris.
