4196 6316
278 345 339 403 3|
1338 334 1430 391 AD
1467 329 1801 417 POPULUM
1844 323 2349 417 ANTIOCHENUM
2389 324 2625 417 ῌΟΜΙΙ..
2664 327 2708 381 1.
3686 320 3758 378 $5

284 460 491 535 μένων,
539 457 653 513 τῶν
701 452 1035 527 θλιϐομένων
1067 452 1165 507 καὶ
1208 446 1741 535 στενοχωρουμένων

352 550 441 602 ια’.
456 544 649 600 Ταῦτα
660 542 814 615 παρὰ
830 538 1042 611 σεαυτῷ
1054 538 1249 607 λέγων.
1263 534 1659 609 εὐχαρίστησον
1672 531 1753 603 τῷ

281 648 372 705 τῃ,
405 633 490 687 δτι
515 648 577 685 σε
595 629 698 701 τῆς
714 612 912 702 μοίρας
936 625 1143 696 ταύτης
1160 622 1437 695 ἐποίησεν,
1452 619 1578 692 οὐχὶ
1608 615 1806 690 μισῶν,
1826 612 1967 705 ἀλλά

285 700 379 774 κᾶι
428 700 1031 790 σφόδραίφιλῶν,,ἐπεὶ
1074 710 1498 773 κάκείνους,οὑκ
1535 706 1689 777 ἠφίει
1733 700 1972 757 τοσαῦτα

287 806 523 878 πάσχειν
537 799 721 866 δεινὰ,
743 806 795 857 εί
816 801 905 875 ,μὴ
940 800 1008 856 ἀν
1049 799 1145 854 καὶ
1170 797 1377 869 σφόδρα
1405 794 1599 866 ἐφίλει,
1617 793 1701 847 ὅτι
1719 790 1973 878 λαμπρο-

285 872 483 965 τέρους
498 905 529 936 ι
548 892 747 955 αὐτοὺς
779 872 870 944 διά
894 872 1004 943 τῶν
1025 886 1215 943 κακῶν
1234 885 1447 939 τούτων
1473 878 1779 954 εἰργάζετο.
1806 872 1975 965 υύδέν

286 960 639 1056 εὐχαριστίας
661 980 775 1034 ίσον
795 977 1021 1049 ἀγαθὸν,
1061 975 1255 1047 ῶσπερ
1287 968 1637 1056 βλασφημία-ς
1668 967 1850 1056 χεῖρον
1878 960 1973 1016 οὐ·

288 1049 400 1121 δέν·
422 1049 541 1138 [ιη
559 1064 637 1134 μὴ
658 1059 1054 1129 θαυμάσωμεν,
1082 1058 1165 1108 ὃτι
1186 1055 1579 1123 πνευματικοῖς
1597 1049 1973 1138 ἐπιτιθέμενοι

290 1136 587 1228 πράγμασι
620 1148 795 1204 πολλά
816 1145 1100 1217 πάσχομεν
1124 1141 1293 1197 δεινά.
1327 1140 1541 1212 Ὠσπερ
1568 1137 1766 1228 γάρλοί
1781 1136 1981 1209 λῃσταὶ

288 1224 391 1297 οὐκ
424 1224 556 1295 ἔνθα
578 1237 771 1310 χόρτος
796 1235 893 1290 καὶ
927 1234 1110 1306 ἄχυρα
1136 1232 1231 1286 καί
1262 1230 1509 1302 καλάμη,
1540 1227 1655 1283 ἀλλ’
1684 1224 1816 1281 ἔνθα
1847 1241 1982 1297 χρυ-

292 1330 407 1384 σίον
427 1327 525 1383 καὶ
553 1326 836 1399 ἀργύριον,
863 1324 980 1377 ἐκεῖ
1016 1319 1378 1393 διορύττουσι,
1412 1318 1509 1372 καὶ
1541 1314 1783 1387 συνεχῶς
1807 1315 1981 1399 ἀγρυ-

289 1414 553 1471 πνοῦσινο
593 1398 749 1465 οὕτω
796 1410 891 1464 καὶ
930 1411 961 1463 6
1000 1406 1247 1471 διάϐολος
1278 1405 1487 1468 τούτοις
1533 1402 1766 1475 μάλιστα
1802 1398 1979 1454 ἐπιτί-

290 1504 445 1558 θεται
476 1504 594 1566 τοῖς
626 1495 1013 1570 πνευματικῶν
1050 1492 1380 1564 ἁπτομένας
1412 1488 1784 1562 πραγμάτων.
1833 1486 1981 1541 Ἐκεῖ

291 1590 485 1648 ταιλλαὶ
535 1590 591 1645 al
644 1585 950 1648 ἐπιϐουλαὶ,
1000 1581 1129 1637 ἔνθα
1179 1581 1351 1654 ἀρετή
1376 1595 1391 1610 ⁸
1438 1579 1559 1631 ἐκεῖ
1604 1577 1797 1647 φθόνος
1847 1573 1980 1628 ἔνθα

291 1672 657 1745 ἐλεημοσύνη.
689 1671 830 1726 Ἀλλ’
860 1669 1011 1726 εστιν
1040 1671 1173 1743 ἡμῖν
1192 1668 1253 1722 ἓν
1269 1667 1434 1723 ὅπλον
1461 1664 1718 1737 μέγιστον
1742 1661 1772 1716 6
1800 1661 1983 1725 πάσας

293 1758 481 1815 ἰκανὸν
509 1759 612 1825 τάς
650 1758 910 1824 τοιαύτας
960 1755 1211 1830 μηχανάς
1260 1751 1732 1827 ἀποκρούσασθαι,
1784 1748 1847 1804 τὸ
1892 1746 1982 1801 διὰ

293 1847 514 1902 πάντων
543 1845 751 1901 τούτων
777 1846 1123 1918 εὐχαριστεῖν
1142 1843 1222 1916 τῷ
1242 1841 1384 1915 Θεῷ.
1418 1841 1480 1897 '0
1507 1839 1698 1903 Ἀϐελ,
1719 1836 1841 1895 εἰπέ
1864 1852 1977 1905 μοι.

290 1935 413 2007 οὐχὶ
433 1934 544 1990 τῶν
570 1932 863 2009 πρωτείων
887 1931 969 2005 τῷ
987 1931 1107 2005 Θεῷ
1126 1930 1541 2003 ἀπαρξάμενος,
1558 1926 1667 1982 ύπὺ
1688 1920 1983 1993 ἀδελφικῆς

291 2024 457 2077 ῑπεσε
476 2023 691 2095 χειρός;
720 2021 838 2077 ἀλλ’
860 2022 1013 2093 δμως
1027 2022 1056 2075 6
1081 2010 1217 2083 Θεὸς
1238 2016 1642 2090 συνεχώρησεν,
1661 2013 1784 2084 οὐχλ⁵
1807 2011 1984 2084 μισῶν

290 2112 383 2165 τὸν
413 2112 748 2183 τιμήσαντα,
782 2109 920 2165 ἀλλά
950 2109 1048 2163 καὶ
1082 2107 1289 2178 σφόδρα
1328 2105 1535 2177 φιλῶν,
1583 2103 1681 2157 καὶ
1727 2102 1865 2172 πρὸς
1904 2098 1985 2171 τῷ

290 2200 392 2271 τῆς
417 2199 716 2271 καλλίστης
739 2198 957 2273 ἐκείνης
987 2196 1182 2261 θυσίας
1215 2195 1468 2267 στεφάνῳ
1495 2193 1591 2248 καὶ
1618 2192 1808 2264 ἕτερον
1837 2186 1985 2259 αὐτῷ

291 2288 383 2343 τὸν
412 2287 524 2342 ἀπὺ
560 2286 657 2341 τοῦ
691 2286 995 2359 μαρτυρίου
1024 2284 1283 2357 παρέχων
1302 2282 1599 2351 στέφανον.
1641 2281 1701 2335 '0
1744 2278 1985 2349 Μωῦσῆς

293 2379 559 2451 ἠθέλησεν
588 2377 926 2448 ἀδικουμένῳ
950 2371 1217 2448 βοηθῆσαί
1246 2388 1354 2426 τινι
1396 2369 1493 2425 καὶ
1521 2368 1652 2442 περὶ
1676 2367 1786 2423 τῶν
1818 2367 1985 2438 ἐσχά-

294 2486 403 2522 των
431 2466 781 2523 ἐκινδύνευσε
809 2463 907 2517 καὶ
933 2464 1034 2535 τῆς
1069 2462 1330 2533 πατρίδος
1370 2458 1600 2525 ἐξέπεσε
1619 2474 1633 2489 ο
1656 2456 1764 2513 ικαὶ
1795 2459 1824 2510 6
1854 2454 1988 2518 Θεὸς

296 2553 701 2627 συνεχώρησεν,
737 2552 827 2607 ἵνα
858 2550 1037 2624 μάθῃς
1074 2548 1185 2604 τῶν
1228 2548 1405 2618 ἁγίων
1447 2545 1549 2617 την
1589 2546 1888 2616 ὑπομονήν.
1923 2544 1988 2598 Εί

294 2644 406 2715 γάρ
419 2641 733 2715 προειδότες
755 2641 833 2704 ὡς
854 2640 1005 2695 οὐδέν
1030 2637 1334 2712 πεισόμεθα
1357 2638 1387 2678 δ
1410 2636 1603 2700 δεινὸν,
1632 2633 1805 2699 οὕτως
1825 2632 1992 2704 ἡπτό-

300 2732 441 2805 μεθα
464 2731 577 2786 τῶν
605 2727 996 2801 πνευματικῶν
1029 2728 1396 2800 πραγμάτων,
1426 2724 1578 2779 οὐδὲν
1606 2723 1749 2794 μέγα
1774 2722 1839 2777 ἀν
1873 2720 1989 2774 ἐδό-

300 2820 473 2891 ξαμεν
510 2821 708 2885 ποιεῖν,
740 2816 996 2889 ἐνέχυρον
1022 2817 1123 2888 τῆς
1156 2816 1459 2885 ἀσφαλείας
1483 2814 1699 2886 ἔχοντες
1724 2810 1986 2864 τοιοῦτον

298 2910 417 2963 νυνὶ
468 2909 528 2962 δέ
580 2905 835 2961 ἐντεῦθεν
885 2905 1126 2977 μάλιστα
1172 2903 1240 2959 ἀν
1293 2900 1407 2959 εῐεν
1464 2900 1769 2973 θαυμαστοὶ
1810 2901 1861 2953 οί
1919 2896 1991 2952 τὰ

298 2995 523 3050 τοιαῦτα
556 2995 912 3066 πράττοντες,
935 2994 1019 3047 ὅτι
1048 2993 1145 3047 καὶ
1176 2991 1459 3054 κινδύνους
1517 2990 1613 3043 καὶ
1662 2986 1869 3058 ζημίας
1896 2987 1992 3040 καὶ

300 3084 569 3145 θανάτους
625 3084 721 3136 καὶ
738 3083 908 3154 μυρία
927 3086 1074 3136 κακά
1095 3079 1494 3151 προορώμενοι,
1518 3081 1668 3149 ὅμως
1686 3075 1795 3130 τῶν
1818 3075 1989 3129 τοιού-

300 3188 408 3226 των
456 3172 560 3224 οὐκ
601 3169 902 3240 ἀφίσταντο
955 3167 1421 3241 κατορθωμάτων,
1471 3166 1592 3221 οὐδέ
1638 3164 1991 3238 όκνηρότεροι

300 3261 543 3329 ἐγίνοντο
570 3260 692 3324 ταῖς
720 3257 831 3311 τῶν
862 3257 1044 3327 φόϐων
1067 3256 1418 3329 προσδοκίαις
1442 3266 1489 3310 ο.
1518 3254 1793 3326 Καθάπερ
1815 3248 1910 3307 οὖν
1941 3253 1993 3305 οί

297 3350 449 3420 τρεῖς
488 3347 681 3409 παῖδες
721 3346 928 3414 ἐλεγοψ
967 3347 1135 3401 Ἔστι
1176 3346 1321 3411 Θεὸς
1348 3346 1418 3399 ἐν
1451 3342 1688 3414 οὐρανῷ
1732 3340 1995 3407 δυνατὸς

297 3433 619 3500 ἐξελέσθαι
659 3432 852 3503 ἡμᾶς·
902 3432 1003 3487 καί
1049 3432 1162 3488 ἐὰν
1206 3433 1318 3503 μὴ,
1354 3431 1630 3503 γνωστὸν
1670 3431 1830 3485 ἔστω
1867 3443 1990 3492 σοι,

298 3523 591 3589 βασιλεῦ.
624 3523 714 3577 ὅτι
746 3521 872 3588 τοῖς
914 3522 1074 3589 θεοῖς
1115 3538 1234 3577 σου
1266 3523 1339 3576 οὐ
1365 3519 1756 3589 λατρεύομεν,
1787 3517 1885 3572 καί
1919 3515 1994 3586 τῇ

300 3613 487 3667 εικόνι
515 3609 594 3681 τῇ
637 3609 843 3681 χρυσῇ
880 3602 921 3680 ᾖ
954 3610 1225 3677 ἕστησας
1258 3610 1333 3663 οὐ
1358 3607 1826 3677 προσκυνοῦμεν
1845 3620 1858 3635 ’
1895 3605 1993 3657 καὶ

304 3700 367 3752 σὺ
402 3699 609 3763 τοίνυν,
658 3698 787 3752 ὅταν
826 3696 1028 3769 μέλλῃς
1071 3696 1124 3749 τί
1166 3712 1297 3749 ποτε
1341 3693 1672 3767 ἐργάζεσθαι
1702 3692 1811 3746 τῶν
1836 3690 1993 3745 «κατά

300 3786 453 3846 Θεὸν.
495 3786 728 3850 πολλοὺς
780 3785 992 3857 προόρα
1020 3783 1319 3846 κινδύνους,
1368 3781 1570 3842 πολλάς
1597 3780 1823 3853 ζημίας,
1866 3779 1995 3835 πολ-

302 3873 425 3938 λοὺς
445 3873 743 3937 θανάτους’
770 3876 865 3928 καὶ
898 3873 973 3945 μὴ
992 3871 1221 3937 ξενίζου,
1246 3870 1381 3941 μηδὲ
1408 3868 1643 3941 θορυϐοῦ
1666 3866 1997 3938 συμϐαινόν-

301 3980 410 4019 των
428 3965 659 4019 τούτων.
678 3965 900 4020 Τέκνον
916 3963 1047 4035 γὰρ,
1072 3962 1261 4039 φησὶν,
1273 3963 1327 4015 εὶ
1342 3961 1654 4029 προσέρχῃ
1676 3958 1997 4012 δουλεύειν

303 4052 383 4119 τῷ
405 4054 624 4121 Κυρίῳ,
645 4052 971 4123 ἐτοίμασον
998 4050 1113 4119 τὴν
1140 4047 1357 4119 ψυχήν
1381 4060 1498 4102 σου
1522 4048 1610 4112 εὶς
1637 4047 1993 4116 πειρασμόν.

306 4141 494 4207 Οὐδεὶς
533 4142 717 4196 τοίνυν
749 4138 1043 4195 πυκτεύειν
1081 4137 1407 4210 αἱρούμενος
1452 4136 1623 4207 χωρὶς
1664 4137 1997 4207 τραυμάτων

308 4231 592 4303 προσδοκᾷ
622 4230 887 4299 στέφανον
934 4225 1326 4295 ἀναδήσασθαι.
1373 4225 1484 4278 Kal
1515 4226 1579 4279 σὺ
1607 4224 1817 4287 τοίνυν,
1857 4225 1998 4292 ἀγα-

310 4318 472 4387 πητέ,
512 4318 651 4389 πρὸς
673 4318 766 4371 τὸν
796 4315 1041 4371 διάϐολον
1067 4311 1503 4385 παγκρατιάζειν
1536 4310 1995 4382 καταδεξάμενος,

314 4406 387 4479 μὴ
418 4406 513 4461 τὸν
542 4405 827 4460 ἀκίνδυνον
865 4406 962 4459 καὶ
1004 4404 1221 4474 τρυφῆς
1272 4402 1516 4474 γέμοντα
1541 4400 1705 4455 δίωκε
1748 4400 1897 4471 βίονο
1935 4401 1996 4453 ού

312 4494 418 4565 γὰρ
452 4494 689 4549 ἐνταῦθά
720 4511 805 4548 σοι
852 4494 951 4557 τὰς
983 4491 1218 4563 ἀμοιϐὰς
1242 4492 1337 4545 καὶ
1364 4490 1463 4554 τὰς
1504 4489 1847 4561 ὑποσχέσεις,
1882 4489 1997 4542 ἀλλ’

314 4586 392 4648 είς
436 4584 528 4638 τὸν
577 4584 841 4654 μέλλοντα
888 4580 1061 4636 αἰῶνα
1108 4580 1327 4635 ἅπαντα
1372 4579 1640 4648 ὑπέσχετο
1683 4580 1713 4632 6
1754 4578 1889 4642 Θεὸς
1931 4578 2002 4632 τά

313 4670 563 4744 λαμπρά.
589 4672 759 4726 Ὅταν
785 4667 880 4726 οῦν
907 4670 941 4742 ἢ
981 4670 1145 4732 αὐτός
1160 4682 1214 4722 τι
1250 4670 1482 4740 ποιήσας
1502 4666 1728 4736 ἀγαθὸν,
1753 4666 1822 4720 τά
1848 4669 2001 4721 ἐναν-

313 4762 402 4815 τία
422 4760 728 4833 ἀπολάϐῃς,
752 4761 786 4831 ἢ
818 4761 1004 4832 ἕτερον
1040 4757 1203 4812 τοῦτο
1227 4760 1508 4828 πάσχοντα
1536 4757 1653 4828 ἴδῃς
1672 4795 1687 4819 ,
1704 4756 2001 4827 εὐφραίνου

316 4852 410 4905 καὶ
446 4846 610 4922 χαῖρε
630 4866 643 4879 ·
692 4850 941 4921 μείζονος
968 4838 1079 4919 γὰρ
1111 4847 1346 4917 ἀμοιϐῆς
1376 4845 1635 4910 ὑπόθεσις
1666 4844 1727 4898 τδ
1766 4846 2003 4917 πρᾶγμά

317 4957 398 4993 σοι
424 4938 669 5007 γίνεταιο
710 4938 772 4991 οὐ
816 4937 892 5009 μὴ
925 4936 1246 5009 καταπέσῃς
1284 4935 1335 4995 ἀ,
1389 4935 1522 5003 μηδὲ
1556 4932 1872 5005 καταλύσῃς
1904 4933 2002 5003 τὴν

318 5025 647 5098 προθυμίαν,
682 5025 1207 5097 μηδὲόκνηρότερος
1238 5024 1392 5097 γένῃ.
1429 5022 1565 5076 ἀλλά
1602 5022 1802 5094 μᾶλλον
1825 5021 2002 5075 ὲπιτί-

316 5115 443 5169 θεσο
473 5114 614 5186 μετά
633 5114 879 5178 πλείονος
902 5115 1004 5185 τῆς
1023 5113 1353 5185 προθυμίας.
1397 5113 1550 5165 Ἐπεὶ
1576 5114 1669 5165 καὶ
1696 5114 1743 5165 οί
1771 5110 2004 5164 ἀπόστο-

318 5205 399 5256 λοι
430 5202 592 5273 ηνίκα
615 5203 934 5273 ἐκήρυττον,
968 5202 1373 5272 μαστιζόμενοι,
1395 5199 1765 5269 λιθαζόμενοι,
1791 5198 2005 5268 δεσμω-

315 5293 480 5363 τήρια
514 5290 753 5360 συνεχῶς
789 5289 1088 5353 οίκοῦντες,
1120 5290 1184 5343 οὐ
1218 5289 1378 5361 μόνον
1428 5288 1564 5358 μετά
1596 5288 1695 5357 τὴν
1727 5287 1836 5340 τῶν
1883 5304 2005 5339 κινα-

318 5380 489 5435 δύνων
527 5380 874 5451 ἀπαλλαγὴν,
926 5379 1063 5433 άλλά
1105 5380 1200 5433 καὶ
1247 5381 1304 5431 ὲν
1346 5378 1527 5441 αὐτοῖς
1574 5379 1686 5439 τοῖς
1737 5375 2007 5438 κινδύνοις

320 5472 463 5546 μετά
493 5471 742 5544 μείζονος
770 5471 873 5543 τῆς
903 5469 1217 5543 προθυμίας
1258 5470 1322 5523 τὸ
1349 5471 1449 5541 τῆς
1494 5468 1754 5541 ἀληθείας
1796 5470 2008 5541 κατήγ-

379 5610 645 5683 ἷερνὶιξυε
672 5612 845 5683 ειξιὶἱ
876 5609 1430 5683 ςυξρεωιοοᾱὶοθερύχὶ
1460 5612 1615 5683 μισῶν
1636 5610 1837 5683 ἠφίει...
1850 5611 2005 5661 δεινά·

317 5674 424 5739 ἀλλ’
460 5674 623 5739 ἐπειδὴ
661 5674 846 5739 σφρδρα
884 5672 1049 5739 ἐφίλει,
1082 5672 1607 5739 λαμπροτέρουςζῐηῑτα
1628 5672 1819 5734 aliquot
1842 5687 2010 5724 manu-

317 5735 1123 5860 πῗῗὲῖίῗῖτῖἒεάῖιῖξὲῗῗέσφημιαί·

354 5861 412 5936 0⁸
428 5857 565 5933 υῃυε
612 5856 769 5909 habet
813 5858 916 5915 ταῖς
955 5859 1051 5907 τῶν
1088 5859 1304 5923 φοϐερῶν
1350 5856 1689 5924 προσδοκίαις,
1728 5858 1859 5908 alter
1907 5858 2013 5917 ταῖς

318 5938 418 6027 ’Ἴ
438 5936 805 6045 Ἦῗγίνηται,
828 5982 894 6044 μή
920 5983 976 6041 ὃή
1003 5983 1297 6047 καταπέσῃς,
1322 5983 1451 6034 alius
1471 5982 1683 6045 γένηται,
1710 5983 1772 6045 μή
1797 6000 1908 6034 κατ.

2073 438 2264 510 γελλον
2297 430 2584 513 κηρυγμα.
2625 439 2738 495 Kal
2772 436 2922 494 εστιν
2956 431 3091 493 ιδεῖν
3143 434 3358 491 Παῦλον
3384 435 3453 489 ’ἐν
3498 433 3650 507 αὐτῷ
3687 434 3766 507 τῷ

2071 527 2457 602 δεσμωτηρίῳ,
2481 530 2542 583 ἐν
2573 529 2766 594 αὐταῖς
2792 529 2915 593 ταῖς
2940 526 3167 582 ἀλύσεσι
3192 524 3537 599 κατηχοῦντα
3555 563 3570 584 .
3597 520 3765 593 μυστ-

2082 615 2445 685 αγωγοῦντα,
2501 619 2613 680 καὶ,
2644 618 2718 672 ἐν
2765 614 3106 687 δικαστηρίῳ
3148 612 3313 668 πάλιν
3349 612 3411 683 τό
3447 609 3578 665 αὐτὸ
3608 609 3768 666 τοῦτο

2076 693 2355 761 ποιοῦντα,
2378 694 2473 748 καὶ
2488 695 2547 749 ἐν
2568 694 2835 768 ναυαγίῳ,
2858 696 2954 752 καὶ
2972 697 3033 751 ἐν
3050 696 3309 769 χειμῶνι,
3333 697 3451 772 [181
3474 702 3572 755 καὶ
3588 702 3645 753 ἐν
3669 720 3770 772 μυ·

2232 779 2521 870 κινδύνοις.
2546 782 2659 837 Καὶ
2678 783 2746 839 σὺ
2766 782 2993 849 τούτους
3020 782 3258 855 ζήλωσιν
3277 788 3405 851 τοὺς
3434 787 3647 857 ἀγίους,
3672 789 3769 842 καὶ

2072 867 2181 924 τῶν
2204 867 2427 938 ἀγαθῶν
2445 868 2758 940 [namhoc
2781 870 2851 926 ἀν
2863 870 3072 939 δύναιο,
3091 872 3169 946 μη
3190 873 3454 947 ἐκπέσῃς·
3484 886 3509 913 ο
3531 875 3637 930 κᾶν
3662 892 3767 945 μυ⁴

2078 962 2260 1035 ριάκις
2285 962 2405 1036 ῐδῃς
2426 960 2796 1016 διακόπτοντά
2823 978 2884 1015 σε
2903 959 2997 1014 τόν
3021 959 3295 1022 διάϐολον,
3322 957 3593 1030 μηδέποτε
3637 957 3771 1011 ἀπο-

2077 1054 2231 1125 στῇς.
2278 1053 2351 1107 Σὺ
2392 1051 2492 1124 μέν
2533 1050 2645 1124 γὰρ
2660 1052 2919 1125 χρήματα
2958 1047 3316 1121 διακομίζων,
3357 1048 3490 1111 ίσως
3526 1044 3771 1116 ναυαγίῳ

2077 1143 2409 1217 περιέπεσες
2431 1159 2446 1174 '
2479 1146 2509 1197 6
2533 1143 2594 1197 δέ
2629 1142 2865 1208 Παῦλος,
2900 1142 2933 1196 6
2984 1141 3205 1197 πάντων
3236 1136 3539 1211 χρημάτων
3576 1136 3774 1209 τιμιώ-

2076 1247 2238 1303 τερον
2257 1227 2349 1304 ῆν,
2372 1231 2469 1287 τδν
2489 1231 2647 1301 λόγον
2676 1229 2962 1302 βαστάζων
2982 1232 3064 1295 είς
3084 1230 3186 1301 τὴν
3214 1226 3438 1299 Ῥώμην
3462 1225 3649 1297 ἀπῄει,
3676 1224 3769 1276 καὶ

2078 1321 2323 1391 ναυαγίῳ
2346 1320 2669 1393 περιέπεσε,
2706 1319 2802 1373 καὶ
2835 1318 3004 1391 μυρία
3030 1316 3241 1385 ὑπέστη
3270 1315 3440 1369 δεινά,
3470 1308 3584 1367 Kal
3613 1310 3775 1364 τοῦτο

2079 1409 2245 1473 αὐτὸς
2273 1408 2542 1479 ἐδήλωσεν
2569 1406 2763 1470 είπὼν,
2791 1408 2875 1461 ὃτι
2901 1404 3213 1471 Πολλάκις
3250 1401 3645 1471 ἠθελήσαμεν
3673 1398 3775 1453 6.1-

2080 1496 2210 1552 θεῖν
2228 1496 2379 1566 πρὸς
2407 1494 2589 1567 ὑμᾶς.
2625 1495 2727 1551 καὶ
2748 1495 3049 1565 ἐνέκοψεν
3068 1491 3230 1564 ἡμᾶς
3260 1493 3297 1547 ό
3340 1487 3636 1557 Σατανᾶς.
3662 1486 3775 1544 Kal

2080 1587 2110 1639 6
2136 1585 2271 1650 Θεὸς
2297 1584 2705 1657 συνεχώρησεν,
2736 1586 2802 1639 ἐκ
2836 1582 3158 1657 περιουσίας
3187 1581 3289 1652 τὴν
3323 1580 3517 1634 ἑαυτοῦ
3546 1578 3777 1649 δύναμιν

2081 1672 2281 1743 δηλῶν,
2306 1674 2402 1727 καὶ
2427 1672 2645 1738 δεικνὺς
2666 1672 2749 1726 ὅτι
2774 1672 2871 1726 καὶ
2892 1670 3062 1743 μυρία
3087 1669 3371 1733 ποιοῦντος
3400 1667 3495 1723 τοῦ
3525 1665 3775 1721 διαϐόλου
3822 1671 3840 1690 ’

2082 1760 2178 1813 καὶ
2224 1760 2550 1824 κωλύοντος,
2594 1759 2749 1814 οὐδὲν
2790 1758 2965 1832 ταύτῃ
3002 1757 3072 1811 τά
3106 1756 3199 1811 τοῦ
3233 1754 3592 1827 κηρύγματος
3613 1753 3780 1825 ἠλατ-

2082 1846 2245 1900 τοῦτο
2288 1846 2304 1886 ¹
2364 1848 2461 1902 καὶ
2487 1847 2829 1903 διεκόπτετο.
2862 1846 2969 1911 Διά,
2994 1844 3157 1900 τοῦτο
3188 1845 3247 1897 ἐν
3277 1843 3485 1900 ἀπασιν
3510 1844 3540 1897 6
3565 1840 3779 1904 Παῦλος

2085 1933 2410 2006 ηὐχαρίστει
2439 1935 2521 2007 τῷ
2554 1934 2695 2007 Θεῷ,
2736 1934 2894 2001 είδὼς
2922 1936 3005 1989 ὅτι
3043 1931 3479 2005 εὐδοκιμώτερον
3504 1930 3667 1985 αὐτὸν
3690 1929 3782 1985 διὰ

2085 2022 2291 2077 τούτων
2318 2019 2629 2096 είργάζετο,
2662 2024 2884 2095 καὶτῆς
2915 2022 3225 2096 προθυμίας
3258 2019 3426 2075 αὐτοῦ
3459 2018 3524 2072 τδ
3550 2016 3782 2089 σφοδρὸν

2086 2109 2145 2163 ἐν
2170 2096 2375 2165 ἀπασιν
2396 2112 2699 2179 ἐδείκνυεν,
2717 2112 2896 2167 οὐδενὶ
2933 2110 3140 2165 τούτων
3171 2109 3282 2163 τῶν
3310 2106 3655 2179 κωλυμάτων
3684 2108 3782 2174 ἐγ-

2087 2200 2444 2271 κοπτόμενος.
2493 2201 2720 2266 Ὁσάκις
2764 2195 2863 2256 οῦν
2916 2199 2984 2256 ἀν
3028 2197 3417 2270 ἀπστύχωμεν,
3452 2194 3781 2258 τοσαυτάκις

2089 2285 2394 2359 ἁπτώμεθα
2430 2290 2542 2344 τῶν
2574 2289 2969 2363 πνευματικῶν
3010 2286 3210 2359 ῑργων,
3260 2287 3356 2339 καὶ
3397 2284 3474 2356 μὴ
3502 2276 3780 2355 λέγωμεν.

2087 2374 2234 2439 τίνος
2276 2377 2466 2431 ἕνεκεν
2520 2377 2905 2450 συνεχώρησεν
2953 2377 2984 2431 ό
3028 2374 3164 2441 Θεὸς
3193 2374 3264 2430 τά
3311 2372 3650 2445 κωλύματα;
3696 2371 3788 2425 διὰ

2088 2462 2250 2517 τοῦτο
2293 2463 2405 2536 γὰρ
2449 2468 2852 2539 συνεχώρησεν,
2898 2465 2987 2520 ἵνα
3027 2482 3123 2520 σου
3155 2464 3259 2536 τὴν
3304 2461 3622 2534 προθυμίαν
3671 2462 3789 2521 τοῖς

2091 2550 2307 2618 πολλοῖς
2338 2553 2489 2627 δείξῃ
2520 2554 2723 2632 μᾶλλον
2783 2554 2880 2609 καὶ
2902 2553 2965 2609 τδ
2998 2553 3135 2608 πολὺ
3163 2552 3387 2625 φίλτρον
3406 2565 3418 2579 ⁸
3452 2549 3739 2621 φιλοῦντος
3762 2552 3787 2589 ⁸

2090 2638 2201 2712 γὰρ
2232 2641 2470 2712 μάλιστα
2507 2642 2666 2698 τοῦτό
2698 2645 2838 2710 ἐστι,
2881 2642 2943 2697 τὸ
2984 2642 3261 2715 μηδέποτε
3301 2639 3633 2710 ἀφίστασθαι
3677 2636 3789 2692 τῶν

2091 2725 2169 2797 τῷ
2198 2728 2511 2803 φιλουμένῳ
2543 2730 2869 2786 δοκούντων.
2912 2731 2973 2784 '0
3006 2732 3105 2802 μιν
3128 2730 3239 2802 γάρ
3265 2728 3464 2801 χαῦνος
3496 2728 3594 2781 καὶ
3624 2725 3792 2799 ῥᾴθυ-

2096 2831 2195 2885 μος
2239 2818 2305 2869 ἐκ
2344 2818 2571 2890 πρώτης
2600 2820 2806 2884 εὐθέως
2838 2819 3197 2874 ἀναπεσεῖται
3236 2817 3335 2888 τῆς
3371 2814 3714 2889 προσϐολῆς·
3760 2816 3807 2867 6~

2092 2901 2149 2955 δὲ
2176 2903 2408 2976 σφοδρὸς
2430 2907 2527 2960 καὶ
2547 2907 2997 2979 διεγηγερμένος,
3022 2907 3127 2961 κάν
3149 2906 3411 2978 μυριάκις
3427 2903 3789 2974 ἐγκόπτηται.

2094 2990 2335 3063 τοσούτῳ
2359 2992 2625 3063 μειζόνως
2650 2993 2974 3066 ἐπιθήσεται
3001 2996 3118 3058 τοῖς
3145 2992 3289 3047 κατά
3313 2992 3449 3046 Θεὸν
3474 2991 3787 3064 πράγμααι,

2092 3079 2163 3133 τά
2208 3082 2341 3153 παρ’
2375 3083 2573 3137 ἑαυτοῦ
2622 3085 2803 3139 πάντα
2851 3081 3099 3155 πληρῶν,
3140 3082 3236 3137 καὶ
3280 3083 3338 3136 ἐν
3375 3081 3581 3136 ἅπασιν
3633 3080 3794 3151 εὐχα-

2097 3168 2318 3239 ριστῶν.
2348 3170 2520 3224 Τοῦτο
2548 3171 2614 3243 δὴ
2643 3173 2739 3227 καὶ
2773 3173 2936 3243 ἡμεῖς
2974 3170 3242 3241 ποιῶμεν.
3293 3170 3487 3239 Μέγας
3517 3158 3795 3241 θησαυρὸς

2096 3257 2129 3327 ἡ
2159 3257 2499 3329 εὐχαριστία,
2534 3260 2709 3331 μέγας
2738 3259 3000 3325 πλοῦτος,
3044 3258 3323 3314 ἀνάλωτον
3360 3257 3589 3327 ἀγαθὸν,
3626 3256 3796 3315 ὅπλον

2099 3347 2347 3419 ίσχυρόψ
2379 3348 2571 3422 ὥσπερ
2615 3345 2710 3404 οὖν
2753 3351 2787 3422 η
2840 3349 3163 3421 βλασφημία
3192 3349 3295 3420 τὴν
3328 3343 3496 3401 οὖσαν
3535 3347 3795 3401 ἐπιτείνει

2097 3430 2324 3505 ζημίαν,
2339 3436 2435 3489 καὶ
2460 3429 2535 3490 ὧν
2557 3437 2923 3508 ἀπωλέσαμεν
2940 3436 3165 3490 πλείονα
3192 3434 3603 3509 προσαπολέσαι
3628 3436 3792 3490 ποιεῖ.

2110 3523 2425 3588 Ἀπώλεσας
2454 3527 2752 3599 χρήματα;
2799 3526 2866 3581 ἀν
2900 3528 3002 3598 μὲν
3030 3527 3463 3599 εύχαριστήσῃς,
3498 3527 3795 3599 ὲκέρδανας

2098 3610 2196 3682 τὴν
2235 3612 2415 3684 ψυχὴν
2452 3614 2547 3668 καὶ
2576 3613 2804 3686 μείζονα
2852 3616 3070 3686 ἐκτήσω
3102 3614 3196 3669 τὸν
3245 3613 3498 3679 πλοῦτον,
3523 3613 3619 3667 τοῦ
3658 3614 3796 3670 Θεοῦ

2097 3699 2270 3754 πλείω
2301 3701 2401 3772 τὴν
2447 3700 2663 3756 εὔνοιαν
2710 3702 3197 3773 ἐπισπασάμενος·
3253 3700 3320 3755 ἂν
3370 3701 3793 3775 βλασφημήσῃς.

2098 3789 2538 3859 προσαπώλεσας
2570 3792 2666 3844 καὶ
2692 3778 2794 3861 τὴν
2844 3790 3122 3861 σωτηρίαν
3155 3789 3258 3862 τὴν
3297 3790 3519 3853 σαυτοῦ,
3554 3790 3648 3843 καὶ
3676 3791 3797 3847 οὺδέ

2098 3878 2283 3931 ἐκεῖνα
2304 3880 2613 3951 ἀνεκτήσω,
2648 3879 2744 3934 καὶ
2769 3879 2839 3949 ἦν
2871 3874 3017 3950 εῐχες
3038 3877 3241 3950 ψυχὴν,
3289 3879 3385 3933 καὶ
3418 3878 3625 3948 ταύτην
3660 3893 3795 3933 κατ-

2098 3964 2317 4029 έθυσας.

2174 4053 2261 4108 ιϐ’.
2296 4054 2436 4108 Ἀλλ’
2456 4054 2645 4127 ἐπειδὴ
2669 4056 2799 4127 περὶ⁵
2821 4054 3175 4127 βλασφημίας
3194 4056 3328 4126 ἡμῖν
3344 4055 3373 4109 6
3401 4054 3559 4125 λόγος
3580 4054 3798 4125 ἐγένετο

2099 4143 2229 4209 νῦν,
2262 4144 2405 4215 μίαν
2443 4144 2590 4215 ὑμᾶς
2619 4143 2870 4219 ἀπαντας
2906 4143 3132 4214 αἰτῆσαι
3164 4142 3427 4214 βούλομαι
3481 4144 3642 4216 χάριν
3675 4145 3801 4198 ἀντὶ.
3890 4160 3896 4166 ’

2098 4232 2199 4303 τῆς
2219 4232 2565 4306 δημηγορίας
2586 4232 2816 4306 ταύτης,
2841 4234 2935 4288 καὶ
2963 4236 3063 4305 τῆς
3092 4233 3406 4297 διαλέξεως,
3435 4234 3523 4288 ἴνα
3548 4253 3637 4306 μοι
3671 4238 3798 4301 τοὺς

2101 4322 2161 4375 ἐν
2190 4325 2259 4394 τῇ
2302 4324 2456 4379 πόλει
2496 4323 2954 4396 βλασφημοῦντας
2981 4323 3375 4395 σωφρονίσητε.
3405 4325 3527 4379 Κάν
3558 4325 3798 4394 ἀκούσῃς

2100 4410 2246 4473 τινὸς
2280 4411 2339 4465 ἐν
2383 4411 2632 4483 ἀμφόδῳ.
2670 4412 2703 4483 ἢ
2732 4415 2792 4466 ἐν
2818 4412 2997 4483 ἀγορᾷ
3040 4412 3184 4482 μέσῃ
3221 4410 3675 4483 βλασφημοῦντος
3708 4414 3799 4465 τὸν

2101 4498 2261 4563 Θεὸν,
2294 4500 2583 4572 πρόσελθε,
2612 4502 2963 4573 ἐπιτίμησον,
2996 4501 3104 4555 κᾶν
3129 4500 3347 4573 πληγὰς
3374 4500 3647 4555 ἐπιθεῖναι
3680 4502 3798 4574 δέῃ.

2106 4588 2181 4659 μὴ
2212 4590 2565 4661 παραιτησῃο
2600 4588 2833 4661 ρἀισον
2884 4589 3053 4643 αὐτοῦ
3097 4589 3198 4661 τὴν
3234 4588 3379 4659 όψιν,
3422 4589 3712 4661 σύντριψαν
3740 4586 3817 4645 τδ

2105 4675 2301 4747 στόμα,
2331 4676 2561 4746 ἀγίασόν
2596 4694 2691 4731 σου
2726 4676 2825 4749 τὴν
2854 4680 3013 4750 χεῖρα
3050 4677 3140 4732 διά
3167 4680 3267 4749 τῆς
3301 4678 3539 4749 πληγῆς,
3571 4680 3677 4733 κᾶν
3711 4681 3803 4747 ty-

2105 4764 2310 4819 καλῶσί
2354 4782 2523 4829 τινες,
2562 4766 2667 4820 κᾶν
2699 4768 2780 4830 είς
2808 4766 3162 4839 δικαστήριον
3206 4767 3463 4831 ἕλκωσιν,
3492 4768 3765 4837 ἀκολούθη
3788 4800 3801 4809 -

2106 4870 2218 4907 σον*
2246 4852 2349 4908 κάν
2377 4856 2471 4908 ἐπὶ
2498 4854 2592 4908 τοῦ
2628 4854 2874 4926 βήματος
2901 4854 3133 4918 εὐθύνας
3155 4857 3183 4909 6
3210 4855 3472 4926 δικαστὴς
3493 4856 3798 4929 ἀπαιτήσῃ,

2105 4943 2227 4997 είπὲ
2250 4942 2391 5013 μετὰ
2408 4944 2740 5016 παρρησίας,
2755 4943 2836 4997 δτι
2856 4943 2948 4997 τὸν
2967 4944 3196 5014 βασιλέα
3210 4944 3319 4997 τῶν
3336 4944 3584 5013 ἀγγέλων
3606 4945 3803 5000 ἐϐλασ-

2105 5032 2383 5103 φήμησεν.
2427 5030 2489 5083 Εί
2512 5031 2620 5104 γὰρ
2653 5032 2745 5085 τὸν
2773 5032 2867 5085 ἐπὶ
2887 5032 2991 5101 γῆς
3017 5031 3244 5102 βασιλέα
3266 5032 3393 5095 τοὺς
3418 5030 3802 5103 βλασφημουν‹

2105 5132 2205 5179 τας
2237 5111 2563 5178 κολάζεσθαι
2584 5113 2713 5183 χρὴ.
2731 5112 2911 5183 πολλῴ
2936 5113 3137 5183 μᾶλλον
3159 5118 3287 5179 τοὺς
3314 5117 3522 5172 ἐκεῖνον
3546 5120 3804 5192 ὑϐρίζον-

2105 5219 2224 5265 τας.
2257 5202 2449 5257 Κοινόν
2485 5203 2602 5254 ἐστι
2641 5200 2705 5253 τὸ
2733 5200 3009 5271 ἔγκλημα,
3058 5202 3319 5274 δημόσιον
3344 5206 3402 5258 τὸ
3428 5207 3695 5280 ἀδίκημα,
3716 5213 3803 5277 ἐξ.

2106 5306 2254 5341 εστιν
2284 5287 2500 5359 ἑκάστῳ
2532 5286 2643 5341 τῶν
2679 5288 3020 5360 βουλομένων
3050 5296 3381 5365 κατηγορεῖν
3403 5311 3416 5325 ο
3449 5298 3798 5366 μανθανέτω.

2109 5375 2316 5431 σανκαὶ
2350 5376 2698 5429 Ἰουδαϊοικαὶ
2722 5377 3004 5449 Ἕλληνες,
3038 5378 3251 5451 [19]ὃτι
3284 5384 3530 5454 σωτῆρές
3559 5388 3664 5439 εἱσι
3698 5392 3800 5457 τῆς

2106 5466 2313 5527 πόλεως
2342 5464 2392 5515 οί
2421 5464 2762 5534 Χριστιανοὶ,
2785 5466 2879 5519 καὶ
2908 5467 3210 5538 κηδεμόνες
3245 5472 3338 5523 καὶ
3364 5468 3671 5542 προστάται
3703 5478 3799 5529 καί

2105 5551 2437 5631 διδάσκαλοι,
2475 5552 2569 5605 καὶ
2609 5552 3034 5623 μανθανέτωσαν
3068 5558 3205 5611 αὐτὸ
3230 5559 3390 5613 τοῦτο
3418 5563 3468 5613 οἱ
3498 5564 3795 5623 ἀκόλαστοι

2184 5736 2204 5757 ’
2227 5734 2340 5799 Duo
2361 5749 2477 5785 mss.
2506 5740 2561 5784 et.
2588 5734 2749 5799 _Savil.
2786 5736 2973 5797 ἀγαθῶν
2993 5735 3141 5799 ἔργων
3164 5735 3365 5798 ἀντέχου
3390 5737 3479 5793 ἕως
3498 5738 3555 5784 ἀν
3583 5739 3807 5799 έμπκέης,

2112 5796 2218 5860 κᾶν.
2250 5797 2378 5847 Infra
2401 5796 2597 5860 plurimi
2622 5811 2736 5860 mss.
2762 5796 3065 5860 περιέπεσας.

2184 5856 2431 5936 {.Aliqu’p't
2460 5873 2575 5909 mss.
2602 5856 2901 5923 κηρύγματος
2938 5859 3135 5908 ἔλαττον
3180 5858 3487 5910 διακείσεται.
3519 5860 3629 5913 Μοι
3655 5861 3805 5921 aliqui

2116 5921 2188 5971 ὅτι
2212 5921 2550 5984 δοκιμώτερον.

2186 5985 2212 6026 3
2238 5980 2387 6034 εαξη.
2418 5980 2469 6033 ei
2493 5982 2619 6033 alius
2644 5985 2827 6047 φίλτρον
2849 5982 2903 6030 τὸ
2926 5982 3030 6045 περὶ
3057 5982 3224 6031 αὐτὸν·
3262 5980 3521 6045 φιλοῦντος.
