4196 6316
436 322 507 376 53
1214 323 1269 378 5.
1302 324 1589 382 JUANNIS
1623 324 2117 381 CHRYSOSTOMI
2160 322 2477 377 AllClllEP.
2510 321 3061 378 CONSTANTINOP.
3836 326 3905 379 34

436 436 531 489 καὶ
559 436 1007 508 διεστραμμένοιι,
1053 437 1133 490 ότι
1178 439 1270 491 καὶ
1298 441 1424 503 τοὺς
1456 440 1550 494 τοῦ
1583 440 1717 493 Θεοῦ
1749 439 1971 503 δούλους
2015 458 2112 509 φο-

434 522 647 577 ϐεῖσθαι
676 524 871 587 αὐτοὺς
904 528 1031 594 χρὴ,
1066 524 1154 602 ἵνα
1194 525 1298 579 κᾶν
1327 527 1558 581 ἓλωνταί
1605 544 1737 581 ποτε
1777 526 2114 597 φθέγξασθαί

433 629 485 665 τι
516 613 776 675 τοιοῦτον,
805 613 1064 683 ἀλλήλους
1096 615 1372 685 πανταχοῦ
1405 616 1862 687 περιϐλέπωνται,
1900 615 2112 679 καὶτὰς

437 701 593 765 σκιάς
616 701 911 773 τρέμωσιν,
940 703 1282 769 ἀγωνιῶντες
1317 705 1499 774 μήπου
1530 706 1560 757 6
1603 704 1927 777 Χριστιανὸς
1950 702 2112 757 ἀκού-

435 805 530 853 σας
557 789 888 861 ἐπιπηδήσῃ,
932 790 1025 841 καὶ
1070 791 1271 860 κολάσῃ
1304 791 1683 862 σφοδρότερον.
1720 793 1834 845 Ούκ
1874 794 2111 863 ἤκουσας

430 875 484 927 τί
530 876 785 945 Ἰωάννης
820 876 1078 945 ἐποίησε;
1114 876 1387 945 Τύραννον
1426 876 1562 931 εἶδεν
1599 878 1884 950 ἄνθρωπον
1918 879 2110 949 γάμων

431 961 805 1031 ἀνατρέποντα
839 961 1053 1030 νόμους,
1088 964 1182 1016 καὶ
1218 963 1355 1031 μετά
1392 963 1705 1035 παρρησίας
1740 968 1796 1017 ὲν
1828 966 1976 1035 μέσῳ
2012 967 2111 1035 τῆς

428 1050 637 1121 ἀγοράς
681 1066 870 1120 φησιν’
912 1052 1034 1103 Οὐκ
1086 1051 1291 1114 ἒξεστί
1342 1066 1440 1103 σοι
1487 1054 1652 1120 ἔχειν
1696 1053 1811 1120 τὴν
1855 1054 2111 1123 γυναῖκα

429 1140 730 1191 Φιλίππου
752 1136 859 1191 τοῦ
879 1137 1149 1207 ἀδελφοῦ
1173 1154 1308 1193 σου.
1350 1139 1491 1207 Ἐγὼ
1515 1140 1572 1193 δέ
1594 1158 1653 1193 σε
1676 1141 1774 1193 οὐκ
1795 1142 1885 1193 ἐπὶ
1913 1140 2111 1210 τύραν-

431 1242 521 1277 νον
554 1227 781 1296 ἧγαγον,
830 1226 950 1278 οὐδὲ
981 1226 1263 1296 δικαστὴν,
1316 1227 1435 1279 οὐδὲ
1466 1228 1606 1299 ὑπὲρ
1646 1228 1839 1297 γάμων
1876 1245 2111 1297 παρανο-

433 1330 533 1381 μου
544 1313 737 1382 μένων,
772 1313 891 1365 οὐδὲ
912 1314 1052 1383 ὑπὲρ
1076 1314 1375 1366 συνδούλων
1400 1313 1793 1385 ὑϐριζομένων,
1823 1315 1939 1368 ἀλλ’
1969 1316 2108 1387 ὑπὲρ

425 1400 526 1468 τῆς
566 1402 644 1461 είς
674 1399 765 1451 τὸν
793 1400 1067 1468 Δεσπότην
1101 1402 1405 1470 παροινίας,
1433 1402 1523 1455 τὸν
1546 1403 1806 1472 ὁμότιμον
1836 1403 1971 1469 ἀξιῶ
2004 1422 2109 1455 σω-

427 1485 718 1558 φρονίζειν.
752 1482 900 1557 *Αρά
927 1503 989 1555 γε
1035 1490 1082 1540 εί
1118 1487 1305 1557 ἔλεγόν
1336 1506 1439 1553 σοι,
1498 1491 1581 1543 ὅτι
1632 1492 1757 1553 τοὺς
1799 1491 2037 1560 βασιλεῖς
2072 1492 2103 1562 ἢ

424 1576 549 1637 τοὺς
578 1573 837 1636 δικαστὰς
867 1574 1313 1646 παρανομοῦντας
1340 1577 1532 1641 κόλαζε
1551 1579 1643 1630 καὶ
1664 1578 1896 1649 διόρθου,
1921 1581 2022 1632 οὑκ
2041 1580 2105 1633 ἄν

429 1678 496 1729 με
530 1661 814 1731 μαίνεσθαι
839 1662 1008 1732 ἔφης;
1039 1664 1231 1717 Καίτοι
1262 1682 1324 1731 γε
1363 1665 1615 1735 Ἰωάννης
1636 1666 1795 1719 τοῦτο
1814 1668 2067 1737 ἐποίησεν
2087 1684 2099 1697 ·

425 1747 599 1811 οὕτως
616 1749 738 1801 οὐδὲ
759 1749 916 1803 τοῦτο
936 1750 1118 1821 μεῖζον
1146 1752 1440 1822 ήμῶν.Νῦν
1455 1754 1511 1805 δὲ
1542 1754 1645 1806 κᾶν
1676 1755 1768 1806 τὸν
1792 1755 2101 1823 ὁμόδουλον,

427 1835 528 1888 κᾶν
544 1836 636 1889 τὸν
650 1837 912 1908 ὁμότιμον
928 1838 1240 1910 διόρθωσον,
1262 1838 1361 1893 κᾶν
1378 1842 1665 1894 ἀποθανεῖν
1703 1842 1818 1915 δέῃ,
1838 1845 2105 1913 σωφρονί-

424 1924 539 1987 ζειν
552 1924 639 1976 τὸν
655 1924 880 1993 ἀδελφὺν
900 1928 973 1997 μὴ
987 1928 1196 1999 ἀποκνή
1206 1945 1323 1999 σῃς,
1333 1946 1404 1999 μα
1414 1930 1507 1999 ρτύ
1515 1931 1628 2002 ριόν
1648 1947 1729 1984 σοι
1749 1933 1903 1987 τοῦτό
1920 1937 2066 1989 ἐστιν
2082 1952 2097 1967 ·

423 2011 546 2063 ἐπεὶ
563 2012 656 2064 καὶ
682 2012 933 2083 Ἰωάννης
961 2014 1170 2083 μάρτυς
1190 2012 1277 2087 ἦν.
1312 2017 1501 2070 Καίτοι
1529 2034 1591 2086 γε
1608 2020 1667 2074 οὑ
1692 2018 1851 2073 θῦσαι
1883 2021 2115 2075 ὲκελεύ-.

425 2100 524 2168 σθη
537 2139 551 2163 ,
567 2101 686 2154 οὐδὲ
700 2105 1069 2175 προσκυνῆσαι
1085 2106 1319 2169 εἴδωλον,
1338 2108 1453 2161 ἀλλ’
1467 2109 1605 2179 ὑπὲρ
1628 2110 1733 2162 τῶν
1750 2111 1908 2181 ἱερῶν
1922 2112 2103 2181 νόμων

426 2187 797 2259 ὑϐριζομένων
818 2190 916 2261 τὴν
945 2194 1184 2263 κεφαλὴν
1216 2194 1449 2247 ἀπέθετο
1468 2209 1482 2222 ⁶
1523 2196 1617 2275 καδὶ
1648 2198 1711 2250 σὺ
1745 2198 1924 2251 τοίνυν
1951 2197 2100 2267 ἀγώ-

424 2293 569 2329 νισαι
626 2278 787 2347 μέχρι
834 2278 1065 2333 θανάτου
1115 2282 1253 2355 ὑπὲρ
1301 2284 1400 2353 τῆς
1450 2284 1725 2354 ἀληθείας,
1762 2288 1854 2339 καὶ
1898 2288 2104 2359 Κύριος

426 2367 726 2437 πολεμήσει
756 2370 895 2441 ὑπὲρ
932 2369 1046 2422 σοῦ.
1090 2372 1202 2424 Καὶ
1237 2373 1309 2442 μή
1344 2390 1433 2443 μοι
1462 2373 1585 2442 λέγε
1624 2375 1683 2427 τὸ
1719 2376 1923 2446 ψυχρὸν
1946 2376 2106 2430 τοῦτο

428 2454 603 2524 ῥῆμα,
640 2456 711 2507 Τί
758 2456 815 2509 δέ
849 2475 940 2526 μοι
973 2457 1159 2528 μέλει;
1214 2458 1366 2511 οὐδὲν
1395 2462 1570 2513 κοινὸν
1619 2461 1725 2531 ἔχω
1760 2463 1893 2533 πρὸς
1919 2464 2100 2518 αὐτόν.

427 2542 572 2613 Πρός
600 2544 691 2596 τὸν
732 2544 974 2596 διάϐολον
1003 2545 1155 2596 οὐδὲν
1186 2546 1381 2615 ἔχομεν
1426 2548 1603 2600 κοινὸν
1645 2549 1826 2617 μόνον,
1867 2553 2004 2621 πρὸς
2048 2552 2104 2605 δὲ

423 2630 554 2693 τοὺς
585 2630 904 2699 ἀνθρώπους
936 2632 1181 2695 ἅπαντας
1212 2632 1380 2686 πολλά
1418 2634 1610 2705 ἔχομεν
1650 2636 1823 2691 κοινά.
1862 2638 1973 2709 Τῆς
1996 2639 2105 2712 γὰρ

428 2716 645 2785 φύσεως
674 2722 807 2789 ἡμῖν
837 2721 939 2789 τῆς
991 2720 1163 2790 αὐτῆς
1214 2721 1519 2792 μετέχουσι,
1550 2722 1647 2794 τὴν
1688 2725 1857 2795 αὐτὴν
1886 2727 1990 2797 γῆν
2026 2731 2107 2782 οί-

425 2806 607 2874 κοῦσι,
649 2809 744 2861 καὶ
779 2811 899 2872 ταῖς
950 2811 1143 2872 αὑταῖς
1178 2809 1469 2880 τρέφονται
1508 2816 1753 2882 τροφαῖς,
1799 2814 1890 2867 τὸν
1945 2817 2107 2870 αὑτὸν

425 2895 610 2965 ἔχουσι
641 2899 941 2969 Δεσπότην,
981 2901 1106 2961 τοὺς
1142 2900 1341 2963 αὐτοὺς
1380 2899 1629 2965 ἐδέξαντο
1664 2902 1883 2972 νόμους,
1925 2906 2015 2957 ἐπὶ
2039 2908 2107 2960 τὰ

426 2988 568 3041 αύτά
607 2991 743 3058 ἡμῖν
778 2988 1224 3060 παρακαλοῦνται
1275 2990 1475 3059 ἀγαθά.
1511 2991 1603 3062 Μὴ
1631 2991 1810 3046 τοίνυν
1858 2992 2107 3065 λέγωμεν

425 3076 503 3138 ὡς
529 3077 681 3129 οὐδὲν
724 3078 854 3147 ἡμῖν
887 3078 1065 3130 κοινὸν
1102 3078 1237 3148 πρὸς
1273 3079 1468 3143 αὐτούς
1489 3096 1503 3110 ο
1542 3082 1805 3152 σατανικὴ
1834 3082 1943 3154 γάρ
1967 3083 2105 3155 αὕτη

426 3164 461 3241 ᾖ
508 3163 679 3235 φωνὴ,
719 3164 997 3235 διαϐολικὴ
1035 3167 1068 3236 ἡ
1119 3166 1518 3238 ἀπανθρωπία’
1580 3168 1655 3239 μὴ
1712 3168 1889 3222 τοίνυν
1935 3169 2106 3223 ταῦτα

2216 438 2498 508 λέγωμεν,
2563 438 2697 491 ἀλλά
2747 438 2847 509 τὴν
2902 439 3222 510 πρέπουσαν
3275 438 3523 507 ἀδελφοῖς
3574 438 3901 510 κηδεμονίαν

2218 524 2637 596 ὲπιδειξώμεθα.
2684 525 2825 592 Ἐγὼ
2847 525 2901 578 δὲ
2934 524 3095 578 τοῦτο
3134 524 3272 595 μετά
3315 528 3497 595 πάσης
3528 525 3902 596 ὑπισχνοῦμαι

2213 613 2521 683 ἀκριϐείας,
2566 617 2661 666 καὶ
2697 613 2983 683 ἐγγυῶμαι
3014 615 3182 667 πᾶσιν
3210 616 3358 685 ὑμῖν,
3392 616 3476 667 ὅτι
3509 618 3556 667 εἰ
3584 617 3743 678 ὑμεῖς
3773 614 3901 684 βου-

2214 699 2466 770 ληθείητε
2500 700 2701 763 πάντες
2730 703 2779 753 οί
2819 702 3086 773 παρόντες
3120 701 3356 755 ἐνταῦθα
3395 701 3774 772 διανείμασθαι
3799 702 3900 773 τὴν

2216 789 2493 857 σωτηρίαν
2520 788 2629 841 τῶν
2658 788 2756 857 τὴν
2787 788 2942 840 πόλιν
2965 788 3279 854 οἰκούντων,
3314 789 3523 859 ταχέως
3549 791 3679 859 ἡμῖν
3708 789 3903 843 ἅπασα

2214 873 2541 945 διορθοῦται.
2575 875 2766 928 Καίτοι
2796 890 2859 941 γε
2898 874 2959 925 τὸ
3008 875 3289 943 ἐλάχιστον
3329 876 3492 947 μέρος
3537 877 3635 945 τῆς
3689 879 3751 927 πί
3781 893 3901 939 ,εως

2214 962 2451 1015 ἐνταῦθά
2482 964 2651 1023 ἐστιν,
2699 962 2984 1032 ἐλάχιστον
3018 963 3160 1015 κατά
3193 963 3253 1015 τὸ
3279 964 3503 1033 πλῆθος,
3544 964 3603 1016 τὸ
3642 964 3698 1016 δὲ
3728 966 3901 1033 κεφά-

2213 1050 2362 1103 λαιον
2402 1050 2546 1102 κατά
2598 1052 2696 1119 τὴν
2748 1050 3054 1104 εὐσέϐειαν.
3109 1050 3530 1120 Διανειμώμεθα
3576 1051 3755 1104 τοίνυν
3796 1054 3899 1123 τήν

2214 1139 2322 1193 τῶν
2349 1138 2597 1207 ἀδελφῶν
2621 1138 2781 1208 ήμῶν
2812 1139 3086 1208 σωτηρίαν
3104 1156 3116 1167 '
3146 1139 3310 1207 ἀρκεῖ
3334 1133 3413 1201 εἷς
3440 1138 3723 1209 ἄνθρωπος
3772 1140 3903 1210 ’ήλῳ

2213 1228 2611 1297 πεπυρωμένος
2639 1226 2933 1296 ὁλόκληρον
2980 1224 3377 1298 διορθώσασθαι
3410 1226 3600 1295 δῆμον.
3642 1228 3740 1277 ὐτ
3772 1245 3810 1277 .ν
3842 1227 3901 1279 δὲ

2215 1314 2289 1383 μὴ
2326 1308 2425 1375 εἷς,
2464 1313 2598 1382 μηδὲ
2628 1312 2721 1365 δύο
2751 1312 2845 1365 καὶ
2874 1314 3044 1381 τρεῖς,
3091 1311 3226 1363 ἀλλά
3256 1312 3507 1364 τοσοῦτον
3602 1311 3664 1364 τὸ
3693 1312 3750 1363 π)
3772 1312 3900 1382 ἦθος

2209 1398 2269 1450 τὸ
2314 1398 2607 1467 δυνάμενον
2624 1399 2723 1467 τῆς
2753 1397 2859 1450 τῶν
2892 1397 3252 1468 ἠμελημένων
3290 1397 3605 1467 ἐπιμελείας
3636 1398 3896 1467 ἅψασθαι,

2209 1483 2508 1555 οὐδαμόθεν
2535 1484 2823 1554 ἑτέρωθεν,
2848 1485 2986 1538 ἀλλά
3008 1481 3276 1557 παράντὴν
3298 1486 3575 1557 ἡμετέραν
3596 1486 3896 1557 ῥαθυμίαν,

2210 1571 2303 1624 καὶ
2354 1572 2414 1624 ού
2447 1572 2598 1641 παρὰ
2636 1561 2735 1641 τὴν
2765 1571 3051 1625 ἀσθένειαν
3080 1575 3129 1625 οί
3177 1573 3396 1635 πλείους
3431 1574 3759 1627 ἀπόλλυνται
3793 1575 3893 1627 καὶ

2209 1658 2636 1712 καταπίπτουσι.
2671 1658 2794 1721 Πῶς
2826 1658 2937 1730 γὰρ
2958 1660 3057 1711 οὑκ
3084 1659 3303 1722 ἄτοπον,
3338 1662 3386 1712 εί
3427 1660 3525 1729 μὲν
3559 1660 3738 1731 μάχην
3770 1662 3901 1714 (Eo:-

2216 1762 2314 1814 μεν
2345 1745 2437 1797 ἐπὶ
2466 1746 2563 1815 τῆς
2602 1747 2829 1817 ἀγορᾶς,
2878 1749 3181 1818 προσιέναι,
3218 1747 3313 1801 καὶ
3352 1746 3740 1801 καταλλάττειν
3768 1750 3899 1811 τοὺς

2216 1830 2589 1901 μαχομένους·
2626 1832 2678 1884 τί
2709 1833 2763 1884 δὲ
2788 1832 2930 1901 λέγω
2964 1832 3177 1903 μάχην;
3212 1835 3258 1885 εί
3288 1835 3670 1887 καταπεσόντα
3695 1836 3899 1905 ἴδωμεν

2215 1918 2361 1982 όνον,
2395 1918 2597 1982 πάντες
2624 1921 2783 1990 χεῖρα
2810 1918 3023 1990 ὀρέγειν
3049 1921 3142 1973 καὶ
3168 1920 3540 1989 συνδιανιστᾷν
3566 1920 3893 1991 σπεύδομεν·

2199 2004 2308 2058 τῶν
2321 2006 2377 2060 δὲ
2395 2006 2639 2075 ἀδελφῶν
2663 2006 2862 2060 ἀπολλυ
2871 2007 3045 2077 μένων
3063 2006 3283 2078 ἀμελεῖν
3299 2024 3314 2072 ;
3337 2008 3495 2069 Ὀνος
3513 2007 3663 2059 ἐστὶν
3681 2010 3708 2060 6
3729 2007 3896 2078 βλάσ-

2208 2112 2406 2164 φημος,
2432 2096 2525 2147 καὶ
2554 2094 2725 2164 θυμοῦ
2763 2096 2981 2165 φορτίον
2999 2096 3099 2149 οὐκ
3128 2094 3384 2163 ἐνεγκὼν,
3400 2094 3704 2149 κατέπεσε·
3724 2097 3897 2169 πρόσ-

2202 2180 2342 2245 ελθε,
2378 2183 2469 2233 καὶ
2496 2181 2850 2251 διανάστησον
2866 2182 2960 2234 καὶ
2977 2181 3063 2234 διά
3089 2184 3369 2253 ῥημάτων,
3390 2186 3485 2238 καὶ
3515 2183 3604 2237 διὰ
3627 2186 3892 2255 πραγμά-

2213 2275 2341 2321 των,
2364 2260 2850 2319 κα“ιδι’ὲπιεικείας
2870 2260 2961 2309 καὶ
2977 2255 3332 2327 σφοδβτητος
3352 2262 3465 2332 ι-ὶυι
3488 2265 3731 2317 ποικίλον
3758 2265 3896 2319 ἔστω

2211 2348 2273 2400 τὸ
2290 2346 2601 2418 φάρμακον.
2628 2345 2723 2396 Ἀν
2746 2343 2891 2397 οὕτω
2906 2344 2973 2396 τά
2991 2344 3113 2395 καθ’
3138 2344 3365 2407 ἑαυτοὺς
3381 2351 3777 2420 οἰκονομῶμεν,
3799 2354 3897 2406 καὶ

2211 2432 2311 2502 τῆς
2329 2431 2435 2483 τῶν
2458 2428 2680 2498 πλησίον
2697 2426 3226 2498 ἀντιλαμϐανώμεθα
3248 2432 3541 2502 σωτηρίας,
3567 2434 3778 2504 ταχέως
3795 2439 3897 2489 κά-

2212 2519 2411 2581 κείνοις
2438 2517 2621 2579 αὺτοῖς
2650 2518 2760 2578 τοῖς
2789 2520 2885 2587 τῆς
2915 2517 3253 2587 διορθώσεως
3283 2520 3616 2575 ἀπολαύουσι
3648 2523 3894 2576 ποθεινοὶ

2210 2604 2445 2674 ἐσόμεθα
2480 2606 2571 2657 καί
2605 2604 2917 2675 ἐπέραστοι·
2938 2619 2965 2647 ι
2989 2606 3356 2663 καὶὸπάντων
3386 2611 3503 2663 ἐστὶ
3536 2611 3742 2680 μεῖζον,
3774 2610 3891 2663 τῶν

2210 2695 2586 2763 ἀποκειμένων
2620 2694 2999 2764 ἀπολαύσομεν
3030 2696 3275 2764 ἀγαθῶν,
3317 2692 3394 2751 ὧν
3422 2702 3634 2768 γένοιτο
3679 2701 3894 2766 πάντας

2209 2783 2353 2850 ήμᾶς
2370 2783 2664 2851 ἐπιτυχεῖν,
2687 2784 2866 2853 χάριτι
2883 2784 2975 2837 καὶ
2994 2785 3379 2858 φιλανθρωπίᾳ
3395 2788 3489 2840 τοῦ
3512 2790 3715 2860 Κυρίου
3732 2790 3895 2860 ήμῶν

2222 2868 2395 2937 Ἰησοῦ
2442 2868 2703 2940 Χριστοῦ,
2751 2870 2818 2923 δι’
2866 2865 2927 2924 οὗ
2974 2873 3070 2925 καὶ
3104 2874 3221 2943 μεθ’
3254 2868 3316 2926 οὗ
3345 2874 3423 2944 τῷ
3463 2876 3636 2947 Πατρὶ
3674 2875 3789 2944 ἅμα
3812 2876 3894 2945 τῷ

2209 2954 2348 3024 ἁγίῳ
2376 2954 2654 3023 Πνεύματι
2675 2956 2821 3023 δόξα,
2866 2957 3087 3031 κράτος,
3115 2960 3271 3032 τιμὴ,
3307 2961 3401 3015 νῦν
3430 2963 3522 3014 καὶ
3553 2963 3659 3023 ἀεὶ,
3690 2979 3780 3014 και
3809 2965 3891 3026 είς

2203 3042 2331 3104 τοὺς
2361 3041 2560 3107 αἰῶνας
2585 3043 2694 3098 τῶν
2725 3045 2955 3099 αἰώνων.
3002 3048 3193 3117 Ἀμήν.

2272 3138 2299 3163 ⁸
2333 3135 2449 3183 Haec
2488 3134 2569 3180 καὶ
2595 3132 2852 3194 έπέραστοι
2896 3135 3078 3194 desum
3122 3132 3174 3181 in
3216 3132 3414 3191 Mox-eL,
3454 3131 3543 3180 sed
3574 3129 3823 3180 habemur
3844 3126 3901 3177 in

2209 3194 2363 3243 Savil.
2386 3202 2440 3243 et
2457 3195 2506 3243 in
2530 3193 2751 3257 plurimis
2776 3193 3044 3243 codicibus.

533 3282 3796 3314 W

1850 3401 2093 3453 OMIAIA
2144 3400 2481 3466 ΔΕΥΤΕΡΔ,

429 3510 727 3580 Λεκθεῖσα
758 3510 829 3563 ἐν
875 3511 1217 3579 Ἀντιοχείᾳ
1247 3511 1316 3563 ἐν
1352 3511 1423 3579 τῇ
1455 3512 1680 3578 παλαιᾷ
1713 3490 2010 3582 ,ίεγσμέτῄ
2042 3514 2364 3584 ἐκκλησίᾳ,
2398 3516 2574 3581 ὄντος
2607 3514 2795 3570 αὑτοῦ
2825 3515 3257 3585 πρεσϐυτέρου,
3285 3515 3419 3585 περὶ
3446 3514 3557 3584 τῆς
3581 3514 3905 3585 συμϐάσης

506 3598 821 3667 συμφορᾶς
854 3598 924 3651 ἐν
948 3596 1024 3665 τῇ
1062 3600 1233 3650 πόλει
1265 3610 1315 3659 ι,
1347 3597 1446 3651 ἐπί
1470 3595 1542 3666 τῇ
1575 3595 1795 3666 ἀταξίᾳ
1824 3597 1934 3667 τῆς
1965 3600 2393 3670 καταστροφῆς
2425 3601 2546 3655 τῶν
2572 3602 2942 3671 ἀνδριάντων
2962 3602 3068 3657 τοῦ
3094 3604 3421 3661 Θεοδοσίου
3467 3608 3571 3662 τοῦ
3604 3609 3903 3676 εὐσεϐοῦς

502 3689 809 3754 ,ϐασιλέως
832 3690 942 3743 τοῦ
970 3688 1241 3758 μεγάλου
1268 3706 1282 3721 ι
1324 3689 1424 3743 καὶ
1451 3691 1538 3754 είς
1579 3690 1646 3740 τὸ
1670 3690 1862 3757 ῥητὸν
1888 3690 1994 3745 τοῦ
2032 3692 2414 3757 Ἁποστόλου,
2456 3693 2582 3759 Τοῖς
2604 3696 2927 3761 πλουσίοις
2948 3694 3328 3765 παράγγελλε
3363 3699 3434 3752 ἐν
3454 3699 3534 3765 τῷ
3571 3702 3690 3756 νῦν
3725 3702 3899 3757 αἰῶνι

504 3802 589 3847 μη
630 3782 1106 3847 ι’·είηιλοφχμονεῖν·
1134 3782 1233 3833 καὶ
1270 3783 1418 3835 κατὰ
1452 3781 1833 3855 πλεονεξίας.

489 3969 556 4015 α’.
589 3961 653 4013 Τί
683 3962 823 4013 εἴπω
853 3962 944 4014 καὶ
968 3964 1021 4016 τί
1054 3963 1305 4036 λαλήσω;
1334 3966 1584 4038 δακρύων
1604 3967 1632 4018 6
1668 3968 1857 4039 παρὼν
1890 3970 2101 4039 καιρὸς,

422 4050 543 4118 οὐχὶ
575 4048 833 4120 ῥημάτων
851 4064 864 4081 ’
894 4049 1129 4120 θρήνων,
1168 4052 1290 4122 οὐχὶ
1320 4052 1494 4123 λόγων
1514 4072 1527 4084 ·
1555 4055 1741 4126 εὐχῆς,
1767 4058 1828 4109 οὐ
1855 4056 2102 4128 δημηγο-

427 4138 577 4207 ρίας·
619 4137 859 4191 τοιοῦτον
900 4137 1009 4191 τῶν
1049 4140 1468 4212 τετολμημένων
1519 4144 1579 4196 τὸ
1634 4145 1884 4215 μέγεθος,
1929 4145 2104 4210 οὓτως

423 4224 635 4277 ἀνίατον
655 4224 715 4276 τὸ
744 4224 920 4287 ἕλκος,
952 4224 1093 4278 οὕτω
1129 4226 1271 4296 μέγα
1303 4228 1364 4281 τὸ
1401 4229 1643 4301 τραῦμα,
1683 4231 1778 4284 καλ⁵
1811 4232 1991 4303 πάσης
2021 4236 2101 4286 ία-

423 4312 609 4382 τρείας
636 4311 838 4382 μεῖζον,
878 4313 971 4365 καὶ
1008 4314 1105 4383 τῆς
1129 4314 1334 4367 ἄνωθεν
1355 4317 1608 4388 δεόμενον
1637 4319 1908 4391 βοηθείας.
1940 4320 2096 4377 Οὕτω

426 4399 524 4469 μὶν
549 4400 576 4451 6
614 4398 734 4453 Ἰὼϐ
762 4399 980 4452 ἅπαντα
1002 4400 1313 4463 ἀποϐαλὼν,
1346 4404 1437 4454 ἐπὶ
1461 4405 1561 4473 τῆς
1587 4407 1817 4477 κοπρίας
1840 4409 2094 4482 ἐκάθητο,

422 4487 517 4540 καὶ
563 4486 892 4550 ἀκούσαντες
924 4486 951 4526 ι’
980 4488 1029 4539 οἱ
1064 4486 1206 4555 φίλοι
1244 4491 1625 4559 παρεγένοντο,
1658 4495 1751 4547 καὶ
1785 4496 1981 4560 ἰδόντες
2004 4500 2102 4550 αὑ-

420 4575 512 4625 τὸν
540 4573 842 4646 πόρρωθεν,
869 4576 936 4627 τὰ
960 4576 1149 4645 ἱμάτια
1177 4576 1488 4649 διέρρηξαν,
1524 4582 1616 4633 καὶ
1640 4583 1830 4635 σποδὸν
1858 4588 2101 4640 κατεπά-

426 4677 615 4725 σαντο,
664 4661 758 4713 καὶ
820 4661 960 4730 μέγα
1015 4653 1335 4733 ἀνῷμωξαν.
1394 4666 1510 4718 Νῦν
1559 4667 1719 4721 τοῦτο
1765 4670 1864 4733 τὰς
1917 4672 2102 4737 πόλεις

425 4749 642 4811 ἁπάσας
668 4747 771 4809 τὰς
819 4749 1001 4820 κύκλῳ
1026 4751 1249 4820 ποιῆσαι
1279 4755 1463 4825 ἐχρῆν,
1506 4756 1602 4809 καὶ
1635 4758 1769 4828 πρὸς
1813 4760 1911 4828 τὴν
1949 4761 2099 4813 πόλιν

425 4836 522 4904 τὴν
564 4835 839 4905 ἡμετέραν
865 4836 1059 4899 ἐλθεῖν,
1087 4840 1179 4891 καὶ
1208 4838 1474 4911 θρηνῆσαι
1502 4843 1568 4896 τά
1596 4846 1935 4914 γεγενημένα
1963 4850 2101 4916 μετὰ

431 4922 775 4991 συμπαθείας
805 4924 1044 4993 ἀπάσης.
1096 4925 1332 4989 Ἐκεῖνος
1364 4928 1457 4981 ἐπὶ
1484 4930 1582 5000 τῆς
1605 4931 1837 5001 κοπρίας
1868 4934 2102 5005 ἐκάθητο

424 5008 567 5070 τότε,
602 5007 736 5078 αῦτη
769 5010 824 5060 ὲν
848 5010 1056 5080 μεγάλῃ
1089 5012 1276 5079 παγίδι
1301 5014 1531 5082 κάθηται
1556 5016 1670 5069 νῦν.
1706 5018 1971 5089 Καθάπερ
1993 5022 2101 5092 γάρ

421 5097 542 5147 τότε
567 5098 595 5148 6
632 5094 875 5159 διάϐολος
901 5099 978 5159 είς
1011 5097 1079 5150 τά
1112 5099 1338 5169 ποίμνια
1362 5102 1455 5152 καὶ
1479 5102 1546 5155 τὰ
1574 5103 1847 5172 βουκόλια,
1874 5109 1966 5159 καὶ
1998 5111 2103 5161 πᾶ-

425 5201 523 5236 σαν
576 5184 863 5254 ὠρχήσατο
909 5186 1001 5237 τοῦ
1036 5188 1246 5241 δικαίου
1279 5188 1378 5259 τήν
1412 5191 1599 5243 ούσίαν
1632 5203 1652 5231 ε
1674 5210 1685 5222 ι
1722 5194 1864 5246 οῦτω
1891 5194 1985 5248 νῦν
2021 5198 2101 5257 είς

423 5272 521 5338 τὴν
545 5270 697 5323 πόλιν
724 5273 943 5324 ἅπασαν
975 5274 1324 5344 ἐϐάκχευσεν.
1370 5278 1510 5329 Ἀλλ’
1532 5281 1559 5331 6
1579 5278 1710 5343 Θεὸς
1740 5283 1832 5349 καὶ
1861 5282 1983 5334 τότε
2008 5284 2102 5335 καὶ

423 5357 517 5408 νῦν
558 5358 901 5429 συνεχώρησε
925 5375 937 5386 ⁸
961 5361 1079 5413 τότε
1109 5364 1227 5432 μὲν,
1257 5364 1343 5417 ἵνα
1368 5365 1457 5417 τὸν
1486 5366 1691 5420 δίκαιον
1721 5367 2101 5439 λαμπρότερον

425 5447 623 5517 ποιήσῃ
671 5444 746 5514 τῷ
786 5447 1002 5514 μεγέθει
1039 5448 1148 5501 τῶν
1180 5453 1527 5521 πειρασμῶν,
1562 5453 1656 5504 νῦν
1690 5454 1765 5517 δὲ,
1818 5456 1905 5509 ἵνα
1954 5458 2101 5525 ἡμᾶς

425 5532 899 5603 σωφρονεστέρους
958 5534 1262 5606 ἐργάσηται
1320 5540 1385 5607 τῇ
1444 5539 1543 5607 τῆς
1611 5538 1841 5609 θλίψεως
1895 5543 2100 5614 ταύτης

485 5669 619 5747 “Sic
643 5672 870 5747 Savil.’et
892 5676 1085 5735 quidam
1118 5692 1256 5747 im},
1278 5683 1435 5747 recte”.
1480 5679 1537 5727 In
1569 5678 1741 5729 Morel.
1772 5684 1875 5733 11(εο
1900 5687 2099 5747 desunt,

424 5734 524 5832 πεὶὶ
546 5739 628 5789 τῆς
652 5735 897 5795 συμϐάσης
914 5734 1163 5810 συμφορᾶς
1185 5741 1231 5785 ἐν
1246 5734 1318 5801 θτῇ
1355 5741 1504 5787 πόλει.

534 5795 659 5832 Raril
706 5807 751 5832 ρΙ
792 5810 916 5832 nunc
940 5799 1017 5832 Hm:
1053 5816 1134 5832 neu
1167 5800 1246 5832 ιιῆυ
1279 5804 1304 5832 ιτ.
1339 5798 1447 5832 ’ῐοῖια

534 5795 681 5867 δαν-Η.
706 5807 916 5867 ειφυιιιιε
940 5795 1134 5867 δῖεμέν
1167 5800 1246 5847 οὖν
1279 5795 1308 5849 ό
1339 5798 1463 5848 Ἰὼϐ.
1494 5840 1503 5849 .
1542 5803 1762 5866 ἐκάθητο,
1797 5807 2096 5867 ἀκούσαντες.

422 5854 545 5907 Infra
570 5857 716 5903 iidem
742 5856 820 5903 νῦν
849 5860 899 5905 δὲ
922 5854 1078 5908 τοῦτο.

486 5920 507 5948 ί
534 5919 631 5967 Alli
660 5923 740 5975 τήν
765 5920 929 5969 οἰκίαν.

186 5986 447 6057 [Ἃ

2216 3964 2513 4036 ὑπερϐολῇ.
2548 3966 2676 4020 Δότε
2708 3984 2797 4038 μοι
2828 3966 3099 4037 θρηνῆσαι
3123 3966 3191 4021 τά
3218 3968 3482 4038 παρόντα.
3523 3968 3899 4041 Ἐσιγήσαμεν

2210 4054 2425 4126 ἡμέρας
2468 4054 2627 4117 έπτά,
2685 4054 2937 4125 καθάπερ
2988 4056 3035 4107 οἱ
3086 4053 3232 4124 φίλοι
3279 4055 3375 4107 τοῦ
3431 4054 3589 4108 Ἰώϐ·
3635 4055 3756 4109 δότε
3804 4072 3900 4125 μοι

2210 4141 2386 4208 στόμα
2411 4140 2594 4211 διᾶραι
2629 4142 2888 4211 σήμερον,
2909 4141 3002 4193 καὶ
3028 4141 3127 4213 τὴν
3155 4140 3342 4212 κοινὴν
3370 4142 3576 4212 ταύτην
3594 4141 3897 4213 ὀδύρασθαι

2208 4228 2514 4299 συμφοράν.
2560 4229 2657 4291 Τίς
2692 4230 2822 4299 ἡμῖν
2866 4228 3171 4299 ὲϐάσκηνεν
3206 4228 3258 4294 τι,
3298 4230 3605 4300 ἀγαπητοί;
3640 4232 3723 4293 τίς
3760 4232 3899 4299 ἡμῖν

2205 4315 2503 4385 ὲφθόνησε;
2535 4314 2696 4381 πόθεν
2724 4315 3008 4388 ήτοσαύτη
3040 4317 3227 4384 γέγονε
3254 4316 3524 4388 μεταϐολή
3547 4335 3561 4383 ;
3598 4318 3766 4371 Οὐδὲν
3793 4320 3900 4389 τῆς

2206 4402 2415 4465 πόλεως
2468 4402 2567 4469 τῆς
2621 4402 2898 4473 ἡμετέρας
2954 4402 3278 4473 σεμνότερον
3328 4398 3433 4473 ἦν’
3489 4404 3639 4457 οὐδὲν
3694 4405 3896 4473 γέγονε

2203 4490 2558 4561 ἐλεεινότερον
2590 4490 2705 4543 νῦν.
2746 4491 2927 4561 Δῆμος
2957 4492 3218 4555 εὔτακτος
3252 4491 3393 4545 οὕτω
3422 4494 3515 4546 καὶ
3544 4495 3769 4566 ἥμερος,
3799 4498 3899 4549 καὶ

2204 4576 2456 4649 καθάπερ
2484 4578 2651 4640 ἵππος
2674 4578 2965 4649 χειροήθης
2988 4580 3080 4632 καὶ
3103 4579 3380 4643 τιθασσδς,
3406 4582 3495 4634 ἀεὶ
3517 4586 3638 4645 ταῖς
3660 4582 3769 4636 τῶν
3795 4585 3898 4653 ἀρ-

2206 4666 2411 4735 χόντων
2442 4666 2605 4719 εἴκων
2642 4668 2850 4737 χερσὶν,
2886 4667 3146 4739 ἐξαίφνης
3164 4670 3419 4723 τοσοῦτον
3454 4672 3584 4741 ήμῖν
3616 4673 3897 4744 ἀπεσκίρ-

2204 4768 2337 4821 τησε
2376 4751 2490 4815 νῦν,
2523 4753 2597 4816 ὡς
2626 4753 2863 4806 τοσαῦτα
2894 4756 3231 4825 ἐργάσασθαι
3276 4758 3445 4823 κακά,
3472 4758 3507 4811 ἀ
3547 4758 3681 4829 μηδὲ
3709 4762 3896 4815 εἰπεῖν

2205 4838 2384 4908 θέμις,
2416 4839 2707 4911 Ὀδύρομαι
2738 4842 2833 4894 καὶ
2858 4842 3042 4913 θρηνῶ
3070 4843 3184 4908 νῦν,
3222 4844 3283 4897 οὐ
3317 4845 3405 4897 διά
3432 4846 3493 4899 τὸ
3525 4830 3754 4917 μέγεθος
3786 4850 3896 4919 τῆς

2204 4926 2664 4997 προσδοκωμένης
2708 4929 2957 4998 ἀπειλῆς,
2998 4928 3133 4982 ἀλλά
3174 4931 3263 4983 διὰ
3308 4932 3405 5001 τὴν
3442 4933 3748 5005 ὑπερϐολὴν
3788 4938 3895 5006 τῆς

2203 5014 2575 5084 γεγενημένης
2612 5017 2829 5083 μανίας.
2862 5018 2923 5069 El
2960 5018 3069 5086 γὰρ
3097 5016 3172 5089 μὴ
3201 5020 3562 5091 παροξυνθείη
3612 5022 3893 5091 βασιλεὺς,

2211 5100 2345 5168 μηδὲ
2385 5100 2701 5169 ὀργισθείη,
2732 5103 2865 5171 μηδὲ
2912 5102 3161 5157 κολάσειε
3201 5105 3295 5157 καὶ
3338 5109 3715 5177 τιμωρήσαιτο
3759 5107 3889 5185 [21]

2202 5187 2315 5249 πῶς
2340 5187 2580 5257 οἴσομεν,
2600 5190 2719 5241 εἰπέ
2744 5208 2856 5260 μοι,
2874 5192 2976 5261 τὴν
3001 5192 3265 5262 αἰσχύνην
3278 5192 3377 5262 τὴν
3394 5193 3503 5245 ἀπὸ
3529 5196 3635 5247 τῶν
3655 5214 3891 5269 γεγενη-

2204 5274 2410 5342 μένων;
2463 5274 2825 5328 Διακόπτεταί
2875 5294 2965 5347 μοι
3013 5280 3110 5349 τῆς
3153 5279 3505 5343 διδασκαλίας
3548 5284 3575 5334 6
3606 5282 3763 5351 λόγος
3805 5286 3889 5356 τῷ

2201 5362 2592 5433 θρήνῳ-,μόλις
2645 5364 2811 5433 ἰσχύω
2848 5367 3028 5436 διᾶραι
3064 5368 3254 5435 στόμα,
3308 5368 3401 5419 καὶ
3430 5369 3636 5435 ἀνοῖξαι
3679 5373 3837 5443 χείλη
3865 5416 3883 5439 ,

2206 5445 2301 5496 καὶ
2334 5445 2557 5514 κινῆσαι
2589 5446 2856 5515 γλῶτταν,
2880 5449 2973 5502 καὶ
3004 5452 3223 5521 ῥήματα
3264 5454 3552 5522 προέσθαν
3587 5456 3731 5510 οὕτω
3758 5460 3894 5513 καθα

2208 5533 2349 5619 άπερ
2388 5535 2605 5603 χαλινὸς
2634 5538 2661 5587 ό
2685 5536 2783 5605 τῆς
2806 5536 3042 5606 ἀθυμίας
3069 5538 3231 5606 ὄγκος
3252 5542 3587 5611 ἀποστρέφει
3610 5563 3709 5615 μου
3742 5557 3764 5585 ο
3788 5549 3898 5619 τὴν

2204 5618 2469 5685 γλῶτταν,
2502 5622 2598 5674 καὶ
2641 5621 2746 5674 τῶν
2792 5625 3050 5694 ῥημάτων
3090 5626 3546 5698 ἐπιλαμϐάνεται.
3588 5634 3754 5686 Οὐδὲν
3795 5618 3900 5708 τῆς

2207 5706 2414 5769 πόλεως
2442 5710 2540 5778 τῆς
2564 5711 2838 5781 ἡμετέρας
2872 5714 3135 5783 πρότερον
3178 5716 3594 5788 μακαριώτερον
3621 5716 3707 5791 ἦν.
3742 5706 3901 5778 οὐδέν
3930 5777 3942 5791 ,

2216 5872 2225 5884 .
2268 5814 2315 5889 ad,
2341 5810 2586 5889 Salinae}.
2606 5814 2801 5889 quidam
2840 5828 2953 5862 nus.
2981 5816 3049 5871 τίς
3076 5819 3187 5879 ἡμῖν
3214 5820 3491 5882 ἐϐάσκηνεν,
3536 5825 3635 5885 ἀγ.;
3683 5826 3752 5880 τίς
3783 5831 3903 5889 ἡμῖν

2209 5875 2463 5933 ἐφθόνησεξ
2492 5876 2587 5921 Alii
2611 5879 2735 5933 ἡμᾶς
2758 5876 2846 5922 his.

2282 5947 2303 5973 ε
2329 5934 2477 5983 SLUII.
2507 5944 2557 5982 el
2579 5937 2957 6000 υιιίάποστρέςει
2981 5957 3076 5999 μοι.
3104 5941 3207 5989 Mox
3232 5946 3379 6005 aliqui
3417 5948 3625 6003 panni
3655 5950 3823 6012 κηρῖῳ.
