4196 6316
202 390 263 447 ss
1177 390 1265 447 AD
1305 389 1627 449 POPULUM
1667 367 2183 452 annuens-sud.
2229 388 2460 448 llOMlL.
2492 393 2555 449 ιι.
3464 396 3532 455 st

206 520 254 563 et
280 505 460 585 Judaei.
477 516 532 563 et
553 507 807 579 gentiles,
825 503 1162 561 Christianos
1180 520 1302 560 esse
1335 506 1565 560 civitatis
1587 519 1814 561 conser-

212 612 433 662 vatores,
468 607 523 652 et
553 607 856 661 curatores,
889 606 945 651 et
966 596 1223 666 praesides
1251 639 1265 664 ,
1307 607 1361 667 et
1401 601 1686 668 magistros
1713 616 1726 652 :
1760 609 1816 652 et

217 693 344 747 idem
372 691 590 745 discant
617 690 864 745 dissoluti
891 699 944 743 et
968 689 1238 758 perversi,
1274 691 1536 745 timendos
1562 690 1663 746 sibi
1693 707 1815 745 esse

212 784 295 838 Dei
316 797 527 845 servos,
548 790 610 834 ut
637 782 756 835 etsi
783 781 907 851 quid
937 781 1042 834 tale
1064 780 1205 851 loqui
1230 796 1481 849 umquam
1499 781 1814 851 aggredian-

209 885 307 937 tur,
342 889 463 926 sese
492 872 728 941 undique
749 873 1185 941 circumspiciunt
1214 884 1269 926 et
1298 873 1515 926 umbras
1552 872 1808 937 timeant,

205 964 341 1019 anxii
366 981 434 1019 ne
458 964 595 1018 forte
615 964 956 1019 Christianus
972 965 1195 1018 audiens
1219 964 1431 1028 insiliat,
1459 974 1511 1018 et
1533 965 1817 1018 vehemen-

207 1058 304 1110 tius
327 1056 538 1125 puniat.
584 1053 701 1109 Non
718 1056 911 1109 audisti
934 1055 1056 1125 quid
1079 1055 1313 1109 Joannes
1349 1055 1577 1110 fecerit?
1601 1055 1811 1125 Tyran-

203 1166 325 1203 mun
366 1149 789 1205 vidithominem
813 1151 1117 1218 nuptiarum
1140 1148 1285 1218 leges
1304 1148 1729 1213 subvertentem,
1758 1155 1814 1202 et

201 1256 320 1294 cum
369 1240 561 1293 [idneta
595 1241 646 1293 in
674 1240 851 1294 medio
880 1240 1001 1293 foro
1030 1239 1192 1293 dicit:
1226 1238 1349 1292 Non
1381 1239 1494 1292 licet
1522 1239 1611 1292 tibi
1631 1239 1813 1292 habere

202 1348 409 1385 uxorem
440 1330 674 1402 Philippi
693 1333 863 1403 fratris
891 1332 964 1384 tui
982 1330 1355 1402 (Marc.6.l8).
1376 1332 1487 1401 Ego
1502 1340 1681 1385 autem
1703 1346 1808 1385 non

202 1425 265 1478 ad
290 1435 579 1493 tyrannum
621 1433 675 1479 te
711 1424 836 1479 duxi
862 1467 876 1490 ,
901 1439 1078 1494 neque
1105 1425 1170 1478 ad
1204 1424 1474 1493 judicent,
1509 1439 1682 1494 neque
1714 1438 1812 1492 pro

200 1515 401 1582 nuptiis
438 1515 731 1584 illegitimis
759 1556 774 1579 ,
826 1511 1000 1583 neque
1046 1529 1142 1583 pro
1188 1518 1461 1568 conservis
1486 1513 1806 1567 contumelia

197 1606 425 1669 aﬂ‘ectis,
456 1607 552 1659 sed
592 1621 688 1673 pro
711 1604 891 1659 furore
914 1604 968 1659 iu
1000 1605 1302 1671 Dominum,
1336 1604 1599 1673 aequalem
1631 1613 1688 1657 nt
1721 1619 1809 1658 ca-

194 1696 357 1764 stiges
390 1698 646 1765 deposco.
672 1695 861 1751 Nonne
890 1695 936 1750 si
950 1696 1042 1749 tibi
1066 1696 1345 1760 dixissem,
1380 1709 1534 1764 reges
1565 1695 1646 1749 vel
1664 1694 1809 1763 judi-

195 1801 285 1840 ccs
307 1787 728 1855 pnevaricantes
752 1787 877 1855 puni
904 1786 987 1841 vel
1011 1787 1240 1856 corrige,
1272 1800 1359 1840 me
1382 1786 1619 1839 insanire
1647 1784 1808 1838 dixis-

192 1879 321 1934 ses?
368 1880 439 1933 Et
478 1889 657 1933 tamen
684 1879 919 1935 Joannes
962 1880 1067 1935 hoc
1102 1879 1266 1935 fecit:
1318 1878 1453 1932 adeo
1496 1891 1606 1930 non
1645 1888 1729 1932 est
1755 1878 1804 1932 id

188 1986 347 2040 supra
386 1986 507 2026 nos.
540 1971 695 2026 Nunc
711 1987 839 2027 vero
860 1974 1048 2028 saltem
1072 1987 1414 2036 conservum,
1442 1971 1523 2026 vel
1542 1974 1803 2043 aequalem

187 2063 397 2131 corrige
425 2104 442 2128 ,
475 2072 531 2117 et
556 2064 600 2117 si
644 2064 783 2118 mori
812 2080 948 2134 opus
991 2065 1095 2131 sit,
1150 2066 1416 2136 castigare
1469 2066 1691 2122 fratrem
1736 2083 1804 2122 ne

190 2164 438 2223 torpeas:
470 2156 786 2226 martyrium
813 2156 906 2210 tibi
934 2146 1035 2211 hoc
1059 2164 1143 2212 est
1162 2199 1178 2223 ,
1203 2159 1455 2227 quoniam
1485 2170 1537 2215 et
1558 2159 1799 2214 Joannes

189 2256 395 2316 martyr
424 2246 544 2300 fuit.
570 2248 693 2300 Non
720 2249 1024 2304 sacrificare
1033 2249 1219 2319 jussus
1241 2250 1360 2317 fuit,
1392 2266 1569 2322 neque
1592 2253 1797 2307 idolum

188 2337 418 2391 adorare
440 2380 455 2405 ,
482 2338 579 2393 sed
626 2356 723 2409 pro
761 2342 930 2396 sacris
976 2341 1182 2412 legibus
1215 2345 1491 2398 temeratis
1521 2354 1681 2413 caput
1709 2345 1802 2399 de-

188 2436 395 2501 posuit:
419 2439 474 2486 et
494 2441 548 2483 tu
577 2433 738 2501 igitur
759 2448 856 2502 pro
882 2435 1103 2489 veritate
1132 2449 1300 2504 usque
1329 2435 1394 2488 ad
1420 2446 1650 2493 mortem
1669 2452 1800 2490 con-

190 2525 431 2589 tende,et
464 2528 602 2579 Deus
631 2525 885 2594 pugnabit
909 2539 1006 2593 pro
1027 2525 1213 2579 te.Nec
1232 2527 1359 2579 mihi
1383 2526 1509 2581 illud
1528 2526 1677 2581 dicas
1703 2527 1801 2581 fri-

186 2616 365 2685 gidum
382 2617 773 2682 verbum,Quid
797 2616 925 2670 mihi
941 2632 1085 2671 cura:
1097 2618 1213 2671 est?
1229 2633 1349 2672 cum
1368 2617 1485 2688 ipso
1514 2634 1803 2675 commune

188 2708 355 2764 habeo
375 2709 532 2763 nihil.
552 2707 911 2765 Cumdiabolo
926 2710 1041 2765 solo
1059 2726 1345 2766 commune
1361 2711 1493 2766 nihil
1511 2711 1797 2781 habemus,

194 2817 310 2856 cum
368 2802 627 2855 omnibus
688 2810 867 2856 autem
935 2794 1243 2857 hominibus
1308 2804 1472 2857 multa
1538 2805 1799 2860 habemus

186 2898 506 2949 communia.
562 2894 818 2965 Ejusdem
870 2896 1014 2951 enim
1059 2896 1337 2951 nobiscum
1402 2908 1607 2952 natura:
1672 2912 1798 2967 par-

188 2988 371 3057 ticipes
430 2997 613 3051 sunt,
671 2987 917 3041 eamdem
975 2989 1216 3042 habitant
1260 3000 1456 3043 terram
1502 3031 1517 3054 ,
1580 2989 1799 3044 iisdem-

185 3094 282 3147 que
331 3079 553 3132 aluntur
606 3079 950 3133 nutrimentis
995 3121 1010 3141 ,
1054 3079 1301 3135 eumdem
1366 3078 1567 3135 habent
1620 3080 1801 3134 Domi-

186 3186 304 3223 num
326 3212 341 3231 ,
366 3171 588 3224 easdem
629 3177 892 3239 ceperunt
926 3170 1072 3241 leges
1094 3213 1107 3237 ,
1155 3170 1224 3225 ad
1271 3170 1460 3226 eadem
1510 3170 1790 3225 nobiscum

186 3300 377 3336 Ὗ-

1924 505 2064 561 bona
2108 505 2421 561 invitantur.
2470 505 2557 563 Ne
2606 507 2767 579 igitur
2794 508 3037 566 dicamus
3078 526 3177 568 nos
3204 510 3337 568 nihil
3378 527 3529 569 ccut-

1927 613 2088 652 mune
2108 613 2228 652 cum
2262 598 2391 668 ipsis
2421 599 2622 656 habere
2646 619 2659 654 :
2690 603 2927 657 satanica
2947 615 3035 659 est
3059 608 3156 661 ista
3178 621 3306 670 vox,
3333 607 3526 663 diabo-

1923 687 2023 740 lica
2074 688 2456 743 inhumanitas.
2513 689 2591 744 Ne
2630 691 2788 761 igitur
2829 692 2948 749 haec
2993 695 3258 764 dicanms,
3281 696 3376 752 sed
3402 714 3533 753 cono

1918 793 2105 847 gruam
2138 779 2390 835 fratribus
2418 796 2602 836 curam
2640 768 3009 839 exhibeamus.
3056 787 3171 857 Ego
3213 797 3395 844 autem
3427 790 3529 845 hoc

1901 870 2043 921 'eum
2072 871 2215 923 omni
2257 870 2518 938 polliceor
2545 875 2889 929 accuratione
2918 918 2931 941 ,
2977 884 3034 930 et
3074 877 3224 932 vobis
3273 881 3526 935 omnibus

1923 961 2196 1028 spondeo:
2224 963 2365 1033 quod
2388 964 2433 1017 si
2458 978 2552 1018 vos
2570 980 2759 1020 omnes
2785 965 2872 1021 hic
2903 978 3196 1037 praesentes
3213 971 3412 1025 civium
3436 987 3494 1026 sa
3509 1004 3524 1013 -

1922 1050 2088 1106 lntem
2114 1067 2305 1109 curare
2334 1054 2610 1110 volueritis
2645 1098 2660 1122 ,
2687 1057 2837 1112 brevi
2866 1067 2981 1112 tota
3010 1059 3167 1135 nobis
3194 1061 3386 1116 civitas
3407 1077 3529 1118 cor-

1921 1144 2154 1213 rigetur:
2192 1146 2403 1201 tametsi
2426 1148 2644 1203 minima
2658 1149 2773 1220 ejus
2792 1165 2915 1219 pars
2944 1150 3030 1206 hic
3052 1161 3153 1220 est,
3186 1155 3529 1212 multitudine

1924 1237 2179 1301 minima,
2216 1240 2309 1293 sed
2344 1241 2543 1309 pietate
2572 1258 2801 1298 summa.
2840 1244 3223 1314 Dispensemus
3249 1248 3411 1319 igitur
3436 1248 3525 1306 sa;

1919 1329 2082 1383 lutem
2140 1333 2363 1386 fratrum
2403 1344 2743 1400 nostrorum;
2791 1337 2986 1393 sufficit
3026 1355 3165 1395 unus
3209 1341 3372 1398 homo
3402 1344 3525 1400 ﬁdei

1919 1421 2035 1475 zelo
2063 1436 2358 1479 succensus
2385 1425 2453 1480 ad
2484 1435 2653 1482 totum
2679 1429 3055 1499 corrigendum
3091 1434 3365 1502 populum.
3387 1438 3521 1491 Cum

1917 1528 2047 1567 vero
2074 1529 2180 1569 non
2212 1531 2351 1573 unus
2380 1525 2610 1584 tantum,
2636 1532 2810 1589 neque
2834 1520 2943 1576 duo
2971 1522 3053 1577 vel
3087 1532 3217 1588 tres,
3248 1525 3345 1581 sed
3374 1535 3521 1582 tanta

1915 1604 1985 1657 sit
2012 1606 2329 1674 multitudo,
2376 1624 2497 1677 qua:
2538 1611 2920 1682 negligentiam
2954 1629 3139 1669 curam
3169 1617 3336 1687 possit
3362 1620 3525 1674 attin-

1914 1713 2061 1767 gere,
2093 1714 2197 1753 non
2228 1701 2479 1768 aliunde,
2513 1718 2673 1771 quam
2701 1719 2797 1773 per
2819 1713 3091 1777 torporem
3117 1720 3359 1766 vestrum
3380 1754 3395 1778 ,
3426 1730 3528 1770 nec

1914 1805 2009 1858 per
2038 1790 2401 1848 infirmitatem
2426 1794 2607 1862 plures
2637 1809 2867 1865 pereunt
2919 1808 2976 1854 et
3020 1800 3295 1858 labuntur.
3320 1806 3517 1861 Annon

1914 1880 2207 1937 absurdum
2239 1925 2253 1948 ,
2288 1885 2332 1938 si
2362 1900 2593 1955 pugnam
2628 1887 2844 1958 quidem
2872 1889 2925 1944 in
2967 1889 3083 1945 foro
3114 1883 3425 1960 videamus,
3454 1911 3523 1952 eo

1910 1973 2245 2029 accedereet
2293 1989 2594 2047 pugnantes
2647 1981 2975 2036 ceuciliarc:
3039 1984 3169 2053 quid
3224 2002 3351 2042 vero
3398 1988 3522 2044 dico

1908 2067 2186 2137 pugnam?
2209 2068 2253 2122 si
2280 2070 2492 2125 asinum
2520 2072 2783 2128 cecidisse
2812 2074 3108 2131 viderimus
3137 2120 3152 2144 ,
3185 2094 3375 2135 omnes
3405 2096 3518 2135 ma-

1909 2175 2039 2213 num
2071 2162 2362 2230 porrigere,
2396 2171 2451 2217 et
2475 2164 2677 2233 pariter
2706 2164 2916 2235 erigere
2942 2185 2955 2222 :
2988 2166 3212 2223 fratrum
3244 2186 3375 2225 vero
3395 2187 3518 2242 per-

1905 2252 2147 2305 euntium
2179 2267 2363 2307 curam
2396 2253 2593 2309 habere
2618 2256 2863 2309 nullam?
2892 2258 3090 2313 Asinus
3136 2268 3219 2314 est
3262 2259 3517 2331 blasphe-

1910 2355 2059 2402 mus;
2093 2342 2385 2397 iracundia:
2412 2344 2624 2414 pondus
2655 2362 2763 2401 non
2792 2346 3006 2415 ferens,
3027 2351 3254 2406 cecidit:
3287 2353 3512 2422 accede,

1907 2434 2054 2501 erige
2075 2433 2273 2496 verbis,
2305 2433 2463 2488 factis
2493 2477 2509 2502 ,
2544 2435 2765 2492 lenitate
2786 2480 2801 2504 ,
2837 2438 3181 2497 vehementia
3211 2483 3227 2509 ,
3260 2444 3407 2498 varia
3446 2446 3518 2500 sit

1906 2524 2192 2578 medicina.
2217 2526 2370 2593 Quod
2401 2526 2445 2581 si
2475 2536 2661 2582 nostra
2704 2530 2783 2584 sic
2822 2516 3214 2601 disponamus,
3245 2542 3300 2590 et
3326 2549 3513 2604 pron-

1906 2630 2118 2669 morum
2149 2618 2379 2672 salutem
2420 2621 2797 2690 suscipiamus,
2828 2623 2936 2677 cito
2962 2632 3019 2679 et
3042 2624 3147 2680 illis
3174 2626 3307 2697 ipsis
3330 2616 3517 2686 corre-

1906 2707 2141 2762 ctionem
2162 2708 2573 2766 admittentibus
2596 2711 2983 2770 desiderabiles
2998 2717 3202 2773 erimus
3225 2728 3283 2774 et
3311 2721 3516 2777 amabi-

1906 2798 2012 2865 les,
2042 2808 2101 2854 et
2138 2799 2281 2870 quod
2330 2802 2582 2856 omnibus
2626 2803 2802 2871 majus
2821 2813 2905 2859 est
2928 2846 2944 2872 ,
2976 2807 3230 2875 repositis
3273 2807 3517 2866 fruemur

1907 2887 2066 2944 bonis
2096 2930 2113 2957 ,
2144 2906 2265 2960 quae
2301 2908 2400 2948 nos
2422 2908 2611 2947 omnes
2637 2894 2863 2965 adipisci
2891 2897 3169 2969 contingat
3196 2939 3213 2964 ,
3241 2902 3412 2970 gratia
3459 2910 3516 2957 et

1905 2980 2238 3053 benignitate
2270 2983 2482 3038 Domini
2516 2986 2685 3039 nostri
2715 2985 2845 3041 Jesu
2880 2987 3078 3044 Christi
3108 3030 3123 3056 ,
3147 3005 3246 3060 per
3270 3007 3432 3062 quem
3458 3004 3515 3049 et

1905 3089 2028 3129 cum
2055 3090 2162 3145 quo
2185 3075 2328 3130 Patri
2351 3087 2407 3131 et
2430 3077 2629 3133 Sancto
2653 3077 2877 3148 Spiritui
2901 3080 3092 3150 gloria,
3129 3092 3391 3151 potestas,
3416 3083 3515 3140 ho-

1908 3184 2029 3233 nor,
2065 3184 2205 3224 nunc
2225 3178 2281 3225 et
2306 3185 2543 3239 semper,
2570 3181 2624 3225 et
2653 3172 2705 3225 in
2723 3174 2920 3227 saecula
2943 3177 3286 3233 saeculorum.
3314 3178 3509 3235 Amen.

1716 3301 3509 3330 __.____—_~___._________

1451 3408 1801 3471 HOMILIA
1840 3411 2229 3484 SECUNDA,

189 3601 544 3645 ΔἸΤῙΟΟΗῙΒ
605 3600 843 3643 ΠΔΒῙΤΔ
902 3601 965 3642 ιη
1012 3599 1313 3643 ECCLESIA
1355 3599 1546 3643 DICTA
1579 3602 1799 3645 VETER]

1907 3602 2037 3645 CUM
2082 3603 2220 3645 IPSE
2264 3603 2633 3647 PRESBYTER
2672 3606 2887 3663 ESSET,
2924 3609 3006 3651 DE
3061 3610 3498 3669 εΑιΛωτΑτε,

259 3704 397 3757 ρυλε
442 3702 597 3747 UBBI
640 3700 897 3745 ACCIDIT
940 3700 1060 3743 PRO
1117 3699 1421 3743 TUMULTU
1489 3701 1939 3747 SUBVERSIONIS
2008 3702 2335 3747 IMAGINUM
2388 3704 2739 3749 THEODOSII
2804 3708 3006 3753 MAG!"
3062 3710 3495 3761 IMPERATORIS

258 3808 363 3861 1³11,
410 3807 496 3849 ΕΤ
555 3804 622 3847 IN
667 3804 913 3846 DICTUM
956 3800 1276 3855 APOSTOLI,
1322 3801 1647 3845 DIVITIBUS
1690 3803 1890 3846 HUJUS
1934 3803 2172 3849 SECULI
2220 3804 2505 3847 PRECIPE
2564 3806 2685 3849 NON
2755 3807 3031 3851 SUBLIME
3085 3811 3327 3857 SAPEBE
3399 3798 3495 3879 (Ι.

259 3892 408 3952 Tim.
454 3889 521 3948 6.
570 3886 648 3948 17
680 3886 744 3967 ):
794 3904 873 3945 ET
914 3903 1163 3945 comma
1198 3902 1577 3945 AVARITIAM.

190 4214 197 4225 ,
255 4173 303 4228 Ι.
333 4171 475 4241 Quid
500 4170 698 4232 diram,
724 4176 817 4221 aut
836 4166 961 4237 quid
991 4163 1222 4235 loquar?
1246 4164 1603 4235 larrymarum
1646 4179 1788 4233 pm-

187 4280 302 4320 sens
324 4275 676 4333 tempus,non
704 4260 1014 4315 verborum:
1034 4258 1409 4321 luctuum,non
1432 4256 1742 4313 sermonem
1771 4276 1785 4311 :

192 4356 508 4426 precationis
542 4396 557 4419 ,
615 4369 721 4407 non
769 4351 1063 4406 concionis.
1115 4349 1280 4404 Tanta
1340 4357 1669 4419 patratornm
1706 4359 1819 4404 est

190 4446 517 4518 magnitudo,
553 4454 658 4497 tam
678 4442 1069 4497 immedicabile
1086 4441 1297 4507 vulnus,
1318 4449 1423 4493 tam
1442 4450 1586 4493 vasta
1615 4440 1786 4509 plaga,

189 4551 233 4593 et
258 4540 407 4593 omni
436 4536 797 4592 medicamine
822 4535 994 4605 major
1014 4576 1032 4602 ,
1064 4544 1119 4589 et
1157 4548 1389 4604 superno
1418 4533 1663 4603 indigens
1689 4549 1785 4587 au-

194 4631 333 4685 vilio.
361 4628 455 4685 Sic
479 4629 622 4683 enim
654 4639 711 4683 et
732 4627 837 4683 Job
864 4627 1116 4682 omnibus
1144 4627 1358 4682 amissis
1396 4627 1449 4679 iu
1484 4625 1609 4681 limo
1635 4625 1790 4680 sede-

190 4720 269 4775 hat
286 4720 413 4787 (Job
440 4720 497 4775 2.
548 4723 629 4786 8),
672 4727 727 4774 et
746 4717 1022 4773 audientes
1038 4718 1197 4773 amici
1217 4717 1789 4786 accesserunt,ipsum-

189 4827 285 4882 quc
312 4812 501 4882 procul
526 4811 819 4881 conspicati
852 4808 1184 4866 disciderunt
1216 4811 1531 4865 vestimenta
1556 4851 1569 4870 .
1600 4820 1655 4864 et
1674 4809 1779 4864 sibi

188 4906 421 4959 cinerem
472 4902 841 4971 insperserunt
867 4942 883 4966 ,
926 4909 980 4956 et
1044 4900 1395 4956 vehementer
1459 4899 1786 4971 ingemuere.

193 4994 327 5051 Idem
358 5010 501 5049 nunc
530 4994 707 5049 facere
740 4993 944 5048 vicinas
972 5007 1160 5047 omnes
1193 4993 1437 5047 civitates
1462 4992 1747 5061 oportebat
1769 5030 1784 5054 ,

189 5088 249 5141 ad
290 5087 478 5141 urbem
527 5094 766 5141 nostram
812 5084 997 5138 venire
1023 5126 1037 5150 ,
1079 5092 1129 5138 et
1178 5099 1295 5153 qum,
1332 5083 1636 5138 acciderant
1666 5098 1787 5140 cum

190 5180 333 5234 omni
375 5178 848 5234 commiseratione
885 5176 1107 5231 deﬂere.
1163 5176 1254 5230 Ille
1299 5176 1350 5229 in
1386 5186 1625 5231 stercore
1665 5186 1790 5233 tunc

190 5272 428 5336 sedebat,
458 5271 576 5326 hate
610 5270 663 5324 iu
702 5284 896 5340 magno
925 5268 1117 5337 laqueo
1167 5282 1308 5322 nunc
1339 5267 1603 5324 considet.
1640 5269 1790 5324 Sicut

192 5367 329 5421 enim
358 5375 488 5421 tunc
516 5365 763 5420 diabolus
787 5367 839 5419 in
867 5380 1059 5435 greges
1097 5373 1149 5420 et
1186 5373 1429 5419 armenta
1451 5408 1464 5429 ,
1492 5373 1545 5419 et
1572 5379 1788 5420 omnem

190 5460 315 5527 justi
344 5458 701 5514 substantiam
733 5458 953 5512 insiliit:
986 5459 1063 5511 sic
1092 5472 1235 5511 nunc
1266 5457 1320 5511 in
1347 5471 1562 5511 omnem
1597 5458 1788 5512 civita-

192 5563 351 5605 tatem
373 5549 735 5605 debacchatus
755 5550 854 5603 est.
882 5548 987 5603 Sed
1012 5550 1151 5603 Deus
1173 5558 1228 5603 et
1258 5558 1385 5603 tunc
1406 5558 1459 5602 et
1492 5564 1633 5603 nunc
1670 5565 1791 5619 per-

196 5645 361 5699 misit:
411 5652 541 5699 tunc
583 5643 836 5714 quidem,
884 5654 944 5697 ut
980 5643 1183 5713 justum
1224 5642 1507 5697 clariorem
1542 5642 1793 5698 redderet

198 5738 541 5793 tentationum
570 5734 973 5805 magnitudine;
1006 5750 1149 5789 nunc
1187 5750 1317 5789 vero
1346 5778 1359 5799 ,
1393 5745 1450 5790 ut
1476 5750 1574 5790 nos
1601 5736 1789 5791 modc~

198 5845 383 5887 mores
409 5845 667 5886 :erumnaz
687 5827 845 5899 hujus
871 5827 1237 5897 magnitudine
1262 5828 1466 5883 reddat.
1492 5829 1622 5883 Date
1640 5828 1793 5895 mihi,

1899 4180 1956 4223 nt
1978 4171 2259 4239 prmi-utin
2287 4170 2517 4241 lugeam.
2550 4172 2841 4230 Tacuimus
2868 4176 2984 4232 dies
3015 4187 3222 4248 septem
3245 4221 3259 4244 ,
3283 4180 3423 4235 sicut
3447 4193 3503 4237 ct

1897 4261 2054 4317 amici
2085 4262 2190 4317 Job
2214 4260 2333 4332 (Job
2353 4266 2409 4322 2.
2443 4266 2576 4336 15);
2604 4269 2885 4324 concedite
2907 4270 3066 4326 hodie
3083 4280 3139 4326 ut
3166 4286 3225 4326 os
3246 4277 3508 4347 aperiam,

1902 4361 1956 4403 et
1984 4350 2121 4406 hanc
2145 4368 2482 4411 communem
2512 4357 2722 4427 lugeam
2749 4359 3128 4417 calamitatem.
3177 4362 3309 4430 Quis
3349 4366 3507 4422 nobis

1901 4441 2607 4517 invidit,charissim?quis
2637 4449 2690 4503 in
2721 4466 2823 4505 nos
2850 4451 3020 4509 livore
3048 4466 3354 4512 commotus
3374 4461 3502 4514 est?

1900 4534 2041 4590 unde
2068 4544 2215 4591 tanta
2240 4536 2375 4592 facta
2404 4548 2487 4593 est
2527 4543 2801 4596 mutatio?
2834 4543 2974 4598 Nihil
3001 4544 3175 4600 fuerat
3203 4556 3390 4604 nostra
3418 4550 3495 4604 ci-

1899 4630 2064 4685 vitate
2083 4631 2475 4686 venerabilius:
2506 4633 2634 4686 nihil
2655 4649 2796 4689 nunc
2812 4645 2895 4691 est
2913 4636 3293 4695 miserabilius.
3327 4640 3505 4711 Pepu-

1899 4722 1981 4774 lus
2013 4731 2119 4774 tam
2149 4723 2480 4793 compositus
2519 4733 2574 4778 et
2628 4735 2939 4782 mansuetus
2967 4769 2982 4794 ,
3017 4730 3163 4785 velut
3189 4747 3358 4801 equus
3399 4742 3507 4789 tra-

1902 4815 2115 4870 ctabilis
2162 4828 2218 4870 et
2270 4817 2511 4886 placidus
2564 4833 2781 4888 semper
2808 4824 3201 4879 accersentium
3255 4826 3504 4882 manibus

1897 4907 2129 4974 cedens,
2161 4918 2386 4977 repente
2426 4918 2630 4964 tantttm
2664 4927 2808 4966 nunc
2848 4913 3005 4968 nobis
3047 4916 3240 4971 resiliit
3267 4958 3284 4984 ,
3319 4928 3377 4974 ut
3422 4928 3503 4975 tot

1899 5001 2036 5053 mala
2063 4998 2250 5056 fecerit
2275 5044 2289 5066 ,
2329 5012 2459 5070 quot
2485 5017 2659 5072 neque
2680 5002 2863 5059 dicere
2889 5003 2985 5059 fas.
3013 5005 3307 5063 Lamentor
3335 5019 3389 5065 et
3420 5011 3503 5066 lu-

1897 5104 1999 5159 geo
2045 5106 2187 5145 nunc
2216 5133 2233 5157 ,
2289 5108 2393 5145 non
2443 5102 2664 5161 propter
2710 5105 3041 5164 exspectata:
3069 5099 3508 5157 comminationis

1898 5182 2344 5251 magnitudinem,
2368 5183 2464 5237 sed
2496 5195 2715 5253 propter
2746 5186 2965 5239 nimiam
2994 5198 3328 5256 patratorqu
3360 5193 3508 5248 insa-

1899 5274 2063 5327 niam.
2097 5273 2244 5328 Licet
2280 5276 2423 5329 enim
2471 5292 2575 5330 non
2620 5268 2920 5332 irritaretur
2951 5277 3251 5349 Imperator
3282 5326 3295 5347 ,
3331 5300 3505 5355 neque

1899 5366 2112 5433 puniret
2137 5374 2191 5419 et
2220 5369 2526 5433 castigaret,
2554 5368 2849 5437 quomodo,
2880 5370 2967 5424 dic
2998 5371 3127 5424 mihi
3155 5414 3169 5435 ,
3206 5374 3505 5428 facinorum

1901 5457 2246 5526 ignominiam
2279 5457 2587 5513 ferremus?
2634 5460 2804 5514 Luctu
2847 5461 3185 5517 interciditur
3236 5465 3369 5520 mihi
3404 5468 3511 5522 do-

1899 5548 2087 5601 ctrina:
2129 5562 2329 5613 sermo,
2368 5564 2454 5602 vix
2481 5565 2542 5603 os
2585 5566 2831 5606 reserare
2852 5552 3005 5608 valeo
3031 5563 3083 5608 et
3112 5554 3248 5608 labia
3270 5570 3506 5626 aperire,

1901 5639 2132 5710 linguam
2167 5656 2381 5695 movere
2404 5653 2457 5696 et
2485 5644 2730 5698 emittere
2757 5645 2949 5699 verba:
2995 5647 3075 5702 sic
3102 5657 3372 5716 tamquam
3397 5651 3505 5707 fre.

1900 5748 2027 5786 num
2055 5733 2255 5785 doloris
2285 5734 2365 5787 vis
2394 5734 2615 5804 impedit
2644 5735 2876 5804 linguam
2901 5752 3075 5792 meam
3101 5780 3117 5805 ,
3151 5746 3205 5794 et
3236 5741 3396 5797 verba
3423 5740 3505 5799 in-

1902 5826 2133 5895 tercipit.
2166 5824 2307 5881 Nihil
2331 5826 2548 5882 ci-vitate
2578 5836 2760 5881 nostra
2783 5828 2933 5899 prius
2956 5839 3071 5884 erat
3099 5831 3341 5900 beatius;
3372 5834 3508 5890 nihil
