4196 6316
721 370 791 426 35
1468 366 1537 425 5..
1551 364 1832 424 JOANNIS
1871 363 2310 422 CHRYSOS'I‘OM

2416 362 2684 419 RCBIEP.
2715 361 3249 426 CONSTANTINOP.
3933 370 4006 427 56

724 492 867 534 nunc
894 477 1250 555 iniucundius.
1275 477 1755 544 Quemadmodum
1782 492 1909 549 apes
1938 477 2304 532 bombizantes

723 573 954 637 alveare,
982 570 1060 625 sic
1078 568 1253 625 forum
1281 585 1375 640 per
1398 570 1637 637 singulos
1662 570 1777 625 dies
1789 569 1935 624 cives
1955 568 2305 625 circumvola-

723 663 885 726 bant,
916 673 971 716 et
1005 676 1193 716 omnes
1222 660 1289 716 de
1329 660 1428 715 hac
1474 676 1573 715 nos
1619 660 1957 715 multitudine
1999 660 2186 715 beatos
2212 674 2308 711 vo-

720 754 935 808 cabant.
2078 754 2081 755 ⁷

789 847 1212 901 Antiochenorum
1232 845 1494 899 calamitas
1510 855 1621 915 post
1641 845 1859 913 dejectas
1877 853 2090 898 statuas.
2111 872 2180 883 —
2196 839 2303 898 Sed

718 954 847 994 ecce
870 954 1010 992 nunc
1036 937 1136 991 hoc
1155 936 1367 991 alveare
1384 932 1677 990 solitarium
1700 934 1960 990 redditum
1978 943 2061 988 est
2083 949 2101 988 :
2120 946 2306 1002 quem-

717 1028 1004 1085 admodum
1043 1030 1184 1082 enim
1213 1042 1342 1098 apes
1370 1027 1485 1081 illas
1514 1025 1690 1081 fumus
1708 1066 1723 1089 ,
1760 1026 1838 1079 sic
1862 1025 1960 1079 bas
1985 1038 2114 1092 apes
2147 1023 2306 1077 timor

718 1120 917 1191 fugavit
949 1137 963 1173 :
996 1119 1105 1173 imo
1121 1103 1308 1189 potius
1336 1117 1476 1186 quod
1502 1117 1571 1172 de
1602 1115 1898 1172 Jerusalem
1934 1115 2192 1186 prepbeta
2220 1114 2305 1167 lu-

717 1225 850 1277 gens
870 1210 1038 1276 dixit,
1066 1210 1169 1263 hoc
1197 1218 1251 1263 et
1279 1225 1376 1263 nos
1412 1209 1478 1263 ad
1520 1223 1754 1277 prtesens
1789 1216 1999 1276 tempus
2027 1206 2299 1269 dicemus,

718 1300 882 1356 Facta
918 1311 989 1357 est
1028 1299 1171 1354 nobis
1207 1301 1383 1353 civitas
1411 1309 1465 1353 ut
1494 1300 1795 1353 terebinthus
1823 1299 2026 1369 objectis
2057 1298 2226 1368 foliis,
2257 1307 2305 1350 et

715 1403 970 1463 tanquam
997 1391 1172 1446 hortus
1195 1407 1378 1461 aquam
1398 1408 1498 1444 non
1524 1390 1708 1444 habens
1728 1388 1781 1460 (1
1786 1390 1880 1443 sai.
1905 1390 1955 1443 1.
1979 1387 2092 1459 30).
2109 1388 2306 1456 Quem-

714 1482 1001 1540 admodum
1021 1483 1163 1537 enim
1188 1482 1375 1538 hortus
1398 1482 1678 1537 deﬁciente
1704 1481 2011 1551 irrigatione
2034 1480 2171 1536 foliis
2198 1480 2307 1551 pri-

716 1584 863 1629 vatas
900 1583 957 1629 et
996 1573 1254 1630 l‘ructibus
1295 1573 1464 1628 nudas
1509 1574 1728 1628 arbores
1772 1572 1987 1627 exhibet
2031 1589 2044 1625 :
2089 1570 2207 1625 talis
2251 1578 2320 1625 et.

714 1665 902 1720 civitas
930 1665 1085 1719 nobis
1110 1664 1244 1719 facta
1272 1674 1371 1720 est.
1404 1663 1667 1732 Supremo
1701 1663 1843 1717 enim
1870 1662 2121 1718 destituta
2155 1662 2307 1716 auxi-

714 1755 820 1820 lio,
863 1755 1097 1809 solitaria
1146 1755 1436 1820 remansit,
1482 1754 1729 1808 omnibus
1768 1752 1879 1808 fere
1917 1752 2305 1812 habitatoribus

716 1846 932 1906 nudata.
972 1838 1317 1919 NihilPatria
1342 1847 1577 1912 dulcius,
1608 1846 1702 1901 sed
1732 1860 1875 1900 nunc
1906 1844 2041 1900 nihil
2074 1846 2305 1900 amarius

714 1939 909 1994 factum
940 1948 1040 1994 est.
1081 1914 1278 1994 dtnnes
1307 1948 1501 1994 terram
1535 1954 1655 2008 qua:
1687 1954 1746 1993 se
1781 1939 1898 1993 tulit
1928 1947 2194 2009 tamquam
2224 1939 2304 1992 la-

715 2046 911 2099 qucum
942 2032 1179 2101 fugiunt,
1213 2031 1468 2087 deserunt
1507 2040 1773 2100 tamquam
1804 2028 2131 2096 barathrum,
2165 2039 2302 2083 tam-

714 2138 873 2192 quam
902 2123 971 2177 ab
1000 2124 1119 2192 igne
1159 2122 1424 2176 resiliunt.
1457 2121 1523 2175 Et
1559 2122 1697 2176 sicut
1720 2120 1881 2175 domo
1910 2122 2031 2189 igne
2060 2129 2302 2189 correpta

715 2230 819 2269 non
847 2224 1050 2269 tantum
1079 2214 1296 2269 domum
1329 2214 1646 2277 habitantes,
1671 2212 1764 2268 sed
1790 2223 1844 2268 et
1870 2227 2056 2269 omnes
2078 2213 2303 2282 proximi

712 2321 833 2359 cum
875 2307 1039 2360 multa
1082 2320 1142 2360 se
1184 2304 1445 2373 recipiunt
1481 2302 1848 2366 festinatione,
1877 2302 2076 2356 nudum
2111 2318 2306 2373 corpus

713 2413 926 2453 servare
952 2398 1226 2452 studentes
1249 2415 1262 2449 :
1290 2398 1368 2451 sic
1386 2408 1439 2451 et
1461 2411 1600 2451 nunc
1617 2396 1744 2450 dum
1766 2396 1911 2466 regia
1939 2398 2013 2449 ira
2038 2405 2303 2466 tamquam

715 2487 926 2542 ﬂamma
952 2488 1192 2557 quaedam
1215 2502 1445 2555 superne
1473 2496 1832 2556 exspectatur,
1862 2487 2167 2556 priusquam
2193 2500 2308 2541 sen-

656 2621 665 2625 _
714 2579 813 2631 sim
861 2577 1207 2646 progrediens
1248 2577 1315 2631 ad
1360 2578 1502 2646 ipsos
1553 2578 1827 2648 perveniat
1871 2578 2040 2648 ignis,
2084 2577 2309 2648 quilibet

715 2669 858 2736 prius
878 2668 1046 2732 exire,
1071 2676 1125 2723 et
1151 2668 1347 2722 nudum
1370 2684 1563 2738 corpus
1586 2684 1802 2724 servare
1823 2668 2036 2724 festinat
2059 2687 2072 2723 :
2100 2682 2154 2724 et
2177 2671 2308 2724 :eni-
2354 2698 2359 2703 ~

714 2750 835 2827 gina
859 2774 997 2812 nunc
1020 2758 1154 2813 facta
1175 2771 1256 2812 est
1282 2759 1491 2813 miseria
1521 2770 1698 2815 nostra
1728 2778 1741 2815 :
1765 2760 1880 2814 sine
1902 2761 2140 2814 hostibus
2163 2760 2305 2829 fuga,

716 2848 833 2901 sine
857 2864 1024 2917 pugna
1049 2848 1461 2918 transmigratio,
1486 2860 1537 2902 et
1557 2849 1672 2904 sine
1694 2850 1838 2904 urbis
1859 2850 2066 2923 excidio
2090 2852 2310 2920 captivi-

720 2951 799 2993 tas
830 2957 844 2994 :
875 2956 979 2995 non
1005 2941 1235 2995 vidimus
1272 2941 1605 2997 barbaricum
1638 2943 1840 3012 ignem;
1874 2958 2047 3012 neque
2076 2943 2307 2998 hostium

710 3034 892 3087 vultus
929 3033 1319 3102 spectavimus,
1357 3043 1411 3087 et
1449 3048 1510 3086 ea
1546 3049 1664 3102 qua:
1700 3034 1840 3102 capti
1879 3034 2128 3102 patimur.
2156 3033 2310 3089 Nunc

715 3138 905 3188 omnes
932 3123 1145 3177 discunt
1172 3122 1501 3176 calamitates
1531 3129 1740 3176 nostras
1770 3141 1782 3176 :
1811 3132 2025 3177 nostros
2048 3124 2189 3178 enim
2216 3139 2308 3177 ex-

716 3214 859 3267 sules
886 3212 1255 3281 suscipientes,
1287 3212 1355 3266 ab
1385 3213 1486 3267 illis
1512 3212 1742 3267 civitatis
1767 3213 1971 3267 cladem
2003 3214 2241 3269 audiunt.

709 3324 714 3330 ~
787 3301 843 3356 2.
876 3302 983 3356 Sed
1023 3316 1127 3355 non
1170 3317 1330 3370 super
1371 3302 1474 3357 hoc
1510 3302 1836 3369 confundor,
1871 3320 1969 3358 nec
2003 3306 2259 3360 erubesco
2293 3323 2306 3358 :

719 3409 907 3453 omnes
935 3392 1231 3462 intelligant
1267 3393 1493 3447 civitatis
1521 3394 1785 3462 pericula.
1820 3404 1875 3449 ut
1912 3395 2068 3449 matri
2105 3396 2310 3450 condo-

718 3486 927 3546 lentes,
955 3499 1292 3537 communem
1330 3484 1397 3538 ab
1432 3484 1577 3537 omni
1620 3494 1758 3538 terra
1801 3486 1865 3539 ad
1916 3488 2079 3540 Deum
2126 3502 2309 3542 vocem

714 3576 996 3639 extollant,
1026 3584 1080 3629 et
1109 3575 1429 3630 unanimiter
1452 3590 1787 3629 communem
1818 3578 2053 3630 omnium
2086 3586 2308 3632 matrem

720 3674 774 3718 et
792 3665 1028 3719 altricem
1050 3679 1078 3717 a
1098 3664 1348 3719 ctelorum
1374 3665 1518 3733 Rege
1539 3665 1847 3734 deposcant.
1881 3667 2031 3722 Prius
2052 3683 2309 3723 concussa

721 3764 805 3811 est
835 3754 986 3808 nobis
1018 3754 1141 3808 urbs
1161 3796 1175 3817 ,
1207 3769 1346 3809 nunc
1386 3755 1515 3823 ipsa:
1560 3756 1913 3833 habitatorum
1954 3754 2145 3813 anima:
2177 3775 2312 3829 qua-

723 3847 923 3898 tiuntur
969 3860 985 3899 :
1027 3854 1152 3899 tunc
1194 3844 1474 3897 domorum
1523 3836 1858 3901 fundamenta
1906 3849 2311 3917 quatiebantur,

722 3950 862 3989 nunc
889 3936 997 4003 ipsa
1027 3934 1283 4003 cujusque
1308 3936 1485 3989 cordis
1515 3936 1618 3989 ima
1648 3949 2072 4005 commoventur,
2102 3949 2156 3993 et
2181 3956 2312 4008 quo-

726 4024 851 4077 tidie
882 4034 1006 4078 ante
1031 4025 1215 4078 oculos
1250 4034 1463 4079 nostros
1497 4041 1684 4081 omnes
1725 4038 1949 4082 mortem
1987 4030 2273 4098 aspicimus
2296 4072 2310 4095 ,

721 4114 774 4167 in
801 4115 1055 4169 continuo
1084 4114 1310 4169 vivimus
1339 4115 1640 4182 timore,.et
1666 4115 1796 4171 Cain
1840 4134 2047 4186 ptenam
2078 4123 2313 4176 sustine-

721 4221 860 4269 mus,
889 4205 1017 4259 olim
1046 4220 1319 4260 carcerem
1350 4205 1709 4261 habitantibus
1738 4208 2089 4265 miserabilius
2114 4211 2308 4275 affecti,

720 4306 776 4350 et
822 4295 1131 4350 obsessione
1174 4296 1421 4349 inusitata
1463 4296 1690 4364 quadam
1730 4305 1784 4351 et
1820 4314 1955 4351 nova
1993 4301 2232 4364 obsessi,
2261 4314 2314 4355 et

721 4402 879 4457 quam
908 4387 1193 4456 cogitatum
1222 4387 1293 4441 sit
1319 4387 1582 4456 graviore.
1626 4388 1833 4442 Etenim
1865 4391 1940 4445 illi
1980 4393 2191 4461 quidem
2224 4396 2311 4464 qui

722 4477 791 4531 ab
828 4478 1067 4531 hostibus
1104 4477 1206 4530 hoc
1242 4478 1517 4547 patiuntur
1560 4479 1696 4531 intra
1738 4495 1917 4533 muros
1956 4489 2155 4535 tantum
2182 4498 2313 4537 con-

725 4571 1010 4624 cluduntur
1040 4588 1055 4624 :
1083 4571 1234 4625 nobis
1262 4586 1390 4625 vero
1417 4570 1588 4624 forum
1620 4588 1829 4641 quoque
1867 4573 2192 4629 inaccessum
2215 4618 2229 4641 ,
2262 4586 2315 4631 et

727 4664 779 4716 in
809 4663 969 4717 domo
1004 4662 1228 4730 quisque
1258 4677 1351 4715 sua
1392 4662 1629 4717 inclusus
1654 4673 1768 4728 est;
1807 4679 1869 4717 ac
1907 4665 2045 4723 sicut
2080 4666 2315 4722 obsessis

725 4764 894 4809 tutum
937 4769 1044 4806 non
1085 4762 1166 4805 est
1205 4768 1384 4806 muros
1423 4755 1757 4824 transgredi,
1802 4755 2042 4810 hostibus
2083 4758 2315 4812 exterius

725 4843 1223 4898 circumsidentibus
1246 4883 1261 4907 ,
1309 4844 1386 4897 sic
1428 4860 1598 4913 neque
1638 4845 1817 4899 multis
1851 4847 2034 4901 urbem
2072 4847 2315 4902 habitan-

728 4937 856 4988 tium
885 4943 1051 4988 tutum
1079 4934 1239 4987 domo
1268 4936 1434 4999 exire,
1466 4950 1565 4990 nec
1594 4936 1645 4989 in
1687 4936 1861 4990 medio
1890 4953 2166 5007 apparere,
2196 4954 2317 5008 pro-

650 5028 651 5031 ’
726 5039 842 5099 pter
866 5041 960 5081 eos
983 5027 1072 5095 qui
1100 5026 1334 5095 undique
1363 5036 1471 5079 tum
1509 5037 1689 5080 sontes
1717 5038 1824 5081 tum
1854 5030 2091 5085 insontes
2115 5044 2317 5085 venan-

726 5130 811 5173 tur
830 5161 845 5184 ,
879 5129 932 5173 et
956 5134 1022 5173 ex
1051 5118 1224 5171 medio
1251 5120 1463 5187 rapiunt
1489 5117 1605 5172 foro
1625 5160 1639 5184 ,
1664 5130 1715 5172 et
1745 5121 1795 5173 in
1816 5120 2074 5189 judicium
2103 5138 2317 5192 quoquo

728 5212 885 5264 modo
915 5226 977 5264 ac
1002 5216 1202 5265 temere
1234 5211 1468 5263 trahunt.
1498 5210 1783 5280 Propterea
1821 5212 1969 5266 liberi
1997 5229 2117 5267 cum
2148 5216 2316 5270 servis

727 5301 837 5355 suis
865 5299 1147 5368 compediti
1175 5300 1317 5354 intus
1340 5301 1560 5365 sedent,
1587 5300 1705 5369 quis
1734 5296 2154 5371 comprehensus
2181 5305 2312 5371 fuit,

726 5392 843 5459 quis
886 5390 1143 5443 abductus
1169 5432 1183 5456 ,
1216 5391 1334 5459 quis
1372 5392 1587 5459 punitus
1629 5390 1812 5457 hodie,
1842 5394 2109 5462 quomodo
2134 5404 2189 5449 et
2213 5412 2316 5466 qua

728 5486 955 5549 ratione,
988 5483 1213 5538 sollicite
1242 5494 1563 5553 quaerentes,
1593 5494 1645 5538 et
1670 5486 1878 5541 curiose
1904 5486 2253 5553 sciscitantes,
2285 5504 2315 5543 a

729 5578 919 5650 quibus
955 5576 1077 5631 talia
1113 5592 1299 5632 secure
1339 5577 1546 5632 discere
1591 5588 1807 5647 possunt
1838 5598 1850 5633 :
1880 5588 1935 5635 et
1968 5581 2113 5635 omni
2145 5590 2317 5637 morte

729 5666 1165 5722 miserabiliorem
1205 5668 1405 5737 degunt
1448 5668 1608 5721 vitam
1632 5708 1648 5733 ,
1690 5669 1995 5741 alienasque
2036 5672 2316 5727 lamentari

732 5755 975 5812 miserias
999 5756 1233 5825 quotidie
1257 5758 1443 5825 coacti,
1478 5768 1532 5813 et
1561 5773 1656 5829 pro
1688 5759 1856 5816 salute
1882 5776 1974 5816 sua
2004 5770 2312 5828 trementes,

2417 482 2473 529 et
2496 475 2723 529 mortuis
2747 474 2878 530 nihil
2899 476 3089 531 melius
3115 475 3390 543 habentes,
3413 476 3553 547 quod
3582 477 3782 534 dudum
3812 480 4010 537 timore

2412 565 2605 620 mortui
2641 568 2767 639 sint.
2808 567 2864 623 Si
2899 570 3019 638 quis
3047 584 3172 623 vero
3195 569 3286 639 qui
3312 578 3460 625 extra
3489 570 3731 626 timerem
3756 581 3811 627 et
3833 587 4003 643 angu-

2410 655 2565 709 stiam
2590 654 2729 711 hanc
2750 658 2840 724 sit,
2871 656 2921 710 in
2946 656 3117 711 forum
3145 658 3436 728 procedere
3464 658 3711 725 voluerit,
3735 670 3841 715 tam
3866 662 4004 717 tristi

2408 757 2627 818 aspectu
2658 750 2839 802 statim
2868 749 2921 803 in
2947 748 3165 804 domum
3193 765 3342 804 suam
3383 752 3697 814 retruuitur,
3726 751 3811 806 vix
3838 768 4004 808 unum

2408 836 2544 892 forte
2567 838 2659 893 vel"
2679 839 2814 894 duos
2839 854 3066 895 cernens
3094 839 3393 905 inclinatos,
3420 849 3475 895 et
3500 855 3625 894 cum
3654 842 3823 896 multa
3851 841 4002 897 ince-

2408 928 2600 985 dentes
2621 930 2854 997 tristitia,
2882 931 2967 987 ubi
2995 940 3121 987 ante
3146 946 3348 1003 paucos
3369 932 3484 988 dies
3510 932 3789 989 ﬂuviorum
3813 949 4009 989 cursus

2409 1020 2693 1075 multitudo
2732 1022 3044 1089 superabat,
3073 1022 3165 1076 sed
3198 1038 3340 1078 nunc
3382 1023 3537 1078 nobis
3569 1038 3758 1079 omnes
3796 1024 3871 1079 illi
3904 1039 4004 1079 ex-

2410 1110 2548 1178 pulsi
2574 1121 2718 1166 sunt.
2746 1112 2812 1165 Et
2839 1112 2979 1166 sicut
3005 1128 3127 1167 cum
3156 1128 3221 1169 ex
3252 1113 3397 1184 sylva
3429 1115 3610 1169 multa:
3637 1115 3834 1185 passim
3858 1117 4003 1170 exci-

2408 1201 2605 1258 duntur
2629 1204 2871 1270 arbores,
2905 1205 3144 1275 ingratus
3171 1205 3412 1261 redditur
3436 1218 3702 1276 aspectus,
3731 1217 4003 1277 tamquam

2408 1296 2598 1364 capitis
2639 1296 2800 1350 multa
2840 1297 3049 1351 ralritia
3089 1296 3336 1352 habentis
3364 1314 3377 1351 :
3404 1298 3481 1352 sic
3521 1307 3575 1351 et
3604 1299 3751 1353 urbis
3790 1299 4003 1365 solum,

2409 1385 2714 1440 hominibus
2760 1387 2984 1455 ablatis,
3020 1395 3077 1443 et
3115 1388 3297 1458 paucis
3342 1401 3539 1457 passim
3585 1388 4005 1458 apparentibus,

2409 1477 2669 1547 ingratum
2699 1494 2841 1534 nunc
2867 1478 3062 1533 factum
3088 1488 3190 1546 est,
3218 1486 3274 1533 et
3301 1479 3523 1534 multam
3547 1480 3889 1535 cernentibus
3910 1481 4008 1535 tri-

2408 1570 2568 1625 stitia:
2592 1570 2871 1642 caliginem
2900 1571 3144 1627 oll‘undit.
3185 1570 3299 1625 Non
3330 1580 3533 1626 tantum
3565 1586 3691 1626 vero
3717 1581 3879 1636 terra,
3910 1572 4009 1627 sed

2408 1668 2465 1716 et
2503 1662 2617 1731 ipsa
2655 1663 2797 1717 aeris
2830 1670 3017 1717 natura
3038 1704 3053 1730 ,
3086 1671 3140 1717 et
3183 1663 3437 1717 solarium
3475 1663 3744 1718 mdiorum
3774 1664 4012 1720 circulus

2408 1768 2551 1808 nunc
2588 1753 2719 1807 mihi
2760 1768 2990 1809 mterere
3032 1762 3087 1808 et
3127 1753 3370 1807 obtusior
3408 1753 3587 1809 lucere
3618 1750 3826 1808 videtur
3854 1770 3868 1805 :
3894 1769 4011 1808 non

2408 1846 2688 1902 elementis
2712 1856 2951 1900 naturam
2980 1845 3325 1910 mutantibus,
3354 1844 3449 1901 sed
3479 1846 3675 1900 nostris
3696 1845 3884 1910 oculis,
3914 1847 4013 1915 qui

2410 1938 2636 1995 tristitize
2666 1939 2805 1993 nube
2831 1937 3025 1993 turbati
3048 1948 3193 2003 sunt,
3222 1954 3327 1992 non
3353 1937 3653 1993 valentibus
3676 1952 3809 2007 pure
3834 1952 4014 2007 neque

2409 2046 2530 2086 cum
2552 2031 2741 2086 eodem
2763 2030 2952 2085 all'ectu
2974 2030 3243 2085 radiorum
3273 2029 3455 2084 lumen
3480 2029 3770 2099 suscipere.
3793 2029 3908 2085 Hoc
3929 2040 4013 2085 est

2409 2122 2549 2191 quod
2588 2123 2715 2176 olim
2757 2122 3015 2192 propheta
3046 2123 3258 2192 lugebat
3286 2122 3471 2177 dicens
3502 2140 3516 2177 :
3548 2121 3751 2175 Occidet
3781 2122 3906 2191 ipsis
3932 2123 4013 2177 sol

2408 2216 2463 2269 in
2500 2215 2742 2279 meridie,
2773 2225 2822 2268 et
2860 2214 3262 2270 obtenebrabitur
3290 2215 3397 2269 dies
3450 2215 3641 2285 (Amos
3670 2215 3727 2270 8.
3768 2212 3861 2285 9).
3900 2214 4014 2271 lloc

2410 2316 2589 2361 autem
2632 2307 2876 2373 dicebat,
2918 2322 3022 2361 non
3067 2307 3208 2377 quod
3248 2314 3450 2363 astrum
3494 2308 3872 2372 occultaretur,
3910 2322 4015 2363 nec

2411 2397 2553 2467 quod
2581 2399 2699 2453 dies
2727 2408 3093 2464 evanesceret,
3118 2397 3211 2453 sed
3232 2398 3373 2469 quod
3399 2408 3689 2454 maerentes
3708 2415 3775 2453 ne
3793 2398 4016 2469 quidem

2410 2487 2464 2542 in
2508 2490 2731 2544 meridie
2776 2498 2994 2559 propter
3033 2489 3234 2544 doloris
3264 2489 3543 2560 caliginem
3583 2488 3756 2543 lucem
3786 2504 4018 2545 eernere

2413 2589 2630 2647 possent
2670 2579 2855 2649 :quod
2900 2589 2955 2635 et
3001 2595 3142 2635 nunc
3186 2579 3383 2634 factum
3428 2590 3510 2634 est
3542 2597 3557 2633 :
3588 2588 3641 2633 et
3676 2593 4021 2649 quocumque

2410 2671 2529 2739 quis
2550 2674 2873 2742 respexerit,
2906 2672 3020 2727 sive
3041 2672 3093 2726 in
3124 2682 3352 2737 terram,
3387 2673 3499 2727 sive
3529 2673 3579 2725 in
3609 2671 3871 2741 parietes,
3901 2670 4019 2725 sive

2412 2760 2465 2814 in
2494 2762 2639 2816 urbis
2663 2763 2938 2816 columnas
2959 2803 2973 2821 .
3005 2762 3119 2819 sive
3156 2764 3205 2816 in
3250 2754 3522 2831 preximos
3545 2804 3559 2824 ,
3589 2771 3800 2816 noctem
3828 2769 3885 2817 et
3910 2762 4013 2816 ob-

2412 2853 2719 2907 scuritatcm
2762 2854 3076 2922 profundam
3124 2870 3348 2910 cernere
3394 2855 3604 2909 videtur
3649 2872 3666 2910 :
3711 2854 3793 2909 sic
3830 2854 4015 2909 omnia

2417 2942 2597 2996 multa:
2628 2942 2782 3012 plena
2823 2952 2948 2998 sunt
2974 2943 3220 2999 tristitia.
3249 2944 3529 2999 Silentium
3568 2944 3764 3015 ubique
3792 2944 4016 3001 horrore

2416 3031 2630 3100 plenum
2662 3042 2716 3087 et
2756 3033 3019 3099 solitudo,
3049 3044 3104 3089 et
3132 3034 3499 3089 desiderabilis
3529 3034 3618 3088 ille
3653 3035 4014 3093 multitudinis

2415 3125 2671 3178 tumultus
2711 3125 3008 3181 exstinctus
3049 3136 3133 3180 est
3164 3143 3178 3178 :
3212 3118 3479 3196 tamquam
3521 3128 3771 3182 omnibus
3808 3138 4015 3184 terram

2413 3214 2787 3279 subeuntibus,
2822 3216 2891 3269 ita
2919 3230 3061 3270 nunc
3090 3217 3358 3271 civitatem
3388 3217 3720 3272 taciturnitas
3748 3219 4013 3285 continet,

2414 3306 2557 3359 saxis
2587 3321 2776 3361 omnes
2815 3308 3019 3363 similes
3064 3317 3189 3362 sunt
3210 3349 3225 3370 ,
3258 3318 3312 3363 et
3346 3321 3612 3379 tamquam
3641 3311 3874 3380 quodam
3912 3311 4017 3366 lin-

2416 3412 2533 3466 guae
2557 3398 2767 3451 vinculo
2788 3398 3090 3454 calamitate
3118 3400 3357 3465 cohibiti,
3381 3399 3852 3469 prol‘undissimum
3885 3403 4018 3457 reti-

2417 3496 2546 3540 nent
2590 3490 2894 3553 silentium,
2941 3502 3197 3558 quantum
3242 3491 3289 3545 si
3332 3492 3512 3546 hostes
3554 3491 3919 3562 ingruissent,
3961 3503 4018 3549 et

2364 3628 2369 3632 .
2415 3592 2604 3633 omnes
2642 3580 2796 3633 simul
2839 3581 2958 3650 igne
2997 3592 3051 3635 ct
3091 3582 3235 3637 ferro
3270 3580 3716 3653 absumpsissent.
3750 3585 3904 3640 Nunc
3928 3586 4016 3641 di—

2414 3670 2566 3723 cendi
2596 3679 2803 3739 tempus
2824 3682 2907 3725 est
2938 3690 2949 3724 :
2981 3672 3169 3726 Mittite
3190 3673 3259 3726 ad
3284 3674 3676 3742 lamentatrices,
3702 3686 3747 3730 et
3771 3677 3974 3732 veniant
3997 3696 4017 3734 :

2416 3770 2463 3813 et
2490 3763 2558 3814 ad
2590 3779 2675 3816 eas
2695 3805 2710 3829 ,
2742 3780 2854 3831 qua:
2880 3766 3130 3834 sapientes
3159 3775 3301 3829 sunt,
3332 3777 3378 3821 et
3409 3769 3740 3838 vociferentur
3780 3770 3926 3840 (ια.
3960 3772 4016 3826 9.

2418 3852 2529 3923 l7).
2562 3855 2835 3909 Deducant
2859 3857 2996 3910 oculi
3027 3859 3189 3912 vestri
3232 3858 3517 3928 lacrymas,
3550 3869 3605 3913 et
3634 3860 3903 3929 palpebrae
3927 3879 4013 3916 ve-

2418 3955 2542 3997 stra:
2566 3944 2801 3999 defluant
2824 3948 2994 4015 aquis.
3018 3947 3217 4012 Colles,
3247 3949 3439 4003 sumite
3466 3949 3756 4019 planctum,
3781 3960 3837 4006 et
3861 3968 4012 4007 mon-

2420 4046 2519 4101 tes,
2550 4037 2771 4090 luctum.
2802 4037 3116 4093 Creaturam
3147 4054 3361 4095 omnem
3403 4042 3459 4095 in
3502 4042 3763 4099 malorum
3804 4055 4023 4101 nostro-

2419 4141 2534 4179 rum
2565 4126 2959 4181 miserationem
2998 4143 3272 4184 vocemus.
3306 4130 3508 4187 Civitas
3537 4144 3643 4187 tam
3687 4150 3877 4205 magna
3903 4178 3919 4203 ,
3964 4150 4021 4194 et

2419 4216 2756 4271 orientalium
2785 4228 2944 4286 caput
2968 4260 2983 4283 ,
3015 4234 3046 4274 e
3072 4220 3250 4275 medio
3278 4222 3388 4277 tolli
3420 4232 3681 4278 terrarum
3711 4225 3845 4282 orbe
3872 4230 4019 4296 peri-

2418 4305 2629 4360 clitatur
2651 4325 2665 4362 ε
2689 4324 2830 4363 nunc
2851 4326 2969 4378 qum
2992 4313 3187 4366 multos
3213 4312 3441 4369 habebat
3466 4315 3624 4381 ﬁlios,
3654 4328 3874 4386 repente
3901 4322 4024 4378 sine

2418 4396 2543 4452 ﬁliis
2572 4398 2709 4453 facta
2749 4410 2864 4466 est,
2892 4411 2950 4456 et
2981 4403 3070 4471 qui
3110 4404 3420 4469 auxilietur,
3450 4422 3629 4462 nemo.
3662 4408 3844 4465 Laesus
3872 4412 4022 4468 enim

2418 4490 2613 4557 estqui
2642 4506 2747 4543 non
2778 4491 2942 4547 bahet
2968 4508 3148 4561 parem
3178 4496 3340 4549 ullum
3372 4512 3534 4565 super
3566 4472 3808 4555 terram:
3843 4502 4026 4573 Impe-

2420 4590 2563 4633 rator
2585 4582 2728 4634 enim
2753 4582 2855 4646 est,
2884 4582 3155 4653 fastigium
3176 4594 3231 4639 et
3259 4596 3421 4655 caput
3456 4589 3695 4643 omnium
3722 4606 3883 4661 super
3906 4604 4022 4648 ter-

2420 4683 2531 4720 ram
2565 4668 2861 4724 hominum.
2892 4664 3177 4742 Propterea
3197 4676 3262 4729 ad
3285 4680 3797 4751 supernntegem
3819 4684 4021 4738 confu-

2419 4759 2644 4827 giamus,
2676 4760 2823 4813 illum
2857 4762 2905 4813 in
2935 4764 3189 4818 auxilium
3220 4766 3560 4833 invocemus;
3590 4770 3689 4823 nisi
3728 4786 4027 4841 supernam

2420 4866 2769 4921 assequamur
2809 4856 3065 4923 gratiam,
3105 4859 3246 4913 nulla
3296 4862 3704 4923 commissorum
3750 4868 4025 4933 reparatio

2422 4942 2755 5010 relinquitur.

2493 5032 2545 5087 5.
2576 5031 2875 5089 Voluissem
2909 5036 2993 5090 hic
3023 5039 3335 5093 concionem
3370 5040 3580 5097 solvere
3609 5060 3624 5096 :
3655 5044 3843 5099 nolunt
3870 5047 4020 5103 enim

2421 5127 2746 5193 gementium
2790 5128 2949 5181 animi
3000 5130 3188 5199 longos
3232 5133 3519 5187 extendere
3566 5148 3878 5199 sermones;
3921 5140 4020 5196 sed

2422 5218 2559 5272 sicut
2598 5219 2767 5273 nubes
2806 5220 3048 5288 quaedam
3085 5222 3247 5276 densa
3270 5264 3283 5289 ,
3312 5233 3367 5277 et
3401 5225 3501 5279 sub
3538 5226 3765 5281 solerem
3808 5228 4022 5284 radium

2422 5323 2672 5375 currens,
2702 5325 2914 5365 omnem
2958 5324 3247 5367 retrorsum
3292 5315 3632 5383 splendorem
3671 5320 3903 5372 avertit:
3938 5321 4021 5375 sic

2423 5411 2476 5454 et
2506 5401 2733 5455 tristitia:
2761 5402 2971 5465 nebula,
3004 5420 3124 5458 cum
3157 5416 3277 5459 ante
3310 5408 3546 5461 animum
3579 5421 3819 5465 n05trum
3849 5423 4021 5469 stete-

2423 5491 2511 5557 rit,
2542 5508 2646 5545 non
2680 5493 2806 5546 sinit
2834 5494 3190 5561 facilem,esse
3219 5498 3474 5553 orationis
3511 5514 3748 5568 cursum,
3778 5503 3873 5558 sed
3902 5506 4022 5560 suf-

2424 5580 2591 5647 focat,
2634 5591 2687 5637 et
2729 5599 2850 5637 cum
2887 5585 3052 5638 multa
3097 5586 3147 5639 vi
3196 5587 3334 5641 intus
3378 5590 3639 5659 reprimit.
3680 5592 3745 5646 Et
3780 5592 3883 5648 hoc
3908 5610 4020 5650 non

2423 5673 2720 5730 dicentibus
2753 5684 2956 5731 tantum
2980 5718 2994 5742 ,
3027 5678 3120 5732 sed
3164 5687 3219 5733 et
3249 5679 3584 5736 audientibus
3622 5682 3849 5747 accidit;
3880 5686 4023 5740 sicut

2427 5766 2569 5821 enim
2600 5765 2668 5821 ab
2706 5768 2886 5823 animo
2914 5768 3139 5825 dicentis
3168 5786 3273 5826 non
3302 5773 3547 5829 concedit
3585 5774 3754 5846 ipsam
3782 5790 3906 5833 cum
3937 5776 4024 5833 la-
