4196 6316
204 389 269 445 35
1273 399 1365 454 AD
1402 400 1739 461 POPULUM
1786 404 2290 464 ANTIOCHENUM
2333 409 2568 468 HOMlL.
2604 412 2668 468 ιι.
3598 409 3670 467 56

207 505 599 593 ἀτερπέστερον
619 511 816 581 γέγονε
834 509 949 565 νῦν.
975 512 1245 583 Καθάπερ
1276 516 1520 585 μέλιτται
1541 517 1737 589 κηρίον
1756 519 1889 593 βομ-

208 590 407 659 ϐοῦσαι,
432 596 584 650 οὕτω
599 600 702 668 τὴν
726 598 935 669 ἀγορὰν
965 600 1326 671 περιίπταντο
1345 603 1468 657 καθ’
1497 590 1888 678 ἐκάστηνὴμέ-

208 696 297 748 ραν
322 685 368 734 οἰ
396 684 501 756 τὴν
534 685 697 739 πόλιν
742 686 1018 751 οἰκοῦντες
1052 700 1079 728 ι
1107 727 1122 754 ,
1159 688 1254 741 καὶ
1285 690 1487 755 πάντες
1510 694 1659 763 ἡμᾶς
1688 695 1782 748 ἐπὶ
1810 694 1889 766 τῷ

206 767 386 834 πλήθει
410 771 593 844 τούτῳ
618 774 889 845 πρότερον
926 775 1283 847 ἐμακάριζον.

278 854 412 908 Ἀλλ’
442 857 555 913 ἰδοὺ
572 858 673 914 νῦν
694 861 757 914 τὸ
782 862 972 933 κηρίον
1006 862 1167 917 τοῦτο
1218 864 1444 935 γέγονεν
1482 865 1691 938 ἔρημον
1709 884 1725 899 ·
1755 867 1891 922 καθ-

206 941 337 1013 άπερ
368 945 481 1018 γὰρ
528 948 635 1013 τὰς
673 950 933 1020 μελίττας
952 950 1166 1016 ἐκείνας
1192 952 1421 1017 καπνὸς,
1477 952 1621 1008 οὕτω
1656 953 1756 1019 τάς
1795 972 1890 1027 με-

203 1028 375 1097 λίττας
398 1033 612 1101 ταύτας
637 1038 803 1107 φόϐος
826 1037 1076 1110 ἀπήλασε
1097 1057 1112 1071 ·
1137 1040 1340 1110 μᾶλλον
1364 1040 1421 1094 δὲ
1447 1041 1541 1094 καὶ
1570 1041 1600 1095 0
1631 1042 1761 1114 περὶ
1789 1045 1889 1113 τῆς

214 1118 570 1197 Ἰερουσαλὴμ
608 1124 826 1196 θρηνῶν
851 1126 881 1178 0
903 1128 1194 1199 προφήτης
1226 1128 1401 1197 ἔλεγε,
1426 1128 1581 1183 τοῦτο
1610 1129 1706 1183 καὶ
1729 1132 1890 1201 ἡμεῖς

203 1206 276 1269 είς
296 1209 490 1281 καιρὸν
531 1210 776 1284 ἐροῦμεν
808 1212 933 1267 νῦν·
975 1214 1266 1285 Ἐγενήθη
1297 1214 1442 1284 ἡμῖν
1476 1216 1517 1281 ἡ
1558 1217 1758 1280 πόλις,
1808 1214 1890 1279 ὡς

204 1295 528 1365 τερέϐινθος
575 1300 1027 1369 ἀποϐεϐληκυῖα
1074 1303 1144 1357 τὺ
1182 1304 1411 1372 φύλλα,
1442 1303 1542 1357 καί
1587 1303 1669 1368 ὡς
1702 1302 1891 1369 παρά-

203 1378 395 1448 δεισος
426 1384 596 1454 ὕδωρ
638 1387 729 1456 μὴ
761 1388 939 1458 έχων.
970 1390 1241 1462 Καθάπερ
1276 1391 1385 1461 γὰρ
1412 1390 1739 1461 παράδεισος
1790 1388 1889 1458 τῆς

202 1466 412 1539 ἀρδείας
434 1472 825 1546 ἐπιλιπούσης,
854 1475 1037 1547 ἔρημα
1066 1477 1176 1530 τῶν
1204 1476 1416 1547 φύλλων
1447 1477 1542 1530 καὶ
1565 1476 1749 1547 γυμνά
1780 1476 1887 1528 τῶν

205 1557 422 1625 καρπῶν
442 1559 515 1612 τά
534 1560 731 1634 δένδρα
757 1563 1052 1630 δείκνυσιν,
1096 1563 1239 1618 οὕτω
1261 1564 1325 1635 δὴ
1359 1564 1454 1617 καὶ
1485 1566 1519 1634 ή
1556 1563 1709 1627 πόλις
1732 1562 1889 1633 ἡμῶν

203 1645 380 1714 γέγονε
416 1648 516 1702 νῦν
540 1666 555 1680 ·
593 1651 696 1721 τῆς
733 1652 844 1724 γάρ
875 1652 1085 1709 ἄνωθεν
1119 1652 1371 1725 βοηθείας
1413 1651 1887 1721 ἐγκαταλιπούσης

203 1733 380 1805 αὐτὴν,
400 1734 642 1807 ἕστηκεν
667 1738 894 1811 ἔρημος,
933 1741 1116 1813 γυμνὴ
1145 1741 1255 1793 τῶν
1284 1740 1586 1813 οἰκητόρων
1614 1738 1886 1809 γενομένη

204 1820 375 1889 σχεδὸν
403 1822 690 1879 ἀπάντων.
718 1827 885 1881 Ούδέν
918 1828 1178 1899 πατρίδος
1210 1827 1563 1895 γλυκύτερον,
1600 1824 1715 1879 ἀλλ’
1736 1824 1886 1878 οὐδὲν

203 1906 515 1982 πικρότερον
542 1912 643 1965 νῦν
687 1913 909 1983 γέγονε·
935 1916 1139 1979 πάντες
1187 1914 1286 1985 τὴν
1338 1913 1669 1983 ἐνεγκοῦσαν
1696 1912 1887 1982 ὥσπερ

203 1995 394 2063 παγίδα
441 1998 765 2068 φεύγουσιν,
816 2001 1010 2073 ὥσπερ
1053 2002 1329 2073 βάραθρον
1373 2000 1887 2072 ἐγκαταλιμπάνου-

206 2098 279 2135 σιν
321 2085 369 2147 δ,
415 2084 613 2159 ὥσπερ
661 2092 843 2160 πυράς
886 2090 1242 2161 ἀποπηδῶσι·
1276 2091 1373 2143 καὶ
1415 2089 1670 2160 καθάπερ
1708 2088 1887 2151 οἰκίας

206 2171 509 2245 ἁπτομένης
532 2178 636 2247 οὑχ
662 2179 713 2231 οἰ
738 2180 839 2249 τὴν
866 2179 1045 2233 οίκίαν
1076 2178 1357 2241 οἰκοῦντες
1403 2179 1583 2250 μόνον,
1614 2178 1753 2233 ἀλλά
1791 2178 1888 2231 καὶ

205 2259 391 2326 πάντες
428 2264 479 2315 οί
511 2264 748 2335 πλησίον
782 2267 922 2339 μετά
966 2267 1168 2338 πολλῆς
1210 2267 1536 2338 ἀποπηδῶσι
1572 2268 1676 2338 τῆς
1720 2284 1889 2320 σπου-ι

204 2345 309 2416 δῆς,
336 2351 551 2421 γυμνὸν
578 2353 641 2407 τὸ
681 2354 843 2425 σῶμα
885 2354 1148 2409 διασῶσαι
1182 2354 1607 2419 σπουδάζοντες·
1648 2353 1793 2408 οὕτω
1820 2354 1885 2423 δὴ

206 2436 289 2488 καὶ
309 2436 403 2489 νῦν
424 2440 531 2510 τῆς
563 2440 852 2513 βασιλικῆς
882 2443 1053 2516 ὀργῆς
1084 2444 1337 2515 καθάπερ
1366 2446 1547 2515 πυράς
1571 2460 1717 2506 τινος
1744 2443 1887 2497 ἄνω-

206 2520 288 2575 θεν
316 2526 465 2595 ἥξειν
503 2530 990 2603 προσδοκωμένης,
1023 2533 1155 2604 πρὶν
1193 2533 1281 2585 ἐπ’
1314 2532 1515 2596 αὐτοὺς
1538 2530 1644 2603 ὀδῷ
1672 2527 1887 2601 βαδίζον

206 2613 325 2689 ἔλθη
368 2617 431 2671 τὸ
456 2618 596 2691 πῦρ,
632 2619 861 2686 ἕκαστος
889 2622 1172 2692 ἐπείγεται
1201 2622 1571 2694 προεξελθεῖν,
1643 2621 1741 2675 καὶ
1779 2638 1885 2689 γυ-

211 2706 326 2772 μνὸν
356 2708 627 2764 διασῶσαι
659 2712 721 2765 τὸ
748 2712 905 2782 σῶμα
922 2728 935 2743 ⁸
959 2712 1056 2767 καὶ⁸
1099 2714 1322 2782 γέγονεν
1348 2712 1505 2784 ἡμῶν
1534 2710 1765 2782 αἴνιγμα
1792 2708 1889 2763 νῦν

210 2794 238 2863 ἢ
272 2798 544 2883 συμφορά.
572 2799 760 2870 Χωρίς
792 2800 1067 2870 πολεμίων
1082 2800 1268 2883 φυγὴ,
1296 2800 1468 2871 χωρὶς
1518 2800 1698 2870 μάχης
1762 2814 1890 2868 μετ·-

210 2881 497 2948 ανάστασις
517 2924 533 2949 ,
567 2887 742 2956 χωρὶς
766 2886 1023 2952 ἁλώσεως
1075 2881 1427 2959 αἰχμαλωσία
1448 2906 1461 2920 ·
1519 2887 1619 2939 οὐκ
1675 2884 1889 2954 είδομεν

211 2964 535 3042 βαρϐαρικὸν
577 2972 715 3044 πῦρ,
751 2974 873 3028 οὐδὲ
917 2974 1193 3045 πολεμίων
1222 2975 1345 3044 ὄψιν
1388 2972 1761 3043 ἐθεασάμεθα,
1796 2971 1890 3025 καὶ

210 3054 271 3107 τά
296 3056 401 3110 τῶν
421 3058 749 3114 ἑαλωκότων
779 3060 1087 3134 πάσχομεν.
1124 3063 1335 3127 Πάντες
1362 3060 1457 3115 νῦν
1484 3062 1583 3124 τὰς
1610 3061 1889 3132 ἡμετέρας

214 3144 531 3212 μανθάνουσι
556 3151 847 3221 συμφοράς
868 3166 879 3176 ·
906 3153 1036 3214 τοὺς
1051 3151 1161 3222 γὰρ
1177 3151 1477 3223 ἡμετέρους
1499 3150 1888 3221 ὑποδεχόμενοι

212 3234 438 3301 φυγάδας
460 3239 594 3306 παρ’
612 3238 837 3292 ἐκείνων
852 3238 950 3309 τὴν
965 3239 1063 3307 τῆς
1079 3239 1287 3300 πόλεως
1302 3238 1634 3310 μανθάνουσι
1648 3239 1886 3309 πληγήν.

275 3320 336 3390 β’.
368 3324 508 3376 Ἀλλ’
536 3326 638 3377 οὐκ
654 3324 981 3396 αίσχύνομαι
995 3326 1089 3379 ἐπὶ
1103 3325 1301 3396 τούτῳ,
1316 3324 1438 3378 οὐδὲ
1453 3325 1713 3399 ἐρυθριῶ.
1740 3326 1892 3379 Μαν-

214 3408 511 3466 θανέτωσαν
542 3414 785 3475 ἅπαντες
808 3412 877 3466 τά
903 3413 1004 3483 τῆς
1042 3413 1253 3475 πόλεως
1290 3412 1460 3483 πάθη,
1504 3413 1591 3465 ἵνα
1620 3412 1891 3483 συναλγή-

216 3512 392 3562 σαντες
406 3502 472 3570 τῇ
498 3501 722 3571 μητέρι,
748 3502 934 3571 κοινὴν
948 3501 1057 3553 ἀπὸ
1076 3500 1176 3572 τῆς
1192 3500 1295 3572 γῆς
1310 3501 1531 3571 ἀπάσης
1556 3500 1891 3567 ἀνενέγκωσι

214 3583 283 3652 τῷ
317 3584 433 3655 Θεῷ
480 3585 693 3658 φωνὴν,
741 3587 838 3641 καὶ
876 3588 1221 3657 ὁμοθυμαδὸν
1258 3587 1357 3657 τὴν
1399 3588 1586 3657 κοινὴν
1636 3588 1893 3641 ἁπάντων

218 3670 416 3742 μητέρα
449 3675 551 3726 καὶ
576 3675 778 3745 τροφὸν
816 3674 970 3746 παρά
1015 3674 1111 3729 τοῦ
1149 3674 1260 3728 τῶν
1286 3676 1531 3745 οὐρανῶν
1567 3672 1894 3745 ἐξαιτὴσων-

214 3774 295 3812 ται
331 3759 615 3829 βασιλέως.
666 3762 916 3834 Ἐσείσθη
958 3762 1149 3834 πρῴην
1184 3765 1316 3833 ἡμῖν
1352 3766 1385 3832 ἡ
1421 3762 1599 3825 πόλις,
1634 3762 1770 3815 ἀλλὰ
1799 3763 1894 3816 νῦν

218 3844 365 3900 αὐταὶ
420 3848 744 3902 σαλεύονται
794 3850 905 3904 τῶν
964 3850 1267 3921 οἰκητόρων
1319 3861 1340 3889 ο
1395 3852 1451 3903 αί
1512 3851 1715 3921 ψυχαί·
1770 3850 1893 3903 τότε

219 3934 408 3988 ἐσείετο
436 3937 507 3990 τά
545 3936 771 4007 θεμέλια
802 3938 912 3991 τῶν
953 3941 1292 4008 οἰκημάτων,
1339 3938 1434 3992 νῦν
1467 3938 1523 3991 δὲ
1558 3939 1697 3991 αὐτά
1727 3939 1894 3991 δονεῖ-

220 4039 299 4076 ται
320 4024 383 4076 τά
410 4024 640 4096 θεμέλια
672 4027 772 4097 τῆς
816 4027 1047 4080 ἑκάστου
1093 4026 1340 4097 καρδίας,
1385 4028 1480 4084 καὶ
1507 4027 1629 4081 καθ’
1656 4028 1896 4099 ἑκάστην

220 4112 417 4183 ἡμέραν
448 4113 561 4184 πρὸ
590 4113 706 4166 τῶν
748 4114 1044 4184 ὀφθαλμῶν
1074 4114 1167 4167 τὸν
1204 4114 1433 4168 θάνατον
1466 4114 1666 4177 πάντες
1702 4113 1895 4183 βλέπο-

225 4216 334 4269 μεν,
358 4203 452 4255 καὶ
483 4201 641 4274 φόϐῳ
668 4202 923 4273 συζῶμεν
948 4204 1208 4273 διηνεκεῖ,
1239 4190 1332 4256 καὶ
1361 4204 1460 4265 τὴν
1489 4202 1581 4255 τοῦ
1613 4204 1749 4257 Κάῖν
1774 4204 1900 4257 ὑπο-

225 4288 444 4359 μένομεν
478 4291 752 4361 τιμωρίαν
788 4291 1150 4361 ἐλεεινότερον
1193 4288 1303 4342 τῶν
1337 4289 1469 4342 ποτὲ
1510 4290 1575 4343 τό
1607 4289 1897 4359 δεσμωτή-

225 4392 328 4446 ριον
355 4377 652 4430 οἰκούντων
682 4376 1041 4446 διακείμενοι,
1083 4374 1177 4428 καὶ
1225 4373 1546 4445 πολιορκίαν
1579 4373 1901 4445 πολιορκού-

225 4471 359 4521 μενοι
390 4456 552 4526 ξένην
574 4459 696 4510 τινὰ
726 4460 819 4511 καὶ
836 4457 1051 4528 καινὴν,
1078 4455 1291 4525 καὶτῆς
1314 4455 1716 4526 νενομισμένης
1734 4457 1760 4497 ά
1786 4459 1897 4510 δει-

222 4537 449 4608 νοτέραν.
464 4536 584 4611 [22]
611 4540 674 4591 υἱ
696 4539 795 4608 μὲν
816 4538 922 4605 γὰρ
940 4537 1045 4590 ὑπὸ
1066 4536 1174 4589 τῶν
1192 4537 1465 4608 πολεμίων
1485 4539 1645 4592 τοῦτο
1660 4540 1899 4609 πάσχον-

222 4635 319 4682 τες,
348 4620 453 4675 ἐσω
471 4621 674 4691 τειχῶν
705 4618 1079 4673 ἀποκλείονται
1114 4619 1293 4690 μόνον,
1320 4622 1351 4689 ἡ
1360 4624 1449 4691 μίν
1469 4622 1525 4674 δέ
1545 4623 1638 4674 καὶ
1664 4623 1696 4693 ή
1721 4624 1899 4694 ἀγορά

223 4706 404 4772 ἄϐατος
428 4708 627 4777 γέγονε
650 4747 665 4769 ,
706 4708 800 4759 καὶ
832 4709 941 4768 τοῖς
975 4706 1175 4777 τοίχοις
1209 4708 1438 4772 ἕκαστος
1466 4708 1568 4779 τῆς
1596 4710 1773 4773 οἰκίας
1805 4714 1894 4763 ἐν-

224 4790 629 4845 αποκέκλεισται
655 4790 753 4860 τῆς
779 4788 995 4842 ἐαυτοῦ.
1029 4790 1138 4842 Καὶ
1159 4790 1411 4861 καθάπερ
1436 4792 1557 4854 τοὺς
1578 4793 1892 4863 πολιορκου-

229 4878 400 4944 μένους
428 4882 533 4932 οὐκ
569 4878 810 4947 ἀσφαλὲς
844 4877 1146 4948 ὑπερϐῆναι
1172 4878 1234 4931 τὸ
1255 4881 1453 4949 τεῖχος,
1485 4880 1595 4931 τῶν
1620 4880 1896 4950 πολεμίων

225 4958 315 5030 ἔξω
349 4965 830 5037 περικαθημένων·
862 4964 1034 5028 οὕτως
1067 4966 1187 5018 οὐδὲ
1220 4967 1433 5029 πολλοῖς
1462 4966 1571 5019 τῶν
1600 4967 1698 5037 τὴν
1741 4970 1897 5021 πόλιν

224 5048 497 5102 οἰκούντων
525 5049 765 5117 ἀσφαλὲς
791 5048 1045 5113 ἐξελθεῖν,
1076 5049 1197 5101 οὐδὲ
1230 5049 1289 5100 ὲν
1334 5048 1411 5118 τῷ
1445 5050 1597 5118 μέσῳ
1630 5050 1888 5118 φανῆναι,

226 5130 301 5182 διὰ
318 5133 436 5196 τοὺς
461 5132 729 5185 πάντοθεν
751 5132 1083 5203 θηρεύοντας
1101 5131 1373 5194 ἀναιτίους
1396 5135 1489 5184 καὶ
1510 5132 1718 5195 αἰτίους
1738 5144 1782 5195 ε,
1803 5134 1897 5185 καὶ

233 5211 282 5281 ιιι
310 5218 476 5286 μέσης
506 5215 856 5287 ἁρπάζοντας
881 5216 980 5285 τῆς
1003 5217 1233 5287 ἀγορᾶς,
1264 5216 1357 5268 καὶ
1384 5217 1521 5284 πρὸς
1548 5216 1607 5267 τὸ
1632 5214 1895 5287 δικαστή-

232 5312 327 5363 ριον
351 5299 535 5363 ἁπλῶς
556 5300 654 5353 καὶ
679 5300 755 5363 ὡς
785 5299 974 5369 ἔτυχεν
998 5299 1277 5361 ἕλκοντας.
1307 5299 1404 5352 Διά
1431 5297 1590 5352 τοῦτο
1617 5298 1895 5370 ἐλεύθεροι

233 5381 351 5443 μετά
390 5383 499 5434 τῶν
545 5381 775 5435 οἰκετῶν
801 5382 910 5435 τῶν
942 5382 1153 5437 ἐαυτῶν
1200 5381 1348 5435 ἐνδον
1394 5381 1895 5452 συμπεποδισμένοι

230 5462 494 5526 κάθηνται,
519 5465 603 5526 τίς
639 5464 969 5533 συνελήφθη,
992 5464 1075 5529 τίς
1106 5464 1351 5535 ἀπήχθη,
1382 5465 1469 5527 τίς
1499 5464 1773 5534 ἐκολάσθη
1800 5467 1895 5535 σή⁶

232 5555 376 5610 μερον
398 5561 413 5609 ;
439 5542 557 5603 πῶς
586 5543 682 5593 καὶ
701 5540 805 5591 τίνι
834 5542 1052 5611 τρόπῳ;
1079 5545 1451 5615 μεριμνῶντες
1473 5546 1569 5596 καὶ
1596 5563 1893 5618 περιεργα-

286 5717 408 5786 ‘_Sjc
426 5732 454 5786 ε
480 5719 631 5769 Savil.
671 5727 721 5769 et
762 5720 950 5786 aliquot
972 5722 1451 5786 mssporgeximus;
1478 5724 1625 5784 paulo
1648 5728 1760 5786 post
1781 5727 1901 5783 μᾶ).-

236 5778 303 5852 λον
324 5782 661 5852 δέ-ςιριθςίιηυε
688 5796 749 5852 ςηι
767 5769 954 5832 rem'lem
978 5784 1177 5833 εει-1110.
1207 5769 1342 5832 Enn.

288 5841 312 5879 δ
338 5843 427 5892 Alii
454 5845 883 5895 ἀπολιμπάνουσιν.
1340 5862 1349 5865 ·

290 5906 308 5934 ⁸
338 5910 424 5954 Alli
451 5910 543 5954 τῶν
564 5908 841 5954 οἰκούντων.

280 5964 303 6004 ει
333 5969 421 6017 Alii
440 5972 517 6017 κ·ιί
544 5970 711 6028 πολλῷ
740 5974 823 6023 τῆς
847 5984 939 6015 νεν.
969 5967 1093 6017 Infra
1120 5968 1315 6025 quidam
1342 5969 1709 6020 ἐναποκλείιται.

284 6028 301 6049 ⁸
333 6028 409 6080 Sic
429 6030 582 6081 Savil.
610 6035 663 6081 et
687 6030 789 6090 alii,
817 6028 868 6079 in
898 6028 1071 6079 Morel.
1098 6032 1175 6078 και
1200 6030 1376 6087 αἰτίους
1397 6032 1555 6081 deest.

1997 522 2214 594 ζόμενοι
2238 524 2370 594 παρ’
2396 517 2473 577 ὧν
2496 524 2564 577 τὰ
2584 524 2809 580 τοιαῦτα
2825 526 3052 581 δυνατὸν
3080 523 3372 597 μανθάνειν
3398 520 3682 592 ἀσφαλῶς,

1995 610 2091 664 κα)⁵
2123 608 2354 664 θανάτου
2396 611 2595 676 παντὸς
2626 612 2988 685 ἐλεεινότερον
3019 613 3154 677 ζῶσι
3186 611 3320 681 βίον,
3357 607 3458 671 τάς
3500 624 3559 661 τε
3585 606 3684 660 ἀλ-

1992 695 2210 769 λοτρίας
2242 696 2531 769 ὀδύρεσθαι
2568 700 2856 770 συμφορὰς
2902 697 3342 769 ἀναγκαζόμενοι
3389 693 3515 764 καθ’
3545 693 3686 763 ἡμέε-

1996 802 2117 856 ραν,
2140 783 2236 839 καὶ
2250 780 2499 853 ὑπὲρτῆς
2514 782 2722 838 ἑαυτῶν
2732 782 3030 856 τρέμοντες
3044 779 3340 851 σωτηρίας,
3352 782 3449 835 καὶ
3470 780 3685 852 νεκρῶν

1989 872 2143 927 οὐδὲν
2172 871 2393 942 ἄμεινον
2423 870 2760 940 διακείμενοι
2811 871 2889 942 τῷ
2929 869 3100 924 πάλαι
3129 868 3385 922 τεθνάναι
3426 867 3509 937 θεῷ
3545 866 3681 922 δέει.

1991 961 2056 1015 Εἰ
2089 959 2146 1014 δέ
2173 976 2259 1021 τις
2292 959 2385 1012 καὶ⁸
2409 956 2504 1011 τοῦ
2544 957 2711 1025 φόϐου
2763 957 2955 1011 τούτου
2986 957 3210 1025 καὶτῆς
3243 955 3483 1023 ἀγωνίας
3522 954 3679 1007 ἐκτὸς

1990 1042 2065 1096 ὢν
2114 1044 2422 1115 ἐθελήσειεν
2446 1045 2526 1109 εἰς
2558 1043 2766 1115 ἀγορὰν
2791 1042 3070 1113 ἐμϐαλεῖν,
3103 1040 3210 1094 ὑπὸ
3243 1039 3346 1109 τῆς
3372 1037 3549 1110 ὅψεως
3578 1033 3685 1107 τῆς

1989 1132 2264 1203 ἀτερποῦς
2304 1133 2505 1196 εὐθέως
2544 1132 2751 1203 είςλτὴν
2802 1129 2984 1184 οἰκίαν
3028 1126 3399 1188 εἰσελαύνεται
3424 1125 3526 1180 τὴν
3554 1122 3683 1176 ἐαυο

1989 1220 2105 1283 τοῦ,
2134 1220 2230 1272 ἐνα
2267 1238 2369 1273 που
2410 1220 2504 1273 καὶ
2556 1218 2650 1271 δύο
2716 1218 2869 1289 μόλις
2917 1216 3062 1288 ὀρῶν
3119 1212 3550 1283 συγκεκυφότας.
3588 1209 3683 1263 καὶ

1994 1308 2133 1377 μετά
2164 1307 2364 1378 πολλῆς
2388 1307 2705 1378 βαδίζοντας
2723 1307 2825 1378 τῆς
2846 1302 3173 1375 κατηφείας,
3201 1301 3331 1356 ἔνθα
3357 1299 3463 1372 πρὸ
3485 1298 3684 1366 ὀλίγων

1989 1394 2216 1467 ἡμερῶν
2246 1395 2509 1465 ποταμῶν
2541 1394 2791 1466 ῥεύματα
2817 1393 2879 1447 τὸ
2906 1391 3113 1455 πλῆθος
3146 1390 3523 1461 ἀπέκρυπτεν,
3546 1384 3685 1440 ἀλλά

1990 1480 2086 1535 νῦν
2111 1481 2473 1553 ἀπηλάθησαν
2499 1484 2631 1553 ἡμῖν
2661 1482 2865 1545 πάντες
2891 1481 3107 1534 ἐκεῖνοι.
3138 1478 3251 1531 Καὶ
3268 1476 3523 1547 καθάπερ
3555 1473 3685 1546 δρυ-

1993 1566 2095 1638 μοῦ
2118 1568 2401 1639 συμφύτου
2428 1567 2640 1622 πολλῶν
2668 1567 3011 1639 πανταχόθεν
3044 1562 3397 1619 ἐκκοπέντων
3426 1560 3683 1632 δένδρων,

1988 1655 2231 1728 ἀτερπὴς
2263 1658 2295 1728 ή
2330 1657 2453 1727 ὄψις
2483 1657 2715 1727 γίνεται,
2746 1657 2780 1727 ἢ
2816 1654 3073 1726 καθάπερ
3102 1651 3349 1723 κεφαλῆς
3387 1646 3687 1721 φαλακρώ-

1992 1760 2137 1814 ματα
2161 1743 2393 1817 ἐχούσης
2414 1746 2605 1809 πολλὰ,
2623 1744 2765 1799 οὕτω
2798 1743 2863 1816 δὴ
2898 1746 2993 1797 καὶ
3016 1742 3079 1795 τὸ
3103 1742 3204 1812 τῆς
3229 1740 3437 1802 πόλεως
3460 1737 3684 1805 ἐδαφοςν

1989 1830 2099 1884 τῶν
2127 1832 2431 1904 ἀνθρώπων
2452 1833 2889 1896 ἐλαττωθέντων,
2920 1832 3015 1885 καὶ
3041 1830 3238 1897 ὀλίγων
3264 1826 3539 1898 σποράδην
3563 1842 3689 1894 φαι-

1990 1920 2253 1989 νομένων,
2277 1922 2516 1994 ἀτερπές
2552 1922 2745 1990 γέγονε
2784 1920 2904 1985 νῦν,
2938 1921 3032 1973 καὶ
3062 1918 3265 1987 πολλὴν
3298 1915 3409 1969 τῶν
3434 1913 3688 1986 ὁρώντων

1992 2008 2249 2077 καταχέει
2284 2009 2381 2080 τῆς
2405 2008 2645 2080 ἀθυμίας
2667 2008 2766 2080 τὴν
2792 2006 2981 2079 ἀχλύν.
3019 2006 3093 2060 Οὐ
3115 2005 3176 2059 τὸ
3203 2004 3399 2073 ἔδαφος
3418 2002 3475 2055 δὲ
3506 2000 3686 2072 μόνον,

1990 2092 2127 2146 άλλά
2168 2095 2263 2148 καὶ
2297 2082 2436 2167 αὑτὴ
2460 2095 2554 2149 τοῦ
2589 2096 2751 2167 ἀέρος
2784 2098 2817 2166 ἡ
2854 2094 3038 2164 φύσις,
3069 2093 3166 2147 καὶ
3199 2089 3364 2154 αὐτὸς
3390 2087 3501 2141 τῶν
3528 2087 3690 2158 ἡλια-

1990 2180 2105 2234 κῶν
2146 2182 2380 2235 ἀκτίνων
2416 2185 2445 2236 ὀ
2484 2182 2682 2246 κύκλος
2729 2182 3051 2251 στυγνάξειν
3101 2198 3191 2251 μοι
3231 2178 3381 2231 δοκεῖ
3435 2173 3555 2241 νῦν,
3594 2173 3691 2227 καὶ

1991 2269 2371 2340 ἀμαυρότερος
2390 2270 2702 2340 φαίνεσθαι,
2731 2272 2794 2324 οὐ
2825 2269 2935 2323 τῶν
2963 2266 3243 2338 στοιχείων
3271 2264 3370 2336 τὴν
3399 2261 3562 2332 φύσιν
3593 2277 3691 2332 με-

1991 2355 2384 2419 ταϐαλλόντων,
2423 2356 2560 2411 ἀλλά
2592 2357 2702 2412 τῶν
2748 2356 3035 2428 ἡμετέρων
3076 2351 3378 2424 ὀφθαλμῶν
3415 2348 3494 2420 τῷ
3535 2346 3692 2401 1500-

1989 2440 2193 2497 λῶσθαι
2230 2443 2332 2515 τῆς
2372 2444 2613 2517 ἀθυμίας
2642 2444 2720 2516 τῷ
2755 2445 2932 2513 νέφει,
2968 2443 3043 2514 μὴ
3081 2440 3397 2511 δυναμένων
3431 2433 3692 2505 καθαρῶς

1994 2530 2129 2600 μηδὲ
2167 2532 2304 2601 μετά
2342 2532 2443 2603 τῆς
2472 2534 2647 2603 αὐτῆς
2682 2531 2977 2595 διαθέσεως
3015 2530 3078 2584 τὸ
3114 2528 3267 2599 παρά
3304 2526 3412 2582 τῶν
3453 2523 3692 2579 ἀκτίνων

1990 2615 2242 2687 δέχεσθαι
2281 2618 2416 2687 φῶς.
2449 2618 2621 2673 Τοῦτό
2660 2622 2810 2673 ἐστιν
2843 2620 2873 2672 δ
2900 2619 3123 2673 πάλαιό
3152 2617 3439 2690 προφήτης
3472 2612 3691 2683 ἐθρήνει

1991 2694 2184 2773 λέγων·
2217 2708 2469 2761 Δύσεται
2501 2709 2709 2773 αὐτοῖς
2740 2711 2773 2762 ό
2810 2707 2986 2773 ἥλιος
3015 2704 3416 2776 μεσημϐρίας,
3448 2700 3547 2755 καί
3575 2713 3684 2753 συ-

1990 2793 2280 2847 σκοτάσει
2306 2794 2345 2861 ἠ
2375 2795 2588 2863 ἡμέρα.
2611 2795 2782 2849 Τοῦτο
2810 2796 2868 2849 δὲ
2900 2795 3104 2863 ἔλεγεν,
3134 2793 3230 2862 οὐχ
3258 2792 3334 2855 ὡς
3366 2790 3461 2844 τοῦ
3490 2788 3692 2858 ἄστρου

1992 2881 2395 2952 κρυπτομένου,
2429 2882 2552 2938 ούδέ
2601 2884 2678 2946 ὡς
2717 2884 2816 2953 τῆς
2847 2882 3065 2954 ἡμέρας
3109 2878 3537 2949 ἀφανιζομένης,
3575 2875 3691 2928 ἀλλ’

1990 2970 2067 3031 ὡς
2089 2968 2195 3022 τῶν
2228 2969 2585 3040 ἀθυμούντων
2617 2972 2740 3025 οὐδὲ
2777 2974 2836 3025 ἐν
2873 2969 3194 3042 μεσημϐρίᾳ
3216 2966 3535 3037 δυναμένων
3560 2964 3694 3034 ὀρᾷν

1992 3055 2054 3108 τδ
2092 3056 2210 3125 φῶς
2245 3058 2334 3111 διὰ
2376 3059 2469 3111 τὸν
2498 3058 2608 3111 ἀπὸ
2644 3059 2746 3128 τῆς
2791 3044 2987 3129 ὀδύνης
3027 3057 3190 3126 ζόφον
3215 3073 3229 3087 ·
3265 3055 3294 3107 ὃ
3340 3054 3404 3124 δὴ
3445 3052 3541 3105 καὶ
3596 3048 3696 3104 νῦν

1993 3146 2185 3215 γέγονε
2207 3163 2219 3175 ·
2258 3148 2354 3201 καὶ
2382 3149 2632 3220 ὅπουπερ
2671 3149 2739 3203 ἂν
2766 3149 2851 3221 ίδῃ
2888 3166 2997 3213 τις,
3029 3148 3133 3202 κᾶν
3160 3149 3241 3211 είς
3271 3146 3341 3199 10'
3354 3145 3570 3215 ἔδαφος,
3590 3142 3696 3195 κᾶν

1994 3237 2074 3298 εἰς
2094 3237 2220 3299 τοὺς
2250 3237 2483 3307 τοίχους,
2510 3238 2614 3291 κᾶν
2638 3240 2718 3301 εἰς
2735 3240 2862 3300 τοὺς
2882 3239 3069 3302 κίονας
3092 3238 3191 3309 τῆς
3216 3235 3444 3297 πόλεως,
3479 3231 3583 3286 κᾶν
3613 3233 3695 3295 εἰς

1993 3322 2121 3386 τοὺς
2162 3324 2407 3394 πλησίον,
2452 3324 2625 3378 νύκτα
2658 3327 2794 3397 ὀρᾷν
2819 3325 2969 3379 δοκεῖ
2997 3327 3090 3379 καὶ
3128 3325 3291 3393 ζόφον
3322 3310 3488 3392 βαθύν
3510 3337 3523 3349 ·
3549 3318 3697 3373 οὕτω

1996 3412 2175 3476 πάντα
2196 3411 2398 3483 πολλῆς
2434 3413 2596 3484 γέμει
2623 3414 2724 3484 τῆς
2752 3415 3082 3484 κατηφείας.
3107 3413 3241 3482 Σιγὴ
3273 3407 3552 3479 πανταχοῦ
3573 3409 3699 3481 φρί-

1995 3516 2099 3569 κης
2137 3499 2385 3569 γέμουσα
2446 3501 2541 3555 καὶ
2580 3500 2808 3573 ἐρημία,
2850 3501 2945 3554 καὶ
2983 3502 3012 3553 0
3062 3498 3309 3562 ποθεινὸς
3357 3498 3566 3561 ἐκεῖνος
3600 3496 3697 3550 τοῦ

1996 3586 2236 3657 πλήθους
2255 3587 2511 3643 ἔσϐεσται
2539 3589 2790 3661 θόρυϐος,
2822 3590 2917 3642 καὶ
2940 3586 3195 3659 καθάπερ
3218 3585 3475 3640 ἁπάντων
3498 3585 3578 3646 είς
3600 3583 3698 3654 τὴν

1996 3678 2101 3745 γῆν
2135 3677 2511 3731 καταδυόντων
2549 3677 2595 3738 ί.
2646 3677 2821 3743 οὕτως
2870 3678 3085 3746 ἀφωνία
3139 3675 3238 3747 τὴν
3278 3674 3433 3727 πόλιν
3473 3672 3698 3743 κατέχει

1996 3763 2113 3827 νῦν,
2153 3767 2246 3818 καὶ
2282 3768 2395 3828 τοῖς
2422 3765 2591 3830 λίθοις
2625 3767 2867 3819 ἐοίκασιν
2900 3766 3161 3830 ἅπαντες,
3213 3766 3306 3818 καὶ
3353 3764 3545 3833 ὥσπερ
3589 3762 3698 3815 τινὶ

1996 3852 2343 3925 γλωττοπὲδῃ
2373 3857 2438 3925 τῇ
2489 3857 2747 3926 συμφορᾷ
2802 3855 3159 3926 κατεχόμενοι
3198 3855 3509 3926 βαρυτάτην
3564 3870 3698 3906 κατ-

2000 3940 2220 4010 έχουσιν
2249 3942 2499 4013 ἡσυχίαν,
2539 3944 2633 3996 καὶ
2665 3944 2956 4013 τοσαύτην,
2983 3945 3193 4015 ὅσηπερ
3229 3944 3295 3996 ἂν
3334 3944 3384 3995 εἰ
3423 3941 3702 4012 πολεμίων

1999 4028 2335 4082 ἐπελθόντων
2371 4031 2466 4084 καὶ
2502 4030 2711 4094 πάντας
2748 4031 2884 4102 ὁμοῦ
2920 4032 3054 4102 πυρὶ
3085 4032 3179 4083 καὶ
3216 4030 3421 4101 σιδήρῳ
3448 4029 3697 4099 δαπανη-

2002 4117 2211 4170 σάντων
2260 4118 2500 4186 ἐγένετο.
2556 4117 2829 4183 Εὔκαιρον
2876 4118 2973 4171 νῦν
3021 4120 3223 4171 εἰπεῖν·
3276 4118 3701 4171 Ἀποστείλατε

2002 4200 2154 4269 πρὸς
2181 4198 2288 4264 τὰς
2315 4200 2679 4268 θρηνούσας,
2707 4199 2823 4273 [25]
2862 4200 2963 4255 καί
3003 4200 3377 4263 ἐλθέτωσαν,
3408 4201 3507 4254 καί
3545 4202 3700 4267 πρὸς

2000 4286 2109 4352 τὰς
2124 4284 2340 4353 σοφὰς,
2359 4286 2455 4339 καὶ
2475 4286 2978 4357 φθεγξάσθωσαν.
3014 4287 3317 4341 Ῥεέτωσαν
3338 4290 3387 4341 οί
3417 4286 3697 4357 ὀφθαλμοὶ

1998 4376 2155 4448 ὑμῶν
2187 4376 2354 4444 ὕδωρ,
2382 4377 2476 4429 καὶ
2507 4378 2577 4430 τά
2614 4376 2863 4446 βλέφαρα
2890 4374 3045 4446 ὑμῶν
3076 4375 3364 4442 καταγέτω
3388 4374 3619 4446 δάκρυα·
3650 4376 3699 4427 οί

2002 4464 2408 4535 βουνοὶ,λάϐετε
2436 4465 2686 4527 κοπετὸν,
2723 4465 2818 4517 καὶ
2845 4463 2916 4517 τά
2947 4462 3073 4534 ὅρη,
3101 4460 3319 4533 θρῆνον.
3356 4462 3697 4532 Καλέσωμεν

1999 4552 2097 4623 τὴν
2136 4552 2312 4605 κτίσιν
2353 4553 2570 4606 ἅπασαν
2614 4554 2693 4613 εἰς
2734 4550 3082 4621 συμπάθειαν
3118 4549 3227 4602 τῶν
3272 4550 3561 4621 ἡμετέρων
3600 4567 3700 4602 κα-

2000 4639 2133 4693 κῶν.
2177 4638 2339 4701 Πόλις
2361 4638 2504 4691 οὓτω
2542 4637 2752 4709 μεγάλη
2782 4638 2875 4690 καὶ
2907 4636 3018 4689 τῶν
3048 4636 3154 4689 ὑπὸ
3182 4636 3284 4706 τὴν
3315 4637 3389 4690 ἐω
3424 4637 3698 4707 κειμένων

2000 4728 2034 4797 ἡ
2053 4726 2283 4797 κεφαλὴ,
2312 4728 2375 4779 ἐκ
2408 4726 2581 4796 μέσης
2610 4725 3033 4795 ἀναρπασθῆναι
3061 4724 3361 4777 κινδυνεύει
3392 4726 3491 4794 τῆς
3516 4727 3699 4778 οἰκου-

2005 4812 2205 4883 μένης·
2246 4813 2341 4866 νῦν
2373 4813 2406 4882 ἡ
2443 4812 2713 4874 πολύπαις
2746 4812 2915 4875 ἄπαις
2948 4810 3213 4881 ἐξαίφνης
3244 4812 3561 4881 γεγένηται,
3604 4812 3701 4865 καὶ

1999 4902 2028 4952 0
2060 4898 2343 4970 βοηθήσων
2382 4898 2577 4962 οὐδείς.
2607 4899 2683 4951 Οὐ
2705 4900 2816 4970 γάρ
2847 4901 2996 4953 ἐστιν
3036 4900 3064 4951 0
3100 4898 3381 4968 ὑϐρισθεὶς
3433 4897 3700 4967 ὀμότιμόν

2000 5002 2122 5038 τινα
2162 4984 2302 5056 ἔχων
2339 4987 2432 5038 ἐπὶ
2466 4985 2569 5055 τῆς
2612 4986 2716 5056 γῆς
2739 5001 2753 5014 ·
2785 4985 3040 5055 βασιλεὺς
3072 4986 3182 5055 γάρ
3210 4987 3327 5037 ἐστι
3362 4984 3575 5056 κορυφὴ
3603 4985 3701 5038 καὶ

2003 5072 2215 5144 κεφαλὴ
2248 5072 2358 5125 τῶν
2392 5072 2486 5125 ἐπὶ
2511 5073 2610 5141 τῆς
2644 5072 2750 5143 γῆς
2780 5072 3087 5143 ἀνθρώπων
3111 5071 3387 5125 ἁπάντων.
3420 5074 3517 5124 Διά
3541 5070 3701 5124 τοῦτο

2002 5161 2064 5231 δὴ
2096 5161 2232 5230 πρὸς
2256 5160 2347 5214 τὸν
2380 5161 2492 5215 ἀνω
2527 5161 2965 5232 καταφεύγωμεν
3001 5160 3262 5231 βασιλέα·
3297 5162 3503 5214 ἐκεῖνον
3538 5158 3701 5213 καλέ-

2006 5264 2187 5315 σωμεν
2220 5250 2299 5310 είς
2331 5246 2617 5317 βοήθειαν·
2647 5250 2695 5301 εἰ
2734 5249 2812 5320 μὴ
2859 5249 2960 5317 τῆς
2996 5247 3207 5301 ἀνωθεν
3235 5246 3640 5316 ἅπολαύσοιμεν
3674 5248 3700 5286 ⁸

2004 5335 2243 5399 εὐνοίας,
2267 5336 2495 5406 οὐδεμία
2521 5335 2767 5389 λείπεται
2794 5338 2906 5399 τοῖς
2932 5353 2954 5402 }
2987 5334 3325 5405 ,γενημένοις
3355 5335 3707 5405 παραμυθία.

2074 5430 2146 5492 γ’.
2187 5425 2518 5494 Ἐϐουλόμην
2556 5424 2792 5478 ἐνταῦθα
2839 5442 2934 5478 κατ
2988 5424 3145 5477 λῦσαι
3186 5422 3277 5475 τὸν
3299 5422 3473 5489 λόγον·
3500 5423 3561 5474 ού
3591 5422 3703 5493 γάρ

2026 5510 2250 5565 θέλουσι
2297 5512 2406 5564 τῶν
2448 5512 2802 5581 ὀδυνωμένων
2847 5513 2903 5565 αἱ
2980 5511 3131 5581 buxa}.
3191 5511 3437 5581 μακροὺς
3481 5509 3705 5563 ἀποτεί-

2005 5616 2118 5651 νειν
2154 5598 2363 5668 λόγους·
2428 5600 2543 5652 ἀλλ’
2581 5599 2773 5669 ὥσπερ
2810 5616 2907 5668 νεφ
2985 5618 3007 5669 η
3065 5615 3150 5659 τις
3189 5597 3369 5664 πυκνὴ
3408 5597 3701 5668 γενομένη,

2006 5687 2101 5739 καὶ
2143 5688 2243 5759 τὴν
2277 5687 2510 5759 ἡλιακὴν
2556 5690 2752 5742 ἀκτῖνα
2797 5688 2901 5741 ύπε
2977 5687 3229 5757 ραμοῦσα
3268 5687 3330 5749 ιι,
3366 5686 3707 5756 ἀποστρέφει

2020 5915 2027 5924 ⁸
2076 5850 2093 5889 ί
2144 5850 2241 5901 Alii
2275 5854 2595 5902 καταδύντων.
2642 5854 2768 5903 Infra
2800 5854 2909 5903 Savf
2990 5859 3046 5905 et
3100 5868 3229 5903 unus
3273 5851 3541 5918 βαρυτάτην
3582 5865 3705 5915 πειρ-

2006 5931 2041 5961 ι·
2066 5929 2189 5961 sum.

2032 5932 2098 6039 Αβ
2128 5977 2226 6039 Αἰἱὶ
2256 5978 2310 6022 ἂν
2337 5978 2461 6035 μή...
2490 5977 2855 6039 ἀπολαύσωμεν.

2072 6036 2100 6073 Ιι
2128 6038 2280 6087 Savil.
2304 6048 2356 6089 et
2389 6040 2585 6101 quidam
2615 6053 2731 6090 mss.
2757 6036 2899 6102 ὗποδς
2962 6037 3121 6088 ιοῦσα.
