4196 6316
203 6096 363 6167 Ἷ,

479 370 549 422 37
1254 365 1313 420 S.
1347 363 1634 421 JOANNIS
1651 361 2147 421 CHRYSOSTOMI
2180 360 2507 419 ARCHIEP.
2550 354 3097 415 CONSTANTINOP.
3882 351 3955 409 58

482 484 581 555 τὴν
609 483 785 552 αὑγήν
810 484 990 536 πᾶσαν
1017 485 1097 545 είς
1118 480 1380 534 τούπίσω·
1404 479 1547 533 οὕτω
1570 479 1633 551 δὴ
1669 479 1763 532 καὶ
1792 478 2031 549 ἀθυμίας
2073 479 2163 533 νέ-

480 589 601 638 φος,
647 570 865 624 ἐπειδάν
898 570 995 641 στῇ
1042 571 1149 641 πρὸ
1189 569 1287 639 τῆς
1329 569 1508 639 ψυχῆς
1546 572 1646 639 τῆς
1700 567 2013 640 ἡμετέρας,
2062 568 2163 621 οὑκ

481 660 708 730 ἀφίησιν
736 657 955 711 εὔκολον
986 656 1239 725 γενέσθαι
1265 656 1363 726 τὴν
1392 655 1484 708 τοῦ
1514 656 1674 724 λόγου
1721 656 1991 719 διάϐασιν,
2046 655 2165 708 ἀλλ’

480 746 774 813 ἀποπνίγει
827 745 920 797 καὶ
953 744 1164 813 συνέχει
1198 742 1336 812 μετά
1367 743 1567 813 πολλῆς
1596 744 1696 814 τῆς
1724 744 1972 815 ἀνάγκης
2021 743 2167 796 ἔνδον

483 832 809 886 αὑτόν.“Καὶ
844 830 1001 884 τοῦτο
1027 832 1128 883 οὐκ
1156 831 1249 883 ἐπὶ
1282 829 1391 884 τῶν
1419 831 1704 898 λεγόντων,
1754 831 1891 884 ἀλλά
1934 833 2031 883 καὶ
2075 830 2169 882 ἐπὶ

479 920 589 973 τῶν
623 919 931 974 ἀκουόντων
962 918 1191 982 γίνεται.
1219 919 1431 989 Ὠσπερ
1460 917 1569 988 γὰρ
1591 917 1699 971 ἀπὸ
1722 917 1823 987 τῆς
1856 918 1951 970 τοῦ
1979 918 2165 985 λέγον·

481 1022 575 1068 τος
598 1007 778 1079 ψυχῆς
806 1008 904 1059 οὑκ
936 1005 1164 1074 ἀφίησιν
1210 1007 1372 1059 αὑτὸν
1412 1005 1716 1076 ἐκπηδῆσαι
1752 1007 1866 1075 μετ’
1894 1006 2166 1070 εὐκολίας,

484 1090 659 1156 οὕτως
698 1093 818 1145 οὑδέ
862 1095 941 1156 είς
992 1092 1090 1163 τὴν
1135 1091 1241 1145 τῶν
1272 1093 1580 1145 ἀκουόντων
1621 1093 1860 1147 διάνοιαν
1908 1094 2169 1162 ἐμπεσεῖν

488 1184 764 1252 συγχωρεῖ
819 1181 955 1251 μετά
1005 1182 1103 1252 τῆς
1139 1181 1343 1244 οἰκείας
1366 1180 1671 1251 δυνάμεως.
1713 1180 1813 1233 Διά
1864 1181 2024 1234 τοῦτο
2076 1181 2172 1235 καὶ

500 1269 744 1322 Ἰουδαῖοί
770 1288 899 1323 ποτε
926 1270 1003 1338 τῷ
1029 1269 1185 1341 πηλῷ
1220 1271 1313 1324 καὶ
1360 1274 1426 1342 τῇ
1472 1270 1723 1343 πλινθείᾳ
1761 1270 2102 1333 δουλεύοντες
2118 1282 2170 1333 ⁸,

486 1356 583 1409 τοῦ
605 1357 849 1417 Μωσέως
879 1356 1140 1420 πολλάκις
1178 1356 1388 1427 μεγάλα
1412 1358 1542 1429 περὶ
1582 1361 1682 1430 τῆς
1714 1357 1892 1411 αὐτῶν
1922 1356 2172 1426 λέγοντος

489 1444 764 1515 σωτηρίας
813 1443 1032 1497 ἀκούειν
1061 1445 1162 1498 οὑκ
1201 1444 1497 1515 ἠνείχοντο,
1543 1446 1643 1516 τῆς
1686 1446 1922 1517 ἀθυμίας
1972 1444 2172 1499 ἀϐατον

488 1533 751 1602 ποιούσης
779 1532 859 1600 τῷ
890 1532 1032 1603 λόγῳ
1063 1535 1161 1604 τὴν
1185 1533 1447 1597 διάνοιαν,
1480 1536 1574 1587 καὶ
1600 1535 1698 1605 τὴν
1726 1535 1895 1604 ἀκοὴν
1924 1536 2173 1605 ἐμφρατ-

486 1620 706 1688 τούσης.
754 1620 1091 1691 Ἢϐουλόμην
1120 1621 1219 1692 μὲν
1248 1617 1340 1676 οῦν
1374 1623 1467 1675 καὶ
1495 1624 1655 1686 αὑτὸς
1680 1621 1911 1675 ἐνταῦθα
1936 1622 2174 1675 καταλῦ-

489 1722 579 1759 σαι
604 1706 673 1759 τά
701 1707 987 1777 εἰρημένα·
1020 1706 1136 1761 ἀλλ’
1153 1709 1413 1780 ἐννοήσας
1451 1710 1533 1762 ὅτι
1566 1710 1666 1761 οὑκ
1700 1710 2049 1779 ἀντιφράττει
2080 1708 2175 1778 μό-

487 1812 579 1847 νον
606 1796 836 1866 νεφέλης
864 1795 1023 1863 φύσις
1054 1796 1153 1866 τὴν
1184 1798 1264 1861 είς
1291 1797 1352 1850 τὸ
1378 1798 1566 1867 πρόσω
1597 1796 1767 1867 φορὰν
1796 1796 1898 1867 τῆς
1935 1796 2172 1859 ἀκτῖνος,

494 1882 633 1936 ἀλλά
662 1884 758 1936 καὶ
780 1883 1089 1936 τούναντίον
1118 1884 1255 1955 αὑτὴ
1286 1884 1483 1954 πάσχει
1509 1883 1787 1947 πολλάκις·
1832 1877 2050 1935 ἐπειδὰν
2067 1885 2177 1952 γὰρ

492 1972 523 2023 ὁ
553 1971 703 2042 ήλιος
728 1971 1054 2043 θερμότερος
1088 1970 1413 2042 προσπεσὼν
1434 1971 1697 2042 διηνεκῶς
1721 1971 1885 2043 τρίϐῃ
1914 1971 1974 2023 τὸ
1990 1970 2173 2039 νέφος,

498 2060 662 2129 μέσον
691 2077 749 2114 τε
781 2060 913 2113 αὑτὸ
946 2060 1199 2133 διέρρηξε
1237 2060 1518 2125 πολλάκις,
1542 2063 1637 2116 καὶ
1671 2062 1865 2133 ἀθρόον
1892 2060 2178 2131 ἐκλάμψας

496 2149 720 2221 φαιδρὸς
748 2153 868 2214 ταῖς
898 2150 1006 2204 τῶν
1038 2152 1289 2222 όρώντων
1322 2154 1664 2224 προσέπεσεν
1688 2153 1861 2222 ὄψεσι·
1890 2154 2049 2205 τοῦτο
2083 2154 2178 2206 καὶ

493 2236 657 2300 αὐτὸς
686 2237 972 2309 προσδοκῶ
1002 2240 1248 2309 ποιήσειν
1280 2241 1542 2311 σήμερον,
1579 2241 1675 2294 καὶ
1716 2240 1810 2294 τοῦ
1858 2240 2018 2307 λόγου
2056 2258 2176 2292 συν-

495 2325 635 2393 εχῶς
666 2324 980 2395 ὁμιλοῦντος
1018 2327 1174 2397 ὑμῶν
1204 2331 1323 2391 ταῖς
1358 2328 1585 2400 ψυχαῖς,
1622 2332 1715 2383 καὶ
1738 2332 1829 2383 ἐπὶ
1874 2330 2056 2382 πλεῖον
2090 2332 2178 2382 ἐν·

494 2409 884 2481 διατρίϐοντος,
910 2414 1246 2485 ῥαγήσεσθαι
1270 2415 1472 2479 ἐλπίζω
1500 2418 1599 2488 τῆς
1632 2416 1870 2489 ἀθυμέας
1904 2418 1964 2470 τὸ
1995 2416 2177 2485 νέφος,

498 2496 594 2549 καὶ
630 2497 1008 2567 καταλάμψειν
1048 2498 1203 2568 ὑμῶν
1240 2499 1339 2571 τὴν
1374 2501 1613 2555 διάνοιαν
1654 2505 1720 2573 τῇ
1748 2498 1989 2574 ἐίωθυίᾳ
2017 2502 2180 2556 πάλιν

495 2580 835 2655 διδασκαλίᾳ.
868 2585 1006 2638 Ἀλλ’
1034 2585 1247 2640 ἐπίδοτέ
1286 2604 1376 2658 μοι
1409 2589 1507 2658 τὴν
1534 2588 1712 2659 ψυχὴν
1753 2589 1849 2658 τὴν
1879 2590 2179 2660 ὑμετέραν,

499 2668 712 2722 ἐπίδοτέ
754 2688 845 2740 μοι
882 2671 981 2744 τὴν
1012 2674 1185 2744 ἀκοὴν
1238 2674 1455 2746 μικρόν·
1486 2675 1886 2742 ἀποτινάξασθε
1914 2677 2014 2746 τὴν
2046 2676 2182 2729 ἀθυ-

502 2756 654 2825 μίαν·
704 2759 795 2811 ἐπὶ
842 2759 903 2810 τὸ
950 2759 1219 2830 πρότερον
1260 2760 1380 2824 ωος
1420 2760 1827 2831 ἐπανέλθωμεν.
1863 2763 1958 2815 καὶ
1991 2761 2182 2833 ὥσπερ

500 2840 774 2912 εἰώθαμεν
801 2844 889 2896 ἀεὶ
917 2844 1031 2914 μετ’
1057 2845 1324 2915 εὐθυμίας
1345 2845 1579 2900 ἐνταῦθα
1601 2847 2023 2917 παραγίνεσθαι,
2041 2846 2184 2901 οὕτω

502 2930 595 2982 καὶ
645 2928 740 2983 νῦν
783 2931 1049 3002 ποιῶμεν,
1075 2934 1135 2985 τὸ
1175 2935 1282 2985 πᾶν
1307 2934 1399 2986 ἐπὶ
1425 2934 1516 2986 τὸν
1549 2934 1684 2987 Θεὸν
1709 2933 1983 3005 ῥίψαντες.
2015 2934 2185 2989 Τοῦτο

502 3017 599 3070 καὶ
628 3016 765 3087 πρὸς
794 3018 965 3089 αὐτὴν
1000 3021 1131 3089 ήμῖν
1154 3021 1252 3090 τῆς
1281 3023 1567 3092 συμφορᾶς
1598 3021 1957 3091 συμϐαλεῖται
1986 3020 2082 3092 τὴν
2098 3020 2185 3074 λύ-

503 3120 607 3158 σιν.
630 3106 728 3157 “Av
750 3105 858 3177 γάρ
886 3106 971 3178 ίδῃ
1002 3106 1139 3176 μετά
1168 3106 1455 3178 ἀκριϐείας
1476 3108 1862 3179 ἀκροωμένους
1884 3108 1992 3163 τῶν
2015 3108 2184 3162 αὑτοῦ

501 3190 695 3259 λόγων,
727 3193 821 3249 καὶ
844 3191 944 3263 τὴν
975 3191 1291 3267 φιλοσοφίαν
1318 3194 1450 3265 ήμῖν
1476 3194 1577 3248 οὑκ
1612 3196 1980 3267 ἐλεγχομένην
1997 3198 2065 3268 τῇ
2088 3196 2183 3249 τοῦ

504 3277 698 3348 καιροῦ
741 3278 1019 3351 δυσκολίᾳ,
1059 3280 1272 3350 ταχέως
1296 3280 1669 3352 ἀντιλήψεται,
1697 3285 1793 3336 καὶ
1836 3284 2053 3354 ποιήσει
2087 3283 2184 3354 τὴν

502 3366 743 3437 γαλήνην
755 3366 851 3421 καὶ
865 3366 1161 3439 μεταϐολὴν
1174 3368 1384 3439 ἀγαθὴν
1394 3369 1504 3423 ἀπὸ
1512 3370 1607 3423 τοῦ
1620 3388 1696 3424 πα
1704 3372 1885 3442 ρόντος
1896 3370 2185 3442 χειμῶνος.

574 3461 679 3513 Τὸν
704 3460 815 3530 γὰρ
835 3460 1160 3530 Χριστιανὸν
1178 3459 1275 3513 καὶ
1303 3460 1362 3512 ἐν
1389 3458 1563 3529 τούτῳ
1594 3457 1703 3511 τῶν
1724 3459 1971 3514 ἀπίστων
1993 3459 2184 3529 διαφέ-

504 3564 619 3617 ρειν
648 3550 777 3619 χρὴ,
807 3547 920 3619 [24]
940 3546 1093 3616 ἐνητῷ
1118 3547 1304 3619 φέρειν
1324 3547 1590 3614 γενναίως
1606 3546 1845 3610 ἀπάντα,
1870 3548 1965 3602 καὶ
1986 3550 2055 3620 τῇ
2074 3547 2185 3604 τῶν

504 3639 807 3711 μελλόντων
853 3641 1027 3694 ἐλπίδι
1062 3641 1432 3711 πτερούμενον
1467 3641 1743 3714 ἀνώτερον
1775 3639 1914 3697 εἶναι
1944 3644 2044 3713 τῆς
2074 3643 2182 3696 τῶν

501 3726 859 3797 ἀνθρωπίνων
879 3726 1068 3779 κακῶν
1091 3726 1415 3799 προσϐολῆς.
1446 3728 1572 3781 Ἐπὶ⁸
1597 3728 1698 3800 τῆς
1721 3729 1927 3801 πέτρας
1950 3729 2184 3800 ἔστηκεν

502 3815 535 3867 ό
563 3814 774 3877 πιστὸς,
804 3813 893 3867 διὰ
934 3810 1094 3867 τοῦτο
1120 3816 1240 3878 ταῖς
1268 3814 1377 3868 τῶν
1410 3815 1669 3886 κυμάτων
1717 3816 2013 3889 ἀχείρωτός
2067 3818 2184 3869 ἐστι

505 3901 879 3972 προσϐολαῖςδ
907 3941 922 3955 .
961 3902 1058 3956 Ἂν
1094 3901 1203 3974 γάρ
1232 3902 1446 3974 ἐπαρθῇ
1477 3902 1548 3957 τὰ
1584 3902 1806 3975 κύματα
1843 3904 1955 3957 τῶν
1987 3920 2186 3976 πειρα-

506 3986 681 4057 σμῶν,
716 3988 817 4042 οὐκ
846 3990 1149 4057 ἐφικνεῖται
1177 3989 1288 4043 τῶν
1326 3990 1536 4044 ἐκείνου
1570 3990 1781 4044 ποδῶν·
1815 3985 1970 4055 οὗτος
1993 3991 2188 4062 ὑψηλό⁴

502 4091 660 4145 τερος
681 4077 780 4145 τῆς
800 4076 1019 4148 ἀπάσης
1037 4076 1294 4146 τοιαύτης
1315 4076 1545 4147 ἕστηκεν
1567 4078 1878 4150 ἐπιϐουλῆς.
1896 4076 1990 4150 Μὴ
2004 4079 2185 4133 τοίνυν

505 4163 922 4234 καταπέσωμεν,
962 4166 1259 4236 ἀγαπητοί.
1300 4166 1413 4236 Οὐχ
1442 4165 1617 4230 οὕτως
1639 4167 1800 4236 ἡμεῖς
1826 4167 2185 4239 φροντίζομεν

502 4251 601 4321 τῆς
616 4251 894 4321 ἡμετέρας
920 4253 1214 4322 σωτηρίας,
1232 4253 1308 4314 ὡς
1332 4254 1361 4305 ό
1379 4254 1612 4323 ποιήσας
1631 4256 1777 4324 ήμᾶς
1798 4255 1951 4320 Θεός·
1970 4256 2068 4327 οὑχ
2095 4256 2186 4309 οὖ-

502 4354 608 4399 τως
625 4339 759 4407 ἡμῖν
784 4338 937 4406 μέλει
951 4338 1045 4391 τοῦ
1070 4339 1237 4410 μηδὲν
1258 4338 1452 4394 παθεῖν
1471 4340 1665 4407 δεινὸν,
1683 4341 1760 4405 ὡς
1777 4341 1857 4413 τῷ
1882 4343 1979 4413 τὴν
2006 4345 2185 4414 ψυχὴν

444 4436 449 4447 ’
503 4429 637 4499 ἡμῖν
666 4428 1039 4501 χαρισαμένῳ,
1071 4430 1165 4482 καὶ⁵
1185 4428 1423 4483 τοσαῦτα
1449 4430 1591 4483 δόντι
1623 4430 1761 4501 μετά
1785 4432 1958 4485 ταῦτα
1980 4434 2181 4501 ἀγαθά.

505 4515 743 4579 Ταύταις
768 4518 993 4574 ἐαυτοὺς
1022 4516 1393 4588 πτερώσωμεν
1412 4521 1531 4583 ταῖς
1554 4519 1757 4585 ἐλπίσι,
1785 4520 1883 4573 καὶ
1910 4520 2019 4573 τῶν
2056 4520 2183 4591 μελ-

503 4601 705 4656 λόντων
736 4602 1069 4674 ῥηθήσεσθαι
1097 4604 1238 4674 μετὰ
1260 4603 1361 4673 τῆς
1387 4606 1643 4668 εἰωθυίας
1680 4605 2004 4677 ἀκούσωμεν
2046 4623 2184 4678 προ-

505 4688 724 4760 θυμίας.
776 4689 1013 4757 Μακράν
1061 4688 1252 4761 πρῴην
1294 4690 1555 4745 ἀπέτεινα
1592 4692 1729 4763 πρὸς
1769 4692 1869 4764 τὴν
1912 4694 2184 4765 ὑμετέραν

502 4778 724 4848 ἀγάπην
757 4776 1119 4848 δημηγορίαν,
1160 4778 1254 4831 καὶ
1304 4778 1514 4842 πάντας
1548 4776 1682 4832 εἶδον
1716 4780 2185 4852 παρακολουθοῦν-

503 4880 622 4926 τας,
655 4863 748 4916 καὶ
769 4864 960 4918 οὐδένα
999 4867 1062 4917 ἐκ
1099 4865 1275 4935 μέσης
1320 4864 1735 4937 ὑποστρέψαντα
1765 4868 1866 4938 τῆς
1894 4867 2036 4923 ὀδοῦ.
2068 4868 2184 4921 Χά-

508 4968 593 5020 ριν
621 4950 749 5019 ύμῖν
782 4952 905 5004 ἀντὶ
932 4952 1031 5022 τῆς
1063 4951 1371 5023 προθυμίας
1407 4952 1515 5024 ἐχω
1548 4955 1787 5025 ἐκείνης,
1816 4957 1913 5010 καὶ
1935 4955 2046 5009 τῶν
2082 4957 2182 5009 πό·-

504 5058 608 5092 νων
637 5039 727 5092 τὸν
761 5039 948 5109 μισθὸν
973 5040 1271 5111 ἀπείληφα·
1290 5040 1427 5093 ἀλλά
1462 5042 1555 5094 καὶ
1583 5043 1770 5116 ἕτερον
1812 5046 1930 5114 μετ’
1970 5044 2182 5099 ἐκείνου

506 5127 697 5195 μισθὸν
738 5127 882 5197 ὑμᾶς
904 5127 1083 5199 ⁴ᾔτησα
1111 5129 1256 5181 τότε·
1303 5130 1444 5199 τάχα
1476 5130 1588 5183 ῐστε
1621 5135 1714 5186 καὶ
1750 5132 2051 5205 μέμνησθε.
2086 5133 2183 5197 Τίς

502 5214 559 5265 δὲ
605 5210 672 5283 ἦν
709 5217 737 5267 ό
764 5214 984 5284 μισθός;
1015 5216 1156 5279 Τοὺς
1185 5215 1539 5289 βλασφήμους
1564 5221 1689 5282 τοὺς
1721 5220 1864 5273 κατά
1895 5221 1993 5291 τὴν
2028 5219 2183 5274 πόλιν

504 5303 751 5367 κολάζειν
776 5305 870 5357 καὶ
897 5302 1273 5376 σωφρονίζειν,
1313 5307 1439 5370 τοὺς
1470 5310 1550 5371 εἰς
1577 5307 1667 5361 τὸν
1695 5308 1827 5361 Θεὸν
1861 5308 2181 5379 ὑϐρίζοντας

508 5394 598 5445 καὶ
631 5394 1022 5465 παροινοῦντας
1049 5407 1070 5433 ο
1096 5396 1370 5463 κατέχειν·
1396 5399 1495 5450 οὐκ
1514 5393 1665 5467 οἶμαι
1690 5398 1863 5452 ταῦτα
1891 5399 1986 5453 ἀπ’
2012 5401 2183 5469 ἐμαυ-

503 5482 598 5534 τοῦ
630 5483 749 5535 τότε
784 5483 1087 5553 εἰρηκέναι,
1124 5484 1259 5537 ἀλλά
1275 5484 1369 5537 τοῦ
1388 5485 1522 5539 Θεοῦ
1548 5484 1618 5538 τά
1645 5486 1906 5556 μέλλοντα
1932 5488 2183 5559 προειδόσι

504 5586 595 5632 τος
613 5572 693 5633 εἱς
709 5570 807 5640 τὴν
822 5571 1061 5625 διάνοιαν
1081 5572 1179 5644 τήν
1194 5575 1226 5643 ή
1237 5574 1470 5644 μετέραν
1488 5573 1887 5645 ἐμϐεϐληκέναι
1908 5575 1978 5629 τά
1999 5578 2064 5646 ρή
2075 5593 2181 5646 μα-

502 5674 591 5710 τα·
623 5660 671 5709 εί
700 5660 807 5728 γάρ
835 5662 961 5723 τοὺς
995 5660 1063 5713 τὰ
1091 5659 1317 5713 τοιαῦτα
1345 5660 1658 5733 τολμῶντας
1699 5662 2049 5734 ἐκολάξομεν,
2081 5663 2183 5717 οὑκ

502 5747 568 5801 ἂν
596 5744 767 5799 ταῦτα
795 5746 956 5818 ἐξέϐη
984 5748 1098 5816 νῦν,
1120 5749 1265 5820 άπερ
1289 5748 1469 5820 ἐξέϐη.
1494 5750 1654 5822 Πόσῳ
1674 5750 1880 5821 βέλτιον
1906 5749 1999 5824 ἦν,
2018 5754 2067 5806 εί
2087 5756 2182 5808 καὶ

561 5911 586 5987 ξ
611 5912 757 5987 Silvii.
773 5921 849 5987 _et-
870 5920 1019 5987 aliqui
1039 5921 1263 5987 jxthaiq:
1295 5920 1747 5985 ταλαιπωρούμενα..

560 5972 586 6012 b
618 5975 889 6039 ζεμεολαῑς,
914 5972 983 6028 si'c
1009 5983 1107 6029 alii.

559 6040 578 6063 τ
608 6038 687 6087 Sic
712 6041 839 6089 Salii
888 6050 932 6087 el
964 6046 1147 6100 aliqum
1174 6060 1313 6099 mssn
1344 6047 1422 6094 alii
1452 6045 1857 6104 παρανομοῦντας.

2276 476 2609 531 κινδυνεύειν
2647 474 2777 541 ἔδει,
2822 473 3223 545 σωφρονίζοντα
3249 472 3447 535 αὐτοὺς
3468 471 3562 527 καὶ
3592 468 3957 525 παιδεύονταιι

2275 566 2468 619 παθεῖν
2496 582 2570 629 τι,
2604 564 2633 617 ὸ
2658 564 2754 616 καὶ
2786 561 3088 635 μαρτυρίου
3122 559 3385 630 στέφανον
3431 562 3565 631 ἡμῖν
3610 558 3890 629 ἐκόμιζεν,
3922 555 3960 626 ἢ

2270 653 2365 707 νῦν
2385 653 2703 715 δεδοικέναι,
2738 650 2835 703 καὶ
2861 649 3108 719 τρέμειν,
3152 648 3248 701 καὶ
3278 648 3507 703 θάνατον
3555 647 3862 719 προσδοκᾷν
3887 647 3953 699 ἐκ

2268 741 2368 811 τῆς
2395 740 2617 793 ἐκείνων
2640 737 2896 804 ἀταξίας;
2930 736 3062 790 Ἰδοὺ
3091 735 3151 787 τὸ
3168 736 3388 807 ἀμάρτη
3398 752 3475 806 μα
3494 736 3715 805 γέγονεν
3733 735 3959 803 ὀλίγων,

2270 830 2365 881 καὶ
2392 829 2453 881 τὸ
2476 828 2729 898 ἔγκλημα
2750 827 2959 895 γίνεται
2985 825 3182 878 κοινόν·
3217 826 3326 878 ίδοὺ
3355 825 3423 876 δι’
3451 824 3691 887 ἐκείνους
3714 823 3964 887 ἀπαντες

2267 916 2588 987 δεδοίκαμεν
2628 916 2743 981 νῦν,
2786 915 2880 969 καὶ
2917 914 3028 969 τῶν
3066 915 3293 977 ἐκείνοις
3335 913 3756 984 τετολμημένων
3801 912 3965 966 αὐτοὶ

2266 1005 2367 1066 τάς
2392 1004 2662 1074 τιμωρίας
2698 1004 3064 1075 ὑπομένομεν.
3119 1004 3181 1055 El
3234 1002 3291 1055 δέ
3346 1000 3713 1071 προλαϐόντες
3758 1001 3965 1064 αὑτοὺς

2271 1090 2602 1161 ἐξεϐάλομεν
2620 1090 2721 1161 τῆς
2740 1091 2977 1153 πόλεως,
2999 1089 3094 1142 καὶ
3117 1088 3585 1160 ἐσωφρονίσαμεν,
3614 1087 3787 1141 καὶτὸ
3811 1104 3962 1140 νενο-

2274 1179 2444 1249 σηκὸς
2474 1178 2866 1250 διωρθώσαμεν
2894 1178 3076 1248 μέλος,
3096 1178 3200 1230 οὑκ
3227 1176 3294 1229 ἂν
3329 1177 3422 1229 τὸν
3455 1176 3698 1246 παρόντα
3728 1174 3966 1243 ἐφοϐού-

2274 1268 2416 1339 μεθα
2440 1268 2623 1336 φόϐον.
2648 1263 2778 1321 Οἶδα
2805 1268 2886 1321 ὃτι
2910 1267 3009 1336 τῆς
3038 1265 3248 1329 πόλεως
3267 1265 3329 1318 τὸ
3354 1261 3488 1335 ἦθος
3510 1264 3718 1319 ἀνωθεν
3743 1262 3968 1319 ἐλεύθε-

2274 1373 2387 1427 ρον,
2440 1356 2581 1422 ξένοι
2618 1356 2675 1408 δέ
2708 1372 2851 1418 τινες
2879 1354 2975 1407 καὶ
3011 1354 3237 1425 μιγάδες
3289 1353 3586 1425 ἄνθρωποι,
3635 1352 3822 1423 μιαροὶ⁸
3864 1352 3970 1407 καὶ

2271 1443 2390 1495 όλέθ
2401 1459 2526 1513 ριοι,
2550 1443 2643 1495 καὶ
2673 1444 2772 1512 τῆς
2801 1442 3007 1495 ἐαυτῶν
3028 1441 3410 1510 ἀπεγνωκότες
3436 1439 3709 1511 σωτηρίας
3731 1438 3970 1511 ἐτόλμη-

2277 1547 2399 1598 σαν,
2430 1530 2574 1600 ἅπερ
2595 1529 2917 1599 ἐτόλμησαν.
2952 1530 3051 1581 Διά
3079 1527 3257 1581 ταῦτα
3289 1526 3427 1597 βοῶν
3469 1528 3557 1581 ἀεὶ
3586 1527 3682 1580 καὶ
3722 1526 3967 1597 διαμαρ-

2273 1619 2572 1689 τυρόμενος
2593 1618 2654 1669 οὑ
2681 1616 2951 1671 διέλειπον
2967 1634 2982 1647 ·
3007 1616 3329 1685 κολάσωμεν
3354 1614 3465 1668 τῶν
3494 1615 3970 1687 βλασφημούντων

2274 1707 2374 1775 τὴν
2406 1706 2623 1776 μανίαν,
2657 1706 3080 1776 σωφρονίσωμεν
3096 1704 3277 1757 αὑτῶν
3306 1704 3406 1775 τὴν
3437 1704 3698 1767 διάνοιαν,
3729 1704 3969 1774 προνοή-

2278 1811 2461 1864 σωμεν
2497 1793 2676 1848 αὐτῶν
2716 1794 2816 1863 τῆς
2867 1793 3161 1863 σωτηρίας·
3200 1792 3304 1845 κᾶν
3342 1790 3635 1845 ἀποθανεῖν
3671 1791 3767 1863 δέῃ
3806 1790 3971 1844 τοῦτο

2276 1882 2584 1944 ποιοῦντας,
2618 1880 2761 1952 μέγα
2787 1882 2924 1951 ήμῖν
2954 1880 3092 1934 οἴσει
3127 1878 3189 1932 τὸ
3204 1881 3439 1951 πρᾶγμα
3469 1878 3679 1950 κέρδος·
3721 1879 3795 1949 μή
3826 1893 3973 1947 παρ-

2280 1969 2479 2039 ίδωμεν
2516 1968 2610 2020 τὸν
2642 1966 2821 2020 κοινὸν
2888 1964 3243 2037 ὑϐριζόμενον
3287 1966 3585 2036 Δεσπότην·
3618 1964 3761 2035 μέγα
3792 1982 3845 2017 τι
3876 1964 3975 2017 τέ-

2278 2056 2429 2125 ξεται
2450 2059 2517 2127 τῇ
2550 2054 2704 2109 πόλει
2726 2054 2896 2109 κακὸν
2932 2054 2994 2107 τὸ
3020 2055 3090 2108 τά
3123 2055 3351 2109 τοιαῦτα
3387 2056 3670 2126 περιορᾷν.

2348 2142 2409 2196 δ’.
2430 2142 2615 2196 Ταῦτα
2638 2158 2741 2213 προ
2750 2141 2960 2209 ῠλεγον,
2990 2141 3335 2219 ταῦταέξέϐη
3348 2141 3465 2205 νῦν,
3478 2141 3682 2211 καὶτῆς
3694 2138 3971 2211 ῥᾳθυμίας

2280 2229 2494 2301 ἐκείνης
2518 2229 2738 2299 τίνομεν
2774 2228 2947 2291 δίκας.
2980 2228 3086 2281 Τὸν
3114 2228 3247 2283 Θεὸν
3284 2227 3641 2299 ὑϐριζόμενον
3672 2226 3969 2297 περιεῖδες·

2283 2318 2394 2370 ἰδοὺ
2422 2316 2799 2388 συνεχώρησεν
2817 2315 3141 2387 ὑϐρισθῆναι
3165 2315 3407 2387 βασιλέα·
3430 2313 3635 2369 καὶτὸν
3658 2314 3788 2384 περὶ
3812 2324 3837 2351 ο
3857 2311 3974 2365 τῶν

2282 2410 2526 2480 ἐσχάτων
2556 2408 3031 2479 ἐπικρεμασθῆναι
3061 2408 3195 2461 πᾶσι
3219 2406 3486 2474 κίνδυνον,
3521 2406 3608 2459 ἵνα
3642 2403 3796 2474 ἐντῷ
3818 2403 3975 2474 φόϐῳ

2280 2495 2455 2567 τούτῳ
2488 2496 2586 2565 τῆς
2615 2494 2890 2567 ῥᾳθυμίας
2913 2494 3128 2567 ἐκείνης
3155 2494 3335 2565 δῶμεν
3355 2494 3532 2566 δίκην.
3561 2487 3712 2564 ’Δρα
3756 2491 3831 2563 μὴ
3866 2490 3978 2560 μά-

2279 2601 2401 2654 την,
2434 2585 2570 2654 μηδὲ
2599 2585 2720 2654 είκῆ
2752 2582 2928 2637 ταῦτα
2960 2582 3281 2656 προῦλεγον,
3300 2582 3394 2636 καὶ
3424 2580 3665 2652 συνεχῶς
3692 2579 3980 2651 ἠνώχλουν

2281 2676 2345 2744 τῇ
2375 2672 2617 2743 ὑμετέρᾳ
2647 2672 2838 2744 ἀγάπῃ
2860 2690 2875 2739 ;
2894 2671 3033 2725 Ἀλλ’
3051 2671 3201 2743 ὅμως
3221 2671 3375 2724 οὐδὲν
3403 2671 3598 2740 γέγονε
3624 2668 3807 2733 πλέον,
3832 2667 3979 2723 ἀλλά

2281 2758 2526 2811 γενέσθω
2559 2758 2684 2822 νῦν,
2726 2759 2821 2811 καὶ
2868 2759 2975 2811 ἀπὸ
3014 2760 3115 2831 τῆς
3174 2757 3460 2832 παρούσης
3511 2756 3978 2829 σωφρονισθέντες

2284 2855 2594 2926 συμφορᾶς,
2624 2852 2743 2927 [25]
2766 2851 3085 2922 ἐπίσχωμεν
3103 2848 3207 2919 τὴν
3227 2849 3465 2903 ἄτακτον
3494 2846 3720 2899 ἐκείνων
3749 2846 3976 2915 μανίαν.

2296 2939 2699 3011 Ἔμφράξωμεν
2727 2938 2908 2992 αὑτῶν
2932 2936 3003 2990 τά
3026 2936 3293 3007 στόματα,
3325 2931 3581 3003 καθάπερ
3606 2930 3791 3001 πηγάς
3814 2930 3981 2984 θανα-

2281 3029 2421 3098 τηφό
2429 3045 2554 3098 ρους
2586 3026 3024 3097 ἀποκλείσωμεν,
3057 3031 3151 3080 καὶ
3167 3029 3304 3097 πρὸς
3318 3028 3382 3079 τὸ
3395 3028 3638 3077 ἐναντίον
3654 3021 3976 3094 μεταϐάλω-

2285 3133 2405 3187 μεν,
2422 3115 2517 3169 καὶ
2530 3116 2749 3178 πάντως
2763 3116 3023 3185 στήσεται
3036 3115 3107 3168 τά
3125 3113 3493 3185 κατειληφότα
3511 3111 3609 3183 τὴν
3628 3112 3781 3164 πόλιν
3798 3109 3972 3164 κακά.

2353 3203 2468 3256 Οὐκ
2526 3200 2642 3255 ἐστι
2696 3201 2929 3272 θέατρον
2984 3203 3018 3273 ή
3078 3200 3389 3272 ἐκκλησία,
3439 3200 3527 3254 ἵνα
3580 3198 3719 3270 πρὸς
3776 3196 3978 3269 τέρψιν

2282 3290 2593 3362 ἀκούωμεν·
2623 3290 3005 3362 ὠφεληθέντας
3034 3288 3290 3343 ἐντεῦθεν
3327 3289 3549 3343 ἀπιέναι
3593 3288 3702 3359 χρὴ
3722 3328 3738 3353 ,
3770 3286 3978 3358 κερδά-

2283 3377 2483 3441 ναντάς
2512 3395 2567 3431 τι
2612 3376 2775 3431 πλέον
2819 3379 2916 3432 καὶ
2958 3377 3122 3448 μέγα,
3154 3376 3332 3441 οὑτως
3374 3376 3683 3447 ἀναχωρεῖν
3712 3375 3821 3429 δεῖ·
3848 3376 3980 3428 ἐπεὶ

2287 3467 2464 3538 μάτην
2494 3466 2588 3520 καὶ
2622 3466 2747 3535 εἰκῆ
2783 3463 3223 3535 παραγινόμεθα,
3260 3466 3311 3518 εί
3337 3464 3474 3535 πρὸς
3497 3462 3688 3533 καιρὸν
3712 3460 3979 3532 ψυχαγω-

2283 3554 2545 3626 γηθέντες
2565 3553 2739 3617 οὕτως
2761 3552 3072 3624 ἀναχωροίη
3082 3569 3201 3623 μεν,
3223 3552 3322 3624 ἐρη
3332 3570 3421 3623 μοι
3453 3553 3549 3605 καὶ
3576 3551 3723 3605 κενοὶ
3740 3549 3841 3621 τῆς
3864 3548 3981 3602 ἀπὸ

2282 3642 2392 3695 τῶν
2425 3642 2738 3713 λεγομένων
2769 3641 3040 3712 ὠφελείας
3072 3639 3378 3711 γενόμενοι.
3405 3640 3470 3693 Τί
3501 3656 3593 3711 μοι
3618 3637 3730 3692 τῶν
3761 3638 3981 3709 κρότων

2284 3728 2477 3799 ϐφελος
2507 3728 2752 3796 cod-mw;
2796 3729 2849 3782 τί
2886 3729 2943 3782 δὲ
2981 3728 3091 3783 τῶν
3127 3728 3368 3784 ἐπαίνων
3414 3727 3510 3781 καὶ
3547 3725 3656 3779 τῶν
3686 3723 3979 3795 θορύϐων;

2288 3818 2550 3882 Ἐπαινος
2583 3818 2716 3889 ἐμὸς
2742 3818 2804 3871 τὸ
2832 3817 2921 3871 διά
2951 3818 3064 3871 τῶν
3091 3815 3269 3887 ἐργων
3309 3817 3456 3888 ὑμᾶς
3486 3814 3750 3879 ἐπιδεῖξαι
3777 3812 3848 3867 τά
3885 3810 3980 3866 λε-

2285 3904 2493 3975 γόμενα
2533 3904 2770 3958 ἅπαντα·
2814 3904 2938 3956 τότε
2977 3903 3089 3971 ἐγὼ
3123 3902 3365 3973 ζηλωτὸς
3397 3903 3493 3956 καὶ
3541 3901 3834 3973 μακάριος,
3871 3902 3985 3973 οὐχ·

2282 3992 2414 4046 ὅταν
2441 3991 2801 4063 ἀποδέχησθε,
2818 3991 2934 4044 ἀλλ’
2958 3992 3088 4045 ὅταν
3114 3990 3304 4061 ποιῆτε
3330 3988 3471 4062 μετά
3494 3988 3803 4063 προθυμίας
3832 3989 3980 4044 ἀπά-

2288 4096 2407 4149 σης,
2440 4079 2585 4149 ἀπερ
2607 4078 2674 4133 ἀν
2702 4077 2977 4148 ἀκούσητε
3009 4078 3143 4149 παρ’
3173 4077 3354 4149 ήμῶν.
3393 4078 3667 4143 Ἕκαστος
3703 4077 3796 4133 τὸν
3831 4070 3983 4148 πλη-

2286 4167 2399 4221 σίον
2430 4165 2782 4238 διορθούσθω·
2819 4163 3196 4234 Οἰκοδομεῒτε
3224 4164 3334 4237 γὰρ
3372 4162 3463 4231 εἷς
3493 4166 3599 4220 τόν
3622 4166 3752 4231 ἕνα,
3781 4166 3987 4238 φησίν·-

2283 4254 2349 4308 ἃν
2384 4255 2495 4327 γάρ
2530 4255 2607 4327 μὴ
2648 4253 2811 4307 τοῦτο
2855 4252 3131 4324 ποιῶμεν,
3177 4253 3212 4322 ή
3255 4251 3387 4323 παρ’
3431 4253 3665 4308 ἑκάστου
3708 4254 3978 4326 γινομένη

2286 4342 2635 4412 πλημμέλεια
2661 4342 2848 4412 κοινήν
2879 4359 3005 4395 τινα
3042 4341 3139 4395 καὶ
3171 4340 3449 4412 ἀφόρητον
3473 4342 3609 4397 οῐσει
3633 4342 3734 4414 τήν
3763 4342 3985 4415 βλάϐην

2282 4433 2348 4502 τῇ
2381 4429 2554 4483 πόλει.
2594 4430 2748 4496 Ἰδοὺ,
2777 4429 2946 4502 μηδὲν
2970 4429 3269 4493 συνειδότες
3307 4432 3420 4495 τοῖς
3450 4432 3839 4503 γεγενημένοις
3860 4432 3987 4487 τῶν.

2280 4516 2691 4594 τετολμηκότων
2725 4518 2826 4571 οὑκ
2859 4517 3082 4572 ἔλαττον
3119 4514 3460 4588 δεδοίκαμεν,
3527 4518 3621 4572 καὶ
3649 4519 3987 4591 φρίττομενι

2287 4605 2361 4677 μὴ
2396 4608 2606 4669 πάντας
2631 4606 2659 4658 ὁ
2680 4606 2775 4658 τοῦ
2806 4603 3076 4676 βασιλέως
3102 4603 3272 4674 θυμὸς
3298 4604 3603 4679 καταλάϐῃ·
3628 4607 3723 4659 καὶ
3748 4607 3849 4661 οὐκ
3867 4608 3977 4680 ἀρ-

2284 4695 2373 4747 κεῖ
2393 4695 2471 4756 ei;
2501 4693 2799 4761 ἀπολογίαν
2830 4693 2965 4764 ἡμῖν
2991 4691 3053 4745 τὸ
3073 4691 3273 4761 λέγειν·
3302 4691 3381 4747 Οὐ
3410 4694 3699 4766 παρήμην,
3736 4695 3799 4748 οὑ
3840 4712 3977 4748 συν-

2281 4780 2451 4851 ῄδειν,
2466 4780 2564 4832 οὑκ
2585 4778 2922 4849 ἐκοινώνησα
2940 4778 3047 4832 τῶν
3067 4780 3475 4851 γεγενημένων.
3493 4780 3573 4833 Δι’
3593 4780 3727 4835 αὐτὸ
3749 4781 3859 4853 μὲν
3875 4778 3977 4836 οὖν

2280 4873 2440 4925 τοῦτο
2462 4869 2714 4934 κολάζου,
2744 4870 2900 4940 φησὶ,
2923 4870 3020 4922 καὶ
3039 4870 3183 4924 δίδου
3209 4870 3367 4941 δίκην
3382 4872 3482 4943 τήν
3501 4870 3762 4942 ἐσχάτην,
3789 4871 3874 4924 ὅτι
3893 4872 3975 4945 μὴ

2284 4978 2359 5013 πα
2369 4959 2489 5031 ρῆς,
2530 4956 2669 5029 μηδέ
2690 4955 2947 5020 ἐκώλυες,
2973 4956 3109 5028 μηδὲ
3140 4958 3270 5020 τοὺς
3293 4957 3674 5027 ἀκοσμοῦντας
3694 4960 3973 5031 κατεῖχες,

2286 5046 2423 5115 μηδέ
2470 5040 2809 5106 ἐκινδύνευες
2834 5042 2989 5113 ὑπὲρ
3024 5042 3125 5114 τῆς
3152 5045 3234 5107 είς
3264 5044 3355 5097 τὸν
3399 5043 3623 5115 βασιλέα
3660 5047 3845 5115 τιμῆς.
3892 5046 3984 5101 Oi;
4024 5084 4030 5089 -

2286 5132 2547 5204 μετέσχες
2565 5128 2673 5182 τῶν
2693 5127 3142 5201 τετολμημένων;
3171 5130 3379 5185 ἐπαινῶ
3410 5129 3568 5185 τοῦτο
3592 5132 3688 5185 καὶ
3708 5131 3976 5203 ἀποδέχω

2285 5238 2405 5291 μαι·
2457 5218 2571 5273 ἀλλ’
2615 5217 2738 5270 οὑδέ
2761 5217 3075 5288 ἐπέσχεςτά
3097 5218 3359 5290 γινόμενα
3389 5236 3405 5251 ·
3429 5219 3590 5273 τοῦτο
3632 5219 3974 5292 κατηγορίας

2282 5309 2452 5375 ἀξιον.
2478 5305 2664 5361 Ταῦτα
2693 5306 2788 5358 καὶ
2811 5305 2964 5375 παρὰ
2984 5304 3078 5358 τοῦ
3101 5305 3237 5359 Θεοῦ
3262 5307 3330 5359 τὰ
3354 5308 3577 5379 ῥήματα
3598 5308 3970 5377 ἀκουσόμεθα,

2281 5399 2410 5451 ὅταν
2445 5397 2572 5465 σιγῇ
2604 5393 2859 5464 φέρωμεν
2883 5393 2984 5455 τὰς
3008 5394 3090 5456 είς
3118 5392 3281 5446 αὑτὸν
3314 5392 3501 5465 ὕϐρεις
3549 5395 3641 5448 καὶ
3681 5394 3981 5466 παροινίας

2282 5485 2601 5556 γενομένας·
2637 5482 2759 5535 ἐπεὶ
2785 5481 2881 5549 καὶ
2906 5482 2936 5533 ὁ
2955 5481 3016 5534 τὸ
3038 5481 3301 5536 τάλαντον
3323 5485 3499 5537 ἐκεῖνο
3528 5482 3852 5553 καταχώσας
3868 5485 3974 5557 οὐχ

2283 5572 2424 5643 ὑπὲρ
2454 5570 2565 5623 τῶν
2603 5568 2723 5622 καθ’
2750 5568 2942 5622 ἐαυτὸν
2992 5568 3300 5622 ἐνεκαλεῖτο
3328 5570 3450 5623 τότε
3504 5568 3820 5641 (ὁλόκληρον
3856 5573 3971 5643 γὰρ

2280 5660 2380 5729 τὴν
2432 5654 2904 5728 παρακαταθήκην
2950 5655 3290 5726 ἀπέδωκεν),
3352 5655 3469 5708 ἀλλ’
3527 5655 3610 5709 δτι
3660 5656 3833 5729 αὑτὴν
3867 5661 3974 5716 οὐκ

2282 5747 2627 5809 ἐπλεόνασεν,
2645 5745 2728 5798 ὅτι
2757 5744 2979 5814 ἐτέρους
3000 5744 3101 5797 οὑκ
3130 5744 3477 5809 ἐπαίδευσεν,
3506 5746 3587 5798 ὅτι
3617 5746 3677 5798 τὸ
3704 5746 3973 5819 ἀργύριον
4044 5742 4053 5749 “

2344 5920 2370 5959 ἀ
2399 5920 2490 5985 Alii
2526 5922 2953 5985 amppoviCowac.._.
2992 5920 3312 5985 παιδεύοντας.

2350 5997 2371 6025 e
2395 5979 2939 6044 Quidam'IiiuuusCiipli
2968 5985 3166 6043 βασιλέα
3201 5980 3397 6043 φθαρτὸν
3435 5980 3514 6026 καὶ
3541 5979 3763 6027 ἐπίκτοον
3786 5981 3867 6027 καὶ
3892 5984 3971 6031 τὸ.

2285 6047 2405 6104 περί.
2435 6046 2543 6095 ΜΦ),
2567 6045 2647 6092 alii
2673 6048 2902 6099 δῶσι-ὑμίν
2928 6047 3079 6097 διιῖγει,
