4196 6316
217 386 277 442 5';
1213 373 1302 429 AD
1330 369 1651 428 POPULUM
1682 365 2171 424 ANTIOCHENUM
2226 366 2457 423 IIOMIL.
2497 369 2561 423 II.
3446 366 3517 423 58

220 501 416 554 “litate
442 495 664 550 exsilire
693 511 707 547 :
735 492 813 547 sic
844 505 937 545 nec
970 489 1021 543 in
1051 487 1377 542 audientium
1423 492 1655 539 mentem
1701 497 1824 550 per-

219 589 382 644 mittit
426 588 573 640 illabi
618 601 744 639 cum
793 584 1004 652 propria
1050 582 1263 634 virtute.
1311 578 1517 632 Idcirco
1556 586 1611 631 et
1653 573 1822 629 Judaei

217 678 489 749 quondam
523 678 636 731 luto
663 685 720 731 et
748 672 982 729 lateritio
1006 672 1153 741 Operi
1194 664 1487 725 servientes
1540 666 1732 738 (Exod.
1766 666 1820 719 6.

218 773 310 842 9),
343 770 544 823 Mosent
582 783 775 837 magna
804 765 869 819 de
898 766 1133 833 ipsorum
1172 763 1340 815 salute
1379 775 1521 828 saepe
1554 759 1821 813 dicentem

217 848 409 917 audire
447 878 554 915 nou
582 868 849 930 poterant,
876 857 1082 910 tristitia
1112 855 1287 909 verbis
1315 854 1639 907 inaccessam
1667 864 1821 903 men-

218 965 328 1009 tem
362 953 643 1013 reddente,
673 960 729 1005 et
756 949 993 1002 auditum
1024 946 1355 1000 obstruente.
1389 943 1550 1012 Igitur
1580 940 1821 995 volebam

216 1044 436 1114 quidem
466 1052 520 1098 et
550 1044 664 1112 ipse
691 1042 851 1094 finem
881 1040 964 1092 hic
988 1035 1198 1091 dicendi
1228 1034 1431 1097 facere;
1461 1033 1557 1088 sed
1584 1031 1822 1100 cogitans

214 1136 360 1204 quod
385 1151 494 1189 non
521 1135 695 1189 solum
721 1132 927 1187 nebula:
955 1139 1139 1183 natura
1167 1127 1299 1182 radii
1328 1127 1378 1179 in
1409 1127 1672 1179 anteriora
1701 1139 1825 1192 pro-

213 1241 434 1281 cessum
466 1224 707 1293 impedit,
735 1222 830 1276 sed
859 1231 910 1273 et
930 1219 1253 1291 contrarium
1278 1217 1387 1285 ipsa
1418 1230 1561 1284 sazpe
1584 1214 1818 1283 patitur:

215 1330 340 1366 eum
373 1315 521 1368 enim
564 1314 642 1367 Sol
672 1312 893 1366 calidior
922 1311 1173 1363 continue
1211 1308 1427 1375 illapstts
1468 1306 1662 1359 nubem
1692 1320 1823 1358 con-

218 1407 452 1471 triverit,
477 1406 713 1460 medium
743 1405 906 1474 ipsius
929 1418 1071 1470 s:rpe
1097 1400 1394 1467 dissipavit,
1423 1408 1474 1453 et
1498 1406 1639 1451 totus
1665 1398 1822 1451 simul

216 1495 464 1559 elucens,
491 1495 803 1563 splendidus
827 1492 1156 1547 cernentium
1183 1490 1454 1544 obtutibus
1476 1488 1660 1543 incidit
1684 1506 1696 1541 :
1723 1488 1824 1542 hoc

214 1599 269 1641 et
299 1591 416 1655 ipse
445 1587 606 1641 hodie
636 1602 719 1639 me
747 1586 1003 1639 facturum
1035 1598 1193 1652 Spero
1224 1599 1236 1635 :
1270 1597 1333 1635 ac
1361 1596 1610 1636 sermone
1634 1581 1684 1633 iu
1709 1580 1823 1633 ani-

217 1680 322 1733 mis
365 1682 563 1732 vestris
600 1678 813 1731 assidue
842 1686 1090 1729 versnnte
1110 1716 1123 1740 ,
1154 1683 1206 1727 et
1234 1673 1430 1726 diutius
1465 1674 1784 1725 innnorante
1804 1712 1819 1737 ,

214 1770 460 1822 solutum
503 1769 563 1820 iri
608 1783 769 1836 spero
807 1766 1031 1819 tristitia:
1067 1764 1310 1818 nebulam
1333 1806 1345 1826 ,
1380 1772 1432 1817 et
1464 1773 1695 1817 mentem
1729 1778 1823 1816 ve.

216 1873 387 1914 Strata
422 1862 573 1913 solita
600 1875 813 1913 rursum
833 1857 1072 1911 doctrina
1105 1856 1432 1909 micaturam.
1457 1855 1562 1909 Sed
1591 1854 1823 1923 prmbete

218 1954 355 2008 mihi
396 1956 628 2006 animam
681 1967 950 2017 vestram,
996 1950 1228 2018 praebete
1268 1948 1397 2001 mihi
1438 1948 1819 2017 aliquantulum

217 2060 402 2107 aures,
438 2045 707 2098 tristitiam
742 2045 1003 2107 excutite;
1034 2040 1099 2094 ad
1129 2043 1355 2109 priorem
1382 2040 1820 2094 consuetudinem

216 2136 507 2189 redeamus
531 2177 545 2200 ,
579 2147 629 2188 et
677 2134 814 2189 sicut
840 2134 1211 2189 consuevimus
1252 2147 1463 2199 semper
1491 2146 1611 2183 eum
1641 2131 1819 2184 laetitia

219 2228 325 2281 huc
353 2228 607 2281 advenire
629 2270 643 2293 ,
677 2228 755 2281 sic
780 2236 833 2280 et
864 2243 1000 2280 nunc
1032 2226 1285 2279 faciamus
1306 2267 1321 2289 ,
1353 2225 1528 2278 omnia
1563 2224 1612 2276 in
1655 2224 1818 2277 Deum

218 2312 562 2387 rejicicntes.
596 2320 705 2372 lloc
748 2329 802 2373 et
845 2320 907 2371 ad
951 2320 1116 2387 ipsam
1152 2317 1468 2371 calamitatis
1498 2317 1815 2371 solutionem

218 2411 376 2465 nobis
400 2401 661 2465 conferet.
687 2410 744 2465 Si
765 2410 905 2464 enim
932 2409 1186 2462 Dominus
1209 2424 1304 2461 nos
1327 2407 1516 2461 viderit
1542 2422 1819 2462 sermones

219 2516 347 2555 suos
378 2517 499 2555 cum
529 2502 814 2555 sedulitate
838 2500 1138 2565 audientes,
1169 2510 1221 2552 et
1247 2500 1578 2565 disciplinam
1609 2515 1637 2552 a
1668 2501 1821 2555 nobis

221 2594 479 2661 temporis
512 2592 824 2647 diflicultate
851 2607 952 2645 non
982 2591 1193 2659 respui,
1225 2590 1470 2644 celeriter
1513 2606 1609 2644 nos
1647 2591 1818 2645 susci-

220 2685 351 2751 piet,
385 2693 439 2737 et
472 2683 908 2752 tranquillitatem
940 2682 1097 2735 faciet
1124 2690 1176 2734 et
1199 2696 1262 2734 ex
1303 2681 1551 2750 prmsenti
1583 2680 1817 2750 procella

220 2774 413 2826 bonam
447 2775 818 2827 mutationem.

290 2862 608 2918 Christianus
628 2880 717 2932 spe
737 2866 1022 2935 futurorum
1043 2863 1212 2915 omnia
1236 2878 1471 2929 generose
1492 2866 1623 2931 ferre
1651 2862 1813 2937 debet.

222 2984 290 2994 —
312 2953 677 3009 Christianum
707 2954 848 3009 enim
875 2964 929 3008 et
968 2954 1016 3006 iu
1051 2953 1151 3007 hoc
1181 2953 1248 3005 ab
1280 2952 1578 3007 infidelibus
1602 2953 1816 3008 differre

222 3055 459 3114 oportet,
492 3056 550 3099 ut
590 3045 768 3100 omnia
804 3059 1063 3115 generose
1098 3044 1263 3107 ferat,
1298 3052 1352 3097 et
1382 3058 1480 3114 spe
1519 3044 1814 3097 futurorum

220 3146 428 3189 erectus
465 3136 820 3189 humanorum
850 3135 1109 3188 malorum
1148 3134 1347 3203 impetu
1387 3148 1446 3187 se
1485 3134 1813 3202 superiorem

223 3228 489 3282 exhibeat.
510 3228 680 3295 Supra
707 3235 915 3296 petram
940 3234 1169 3278 statutus
1189 3234 1270 3279 est
1297 3224 1469 3279 fidelis
1494 3241 1507 3277 :
1537 3232 1816 3293 propterea

222 3329 274 3371 et
302 3319 566 3372 undarum
597 3317 789 3370 ictibus
816 3315 1237 3385 inexpugnabilis
1262 3323 1362 3368 est.
1391 3315 1444 3369 Si
1472 3317 1615 3369 enim
1646 3325 1816 3370 tenta-

225 3409 423 3462 tionum
455 3407 612 3461 undae
636 3406 858 3461 elevatae
883 3403 1101 3471 fuerint,
1124 3404 1190 3458 ad
1216 3404 1354 3458 illius
1376 3404 1538 3474 pedes
1561 3421 1665 3458 non
1694 3421 1815 3475 per-

225 3501 444 3554 veniunt
470 3514 485 3550 :
510 3498 595 3551 hic
613 3498 761 3551 omni
788 3496 878 3550 tali
902 3497 1116 3551 incursu
1143 3496 1420 3550 sublimior
1447 3495 1685 3550 firmatus
1710 3505 1811 3551 est.

226 3590 299 3645 Ne
328 3590 490 3660 igitur
515 3591 695 3643 animo
720 3588 1082 3651 concidamus,
1109 3586 1287 3642 dilecti
1316 3604 1329 3640 :
1353 3601 1459 3640 non
1485 3586 1562 3641 sic
1590 3586 1813 3641 salutem

222 3687 462 3732 nostram
482 3689 763 3738 curamus,
784 3676 924 3727 sicut
949 3676 1040 3743 qui
1078 3674 1205 3727 fecit
1231 3691 1328 3729 nos
1360 3674 1500 3730 Deus
1526 3692 1666 3729 :non
1693 3686 1814 3730 tan-

222 3782 285 3823 tae
307 3769 468 3821 nobis
499 3782 646 3819 cura:
670 3775 782 3831 est,
808 3767 945 3819 nihil
972 3783 1137 3837 grave
1170 3769 1303 3836 pati,
1334 3778 1551 3838 quantae
1585 3773 1661 3823 illi
1716 3773 1810 3841 qui

222 3859 375 3912 nobis
398 3857 638 3910 animam
658 3856 900 3919 donavit,
923 3867 976 3911 et
998 3868 1077 3909 tot
1102 3868 1224 3927 post
1246 3860 1359 3913 lucc
1386 3862 1524 3914 bona
1557 3864 1807 3916 contulit.

222 3945 311 4003 llis
322 3948 435 4017 spei
451 3948 978 4001 rationibttsnostros
989 3952 1202 4004 animos
1214 3950 1810 4019 erigamus,etdicenda

219 4053 335 4092 cum
354 4038 639 4091 alacritate
660 4038 820 4091 solita
845 4039 1151 4093 audiamus.
1180 4039 1419 4111 Longam
1456 4058 1627 4111 nuper
1661 4043 1806 4111 apud

221 4132 780 4183 charitatemvestram
796 4120 1007 4183 extendi
1021 4132 1418 4193 concioncm,et
1444 4150 1635 4187 omnes
1648 4137 1805 4191 obse-

227 4226 446 4287 quentes
461 4216 771 4278 cernebam,
795 4217 1101 4285 nullumqtte
1116 4231 1180 4270 ex
1200 4216 1371 4271 media
1401 4233 1675 4272 reversum
1704 4219 1809 4273 via.

293 4308 482 4362 Contra
510 4308 846 4375 blasphemas.
877 4337 945 4347 —
969 4307 1204 4362 Gratiam
1233 4307 1384 4362 vobis
1417 4308 1484 4361 de
1525 4310 1616 4362 illo
1648 4310 1811 4364 animi

226 4402 397 4454 studio
436 4400 637 4463 habeo,
681 4409 735 4454 et
773 4399 1010 4452 laborum
1045 4400 1345 4453 mercedem
1376 4402 1554 4468 accepi
1582 4416 1597 4466 ;
1629 4401 1724 4455 sed
1759 4411 1813 4456 et

226 4490 379 4544 aliam
409 4506 440 4545 a
472 4491 623 4544 vobis
650 4502 773 4544 tunc
812 4489 1112 4544 mercedem
1153 4490 1326 4559 exegi.
1367 4490 1527 4543 Forte
1568 4492 1732 4544 nostis
1760 4500 1816 4546 et

229 4583 560 4638 meministis.
587 4585 716 4649 Quae
742 4598 869 4636 vero
899 4598 1107 4637 merces
1128 4592 1239 4635 erat
1257 4582 1280 4635 ‘l
1299 4582 1540 4637 Civitatis
1567 4584 1815 4653 blasphe-

229 4686 457 4730 matores
488 4676 710 4743 punire,
739 4685 793 4727 et
829 4674 1090 4741 eaStigare
1132 4673 1295 4727 Deum
1331 4675 1654 4728 contumelia
1694 4675 1814 4728 affi-

227 4768 461 4832 cientes,
492 4777 547 4821 et
576 4766 806 4820 furiosos
833 4765 1104 4819 cohibere.
1147 4765 1262 4819 Non
1304 4781 1371 4819 ex
1416 4781 1500 4818 mc
1538 4768 1653 4835 ipso
1692 4768 1813 4819 talia

230 4874 309 4911 me
335 4859 537 4911 dixisse
565 4857 939 4923 arbitror,-scd
970 4858 1134 4911 Deum
1166 4857 1336 4910 futura
1368 4858 1730 4927 providentem
1761 4858 1813 4912 in

232 4959 454 5002 mentem
502 4959 737 5001 nostram
782 4949 940 5001 verba
986 4950 1214 5001 misisse.
1249 4948 1304 5002 Si
1336 4951 1477 5003 enim
1507 4949 1628 5002 talia
1657 4964 1815 5003 ausos

230 5042 561 5107 puuissemns
579 5079 595 5103 ,
626 5054 729 5090 non
757 5038 878 5090 talia
906 5052 1047 5091 nunc
1074 5037 1422 5101 accidissent,
1454 5056 1573 5106 tunc
1602 5038 1813 5099 accide-

231 5142 364 5186 runt.
410 5133 622 5198 Quanto
668 5132 857 5185 melius
896 5139 1044 5193 erat,
1078 5130 1123 5185 si
1169 5130 1452 5198 periclitari
1493 5131 1811 5198 Oportebat,

231 5224 366 5293 ipsos
408 5223 729 5291 castigantes
772 5231 827 5275 et
867 5221 1194 5289 corrigentes
1244 5219 1445 5289 aliquid
1490 5219 1809 5287 pertulisse,

229 5312 360 5382 quod
382 5321 434 5366 et
456 5312 697 5382 martyrii
722 5326 974 5365 coronam
1004 5312 1156 5365 nobis
1178 5311 1462 5374 attulisset,
1490 5325 1647 5378 quam
1672 5325 1814 5364 nunc

232 5403 508 5457 formidare
536 5410 593 5456 et
624 5412 884 5466 tremere,
911 5411 964 5454 et
993 5416 1059 5454 ex
1098 5400 1307 5454 illorum
1349 5399 1635 5467 petulantia
1667 5414 1809 5452 mor.

229 5502 326 5547 tem
366 5491 717 5563 exspectare?
763 5491 901 5545 Ecce
938 5492 1139 5545 crimen
1178 5506 1209 5543 a
1248 5490 1430 5559 paucis
1468 5490 1811 5544 commissum

230 5594 305 5636 est
325 5625 341 5649 ,
364 5593 418 5639 et
443 5585 597 5655 culpa
636 5581 939 5637 communis
965 5582 1190 5635 efficitur
1221 5598 1234 5634 :
1267 5595 1394 5634 ecce
1440 5588 1656 5647 propter
1694 5579 1815 5634 illos

231 5689 359 5730 nunc
383 5690 572 5731 omnes
595 5673 953 5745 pavescintus,
976 5681 1033 5727 et
1051 5672 1121 5726 ab
1142 5672 1243 5724 illis
1272 5681 1599 5741 patratorum
1624 5685 1811 5738 pennas

228 5766 315 5837 ipsi
342 5769 689 5823 sustinemus.
719 5764 779 5821 Si
800 5773 975 5817 autem
1007 5763 1394 5833 prmvenientcs
1422 5763 1565 5833 ipsos
1591 5776 1657 5816 ex
1679 5760 1808 5815 urbe

1932 480 2326 550 cxpulissemus
2347 523 2362 547 ,
2395 491 2449 536 et
2477 482 2933 549 correxisscmus,
2966 493 3019 538 et
3057 492 3314 553 :rgrotum
3345 500 3520 541 curas-

1932 586 2114 625 semus
2144 572 2443 626 membrum
2468 615 2481 636 ,
2516 590 2621 626 non
2656 574 2901 641 pra-senti
2948 582 3255 629 tenerenmr
3306 592 3520 645 pavore.

1932 663 2065 718 Novi
2091 664 2318 717 civitatis
2347 680 2524 719 mores
2550 681 2579 718 a
2610 665 2899 743 majoribus
2931 667 3210 732 liberales,
3240 669 3334 722 sed
3364 684 3520 739 pere-

1931 756 2067 824 grini
2095 755 2308 825 quidam
2338 766 2391 809 et
2419 758 2701 824 promiscui
2730 756 2993 823 homines,
3024 760 3233 813 scelesti
3261 768 3315 813 et
3346 760 3520 829 perni-

1936 847 2090 912 ciosi,
2120 855 2173 900 et
2199 847 2266 899 de
2291 863 2383 900 sua
2407 847 2756 917 desperantes
2782 840 2972 911 Salute,
3003 850 3117 903 ausi
3150 861 3273 903 sunt
3298 866 3380 912 ea,
3404 866 3521 920 qua:

1933 943 2138 1003 patrata
2184 946 2325 990 sunt.
2372 938 2659 1007 PrOpterca
2701 938 2937 994 clamare
2980 948 3035 993 et
3079 941 3366 994 contestari
3416 956 3520 994 non

1930 1030 2110 1082 destiti
2144 1047 2158 1083 :
2193 1030 2680 1099 Blasphemantium
2728 1030 2961 1087 furorem
3008 1034 3327 1102 puniamus,
3381 1036 3521 1102 ipso-
3552 1052 3553 1055 η

1933 1136 2050 1173 rum
2069 1130 2299 1174 mentem
2322 1122 2661 1191 castigemus,
2687 1124 2921 1191 ipsorum
2946 1124 3101 1178 saluti
3125 1126 3517 1193 provideamus;

1933 1222 1985 1264 et
2012 1213 2055 1265 si
2087 1214 2189 1265 hoc
2214 1212 2468 1267 facientes
2500 1216 2635 1267 mori
2664 1224 2928 1285 oporteat,
2958 1232 3204 1285 magnum
3240 1218 3392 1271 nobis
3421 1219 3519 1272 hoc

1932 1304 2117 1357 afferet
2147 1304 2352 1359 lucrum
2381 1323 2394 1359 :
2430 1322 2496 1360 ne
2522 1322 2859 1362 communem
2885 1309 3158 1363 dominum
3181 1312 3519 1365 contumeliis

1931 1396 2069 1451 afﬁci
2104 1398 2467 1467 negligamus;
2495 1414 2743 1469 magnum
2772 1402 2973 1456 civitati
3003 1405 3201 1456 malum
3244 1406 3413 1473 pariet
3441 1412 3491 1457 ta

1931 1486 1998 1540 lia
2027 1488 2324 1556 despicere.
3090 1558 3093 1559 ν

2002 1582 2054 1632 4.
2118 1580 2242 1633 Ilaec
2288 1580 2687 1650 praadicebam,
2735 1582 2851 1638 luce
2895 1601 3035 1640 nunc
3074 1588 3356 1641 acciderim
3406 1631 3415 1643 .
3462 1600 3512 1645 et

1932 1671 2165 1738 torporis
2204 1672 2351 1726 illius
2394 1689 2580 1742 poenas
2632 1677 2931 1743 pendimus.
2980 1678 3146 1731 Deum
3195 1685 3517 1737 contumelia

1931 1758 2179 1813 affectum
2233 1761 2567 1831 despexisti:
2615 1781 2740 1820 ecce
2793 1768 3035 1835 permisit
3094 1770 3472 1839 Imperatorem
3501 1774 3517 1803 ¹

1929 1852 2251 1905 contumelia
2279 1853 2418 1906 al'lici
2442 1892 2459 1919 ,
2488 1863 2541 1909 et
2569 1855 2636 1909 de
2662 1857 2915 1911 extremis
2939 1859 3232 1926 periculum
3273 1863 3519 1915 omnibus

1931 1941 2259 2009 impendere,
2292 1956 2347 1997 ut
2375 1946 2425 1998 in
2469 1948 2569 2001 hoc
2598 1949 2789 2002 timore
2813 1949 2953 2004 illius
2974 1952 3306 2022 negligentiae
3337 1970 3520 2024 pmnas

1929 2034 2136 2089 demus.
2166 2035 2302 2091 Num
2336 2038 2496 2107 igitur
2521 2039 2716 2094 frustra
2739 2081 2752 2104 ,
2778 2056 2903 2094 num
2936 2052 3136 2099 temere
3180 2044 3293 2099 hzcc
3332 2047 3520 2114 prmdi-

1929 2124 2138 2189 ccham,
2170 2133 2225 2179 et
2252 2128 2464 2182 assidue
2490 2132 3470 2201 vestramcharitateminterpellabant
3493 2137 3515 2188 ?

1929 2216 2032 2268 Sed
2060 2227 2234 2269 tamen
2270 2218 2400 2271 nihil
2430 2220 2658 2287 amplius
2696 2220 2888 2273 factum
2918 2233 3038 2287 est;
3071 2224 3164 2276 sed
3212 2226 3300 2276 fiat
3349 2242 3517 2288 nunc,

1928 2317 1983 2363 et
2012 2323 2042 2360 e
2070 2305 2322 2376 prmsenti
2352 2309 2658 2364 calamitate
2687 2312 2927 2381 Castigati
2952 2354 2967 2377 ,
2999 2312 3359 2368 inordinatum
3404 2316 3517 2369 illo-

1930 2415 2045 2452 rum
2076 2399 2311 2455 furorem
2339 2401 2685 2456 cohibeamus
2716 2421 2729 2457 :
2762 2403 3106 2458 obstruamtts
3139 2407 3372 2474 ipSormu
3398 2425 3512 2469 ora,

1930 2500 2198 2561 tamquam
2238 2494 2410 2550 fontes
2440 2496 2745 2549 mortifcros
2784 2497 3163 2561 occludamus,
3194 2508 3249 2551 et
3290 2500 3341 2551 in
3387 2514 3518 2553 con-

1928 2587 2147 2639 trarium
2190 2598 2478 2653 mutemus,
2505 2598 2558 2642 et
2592 2589 2805 2658 penitus
2837 2600 3158 2645 evanescent
3198 2592 3330 2644 mala
3354 2633 3369 2658 ,
3401 2608 3518 2661 qum

1924 2677 2193 2731 civitatem
2224 2679 2769 2747 comprehenderunt.

1996 2768 2382 2839 Cltrysosminus
2418 2772 2626 2840 plausus
2664 2773 2933 2842 rcjicit.—-—
2959 2772 3072 2826 Non
3116 2782 3197 2826 est
3250 2773 3515 2827 tlu-atrum

1924 2861 2193 2927 ecclesia,
2224 2872 2281 2914 ut
2330 2863 2396 2915 ad
2450 2863 2856 2918 delectationem
2913 2865 3191 2918 audiamus
3244 2881 3258 2917 :
3306 2865 3518 2932 adjutus

1924 2948 2049 3004 hinc
2078 2951 2331 3006 recedere
2358 2963 2605 3021 oportet,
2639 2954 2874 3009 lucratos
2900 2954 3151 3023 quiddam
3192 2955 3420 3022 amplius
3464 2965 3517 3009 et

1925 3058 2195 3113 magnum,
2227 3046 2304 3097 sie
2336 3045 2591 3099 recedere
2634 3046 2853 3115 expedit
2882 3064 2892 3098 :
2928 3046 3191 3115 siquidem
3223 3055 3425 3101 temere
3464 3056 3516 3100 et

1923 3133 2119 3188 fruSIra
2147 3136 2551 3197 accesserimus,
2582 3138 2625 3190 si
2652 3138 2716 3188 ad
2745 3148 2953 3206 tempus
2985 3138 3207 3190 instituti
3253 3138 3514 3192 dictorum

1921 3236 2107 3295 postea
2152 3227 2377 3279 utilitate
2404 3226 2558 3279 vacui
2598 3227 2935 3281 recedamus.
2968 3228 3099 3295 Qum
3149 3229 3277 3283 mihi
3324 3230 3513 3283 horum

1921 3317 2201 3386 plausuum
2222 3316 2592 3388 utilitas?qum
2620 3318 2832 3373 laudum
2879 3332 2933 3373 et
2973 3320 3337 3374 tumultuum?
3378 3321 3518 3377 Laus

1921 3424 2038 3463 mea
2071 3416 2190 3475 est,
2219 3419 2275 3461 ιιι
2300 3425 2395 3463 vos
2423 3410 2599 3464 omnia
2630 3427 2749 3479 quae
2776 3410 3028 3465 dicuntur
3051 3454 3065 3476 ,
3089 3412 3341 3482 operibus
3368 3413 3519 3468 exhi-

1919 3502 2090 3556 beatis
2140 3519 2151 3552 :
2190 3512 2313 3555 tunc
2361 3516 2461 3571 ego
2516 3502 2637 3556 felix
2691 3503 2970 3558 habendus
3013 3515 3066 3558 et
3108 3506 3295 3559 beatus
3344 3526 3356 3559 :
3410 3522 3515 3561 non

1884 3588 1887 3591 ⁷
1918 3594 2132 3662 quando
2159 3608 2279 3647 cum
2318 3594 2576 3661 applausu
2615 3596 2932 3662 exceperitis
2955 3638 2968 3658 ,
2998 3599 3092 3651 sed
3127 3600 3341 3663 quando
3370 3601 3513 3652 οηιηί

1918 3700 2041 3738 cum
2084 3684 2363 3739 alacritate
2392 3683 2629 3739 feceritis
2660 3701 3010 3755 qanttntque
3055 3703 3082 3739 a
3133 3688 3285 3741 nobis
3329 3690 3514 3741 audie-

1917 3776 2055 3828 ritis.
2103 3774 2341 3844 Quisque
2394 3776 2696 3845 proximum
2748 3778 3025 3846 corrigat:
3066 3776 3349 3845 ZEdi/t‘cate
3383 3782 3514 3832 enim

1918 3865 2047 3918 alter
2093 3866 2306 3918 alterum
2338 3865 2378 3937 (I
2410 3866 2583 3919 Thess.
2617 3869 2671 3922 5.
2706 3868 2820 3938 II),
2842 3870 3030 3938 inquit.
3064 3870 3174 3925 Nisi
3221 3871 3363 3924 enim
3414 3872 3517 3927 hoc

1918 3956 2212 4023 faciamus,
2241 3973 2269 4010 a
2316 3973 2654 4026 quocumque
2687 3959 2977 4013 admissum
3020 3962 3196 4014 scelus
3232 3978 3517 4017 commune

1922 4046 2187 4116 quoddam
2214 4058 2267 4100 et
2290 4047 2625 4102 intolerabile
2651 4048 2903 4103 damnum
2926 4051 3124 4105 civitati
3146 4053 3352 4107 afferet.
3380 4055 3519 4111 Ecce

1919 4140 2119 4194 nullius
2148 4141 2348 4194 conscii
2378 4155 2484 4193 non
2531 4142 2708 4195 minus
2735 4143 2821 4209 iis,
2854 4146 2943 4213 qui
2986 4158 3376 4214 peccaverunt,
3412 4160 3517 4204 ter-

1919 4233 2007 4286 riti
2033 4247 2220 4287 sumus
2247 4243 2301 4286 et
2325 4234 2814 4301 contremiscimus,
2844 4253 2912 4292 ne
2937 4253 3131 4293 omnes
3171 4242 3517 4311 Imperatoris

1922 4327 1997 4379 ira
2028 4327 2301 4395 corripiat.
2326 4327 2433 4383 Nec
2464 4329 2604 4381 enim
2633 4328 2684 4382 in
2713 4333 3113 4385 excusationem
3146 4335 3299 4387 nobis
3335 4335 3517 4392 dicere

1920 4418 2118 4472 sufﬁcit
2142 4436 2156 4471 :
2181 4419 2295 4472 Non
2318 4419 2557 4485 aderam,
2588 4437 2693 4474 nou
2716 4424 2961 4489 conscius
2983 4438 3127 4476 eram
3147 4467 3160 4489 ,
3183 4443 3285 4479 non
3317 4426 3517 4482 facino-

1920 4528 2038 4565 rum
2087 4528 2309 4567 eonsors
2359 4513 2449 4566 fui.
2476 4514 2557 4569 οι)
2590 4515 2691 4570 hoc
2722 4516 2897 4586 igitur,
2932 4518 3132 4586 inquit,
3158 4523 3395 4589 punieris
3416 4563 3431 4588 ,
3462 4537 3518 4579 et

1923 4605 2161 4659 ultimam
2187 4604 2386 4674 pendes
2414 4621 2647 4673 ptenam,
2676 4610 2798 4676 quia
2833 4624 2937 4661 non
2975 4608 3221 4675 adfuisti,
3261 4628 3359 4667 nec
3395 4630 3518 4683 pre-

1922 4697 2139 4750 hibnisti
2158 4739 2170 4759 ,
2197 4714 2300 4750 non
2329 4698 2616 4751 cohibuisti
2649 4699 3062 4763 tumultuantes,
3089 4716 3189 4755 nec
3214 4718 3309 4769 pro
3339 4704 3511 4772 Impe-

1923 4789 2116 4843 ratoris
2144 4792 2346 4844 honore
2372 4790 2703 4858 periclitatus
2748 4806 2828 4844 es.
2873 4790 2989 4844 Non
3040 4795 3263 4860 patratis
3303 4797 3519 4864 partici.

1922 4882 2097 4949 pasti?
2120 4881 2277 4934 laudo
2309 4880 2411 4934 hoc
2441 4890 2495 4934 et
2521 4891 2780 4951 accepto;
2810 4882 2905 4936 sed
2932 4899 3107 4950 neque
3154 4884 3287 4937 facta
3332 4887 3518 4955 prohi-

1923 4973 2120 5037 buisti;
2151 4974 2252 5027 hoc
2279 4973 2622 5027 accusatione
2645 4973 2887 5041 dignum.
2930 4973 3056 5027 Ilatc
3086 4983 3139 5026 et
3174 4989 3202 5026 a
3227 4974 3333 5027 Deo
3359 4978 3518 5033 verba

1923 5063 2203 5117 audiemus
2223 5105 2236 5128 ,
2260 5064 2475 5132 quando
2496 5078 2617 5116 cum
2648 5064 2861 5117 silentio
2893 5064 3247 5119 contumelias
3292 5077 3346 5122 et
3378 5068 3514 5135 inju-

1922 5157 2031 5210 rias
2056 5157 2108 5209 in
2137 5156 2309 5224 ipsum
2339 5156 2661 5210 commissas
2689 5156 2953 5223 patimur:
2981 5160 3233 5227 quoniam
3263 5171 3315 5213 ct
3356 5163 3399 5214 is
3432 5164 3522 5230 qui

1924 5250 2180 5302 talentum
2213 5247 2417 5301 defodit
2442 5247 2659 5316 (Matth.
2686 5248 2778 5303 ‘25.
2802 5247 2894 5303 25.
2926 5248 3040 5315 50),
3073 5262 3179 5302 non
3213 5265 3311 5320 pro
3352 5253 3517 5307 reati-

1922 5340 2021 5393 bus
2047 5340 2158 5392 suis
2181 5348 2308 5392 tunc
2333 5338 2719 5402 accusabatur;
2755 5339 3017 5408 integrum
3040 5340 3183 5394 enim
3216 5341 3520 5410 depositum

1922 5432 2189 5493 reddidit;
2221 5431 2315 5486 sed
2339 5432 2590 5500 quoniam
2620 5432 2789 5499 ipsum
2814 5448 2917 5485 non
2955 5433 3327 5502 mtt‘ltiplieavit
3346 5474 3361 5500 ,
3384 5450 3519 5502 quo-

1922 5527 2064 5581 niam
2092 5540 2199 5578 non
2224 5523 2501 5590 castigavit
2546 5533 2793 5586 cmteros,
2828 5525 3079 5593 quoniam
3122 5535 3401 5593 argentum
3448 5525 3514 5578 ad

1922 5617 2310 5671 nummularius
2336 5633 2442 5673 non
2468 5616 2681 5679 detulit,
2711 5617 2810 5670 hoc
2828 5626 2931 5681 est,
2963 5633 3067 5671 non
3092 5617 3391 5683 admonuit,
3409 5631 3516 5673 non

1988 5768 2004 5795 ι
2039 5762 2237 5822 Quidam
2257 5760 2589 5823 manuscripti,
2614 5758 2864 5810 mortalem
2886 5765 2930 5809 et
2955 5758 3193 5824 fragilem.
