4196 6316
690 350 759 405 ‘59
1388 349 1445 405 S.
1484 348 1763 408 JOANNIS
1788 345 2259 405 CllRYSOSTOMl
2300 343 2624 403 ARCHIEP.
2658 343 3196 403 CONSTANTINOP.
3908 350 3978 405 60

686 475 969 533 consilium
996 471 1165 537 dedit,
1190 485 1296 525 non
1345 467 1634 538 increpuit,
1668 478 1773 521 nan
1816 463 2052 521 correxit
2095 458 2274 530 proxi-

690 583 806 623 mos
845 575 1157 637 peccatores
1192 562 1523 618 ioordinatos
1548 577 1563 625 ;
1592 559 1790 613 idcirco
1816 558 2016 627 absque
2056 553 2275 610 miseri-

674 659 868 715 cordia
898 658 951 712 in
984 655 1100 711 illas
1131 652 1491 710 intolerabiles
1529 664 1714 720 pinnas
1739 647 2069 703 mittebatur.
2094 643 2202 701 Sed
2226 644 2272 699 si

687 770 793 809 non
818 762 997 817 antea,
1027 765 1168 804 nunc
1195 749 1379 802 saltem
1421 760 1579 814 spero
1609 758 1706 799 vos
1750 742 1871 795 huic
1909 738 2271 795 emendationi

684 845 1086 915 advigilaturos,
1114 852 1167 895 et
1197 840 1362 893 Deum
1385 835 1707 892 contumelia
1735 831 1982 887 allectum
2025 844 2135 885 non
2170 845 2261 883 ne-

685 939 975 1009 glecturus.
1004 936 1231 989 Possunt
1268 931 1411 985 enim
1457 943 1575 997 qua:
1620 924 1951 989 acciderunt,
1982 923 2107 977 licet
2156 936 2273 975 mo-

686 1037 847 1084 nente
894 1028 1106 1082 nemine
1128 1066 1141 1088 ,
1175 1025 1259 1077 vel
1299 1021 1584 1076 insensatis
1607 1019 1891 1087 deinceps,
1917 1026 1974 1071 ut
1999 1015 2269 1086 propriam

683 1130 927 1174 asserant
963 1116 1212 1179 salutem,
1244 1113 1584 1185 persuadere.
1625 1109 1788 1166 Nobis
1817 1122 1945 1167 Vero
1982 1109 2091 1179 jam
2137 1108 2270 1162 hora

684 1221 768 1268 est
792 1252 805 1272 ,
832 1210 1042 1265 solitam
1090 1208 1241 1262 vobis
1272 1216 1323 1260 ut
1354 1220 1382 1259 a
1412 1204 1574 1258 Paulo
1614 1216 1854 1258 mensam
1894 1215 2228 1272 apponainus
2251 1242 2266 1266 ,

686 1306 1078 1371 lectionemque
1106 1300 1415 1354 hodiernam
1447 1311 1775 1367 promamus,
1796 1306 1853 1349 et
1878 1295 1930 1348 in
1955 1294 2130 1348 medio
2155 1308 2273 1348 om-

683 1396 844 1450 nibus
875 1406 1258 1464 prOponamus.
1284 1389 1420 1458 Quid
1449 1390 1607 1459 igitur
1627 1397 1707 1455 est
1732 1386 1891 1441 hodie
1919 1383 2160 1439 lectum?
2186 1383 2273 1436 Di-

684 1486 864 1539 vitibus
880 1486 1031 1551 hujus
1056 1482 1225 1536 saeculi
1250 1482 1466 1550 pra’cipe
1491 1496 1590 1532 non
1610 1477 1820 1531 sublime
1839 1492 2015 1546 sapere
2028 1475 2079 1543 (l
2096 1512 2109 1527 .
2128 1473 2265 1527 Tim.

682 1578 737 1634 6.
772 1578 886 1648 Π).
915 1577 1013 1642 Qui
1036 1575 1189 1640 dixit,
1222 1573 1467 1628 Divitibus
1493 1573 1645 1642 hujus
1666 1570 1857 1634 sweuli,
1881 1568 2270 1624 demonstravit

681 1678 736 1722 et
759 1668 892 1722 alios
919 1667 1079 1721 futuri
1112 1667 1289 1721 smculi
1315 1666 1504 1719 divites
1533 1677 1656 1719 esse
1689 1678 1701 1713 :
1734 1661 1905 1730 qualis
1927 1659 2014 1713 ille
2034 1657 2268 1712 Lazarus

681 1768 797 1810 erat
819 1797 835 1822 ,
868 1759 918 1810 in
950 1757 1199 1826 praesenti
1221 1756 1436 1826 quidem
1468 1754 1573 1807 vita
1603 1762 1826 1821 panper,
1858 1750 1909 1802 in
1941 1750 2113 1801 futura
2137 1762 2267 1802 vero

680 1848 826 1903 dives
852 1865 865 1899 :
895 1863 1003 1902 non
1032 1862 1163 1900 auro
1189 1854 1243 1901 et
1271 1852 1493 1913 argento
1521 1853 1573 1897 et
1594 1842 1696 1895 ulla
1738 1840 1827 1893 tali
1858 1838 2191 1907 corruptibili
2214 1846 2269 1891 et

684 1940 1038 1996 marcescibili
1061 1941 1280 1994 materia
1303 1936 1549 2001 afﬂuens,
1568 1936 1659 1990 sed
1681 1934 1893 1987 areanis
1914 1931 2016 1985 illis
2044 1931 2195 1985 benis
2224 1933 2264 1996 ί,

678 2050 798 2105 qua:
830 2033 940 2088 Nec
960 2034 1135 2088 oculus
1157 2032 1298 2093 vidit,
1318 2048 1407 2083 nec
1437 2030 1574 2082 auris
1612 2028 1802 2080 audivit
1822 2067 1835 2087 ,
1861 2041 1951 2079 nec
1982 2024 2033 2077 in
2055 2040 2143 2077 cor
2166 2023 2265 2076 ho-

681 2125 825 2177 minis
854 2122 1182 2177 ascenderunt
1208 2122 1284 2192 (i.
1316 2118 1432 2173 Cor.
1465 2118 1519 2171 2.
1547 2117 1579 2171 9
1588 2140 1626 2185 i.

763 2215 901 2268 Vera:
928 2214 1116 2267 divitia:
1136 2214 1373 2281 quw?—
1394 2211 1486 2265 lite
1524 2224 1752 2277 nutuque
1782 2224 1920 2262 vene
1965 2207 2164 2260 divitiae
2204 2206 2267 2259 et

676 2306 947 2373 epulentia
967 2345 981 2368 ,
1010 2304 1226 2373 quando
1266 2312 1321 2357 et
1353 2300 1816 2355 immarcescibilia
1856 2309 1982 2353 sunt
2018 2300 2189 2360 bona,
2213 2306 2267 2351 et

678 2396 871 2448 nullam
921 2396 1138 2464 capiunt
1184 2377 1644 2447 mutationemiAt
1687 2405 1791 2443 non
1835 2389 1960 2443 talis
2003 2397 2121 2443 erat
2172 2388 2265 2443 ille

675 2496 1014 2554 contemptor
1040 2486 1209 2550 dives,
1238 2484 1330 2540 sed
1382 2484 1620 2537 omnium
1669 2482 2039 2552 pauperrimus
2093 2480 2265 2535 factus

674 2589 779 2634 est.
807 2580 934 2632 Post
960 2578 1074 2631 haec
1103 2579 1264 2648 igitur
1305 2577 1501 2630 stillam
1557 2575 1801 2630 obtinere
1847 2587 2092 2642 quaerens
2117 2614 2130 2633 .
2165 2585 2263 2624 nec

678 2669 845 2737 ipsius
887 2668 1056 2721 factus
1086 2677 1170 2722 est
1210 2681 1471 2736 compos:
1502 2669 1554 2719 in
1600 2673 1707 2718 tam
1750 2673 2044 2718 extremam
2097 2662 2261 2717 devc-

678 2767 834 2815 nerat
861 2767 1248 2827 paupertatem.
1284 2755 1487 2809 Idcirco
1520 2754 1799 2824 praisentis
1837 2752 2016 2807 ὅπουιί
2063 2752 2265 2806 divites

675 2849 990 2917 appellavit,
1021 2856 1079 2901 ut
1103 2848 1280 2901 discas
1304 2845 1447 2915 quod
1486 2860 1609 2899 cum
1677 2845 1783 2897 vita
1830 2842 2079 2913 prtesenti
2125 2858 2261 2911 opu-

676 2938 833 2992 lentia
857 2937 1167 2991 dissolvitur
1200 2956 1214 2990 :
1241 2951 1348 2989 non
1375 2935 1616 3009 procedit
1655 2933 1907 2998 ulterius,
1948 2948 2053 2986 non
2101 2933 2260 2986 simul

676 3028 1003 3097 migratcum
1032 3025 1427 3095 possessoribus
1454 3023 1826 3093 migrantibus,
1854 3021 1952 3077 sed
1974 3022 2118 3090 ipsos
2160 3036 2263 3075 saa-

675 3118 873 3185 pius‘et
896 3126 1021 3170 ante
1048 3116 1207 3170 linem
1246 3113 1489 3169 deserit:
1534 3112 1676 3182 quod
1705 3122 1759 3167 et
1811 3113 1983 3181 ipsum
2033 3112 2258 3166 demon-

679 3216 813 3261 strat
857 3208 1062 3270 dicens,
1100 3207 1277 3275 Neque
1313 3221 1517 3276 sperare
1544 3206 1598 3258 in
1644 3206 1833 3258 incerto
1870 3205 2159 3256 divitiarum
2183 3204 2258 3272 (1.

676 3295 811 3350 Tim.
826 3296 997 3365 6.17):
1015 3296 1145 3350 nihil
1163 3296 1303 3350 enim
1318 3302 1425 3349 tam
1449 3293 1849 3363 inﬁdum,quam
1866 3294 2063 3347 divitiae
2085 3311 2099 3346 :
2119 3292 2261 3362 quod

675 3402 794 3442 cum
823 3403 964 3457 saepe
991 3386 1245 3451 dixerim,
1274 3386 1453 3440 dicere
1480 3400 1583 3439 non
1600 3386 1825 3439 cessabo
1848 3424 1862 3448 ,
1892 3383 2031 3452 quod
2079 3383 2259 3452 fugiti-

677 3495 778 3535 vus
800 3489 886 3535 est
912 3492 966 3536 et
995 3480 1232 3550 ingratus
1251 3494 1439 3533 servus
1482 3478 1640 3541 [idem
1693 3492 1799 3531 non
1837 3476 2056 3539 habens,
2087 3474 2174 3529 vel
2215 3475 2259 3529 si

678 3573 953 3626 innumera
983 3572 1082 3640 ipsi
1109 3571 1318 3625 vincula
1342 3569 1585 3639 injicias,
1614 3569 1691 3621 sic
1728 3582 1938 3637 quoque
1967 3582 2087 3621 cum
2129 3568 2259 3639 ipsis

678 3662 901 3716 vinculis
946 3662 1169 3730 aufugit.
1216 3661 1423 3729 Saepius
1474 3660 1635 3729 igitur
1682 3658 1909 3729 pessulis
1952 3667 2007 3713 et
2058 3658 2258 3713 foribus

679 3752 849 3821 ipsum
878 3765 1215 3820 possessores
1244 3749 1653 3815 concluserunt,
1686 3764 1966 3803 servomm
2024 3750 2255 3803 adhibita

677 3844 916 3899 custodia
942 3860 955 3896 :
987 3844 1072 3897 ille
1098 3858 1227 3897 vero
1256 3843 1428 3897 servis
1453 3841 1761 3897 subornatis
1797 3858 1917 3919 enm
1971 3842 2099 3911 ipsis
2131 3844 2260 3910 fugit

676 3933 1007 3997 custodibus,
1041 3942 1308 4001 tamquam
1353 3941 1597 3986 catenam
1647 3947 1743 3987 eos
1774 3934 2008 3994 trahens,
2034 3940 2090 3985 et
2128 3932 2257 3985 nihil

678 4024 874 4093 profuit
900 4023 1161 4078 custodia.
1185 4022 1323 4088 Quid
1365 4022 1468 4077 hoc
1499 4023 1806 4077 inlidelius?
1844 4022 1970 4091 quid
1994 4037 2122 4077 vero
2153 4022 2216 4077 iis
2239 4064 2255 4089 ,

675 4114 765 4182 qui
820 4116 960 4168 circa
1014 4113 1155 4168 hunc
1215 4112 1447 4167 studium
1514 4113 1811 4174 collocant,
1858 4113 2258 4168 miserabilius?

675 4203 888 4271 quando
914 4220 1025 4257 rem
1053 4213 1158 4257 tam
1186 4203 1397 4258 labilem
1423 4204 1570 4256 omni
1597 4203 1770 4256 studio
1798 4203 2049 4272 colligere
2072 4218 2259 4273 aggre-

676 4293 916 4360 diuntur,
945 4310 1046 4350 nec
1070 4296 1382 4363 prophetam
1410 4296 1631 4348 atidiunt
1653 4296 1941 4361 dicentem,
1978 4294 2065 4349 Vw
2084 4297 2146 4349 iis
2173 4298 2258 4365 qui

675 4385 934 4453 conﬁdunt
954 4387 1006 4438 in
1026 4386 1205 4439 virtute
1224 4402 1337 4446 sua,
1358 4396 1403 4438 et
1425 4386 1477 4438 in
1496 4386 1814 4439 multitudine
1828 4386 2114 4439 divitiarum
2139 4404 2259 4441 sua-

677 4493 788 4529 rum
802 4478 1085 4547 gloriantur
1098 4480 1114 4547 (
1126 4476 1363 4532 Psal.48.
1374 4479 1449 4547 7).
1472 4478 1563 4533 Dic
1579 4478 1860 4548 quare,V:e
1871 4480 1894 4531 ?
1905 4478 2253 4545 Thesaurizat,

680 4569 884 4636 inquit,
910 4578 957 4621 et
993 4569 1191 4637 ignorat
1216 4608 1231 4634 ,
1265 4568 1346 4620 cui
1400 4571 1720 4639 congregabit
1766 4586 1823 4622 ea
1849 4569 2021 4638 (Psal.
2051 4570 2139 4625 58.
2167 4572 2255 4638 7):

679 4659 925 4729 quoniam
966 4660 1117 4715 labor
1142 4661 1360 4729 quidem
1388 4670 1587 4726 certus,
1619 4660 1819 4716 fructus
1845 4678 1969 4716 vero
1998 4662 2255 4717 incertus.

678 4751 884 4821 Sirpius
905 4751 1133 4805 inimicis
1150 4752 1378 4813 laboras,
1399 4761 1453 4806 et
1471 4753 1724 4806 aerumnis
1739 4754 2014 4808 conficeris
2030 4772 2044 4806 :
2063 4756 2258 4823 saepius

680 4848 801 4909 post
820 4852 1042 4896 mortem
1071 4852 1211 4895 tuam
1238 4841 1305 4895 ad
1336 4857 1429 4896 eos
1454 4844 1541 4912 qui
1574 4854 1624 4897 te
1648 4844 1939 4899 affecerunt
1965 4847 2176 4915 injuria,
2204 4856 2259 4900 et

677 4932 972 4986 innumeris
999 4934 1461 4987 circumvenerunt
1482 4933 1707 5001 insidiis,
1728 4934 1994 4990 hereditas
2012 4937 2252 4999 veniens,

678 5023 770 5076 tibi
800 5023 1009 5095 quidem
1034 5034 1268 5092 peccala,
1305 5020 1695 5093 possessionem
1722 5042 1850 5082 vero
1874 5029 1989 5082 aliis
2010 5030 2253 5096 praebuit.

745 5114 800 5168 5.
843 5112 959 5167 Jam
1003 5115 1130 5169 illud
1181 5116 1451 5183 inquirere
1508 5118 1723 5188 dignum
1776 5127 1890 5186 est,
1937 5135 2097 5188 quare
2148 5137 2253 5175 non

673 5205 1098 5271 dixit,l)ivitihus
1115 5210 1394 5277 prmsentis
1408 5210 1587 5262 saeculi
1605 5210 1832 5278 principe
1852 5226 1953 5263 non
1969 5209 2250 5275 ditescere,

675 5297 908 5364 praecipe
936 5296 1309 5367 depauperari,
1335 5301 1563 5369 pra-cipe
1588 5315 1706 5368 quae
1730 5300 1923 5352 habent
1943 5300 2253 5354 exhaurire:

675 5384 769 5439 sed
786 5386 938 5448 dixit,
968 5386 1196 5457 Praecipit
1221 5406 1321 5453 non
1350 5388 1560 5442 sublime
1578 5386 2096 5458 saperef’Novitquod
2122 5390 2259 5443 divi-

679 5476 869 5531 tiarum
896 5479 1042 5532 radix
1062 5488 1116 5534 et
1140 5481 1356 5534 materia
1378 5482 1447 5533 sit
1471 5480 1715 5549 superbia
1740 5497 1753 5531 :
1777 5488 1828 5533 et
1850 5479 1893 5533 si
1913 5482 2027 5549 quis
2049 5480 2254 5536 modice

680 5570 856 5626 vivere
883 5572 1093 5637 scierit,
1126 5589 1231 5627 non
1278 5574 1495 5628 multam
1523 5588 1704 5626 earum
1745 5587 1924 5626 curam
1972 5581 2110 5643 aget.
2138 5572 2253 5641 Qua

677 5742 708 5793 ὑ
734 5684 784 5794 :u
797 5690 924 5735 Urnis
953 5685 1112 5736 uidex
1138 5694 1189 5738 et
1209 5685 1348 5757 sain.
1367 5687 1417 5737 in
1452 5698 1627 5749 marg,
1647 5698 1847 5740 .4rcams
1868 5690 1911 5736 et
1942 5686 2255 5752 inc/rabith

707 5761 735 5793 υ
784 5761 824 5794 ὁ.

707 5761 824 5795 mus.

2381 457 2551 530 enim,
2574 458 2661 516 die
2688 458 2837 524 mihi,
2861 457 2928 514 de
2954 473 3113 514 causa
3140 459 3336 515 multos
3361 458 3717 515 circumducis
3742 473 3932 516 servos
3953 506 3973 528 ,

2382 561 2667 619 parasitos,
2692 552 2999 607 adulatores
3023 593 3038 618 ,
3062 562 3112 606 et
3136 553 3393 622 reliquam
3424 568 3637 607 omnem
3678 568 3928 623 pompam
3953 553 3979 608 ἲ

2378 641 2496 697 Non
2530 643 2772 697 utilitatis
2802 659 2960 697 causa
2980 685 2996 708 ,
3024 643 3121 697 Sed
3156 644 3473 713 arrogantia:
3498 645 3687 710 solius,
3712 655 3766 699 ut
3797 661 3861 700 ex
3891 646 3977 701 his

2380 734 2735 790 venerabilior
2758 735 2876 790 aliis
2917 735 3220 789 hominibus
3253 750 3374 790 esse
3420 736 3667 791 videaris.
3710 739 3978 793 Praiterea

2380 826 2526 878 novit
2552 842 2654 878 non
2685 824 2978 894 prohibitas
2994 840 3113 880 esse
3133 826 3366 893 divitias,
3393 830 3436 881 si
3457 828 3577 896 quis
3601 830 3652 882 in
3681 830 3976 884 necessita-

2381 926 2485 969 tem
2523 917 2649 984 ipsis
2679 931 2805 971 usus
2848 915 3023 971 fuerit.
3071 916 3219 972 Sicut
3256 920 3400 972 enim
3421 918 3553 981 dixi,
3583 934 3688 973 non
3720 922 3855 974 mala
3888 937 3980 976 res

2379 1006 2580 1071 vinum,
2614 1006 2707 1059 sed
2737 1007 2873 1059 mala
2916 1007 3147 1081 ebrietas
3179 1024 3194 1060 :
3224 1008 3293 1062 ita
3322 1023 3427 1063 non
3459 1010 3593 1063 mala
3626 1024 3711 1063 res
3737 1011 3974 1076 divitiae,

2376 1095 2469 1149 sed
2518 1097 2653 1149 mala
2701 1097 2943 1163 avaritia,
2966 1098 3103 1151 mala
3153 1098 3436 1167 cupiditas.
3474 1098 3629 1153 Aliud
3674 1114 3892 1165 avarus,
3919 1110 3976 1155 et

2374 1186 2516 1241 aliud
2543 1187 2692 1241 dives
2716 1206 2730 1242 :
2760 1203 2950 1243 avarus
2975 1200 3184 1244 nonest
3211 1189 3383 1257 dives,
3406 1205 3597 1245 avarus
3626 1192 3806 1246 multis
3838 1192 3978 1248 indic

2375 1288 2483 1347 get,
2512 1279 2756 1350 indigens
2784 1291 2959 1335 autem
2992 1280 3170 1335 multis
3198 1297 3484 1351 numquam
3508 1283 3661 1338 dives
3690 1299 3811 1339 esse
3842 1299 3975 1355 pos-

2374 1370 2463 1424 sit.
2517 1371 2721 1425 Avarus
2770 1382 2952 1427 Custos
2995 1380 3107 1438 cst,
3134 1387 3239 1425 non
3285 1370 3533 1427 dominus
3581 1376 3971 1442 pecuniarum;

2375 1477 2585 1527 servus,
2608 1452 2719 1516 non
2736 1477 3015 1531 possessor
3034 1483 3046 1517 :
3063 1464 3268 1519 facilius
3294 1466 3436 1520 enim
3459 1466 3617 1520 alicui
3640 1483 3705 1521 ex
3736 1469 3972 1537 propriis

2374 1553 2647 1616 carnibus,
2674 1568 2831 1623 quam
2853 1570 2916 1607 ex
2949 1554 3161 1609 defosso
3186 1570 3319 1610 auro
3347 1558 3787 1613 communicaret.
3812 1558 3977 1614 Velut

2374 1644 2519 1697 enim
2545 1644 2726 1712 jussus
2753 1644 2883 1698 nihil
2904 1644 2972 1700 de
3020 1646 3271 1714 repositis
3301 1654 3540 1717 tangere,
3567 1648 3646 1703 sic
3670 1665 3790 1702 cum
3820 1652 3972 1705 omni

2373 1734 2641 1804 diligentia
2670 1750 2734 1790 ea
2763 1747 2939 1791 servat
2968 1748 3022 1791 et
3052 1738 3274 1804 detinet,
3306 1754 3334 1791 a
3362 1740 3473 1794 suis
3504 1749 3752 1810 tanquam
3780 1741 3975 1797 alienis

2374 1824 2648 1879 abstinens
2680 1843 2695 1878 :
2725 1835 2777 1879 ct
2804 1837 2949 1882 certe
2978 1837 3100 1881 sunt
3127 1829 3322 1883 aliena.
3352 1828 3483 1895 Quae
3521 1831 3662 1883 enim
3704 1833 3820 1884 aliis
3847 1848 3973 1887 cro-

2373 1930 2499 1984 gare
2538 1931 2828 1986 numquam
2876 1927 3162 1986 pateretur,
3207 1935 3379 1990 neque
3427 1922 3477 1974 in
3529 1936 3730 1992 egenos
3780 1922 3972 1978 distri-

2376 2007 2559 2075 buere,
2584 2010 2742 2063 etiam
2779 2011 2823 2064 si
2862 2012 3093 2067 infinitas
3125 2015 3412 2069 sustineret
3432 2030 3619 2085 pcenas
3646 2033 3662 2071 :
3698 2019 3973 2088 quomodo

2371 2096 2490 2153 haec
2534 2114 2655 2153 esse
2722 2103 2938 2171 propria
2983 2115 3173 2173 putare
3227 2106 3459 2174 posset?
3504 2108 3785 2175 Quomodo
3836 2125 3973 2165 vero

2371 2204 2557 2243 eorum
2613 2189 2773 2246 habet
2841 2197 3275 2261 pessessionein,
3324 2213 3552 2267 quorum
3620 2215 3720 2253 nec
3787 2216 3969 2267 usum,

2372 2294 2473 2333 nec
2501 2279 2726 2335 fructum
2760 2297 2880 2336 cum
2924 2284 3169 2340 libertate
3197 2286 3401 2341 habet?
3430 2288 3508 2341 Ad
3537 2287 3654 2342 haec
3683 2304 3813 2344 vero
3858 2307 3970 2346 non

2371 2373 2619 2450 omnibus
2673 2376 2847 2428 omnia
2884 2376 3076 2430 Paulus
3116 2378 3383 2447 imperare
3425 2381 3728 2446 consuevit,
3776 2381 3870 2439 sed
3914 2393 3974 2438 et

2369 2464 2698 2519 audientium
2727 2466 3075 2521 imbecillitati
3101 2484 3159 2523 se
3188 2480 3524 2540 attemperat,
3561 2473 3700 2527 sicut
3724 2483 3778 2528 et
3804 2474 3976 2529 Chri.

2368 2565 2482 2611 stus
2520 2557 2663 2612 fecit.
2705 2558 2912 2612 Etenim
2965 2560 3038 2613 illi
3087 2560 3236 2615 diviti
3281 2563 3345 2615 ad
3387 2578 3445 2618 se
3472 2564 3777 2632 accedenti,
3807 2576 3862 2620 et
3898 2567 3973 2622 de

2369 2650 2475 2703 vita
2521 2649 2796 2719 loquenti,
2854 2668 2957 2705 non
3016 2652 3147 2706 dixit
3181 2653 3386 2716 :Vade.
3418 2656 3589 2710 vende
3630 2659 3808 2711 omnia
3845 2673 3972 2728 quas

2370 2738 2568 2805 habes;
2600 2741 2694 2795 sed
2745 2740 2846 2795 hoc
2894 2746 3332 2811 prmtermittens,
3358 2746 3426 2801 de
3454 2749 3572 2801 aliis
3607 2747 3780 2817 ipsum
3813 2766 3973 2803 Inan-

2368 2829 2505 2883 datis
2531 2830 2761 2885 instruit.
2793 2832 2994 2888 Deinde
3030 2843 3306 2903 postquam
3340 2835 3427 2891 ille
3469 2838 3638 2907 ipsum
3683 2839 3927 2893 invitavit
3950 2880 3965 2904 ,

2371 2920 2615 2989 inquiens
2644 2939 2658 2975 :
2688 2922 2821 2986 Quid
2852 2924 3017 2978 adhuc
3040 2926 3163 2978 mihi
3191 2926 3325 2979 deest
3349 2927 3558 2997 (Matth.
3598 2928 3679 2984 l9.
3705 2928 3796 3000 ΞΟ)
3814 2934 3839 2981 Y
3865 2946 3970 2985 ne-

2366 3027 2469 3080 que
2498 3022 2605 3065 tum
2635 3014 2950 3082 simpliciter
2977 3015 3149 3081 dixit,
3187 3017 3369 3073 Vende
3403 3020 3582 3073 omnia
3607 3038 3725 3089 quae
3756 3021 3967 3090 habes;

2364 3101 2480 3167 sed,
2511 3100 2571 3157 Si
2603 3104 2674 3167 eis
2698 3108 2949 3174 perfectus
2977 3122 3102 3169 esse.
3132 3110 3287 3161 vende
3311 3126 3425 3179 quae
3454 3111 3606 3165 habes
3633 3111 3738 3180 (Ib.
3763 3114 3926 3184 ωλι)
3950 3131 3967 3169 :

2369 3192 2467 3245 hoc
2496 3192 2547 3245 in
2582 3202 2672 3247 tuo
2703 3209 2841 3263 pono
2859 3196 3101 3261 arbitrio,
3134 3207 3184 3250 te
3211 3199 3489 3253 electionis
3515 3200 3790 3256 dominum
3821 3219 3961 3259 con-

2365 3282 2562 3347 stituo,
2619 3300 2721 3336 non
2778 3284 2831 3337 in
2885 3288 3257 3343 necessitatem
3327 3290 3500 3345 traho.
3566 3293 3853 3362 Propterea
3907 3290 3981 3351 et

2369 3372 2560 3425 Paulus
2587 3374 2715 3428 nihil
2744 3375 2809 3430 de
2838 3388 3147 3448 paupertate
3187 3380 3440 3436 divitibus
3484 3383 3831 3453 loquebatur,
3864 3389 3968 3443 sed

2365 3462 2432 3516 de
2460 3462 2778 3533 humilitate,
2798 3477 2908 3521 tum
2931 3478 3146 3538 propter
3166 3472 3493 3527 audientium
3520 3474 3966 3543 imbecillitatem,

2367 3563 2476 3609 tum
2518 3557 2640 3625 quia
2690 3559 2889 3627 optime
2941 3561 3160 3625 sciebat,
3185 3562 3230 3615 si
3274 3563 3518 3619 modeste
3564 3575 3803 3635 agerent,
3833 3576 3888 3621 et
3931 3584 3967 3622 a

2363 3648 2613 3716 superbia
2644 3648 2803 3703 alieni
2833 3662 3035 3716 essent,
3057 3652 3202 3707 brevi
3252 3652 3459 3708 futuros
3488 3671 3518 3709 a
3544 3659 3720 3710 studio
3744 3659 3965 3713 divitia-

2362 3754 2480 3793 rum
2508 3740 2722 3794 liberos.
2752 3742 3018 3797 Praeterea
3055 3760 3161 3797 non
3194 3745 3359 3799 altum
3419 3761 3608 3816 sapere
3637 3748 3963 3818 admonens,

2363 3841 2418 3885 et
2444 3833 2690 3895 modum,
2718 3850 2822 3903 quo
2870 3852 2973 3889 non
3018 3836 3183 3890 altum
3233 3852 3422 3905 sapere
3467 3841 3691 3906 pessint.
3738 3841 3967 3897 demon-

2364 3923 2571 3978 stravit.
2620 3924 2747 3989 Quis
2799 3940 2925 3979 vero
2962 3925 3047 3980 hic
3087 3928 3215 3981 est?
3245 3927 3300 3981 Si
3359 3928 3658 3983 divitiarum
3712 3942 3962 3988 naturam

2363 4014 2873 4082 animadverterent,
2905 4034 3063 4087 quam
3094 4020 3308 4075 incertae
3336 4022 3443 4077 sint
3478 4032 3531 4076 ct
3558 4024 3733 4078 infida:
3766 4043 3779 4079 :
3820 4042 3955 4095 qua-

2366 4116 2585 4175 propter
2626 4108 2821 4173 intulit,
2854 4109 3033 4180 Neque
3070 4127 3274 4181 sperare
3314 4116 3367 4167 in
3410 4116 3696 4170 divitiarum
3741 4119 3959 4174 incerto.

2364 4195 2523 4251 Dives
2547 4205 2649 4262 est,
2674 4214 2776 4253 non
2807 4202 2892 4269 qui
2927 4203 3090 4255 multa
3119 4203 3393 4271 possidet,
3419 4206 3511 4258 sed
3542 4207 3629 4275 qui
3658 4210 3820 4262 multa
3851 4210 3964 4264 lar-

2362 4286 2503 4354 gitur
2539 4305 2552 4339 :
2582 4287 2730 4341 dives
2771 4300 2892 4347 erat
2934 4292 3233 4357 Abraham,
3285 4294 3378 4348 sed
3421 4310 3524 4349 non
3572 4311 3765 4353 avarus
3801 4316 3815 4352 :
3847 4316 3959 4356 non

2362 4377 2502 4429 enim
2527 4376 2681 4447 hujus
2710 4379 2925 4433 domum
2953 4370 3357 4451 considerabat,
3393 4401 3490 4441 nec
3520 4387 3667 4441 illius
3700 4390 3959 4445 substan-

2366 4467 2488 4520 tiam
2518 4469 2730 4523 curiose
2767 4472 3130 4537 scrutabatur;
3164 4474 3259 4527 sed
3281 4476 3564 4544 egrediens
3600 4479 3956 4549 explorabat,

2366 4572 2491 4609 num
2513 4557 2704 4612 alicubi
2731 4558 2944 4629 hospes,
2978 4575 3104 4613 num
3132 4561 3329 4616 alicubi
3373 4578 3609 4633 pauper,
3643 4576 3699 4620 ut
3724 4582 3963 4638 pauper-

2367 4655 2529 4701 tatem
2558 4652 2862 4712 resarciret,
2897 4661 2954 4704 ut
2984 4655 3319 4723 peregrinum
3352 4657 3659 4726 exciperet:
3689 4675 3792 4715 non
3819 4679 3959 4720 auro

2368 4748 2561 4794 tectum
2587 4741 2776 4804 liuivit,
2808 4742 2900 4796 sed
2930 4744 3067 4813 apud
3099 4761 3355 4815 quercum
3383 4748 3524 4801 illam
3553 4751 3955 4811 tabernaculum

2364 4828 2554 4899 figens,
2588 4831 2827 4885 foliorum
2855 4834 3036 4887 umbra
3062 4844 3343 4891 contentus
3369 4849 3484 4892 emt
3508 4858 3522 4894 :
3555 4849 3609 4893 et
3638 4850 3742 4893 tam
3767 4845 3959 4912 splen-

2364 4924 2544 4977 didum
2604 4923 2702 4993 ipsi
2755 4934 2869 4978 erat
2909 4926 3289 4994 diversorium,
3319 4940 3375 4983 ut
3417 4947 3516 4984 nec
3550 4935 3767 5002 angelos
3808 4942 3953 5005 apud

2364 5018 2535 5086 ipsum
2563 5035 2776 5074 manere
2808 5024 3061 5090 puderet;
3096 5042 3199 5079 non
3230 5030 3371 5081 enim
3399 5033 3713 5098 qua-rehant
3755 5035 3957 5092 donius

2363 5110 2698 5177 Splendorem
2723 5155 2738 5173 ,
2772 5115 2861 5166 sed
2890 5117 3049 5168 animi
3080 5118 3347 5173 virtutem.
3389 5120 3545 5176 Hunc
3586 5133 3640 5178 et
3682 5142 3778 5178 nos
3824 5127 3954 5180 imi-

2365 5212 2555 5267 temur,
2572 5206 2904 5267 charissimi.
2929 5215 3119 5275 etquae
3141 5210 3397 5264 habemus
3418 5253 3431 5277 ,
3467 5213 3516 5264 in
3549 5228 3811 5282 paulieres
3843 5216 3953 5271 ini-

2363 5293 2673 5361 pendamus.
2708 5296 2843 5350 Rndi
2885 5298 3045 5351 modo
3094 5309 3331 5367 paratum
3367 5312 3483 5357 erat
3512 5305 3581 5359 ibi
3627 5306 3941 5363 tabernacu-

2362 5383 2494 5444 lunt.
2525 5385 2618 5439 sed
2650 5388 2806 5457 regiis
2838 5389 2975 5442 aulis
3000 5390 3330 5457 splendidius
3352 5392 3468 5451 fuit.

2439 5474 2804 5546 Hospitalitatis
2829 5479 2940 5533 laus
2956 5490 2999 5533 et
3018 5484 3280 5550 prwmium
3304 5486 3563 5541 —Nullus
3589 5504 3818 5559 unquam
3852 5508 3951 5550 rex

2360 5568 2577 5638 angelos
2612 5571 2843 5638 suscepit
2871 5588 2884 5624 :
2918 5569 3004 5625 hic
3047 5587 3172 5627 vero
3202 5576 3301 5630 sub
3348 5593 3544 5647 quercu
3582 5581 3778 5635 sedens
3821 5584 3909 5635 illa
3934 5626 3949 5647 ,

2360 5658 2658 5729 cellamque
2679 5659 2863 5730 ﬁgens,
2882 5660 2985 5717 hoc
3012 5664 3213 5721 honore
3240 5667 3429 5737 dignus
3456 5669 3665 5724 habitus
3691 5680 3775 5727 est
3792 5714 3807 5737 ,
3839 5689 3950 5729 non

2362 5758 2585 5821 propter
2606 5750 2793 5807 domus
2812 5753 3064 5810 vilitatem
3095 5756 3403 5827 honoratus,
3426 5761 3517 5817 sed
3548 5773 3764 5833 propter
3779 5766 3949 5823 animi
