4196 6316
195 376 266 435 '59
1272 375 1366 431 AD
1403 372 1738 432 POPULUM
1778 369 2285 429 ANTIOCIIENUM
2325 370 2561 427 IIOMIL.
2594 369 2665 427 All.
3206 356 3217 369 ’
3616 383 3707 437 me

200 493 308 556 ταῖς
352 488 724 560 τραπεζίταις
778 504 805 533 ι
844 490 905 546 οὐ
940 489 1231 554 κατέϐαλε,
1275 489 1591 555 τουτέστιν,
1632 489 1694 543 οὐ
1754 505 1897 561 παρ-

204 576 490 648 ῄνεσεν,οὐ
523 577 974 641 συνεϐούλευσεν,
989 578 1092 632 οὐκ
1132 578 1486 648 ἐπετίμησεν,
1510 577 1569 630 οὐ
1616 574 1895 646 διώρθωσε

204 667 326 729 τοὺς
354 664 587 736 πλησίον
614 666 998 737 ἀκοσμοῦντας
1030 665 1139 719 τῶν
1170 665 1441 737 πονηρῶν·
1475 664 1565 718 διὰ
1589 662 1749 718 τοῦτο
1781 682 1894 734 χω-

207 754 288 823 ρὶς
317 751 657 824 συγγνώμης
686 752 908 825 ἀπάσης
930 756 1010 817 εἰς
1031 752 1131 817 τάς
1161 753 1472 823 ἀφορήτους
1502 751 1784 823 ἐπέμπετο
1809 769 1901 805 κο·-

201 838 392 905 λάσεις
428 841 669 905 ἐκείνας.
724 840 865 894 Ἀλλ’
896 841 981 895 δτι
1013 840 1135 911 μὲν,
1168 842 1217 893 εί
1246 842 1343 893 καὶ
1376 840 1452 910 μὴ
1484 839 1771 912 πρότερον,
1802 837 1900 893 νῦν

202 925 335 995 γοῦν
377 926 586 999 ταύτην
630 925 934 1000 ἐργάσεσθε
976 926 1073 999 τὴν
1118 924 1407 999 διόρθωσιν
1425 966 1439 989 ,
1490 926 1588 979 καὶ
1639 924 1730 979 τὸν
1765 921 1901 978 Θεὸν

205 1014 569 1087 ὑϐριζόμενον
588 1015 651 1070 οὐ
674 1015 1024 1088 περιόψεσθε,
1063 1015 1271 1086 σφόδρα
1302 1014 1668 1068 πεπίστευκα.
1715 1012 1901 1067 Ἱκανὰ

202 1102 313 1175 γάρ
338 1103 412 1156 τά
442 1103 856 1176 συμεεσηκότα,
895 1104 947 1156 εἰ
983 1103 1077 1157 καὶ
1112 1102 1302 1174 μηδεὶς
1329 1103 1359 1156 6
1391 1100 1676 1173 παραινῶν
1696 1096 1900 1172 ἦν,καί

199 1192 330 1255 τοὺς
363 1191 569 1263 σφόδρα
592 1191 935 1264 ἀναισθήτως
965 1189 1345 1260 διακειμένους
1374 1190 1560 1243 πεῖσαι
1584 1189 1770 1243 λοιπὸν
1801 1191 1901 1263 τῆς

200 1279 415 1342 οἰκείας
459 1278 816 1334 ἐπιλαῦέσθαι
845 1278 874 1319 δ
913 1275 1211 1349 σωτηρίας.
1260 1277 1425 1348 Ἥμῖν
1460 1276 1519 1329 δὲ
1564 1275 1686 1349 ὥρα
1712 1276 1900 1333 λοιπὸν

198 1366 299 1437 τὴν
318 1366 580 1420 εἰωθυῖαν
604 1368 733 1438 ὑμῖν
757 1365 867 1421 ἀπὸ
881 1364 977 1420 τοῦ
1004 1363 1220 1419 Παύλου
1244 1364 1574 1435 παραθεῖναι
1592 1363 1898 1435 τράπεζαν,

199 1458 300 1531 τήν
342 1460 588 1530 σήμερον
640 1456 1086 1526 ἀναγνωσθεῖσαν
1142 1455 1303 1525 ῥῆσιν
1344 1454 1896 1527 προχειρισαμένους,

201 1547 296 1600 καὶ
327 1547 414 1609 εἰς
456 1546 623 1618 μέσον
655 1544 1068 1617 καταθεμένους
1100 1542 1294 1597 ἀπασι.
1328 1541 1396 1595 Τί
1414 1543 1539 1595 ,ποτ’
1564 1537 1660 1596 οὖν
1687 1545 1805 1597 ἐστι
1837 1542 1902 1597 τὸ

203 1638 447 1706 σήμερον
475 1632 822 1702 ἀναγνωσθέν
842 1650 858 1700 ;
889 1630 1025 1697 Τοῖς
1044 1630 1371 1695 πλουσίοις
1391 1629 1463 1683 ἐν
1482 1626 1565 1695 τῷ
1582 1628 1703 1684 νῦν
1729 1628 1901 1684 αἰῶνι

198 1720 587 1791 παράγγελλε
631 1719 720 1790 μὴ
766 1717 1245 1788 ὖψηλοερρονεῒν.
1286 1714 1498 1780 Εἰπὼν,
1550 1715 1678 1783 Τοῖς
1710 1719 1902 1771 πλου-

197 1809 361 1874 σίοις
388 1809 465 1862 ἐν
485 1807 566 1874 τῷ
593 1806 714 1862 νῦν
737 1804 929 1873 αἰῶνι,
961 1794 1130 1871 ἐδειξε
1159 1806 1255 1859 καὶ
1286 1802 1507 1876 ἐτέρους
1538 1803 1701 1867 ιντας
1731 1804 1900 1859 πλου-

200 1896 349 1959 σίους
380 1897 511 1959 τοὺς
536 1893 631 1948 τοῦ
668 1894 955 1965 μέλλοντος
980 1893 1199 1958 αἰῶνος·
1223 1886 1335 1956 οἷος
1362 1893 1569 1954 ἐκεῖνος
1595 1891 1624 1942 6
1648 1890 1901 1963 Λάζαρος

196 1980 282 2054 ἦν,
324 1984 471 2037 κατά
512 1983 611 2053 μὲν
631 1983 724 2038 τὸν
756 1981 998 2054 παρόντα
1030 1982 1140 2053 βίον
1173 1982 1361 2051 πένης,
1397 1979 1542 2033 κατά
1568 1978 1625 2032 δέ
1645 1978 1739 2033 τὸν
1767 1980 1900 2049 μέλ-

195 2070 358 2125 λοντα
389 2071 670 2136 πλούσιος,
696 2072 758 2125 οὐ
787 2070 992 2142 χρυσοῦ
1026 2072 1122 2124 καὶ
1149 2070 1392 2140 ἀργύρου
1421 2069 1513 2122 καὶ
1546 2068 1770 2139 τοιαύτῃ
1793 2070 1899 2122 τινὶ

199 2155 418 2232 φθαρτῇ
451 2156 549 2208 καὶ
563 2155 813 2224 ἐπικήρῳ
842 2151 1090 2207 πλουτῶν
1122 2150 1245 2225 ὐλῃ,
1273 2147 1392 2225 [26}
1422 2146 1558 2202 ἀλλά
1584 2149 1694 2208 τοῖς
1716 2146 1894 2232 ἀπθῤ-

202 2228 387 2313 ρήτοις
418 2243 651 2305 ἐκείνοις
670 2254 693 2281 ο
722 2242 968 2309 ἀγαθοῖς,
997 2241 1034 2295 ἀ
1054 2243 1112 2294 Μ
1118 2239 1221 2309 ﬁte
1249 2234 1561 2307 ὀφθαλμὸς
1580 2232 1721 2297 εἰδε,
1739 2228 1896 2301 μήτε

198 2323 304 2393 οὖς
329 2327 587 2396 ἤκουσε,
617 2327 775 2397 μήτε
810 2326 911 2380 ἐπὶ
947 2325 1204 2395 καρδίαν
1233 2324 1550 2393 ἀνθρώπου
1577 2324 1782 2392 ἀνέϐη.

263 2416 443 2471 Τοῦτο
476 2415 587 2488 γάρ
638 2414 859 2487 ἀληθῶς
911 2414 1141 2475 πλοῦτος
1189 2412 1286 2465 καὶ
1324 2410 1576 2481 εὐπορία,
1628 2411 1757 2463 ὅταν
1801 2409 1898 2464 καὶ

197 2504 455 2575 ἀκήρατα
561 2502 632 2558 τά
664 2502 829 2567 καλὰ,
864 2503 958 2555 καὶ
999 2500 1269 2573 μηδεμίαν
1301 2499 1525 2570 δέχηται
1566 2496 1893 2569 μεταϐολήν.

208 2593 346 2646 Ἀλλ’
372 2594 478 2664 οὐχ
505 2594 534 2646 6
560 2591 806 2664 παριδὼν
848 2590 876 2631 ἀ
925 2589 1087 2644 αὐτὸν
1142 2588 1395 2650 πλούσιος
1440 2585 1703 2651 τοιοῦτος,
1759 2585 1897 2639 ἀλλά

198 2681 417 2736 πάντων
451 2680 782 2751 πενέστερος
810 2679 1045 2748 ἐγένετο.
1073 2676 1231 2732 Μετὰ
1262 2675 1438 2731 ταῦτα
1469 2675 1601 2745 γοῦν
1637 2675 1897 2744 σταγόνος

199 2767 437 2833 ἀξιώσας
475 2770 795 2839 ἐπιτυχεῖν,
852 2766 977 2820 οὐτε
1023 2766 1195 2836 αὐτῆς
1240 2764 1458 2832 ἐγένετο
1494 2764 1705 2834 κύριος·
1751 2762 1897 2816 οὕτω

197 2855 332 2927 1:96;
356 2856 599 2926 ἐσχάτην
625 2854 881 2925 ἐληλάκει
910 2853 1122 2906 πενίαν.
1156 2851 1259 2904 Διά
1284 2848 1445 2903 τοῦτο
1479 2850 1771 2912 πλουσίους
1800 2848 1895 2902 τοῦ

196 2942 464 3013 παρόντος
492 2942 690 3004 αἰῶνος
716 2941 996 3005 ἐκάλεσεν,
1016 2940 1104 2993 ῖνα
1124 2937 1323 3010 μάθῃς,
1356 2939 1439 2991 ὅτι
1462 2937 1599 3008 μετά
1630 2937 1728 3007 τῆς
1761 2953 1899 3007 παρ‹

195 3027 360 3101 ούσης
404 3029 553 3101 ζωῆς
611 3030 707 3082 καὶ
737 3031 772 3099 ή
803 3027 1035 3098 εὐπορία
1080 3025 1539 3096 συγκαταλύεταιο
1581 3024 1643 3077 οὐ
1680 3025 1895 3094 πρόεισι

196 3118 528 3190 περαιτέρω,
547 3117 670 3171 οὐδέ
694 3116 1132 3187 συμμεθίσταται
1158 3112 1502 3183 ἀποδημοῦσι
1524 3115 1637 3177 τοῖς
1657 3112 1893 3182 ἔχουσιν,

194 3206 328 3260 ἀλλά
376 3206 643 3269 πολλάκις
687 3206 889 3267 αὐτοὺς
920 3204 1015 3257 καὶ
1072 3202 1179 3274 πρὸ
1218 3195 1318 3271 τῆς
1346 3200 1606 3271 τελευτῆς
1648 3200 1891 3271 ἀφίησινο

195 3294 328 3364 δπερ
352 3288 450 3348 οῦν
491 3303 516 3331 ο
550 3294 645 3347 καὶ
666 3292 797 3346 αὐτό
817 3291 992 3361 δηλῶν
1023 3289 1175 3357 ἔλεγε
1196 3325 1213 3351 ,
1245 3286 1413 3355 Μηδὲ
1440 3285 1761 3355 ἠλπικέναι
1793 3288 1894 3343 ἐπὶ

193 3382 464 3436 πλούτου
478 3377 999 3447 ἀδηλότητι.οὐδέν
1017 3376 1126 3449 γὰρ
1141 3374 1313 3439 οὕτως
1329 3377 1575 3438 ἄπιστον,
1594 3375 1669 3438 ὡς
1688 3375 1716 3427 6
1734 3374 1897 3428 πλοῦ-

193 3486 302 3535 τος,
336 3468 368 3523 6
399 3468 664 3531 πολλάκις
693 3463 873 3530 εἷπον,
897 3467 993 3521 καὶ
1026 3465 1201 3533 λέγων
1233 3464 1295 3517 οὐ
1329 3464 1633 3535 παύσομαι,
1654 3464 1739 3517 ὃτι
1764 3465 1885 3536 δραι

194 3558 364 3629 πέτης
397 3557 545 3610 ἐστὶν
580 3553 874 3625 ἀγνώμων,
906 3553 1126 3624 οἰκέτης
1151 3551 1333 3605 πίστιν
1352 3553 1453 3605 οὐκ
1476 3551 1636 3621 ἔχων,
1669 3550 1771 3605 κᾶν
1790 3569 1895 3622 μυ-

196 3643 316 3715 ρίας
341 3642 494 3713 αὐτῷ
519 3641 825 3713 περιῦάλῃς
858 3640 1047 3707 πέδας,
1082 3634 1237 3703 οὗτος
1267 3640 1363 3692 καὶ
1392 3638 1494 3702 τὰς
1526 3639 1693 3701 πέδας
1723 3638 1895 3702 αὐτάς

195 3733 591 3804 ἐπισυρόμενος
611 3730 819 3785 ἀπεισι.
848 3729 1117 3793 Πολλάκις
1146 3727 1280 3798 γοῦν
1315 3727 1534 3798 μοχλοῖς
1551 3726 1657 3789 ,καὶ
1701 3725 1894 3796 θύραις

193 3821 529 3875 ἀπέκλεισαν
554 3820 717 3874 αὐτὸν
743 3819 795 3872 οἱ
824 3818 1176 3889 κεκτημένοι,
1210 3816 1427 3878 οἰκέτας
1459 3815 1892 3887 περιστήσαντες

194 3910 461 3980 φύλακας·
494 3910 525 3961 ό
551 3908 610 3961 δὲ
634 3909 759 3970 τούς
788 3906 1006 3966 οἰκέτας
1032 3905 1232 3966 αὐτοὺς
1260 3902 1587 3967 ἀναπείσας,
1635 3903 1755 3973 μετ’
1794 3904 1893 3957 αὑ-

192 3998 301 4052 τῶν
318 3996 533 4067 ἀπέδρα
552 3994 660 4049 τῶν
679 3992 1079 4063 φυλαττόντων,
1102 3991 1358 4063 καθάπερ
1407 3990 1598 4045 ἅλυσιν
1619 3991 1748 4054 τούς
1794 4008 1892 4061 τη-

196 4084 426 4155 ροῦντας
472 4082 891 4154 ἐπισυρόμενος,
921 4080 1016 4135 καὶ
1048 4080 1211 4133 πλέον
1236 4080 1391 4133 οὐδὲν
1434 4079 1541 4132 ἀπὸ
1575 4080 1674 4150 τῆς
1711 4079 1892 4149 ,φυλα-

194 4172 294 4241 κῆς
324 4170 548 4240 ἐγένετο
575 4169 806 4238 ταύτης.
866 4167 932 4221 Τί
957 4166 1147 4221 τούτου
1172 4167 1373 4235 γένοιτ’
1396 4166 1463 4219 ἂν
1498 4166 1888 4238 ἀπιστότερον;

195 4258 245 4310 τί
279 4258 337 4310 δέ
370 4257 485 4312 τῶν
519 4257 647 4328 περὶ
672 4256 837 4310 αὐτὸν
861 4254 1278 4309 ἐσπουδακότων
1304 4253 1702 4325 ἐλεεινότερον;
1764 4256 1893 4310 ὅταν

196 4346 429 4415 πρᾶγμα
456 4341 603 4396 οὕτω
638 4341 841 4413 σαθρὸν
874 4340 969 4394 καὶ
1013 4340 1440 4410 εὐμτάπτωτον
1484 4338 1633 4409 πάσῃ
1687 4340 1890 4410 σπουδῇ

197 4429 473 4496 συλλέγειν
503 4426 848 4498 ἐπιχειρῶσι,
872 4425 965 4479 καὶ
991 4425 1065 4496 μὴ
1092 4423 1335 4478 ἀκούωσι
1370 4423 1465 4477 τοῦ
1497 4424 1780 4494 προφήτου
1803 4423 1893 4476 λέ-

195 4531 399 4581 γοντος·
454 4513 603 4568 Οὐαὶ
654 4515 711 4567 οἰ
742 4512 1094 4578 πεποιθότες
1125 4511 1225 4565 ἐπὶ
1254 4509 1329 4579 τῇ
1374 4509 1628 4578 δυνάμει
1668 4509 1891 4575 αὐτῶν,

197 4598 290 4651 καί
320 4597 423 4651 ἐπὶ
453 4597 538 4662 τῷ
576 4595 798 4662 πλήθει
824 4595 933 4649 τοῦ
966 4596 1236 4649 πλούτου
1266 4591 1467 4649 αὐτῶν
1495 4592 1891 4662 καυχώμενοι.

195 4682 344 4747 Εἰπὲ,
376 4681 531 4744 τίνος
556 4680 747 4735 ἐνεκεν
768 4678 927 4746 οὐαί;
958 4676 1331 4748 Θησαυρίζει,
1361 4676 1518 4748 φησὶ,
1552 4677 1654 4729 καί
1695 4679 1767 4731 οὐ
1804 4696 1893 4748 γι-

193 4762 410 4818 νώσκει
442 4763 564 4817 τίνι
589 4760 847 4826 συνάξει
866 4759 1040 4815 αὐτά·
1073 4761 1154 4813 ὅτι
1180 4761 1209 4812 ό
1237 4760 1339 4830 μέν
1369 4759 1531 4821 πόνος
1566 4757 1748 4827 δῆλος,
1776 4762 1809 4827 ή
1838 4759 1894 4812 δὲ

194 4847 494 4907 ἀπόλαυσις
523 4844 741 4913 ἄδηλος.
776 4843 1048 4907 Πολλάκις
1074 4841 1291 4913 ἐχθροῖς
1322 4843 1574 4913 κάμνεις,
1592 4843 1688 4896 καὶ
1707 4842 1895 4896 ταλαι-

196 4932 418 5001 πωρεῖς·
452 4926 720 4990 πολλάκις
751 4926 892 4998 μετά
917 4927 1018 4997 τὴν
1056 4926 1155 4997 σὴν
1186 4925 1444 4996 τελευτὴν
1486 4927 1566 4989 είς
1602 4926 1732 4989 τοὺς
1777 4924 1894 4995 '66:-

196 5013 432 5076 κηκότας
457 5011 555 5065 καὶ
578 5010 750 5081 μυρία
772 5026 855 5063 σοι
880 5008 1400 5071 ἐπιϐουλεύσαντας,
1417 5010 1445 5062 6
1467 5009 1669 5080 κλῆρος
1697 5008 1890 5072 ἐλθὼν,

197 5100 275 5148 001
299 5096 400 5165 μὲν
430 5094 499 5147 τά
521 5094 922 5166 ἁμαρτήματα,
940 5093 1041 5165 τὴν
1060 5094 1119 5148 δὲ
1143 5094 1446 5149 ἀπόλαυσιν
1470 5093 1748 5165 παρέσχεν
1779 5096 1894 5148 ἐτέ-

258 5268 321 5315 ε’.
338 5261 486 5315 Ἀλλ’
497 5262 649 5328 ἀξιον
662 5263 839 5317 ἐκεῖνο
850 5260 1125 5329 ἐξετάσαι,
1138 5261 1285 5326 τίνος
1298 5264 1483 5317 ἕνεκεν
1495 5262 1595 5314 οὐκ
1608 5255 1754 5328 εἷπε,
1768 5260 1893 5324 Τοῖς

196 5344 249 5396 δέ
282 5344 562 5408 πλουσίοις
594 5347 653 5398 ἐν
681 5344 761 5415 τῷ
799 5345 897 5399 νῦν
932 5345 1087 5399 αἰῶνι
1124 5345 1471 5417 παράγγελλε
1505 5344 1580 5417 μὴ
1615 5344 1889 5407 πλουτεῖν,

197 5428 541 5500 παράγγελλε
565 5428 851 5490 πένεσθαι,
886 5428 1234 5501 παράγγελλε
1256 5431 1323 5484 τὰ
1348 5431 1479 5484 ὄντα
1501 5429 1719 5493 κενοῦν,
1753 5429 1890 5482 ἀλλά

195 5510 579 5581 Παράγγελλε
599 5511 687 5582 μὴ
722 5514 1199 5582 ὑψηλοφρονεῖν.
1234 5511 1390 5569 Οἶδεν
1432 5512 1558 5569 δτιι
1595 5513 1691 5569 τοῦ
1726 5513 1891 5567 πλού-

253 5652 279 5719 ξ·
302 5652 459 5719 $2M!-
482 5658 539 5719 et
556 5652 641 5719 am
664 5652 1197 5719 ἐτειτσὺςερατςεείτας-

252 5714 278 5780 ιι
305 5715 456 5780 ξ-ατίι.
481 5716 838 5780 ἀντιλαϐέψι,
854 5714 983 5780 ζιίὺει
1004 5717 1448 5780 ἀναλαμϐάνεσθαι.

252 5779 274 5842 ξ
307 5775 447 5842 Unus
456 5776 613 5842 eodm};
628 5783 682 5825 el
692 5774 825 5842 $2in
835 5776 916 5842 .jn
937 5792 1090 5842 marg.
1214 5781 1295 5827 καὶ
1308 5780 1663 5842 ἀνεκδιηγήτοις
1674 5781 1724 5829 ἐς
1732 5780 1869 5837 είνοις

248 5836 278 5904 (ξ
300 5838 665 5904 ⁴,ῥιὶἱμςδτεριιὸιξιν
693 5837 823 5904 lnf_ra
845 5838 997 5904 Savil.
1035 5836 1089 5889 ἐι
1110 5839 1239 5889 alios
1258 5842 1368 5890 οὐδέ
1590 5844 1790 5904 ἐγένειο.

258 5901 280 5967 ἶ
304 5896 545 5967 δὲξζίιιὲει
567 5901 1289 5967 ε’ίυε,ἶιλενιῆς,έγιριτέλιπεν·
1314 5905 1431 5967 ὅπερ
1454 5896 1555 5952 οὖν

257 5957 279 5998 ε
302 5958 405 6029 A_lii
429 5961 790 6029 οἶδεχάκριϐὦς
805 5957 1023 6015 ὅτι.ὶίοὶ
1035 5965 1291 6017 διγὶιηιάν
1314 5957 1417 6029 εἰδῇ
1438 5966 1721 6029 τις,ωειίιιε
1740 5979 1887 6019 quam

199 6019 367 6073 Korel.
402 6024 493 6071 κᾶν
512 6023 617 6086 ᾔδει
638 6019 724 6081 τις.
1395 6019 1413 6029 ’
1495 6019 1525 6029 ”
1744 6031 1751 6034 ’

2003 504 2102 542 του
2123 485 2255 559 ῥίζα
2281 488 2375 540 καὶ
2396 485 2657 550 ὑπόθεσίς
2686 487 2835 539 ἐστιν
2864 486 2898 555 ὴ
2927 484 3180 551 ἀπόνοια,
3211 481 3313 538 κάν
3341 485 3456 558 εἰδῇ
3490 501 3575 550 τις
3599 502 3701 555 με.

2003 577 2285 649 τριάξειν,
2313 578 2375 630 οὐ
2412 576 2616 647 πολλὴν
2659 576 2786 649 περὶ
2819 576 2881 630 τὸ
2924 578 3158 646 πρᾶγμα
3199 577 3488 648 ποιήσεται
3522 593 3689 631 σπου-

2006 664 2122 736 δήν.
2154 665 2312 729 Τίνος
2349 664 2457 735 γὰρ
2501 664 2710 724 ἕνεκεν.
2740 664 2867 729 εἰπέ,
2897 680 3009 734 μοι,
3050 664 3175 727 τοὺς
3218 662 3447 726 πολλοὺς
3479 663 3699 725 οἰκέτας

2002 754 2317 825 περιάγεις,
2358 755 2489 817 τοὺς
2517 752 2856 825 παρασίτους
2877 791 2892 817 ,
2928 753 3055 815 τοὺς
3097 751 3358 815 κόλακας,
3402 750 3499 822 τήν
3529 751 3696 822 ἀλλην

2001 841 2221 897 ἃπασαν
2250 842 2589 911 φαντασίανς
2616 841 2691 895 Οὐ
2715 840 2904 911 χρείας
2930 839 3138 903 ἕνεκεν,
3170 839 3285 893 ἀλλ’
3313 839 3574 903 ἀπονοίας
3607 839 3700 910 μό-

2000 947 2101 1000 νης
2122 972 2136 996 ,
2168 931 2254 984 ἵνα
2284 929 2392 983 61:6
2420 928 2627 984 τούτων
2659 929 2985 1000 σεμνότερος
3024 928 3134 981 τῶν
3185 928 3362 983 ἀλλων
3388 927 3696 999 ἀνθρώπων

2000 1011 2143 1071 εἶναι
2168 1018 2352 1088 δοκῇς.
2392 1016 2603 1080 ΙἌλλως
2627 1017 2683 1070 δέ
2716 1012 2857 1070 οἶδεν
2891 1017 2952 1069 οὐ
2990 1015 3375 1087 κεκωλυμένον
3404 1016 3498 1069 τὸν
3526 1014 3696 1069 πλοῦ-

1998 1122 2115 1170 τον,
2155 1106 2251 1159 ἐάν
2287 1121 2373 1167 τις
2404 1104 2571 1176 αὐτῷ
2599 1104 2680 1167 εἰς
2705 1103 2822 1157 δέον
2871 1099 3216 1174 κεχρημένος
3348 1103 3561 1175 Ὥσπερ
3583 1103 3695 1174 γάρ

2000 1188 2178 1259 εἷπον,
2208 1194 2271 1246 οὐ
2300 1192 2469 1246 κακὸν
2491 1194 2520 1245 6
2558 1188 2729 1257 οῐνος,
2762 1191 2898 1245 ἀλλά
2939 1192 3109 1245 κακὸν
3144 1193 3177 1262 ἡ
3217 1184 3389 1262 μέθην
3424 1191 3599 1256 οὕτως
3630 1194 3693 1245 οὐ

1999 1279 2168 1334 κακὸν
2199 1282 2229 1334 6
2259 1280 2510 1345 πλοῦτος,
2543 1280 2683 1334 ἀλλά
2714 1279 2939 1351 κακὸνή
2974 1279 3280 1344 πλεονεξία,
3313 1279 3484 1333 κακὸν
3509 1281 3543 1351 ή
3570 1281 3697 1349 φιλ-

2000 1367 2262 1439 αργυρία.
2308 1367 2537 1438 Ἕτερον
2590 1366 2953 1439 φιλάργυρος,
2985 1368 3081 1419 καὶ
3122 1366 3310 1437 ἕτερον
3344 1367 3634 1433 πλούσιος⁶
3668 1371 3698 1423 6

2001 1455 2338 1527 φιλάργυρος
2376 1444 2483 1508 οὐκ
2532 1453 2651 1507 ἐστι
2689 1453 2947 1518 πλούσιος
2972 1480 3011 1517 ,ι
3037 1455 3066 1507 6
3104 1453 3441 1526 φιλάργυρος
3483 1454 3698 1509 πολλῶν

1998 1542 2198 1597 δεῖταιο
2230 1543 2260 1595 6
2286 1542 2346 1596 δὲ
2373 1541 2584 1596 πολλῶν
2620 1541 2885 1612 δεόμενος
2901 1543 3003 1595 οὐκ
3031 1540 3099 1595 ἀν
3126 1543 3457 1615 εὐπορήσειε
3484 1560 3613 1597 ποτε
3645 1545 3695 1597 ε.

2011 1630 2072 1685 '0
2099 1630 2439 1704 φιλάργυρος
2466 1630 2662 1701 φύλαξ,
2692 1632 2755 1685 οὐ
2782 1630 3054 1702 δεσπότης
3090 1631 3210 1684 ἐστὶ
3236 1631 3344 1684 τῶν
3370 1632 3695 1703 χρημάτων,

2000 1721 2209 1788 δοῦλος,
2233 1726 2295 1777 οὐ
2324 1725 2513 1797 κύριος
2538 1724 2654 1798 [27]
2679 1724 3053 1797 εὐκολώτερον
3086 1726 3197 1796 γὰρ
3220 1726 3330 1778 τῶν
3357 1726 3525 1779 αὐτοῦ
3552 1743 3693 1796 096-

2000 1806 2117 1860 κῶν
2140 1808 2399 1879 μεταδοίη
2416 1810 2523 1862 τιν)⁸
2538 1810 2570 1881 ἢ
2586 1808 2678 1861 τοῦ
2704 1807 3130 1879 κατωρυγμένου
3153 1808 3401 1880 χρυσίου.
3433 1809 3543 1863 Καὶ
3562 1807 3695 1861 καθ⁹

2002 1890 2147 1959 άπερ
2175 1890 2319 1953 τινὸς
2346 1891 2727 1953 ἐπιτάττοντος
2748 1895 2841 1944 καὶ
2865 1890 3181 1956 κελεύοντος
3201 1893 3431 1964 μηδενὸς
3448 1892 3694 1963 ἅψασθαι

2002 1968 2111 2023 τῶν
2144 1972 2546 2041 ἀποκειμένων·
2595 1972 2739 2026 οῦτω
2794 1975 2933 2043 μετά
2981 1974 3166 2045 πάσης
3210 1976 3502 2046 ἀκριὸείας
3552 1973 3696 2029 αὐτὰ

2000 2056 2161 2123 τηρεῖ
2187 2055 2282 2106 καὶ
2310 2056 2535 2124 κατέχει
2567 2054 2824 2126 καθάπερ
2868 2055 3167 2127 ἀλλοτρίων
3202 2056 3543 2127 ἀπεχόμενος
3582 2056 3695 2111 τῶν

2001 2142 2216 2195 οἰκείων
2242 2142 2294 2197 ιι.
2340 2142 2450 2195 Καὶ
2492 2143 2602 2211 γάρ
2637 2144 2786 2196 ἐστιν
2828 2143 2997 2200 ὅντως
3045 2142 3325 2210 ἀλλότριαι
3361 2145 3399 2199 ἀ
3447 2146 3557 2215 γάρ
3614 2146 3695 2207 εἰς

1996 2237 2218 2310 ἐτέρους
2241 2234 2527 2289 ἐκϐάλλειν
2546 2235 2648 2287 οὐκ
2674 2234 2740 2288 ἂν
2769 2233 2964 2297 ἕλοιτο,
2990 2233 3111 2286 οὐδέ
3136 2235 3251 2296 τοῖς
3278 2232 3557 2300 δεομένοις
3582 2230 3699 2283 δια-

1995 2328 2201 2395 νεῖμαι,
2232 2322 2333 2376 κᾶν
2371 2322 2573 2393 μυρίας
2599 2320 2868 2400 ὑποσταίη
2899 2321 3196 2392 τιμωρίας,
3237 2319 3356 2383 πῶς
3383 2318 3451 2372 ἂν
3480 2318 3697 2400 δύναιτο

1993 2410 2168 2464 ταῦτα
2199 2409 2305 2463 ῐδια
2331 2406 2575 2479 νομίζειν
2603 2398 2780 2472 εἶναι;
2818 2408 2942 2470 Πῶς
2989 2407 3047 2459 δὲ
3080 2406 3193 2477 ἔχει
3237 2406 3337 2477 τὴν
3372 2406 3589 2477 κτῆσιν,
3622 2398 3697 2458 ὧν

1995 2498 2094 2569 τὴν
2124 2496 2322 2568 χρῆσιν
2347 2496 2448 2548 οὐκ
2482 2484 2593 2565 ἔχει
2637 2493 2778 2565 μετά
2805 2493 3022 2556 ἀδείας,
3058 2493 3179 2546 οὐδέ
3212 2492 3311 2564 τὴν
3353 2493 3696 2551 ἀπόλαυσιν;

1996 2586 2142 2660 Πρὸς
2173 2586 2231 2638 δέ
2267 2584 2483 2647 τούτοις
2527 2583 2588 2636 οὐ
2638 2585 2774 2635 πᾶσι
2822 2582 3002 2636 πάντα
3053 2582 3367 2635 ἐπιτάττειν
3403 2584 3432 2634 6
3485 2581 3698 2645 Παῦλος

1996 2678 2207 2741 εἴωθεν,
2234 2674 2372 2729 ἀλλά
2414 2675 2509 2728 καὶ
2547 2676 2613 2744 τῇ
2650 2673 2758 2726 τῶν
2789 2672 3099 2726 ἀκουόντων
3127 2670 3387 2742 ἀσθενείᾳ
3418 2688 3699 2739 συγκατα-

1996 2765 2196 2829 ϐαίνει,
2232 2763 2488 2834 καθάπερ
2524 2758 2617 2816 οὖν
2664 2760 2760 2814 καὶ
2796 2762 2826 2813 6
2862 2759 3101 2831 Χριστὸς
3145 2760 3393 2829 ἐποίησε.
3448 2760 3559 2812 Καὶ
3590 2759 3702 2830 γάρ

1996 2853 2191 2923 ἐκείνῳ
2236 2850 2315 2919 τῷ
2368 2848 2612 2919 πλουσίῳ
2660 2847 3035 2920 προσελθόντι,
3074 2846 3168 2901 καὶ
3212 2847 3357 2917 περὶ·
3395 2845 3496 2915 τῆς
3553 2846 3702 2917 ζωῆς

1996 2938 2147 3010 αὐτῷ
2190 2938 2558 3008 διαλεγομένῳ
2587 2937 2688 2988 οὐκ
2711 2931 2887 2994 εἶπεν.
2926 2935 3147 3005 Ὕπαγε
3168 2974 3182 2997 ,
3208 2934 3459 3005 πώλησόν
3495 2950 3591 2987 σου
3626 2935 3699 2987 τὰ

1998 3029 2335 3099 ὑπάρχοντα,
2364 3024 2481 3078 ἀλλ’
2500 3024 2659 3093 ἀφεὶς
2686 3024 2869 3087 τοῦτο,
2896 3024 3026 3093 περὶ
3051 3022 3257 3092 ἐτέρων
3287 3022 3438 3091 αὐτῷ
3465 3022 3703 3077 ἐντολῶν

1996 3116 2267 3184 διελέγετο
2294 3130 2307 3142 ·
2344 3112 2464 3165 εἶτα
2495 3110 2684 3181 ἐπειδὴ
2706 3112 2913 3173 ἐκεῖνος
2947 3109 3111 3163 αὐτὸν
3140 3110 3577 3181 προεκαλέσατο,
3606 3111 3703 3165 καί

1998 3220 2163 3274 φησιν
2182 3219 2196 3233 ⁸
2226 3200 2291 3255 Τί
2322 3199 2403 3253 ἔτι
2452 3216 2541 3269 μοι
2568 3198 2782 3261 λείπει;
2816 3197 2938 3250 οὐδὲ
2983 3196 3107 3249 τότε
3155 3197 3345 3261 ἀπλῶς
3374 3194 3550 3264 εἶπεν,
3579 3197 3701 3251 Πώ-

1996 3290 2165 3362 λησόν
2202 3306 2295 3342 σου
2320 3287 2389 3341 τά
2414 3286 2755 3357 ὑπάρχοντα,
2781 3285 2919 3350 ἀλλ’,
2952 3287 3023 3339 El
3051 3284 3249 3351 θέλεις
3272 3286 3505 3352 τέλειος
3523 3283 3699 3352 εἶναι,

1996 3379 2192 3448 ὕπαγε
2214 3417 2231 3440 ,
2263 3372 2559 3441 πώλησόν
2600 3387 2720 3427 σου
2768 3371 2843 3426 τὰ
2873 3370 3259 3441 ὑπάρχοντα·
3292 3374 3386 3425 ἐπὶ
3417 3376 3484 3445 τῇ
3516 3377 3580 3444 σῇ
3615 3374 3700 3427 τί-

1998 3467 2135 3537 θημι
2162 3462 2392 3535 γνώμῃ,
2443 3463 2503 3515 σέ
2533 3461 2725 3531 κύριον
2769 3460 2910 3514 ποιῶ
2946 3461 3049 3529 τῆς
3099 3462 3479 3532 προαιρέσεως
3524 3464 3569 3529 ί,
3602 3464 3703 3518 οὐκ

1998 3556 2078 3617 εἰς
2104 3553 2353 3622 ἀνάγκην
2386 3550 2527 3619 άγω.
2558 3549 2659 3603 Διά
2690 3548 2850 3604 τοῦτο
2880 3550 2976 3603 καὶ
3010 3550 3220 3613 Παῦλος
3247 3550 3403 3604 οὐδὲν
3435 3552 3566 3623 περὶ
3603 3569 3704 3605 πε-

1996 3643 2117 3705 νίας
2156 3644 2269 3705 τοῖς
2317 3637 2609 3692 πλουτοῦσι
2643 3637 2938 3705 διελέγετο,
2996 3636 3136 3690 ἀλλά
3178 3638 3308 3709 περὶ
3335 3656 3703 3711 ταπεινοφρο-

1998 3731 2189 3802 σύνης,
2221 3729 2311 3782 διά
2333 3746 2394 3783 τε
2419 3729 2519 3799 τὴν
2549 3726 2839 3780 ἀσθένειαν
2865 3726 2975 3779 τῶν
3006 3725 3335 3792 ἀκουόντων,
3364 3728 3461 3781 καὶ
3488 3728 3549 3781 τὸ
3574 3729 3706 3798 σφό-

1997 3818 2100 3891 δρα
2126 3817 2345 3880 είδὲναι,
2379 3817 2460 3870 ὅτι
2494 3816 2557 3869 τὸ
2591 3814 2906 3887 μετριάζειν
2931 3814 3027 3867 καὶ
3058 3814 3319 3877 ἀπονοίας
3345 3814 3701 3887 ἀπηλλάχθαι

1998 3909 2218 3979 ποιήσει
2250 3906 2461 3977 ταχέως
2485 3904 2686 3967 αὐτοὺς
2711 3903 2806 3956 καὶ
2840 3904 2940 3974 τῆς
2965 3903 3098 3973 περὶ
3123 3902 3217 3956 τοῦ
3250 3904 3503 3957 πλουτεῖν
3528 3906 3707 3959 ἀπαλ-

1998 3996 2233 4066 λαγῆναι
2283 3993 2544 4064 σπουδῆς.
2582 3988 2717 4046 Εἶτα
2768 3992 3112 4063 παραινέσας
3158 3990 3234 4061 μὴ
3282 3991 3703 4065 ὑψηλοφρονεῖν,

1998 4082 2249 4150 ἐδίδαξεὶ
2294 4083 2388 4136 καὶ
2420 4082 2513 4135 τὸν
2543 4080 2768 4151 τρόπον,
2799 4079 2924 4132 καθ’
2970 4079 3030 4131 ὃν
3078 4079 3404 4148 δυνήσονται
3443 4081 3518 4151 μὴ
3565 4081 3706 4152 ὑφησ-

1997 4170 2299 4243 λοφρονεϊν.
2342 4170 2440 4233 Τίς
2470 4169 2529 4222 δέ
2564 4162 2721 4231 οὗτός
2764 4169 2951 4232 ὲστιν;
2988 4168 3052 4220 Εἰ
3082 4165 3177 4219 τοῦ
3213 4167 3445 4221 πλούτου
3479 4168 3578 4239 τὴν
3606 4170 3708 4239 φύ-

2000 4278 2084 4314 σιν
2116 4257 2508 4328 καταμάθοιεν,
2545 4258 2621 4321 ὡς
2652 4255 2847 4327 ἄδηλός
2891 4255 2975 4317 τίς
3016 4256 3133 4308 ἐστι
3171 4256 3571 4320 καὶάπιστος,
3618 4257 3707 4312 διὰ

1995 4346 2156 4400 τοῦτο
2196 4348 2466 4417 ἐπήγαγε·
2505 4344 2675 4412 Μηδὲ
2716 4343 3036 4419 ἠλπικέναι
3080 4342 3181 4396 ἐπὶ
3232 4345 3506 4398 πλούτου
3542 4344 3706 4411 ἁδη-

1996 4436 2239 4503 λόιηητι.¹
2277 4433 2542 4498 Πλούσιός
2572 4434 2722 4487 ἐστιν
2747 4432 2846 4503 οὐχ
2875 4434 2904 4485 6
2934 4432 3105 4485 πολλά
3135 4433 3498 4503 κεκτημένος,
3534 4433 3650 4486 ἀλλ’
3676 4437 3706 4488 6

1998 4524 2171 4577 πολλά
2198 4524 2405 4587 διδούς·
2450 4522 2705 4585 πλούσιος
2754 4518 2822 4593 ἦν
2860 4523 2888 4573 6
2932 4522 3209 4593 Ἀϐραὰμ,
3246 4522 3361 4575 ἀλλ’
3402 4523 3463 4575 οὐ
3512 4523 3707 4595 (9:169-
3742 4578 3745 4581 ,

1996 4630 2164 4685 γυρος
2191 4630 2205 4644 ·
2233 4615 2295 4666 οὐ
2342 4612 2451 4684 γὰρ
2482 4611 2839 4683 περιεσκόπει
2873 4611 2972 4681 τὴν
3014 4610 3109 4663 τοῦ
3152 4612 3323 4675 δεῖνος
3353 4612 3551 4679 οίκίαν,
3584 4614 3705 4666 οὐδὲ

1996 4700 2417 4772 περιειργάζετο
2451 4702 2553 4771 τήν
2584 4700 2680 4753 τοῦ
2727 4701 2901 4763 δεῖνος
2929 4699 3151 4753 οὐσίαν·
3186 4700 3303 4753 ἀλλ’
3353 4699 3514 4765 ἐξιὼν
3552 4718 3708 4773 περι-

1997 4785 2221 4837 εσκόπει
2258 4785 2333 4855 μή
2382 4801 2484 4837 που
2521 4784 2704 4850 ξένος,
2734 4787 2807 4854 μή
2844 4801 2946 4836 που
2975 4784 3147 4855 πένης
3172 4826 3186 4849 ,
3217 4784 3357 4837 ὥστε
3412 4785 3707 4857 διορθῶσαι

1995 4868 2097 4937 τὴν
2140 4867 2371 4930 πενίαν,
2422 4867 2566 4920 ὥστε
2612 4867 2977 4931 ὐποδέξασθαι
3023 4868 3117 4921 τὸν
3167 4869 3369 4939 ὁδίτην.
3410 4870 3486 4922 Οὐ
3517 4870 3707 4941 χρυσῷ

1996 4949 2088 5002 τὸν
2149 4950 2349 5021 ὄροφον
2379 4949 2623 5021 ἤλειφεν,
2660 4950 2797 5003 ἀλλά
2837 4950 2991 5021 παρά
3026 4952 3128 5021 τὴν
3180 4951 3312 5021 δρῦν
3352 4952 3570 5022 ἐκείνην
3604 4952 3706 5023 τὴν

1998 5033 2245 5104 καλύὸην
2275 5035 2615 5105 πηξάμενος,
2642 5037 2707 5105 τῇ
2743 5035 2852 5089 τῶν
2886 5034 3103 5103 φύλλων
3135 5037 3361 5105 ἠρκεῖτο
3398 5038 3529 5107 σκιᾷ
3552 5054 3567 5067 ·
3610 5039 3706 5092 καὶ

1996 5113 2143 5168 οὕτω
2171 5114 2428 5187 λαμπρὸν
2456 5111 2524 5187 ἦν
2562 5116 2713 5185 αὐτῷ
2747 5117 2808 5169 :6
2846 5116 3225 5185 καταγώγιον,
3256 5118 3333 5181 ὡς
3366 5118 3503 5188 μηδὲ
3537 5119 3707 5189 ἀγγέ-

1995 5198 2125 5262 λους
2177 5201 2610 5270 ὲπαισχυνθῆναι
2658 5201 2758 5271 τὴν
2805 5203 2939 5273 παρ’
2983 5202 3178 5273 ἐκείνῳ
3226 5203 3438 5272 μονήν’
3494 5204 3554 5255 οὐ
3595 5204 3706 5275 γὰρ

1997 5282 2363 5354 λαμπρότητα
2423 5283 2603 5346 οἰκίας
2664 5282 2997 5353 ἐπεζήτουν,
3048 5284 3183 5337 ἀλλά
3245 5283 3427 5354 ψυχῆς
3474 5284 3701 5355 ἀρετήν.

1998 5364 2203 5418 Τοῦτον
2244 5366 2309 5436 δὴ
2360 5366 2455 5419 καὶ
2506 5368 2667 5437 ήμεῖς
2712 5365 3105 5437 μιμησώμεθα,
3154 5366 3454 5435 ἀγαπητοὶ,
3490 5364 3589 5417 καὶ
3632 5370 3703 5437 τὰ

1994 5448 2126 5503 ὄντα
2151 5451 2231 5512 εἰς
2254 5452 2380 5512 τοὺς
2402 5450 2696 5521 δεομένους
2717 5448 3121 5519 ἀναλίσκωμεν.
3160 5448 3610 5519 Ἐσχεδιασμένον
3633 5443 3704 5519 ἦν

1996 5533 2175 5586 ἐκεῖνο
2211 5533 2274 5586 τὸ
2306 5534 2677 5604 καταγώγιον,
2709 5534 2847 5587 ἀλλά
2883 5533 2993 5588 τῶν
3021 5533 3323 5605 βασιλικῶν
3358 5533 3537 5588 αὐλῶν
3560 5532 3703 5603 λαμ-

1996 5617 2263 5687 πρότερον
2296 5611 2385 5687 ἦν.

2066 5698 2335 5763 Βασιλεὺς
2350 5700 2528 5765 οὐδεὶς
2551 5701 2810 5755 οὐδέποτε
2832 5701 3103 5771 ἀγγέλους
3125 5699 3441 5767 ὑπεδέξατο,
3462 5702 3489 5755 6
3514 5701 3573 5755 δὲ
3601 5702 3708 5757 ὐπὸ

2061 5842 2087 5921 ξ
2118 5841 2463 5921 §6xil._etnqlii
2487 5844 2575 5921 οὐκ
2586 5846 2653 5921 ἀν
2675 5844 2875 5921 εύπορος
2907 5844 2980 5921 εἰς]
3004 5846 3139 5893 ποτέ.

2062 5904 2087 5968 ις
2115 5904 2215 5968 ᾼίἱὶ
2232 5907 2329 5953 τῶν
2349 5906 2499 5955 ἰδίων.
2528 5905 2655 5954 Infra
2677 5904 2761 5968 alii
2786 5904 2994 5968 ύποστῇ.

2070 5965 2089 6031 l_
2118 5965 2202 6031 Sjc
2220 5968 2429 6031 maxima
2450 5982 2565 6031 pars
2582 5981 2702 6017 mss.
2717 5966 2872 6017 Savil.
2888 5965 3056 6031 autem
3080 5974 3131 6015 et
3146 5967 3331 6031 More].
3346 5975 3432 6027 τῆς
3454 5970 3703 6031 αἱρέσεως.

2073 6026 2092 6080 ἰ
2132 6026 2321 6079 Omnes
2343 6026 2543 6092 ἐδίδαιι,
2565 6038 2750 6094 prater
2772 6030 2947 6080 More].
2974 6031 3059 6093 qui
3081 6030 3233 6079 habet
3258 6026 3424 6079 ιδειξε.
3509 6026 3519 6031 ’
3586 6060 3589 6061 ν
