4196 6316
538 365 597 418 41
1276 353 1337 410 S.
1379 351 1666 409 JOANNIS
1703 353 2201 411 CHRYSOSTOMI
2237 352 2563 411 ARCHIEP.
2608 350 3164 410 CONSTANTINOP.

532 470 633 540 τὴν
670 467 800 541 δρῦν
841 467 1150 539 καθήμενος
1196 468 1411 540 ἐκείνην
1457 471 1552 523 καί
1604 469 1847 541 καλύϐην
1896 470 2207 542 πηξάμενος

532 555 738 627 ηξιώθη
770 555 867 626 τῆς
923 558 1090 625 τιμῆς
1139 555 1376 626 ταύτης,
1407 556 1468 607 οὐ
1516 557 1604 609 διὰ
1644 558 1741 627 τὴν
1791 556 2071 611 εὐτέλειαν
2110 558 2210 626 τῆς

533 643 710 707 οἰκίας
750 642 1035 714 τιμηθεὶς,
1077 643 1212 697 ἀλλά
1250 642 1336 696 διὰ
1373 644 1472 714 τὴν
1523 644 1872 697 πολυτέλειαν
1904 645 2002 715 τῆς
2030 645 2207 727 ψυχῆς

532 731 627 785 καί
662 730 752 784 τὸν
781 732 1201 802 ἐναποκείμενον
1240 731 1470 784 πλοῦτον
1496 734 1631 803 αὐτῇ
1666 732 1869 801 ταύτης
1894 733 2207 795 ἀπολαύσας

531 819 632 888 τῆς
659 817 889 888 δωρεᾶς.
921 819 1029 871 Καὶ
1076 820 1237 887 ἡμεῖς
1266 819 1444 871 τοίνυν
1485 820 1558 890 μὴ
1589 818 1685 882 τὰς
1712 820 1889 882 οἰκίας
1933 818 2207 873 καλλωπί-

532 903 736 975 ζωμεν,
788 906 922 959 ἀλλά
967 905 1069 975 πρὸ
1098 906 1196 975 τῆς
1224 906 1399 969 οἰκίας
1432 906 1527 977 τὴν
1561 908 1736 977 ψυχὴν
1770 907 1867 977 τὴν
1910 908 2203 978 ἡμετέραν.

532 993 657 1056 Πῶς
686 994 795 1063 γὰρ
823 995 920 1045 οὐκ
966 993 1185 1064 αἰσχρὸν
1220 994 1529 1065 μαρμάροις
1561 995 1658 1064 μὲν
1702 995 2047 1065 περιϐάλλειν
2080 996 2206 1058 τοὺς

530 1082 744 1150 τοίχους
766 1082 885 1151 εἰκῆ
925 1083 1016 1133 καὶ
1049 1083 1246 1151 μάτην,
1274 1083 1364 1134 τὸν
1392 1083 1449 1134 δέ
1485 1082 1718 1152 Χριστὸν
1745 1084 1949 1153 γυμνὸν
1981 1101 2137 1153 περιε
2148 1100 2191 1154 ρ-

530 1165 759 1234 χόμενον
790 1170 1079 1237 περεορᾷν;
1119 1169 1183 1220 Τί
1214 1185 1295 1219 σοι
1317 1169 1417 1236 τῆς
1450 1170 1624 1231 οἰκίας
1662 1170 1879 1236 ὄφελος,
1915 1169 2194 1235 ἄνθρωπε;

531 1246 606 1316 μὴ
631 1246 739 1315 γὰρ
769 1245 947 1310 λαϐὼν
973 1248 1143 1315 αὐτὴν
1166 1246 1441 1317 ἁπελεύσῃ
1471 1267 1484 1309 ;
1532 1246 1646 1319 [‘28]
1680 1248 1755 1301 06
1784 1248 1989 1318 ταύτην
2027 1249 2213 1303 λαϐὼν

526 1333 802 1404 ἀπελεύση
827 1346 873 1396 ι,
900 1334 997 1402 τὴν
1023 1334 1079 1386 δέ
1103 1334 1276 1405 ψυχὴν
1302 1334 1574 1407 ἀπελεύσῃ
1606 1337 1819 1399 πάντως
1836 1336 2031 1392 λαϐών.
2070 1339 2204 1391 Ἰδοὺ

527 1416 769 1477 τοιοῦτος
815 1415 1055 1478 κίνδυνος
1108 1417 1374 1470 κατέλαϐε
1420 1417 1533 1469 νῦν·
1586 1422 2021 1490 παραστήτωσαν
2075 1421 2206 1490 ἡμῖν

528 1504 586 1555 αἰ
619 1502 820 1564 οἰκίαι,
862 1502 1178 1555 λυσάτωσαν
1224 1505 1359 1573 ήμῖν
1393 1504 1481 1555 τὸν
1516 1506 1893 1575 ἐπηρτημένον
1941 1506 2202 1559 κίνδυνονο

529 1590 641 1641 ἀλλ’
670 1591 732 1642 οὐ
760 1591 1099 1661 δυνήσονται.
1136 1592 1244 1644 Καὶ
1277 1592 1553 1661 μάρτυρες
1583 1593 1740 1662 ὑμεῖς
1777 1594 1825 1645 οἰ
1858 1593 2203 1661 καταλιμπά-

528 1692 711 1738 νοντες
751 1677 933 1738 αὐτὰς
961 1678 1199 1749 ἐρήμους
1224 1718 1236 1738 .
1271 1680 1363 1735 καὶ
1402 1679 1538 1749 πρὸς
1586 1680 1683 1749 τὴν
1730 1681 1965 1751 ἐρημίαν
2002 1682 2206 1750 ἀποτη-

522 1761 741 1829 δῶντες,
766 1765 1017 1837 καθάπερ
1059 1769 1292 1835 παγίδας
1345 1771 1439 1824 καὶ
1468 1772 1659 1824 δίκτυα
1696 1773 2011 1837 δεδοικότες.
2065 1776 2199 1846 Βοη-

521 1849 684 1903 θείτω
714 1852 785 1915 τὰ
814 1854 1075 1924 χρήματα
1098 1854 1193 1908 νῦν
1213 1872 1225 1884 ·
1251 1856 1368 1909 ἀλλ’
1392 1858 1491 1911 οὐκ
1514 1858 1624 1927 ἔχει
1657 1860 1866 1927 καιρόν.
1900 1861 1961 1912 Εἰ
1987 1861 2042 1913 δὲ
2071 1861 2199 1915 ἔνθα

520 1934 809 2005 ἀνθρώπου
842 1940 978 2009 ὀργὴ
1003 1978 1015 1999 ,
1055 1942 1354 2012 χρημάτων
1398 1944 1679 2013 ἐλέγχεται
1730 1946 1976 2017 δύναμις,
2022 1948 2198 2019 πολλῷ

524 2022 725 2089 μᾶλλον
758 2025 847 2076 ἐπὶ
879 2024 972 2077 τοῦ
1004 2027 1149 2078 θείου
1182 2030 1275 2080 καὶ
1318 2029 1618 2083 ἀδεκάστου
1656 2031 2006 2103 δικαστηρίου
2041 2035 2199 2087 τοῦτο

519 2109 823 2178 γενήσεται.
842 2111 904 2163 Εἰ
929 2112 1215 2181 ἄνθρωπός
1240 2118 1385 2167 ἐστιν
1410 2118 1435 2167 6
1465 2117 1895 2187 παροξυνόμενος
1922 2122 2015 2173 καί
2033 2124 2190 2189 ἀγαν-

517 2195 699 2246 ακτῶν
723 2236 737 2260 ,
776 2199 869 2250 καὶ
936 2200 1087 2251 οὐδὲν
1119 2204 1269 2270 ἡμᾶς
1304 2204 1365 2254 τὸ
1392 2206 1616 2273 χρυσίον
1654 2206 1851 2273 ὠφελεῖ
1869 2206 1983 2271 νῦν,
2018 2208 2195 2280 πολλῷ

521 2281 723 2350 μᾶλλον
751 2284 1106 2355 ὀργιζομένου
1152 2289 1244 2340 τοῦ
1277 2291 1413 2343 Θεοῦ
1443 2292 1535 2344 τοῦ
1576 2293 1648 2363 μὴ
1691 2294 1945 2364 δεομένου
1977 2299 2194 2366 χρημά-

514 2384 654 2430 των,
686 2370 976 2441 ἀσθενήσει
1008 2374 1225 2437 πάντως
1259 2377 1354 2428 τοῦ
1392 2381 1619 2448 χρυσίου
1649 2384 1680 2451 ῆ
1713 2382 1962 2451 δύναμις.
2002 2386 2195 2447 Οἰκίας

514 2455 964 2526 οἰκοδομούμεθα,
1012 2460 1097 2511 ἵνα
1126 2462 1384 2531 οἰκῶμεν,
1413 2466 1507 2535 οὐχ
1537 2468 1621 2519 ἵνα
1655 2469 2068 2539 φιλοτιμώμεθα
2123 2472 2194 2523 Τὸ

518 2541 698 2607 μεῖζον
725 2542 825 2611 τῆς
857 2545 1066 2615 χρείας,
1098 2550 1352 2618 περιττὸν
1384 2553 1481 2615 τῆς
1512 2554 1701 2622 χρείας
1731 2556 1847 2607 ἐστί
1886 2556 1978 2608 καὶ
2020 2556 2193 2629 ἄχρη-

516 2644 658 2681 στον.
708 2630 1003 2701 ’Υπόδησαι
1054 2636 1306 2707 ὑπόδημα
1346 2638 1439 2690 τοῦ
1487 2641 1643 2703 ποδὸς
1688 2640 1905 2711 μεῖζον·
1944 2644 2059 2697 ἀλλ’
2092 2648 2191 2698 οὐκ

513 2713 676 2785 ἀνέξῃ
702 2733 714 2744 ·
760 2720 1039 2791 ἐμποδίζει
1067 2724 1176 2792 γάρ
1216 2740 1296 2776 σοι
1330 2727 1465 2796 πρὸς
1507 2728 1604 2797 τὴν
1638 2728 1845 2796 βάδισιν
1867 2746 1878 2757 ·
1920 2731 2061 2784 οὕτω
2098 2736 2191 2786 καὶ

510 2804 659 2856 οἰκία
709 2807 909 2875 μείζων
957 2810 1054 2879 τῆς
1081 2812 1269 2879 χρείας
1302 2814 1583 2881 ἐμποδίζει
1625 2816 1760 2887 πρὸς
1789 2817 1887 2888 τὴν
1921 2822 2001 2881 εἰς
2029 2821 2193 2890 οὐρα-

510 2889 635 2951 νοὺς
672 2893 1002 2964 ἀποδημίαν.
1049 2897 1235 2950 Βούλει
1284 2899 1543 2970 λαμπράς
1577 2904 1686 2963 καὶ,
1711 2904 1954 2972 μεγάλας
1988 2889 2191 2961 οἰκοδο-

511 2980 633 3047 μεῖν
664 2981 879 3046 οἰκίας;
911 2985 971 3035 οὐ
1001 2985 1214 3050 κωλύω,
1254 2988 1387 3040 ἀλλά
1426 2990 1500 3059 μὴ
1533 2990 1626 3043 ἐπὶ
1654 2992 1759 3061 γῆς
1784 3011 1796 3021 ·
1834 2994 2190 3065 οίκοδόμησον

509 3068 717 3135 σκηνάς
764 3071 823 3121 ἐν
852 3070 1133 3141 οὐρανοῖς,
1167 3074 1252 3126 ἵνα
1311 3077 1405 3127 καὶ
1450 3077 1673 3146 ἐτέρους
1704 3080 2065 3145 ὑποδέξασθαι
2094 3084 2189 3136 δυ-

507 3152 697 3223 νηθῇς,
752 3158 953 3226 σκηνὰς
1009 3159 1263 3212 οὐδέποτε
1323 3163 1756 3233 καταλυομένας.
1817 3169 1882 3219 Τί
1937 3170 2190 3242 μέμηνας

509 3241 731 3310 περίτά
761 3242 1050 3311 φεύγοντα,
1086 3248 1181 3299 καὶ
1207 3249 1273 3300 τὰ
1310 3249 1495 3302 ἐνθάδε
1535 3251 1797 3320 μένοντα;
1843 3256 2009 3308 Οὐδὲν
2054 3241 2189 3327 σφα-

506 3327 810 3401 λερώτερον
842 3332 1095 3398 πλούτου,
1128 3340 1368 3407 σήμερον
1398 3342 1536 3409 μετὰ
1568 3344 1683 3407 σοῦ,
1710 3346 1804 3397 καὶ
1833 3346 2020 3418 αῦριον
2051 3351 2189 3403 κατά

507 3415 601 3468 σοῦ
624 3456 637 3477 ,
666 3422 793 3481 τοὺς
819 3420 927 3472 τῶν
972 3421 1260 3491 βασκάνων
1288 3427 1601 3499 ὀφθαλμοὺς
1630 3434 1839 3498 ὁπλίζει
1885 3438 2152 3491 πάντοθεν
2170 3458 2184 3470 ·

507 3504 763 3574 πολέμιός
817 3510 964 3561 ἐστιν
1002 3511 1331 3582 ὁμόσκηνος,
1362 3518 1555 3586 ἐχθρὸς
1604 3520 1851 3586 σύνοικος
1874 3542 1885 3554 ·
1924 3527 2016 3578 καὶ
2043 3528 2185 3598 μάρ-

504 3606 666 3661 τυρες
695 3595 854 3664 ὑμεῖς
882 3599 930 3648 οἰ
962 3602 1310 3670 κεκτημένοι,
1334 3605 1381 3655 οἰ
1418 3608 1583 3659 παντὶ
1605 3611 1793 3681 τρόπῳ
1825 3595 2186 3684 κατορύττον-

503 3696 594 3742 τες
629 3681 791 3734 αὑτδν
830 3687 925 3736 καὶ
955 3688 1403 3759 ἀποκρύπτοντες
1428 3711 1442 3724 ο
1474 3696 1597 3747 ἐπεὶ
1640 3700 1734 3751 καὶ
1770 3700 1864 3752 νῦν
1887 3702 1977 3755 τὸν
2005 3704 2185 3756 κίνδυ-

505 3783 594 3820 νον
620 3770 1021 3842 ἀφορητότερον
1066 3778 1197 3844 ἡμῖν
1216 3781 1243 3829 6
1268 3779 1495 3844 πλοῦτος
1516 3788 1677 3856 ποιεῖ.
1720 3787 1884 3856 Ὀρᾷς
1906 3790 2035 3856 γοῦν
2059 3793 2185 3855 τοὺς

506 3856 607 3922 μὲν
643 3857 883 3926 πένητας
936 3861 1205 3926 εὐζώνους
1245 3868 1339 3919 καί.
1390 3869 1848 3940 ἀπολελυμένους,
1902 3878 1994 3929 καὶ
2050 3879 2186 3948 πρὸς

503 3944 720 3999 ἅπαντα
766 3954 1352 4021 παρεσκευασμένους”
1386 3960 1510 4020 τοὺς
1539 3959 1595 4011 δὲ
1643 3962 1933 4026 πλουσίους
1984 3966 2185 4037 πολλὴν

500 4032 726 4101 ἔχοντας
749 4035 1037 4091 δυσκολίαν
1059 4081 1073 4105 ,
1120 4043 1211 4094 καί
1240 4045 1552 4115 περιιόντας
1575 4087 1589 4110 ,
1626 4052 1717 4102 καί¹
1755 4048 2055 4120 ζητοῦντας
2081 4057 2182 4109 ποῦ

498 4121 561 4173 τὸ
587 4123 807 4192 χρυσίον
841 4126 1202 4198 κατορύξωσι,
1236 4130 1534 4200 ζητοῦντας
1562 4136 1667 4188 τίνι
1694 4141 2014 4194 κατάθοιντο
2034 4144 2082 4196 b.
2118 4145 2182 4196 Τί

501 4205 685 4278 ζητεῖς
705 4249 719 4273 ,
765 4212 1038 4282 ἄνθρωπε,
1069 4219 1202 4280 τοὺς
1229 4221 1586 4288 ὁμοδούλους;
1619 4226 1850 4297 ἕστηκεν
1880 4230 1907 4282 6
1948 4229 2183 4300 Χριστὸς

502 4297 717 4366 ἕτοιμος
740 4299 1123 4364 ὑποδέξασθαι,
1160 4308 1254 4358 καὶ
1281 4309 1518 4379 τηρῆσαί
1547 4328 1629 4364 σοι
1656 4315 1753 4377 τὰς
1791 4319 2180 4390 παρακαταθή-

502 4399 605 4446 κας
627 4425 641 4450 ,
670 4385 792 4455 οὺχί
824 4391 1060 4460 τηρῆσαι
1100 4391 1154 4444 δὲ
1196 4397 1378 4463 μόνον,
1412 4384 1561 4450 ’ἀλλά
1607 4402 1701 4453 καὶ
1736 4384 2047 4470 πλεονάσαι,
2085 4384 2179 4461 καὶ

502 4472 641 4542 μετά
671 4472 874 4543 πολλῆς
905 4477 1310 4551 ἀποδοῦναιτῆς
1341 4484 1661 4555 προσθήκης
1687 4506 1699 4517 υ
1742 4490 1806 4541 ἐκ
1836 4490 1931 4561 τῆς
1970 4494 2176 4547 ἐκείνου

497 4562 679 4632 χειρὸς
711 4563 885 4627 οὐδεὶς
913 4565 1167 4636 ἁρπάζει.
1201 4571 1274 4622 Οὐ
1292 4576 1451 4644 τηρεῖ
1470 4575 1525 4627 δέ
1557 4577 1715 4645 μόνον
1734 4578 1833 4641 τὰς
1865 4597 2181 4652 παρακατα-

500 4648 692 4718 θήκας,
732 4652 871 4705 ἀλλά
901 4655 995 4706 καὶ
1029 4656 1167 4727 ὑπὲρ
1201 4658 1365 4712 αὑτοῦ
1395 4661 1586 4715 τούτου
1621 4663 1735 4717 λύει
1767 4684 1846 4719 σοι
1898 4648 2024 4733 τοὺς
2056 4691 2175 4725 κιν-

496 4736 706 4803 δύνους.
758 4741 881 4794 Ἐπὶ
910 4743 1010 4812 μὲν
1040 4744 1150 4815 γὰρ
1194 4746 1302 4801 τῶν
1345 4749 1649 4820 ἀνθρώπων
1694 4756 1741 4806 οἰ
1771 4754 2053 4826 δεξάμενοι
2078 4761 2176 4824 τὰς

498 4828 969 4899 παρακαταθήκας
994 4832 1153 4902 χάριν
1182 4834 1311 4903 ἡμῖν
1334 4836 1621 4891 δεδωκέναι
1650 4843 1949 4910 νομίζουσι,
1976 4847 2172 4914 φυλάτ-

494 4932 678 4979 τοντες
717 4917 859 4989 άπερ
904 4919 1129 4973 ἐλαϐον·
1182 4924 1274 4975 ἐπὶ
1307 4925 1362 4978 δὲ
1405 4928 1497 4980 τοῦ
1543 4931 1780 4999 Χριστοῦ
1830 4935 2170 4991 τούναντίον·

493 5004 554 5056 οὐ
589 5004 699 5075 γάρ
748 5006 1039 5061 δεδωκέναι
1093 5011 1252 5081 χάριν
1279 5053 1293 5075 ,
1342 5014 1457 5067 ἀλλ’
1511 5017 1790 5088 εἰληφέναι
1829 5024 2009 5094 χάριν,
2045 5027 2171 5081 ὅταν

492 5091 715 5163 δέξηταί
743 5110 836 5147 σου
870 5096 969 5159 τὰς
1015 5100 1508 5173 παρακαταθήκας,
1550 5109 1732 5174 φησὶν,
1778 5091 1869 5163 καί,
1905 5091 2044 5184 ῦπὲρ
2073 5118 2172 5186 τῆς

494 5179 740 5251 φυλακῆς
772 5183 968 5254 αὐτῆς,
1003 5184 1069 5253 ἢν
1105 5188 1233 5256 περί¹
1270 5187 1339 5241 τά
1386 5192 1645 5262 χρήματα
1690 5179 2057 5254 ἐπιδείκνυται
2105 5179 2169 5258 τά

494 5266 585 5334 σά,
620 5269 720 5322 οὐκ
746 5271 969 5326 ἀπαιτεῖ
1006 5289 1066 5325 σε
1094 5274 1304 5343 μισθὸν,
1334 5277 1473 5331 ἀλλά
1497 5280 1680 5334 δίδωσί
1712 5301 1793 5337 σοι
1816 5286 2027 5355 μισθόν.

564 5363 637 5421 ς’.
667 5359 730 5411 Ἀ
742 5375 809 5430 ρα
840 5359 985 5424 τίνος
1006 5361 1072 5415 ἂν
1088 5364 1170 5433 εἰη
1181 5381 1281 5433 μεν
1292 5366 1586 5436 ἀπολογίας
1602 5370 1763 5437 ἄξιοι,
1791 5375 1935 5439 τίνος
1951 5376 2008 5429 δὲ
2039 5395 2172 5448 συγ⁴

493 5442 713 5517 γνώμης
739 5487 753 5509 ,
783 5447 928 5532 Ῠὸταν
981 5452 1420 5524 παρατρέχοντες
1455 5457 1546 5511 τὸν
1594 5462 1687 5513 καὶ
1734 5463 1966 5532 φυλάξαι
2003 5442 2167 5523 δυνά-

494 5531 804 5619 μενον-.-καὶ
832 5532 991 5619 χάριν
1019 5534 1158 5606 ὑπὲρ
1189 5536 1289 5607 τῆς
1320 5538 1570 5611 φυλακῆς
1599 5531 1796 5612 εἰδότα,
1824 5548 1917 5601 καὶ
1942 5551 2169 5619 μισθοὺς

489 5612 833 5706 ἀπρρῤήτους
857 5616 947 5669 καὶ
976 5619 1249 5706 μεγάλους
1287 5623 1605 5679 ἀποδιδόντα
1634 5628 1756 5681 ἀντὶ
1786 5632 1884 5701 τῆς
1918 5612 2167 5706 φυλακῆς

486 5693 692 5765 ταύτης
735 5701 847 5762 τοῖς
883 5702 1025 5756 κατά
1051 5703 1153 5775 τὴν
1202 5705 1451 5778 φυλακὴν
1483 5709 1688 5782 ταύτην
1721 5693 2037 5770 ἀσθενοῦσιν
2074 5693 2168 5770 οὑξ

681 5835 1094 5919 Ἢνᾼξ.
1112 5842 1331 5919 ῨΗαιεηίο
1352 5847 1537 5919 Savi_l_io
1554 5863 1816 5919 ειμι-εδει,
1840 5860 1897 5905 ιιι
1914 5870 2026 5919 quae
2048 5872 2164 5908 seu-

490 5898 845 5975 tthiﬁParles
866 5904 1054 5975 aptique
1075 5898 1387 5972 conneétant,
1412 5898 1872 5975 adﬁci—1666615611“.

550 5953 579 5992 ι)
597 5953 695 6008 Alii
727 5953 1150 6023 παρακᾶτάθοιντο.
1174 5953 1387 5972 “HW—ﬁ
1410 5986 1411 5989 ‘

3930 347 4006 402 ιε

2317 467 2581 542 θρώποις,
2628 471 2723 523 καὶ
2769 470 2928 539 χάριν
2973 468 3104 538 ήμῖν
3138 464 3343 521 διδόναι
3386 463 3689 533 νομίζουσι,
3725 462 3818 516 καὶ
3861 461 4021 535 μόνα-

2316 558 2458 611 αὑτὰ
2486 558 2556 611 τὰ
2580 557 2835 628 διδόμενα
2861 554 3202 609 ἀποδιδοῦσιν
3239 553 3364 606 ῦστε
3375 570 3485 624 ρον,
3512 553 3742 617 ἐκείνοις
3769 552 3839 605 τά
3863 550 4006 623 ὴμέ-

2308 660 2445 713 τερα
2492 644 2919 714 ἐγχειρίζωμεν;
2982 646 3143 706 Ξένος
3200 640 3251 696 εἰ
3306 645 3399 697 καὶ
3449 644 3833 715 παρεπίδημος
3886 646 4003 698 τῶν

2310 727 2574 791 ἐνταῦθα;
2600 727 2834 797 πατρίδα
2856 726 3001 797 ἔχεις
3023 728 3080 779 ἐν
3108 726 3379 796 οὐρανοῖς,
3405 728 3584 781 πάντα
3605 729 3722 779 ἐκεῖ
3739 726 3999 798 μετάθες,

2309 813 2427 887 129]
2470 815 2556 867 ἴνα
2585 814 2682 866 καὶ
2718 813 2826 885 πρὸ
2866 816 2969 885 τῆς
3000 814 3356 878 ἀπολαύσεως
3397 814 3629 870 ἐνταῦθα
3679 814 4003 888 ἀπολαύσῃς

2306 904 2408 973 τῆς
2429 904 2685 974 ἀμοιϐῆς.
2728 904 2786 957 Ὀ
2810 902 2920 974 γάρ
2945 907 3213 974 χρησταῖς
3235 906 3667 976 συντρεφόμενος
3695 906 3879 959 ἐλπίσι
3900 901 4001 960 καὶ

2307 992 2436 1063 περὶ
2483 991 2591 1044 τῶν
2630 990 2937 1060 μελλόντων
2972 990 3191 1063 θαρρῶν
3213 1030 3227 1053 ,
3268 990 3520 1045 ἐντεῦθεν
3556 993 3658 1063 ἤδη
3690 993 3811 1063 τῆς
3834 993 4001 1062 βασι-

2305 1077 2454 1142 λείας
2498 1078 2791 1145 ἐγεύσατο.
2826 1078 2991 1130 Οὐδέν
3020 1080 3128 1148 γὰρ
3160 1079 3303 1132 οὓτω
3328 1078 3721 1150 ψυχὴνεῖωθεν
3756 1082 4000 1133 ἀνακτᾶ-

2306 1165 2431 1218 σθαι
2466 1167 2560 1219 καί
2601 1166 2808 1236 ἀμείνω
2840 1169 3012 1219 ποιεῖν
3034 1207 3048 1231 ,
3098 1168 3175 1230 ὼς
3209 1170 3242 1237 ἡ
3294 1169 3507 1239 χρηστὴ
3546 1169 3654 1221 τῶν
3688 1169 4000 1239 μελλόντων

2303 1254 2476 1319 ἐλπὶς,
2504 1254 2597 1308 ἐὰν
2624 1256 2741 1307 ἐκεῖ
2766 1254 3009 1325 μεταθῇς
3028 1254 3122 1307 τὸν
3153 1254 3405 1323 πλοῦτον,
3433 1257 3525 1309 καὶ
3550 1257 3649 1327 τῆς
3672 1257 3850 1326 ψυχῆς
3876 1259 4001 1316 ἐπι-

2306 1340 2518 1412 μελήσῃ
2546 1344 2650 1410 τῆς
2682 1343 2913 1394 σεαυτοῦ
2955 1342 3092 1411 μετὰ
3124 1342 3323 1412 σχολῆς
3357 1344 3455 1413 τῆς
3490 1345 3894 1416 προσηκούσης.
3929 1347 3997 1399 Οἱ

2306 1426 2404 1494 μὲν
2433 1426 2541 1496 γάρ
2580 1428 2799 1482 ἃπασαν
2829 1429 2927 1497 τὴν
2963 1428 3199 1499 σπουδὴν
3242 1430 3321 1491 εἰς
3360 1429 3451 1482 τὸν
3481 1432 3868 1503 καλλωπισμὸν
3900 1451 3998 1486 κε-

2302 1514 2517 1576 νοῦντες
2573 1514 2673 1582 τῆς
2707 1515 2918 1568 ἑαυτῶν
2974 1517 3185 1583 οἰκίας,
3220 1521 3277 1571 ἐν
3306 1521 3418 1581 τοῖς
3457 1519 3561 1583 ἔξω
3611 1520 3997 1590 πλουτοῦντες,

2301 1600 2568 1670 ἀμελοῦσι
2594 1603 2703 1655 τῶν
2724 1602 2894 1666 ἔνδον,
2920 1603 3125 1675 ἔρημον
3156 1606 3249 1659 καὶ
3276 1606 3575 1676 αὐχμῶσαν
3599 1609 3692 1661 καί
3717 1611 3999 1680 ἀραχνίων

2311 1687 2590 1756 γέμουσαν
2620 1690 2988 1761 περιορῶντες
3022 1702 3043 1729 ε
3077 1691 3175 1761 τὴν
3213 1694 3419 1745 ἑαυτῶν
3458 1694 3669 1765 ψυχήνο
3699 1696 3764 1749 ἂν
3792 1698 3847 1750 δὲ
3884 1698 3999 1750 τῶν

2300 1775 2498 1839 ἔξωθεν
2536 1778 2935 1849 ἀμελήσαντες,
2962 1782 3040 1843 εἰς
3074 1782 3175 1851 τὴν
3206 1781 3414 1835 ἑαυτῶν
3446 1783 3685 1861 διάνοιαν
3728 1786 3825 1855 τὴν
3854 1804 3996 1857 προ-

2301 1860 2501 1931 θυμίαν
2526 1865 2988 1920 καταναλώσωσιν
3020 1868 3262 1933 ἅπασαν,
3294 1872 3635 1941 πανταχόθεν
3660 1874 3829 1944 αὐτὴν
3853 1874 3995 1927 καλ-

2299 1950 2649 2016 λωπίζοντες,
2710 1954 3051 2024 καταγώγιον
3084 1957 3240 2009 ἔσται
3286 1958 3364 2028 τῷ
3398 1961 3620 2031 Χριστῷ
3670 1962 3779 2014 τῶν
3814 1963 3996 2017 τοιούο

2299 2054 2408 2090 των
2462 2040 2769 2110 ἀνθρώπων
2821 2045 2852 2113 ἠ
2889 2044 3033 2114 ψυχή
3062 2062 3074 2073 '
3116 2046 3210 2097 τοῦ
3260 2046 3315 2099 δὲ
3366 2048 3455 2101 τὸν
3502 2049 3737 2117 Χριστὸν
3774 2050 3997 2120 ἔχοντος

2298 2124 2534 2188 ἕνοικον,
2570 2128 2622 2179 τί
2675 2130 2870 2197 γένοιτ’
2905 2132 2970 2183 ἂν
3014 2133 3434 2203 μακαριώτερον
3493 2137 3750 2203 πώποτε;
3801 2140 3995 2194 Βούλει

2299 2212 2549 2266 πλουτεῖν
2578 2232 2590 2278 ;
2616 2216 2705 2284 ἔχε
2738 2218 2891 2283 φίλον
2925 2219 3015 2270 τὸν
3040 2219 3195 2279 Θεὸν,
3228 2221 3324 2274 καὶ
3360 2223 3577 2275 πάντων
3612 2226 3997 2298 εὐπορώτερος

2298 2298 2412 2371 ἔσῃ.
2456 2302 2644 2355 Βούλει
2695 2304 2979 2371 πλουτεῖν;
3021 2306 3094 2377 μὴ
3125 2309 3265 2377 μέγα
3298 2311 3521 2385 φρόνει,-
3558 2313 3716 2364 τοῦτο
3750 2316 3809 2366 οὐ
3851 2316 3997 2384 πρὸς

2297 2387 2365 2437 τὰ
2414 2389 2711 2457 μέλλοντα,
2750 2393 2885 2446 ἀλλά
2938 2396 3029 2447 καὶ
3069 2397 3205 2466 πρὸς
3258 2398 3327 2450 τὰ
3378 2400 3619 2470 παρόντα
3649 2402 3991 2472 ἐπιτήδειον·

2297 2474 2449 2528 οὐδὲν
2508 2478 2617 2547 γάρ
2676 2479 2848 2542 οὕτως
2884 2481 3208 2549 ἐπίφθονον,
3254 2486 3329 2547 ώς
3378 2485 3665 2557 ἄνθρωπος
3709 2489 3993 2543 πλουτῶν

2294 2560 2422 2613 ὅταν
2449 2562 2504 2614 δὲ
2532 2564 2626 2615 καί
2657 2566 2885 2619 ἀπόνοια
2920 2572 3096 2639 προσῇ
3118 2611 3131 2633 ,
3166 2571 3388 2637 διπλοῦς
3426 2575 3452 2626 6
3477 2577 3723 2645 κρημνὸς
3753 2577 3992 2645 γίνεται,

2294 2648 2672 2721 χαλεπώτερος
2711 2654 2863 2722 παρά
2888 2656 3106 2708 πάντων
3131 2659 3158 2709 ὁ
3185 2658 3441 2728 πόλεμος,
3468 2664 3564 2713 Ἂν
3588 2662 3644 2713 δὲ
3672 2662 3995 2732 μετριάζειν

2294 2735 2460 2804 εἰδῇς,
2507 2739 2791 2811 ὑποτέμνῃ
2824 2740 2851 2779 ἀ
2889 2746 2956 2811 τῇ
3009 2746 3487 2820 ταπεινοφροσύνῃ
3540 2750 3640 2818 τῆς
3686 2750 3993 2820 βασκανίας

2294 2824 2391 2893 τὴν
2421 2829 2734 2897 τυραννίδα,
2766 2832 2858 2883 καὶ
2890 2832 3029 2900 μετά
3056 2833 3358 2901 ἀσφαλείας
3384 2836 3531 2907 ἔχεις
3556 2839 3700 2909 ἅπερ
3740 2840 3805 2893 ἂν
3834 2840 3990 2913 ἔχῃς.

2295 2913 2531 2983 Τοιαύτη
2568 2917 2676 2986 γάρ
2708 2916 2808 2987 τῆς
2831 2920 3037 2989 ἀρετῆς
3069 2923 3113 2991 ἡ,
3134 2922 3315 2990 φύσις,
3354 2926 3413 2976 οὺ
3448 2926 3585 2995 πρὸς
3621 2927 3691 2979 τὰ
3721 2928 3994 2997 μέλλοντα

2293 3000 2439 3068 ἡμᾶς
2475 3002 2677 3070 ώφελεῖ
2707 3005 2866 3073 μόνον
2892 3046 2905 3068 ,
2943 3007 3077 3061 ἀλλά
3113 3011 3205 3063 καὶ
3251 3011 3502 3065 ἐντεῦθεν
3540 3014 3641 3084 ήδη
3680 3014 3861 3068 δίδωσι
3886 3018 3994 3080 τὰς

2292 3088 2546 3156 ἀμοιϐάς.
2584 3091 2673 3160 Μὴ
2714 3092 2894 3145 τοίνυν
2947 3095 3088 3163 μέγα
3148 3099 3435 3170 φρονῶμεν
3484 3102 3576 3153 ἐπὶ
3618 3103 3695 3172 τῷ
3744 3104 3988 3176 πλούτῳ,

2290 3173 2427 3227 ἀλλὰ
2463 3176 2600 3247 μηδέ
2631 3180 2715 3245 ἐφ’
2738 3180 2912 3251 ἑτέρῳ
2942 3182 3151 3250 μηδενί.
3188 3186 3250 3236 Εἰ
3279 3186 3389 3256 γὰρ
3422 3188 3515 3240 ἐπὶ
3544 3192 3657 3251 τοῖς
3688 3173 3993 3262 πνευματι-

2292 3266 2406 3325 κοῖς
2436 3266 2463 3315 ὁ
2500 3267 2644 3334 μέγα
2694 3268 2906 3337 φρονῶν
2940 3271 3147 3340 οἴχεται
3178 3274 3272 3326 καὶ
3299 3275 3546 3329 ἀπόλωλε
3573 3318 3585 3338 ,
3624 3270 3805 3349 πολλῷ
3844 3280 3990 3350 μᾶλ-

2290 3349 2380 3400 λον
2414 3352 2505 3402 ἐπὶ
2544 3355 2654 3415 τοῖς
2686 3359 2990 3425 σαρκικοῖς,
3038 3360 3415 3431 Ἐννοήσωμεν
3459 3364 3619 3434 ἡμῶν
3661 3366 3760 3437 τὴν
3796 3368 3987 3435 φύσιν,

2290 3438 2739 3510 ἀναλογισώμεθα
2784 3444 2941 3513 ήμῶν
2985 3447 3055 3499 τὰ
3081 3448 3490 3520 ἁμαρτήματα,
3542 3454 3802 3524 μάθωμεν
3835 3457 3990 3522 τίνες

2290 3526 2497 3595 ἐσμὲν,
2554 3528 2649 3579 καὶ
2702 3532 2865 3599 ἀρκεῖ
2918 3532 3077 3588 τοῦτο
3112 3536 3193 3598 εἰς
3242 3538 3422 3604 πάσης
3473 3544 3990 3616 ταπεινοφροσύνης

2289 3613 2419 3682 ⁴ήμῖν
2452 3614 2729 3669 ὑπόθεσιν.
2764 3620 2853 3690 Μή
2889 3638 2979 3689 μοι
3009 3621 3155 3689 λέγε,
3190 3624 3272 3675 ὅτι
3304 3626 3488 3678 Τόσων
3516 3630 3611 3679 καὶ
3645 3630 3818 3683 τόσων
3842 3613 3987 3685 ἐτῶν

2287 3701 2580 3769 προσόδους
2615 3706 2991 3777 ἀποκειμένας
3035 3709 3180 3779 ἔχω,
3226 3714 3452 3783 χρυσίου
3499 3716 3735 3770 τάλαντα
3787 3720 3982 3790 μυρία,

2290 3793 2453 3865 κέρδη
2504 3795 2625 3848 καθ’
2662 3796 2899 3869 ἑκάστην
2940 3802 3348 3872 προσγινόμενα
3388 3804 3484 3875 τὴν
3516 3807 3752 3878 ἡμέραν.

2360 3883 2496 3933 Ὂσα
2526 3883 2591 3935 ἂν
2616 3885 2794 3956 εἴπῃς,
2833 3886 3008 3938 πάντα
3036 3890 3159 3959 εἰκῆ
3184 3892 3278 3943 καὶ
3307 3892 3481 3963 μάτην
3508 3896 3681 3965 ἐρεῖς·
3711 3896 3981 3963 πολλάκις

2288 3967 2344 4019 ἐν
2374 3966 2494 4039 ὥρα⁵
2531 3972 2650 4055 μιᾷ,
2677 3973 2769 4023 καὶ
2798 3972 3028 4045 βραχείᾳ
3056 3977 3250 4047 καιροῦ
3286 3980 3448 4050 ῥοπῇ.
3479 3982 3733 4053 καθάπερ
3767 3984 3979 4055 ἀνέμου

2286 4043 2689 4125 προσπεσόντος
2750 4058 2955 4113 ἄνωθεν
3012 4062 3160 4126 κόνις
3212 4064 3551 4136 εὑρίπιστος,
3607 4068 3751 4121 οῦτω
3798 4070 3980 4124 ταῦτα

2286 4141 2461 4195 πάντα
2492 4144 2792 4211 ἐκφυσᾶται
2818 4148 2917 4218 τῆς
2944 4150 3140 4213 οἰκίας.
3170 4152 3279 4204 Καὶ
3305 4153 3510 4207 τούτων
3552 4156 3769 4227 πλήρης
3807 4158 3907 4227 μὲν
3947 4163 3979 4213 6

2285 4228 2399 4297 βίος
2431 4233 2565 4301 ήμῖν
2598 4233 2704 4316 τῶν
2742 4236 3223 4306 παραδειγμάτων,
3280 4240 3507 4312 πλήρεις
3556 4243 3614 4295 δὲ
3655 4247 3710 4297 αἱ
3756 4245 3795 4296 Γ
3800 4250 3975 4316 ραφαί

2281 4312 2389 4365 τῶν
2414 4313 2778 4383 διδαγμάτων·
2804 4318 2833 4368 6
2863 4319 3102 4388 σήμερον
3129 4321 3404 4386 πλούσιος,
3448 4324 3637 4399 αὔριον
3662 4312 3851 4397 πένης.
3878 4312 3975 4384 Διὸ

2281 4395 2375 4447 καὶ
2394 4396 2652 4460 πολλάκις
2677 4399 2916 4466 ἐγέλασα
2948 4401 3213 4473 διαθήκας
3245 4395 3637 4474 ἀναγινώσκων
3682 4395 3971 4479 λεγούσας·

2292 4479 2349 4532 '0
2370 4480 2518 4533 δεῖνα
2560 4480 2676 4564 ,μὲν
2705 4482 2877 4551 ἐχέτω
2908 4484 3005 4554 τὴν
3034 4486 3352 4542 δεσποτείαν
3384 4490 3495 4543 τῶν
3540 4492 3748 4563 ἀγρῶν,
3800 4494 3831 4564 ἦ
3870 4496 3976 4560 τῆς

2278 4563 2474 4649 οἰκίας,
2520 4562 2621 4649 τηαν
2652 4564 2708 4649 δὲ
2752 4567 2947 4636 χρῆσιν
2990 4568 3179 4632 ἄλλος⁸
3223 4572 3424 4637 πάντες
3465 4574 3574 4646 γὰρ
3622 4562 3727 4647 τὴν
3769 4562 3973 4649 χρῆσιν

2280 4642 2494 4715 ἔχομεν,
2531 4647 2630 4730 τῆν
2658 4647 2972 4703 δεσποτείαν
3000 4652 3055 4702 δὲ
3083 4654 3276 4717 οὐδείς.
3308 4657 3429 4710 Κᾶν
3456 4642 3567 4729 γὰρ
3599 4642 3751 4730 παρὰ
3771 4642 3971 4716 πᾶσαν

2279 4729 2410 4796 ἡμῖν
2431 4731 2529 4800 τὴν
2556 4728 2701 4800 ζωὴν
2735 4734 3026 4807 παραμένῃ
3055 4737 3324 4807 μηδεμίαν
3357 4728 3659 4811 μεταϐολὴν
3684 4728 3711 4796 6
3735 4744 3971 4820 πλοῦτος

2276 4812 2587 4882 δεχόμενος,
2623 4816 2714 4868 καὶ
2750 4817 2966 4881 ἐκόντες
3006 4821 3100 4872 καί
3148 4823 3372 4887 ἄκοντες
3413 4826 3470 4877 ἐν
3497 4829 3562 4896 τῇ
3602 4828 3828 4898 τελευτῇ
3857 4817 3969 4882 πα-

2279 4899 2672 4981 ραχωρήσομεν
2698 4900 2925 4971 ἑτέροις,
2962 4903 3061 4973 τὴν
3091 4905 3286 4976 χρῆσιν
3330 4909 3496 4961 αὑτοῦ
3526 4912 3967 4981 »καρπωσάμενοι

2278 4976 2458 5044 μόνον,
2488 4980 2585 5064 τῆς
2614 4980 2933 5046 δεσποτείας
2965 4984 3022 5037 δὲ
3053 4988 3251 5056 γυμνοὶ
3289 4990 3383 5042 καὶ
3422 4976 3621 5062 ἔρημοι
3646 4995 3783 5064 πρὸς
3811 4976 3968 5049 *ἐκεί-

2275 5075 2372 5145 νην
2414 5062 2821 5135 ἀποδημοῦντες
2872 5068 2971 5139 τὴν
3020 5069 3187 5142 ζωήν.
3213 5072 3378 5127 Ὅθεν
3426 5074 3607 5145 δῆλον,
3640 5062 3721 5130 ὅτι
3757 5079 3965 5135 ἐκεῖνοι

2275 5142 2427 5211 μόνοι
2456 5145 2554 5216 τὴν
2585 5147 2900 5203 δεσποτείαν
2924 5151 3158 5222 ἔχουσιν,
3182 5157 3233 5208 οἱ
3260 5157 3353 5210 κα)⁴
3375 5142 3751 5233 τῆς-χρήσεως
3788 5164 3963 5220 αὑτοῦ

2272 5230 2803 5296 καταφρονήσαντες,
2850 5235 2945 5286 καὶ
2998 5236 3099 5303 τῆς
3154 5230 3959 5309 ἀπολαύσεωςκαταγελάσαν-

2266 5324 2377 5371 τες.
2440 5309 2498 5361 ’0
2544 5308 2654 5378 γὰρ
2699 5309 2769 5361 τά
2818 5309 2947 5361 ὄντα
2997 5309 3198 5379 ῥίψας,
3247 5314 3339 5364 καὶ
3390 5318 3500 5380 τοῖς
3546 5308 3775 5388 πένησιν
3816 5324 3963 5380 αὐτὰ

2266 5390 2499 5460 διδοὺςο,
2532 5391 2805 5462 ἐχρήσατό
2846 5408 2907 5444 τε
2939 5393 3018 5455 εἰς
3060 5392 3177 5445 δέον
3223 5397 3338 5459 τοῖς
3383 5393 3541 5466 οὖσι,
3588 5402 3684 5455 καὶ
3725 5404 3823 5474 τὴν
3869 5407 3962 5461 δε-

2270 5478 2528 5532 σποτείαν
2553 5476 2733 5532 αὐτῶν
2756 5478 2895 5555 ἔχων
2927 5480 3190 5551 ἀπῆλθεν,
3217 5482 3343 5567 οὐδέ
3364 5486 3424 5536 ἐν
3452 5487 3600 5558 αὐτῷ
3633 5488 3710 5560 τῷ
3736 5491 3960 5567 θανάτῳ

2266 5564 2365 5633 τῆς
2386 5564 2636 5633 κτήσεως
2658 5562 2941 5616 ἐκπίπτων
2957 5564 3194 5635 ἐκείνης,
3217 5564 3329 5638 [50]
3352 5567 3466 5623 ἀλλ’
3484 5572 3541 5624 ἐν
3558 5573 3754 5644 ἐκείνῳ
3774 5562 3962 5633 πάντα
4034 5630 4037 5633 ,

2267 5648 2671 5719 ἀπολαμϐάνων
2699 5646 2778 5717 τῷ
2816 5647 3026 5718 καιρῷ,
3078 5651 3175 5703 καὶ
3216 5652 3397 5723 πολλῷ
3438 5656 3659 5711 πλείονα
3698 5660 3957 5727 ἐκείνων,

2266 5733 2397 5787 ὅταν
2428 5731 2612 5787 αὐτῶν
2647 5731 2881 5803 μάλιστα
2921 5733 3108 5803 δέηται
3140 5734 3242 5803 τῆς
3274 5739 3613 5805 προστασίας
3652 5743 3714 5797 ἐν
3741 5746 3808 5815 τῇ
3848 5745 3954 5815 τῆς

2331 5861 2357 5933 ξ
2578 5860 2905 5933 περιορῶντες,
2925 5858 3077 5908 Savil.
3115 5866 3171 5909 et
3191 5859 3272 5911 alii
3296 5867 3569 5926 περιορῶσι.

2331 5919 2359 5958 ἀ
2387 5919 2483 5969 Alii
2509 5919 2796 5980 ὑποτέμνεις.

2340 5984 2361 6005 ⁸
2397 5979 2545 6030 Savil.
2570 5979 2835 6044 etquidam
2860 5994 2975 6031 mss.
3001 5983 3204 6040 διαδούς.
