4196 6316
222 378 270 434 ιι
1159 377 1252 432 an
1292 372 1614 431 POPUMJM
1644 328 1833 431 sunt

1942 369 2144 428 [ENUM
2209 368 2439 426 liOMlL.
2481 368 2544 425 ιι.
3457 374 3527 430 ις

225 502 454 549 onustum
484 502 544 549 ct
572 492 793 549 divitias
818 492 872 548 in
901 493 1017 563 ipso
1048 476 1309 563 repositas
1336 490 1439 546 hoc
1467 500 1689 544 munere
1711 500 1813 558 po-

228 586 359 638 titus.
390 585 458 639 Et
487 599 593 639 nos
622 584 786 655 igitur
824 599 893 640 ne
937 584 1128 639 domos
1174 594 1428 637 ornemus
1450 622 1466 646 ,
1496 581 1591 635 sed
1640 578 1819 650 potius

228 692 373 747 quam
404 677 628 732 domum
657 678 892 733 animam
930 684 1191 731 nostram.
1221 673 1501 744 Quomodo
1529 673 1672 728 enim
1712 686 1818 725 non

227 777 402 838 turpe,
434 767 802 823 marmoribus
833 767 1063 837 parietes
1088 765 1287 821 frustra
1326 773 1382 820 et
1409 774 1610 819 temere
1635 770 1822 817 conte-

224 872 364 925 gere,
390 855 666 911 Christum
693 872 822 912 vero
849 857 1046 911 nudum
1072 857 1490 911 circumeuntem
1516 852 1822 925 negligere?

224 964 333 1017 quae
362 949 457 1003 tibi
486 950 683 1006 domus
709 950 929 1012 utilitas,
962 949 1161 1004 homo?
1188 949 1444 1019 numquid
1478 949 1618 1002 enim
1650 947 1819 1017 ipsam

227 1050 394 1093 tecum
422 1040 629 1095 ducens
661 1041 874 1096 abibis?
899 1041 1014 1096 Non
1050 1040 1187 1095 hanc
1217 1050 1390 1096 tecum
1422 1038 1599 1095 ferens
1627 1038 1818 1105 abibis,

226 1134 455 1186 animam
475 1147 606 1188 vero
635 1134 856 1188 omnino
886 1132 1058 1189 ferens
1084 1132 1357 1203 migrabis.
1384 1132 1523 1187 EcCe
1549 1145 1690 1186 nunc
1719 1131 1822 1186 tale

226 1237 319 1277 nos
340 1225 561 1292 excepit
599 1226 892 1295 periculum
922 1242 937 1279 :
968 1225 1221 1280 assistant
1264 1225 1419 1280 nobis
1451 1224 1643 1280 domus
1667 1267 1682 1291 ,
1708 1225 1822 1279 sol-

227 1322 347 1368 rant
380 1316 678 1384 periculum
723 1316 876 1371 nobis
905 1318 1227 1396 imminens;
1259 1317 1354 1374 sed
1399 1334 1504 1372 non
1551 1326 1819 1387 poterunt.

228 1405 331 1461 Vos
361 1407 463 1475 ipsi
487 1407 616 1461 mihi
647 1418 810 1464 testes
843 1410 970 1464 estis
989 1451 1004 1473 ,
1034 1409 1275 1466 desertas
1308 1426 1400 1466 eas
1443 1410 1822 1480 derelinquen-

232 1508 334 1561 tes,
366 1508 422 1552 et
452 1497 517 1551 ad
551 1498 892 1555 solitudinem
927 1502 1267 1570 exsilientes,
1296 1512 1563 1572 tamquam
1601 1500 1823 1571 laqueos

229 1598 277 1643 et
315 1590 452 1643 retia
497 1605 590 1645 eas
616 1592 882 1647 timentes.
913 1592 1254 1662 Opitulentur
1298 1609 1439 1649 nunc
1463 1593 1697 1657 divitiae;
1729 1592 1823 1648 sed

229 1680 681 1748 opportunitatem
712 1699 819 1737 non
841 1682 1059 1739 habent.
1082 1683 1233 1751 Quod
1263 1685 1306 1739 si
1330 1684 1417 1739 ubi
1448 1683 1679 1738 hominis
1708 1686 1783 1738 ira
1805 1726 1820 1751 ,

230 1773 574 1839 pecuniarum
609 1774 692 1827 vis
733 1783 1014 1844 superatur
1038 1818 1052 1841 ,
1077 1776 1245 1831 multo
1274 1776 1442 1847 magis
1480 1776 1533 1830 in
1562 1775 1743 1829 divino
1772 1784 1826 1830 et

232 1863 551 1933 implacabili
584 1865 786 1933 judicio
828 1867 926 1921 hoc
962 1867 1069 1922 ﬁet.
1098 1868 1154 1922 Si
1184 1867 1345 1922 homo
1374 1877 1456 1923 est
1485 1868 1571 1937 qui
1603 1882 1822 1923 exacer-

230 1954 410 2017 batur,
444 1965 497 2010 et
532 1972 673 2027 aigre
703 1957 836 2021 fert,
865 1968 919 2013 et
945 1958 1076 2014 nihil
1102 1960 1255 2015 nobis
1296 1975 1437 2015 nunc
1470 1975 1658 2015 aurum
1699 1975 1824 2029 pro-

231 2046 344 2099 dest
376 2064 390 2099 :
422 2048 595 2101 multo
629 2050 799 2120 magis
841 2049 1103 2106 irascente
1134 2052 1299 2113 Deo‘m
1313 2052 1403 2122 qui
1444 2052 1680 2123 pecuniis
1720 2067 1824 2105 non

234 2136 452 2208 indiget,
482 2140 600 2193 auri
627 2141 860 2209 potentia
903 2143 1113 2211 penitus
1138 2154 1443 2200 cvanescet.
1473 2144 1669 2197 Domus
1695 2142 1825 2197 a-di-

232 2226 451 2281 ﬂeamus
476 2269 490 2292 ,
526 2230 923 2286 ut.habitemus
946 2273 960 2296 ,
1008 2249 1111 2286 non
1150 2242 1206 2286 ut
1248 2234 1639 2303 superbianms.
1669 2234 1824 2301 Quod

235 2322 610 2376 necessitatem
645 2324 884 2390 excedit,
914 2326 1243 2393 superﬂuum
1282 2334 1364 2380 est
1388 2336 1441 2381 et
1470 2326 1667 2381 inutile.
1704 2326 1826 2380 Cal-

234 2427 384 2466 eearc
422 2416 660 2468 calceum
689 2416 823 2484 pede
854 2420 1109 2485 majorem
1129 2460 1142 2481 ,
1173 2419 1267 2473 sed
1306 2434 1409 2472 non
1456 2418 1745 2480 tolerabis;
1778 2428 1829 2473 te

234 2502 371 2554 enim
402 2502 470 2555 ad
511 2519 750 2571 gressum
784 2506 1002 2577 impedit
1030 2524 1046 2561 :
1078 2510 1154 2563 sic
1195 2517 1251 2563 et
1292 2508 1485 2564 domus
1516 2509 1829 2564 necessitate

238 2594 434 2660 major,
471 2595 522 2647 in
570 2596 733 2649 cmlos
772 2597 1049 2651 transitum
1103 2599 1345 2667 impedit.
1372 2599 1466 2653 Vis
1508 2614 1726 2668 magnas
1779 2611 1832 2652 ct

238 2682 543 2750 splendidas
573 2684 760 2738 domos
790 2686 1093 2741 aedificare?
1122 2704 1227 2742 non
1270 2688 1555 2755 prohibeo,
1587 2687 1681 2742 sed
1723 2705 1829 2742 non

239 2789 397 2843 super
440 2785 639 2829 terram
674 2794 686 2829 :
716 2778 919 2831 mdiﬁca
972 2780 1311 2834 tabernacula
1354 2780 1406 2833 in
1444 2780 1591 2835 emlis
1617 2822 1630 2844 ,
1681 2790 1731 2833 ut
1780 2788 1832 2832 et

239 2865 367 2918 alios
394 2867 641 2934 excipere
674 2870 863 2936 possis,
890 2869 1225 2924 tabernacula
1256 2885 1545 2939 numquam
1574 2868 1831 2923 deiicien-

243 2957 326 3008 tia.
356 2958 492 3022 Quid
541 2959 743 3012 insanis
782 2963 921 3014 circa
968 2961 1217 3030 fugientia
1246 3002 1260 3026 ,
1291 2970 1345 3016 et
1388 2961 1475 3015 hic
1518 2962 1783 3015 manentia
1808 2959 1834 3011 ἲ

241 3047 373 3102 Nihil
396 3050 598 3103 divitiis
627 3053 895 3105 fallacius:
923 3052 1082 3107 hodie
1113 3063 1305 3115 tecum,
1326 3063 1379 3107 et
1408 3068 1525 3106 cras
1546 3063 1728 3105 contra
1760 3061 1829 3114 te,

243 3139 539 3194 invidorum
617 3142 802 3195 oculos
866 3154 1075 3197 armant
1131 3144 1366 3213 undique
1408 3160 1420 3196 :
1469 3144 1650 3197 hostes
1712 3153 1836 3197 sunt

240 3233 647 3286 contubernales
669 3275 682 3293 ,
718 3234 915 3287 inimici
944 3234 1222 3288 domestici
1256 3252 1269 3287 :
1298 3243 1351 3288 et
1381 3250 1472 3287 vos
1504 3235 1835 3303 possidentes

245 3333 399 3377 testes
418 3366 431 3388 ,
466 3325 557 3393 qui
589 3326 732 3378 omni
766 3326 923 3379 modo
951 3328 1091 3395 ipsas
1124 3326 1357 3381 iufoditis
1386 3336 1441 3381 et
1470 3326 1795 3381 absconditis
1820 3345 1831 3379 :

243 3417 489 3483 quoniam
521 3427 573 3469 et
614 3433 755 3471 nunc
783 3417 935 3471 nobis
969 3418 1262 3486 periculum
1292 3418 1676 3472 intolerabilius
1698 3419 1828 3472 αἰγί-

245 3507 326 3559 tite
364 3507 587 3561 faciunt.
616 3508 748 3562 Nam
785 3510 960 3564 cernis
990 3526 1251 3580 pauperes
1288 3510 1500 3579 quidem
1538 3511 1836 3566 succinctos

244 3605 295 3648 et
321 3596 601 3665 expeditos
631 3599 695 3651 ad
719 3600 894 3653 omnia
919 3611 1162 3667 paratos;
1190 3600 1383 3654 divites
1410 3610 1586 3654 autem
1616 3601 1833 3654 inultam

246 3688 499 3742 habentes
525 3688 914 3754 diflicultatem,
948 3700 1001 3744 et
1020 3691 1433 3754 circumeuntes,
1458 3700 1511 3745 et
1537 3701 1838 3760 quaerentes

246 3779 330 3831 ubi
358 3794 545 3832 aurum
570 3779 848 3845 infodiunt,
874 3790 1173 3849 qumrentcs
1199 3781 1336 3849 apud
1364 3798 1522 3850 quem
1549 3781 1835 3849 deponant.

248 3868 378 3934 Quid
410 3870 627 3939 quan-is,
661 3871 843 3935 homo,
872 3872 1198 3925 conservos?
1225 3871 1467 3925 Christus
1490 3881 1592 3924 stat
1622 3872 1686 3925 ad
1717 3886 1839 3925 sus-

248 3962 547 4029 cipiendum
577 3973 815 4031 paratus,
856 3972 909 4017 et
946 3963 1011 4017 ad
1041 3962 1281 4033 deposita
1309 3964 1399 4018 tibi
1430 3963 1713 4027 servanda,
1742 3978 1841 4017 nec

252 4062 450 4108 tau'um
502 4054 792 4120 servanda,
826 4056 920 4109 sed
958 4056 1117 4109 etiam
1164 4056 1595 4125 multiplicauda,
1622 4065 1676 4109 et
1718 4070 1839 4110 cum

251 4149 415 4201 multo
444 4148 650 4201 {tenore
693 4144 962 4201 reddenda
992 4163 1004 4200 :
1037 4163 1101 4201 ex
1130 4148 1272 4202 illius
1299 4164 1455 4201 manu
1480 4163 1636 4201 nemo
1662 4147 1838 4215 eripit.

251 4236 361 4290 Non
404 4246 577 4292 servat
618 4247 796 4291 autem
831 4247 1034 4299 tantum
1062 4237 1303 4306 deposita
1324 4278 1339 4303 ,
1369 4239 1462 4294 sed
1494 4238 1655 4292 etiam
1682 4252 1844 4305 super

254 4328 349 4389 iis,
388 4343 637 4383 securum
683 4327 1041 4398 depositorem
1080 4329 1224 4383 facit.
1269 4330 1321 4382 lu
1353 4329 1659 4385 hominibus
1700 4329 1840 4381 enim

254 4421 339 4488 qui
381 4420 623 4489 deposita
664 4420 995 4489 suscipiunt,
1027 4422 1249 4491 gratiam
1290 4436 1349 4475 se
1387 4423 1541 4475 nobis
1590 4434 1845 4491 praestare

255 4520 457 4577 putant,
482 4512 527 4563 si
554 4509 857 4564 custodiant
883 4526 1000 4579 quae
1022 4522 1399 4579 susceperunt;
1431 4512 1482 4565 in
1514 4511 1727 4567 Christo
1752 4527 1846 4565 au-

258 4609 359 4653 tem
384 4602 711 4654 contrarium
740 4618 754 4655 :
785 4615 889 4654 nou
920 4602 1059 4657 enim
1085 4603 1307 4671 gratiam
1332 4604 1659 4672 prrestitisse,
1679 4619 1739 4657 se
1758 4619 1847 4657 ac-

255 4691 461 4758 cepisse
494 4706 555 4744 se
598 4690 763 4756 dicit,
787 4707 908 4745 cum
935 4690 1175 4761 deposita
1211 4694 1503 4763 susceperit
1529 4703 1647 4747 tua:
1673 4704 1727 4747 ct
1751 4710 1846 4762 pro

258 4780 363 4846 ipsa
403 4780 668 4845 custodia,
698 4796 857 4859 quam
879 4783 1017 4836 circa
1049 4783 1301 4851 pecunias
1329 4793 1443 4837 tuas
1473 4782 1709 4847 exhibet,
1736 4799 1842 4836 non

258 4887 286 4922 a
331 4882 379 4926 te
421 4873 723 4928 mercedem
753 4874 981 4943 repetit,
1004 4875 1099 4929 sed
1129 4876 1242 4943 ipse
1267 4874 1364 4929 tibi
1402 4875 1494 4930 dat
1521 4874 1840 4951 mercedem.

330 4962 381 5015 6.
413 4962 765 5034 Eleemosyuc
784 4966 995 5035 fructus.
1023 4993 1096 5004 -—
1116 4963 1230 5031 Qua
1275 4965 1433 5034 igitur
1469 4979 1655 5019 sumus
1688 4981 1847 5020 excu-

260 5055 464 5108 satione
492 5054 637 5125 digni
662 5097 677 5122 ,
709 5071 811 5125 qua
840 5058 1013 5121 venia,
1044 5056 1256 5125 quando
1284 5065 1339 5111 ct
1366 5057 1634 5112 custodire
1662 5057 1846 5111 valen-

263 5154 399 5208 tem,
430 5156 482 5199 et
517 5162 613 5216 pro
638 5138 877 5202 custodia
908 5149 1102 5220 gratias
1136 5148 1417 5204 habentem
1438 5190 1454 5215 ,
1482 5160 1536 5204 et
1577 5164 1769 5205 arcana
1800 5161 1849 5203 et

264 5250 450 5305 magna
480 5238 695 5305 praemia
725 5255 823 5308 pro
866 5238 966 5295 hac
1005 5241 1246 5294 custodia
1288 5240 1596 5296 reddentem
1628 5252 1849 5309 praeter-

265 5324 537 5379 mitteutes
556 5366 570 5390 ,
604 5326 908 5382 horninibus
931 5330 1070 5384 circa
1097 5329 1401 5399 hujusmodi
1431 5332 1723 5385 custodiam
1754 5330 1849 5385 de-

265 5418 489 5485 bilibus,
512 5430 567 5474 et
610 5421 834 5490 gratiam
861 5422 1015 5477 nobis
1040 5423 1283 5479 conferre
1322 5439 1381 5479 se
1418 5424 1720 5493 putantibus
1743 5465 1758 5487 ,
1800 5435 1853 5477 et

264 5512 373 5563 sola
406 5511 519 5581 ipsa
548 5527 667 5581 quae
694 5511 890 5567 dantur
918 5524 1096 5583 postea
1127 5514 1498 5580 reddentibus,
1533 5522 1713 5568 nostra
1742 5524 1851 5567 tra-

263 5600 475 5655 diinus?
503 5603 713 5673 Hospes
758 5620 818 5659 es
862 5606 945 5659 hic
976 5618 1028 5659 et
1068 5608 1410 5674 peregrinus;
1438 5606 1657 5675 patriam
1691 5604 1853 5659 habes

266 5690 320 5742 in
369 5694 511 5748 uelis
542 5712 555 5747 :
587 5694 711 5749 illuc
758 5696 935 5749 omnia
990 5698 1322 5761 transmitte,
1358 5709 1417 5751 ut
1465 5708 1517 5751 et
1568 5697 1852 5766 anteQuam

262 5776 317 5831 fr
338 5786 483 5850 naris,
516 5787 604 5839 hic
642 5789 1040 5842 retributionem
1067 5790 1264 5847 canias.
1298 5790 1395 5857 Qui
1424 5791 1563 5846 enim
1586 5776 1721 5845 hdna
1753 5804 1848 5859 Spe

575 5874 848 5934 Puncta
893 5878 1008 5935 (in.
1062 5876 1281 5937 XLIX.

1927 481 2117 545 alitur,
2151 491 2205 537 et
2234 480 2301 538 de
2326 481 2520 539 futuris
2548 482 2768 541 conlidit
2788 526 2803 552 ,
2830 483 2918 543 hic
2937 486 3049 557 jam
3090 503 3314 561 regnum
3336 501 3526 561 gusta-

1926 577 2018 629 vit.
2050 572 2192 629 Nihil
2227 577 2370 630 enim
2424 584 2628 632 tantum
2657 586 2890 634 annnam
2929 595 3181 651 reparare
3222 584 3524 649 consuevit,

1925 675 1979 721 et
2002 667 2279 723 meliorem
2306 667 2503 736 facere,
2527 685 2687 741 quam
2715 670 2853 735 bona
2879 671 3180 728 futurorum
3208 689 3357 745 spes,
3385 675 3430 730 si
3459 690 3528 731 eo

1928 759 2293 814 transmittens
2311 760 2523 816 divitias
2547 763 2740 817 animae
2782 773 2886 819 tua:
2913 780 3096 821 curam
3122 781 3243 822 eum
3270 768 3381 823 otio
3404 784 3526 825 cou-

1923 848 2137 918 gruenti
2163 852 2357 920 egeris.
2387 850 2518 905 Nam
2545 854 2635 922 qui
2662 853 2896 926 studium
2926 872 3089 912 omne
3118 858 3169 912 in
3193 858 3388 915 domus
3417 876 3527 915 sua!

1926 950 2172 997 ornatum
2214 944 2546 1014 impendunt,
2570 948 2623 1001 in
2645 949 2999 1004 exterioribus
3027 951 3244 1019 divites,
3274 953 3529 1009 interiora

1929 1033 2233 1103 negligunt,
2265 1049 2328 1090 ac
2355 1036 2617 1093 desertam
2642 1079 2657 1104 ,
2698 1039 3033 1110 squalentem
3081 1052 3137 1096 et
3161 1045 3379 1099 araneis
3414 1045 3527 1115 ple-

1930 1138 2052 1177 nam
2080 1125 2316 1181 animam
2348 1140 2497 1181 suam
2522 1127 2824 1199 deSpiciunt
2852 1131 2941 1185 :‘si
2975 1147 3105 1187 vero
3128 1135 3402 1190 exteriora
3430 1152 3520 1191 ne-

1926 1214 2193 1285 gligentes
2215 1217 2357 1272 circa
2386 1228 2621 1274 mentem
2659 1236 2810 1275 suam
2847 1238 3008 1277 omne
3048 1224 3283 1280 studium
3316 1227 3525 1298 impen-

1928 1305 2125 1377 derint,
2148 1308 2381 1380 undique
2403 1310 2571 1380 ipsam
2593 1323 2867 1382 ornantes,
2893 1316 3293 1373 tabernaculum
3315 1317 3529 1374 Christo

1930 1399 2034 1453 erit
2071 1399 2257 1455 talium
2302 1401 2577 1458 hominum
2623 1406 2844 1461 anima:
2879 1406 3148 1463 Christum
3198 1418 3378 1465 autem
3428 1411 3518 1467 ha-

1929 1491 2089 1547 bente
2116 1491 2544 1561 inhabitatorem,
2579 1496 2705 1567 quid
2729 1514 2983 1568 umquam
3022 1498 3231 1556 felicius
3262 1517 3382 1557 esse
3408 1518 3523 1573 pose

1930 1580 2058 1634 set?
2087 1579 2175 1636 Vis
2218 1582 2421 1637 ditari?
2448 1586 2678 1640 amicum
2718 1587 2916 1644 habeas
2960 1590 3124 1645 Deum
3150 1634 3165 1659 ,
3193 1600 3248 1647 et
3290 1595 3528 1649 omnium

1930 1672 2224 1728 ditissimus
2263 1674 2389 1729 eris.
2417 1675 2511 1730 V'is
2536 1676 2733 1732 ditari?
2755 1694 2820 1733 ne
2849 1682 3014 1740 altum
3052 1683 3248 1752 sapias.
3284 1684 3397 1739 lloc
3422 1700 3529 1740 non

1931 1762 1997 1816 ad
2039 1763 2215 1819 futura
2244 1773 2469 1833 tantum,
2501 1767 2595 1823 sed
2617 1769 2776 1823 etiam
2812 1769 2878 1824 ad
2901 1773 3182 1840 prmsentia
3212 1774 3360 1828 utile.
3388 1773 3529 1829 Nihil

1932 1854 2073 1908 enim
2117 1864 2225 1910 tam
2266 1856 2583 1912 invidiosum
2606 1901 2620 1924 ,
2645 1876 2801 1929 quam
2832 1861 2993 1916 homo
3034 1863 3182 1918 dives
3216 1883 3228 1917 :
3260 1880 3379 1920 eum
3403 1882 3533 1921 vero

1932 1946 2181 2027 superbia
2207 1951 2526 2015 accesserit,
2556 1951 2749 2020 duplex
2777 1966 2993 2022 paratur
3022 1958 3395 2027 praecipitium,
3422 1958 3529 2013 dii-

1935 2022 2123 2091 iicilius
2162 2040 2228 2093 ab
2255 2042 2501 2101 o_mnibus
2544 2043 2764 2098 bellum.
2798 2045 2853 2100 Si
2905 2063 3031 2101 vero
3078 2050 3321 2106 modeste
3352 2052 3531 2106 vivere

1934 2128 2155 2197 scieris,
2184 2132 2411 2188 succidis
2462 2134 2760 2191 humilitate
2810 2137 3022 2194 invidiae
3064 2142 3393 2211 tyrannidem
3422 2186 3435 2208 ,
3477 2153 3526 2200 et

1935 2233 2055 2275 cum
2083 2226 2367 2278 securitate
2411 2224 2575 2280 habes
2612 2242 2961 2297 quaecumque
2999 2229 3185 2287 habes.
3212 2233 3359 2292 Talis
3388 2236 3528 2288 enim

1934 2323 2019 2368 est
2039 2315 2249 2370 virtutis
2279 2327 2485 2383 natura,
2508 2334 2611 2373 non
2642 2319 2708 2374 ad
2733 2319 2906 2375 futura
2938 2338 3037 2375 nos
3067 2333 3267 2377 tantum
3294 2324 3528 2394 adjuvat.

1936 2405 2029 2460 sed
2060 2417 2111 2460 et
2140 2407 2223 2461 hic
2243 2408 2351 2476 jam
2384 2410 2760 2466 retributiones
2785 2414 3006 2481 przebet.
3034 2412 3109 2468 Ne
3133 2414 3292 2484 igitur
3314 2417 3365 2470 in
3397 2417 3530 2471 divi-

1935 2496 2023 2550 tiis
2048 2497 2211 2550 altum
2258 2500 2557 2568 sapiamus,
2589 2502 2681 2556 sed
2719 2518 2817 2558 nec
2848 2504 2899 2557 in
2930 2506 3035 2558 ulla
3075 2506 3173 2559 alia
3204 2523 3282 2562 re.
3311 2506 3366 2563 Si
3389 2510 3530 2563 enim

1939 2588 1990 2641 in
2018 2590 2382 2657 spiritualibus
2409 2594 2573 2647 altum
2614 2596 2827 2665 sapiens
2862 2596 3057 2651 labitur
3082 2608 3135 2652 et
3162 2601 3328 2667 perit,
3366 2602 3533 2655 multo

1939 2681 2106 2750 magis
2126 2682 2174 2734 in
2197 2684 2515 2738 carnalibus.
2532 2683 2836 2755 Cogitemus
2857 2697 3102 2742 naturam
3129 2700 3387 2757 nostram,
3408 2706 3535 2761 pec-

1939 2772 2055 2822 cata
2082 2786 2452 2827 recenseamus
2476 2818 2489 2841 ,
2528 2777 2795 2831 discamus
2822 2778 2911 2847 qui
2942 2779 3106 2833 simus
3126 2822 3138 2843 ,
3171 2788 3226 2835 et
3252 2780 3353 2836 hoc
3382 2783 3536 2837 nobis

1940 2860 2006 2913 ad
2030 2863 2203 2915 omnis
2221 2864 2533 2920 humilitatis
2560 2869 2834 2922 materiam
2863 2869 3074 2924 sufﬁcit.
3102 2870 3177 2925 Ne
3194 2872 3342 2928 dicas
3364 2873 3492 2927 mihi
3520 2894 3532 2927 :

1942 2949 2042 3004 Tot
2060 2962 2112 3006 et
2130 2962 2206 3005 tot
2226 2969 2484 3010 annorum
2504 2968 2795 3025 proventus
2819 2961 3081 3027 repositos
3105 2960 3296 3025 habeo,
3316 2964 3431 3017 auri
3454 2974 3533 3017 ta-

1943 3040 2083 3094 lenta
2106 3044 2404 3111 innumera,
2428 3046 2569 3100 lucra
2598 3063 2693 3116 per
2718 3049 2952 3118 singulos
2978 3051 3199 3106 adaucta
3217 3052 3349 3108 dies.

2014 3129 2219 3184 Divitias
2265 3150 2418 3203 quam
2471 3138 2647 3204 ﬂuxw.
2681 3168 2753 3177 -—
2797 3138 3237 3213 Quantacumque
3296 3142 3534 3208 dixeris,

1943 3224 2121 3277 omnia
2160 3234 2359 3277 temere
2403 3227 2548 3281 dices
2588 3238 2641 3281 et
2680 3229 2986 3283 incassum:
3019 3247 3163 3301 saepe
3191 3248 3291 3286 una
3323 3232 3453 3288 hora
3484 3245 3537 3291 et

1944 3311 2091 3365 brevi
2134 3315 2389 3383 temporis
2438 3326 2745 3382 momento,
2791 3321 2934 3373 velut
2969 3331 3127 3375 vento
3180 3337 3411 3391 superne
3465 3324 3539 3376 ir-

1945 3413 2131 3457 ruente
2179 3403 2443 3473 jactabilis
2497 3408 2701 3474 pulvis,
2753 3410 2831 3463 sic
2874 3410 2988 3463 haec
3034 3412 3213 3466 omnia
3262 3429 3327 3467 ex
3377 3414 3537 3471 domo

1944 3494 2310 3549 exsufﬂantur.
2338 3497 2402 3550 Et
2432 3496 2621 3551 horum
2654 3500 2805 3554 nobis
2826 3503 3192 3571 exemplorum
3225 3504 3329 3563 vita
3360 3504 3535 3575 plena,

1947 3586 2115 3654 plena:
2159 3602 2288 3641 vero
2322 3589 2611 3659 Scriptura:
2641 3590 3080 3648 documentorum
3107 3614 3119 3647 :
3149 3595 3309 3651 hodie
3355 3598 3503 3653 dives
3522 3639 3538 3665 ,

1945 3694 2063 3733 cras
2098 3695 2319 3749 pauper.
2354 3681 2555 3737 Idcirco
2603 3683 2797 3751 saepius
2848 3685 2940 3738 risi
2988 3694 3305 3740 testamenta
3356 3688 3538 3757 legens

1946 3771 2174 3825 dicentia
2204 3790 2215 3825 :
2250 3771 2341 3825 Iile
2367 3773 2578 3841 quidem
2616 3774 3083 3845 habeat‘agrorum
3112 3777 3195 3830 vel
3225 3777 3417 3834 domus
3443 3779 3539 3833 do-

1952 3852 2190 3929 minium,
2226 3880 2378 3918 usum
2408 3881 2533 3919 vero
2562 3867 2734 3919 alius:
2769 3882 2957 3921 omnes
3000 3868 3141 3921 enim
3184 3884 3337 3923 usum
3368 3869 3534 3925 habe'

1947 3971 2067 4010 mus
2094 3999 2106 4020 ,
2138 3957 2431 4011 dominium
2481 3956 2658 4013 autem
2706 3976 2881 4015 nemo.
2917 3961 3027 4014 Etsi
3058 3960 3201 4015 enim
3249 3962 3402 4016 nobis
3444 3978 3513 4032 pe

1948 4064 2160 4105 Omnem
2208 4061 2557 4118 permaneant
2600 4054 2763 4103 vitam
2812 4052 3011 4106 nullam
3060 4051 3319 4107 facientes
3344 4054 3542 4108 divitiae

1950 4142 2317 4207 mutationem,
2344 4143 2575 4196 velimus
2599 4142 2826 4196 nolimus
2850 4183 2865 4205 ,
2894 4143 2946 4196 in
2980 4141 3095 4195 ﬁne“
3111 4142 3230 4197 aliis
3265 4136 3539 4209 cedemus,
3572 4158 3577 4159 '

1950 4232 2183 4300 ipsarum
2214 4247 2310 4284 usu
2341 4232 2457 4285 solo
2487 4243 2720 4301 recepto,
2754 4232 2991 4287 dominio
3018 4242 3195 4288 autem
3226 4234 3353 4288 nudi
3381 4243 3434 4289 et
3463 4248 3543 4289 or-

1951 4323 2059 4376 bati
2090 4323 2154 4375 ad
2186 4322 2327 4375 illam
2356 4324 2516 4376 vitam
2549 4324 2859 4392 migrantes.
2884 4323 3037 4380 Unde
3066 4324 3407 4381 manifestum
3428 4337 3541 4390 est,

1951 4414 2071 4468 illos
2100 4415 2241 4467 solos
2279 4414 2571 4469 dominium
2619 4414 2851 4482 habere,
2882 4432 2972 4486 qui
3020 4426 3074 4471 ct
3122 4417 3357 4485 ipsarum
3388 4434 3540 4473 usum

1952 4516 2425 4576 contempserunt,
2456 4506 2780 4562 et‘fruetum
2809 4508 3133 4563 deriserunt.
3158 4510 3259 4577 Qui
3288 4511 3431 4567 enim
3462 4511 3543 4566 fa-

1952 4601 2234 4654 cultatihus
2274 4600 2530 4668 objectis,
2581 4600 2724 4667 ipsas
2766 4603 3087 4672 pauperibus
3131 4614 3354 4673 erogat,
3387 4613 3547 4673 prout

1954 4691 2234 4761 oportebat
2266 4692 2601 4746 facultatibus
2630 4708 2760 4745 usus
2788 4702 2893 4758 est,
2919 4705 2972 4747 et
2993 4694 3227 4763 ipsorum
3250 4694 3544 4749 dominiutn

1957 4784 2158 4836 habens
2186 4782 2545 4851 obiit,‘nequc
2578 4782 2628 4835 iu
2660 4782 2774 4851 ipsa
2806 4792 2977 4837 morte
3020 4782 3107 4836 illa
3134 4783 3386 4838 excidens
3417 4798 3543 4854 pos-

1955 4875 2215 4937 sessione,
2248 4874 2341 4929 sed
2369 4875 2545 4928 omnia
2588 4875 2680 4928 illo
2725 4874 2991 4943 recipiens
3036 4884 3309 4944 tempore,
3342 4885 3399 4930 et
3444 4877 3547 4930 illis

1958 4966 2124 5018 multo
2150 4971 2296 5034 plura
2316 5006 2332 5031 ,
2362 4965 2573 5034 quando
2616 4966 2669 5019 in
2713 4965 2801 5020 die
2835 4966 3022 5034 judicii
3053 4967 3264 5021 illorum
3299 4967 3551 5037 prmsidio

1958 5058 2188 5111 maxime
2217 5057 2412 5125 egebit,
2444 5066 2497 5110 et
2520 5056 2733 5125 quando
2760 5071 2789 5109 a
2824 5057 2978 5111 nobis
3009 5058 3255 5113 omnibus
3286 5057 3547 5114 factorum

1960 5148 2191 5201 rationes
2233 5156 2557 5216 repetentur.
2593 5147 2774 5217 Itaque
2804 5147 2848 5201 si
2879 5148 2999 5218 quis
3028 5147 3143 5202 vult
3169 5148 3474 5203 divitiarum
3497 5159 3551 5204 et

1960 5238 2352 5308 possessionem
2384 5247 2437 5292 et
2467 5254 2622 5293 usum
2648 5251 2702 5293 et
2728 5238 3022 5293 dominium
3055 5238 3273 5307 habere,
3304 5239 3553 5295 omnibus

1962 5330 2299 5384 facultatibus
2343 5331 2454 5385 suis
2500 5347 2559 5385 se
2603 5331 2849 5401 expediat
2882 5350 2895 5385 :
2925 5333 3178 5401 quoniam
3228 5333 3331 5387 hoc
3359 5334 3403 5387 si
3445 5348 3549 5386 nou

1961 5422 2146 5486 faciat,
2178 5423 2230 5475 in
2260 5432 2432 5477 morte
2460 5422 2528 5477 ah
2555 5423 2682 5493 ipsis
2711 5424 2929 5477 omnino
2956 5423 3288 5492 separabitur
3317 5442 3331 5477 :
3361 5424 3549 5477 multo-

1964 5516 2064 5569 ties
2109 5529 2236 5568 vero
2285 5524 2339 5568 et
2383 5524 2507 5569 ante
2565 5517 2723 5569 linem
2774 5531 2894 5570 cum
2944 5516 3194 5585 periculis
3235 5525 3289 5571 et
3336 5514 3550 5569 inﬁnitis

1964 5607 2117 5661 malis
2145 5608 2285 5675 ipsas
2325 5608 2534 5661 amittit.
2569 5606 2676 5662 Nec
2702 5606 2803 5663 hoc
2830 5609 3000 5663 solum
3044 5608 3238 5662 malum
3266 5618 3344 5662 est
3367 5650 3382 5675 ,
3412 5608 3549 5678 quod

1965 5701 2186 5753 mutatio
2215 5702 2271 5753 tit
2298 5708 2521 5767 repente
2547 5700 2812 5764 universa,
2845 5701 2936 5753 sed
2970 5701 3110 5769 quod
3140 5698 3538 5770 imprmmedita-

1969 5799 2051 5844 tus
2090 5789 2154 5844 ad
2202 5792 2525 5859 paupertatis
2556 5792 2888 5845 tolerantiam
2929 5791 3075 5844 dives
3111 5792 3405 5846 deducitur.
3448 5791 3547 5845 Sed

3197 5885 3232 5941 3
