4196 6316
656 362 730 417 45
1370 358 1424 414 S.
1474 355 1745 419 JOANNIS
1783 354 2250 412 CllliYSOSTOMI
2292 356 2618 414 ARClIlEPc
2654 358 3191 417 CONSTAN'HNOP.
3780 388 3783 391 λ
3872 365 3947 421 ιι.

653 491 759 530 non
792 473 909 528 talis
934 485 1134 543 pauper
1158 487 1171 526 :
1194 483 1301 527 non
1329 469 1471 526 enim
1499 482 1631 524 auro
1660 467 1879 525 confidit
1903 478 1956 523 et
1985 477 2204 539 argento
2223 510 2238 534 ,

655 562 960 619 inanimatis
987 560 1247 629 materiis,
1270 558 1364 615 sed
1385 560 1496 615 Deo
1518 560 1696 615 omnia
1722 560 1938 630 capiose
1966 557 2240 629 ptaabenti.

654 658 833 727 itaque
870 654 1023 710 dives
1050 654 1219 723 magis
1251 653 1303 707 in
1334 653 1539 707 incerto
1562 667 1721 723 quam
1758 667 1960 722 pauper
1982 651 2257 705 -'onstitu-'

653 757 735 802 tus
760 756 875 814 est,
917 762 1037 801 cum
1074 746 1375 815 frequentes
1402 753 1456 799 et
1479 745 1757 799 continuas
1796 751 2117 797 mutationes
2154 758 2242 798 re-

651 837 832 906 cipiat.
866 835 1002 905 Quid
1035 849 1162 890 vero
1204 832 1334 889 illud
1361 842 1441 888 est
1466 874 1481 898 ,
1515 832 1615 900 Qui
1640 840 1846 902 prastat
1882 830 2023 886 nobis
2047 832 2244 886 abunde

654 930 825 982 omnia
877 926 945 980 ad
989 924 1263 999 fruendum
1310 922 1403 997 (1.
1434 922 1567 978 Tim.
1597 922 1652 978 6.
1686 924 1794 994 l7)
1826 923 1850 977 ?
1888 921 2073 978 Omnia
2120 938 2242 977 cum

653 1018 897 1089 largitate
933 1016 1027 1071 dat
1067 1016 1207 1071 Deus
1225 1058 1241 1083 ,
1269 1031 1386 1087 qua:
1415 1022 1541 1071 sunt
1580 1014 1747 1070 multo
1772 1016 1941 1085 magis
1969 1029 2129 1086 quam
2150 1018 2253 1083 pe-‘
2274 1059 2312 1097 ,

650 1109 821 1164 cunia
844 1108 1174 1174 necessaria,
1200 1115 1258 1161 ut
1295 1121 1474 1170 aerem
1494 1146 1510 1173 ,
1532 1120 1723 1176 aquam
1745 1147 1762 1173 ,
1792 1106 1966 1177 ignem
1986 1148 2000 1170 ,
2032 1105 2199 1160 solem
2224 1145 2240 1171 ,

651 1202 833 1255 omnia
877 1199 1021 1255 talia.
1054 1199 1167 1254 Non
1214 1198 1341 1254 licet
1386 1196 1567 1255 dicere
1595 1196 1735 1269 quod
1766 1197 1936 1265 magis
1964 1196 2127 1250 radiis
2152 1194 2241 1250 di-

653 1309 747 1348 ves
767 1336 780 1355 .
810 1294 987 1349 minus
1019 1306 1147 1347 vero
1192 1305 1392 1362 pauper
1435 1290 1642 1345 fruatur
1668 1306 1684 1367 ξ
1713 1304 1819 1345 non
1853 1289 1975 1344 licet
2012 1288 2193 1344 dicere
2221 1330 2238 1356 ,

656 1384 797 1451 quod
825 1383 1178 1452 copiosiorem
1207 1396 1387 1437 acrem
1414 1396 1575 1451 quam
1597 1396 1797 1451 pauper
1822 1379 2045 1450 reSpiret
2069 1380 2252 1445 dives,

652 1475 746 1531 scd
777 1477 952 1532 omnia
983 1477 1124 1544 paria
1152 1484 1207 1529 et
1237 1474 1540 1530 communia
1588 1473 1856 1544 proposita
1891 1481 2034 1528 sunt.
2066 1472 2242 1538 Quare

654 1571 813 1637 igitur
855 1569 1054 1639 majora
1078 1568 1293 1638 quidem
1338 1576 1393 1622 et
1434 1568 1601 1637 magis
1632 1566 1930 1620 necessaria
1951 1606 1965 1631 ,
2000 1575 2053 1619 et
2076 1565 2238 1618 vitam

560 1722 565 1725 Α
657 1670 893 1716 nostram
936 1660 1625 1733 continentia,_communia
1668 1658 1805 1712 Deus
1835 1657 1992 1721 fecit;
2038 1657 2239 1711 minora

654 1768 780 1806 vero
803 1761 858 1807 et
883 1754 1065 1808 viliora
1085 1768 1190 1806 non
1213 1758 1335 1806 sunt
1352 1750 1927 1818 communia,pecuni:e
1946 1748 2193 1801 nimirum
2216 1747 2239 1799 τ

651 1859 754 1912 qua
777 1843 1056 1898 decausa?
1086 1842 1157 1899 Ut
1185 1843 1289 1896 vita
1327 1852 1508 1896 nostra
1543 1849 1919 1903 conservetur,
1947 1847 2001 1894 et
2032 1840 2240 1893 virtutis

651 1933 822 1988 stadia
853 1933 1161 1987 habeamus.
1192 1931 1248 1987 Si
1280 1931 1422 1986 enim
1454 1947 1560 1986 non
1589 1939 1772 1986 essent
1796 1930 2096 1985 necessaria
2124 1929 2240 1983 haec

650 2026 951 2081 communia
979 2065 995 2092 ,
1026 2024 1162 2080 forte
1202 2024 1591 2085 divites,solita
1617 2024 1697 2077 usi
1728 2023 2239 2091 avaritia,pauperes

651 2114 1002 2170 sulfocassent
1030 2132 1043 2167 :
1073 2116 1116 2169 si
1147 2115 1291 2169 enim
1337 2116 1407 2169 in’
1433 2113 1631 2168 divitiis
1661 2114 1763 2169 hoc
1791 2112 2045 2178 faciunt,.
2071 2110 2238 2165 multo

651 2205 820 2276 magis
867 2206 920 2258 in
956 2204 1063 2259 illis
1092 2204 1362 2260 fecissent.
1395 2204 1624 2259 Rursum
1660 2205 1703 2258 si
1729 2214 1786 2259 et
1809 2203 2048 2274 pecuniae
2090 2215 2238 2256 com»-

651 2311 842 2352 munes
867 2307 1068 2361 essent,
1082 2305 1136 2351 et
1156 2296 1401 2350 similiter
1419 2295 1666 2349 omnibus
1681 2295 1988 2364 propositae,
2007 2293 2239 2348 eleemoo

620 2404 802 2461 ~synte
843 2389 1053 2443 occasio
1075 2388 1280 2444 sublata
1294 2397 1463 2451 esset,
1483 2391 1533 2437 et
1551 2386 1825 2440 charitatis
1849 2385 2234 2454 Opportunitas.

717 2480 773 2536 7.
801 2478 870 2535 Ut
897 2479 1053 2548 igitur
1080 2492 1269 2533 secure
1289 2477 1531 2531 vivamus
1555 2516 1571 2541 ,
1599 2489 1911 2530 communes
1940 2474 2091 2529 facta:
2115 2483 2239 2528 sunt

638 2573 801 2627 nolis
821 2572 942 2625 vita:
966 2586 1171 2638 causze;
1191 2584 1425 2635 rursum,
1448 2576 1509 2623 ut
1528 2567 1820 2623 habeamus
1841 2582 2155 2623 coronarum
2184 2579 2238 2623 et

639 2662 861 2718 laudum
904 2661 1237 2717 occasionem
1260 2702 1274 2725 ,
1305 2676 1411 2715 non
1437 2673 1748 2715 communes
1790 2657 1943 2713 facta:
1977 2668 2101 2713 sunt
2142 2674 2236 2728 pe-

644 2757 840 2823 cuniae,
870 2764 926 2810 ut
960 2755 1235 2810 avaritiam
1257 2754 1427 2818 exosi,
1460 2761 1517 2810 et
1539 2753 1799 2823 juStitiam
1829 2761 2113 2817 sectantes,
2140 2767 2234 2807 no-

646 2856 757 2901 stra
823 2845 1180 2917 indigentibus
1248 2856 1567 2916 erogantes,
1619 2844 1834 2913 aliquod
1895 2853 2234 2914 peccatorum

646 2946 951 2993 nostrorum
995 2937 1291 2992 remedium
1337 2952 1433 3007 per
1474 2936 1615 2990 viam
1660 2934 1799 2989 hanc
1826 2935 2119 3004 capiamus.
2146 2934 2236 2987 Di-

644 3033 803 3084 vitem
830 3038 883 3088 te
908 3029 1029 3085 fecit
1068 3030 1226 3095 Deus,
1257 3030 1384 3099 quid
1429 3037 1482 3084 te
1530 3028 1705 3099 ipsum
1747 3042 2038 3097 pauperem
2066 3024 2238 3080 facis?

648 3120 872 3175 Divitem
903 3131 954 3176 te
982 3121 1132 3185 fecit,
1161 3129 1218 3173 nt
1245 3120 1427 3191 egenis
1452 3120 1757 3187 auxilieris,
1786 3128 1841 3173 ut
1886 3128 2101 3187 peccata
2146 3126 2236 3173 tua

643 3215 820 3270 solvas
840 3229 936 3284 per
954 3214 1322 3268 liberalitatem
1349 3214 1469 3267 aliis
1493 3214 1783 3268 exhibitam
1808 3229 1823 3266 :
1846 3210 1992 3267 dedit
2020 3210 2111 3265 tibi
2145 3226 2233 3279 pe-

642 3308 828 3363 cunias
852 3350 865 3373 ,
893 3322 996 3362 non
1024 3319 1080 3362 ut
1120 3307 1171 3361 in
1210 3316 1437 3362 mortem
1477 3316 1620 3361 tuam
1669 3306 1922 3371 claudas,
1951 3304 2046 3359 sed
2080 3313 2137 3357 ut
2183 3303 2232 3356 in

643 3399 869 3454 salutem
901 3407 1042 3453 tuam
1070 3395 1336 3453 effundas.
1367 3398 1657 3466 PrOpterea
1684 3406 1738 3451 et
1764 3399 1997 3467 ipsarum
2023 3409 2231 3465 posses-

640 3491 845 3546 sionem
874 3492 1129 3547 incertam
1159 3500 1206 3544 et
1232 3505 1335 3543 non
1364 3489 1609 3545 stabilem
1641 3488 1784 3555 fecit,
1816 3500 1871 3542 ut
1902 3504 1996 3557 per
2027 3488 2127 3541 hoc
2152 3486 2230 3539 in-

640 3584 809 3638 sania:
833 3584 972 3638 circa
996 3584 1137 3652 ipsas
1158 3582 1507 3637 intentionem
1536 3581 1872 3636 dissolveret.
1900 3579 1955 3634 Si
1978 3580 2119 3634 enim
2143 3578 2230 3646 qui

641 3688 784 3729 l‘lllltc
829 3673 1133 3745 possident,
1160 3673 1249 3743 qui
1289 3674 1356 3727 de
1387 3673 1515 3741 ipsis
1551 3670 1823 3727 conlidere
1865 3687 1971 3725 non
2012 3670 2229 3734 valent,

640 3764 880 3834 qniuimo
900 3765 1092 3819 multas
1122 3778 1184 3817 ex
1210 3762 1311 3817 hac
1330 3767 1393 3817 re
1418 3770 1705 3817 nascentes
1734 3760 1954 3834 insidias
1981 3768 2227 3825 cernunt,

641 3856 719 3911 sic
738 3856 877 3911 circa
903 3856 1114 3911 illarum
1155 3855 1478 3910 desiderium
1506 3852 1901 3909 succenduutur
1931 3870 1945 3906 :
1973 3852 2017 3906 si
2042 3865 2095 3906 et
2130 3851 2232 3905 hoc

640 3946 877 4001 additum
907 3956 1079 4012 esset,
1112 3954 1169 4001 ut
1212 3946 1435 4001 stabiles
1461 3953 1515 3999 et
1544 3945 1763 3999 minime
1791 3943 2004 3999 caduca:
2036 3943 2227 4007 forent,

641 4037 729 4106 qui
770 4036 1166 4108 pepercissent?
1193 4051 1225 4090 a
1255 4050 1359 4107 quo
1389 4034 1816 4111 abstinuissent?
1838 4048 1867 4087 a
1899 4048 2002 4101 qua
2036 4034 2232 4089 vidua?

640 4144 669 4182 a
723 4127 913 4200 quibus
953 4127 1211 4199 pupilla?
1255 4143 1284 4181 a
1333 4127 1524 4197 quibus
1564 4123 1920 4194 pauperibus?
1942 4122 2019 4178 Ne
2068 4123 2232 4192 igitur

641 4236 891 4291 magnum
947 4228 1194 4290 putemus
1238 4218 1435 4274 bonum
1489 4231 1613 4272 esse
1658 4216 1867 4271 divitias
1922 4234 1935 4270 :
1979 4230 2228 4285 magnum

640 4312 784 4366 enim
814 4313 1009 4367 bonum
1028 4351 1042 4376 ,
1073 4326 1178 4364 non
1200 4309 1475 4379 possidere
1506 4308 1757 4377 pecunias
1781 4348 1798 4391 ι
1824 4307 1920 4362 sed
1951 4306 2045 4362 Dei
2074 4308 2230 4361 timo-

634 4419 753 4462 ntn
774 4412 830 4459 et
854 4402 1207 4458 reverentiam
1235 4400 1529 4470 possidere.
1552 4395 1691 4453 Ecce
1717 4411 1858 4451 nunc
1878 4397 1920 4451 si
1947 4396 2066 4467 quis
2086 4396 2229 4452 eséet

629 4497 836 4569 justus,
870 4505 924 4549 et
964 4493 1102 4565 apud
1136 4493 1304 4547 Deum
1342 4491 1551 4546 fiduciae
1590 4489 1794 4544 habens
1832 4488 2053 4543 multum
2080 4529 2093 4553 ,
2123 4488 2227 4544 etsi

639 4589 879 4644 omnium
931 4588 1205 4641 hominum
1276 4583 1649 4655 pauperrimus
1710 4589 1890 4648 esset,
1944 4582 2227 4650 praesentia

641 4682 781 4735 mala
812 4681 1017 4736 solvere
1050 4688 1267 4750 posset;
1301 4678 1429 4732 satis
1459 4676 1602 4731 enim
1639 4685 1782 4730 esset
1809 4683 2013 4729 tantum
2043 4675 2096 4729 in
2127 4688 2231 4729 coe-

641 4774 750 4828 lum
777 4787 964 4829 manus
992 4770 1301 4832 extendere.
1335 4778 1389 4823 et
1416 4770 1578 4823 Deum
1609 4767 1875 4832 invocare,
1910 4775 1965 4821 et
1989 4766 2105 4821 haec
2135 4781 2226 4820 ne-

638 4864 762 4917 bula
808 4863 1123 4933 praeteriret.
1154 4860 1355 4914 Aurum
1392 4874 1521 4913 vero
1549 4866 1754 4913 tantum
1782 4860 2072 4929 repositum
2116 4858 2227 4911 luto

626 4954 786 5007 omni
813 4952 878 5006 ad
910 4946 1328 5021 impendentium
1360 4949 1618 5003 malorum
1650 4946 1971 5003 solutionem
1992 4948 2226 5003 inutilius

638 5056 722 5100 est
751 5062 764 5099 :
794 5057 896 5099 nec
924 5044 977 5099 in
1006 5042 1119 5097 hoc
1149 5050 1349 5096 tantum
1381 5040 1618 5111 periculo
1638 5081 1654 5106 ,
1698 5042 1793 5095 sed
1822 5050 1878 5095 et
1919 5042 1963 5095 si
2010 5042 2228 5096 morbus

638 5133 1121 5208 comprehenderit,
1154 5136 1266 5188 sive
1286 5149 1451 5200 mors,
1476 5133 1589 5187 sive
1616 5132 1758 5187 aliud
1787 5133 1913 5202 quid
1942 5133 2224 5203 ejusmodi,

638 5226 977 5295 redarguitur
1005 5224 1345 5294 pecnniarum
1380 5224 1461 5278 vis
1490 5223 1754 5293 impotens
1778 5264 1793 5289 ,
1815 5233 1869 5278 et
1898 5226 2092 5279 nullam
2134 5241 2227 5279 va-

639 5326 756 5373 lens
799 5317 865 5371 de
904 5317 1120 5386 proprio
1160 5316 1580 5369 consolationem
1625 5316 1676 5369 in
1723 5316 1965 5371 adversis
2007 5317 2224 5372 afferre.

634 5410 813 5465 Unum
841 5420 923 5463 est
966 5406 1069 5477 quo
1100 5417 1461 5477 paupertatem
1510 5407 1708 5463 divitire
1746 5424 1997 5477 superare
2048 5410 2229 5464 viden-

641 5514 745 5569 tur,
778 5502 1102 5573 quotidianis
1132 5502 1374 5557 diffluere
1404 5500 1611 5555 deliciis
1632 5543 1645 5567 ,
1676 5511 1731 5555 et
1762 5502 1924 5555 multa
1956 5503 2007 5556 in
2045 5504 2228 5557 convi-

641 5596 739 5649 viis
780 5593 974 5663 repleri
1013 5592 1299 5661 voluptate.
1334 5591 1447 5645 [loc
1495 5600 1672 5645 tamen
1724 5601 1778 5645 et
1833 5592 1884 5645 in
1936 5606 2228 5662 pauperum

634 5668 823 5739 ipensa
854 5685 1166 5751 contingere
1199 5682 1426 5748 videtur,
1450 5681 1624 5738 ethos
1651 5682 1835 5752 majori
1858 5699 2015 5754 quam
2044 5700 2229 5739 omnes

634 5780 829 5835 diuites
862 5779 1128 5847 voluptate
1154 5774 1277 5828 frui.
1308 5774 1375 5827 Et
1406 5790 1470 5829 ne
1511 5774 1809 5843 miremini,
1843 5792 1974 5832 neve
2002 5778 2228 5833 incredi-

2356 470 2461 527 bile
2488 471 2720 542 putetis,
2762 472 2905 543 quod
2949 474 3148 529 dictum
3192 482 3277 529 est
3305 492 3320 530 :
3350 489 3419 529 ex
3447 473 3561 545 ipsa
3586 474 3731 531 enim
3761 490 3940 531 rerum

2352 565 2805 621 demonstratione
2820 566 2937 621 ohoc
2972 567 3123 623 vobis
3150 565 3339 621 faciam
3367 568 3729 623 manifestum.
3762 566 3942 624 Nostis

2350 654 2546 725 quippe
2574 670 2762 711 omnes
2782 697 2796 718 ,
2825 665 2879 711 et
2924 655 3026 710 hoc
3048 655 3377 711 confitemini
3396 698 3411 719 ,
3439 656 3581 727 quod
3610 657 3940 726 voluptatem

2352 748 2403 801 in
2426 746 2689 802 conviviis
2711 762 2815 802 non
2839 746 3158 807 ferculorum
3184 760 3395 815 natura,
3420 749 3513 804 sed
3543 749 3941 805 convivantinm

2349 838 2633 910 dispositio
2675 839 2851 897 facere
2897 842 3175 896 consuevit
3203 858 3218 895 :
3246 851 3372 911 puta
3398 882 3414 905 ,
3463 856 3585 896 cum
3636 841 3781 898 fame
3823 842 3944 912 quis

2351 947 2589 988 mensam
2635 933 2901 1003 attingens
2920 974 2935 998 ,
2965 932 3111 988 omni
3150 932 3376 987 obsonio
3399 942 3452 988 et
3479 932 3858 997 condimento,
3888 943 3944 988 ut

2350 1023 2646 1081 innumeris
2706 1024 2945 1080 ciborum
3008 1023 3272 1080 illecebris
3317 1022 3691 1094 jucundiorem
3742 1038 3944 1079 resuta

2348 1118 2614 1186 gustabit,
2652 1117 2751 1171 etsi
2810 1117 3051 1171 omnium
3105 1115 3359 1171 vilissima
3408 1116 3523 1171 sit:
3565 1107 3942 1170 necessitatem

2348 1221 2476 1262 vero
2514 1216 2571 1262 et
2610 1207 2839 1263 esuriem
2893 1206 3260 1276 praeveniens,
3286 1205 3431 1276 quod
3468 1205 3664 1262 divites
3700 1206 3903 1262 faciunt
3925 1244 3944 1268 .

2347 1300 2392 1356 si
2436 1302 2594 1355 etiam
2625 1301 2894 1370 placentas
2941 1298 3208 1371 invenerit
3240 1296 3546 1370 appositas,
3592 1312 3696 1354 non
3745 1300 3944 1354 sentiet

2349 1394 2709 1462 voluptatem,
2748 1392 2914 1462 ipsius
2962 1392 3199 1461 appetitu
3247 1407 3353 1447 non
3382 1392 3634 1447 excitato.
3668 1391 3733 1446 Et
3761 1400 3820 1445 ut
3861 1387 3945 1445 di-

2346 1501 2465 1541 scas
2493 1487 2594 1541 hoc
2614 1487 2684 1539 ita
2720 1500 2781 1539 se
2821 1485 3035 1548 habere,
3070 1493 3236 1539 testes
3264 1483 3479 1554 quidem
3507 1491 3561 1538 et
3594 1497 3689 1537 vos
3709 1496 3940 1547 omnes;

2346 1579 2623 1634 audiamus
2649 1588 2824 1633 autem
2856 1586 2909 1633 et
2938 1577 3265 1645 Scripturam
3294 1577 3399 1632 hoc
3426 1578 3596 1646 ipsum
3626 1578 3895 1631 dicentem
3925 1594 3941 1629 :

2344 1671 2530 1724 Anima
2554 1680 2784 1725 saturata
2823 1669 2953 1739 favis
2977 1670 3174 1732 illudit,
3199 1668 3386 1721 anima!
3405 1677 3573 1721 autem
3600 1668 3764 1737 egenti
3786 1666 3942 1721 etiam

2345 1781 2519 1818 amara
2571 1766 2744 1819 dulcia
2788 1764 3018 1818 videntur
3071 1763 3269 1832 (Prov.
3301 1763 3390 1817 27.
3427 1762 3502 1827 7).
3532 1760 3603 1815 Et
3638 1768 3785 1817 certe
3810 1761 3941 1830 quid

2346 1854 2480 1910 favis
2522 1856 2731 1911 dulcius
2763 1866 2818 1911 et
2861 1856 3065 1911 melle?
3088 1854 3195 1912 Sed
3225 1870 3329 1909 non
3354 1853 3650 1925 jucundum
3675 1893 3692 1919 ,
3725 1852 3939 1923 inquit,

2345 1962 2451 2001 non
2501 1948 2777 2002 esurienti.
2802 1948 2939 2017 Quid
2995 1962 3121 2002 vero
3172 1946 3369 2001 amaris
3413 1943 3797 2014 injucundius?
3843 1943 3943 1999 sed

2344 2036 2518 2093 dulcia
2544 2047 2668 2094 sunt
2697 2040 2748 2093 in
2781 2038 3035 2109 pauperie
3060 2026 3563 2105 constitutis.-Quod
3591 2046 3770 2091 autem
3802 2050 3940 2105 pau-

2344 2143 2501 2198 peres
2538 2144 2659 2182 cum
2705 2130 3024 2184 necessitate
3051 2136 3106 2203 et
3130 2127 3309 2183 esurie
3351 2126 3419 2182 ad
3457 2128 3635 2183 cibum
3677 2126 3896 2181 veniant
3920 2167 3935 2189 .

2344 2219 2537 2275 divites
2564 2234 2692 2273 vero
2714 2234 2832 2274 eam
2861 2234 2966 2273 non
3007 2224 3318 2286 exspectent
3338 2258 3353 2283 ,
3387 2216 3490 2271 hoc
3534 2216 3727 2287 cuique
3760 2216 3940 2270 mani-

2345 2312 2537 2369 festum
2566 2322 2648 2367 est
2677 2330 2691 2366 :
2724 2311 2864 2366 unde
2891 2310 3182 2380 legitimam
3227 2319 3283 2367 et
3319 2309 3581 2365 sinceram
3609 2308 3937 2376 voluptatem

2346 2418 2449 2456 non
2472 2403 2708 2471 capiunt.
2737 2402 2847 2456 Nec
2874 2402 2926 2455 in
2953 2401 3085 2455 cibis
3113 2407 3338 2465 tantum,
3368 2398 3462 2454 sed
3487 2407 3542 2454 et
3568 2398 3619 2452 in
3644 2407 3772 2467 potu
3792 2397 3937 2452 idem

2342 2493 2586 2549 accidere
2603 2492 2786 2547 videre
2815 2492 2936 2547 licet
2963 2510 2975 2544 :
3004 2501 3057 2547 et
3081 2492 3215 2546 sicut
3240 2491 3351 2547 illic
3369 2489 3575 2546 esuries
3595 2503 3751 2559 supra
3784 2504 3940 2543 esca-

2345 2601 2462 2640 rum
2492 2594 2734 2639 naturam
2776 2583 3100 2653 voluptatem
3132 2581 3365 2647 inducit,
3394 2582 3471 2637 sic
3495 2590 3553 2635 et
3592 2580 3677 2633 hic
3706 2580 3822 2634 sitis
3842 2579 3938 2649 ju-

2342 2679 2727 2734 cundissimum
2768 2687 2949 2746 potum
2981 2675 3157 2731 lacere
3196 2675 3508 2739 consuevit,
3548 2673 3648 2728 etsi
3696 2687 3826 2741 pura
3867 2672 3941 2726 sit

2342 2786 2478 2842 aqua
2499 2786 2616 2839 qua:
2663 2769 2891 2824 bibatur.
2923 2768 2991 2822 Et
3038 2767 3143 2822 hoc
3189 2766 3363 2836 ipsum
3398 2762 3667 2833 Propheta
3710 2762 3909 2817 demou

2342 2876 2518 2919 strans
2548 2904 2562 2927 ,
2617 2862 2826 2916 dicebat
2878 2877 2891 2912 :
2942 2858 3012 2912 Et
3060 2860 3125 2914 de
3167 2868 3310 2927 petra
3363 2856 3511 2910 melle
3559 2852 3807 2910 «nutavit
3850 2867 3939 2908 eos

2344 2953 2533 3025 (Psal.
2566 2954 2655 3009 80.
2706 2954 2770 3008 l7
2798 2954 2840 3022 ).
2893 2950 3054 3021 Atqui
3099 2951 3201 3004 hoc
3252 2961 3510 3018 nusquam
3555 2945 3610 3001 in
3658 2944 3937 3013 Scriptura

2341 3030 2536 3101 lectum
2566 3055 2648 3100 est
2668 3086 2683 3109 ,
2717 3043 2858 3114 quod
2901 3044 3007 3097 mel
3052 3043 3119 3096 de
3154 3049 3303 3110 petra
3332 3039 3509 3094 Moses
3537 3036 3804 3102 eduxerit,
3835 3035 3935 3091 sed

2342 3137 2536 3205 ubique
2560 3135 2779 3202 fluvios,
2808 3142 2864 3189 et
2890 3148 3055 3203 aquas
3074 3174 3090 3199 ,
3111 3142 3165 3187 et
3206 3130 3393 3201 frigida
3424 3129 3643 3185 ﬂuenta.
3671 3125 3811 3195 Quid
3837 3127 3937 3196 igi-

2343 3240 2429 3284 tur
2460 3230 2673 3283 tandem
2723 3236 2806 3283 est
2847 3226 2989 3297 quod
3016 3224 3248 3279 dicitur?
3284 3238 3455 3293 neque
3485 3222 3627 3275 enim
3656 3220 3934 3288 Scriptura

2341 3323 2615 3376 mentitur.
2651 3320 2936 3390 Postquam
2967 3319 3109 3372 enim
3152 3316 3392 3371 sitientes
3431 3323 3483 3368 et
3515 3312 3803 3382 indigentia
3830 3310 3933 3366 de-

2341 3414 2541 3485 fatigati
2568 3414 2618 3467 in
2650 3411 2949 3482 frigidiores
2977 3424 3142 3479 aquas
3172 3409 3472 3462 inciderunt
3491 3447 3506 3471 ,
3529 3421 3594 3462 ex
3628 3414 3755 3474 potu
3781 3403 3937 3457 volu-

2340 3516 2539 3578 ptatem
2570 3502 2816 3559 asserere
2856 3502 3039 3556 volens
3058 3542 3073 3564 ,
3116 3500 3220 3554 mel
3249 3513 3438 3569 aquam
3469 3495 3755 3565 appellavit
3777 3534 3792 3559 ,
3823 3508 3932 3547 non

2341 3608 2607 3668 tamquam
2638 3602 2837 3649 mutata
2865 3594 2917 3648 in
2960 3593 3065 3646 mel
3110 3603 3319 3654 natura,
3360 3589 3455 3643 sed
3498 3587 3791 3642 bibentium
3821 3585 3936 3640 dis-

2344 3690 2610 3761 positione
2659 3687 2855 3741 ﬂuenta
2897 3685 3056 3740 melle
3094 3682 3411 3753 jucundiora
3456 3679 3704 3734 faciente.
3735 3677 3938 3733 Didici-

2338 3784 2440 3847 sti,
2466 3796 2573 3851 quo
2620 3780 2781 3836 modo
2816 3788 2871 3833 et
2914 3786 3096 3847 potum
3142 3790 3357 3831 suavem
3389 3774 3683 3828 sitientium
3712 3770 3934 3826 affectio

2339 3872 2565 3928 reddere
2588 3870 2916 3926 consuevit?
2961 3867 3108 3922 Multi
3139 3866 3297 3936 igitur
3322 3880 3583 3935 pauperes
3606 3878 3751 3934 swpe
3775 3862 3932 3918 labo-

2338 3976 2517 4020 rantes
2547 3974 2599 4019 et
2628 3960 2933 4039 defatigati,
2962 3970 3014 4014 et
3040 3960 3125 4014 siti
3152 3960 3400 4013 ardentes
3419 4000 3434 4024 ,
3458 3972 3580 4012 cum
3602 3957 3744 4012 dicta
3770 3954 3930 4010 volu-

2341 4067 2483 4128 ptate
2506 4056 2628 4111 talia
2650 4054 2887 4109 libavere
2913 4052 3110 4106 fluenta
3134 4069 3147 4105 :
3173 4051 3362 4105 divites
3381 4064 3512 4105 vero
3530 4048 3709 4103 vinum
3740 4061 3930 4115 suave,

2337 4160 2392 4205 et
2419 4148 2564 4205 floris
2591 4147 2833 4211 odorem,
2861 4157 2915 4201 et
2943 4160 3156 4200 omnem
3187 4144 3437 4199 virtutem
3471 4142 3695 4211 habens,
3723 4158 3843 4213 quas
3871 4143 3929 4197 iu

2338 4232 2461 4298 vino
2488 4241 2657 4313 optari
2690 4242 2887 4311 possit,
2922 4239 3226 4295 haurientes
3245 4283 3259 4308 ,
3288 4253 3393 4295 non
3433 4238 3677 4295 eamdem
3706 4252 3933 4294 sensere

2335 4334 2769 4390 delectationem.

2406 4427 2461 4484 8.
2496 4428 2609 4483 Hoc
2647 4438 2702 4483 et
2742 4428 2795 4481 in
2836 4440 3025 4481 somno
3053 4426 3163 4480 fieri
3191 4424 3391 4480 videas.
3433 4425 3546 4481 Non
3581 4426 3722 4481 enim
3762 4425 3932 4480 molle

2335 4530 2561 4577 stratum
2586 4562 2600 4587 ,
2638 4536 2812 4590 neque
2855 4519 3230 4588 deargematus
3260 4518 3428 4572 lectus
3447 4559 3460 4579 ,
3494 4532 3667 4588 neque
3691 4518 3841 4586 quies
3871 4518 3929 4572 in

2334 4612 2572 4669 conclavi
2619 4613 2784 4676 facta,
2828 4624 2997 4679 neque
3036 4609 3174 4663 aliud
3206 4607 3507 4678 hujusmodi
3536 4608 3802 4677 quidpiam
3832 4623 3894 4663 so
3914 4641 3929 4649 -

2336 4718 2518 4759 mnum
2549 4702 2757 4757 dulcem
2787 4710 2841 4754 et
2868 4700 3152 4771 proclivem
3187 4700 3362 4755 facere
3398 4700 3572 4767 Solet,
3601 4701 3739 4755 sicut
3777 4699 3901 4755 labo

2336 4811 2455 4850 rare
2499 4803 2553 4849 et
2595 4793 2783 4851 lassari
2809 4832 2825 4858 ,
2869 4802 2923 4847 et
2954 4794 3298 4848 vehementer
3324 4808 3513 4847 somno
3541 4792 3837 4861 indigentes
3870 4804 3931 4850 et

2336 4888 2685 4942 dormitantes
2720 4885 2968 4939 reclinari
2999 4902 3012 4937 :
3045 4896 3099 4939 et
3128 4888 3229 4939 hoc
3266 4886 3480 4954 quidem
3510 4895 3736 4940 testatur
3763 4886 3926 4941 etiam

2336 4994 2515 5033 rerum
2542 4976 2866 5047 experientia
2898 4995 2912 5030 :
2936 4985 3161 5031 testatur
3185 4986 3362 5031 autem
3392 4986 3447 5031 et
3473 4986 3594 5031 ante
3620 4993 3798 5031 rerum
3826 4993 3931 5033 ex-

2338 5072 2646 5141 perientiam
2674 5069 3067 5141 Scripturarum
3095 5070 3378 5124 sententia.
3420 5070 3636 5124 Deliciis
3666 5071 3809 5126 enim
3840 5071 3929 5126 iu-

2338 5163 2565 5219 nutritus
2592 5162 2844 5218 Salomon
2875 5161 3014 5216 idem
3041 5160 3410 5215 demonstrare
3436 5145 3642 5223 volens,
3670 5157 3885 5214 dicebat
3914 5180 3928 5214 :

2335 5255 2607 5310 Iucundus
2631 5269 2833 5307 somnus
2861 5267 3023 5316 servo,
3050 5251 3155 5305 sive
3190 5267 3391 5320 parum,
3423 5250 3525 5303 sive
3552 5248 3766 5302 multum
3790 5264 3934 5301 com-

2338 5346 2646 5417 edat~(Eccl.
2672 5347 2724 5401 5.
2767 5345 2878 5417 Η).
2921 5343 3030 5400 Cur
3069 5344 3228 5414 igitur
3256 5343 3423 5409 addit,
3457 5342 3573 5398 Sive
3596 5358 3799 5411 parum,
3828 5343 3935 5397 sive

2339 5442 2551 5495 multant
2577 5441 2837 5495 comedat?
2861 5439 3031 5493 Ambo
3058 5438 3173 5491 haec
3193 5434 3423 5506 vigiliam
3457 5435 3711 5489 inducere
3732 5433 3931 5495 solent,

2340 5536 2627 5603 indigentia
2653 5544 2709 5588 et
2736 5532 2946 5602 crapula
2972 5550 2985 5586 :
3011 5531 3097 5585 illa
3120 5529 3333 5601 quidem
3355 5543 3547 5598 corpus
3565 5528 3581 5558 ¹
3609 5524 3931 5591 arefacieus,

2338 5640 2391 5687 et
2423 5629 2702 5701 palpebras
2728 5642 2953 5683 corneas
2979 5627 3230 5696 reddens,
3256 5641 3353 5681 nec
3375 5624 3549 5679 claudi
3570 5623 3891 5694 permittens
3916 5638 3933 5677 :

2407 5791 2422 5819 ³
2458 5789 2529 5837 sic
2546 5786 2687 5850 juxta
2711 5783 2850 5833 savil.
2875 5793 2938 5832 tn.
2967 5792 3037 5845 8.,
3064 5798 3167 5848 pro,
3194 5796 3387 5848 corpus,
3415 5779 3610 5845 legitur,
3639 5778 3887 5837 spiritum.

4028 5370 4061 5381 κ
