4196 6316
429 420 498 475 -ἰέι
1170 413 1531 476 SJOANNIS
1567 413 2061 471 CHRYSOSTOMI
2097 414 2421 470 ANIHIEP.
2462 414 3019 472 CONSTANTINOP.
3809 413 3876 469 M1

409 525 583 580 ταῦτα
604 527 908 599 ἀγρυπνίαν
949 529 1198 600 ἐμποιεῖν
1250 529 1462 596 εἴωθεν,
1509 530 1684 585 ἔνδεια
1717 530 1809 584 καὶ
1868 530 2051 601 ἀδηφα

408 615 529 685 γία·
579 618 614 686 ἠ
665 617 764 686 μὲν
799 617 862 670 16
894 615 1055 687 σῶμα
1078 626 1097 649 ’
1127 616 1478 688 ξηραίνουσα,
1517 619 1613 673 καὶ
1657 619 2083 690 κερατοποιοῦσα

407 703 477 756 τὰ
503 701 763 773 βλέφαρα,
809 702 905 756 καὶ
936 703 1036 758 οὑκ
1083 705 1305 774 ἀφιεῖσα
1356 704 1850 760 καταστέλλεσθαιο
1886 706 1919 775 ἡ
1947 705 2004 759 δέ
2027 705 2087 759 16

409 788 628 860 πνεῦμα
674 790 1104 862 στενοχωροῦσα,
1155 791 1252 845 καὶ
1297 792 1687 855 ἀποθλίϐουσα,
1741 793 1838 846 καὶ
1886 791 2089 857 πολλὰς

409 877 726 948 παρέχουσα
749 877 848 942 τάς
876 878 1085 943 ὀδύνας.
1134 879 1273 933 Ἀλλ’
1301 880 1450 951 ὅμως
1470 879 1707 952 τοσαύτη
1740 880 1889 933 ἐστὶν
1924 881 1956 951 ὴ
1979 879 2088 934 τῶν

412 966 589 1020 πόνων
616 966 956 1038 παραμυθία,
987 966 1064 1031 ὡς
1096 968 1145 1020 εί
1177 968 1271 1021 καὶ
1295 968 1465 1024 ταῦτα
1491 969 1780 1040 ἀμφότερα
1801 968 1830 1008 δ
1855 955 2088 1039 προσγέ-

412 1071 576 1120 νοιτο,
602 1054 858 1109 δύνασθαι
882 1053 974 1109 τὸν
999 1055 1215 1126 οίκέτην
1234 1055 1534 1110 καθεύδειν.
1571 1055 1793 1125 Ἐπειδὴ
1812 1054 1923 1127 γὰρ
1949 1055 2082 1107 κατά

411 1142 510 1213 τὴν
539 1143 750 1214 ἡμέραν
774 1140 994 1197 ἃπασαν
1022 1141 1298 1213 πανταχοῦ
1324 1142 1706 1214 περιτρέχουσι
1737 1141 2092 1213 διακονούμε-

410 1248 492 1283 νοι
513 1233 626 1294 τοῖς
647 1229 824 1284 αὑτῶν
843 1229 1154 1297 δεσπόταις,
1172 1231 1522 1300 κοπτόμενοι,
1549 1230 2085 1303 ταλαιπωρούμενοι,

412 1317 508 1370 καὶ
543 1317 661 1370 οὑδέ
689 1317 884 1388 μικρὸν
906 1317 1286 1380 ἀναπνέοντες,
1317 1316 1426 1371 τῶν
1459 1317 1723 1388 καμάτων
1747 1317 1974 1370 ἐκείνων
1995 1318 2091 1370 καὶ

409 1403 520 1458 τῶν
551 1404 726 1456 πόνων
779 1403 969 1472 ἱκανὴν
1005 1403 1481 1474 ἀπολαμϐάνουσιν
1516 1403 1752 1475 ἀμοιϐὴν
1783 1403 1883 1475 τὴν
1926 1405 1983 1456 ἐν
2012 1403 2091 1476 τῷ

411 1489 694 1545 καθεύδειν
719 1490 934 1563 ἡδονήν.
967 1490 1072 1545 K61
1094 1492 1251 1545 τοῦτο
1269 1491 1373 1562 τῆς
1401 1491 1494 1545 τοῦ
1517 1492 1654 1545 Θεοῦ
1679 1491 2092 1564 φιλανθρωπίας

411 1579 573 1650 ἔργον
602 1579 839 1647 ἐγένετο,
875 1579 936 1631 16
969 1590 991 1618 ε
1023 1580 1098 1650 μὴ
1125 1578 1310 1650 χρυσῷ
1343 1579 1438 1632 καὶ
1463 1572 1690 1652 ἀργύρῳ
1710 1579 1924 1650 ὠνητάς
1952 1575 2090 1634 εἶναι

409 1668 511 1732 τὰς
540 1668 752 1739 ἡδονὰς,
783 1667 918 1722 ἀλλά
947 1667 1094 1738 πόνῳ
1149 1668 1245 1721 καὶ
1285 1666 1471 1738 μόχθῳ
1507 1669 1602 1720 κα)⁸
1661 1667 1819 1739 χρείᾳ
1877 1668 1972 1720 καὶ
2006 1685 2092 1736 φι-

410 1758 639 1828 λοσοφίᾳ
683 1756 853 1827 πάσῃ.
906 1755 1054 1809 an»
1077 1757 1177 1826 οὑχ
1221 1757 1270 1808 οί
1317 1754 1673 1818 πλουτοῦντες
1718 1754 1928 1818 οὕτως·
1977 1754 2090 1807 ἀλλ’

413 1844 505 1896 ἐπὶ
550 1843 658 1895 τῶν
698 1843 1034 1913 στρωμάτων
1065 1843 1307 1913 κείμενοι
1349 1840 1610 1904 πολλάκις
1643 1840 1709 1894 δι’
1734 1842 1862 1912 ὅλης
1899 1839 2093 1904 νυκτὸς

413 1929 750 2002 ἀγρυπνοῦσι
791 1929 901 1982 καὶ·
925 1929 1094 1982 πολλά
1132 1926 1518 1999 μηχανώμενοι
1552 1927 1810 1998 τοιαύτης
1829 1928 1929 1980 οὑκ
1951 1928 2089 1980 ἀπο-

415 2015 662 2070 λαύουσιν
719 2016 936 2087 ἡδονῆς.
1006 2016 1064 2069 '0
1117 2016 1173 2070 δὲ
1219 2016 1391 2086 πένης
1433 2016 1498 2068 ἐκ
1546 2015 1656 2068 τῶν
1715 2014 2093 2086 μεθημερινῶν

415 2105 653 2169 ἀναστάς
680 2104 854 2157 πόνων
881 2103 1200 2174 κεκμηκότα
1232 2103 1370 2172 ἔχων
1399 2102 1469 2155 τά
1501 2101 1662 2173 μέλη,
1708 2102 1836 2172 πρὶν
1863 2102 1896 2170 ἢ
1925 2118 2092 2155 κατα-

415 2195 620 2255 πεσεῖν,
663 2191 859 2262 ἀθρὸον
885 2192 979 2245 x61
1009 2192 1138 2260 ἡδὺν
1175 2191 1266 2244 καὶ
1293 2192 1515 2262 γνήσιον
1543 2190 1634 2244 τὸν
1661 2189 1828 2243 ὕπνον
1855 2189 2090 2254 ἐδέξατο,

415 2280 474 2332 οὑ
500 2277 691 2350 μικρὸν
714 2278 805 2330 καὶ
828 2276 984 2330 τοῦτο
1002 2277 1107 2329 τῶν
1127 2277 1349 2330 δικαίων
1367 2278 1544 2330 πόνων
1563 2275 1856 2346 λαμϐάνων
1880 2275 2089 2346 μισθόν.

418 2367 589 2418 Ὅταν
619 2360 711 2417 οῦν
743 2363 882 2433 μετά
923 2363 1167 2427 πλείονος
1207 2364 1398 2434 ἡδονῆς
1432 2365 1460 2416 6
1497 2362 1667 2432 πένης
1707 2363 1802 2415 καὶ
1834 2361 2091 2434 καθεύδῃ,

417 2454 510 2506 καὶ
559 2451 722 2522 πίνῃ,
774 2450 866 2503 καὶ
923 2449 1100 2524 ἐσθίῃ,
1149 2450 1293 2512 τίνος
1351 2449 1506 2502 ἔσται
1559 2448 1746 2502 λοιπὸν
1785 2451 1812 2501 6
1868 2447 2094 2510 πλοῦτος

417 2539 590 2604 ἄξιος,
633 2537 660 2588 6
694 2537 842 2589 δοκεῖ
891 2537 1033 2589 κατά
1066 2537 1164 2607 τῆς
1215 2538 1406 2599 πενίας
1441 2536 1769 2607 προτέρημα
1799 2535 1964 2605 ἔχειν,
2000 2535 2093 2586 καὶ

416 2626 574 2678 τοῦτο
601 2624 986 2696 ἀφῃρημένος;
1023 2623 1120 2676 Διά
1151 2623 1310 2676 τοῦτο
1347 2625 1441 2676 καί⁸
1481 2623 1540 2688 ἐξ
1571 2623 1744 2692 ἀρχῆς
1776 2624 1804 2673 6
1833 2621 1963 2682 Θεὸς
1994 2621 2090 2672 πό-

417 2731 505 2768 νον
531 2713 609 2783 τῷ
642 2712 910 2784 ἀνθρώπῳ
934 2712 1272 2778 συνέζευξεν,
1304 2713 1424 2780 οὑχ).
1455 2712 1864 2782 τιμωρούμενος
1904 2709 2092 2773 αὑτὸν,

416 2801 537 2854 οὑδὲ
573 2800 837 2864 κολάζων,
883 2799 1018 2851 ἀλλά
1059 2798 1406 2868 σωφρονίζων
1472 2799 1565 2851 καὶ
1613 2797 1903 2850 παιδεύων.
1964 2798 2092 2850 Ὅτε

400 2888 614 2941 ,ἄπονον
643 2887 752 2956 βίον
779 2886 873 2954 ἔζη
899 2887 926 2936 6
968 2885 1157 2954 Ἀδάμ,
1206 2885 1428 2948 ἐξέπεσε
1477 2884 1572 2936 τοῦ
1611 2884 1941 2954 παραδείσου
1962 2903 1973 2913 ·
2005 2885 2091 2935 ὅτε

417 2974 475 3029 δὲ
501 2975 757 3028 ἐπίπονον
785 2974 878 3025 καὶ
896 2972 1190 3042 ἐπίμοχθον
1217 2972 1603 3034 όἈπόστολος,
1636 2972 1729 3024 καὶ
1760 2973 1963 3040 ἔλεγεν,
2001 2973 2096 3024 Ἐν

418 3063 584 3123 κόπῳ
606 3059 703 3113 καὶ
726 3059 930 3128 μόχθῳ
958 3060 1146 3110 νύκτα
1176 3058 1271 3109 καὶ
1291 3057 1519 3125 ἡμέραν
1541 3056 1948 3126 ἐργαζόμενος,
1976 3058 2094 3110 τότε

417 3145 656 3216 ἀπῆλθεν
686 3147 765 3208 είς
792 3145 881 3197 τὶν
904 3144 1251 3215 παράδεισον,
1288 3145 1378 3200 καὶ
1414 3146 1491 3206 είς
1525 3146 1704 3214 τρίτον
1749 3145 1976 3214 ἀνῆλθεν
2003 3145 2094 3196 ού-

420 3235 600 3306 ρανόν.
633 3232 724 3302 Μὴ
761 3228 938 3284 τοίνυν
985 3231 1300 3300 κακίζωμεν
1341 3231 1518 3289 πόνον,
1561 3229 1695 3300 μηδὲ
1746 3230 2094 3300 διαπτύωμεν

419 3320 718 3391 ἐργασίαν
769 3320 864 3371 x61
914 3317 1022 3387 γὰρ
1062 3319 1167 3385 πρὸ
1221 3316 1321 3384 τῆς
1370 3316 1647 3386 βασιλείας
1699 3317 1806 3370 τῶν
1849 3318 2094 3388 οὐρανῶν

419 3407 669 3462 ἐντεῦθεν
713 3407 974 3477 μεγίστην
1028 3403 1376 3474 λαμϐάνομεν
1427 3403 1695 3474 ἀμοιϐὴν,
1749 3404 1845 3474 τὴν
1897 3407 1958 3457 ἐκ
1999 3405 2095 3459 τοῦ

420 3497 751 3566 πράγματος
780 3493 970 3564 ἡδονὴν
1000 3491 1114 3563 [55]
1147 3492 1544 3563 καρπούμενοι·
1577 3492 1675 3561 οὑχ
1703 3491 1892 3562 ἡδονὴν
1915 3493 1969 3546 δὲ
1998 3494 2096 3564 μό-

419 3601 527 3646 νον,
547 3583 680 3636 ἀλλά
697 3583 813 3644 καὶ,
839 3582 866 3634 ὃ
892 3581 1070 3650 πολλῷ
1100 3580 1283 3650 μεῖζόν
1315 3582 1461 3633 ἐστιν
1488 3579 1698 3651 ἡδονῆς,
1720 3579 1908 3648 ὑγείαν
1930 3581 2098 3635 καθα-

421 3672 689 3742 ρωτάτην.
752 3670 877 3731 Τοῖς
938 3668 1037 3738 μὲν
1094 3667 1202 3736 γὰρ
1252 3666 1540 3720 πλουτοῦσι
1589 3666 1730 3737 μετά
1771 3667 1871 3738 τῆς
1903 3668 2096 3739 ἀηδίας

421 3757 592 3810 πολλά
651 3759 746 3810 καὶ
791 3756 860 3808 τά
902 3756 1183 3825 νοσήματα
1230 3756 1474 3826 ἐπιρρεῖ·
1523 3756 1571 3808 οἱ
1621 3755 1676 3808 δὲ
1721 3757 1952 3825 πένητες
1989 3756 2096 3809 τῶν

425 3844 680 3916 ίατρικῶν
715 3846 850 3894 εἰσιν
886 3841 1291 3911 ἀπηλλαγμένοι
1324 3841 1524 3912 χειρῶν
1547 3855 1560 3873 ⁸
1594 3843 1642 3894 εί
1664 3842 1720 3894 δέ
1744 3859 1847 3894 που
1877 3842 1968 3895 καὶ
2000 3859 2096 3894 πε-

424 3932 699 4003 ριπέσοιεν
741 3929 1157 3999 ἀρρωστήματι,
1187 3927 1398 3997 ταχέως
1437 3927 1665 3991 ἐαυτοὺς
1705 3929 2093 3998 ἀνεκτήσαντο,

425 4013 681 4083 βλακείας
699 4013 917 4083 ἀπάσης
939 4011 1371 4081 ἀπηλλαγμένοι,
1395 4009 1487 4063 καὶ
1507 4010 1573 4063 τὰ
1598 4009 1825 4080 σώματα
1849 4010 2096 4081 εὕρωστα

422 4097 654 4166 ἔχοντες.

680 4181 863 4250 κτῆμα
887 4180 1045 4232 πενία
1075 4181 1186 4241 τοῖς
1216 4178 1521 4248 φιλοσόφως
1545 4177 1714 4249 αὑτὴν
1733 4180 1979 4249 φέρουσι,
2011 4184 2094 4254 θη-

424 4262 622 4335 σαυρὸς
653 4263 866 4325 ἄσυλος,
894 4262 1163 4332 βακτηρία
1199 4264 1544 4332 ἰσχυροτάτη,
1571 4264 1764 4336 κτῆσις
1790 4266 2098 4336 ἀνεπηρέα-

425 4364 567 4411 στος,
595 4345 936 4414 καταγώγιον
971 4345 1437 4398 ἀνεπιϐούλευτον.
1475 4346 1634 4399 Ἀλλά
1671 4347 2093 4414 πλεονεκτεῖται,

426 4432 589 4500 φησὶν
609 4471 622 4494 ,
656 4432 683 4482 6
715 4429 884 4499 πένης
913 4446 926 4459 ·
959 4427 1072 4481 ἀλλ’
1128 4427 1534 4481 ἐπιϐουλεύεται
1564 4429 1825 4500 μειζόνως
1867 4432 1896 4482 6
1930 4429 2098 4482 πλού-

427 4531 569 4576 σιοςο
629 4515 1048 4583 καταφρονεῖται
1107 4512 1136 4563 6
1190 4511 1359 4582 πένης
1430 4514 1524 4566 καὶ
1583 4513 1895 4582 ὑϐρίζεται·
1963 4513 2097 4568 ἀλλά

425 4597 697 4666 φθονείται
747 4600 776 4650 6
804 4597 1055 4668 εὑπορος.
1087 4595 1202 4666 Οὑχ
1240 4596 1411 4661 οὕτως
1449 4596 1597 4649 ἐστὶν
1627 4596 2097 4665 εὑκαταγὼνιστος

422 4682 452 4734 6
481 4681 672 4750 πένης,
711 4680 784 4743 ῶς
825 4681 971 4732 ἐστιν
1020 4679 1488 4748 εὑκαταγώνιστος
1520 4683 1547 4733 6
1587 4679 1860 4745 πλούσιος,
1898 4681 2096 4751 μυρίας

425 4763 690 4818 πάντοθεν
725 4763 816 4816 καὶ
853 4763 931 4833 τῷ
968 4762 1197 4833 διαϐόλῳ
1222 4765 1455 4826 καὶτοῖς
1495 4762 1801 4826 ἐπιϐούλοις
1839 4762 2094 4834 παρέχων

423 4846 612 4910 λαϐἀς,
643 4845 736 4898 καὶ
764 4845 978 4898 πάντων
999 4844 1074 4899 ὢν
1092 4844 1275 4909 δοῦλος
1305 4844 1394 4898 διὰ
1421 4845 1518 4916 τὴν
1567 4844 1766 4915 πολλὴν
1798 4843 1907 4898 τῶν
1955 4861 2096 4916 πρα-

426 4930 650 4998 γμάτων
693 4929 984 4997 περιϐολήν
1003 4943 1020 4959 ⁸
1048 4931 1078 4982 6
1109 4927 1318 4983 πολλῶν
1362 4930 1419 4983 ἐν
1443 4929 1601 5002 χρείᾳ
1620 4929 1914 4993 ’καθεστὼς
1967 4930 2095 4982 πολ-

424 5011 549 5074 λοὺς
597 5011 965 5079 ἀναγκάζεται
1006 5011 1344 5078 κολακεύειν,
1387 5013 1481 5066 x61
1518 5013 1656 5084 μετά
1702 5014 1904 5084 πολλῆς
1939 5013 2100 5083 θερα-

425 5093 613 5146 πεύειν
651 5093 1106 5165 δουλοπρεπείαςο
1131 5097 1159 5147 6
1204 5095 1262 5148 δὲ
1302 5095 1470 5167 πένης
1511 5097 1576 5151 ἂν
1617 5099 1732 5170 εἰδῇ
1764 5098 2096 5167 φιλοσοφεῖν,

423 5177 546 5231 οὑδὲ
575 5176 666 5229 ὑπ’
702 5177 864 5229 αὑτοῦ
901 5177 994 5230 τοῦ
1035 5178 1282 5231 διαϐόλου
1326 5180 1800 5251 καταγωνισθῆναι
1852 5179 2096 5234 δύναται.

437 5262 497 5314 ’0
543 5256 635 5312 οῦν
685 5258 809 5312 Ἰὼϐ
856 5262 1072 5333 ἰσχυρὸς
1114 5261 1189 5314 ὢν
1241 5263 1333 5316 καὶ
1387 5263 1494 5333 πρὸ
1545 5262 1758 5328 τούτου,
1809 5265 1973 5333 ἡνίκα
2034 5263 2102 5316 16

431 5340 605 5396 πάντα
649 5343 910 5406 ἀπέϐαλε,
958 5345 1078 5396 τότε
1123 5346 1342 5413 γέγονεν
1393 5345 1772 5417 ἰσχυρότερος,
1820 5347 1914 5398 καὶ
1958 5346 2098 5414 λαμ-

428 5427 568 5493 πρὰν
596 5427 766 5496 ἤρατο
787 5428 926 5479 κατά
948 5427 1040 5480 τοῦ
1062 5428 1306 5480 διαϐόλου
1334 5430 1430 5500 τὴν
1453 5429 1630 5496 νίκην.
1659 5429 1868 5493 ’Ἄλλως
1895 5429 1950 5481 δὲ
1980 5428 2097 5480 οὐδὲ

426 5508 741 5579 ὑϐρίζεσθαι
776 5510 997 5563 δύναται
1035 5515 1064 5564 6
1095 5512 1281 5581 πένης,
1313 5511 1378 5564 ἂν
1413 5510 1528 5580 είδῇ
1560 5511 1888 5579 φιλοσοφεῖν.
1924 5511 2098 5581 Ὅπερ

427 5591 534 5659 γάρ
567 5591 699 5659 ἔφην
746 5593 874 5660 περὶ
910 5595 1007 5664 τῆς
1046 5593 1263 5664 ἡδονῆς,
1307 5595 1387 5646 ὅτι
1422 5596 1454 5664 ἠ
1493 5594 1657 5663 ἡδονὴ
1689 5595 1785 5645 οὑκ
1812 5597 1867 5648 ἐν
1896 5596 1961 5663 τῇ
2004 5610 2098 5645 πο-

427 5675 668 5745 λυτελείᾳ
693 5675 800 5728 τῶν
827 5680 1028 5744 σιτίων,
1054 5679 1167 5732 ἀλλ’
1189 5680 1248 5730 ἐν
1273 5681 1340 5748 τῇ
1361 5676 1599 5730 διαθέσει
1619 5677 1725 5730 τῶν
1756 5679 2098 5748 ἑστιωμένων

492 5819 516 5887 ξ’
542 5818 620 5887 Sic
646 5832 676 5887 ς
695 5821 892 5887 εαινὶιίο.
920 5822 1118 5887 Εάὶμιῐη
1142 5828 1247 5873 erat
1264 5822 1469 5887 πνεῦμα,
1496 5823 1750 5872 mendose.
1775 5823 1909 5887 Em.

488 5879 515 5920 Ιι
545 5882 624 5946 sic
649 5883 795 5946 Savjl.
827 5893 871 5929 (ιι
904 5884 1110 5933 maxima
1136 5899 1245 5946 pars
1268 5879 1584 5933 mssfMorel.
1610 5887 1647 5932 εἰ
1672 5888 1749 5932 και
1785 5888 1842 5931 τά
1868 5886 1982 5946 ἀμφ.

490 5948 510 5964 "
541 5945 635 6008 :«Hii
667 5944 749 5991 τοῦ
777 5965 856 6005 μγ.
884 5947 965 5995 alii
988 5949 1042 6008 16
1177 5948 1258 5995 alii
1280 5950 1348 6007 τῷ
1375 5948 1458 6008 μή,
1487 5960 1596 6008 qua
1627 5947 1865 5994 chlihnee
1891 5944 2097 6008 ιόιένιιιίιρ

541 5965 635 5990 mu
667 5965 749 5991 τον
777 5965 856 6005 μγ.
884 5965 965 5995 :nu
988 5965 1042 5994 το
1068 5965 1151 6007 μη,
1177 5965 1258 5995 mu
1280 5965 1348 6007 τῳ
1411 5965 1458 6005 η,
1487 5965 1596 6008 quae
1627 5965 1865 5994 ιυριιιοιιιξς
1891 5965 2097 6004 pvnnuc

425 6005 692 6071 quadrum,
715 6009 815 6052 Ima
857 6010 994 6054 "nim
1019 6007 1155 6057 ίιτίίυ
1173 6011 1226 6056 το
1262 5965 1487 6071 (pungat,
1534 6006 1576 6057 si
1611 6008 1938 6071 yl'tlnmmlirw
1979 6006 2098 6066 (Mf--

336 6085 392 6127 -η,
427 6065 509 6110 tam;
533 6069 818 6114 ιὀλγειιίςκιῖκ
857 6072 982 6117 ίψιι.

2191 533 2390 596 κεῖται,
2420 529 2578 584 τοῦτο
2617 532 2713 585 καὶ
2758 532 2888 603 περὶ
2923 529 3024 600 τῆς
3059 527 3272 599 ὕϐρεως
3319 529 3494 598 λέγω·
3534 531 3618 584 ὅτι
3653 530 3686 600 ἡ
3725 528 3880 602 ὕϐρις

2190 618 2292 671 οὑκ
2329 616 2438 671 ἀπὸ
2472 616 2572 688 τῆς
2613 617 2843 688 γνώμης
2893 617 3003 671 τῶν
3050 614 3405 688 ὑϐριζόντων,
3453 615 3568 669 ἀλλ’
3617 616 3726 670 άπδ
3779 615 3878 685 τῆς

2196 703 2490 768 διαθέσεως
2520 703 2631 758 τῶν
2678 704 2999 776 πασχόντων
3031 704 3066 773 ἢ
3121 701 3438 759 συνίσταται
3480 705 3515 778 ἢ
3546 704 3878 760 ἀπόλλυται·

2196 786 2308 846 οἷόν
2343 809 2396 845 τι
2433 790 2612 861 λέγω·
2647 791 2842 864 ὕϐρισέ
2875 809 2960 856 τις
3010 790 3182 844 πολλά
3229 785 3502 863 ῥητάκαὶ
3533 793 3783 866 ἀρρητας
3815 790 3882 846 ἀν

2199 879 2579 950 καταγελάσῃς
2607 877 2719 932 τῶν
2758 878 2992 950 ὕϐρεων,
3024 878 3091 931 ἂν
3121 877 3196 949 μὴ
3226 879 3504 951 παραδέξῃ
3533 881 3602 935 τά
3636 882 3880 951 ῥήματα,

2197 970 2290 1024 καὶ
2317 967 2586 1038 ἀνώτερος
2610 965 2743 1041 γένῃ
2774 967 2871 1038 τῆς
2889 967 3124 1039 πληγῆς,
3143 967 3242 1037 οὑχ
3270 967 3556 1039 ὑϐρίσθης.
3609 970 3718 1023 Καὶ
3750 966 3883 1022 καθ-

2197 1052 2342 1122 άπερ
2389 1052 2438 1103 εί
2485 1049 2648 1119 σῶμα
2700 1049 3062 1120 ἀδαμάντινον
3103 1049 3324 1120 εἴχομεν
3354 1090 3368 1111 ,
3419 1052 3468 1104 εἰ
3521 1051 3616 1105 καὶ
3669 1051 3884 1122 μυρίοις

2197 1133 2535 1204 πανταχόθεν
2561 1132 2898 1203 ἐϐαλλόμεθα
2944 1132 3176 1202 βέλεσιν,
3207 1133 3308 1186 οὑκ
3339 1131 3406 1186 ἂν
3440 1132 3740 1203 ἐδεξάμεθα
3783 1132 3884 1195 τὰς

2197 1217 2412 1289 πληγάς
2432 1233 2447 1248 ·
2475 1219 2536 1271 οὑ
2566 1219 2676 1290 γὰρ
2714 1217 2823 1271 ἀπὸ
2850 1218 2951 1289 τῆς
2981 1215 3236 1286 ἀφιείσης
3263 1216 3332 1269 τά
3371 1215 3500 1286 βέλη
3531 1215 3733 1287 χειρὸς,
3766 1215 3882 1269 ἀλλ’

2197 1301 2308 1356 6116
2343 1301 2453 1356 τῶν
2498 1301 2819 1372 πασχόντων
2867 1298 3141 1370 σωμάτων
3189 1297 3259 1350 16
3301 1299 3594 1368 τραύματα
3632 1298 3842 1364 γίνεται
3869 1316 3884 1328 ’

2196 1381 2340 1436 οὕτω
2359 1383 2423 1454 δὴ
2454 1384 2549 1439 καὶ
2574 1383 2813 1438 ἐνταῦθα
2847 1382 2948 1435 οὑκ
2986 1381 3097 1436 ἀπὸ
3123 1381 3223 1452 τῆς
3255 1381 3451 1451 μανίας
3480 1381 3588 1434 τῶν
3631 1378 3885 1450 ὑϐριζόνο

2197 1483 2326 1531 των,
2357 1467 2474 1522 ἀλλ’
2508 1467 2616 1523 ἀπὸ
2638 1471 2737 1538 τῆς
2763 1466 3048 1531 ἀσθενείας
3069 1464 3178 1519 τῶν
3203 1463 3577 1536 ὑϐριζομένων
3597 1467 3652 1517 αἱ
3675 1465 3885 1536 ὕϐρεις,

2199 1553 2295 1606 1:61
2337 1541 2394 1607 αἱ
2443 1553 2554 1607 τῶν
2586 1551 2799 1624 ὕϐρεων
2822 1551 3038 1622 ἀτιμίαι
3064 1547 3428 1603 συνίστανται.
3465 1550 3564 1601 Ἂν
3595 1548 3704 1620 γὰρ
3732 1549 3888 1601 εἰδῶ-

2203 1652 2303 1706 μεν
2346 1635 2680 1704 φιλοσοφεῖν,
2733 1635 2856 1688 οὑδέ
2902 1632 3225 1704 ὑϐρίζεσθαι
3267 1632 3565 1702 δυνάμεθα,
3609 1633 3731 1686 οὐδὲ
3780 1633 3886 1685 πάο

2203 1735 2352 1788 σχειν
2390 1736 2444 1772 τι
2469 1719 2576 1773 τῶν
2605 1719 2813 1774 δεινῶν.
2844 1716 3110 1790 ’Υϐρισεν
3131 1719 3159 1770 6
3183 1716 3351 1782 δεῖνα,
3385 1717 3500 1770 ἀλλ’
3536 1718 3636 1772 οὑκ
3682 1718 3887 1789 ᾐσθάν-

2198 1800 2374 1870 θηςά,
2409 1803 2510 1856 οὑκ
2563 1802 2841 1874 ῆλγησας;
2875 1801 2972 1871 οὑχ
3017 1799 3303 1872 ὑϐρίσθης,
3361 1800 3496 1854 ἀλλά
3537 1801 3631 1853 καὶ
3685 1801 3886 1871 μᾶλλον

2199 1882 2497 1956 ἔπληξαςῆ
2528 1885 2795 1956 ἐπλήγης.
2826 1885 2998 1938 Ὅταν
3045 1884 3154 1956 γὰρ
3177 1884 3206 1935 ὁ
3239 1883 3466 1955 ὑϐρίσας
3503 1884 3587 1955 ίδῃ
3621 1885 3696 1955 μὴ
3751 1885 3886 1938 καθ-

2201 1967 2522 2039 ικνουμένην
2575 1967 2740 2022 αὑτοῦ
2789 1968 2887 2044 τὴν
2936 1968 3152 2039 πληγὴν
3193 1969 3291 2040 τῆς
3327 1969 3435 2022 τῶν
3466 1969 3885 2040 λοιδοῇθέντων

2203 2048 2401 2120 ψυχῆς,
2440 2051 2605 2114 αὑτὸς
2643 2051 2899 2104 δάκνεται
2937 2051 3219 2122 μειζόνως,
3256 2052 3349 2106 καὶ
3381 2051 3486 2105 τῶν
3513 2052 3884 2124 ὑϐριζομένων

2201 2132 2855 2205 σιγώντων,·αὺτόματος
2894 2137 2928 2206 ἡ
2980 2135 3162 2207 πληγὴ
3188 2135 3296 2189 τῶν
3337 2135 3547 2207 ὕϐρεων
3593 2137 3735 2190 κατά
3789 2135 3884 2189 τοῦ

2201 2215 2515 2285 πέμψαντος
2541 2219 2932 2290 ὑποστρέψασα
2963 2219 3210 2288 φέρεται.

2281 2298 2346 2356 θ’.
2365 2301 2748 2372 Φιλοσοφῶμεν
2763 2303 2941 2355 τοίνυν
2964 2304 3024 2356 ἐν
3057 2304 3280 2365 ἅπασιν,
3298 2303 3590 2371 ἀγαπητοὶ.
3622 2301 3711 2354 καὶ
3731 2301 3887 2355 οὐδὲν

2202 2386 2346 2456 ἡμᾶς
2395 2385 2556 2438 πενία
2608 2384 2965 2456 παραϐλάψαι
3007 2385 3316 2455 δυνήσεται,
3365 2386 3500 2438 ἀλλὰ
3539 2386 3634 2438 καὶ
3674 2385 3888 2456 ὡφελήο

2203 2484 2284 2520 σει
2317 2468 2384 2520 16
2425 2469 2676 2538 μέγιστα,
2707 2469 2803 2522 καὶ
2839 2468 3254 2539 λαμπροτέρους
3294 2469 3607 2537 ἐργάσεται,
3631 2468 3723 2520 καὶ
3753 2470 3885 2522 πάν-

2201 2566 2306 2601 των
2329 2549 2438 2602 τῶν
2472 2549 2848 2603 πλουτούντων
2881 2551 3312 2621 εὐπορωτέρους.
3344 2551 3407 2603 Τί
3452 2551 3578 2621 γὰρ,
3611 2552 3731 2604 είπέ
3773 2570 3883 2620 μοι.

2199 2631 2292 2684 τοῦ
2329 2632 2485 2685 Ἠλία
2517 2634 2845 2703 πενέστεροι)
2875 2629 2973 2704 ἦν,
3013 2632 3175 2686 ’Λλλά
3203 2633 3290 2685 διά
3314 2634 3471 2687 τοῦτο
3502 2635 3709 2698 πάντας
3733 2637 3886 2688 ἐνίκα

2200 2717 2324 2779 τοὺς
2367 2715 2756 2778 πλουτοῦντας,
2795 2715 2983 2786 ἐπειδὴ
3011 2715 3155 2769 οὕτω
3183 2717 3353 2787 πένης
3390 2713 3478 2788 ῆν,
3508 2719 3602 2770 x61
3629 2719 3800 2787 αὐτὴν
3829 2720 3886 2771 δὲ

2202 2799 2297 2869 τὴν
2327 2799 2516 2851 πενίαν
2547 2800 2654 2852 61:6
2680 2799 2945 2862 πλουσίας
2976 2810 2998 2838 ε
3027 2799 3204 2851 εἵλετο
3229 2800 3485 2863 διανοίας.
3536 2801 3755 2868 Ἐπειδὴ
3777 2802 3887 2870 γὰρ

2204 2884 2417 2936 ἅπαντα
2439 2882 2546 2934 τῶν
2568 2883 2865 2952 χρημάτων
2881 2883 2972 2936 16v
2994 2882 3109 2954 [54]
3126 2883 3354 2936 πλοῦτον
3373 2883 3627 2945 ἐλάττονα
3644 2886 3740 2956 τῆς
3759 2889 3888 2939 ἐαυ-

2202 2965 2296 3017 τοῦ
2330 2967 2734 3035 μεγαλοψυχίας
2777 2966 3027 3034 ἐνόμιζεν
3065 2962 3226 3030 εἶναι,
3264 2967 3359 3019 καὶ
3402 2969 3502 3020 οὑκ
3541 2968 3688 3032 ἀξιον
3721 2971 3887 3027 αὑτοῦ

2202 3048 2301 3114 τῆς
2341 3048 2678 3115 φιλοσοφίας,
2705 3047 2792 3101 διὰ
2819 3048 2979 3100 τοῦτο
3014 3049 3204 3102 πενίαν
3255 3049 3525 3118 τοσαύτην
3570 3052 3886 3119 ἡσπάσατο·

2202 3131 2277 3193 ὡς
2325 3133 2372 3183 εί
2416 3131 2625 3200 μεγάλα
2672 3131 2742 3182 16
2776 3131 3022 3200 παρόντα
3053 3131 3305 3200 ἐνόμισεν
3343 3127 3503 3194 εἶναι,
3535 3135 3636 3187 οὑκ
3680 3134 3748 3187 ἂν
3787 3154 3887 3205 μη-

2203 3213 2379 3284 )ωτὴν
2408 3216 2674 3283 ἐκτήσατο
2709 3215 2888 3284 μόνον,
2934 3215 3048 3268 ἀλλ’
3082 3214 3236 3268 οὕτω
3273 3216 3522 3284 κατέγνω
3551 3217 3651 3286 τῆς
3684 3221 3893 3288 παρού-

2207 3315 2306 3368 σης
2355 3299 2712 3367 ματαιότητος
2743 3300 2983 3368 ἀπάσης,
3016 3299 3112 3351 καὶ
3143 3299 3219 3362 ὡς
3250 3289 3422 3370 πηλὸν
3452 3287 3797 3371 ’ἐρριμμένον
3832 3303 3890 3355 τὸ

2205 3381 2424 3450 χρυσίον
2459 3380 2602 3432 ἀπαν
2643 3379 2810 3451 ἐώρα,
2858 3382 2933 3445 ὡς
2974 3382 3073 3450 τῆς
3121 3381 3419 3451 περιϐολῆς
3470 3383 3683 3452 ἐκείνης
3724 3385 3892 3455 μηδὲν

2207 3463 2510 3534 κτήσασθαι
2559 3466 2738 3520 πλέον.
2795 3465 2892 3518 Διά
2949 3465 3107 3518 τοῦτο
3149 3467 3176 3518 6
3217 3465 3469 3534 βασιλεὺς
3507 3465 3600 3518 τοῦ
3658 3469 3895 3536 πένητος

2206 3547 2388 3611 ἐδεῖτο,
2427 3549 2520 3600 καὶ
2574 3550 2711 3618 πρὸς
2760 3550 2820 3602 16
2857 3549 3032 3618 στόμα
3079 3550 3326 3618 ἐκεχήνει
3370 3549 3463 3601 τοῦ
3515 3550 3680 3619 μηδὲν
3729 3554 3894 3620 πλέον

2209 3631 2465 3700 μηλωτῆς
2500 3631 2733 3702 ἔχοντος,
2771 3635 2799 3685 6
2820 3633 3072 3686 τοσοῦτον
3108 3632 3328 3702 χρυσίον
3361 3631 3500 3700 ἔχων
3529 3647 3539 3662 ·
3572 3631 3715 3686 οὕτω
3753 3635 3894 3705 λαμ-

2207 3715 2446 3784 προτέρα
2472 3715 2574 3782 τῆς
2607 3717 2940 3786 πορφυρίδος
2976 3717 3007 3786 ὴ
3061 3715 3286 3786 μηλωτὴ
3317 3711 3404 3786 ἧν,
3455 3717 3547 3769 καὶ
3583 3716 3690 3770 τῶν
3731 3717 3892 3786 βασι-

2205 3795 2372 3848 λικῶν
2415 3797 2594 3849 αὑλῶν
2635 3799 2695 3850 16
2744 3799 3007 3867 σπήλαιον
3061 3797 3157 3849 τοῦ
3202 3796 3432 3850 δικαίου.
3473 3798 3570 3851 Διά
3608 3798 3764 3850 τοῦτο
3799 3803 3896 3854 καὶ

2206 3880 2283 3939 είς
2321 3878 2409 3930 16v
2435 3880 2660 3950 οὐρανὸν
2698 3880 2884 3943 ἀνιὼν,
2917 3880 3064 3933 οὐδὲν
3108 3879 3316 3948 ἕτερον,
3364 3880 3477 3932 ἀλλ’
3510 3882 3541 3950 ἦ
3577 3880 3674 3952 τὴν
3705 3883 3892 3952 μηλω-

2204 3960 2303 4028 τὴν
2329 3961 2405 4028 τῷ
2449 3962 2664 4032 μαθητῇ
2701 3963 2979 4015 κατέλιπε.
3025 3962 3179 4015 Μετά
3215 3961 3443 4033 ταύτης,
3478 3965 3633 4032 φησὶ.
3670 3964 3747 4035 τῷ
3777 3965 3895 4018 δια-

2208 4041 2345 4112 ϐόλῳ
2371 4043 2660 4106 ἐπάλαισα,
2689 4043 2893 4115 ταύτην
2929 4043 3023 4096 καὶ
3050 4045 3112 4096 σὺ
3146 4043 3326 4097 λαϐὼν
3351 4043 3573 4108 ὁπλίζου
3598 4048 3717 4099 κατ’
3749 4048 3865 4100 ἐκεί
3883 4081 3894 4087 -

2207 4143 2298 4176 νου
2315 4141 2328 4154 ο
2369 4126 2584 4197 ἰσχυρὸν
2605 4127 2712 4198 γὰρ
2735 4127 2898 4182 ὅπλον
2925 4128 3302 4197 ἀκτημοσύνη,
3330 4128 3424 4181 καλ¹
3448 4129 3895 4197 ἀκαταγώνιστον

2207 4210 2572 4278 καταγώγιον,
2607 4213 2702 4264 καὶ
2745 4211 2953 4281 πύργος
2997 4212 3314 4276 ἀσάλευτος.
3360 4212 3609 4277 Ἐδέξατο
3639 4212 3895 4288 καθάπερ

2209 4292 2472 4363 μεγίστην
2508 4293 2871 4364 κληρονομίαν
2918 4294 3017 4363 τὴν
3063 4294 3320 4366 μηλωτὴν
3347 4297 3376 4347 6
3416 4294 3750 4358 Ἐλισσαῖος·
3797 4299 3895 4347 καὶ

2206 4373 2316 4444 γὰρ
2341 4371 2408 4446 ἦν
2438 4375 2654 4446 ἀληθῶς
2685 4378 2916 4449 μεγίστη
2949 4377 3305 4449 κληρονομία,
3339 4377 3539 4438 παντὸς
3567 4377 3791 4448 χρυσίου
3817 4395 3893 4430 τι-

2209 4459 2454 4530 μιωτέρα
2487 4458 2530 4511 ί.
2558 4460 2668 4513 Καὶ
2698 4457 2766 4531 ῆν
2796 4463 2859 4514 ἐκ
2909 4462 3028 4514 τότε
3055 4461 3280 4525 διπλοῦς
3330 4461 3517 4524 Ἠλίας
3542 4462 3769 4525 ἐκεῖνος,
3799 4464 3896 4516 καὶ

2203 4539 2272 4612 ἦν
2299 4543 2412 4596 ἄνω
2451 4542 2656 4607 Ἠλίας,
2698 4545 2794 4598 καὶ
2836 4544 2986 4599 κάτω
3031 4545 3233 4608 Ἠλίας.
3279 4539 3409 4598 Οἶδα
3441 4545 3524 4598 ὅτι
3557 4544 3895 4615 μακαρίζετε

2203 4628 2294 4678 τὸν
2335 4625 2545 4679 δίκαιον
2575 4629 2804 4692 ἐκεῖνον,
2836 4629 2930 4680 καὶ
2973 4626 3260 4680 ἐϐούλεσθε
3291 4627 3455 4691 αὑτὸς
3485 4628 3716 4691 ἕκαστος
3752 4631 3884 4682 ἐκεῖ·

2206 4700 2294 4771 νος
2313 4703 2474 4761 εἶναι.
2507 4710 2572 4762 Τί
2593 4707 2687 4764 οὖν
2716 4712 2783 4764 ἂν
2804 4712 2930 4781 ὑμῖν
2951 4710 3217 4777 ὑποδείξω
3247 4713 3293 4776 ε,
3317 4712 3398 4765 ὃτι
3424 4712 3610 4784 ἔτερόν
3637 4729 3688 4764 τι
3712 4712 3898 4784 πολλῴ

2209 4793 2393 4862 μεῖζον
2442 4795 2653 4847 ἐκείνου
2683 4795 2882 4858 πάντες
2914 4793 3179 4865 ἐλάϐομεν
3217 4797 3264 4849 οί
3299 4797 3896 4866 μεμυσταγωγη-μένοη

2292 4875 2352 4928 '0
2379 4875 2478 4945 μὲν
2509 4878 2619 4949 γὰρ
2657 4877 2840 4940 Ἠλίας
2878 4879 3136 4950 μηλωτὴν
3184 4879 3364 4950 ἀφῆκε
3398 4877 3476 4948 τῷ
3502 4878 3716 4949 μαθητῇ
3740 4896 3750 4906 -
3778 4880 3806 4929 6

2207 4957 2337 5020 Υἱὸς
2371 4959 2466 5011 τοῦ
2493 4960 2629 5013 Θεοῦ
2679 4962 2985 5025 ἀναϐαίνων
3014 4961 3112 5032 τὴν
3139 4966 3315 5033 σάρκα
3349 4954 3480 5032 ἡμῖν
3513 4962 3767 5014 κατέλιπε
3792 4965 3899 5032 τὴν

2208 5038 2435 5093 ἐαυτοῦο
2469 5042 2583 5096 ἀλλ’
2610 5044 2638 5095 6
2677 5043 2777 5114 μὲν
2823 5043 3012 5107 Ἠλίας
3040 5045 3474 5114 ἀποδυσάμενος,
3505 5047 3534 5097 ὁ
3561 5043 3616 5096 δέ
3658 5045 3897 5116 Χριστὸς

2208 5122 2299 5174 καὶ
2340 5124 2472 5193 ἡμῖν
2500 5125 2780 5189 κατέλιπε,
2803 5127 2898 5180 καὶ
2941 5126 3082 5197 ἔχων
3121 5127 3290 5195 αὐτὴν
3322 5125 3540 5196 ἀνῆλθε.
3573 5126 3663 5197 Μὴ
3713 5126 3899 5182 τοίνυν

2208 5208 2663 5278 καταπίπτωμεν,
2715 5210 2849 5280 μηδὲ
2902 5208 3428 5280 όδυρώμεθα,’μηδὲ
3463 5211 3748 5264 δυσκολίαν
3793 5229 3896 5279 φο-

2173 5323 2178 5328 -
2209 5290 2432 5361 ϐὡμεθα
2481 5293 2722 5363 καιρῶν·
2755 5297 2783 5347 6
2810 5295 2916 5365 γὰρ
2962 5296 3023 5347 16
3067 5292 3205 5365 αἷμα
3243 5295 3406 5348 αὑτοῦ
3441 5295 3514 5366 μὴ
3551 5298 3900 5366 παραιτησά-

2211 5391 2370 5442 μενος
2409 5375 2548 5443 ὑπὲρ
2581 5377 2837 5430 ἁπάντων
2881 5380 3089 5447 ἐκχέαι,
3127 5379 3219 5431 καὶ
3250 5379 3348 5449 τῆς
3377 5379 3578 5450 σαρκὸς
3610 5382 3744 5449 ἡμῖν
3797 5397 3900 5448 με-

2206 5456 2400 5519 ταδοὺς
2430 5458 2521 5510 καὶ
2561 5459 2725 5512 αὑτοῦ
2751 5461 2780 5499 ιλ
2809 5461 2900 5512 τοῦ
2932 5461 3162 5531 αἵματος
3192 5461 3374 5525 πάλιν,
3413 5463 3463 5513 τί
3492 5462 3899 5532 παραιτήσεται

2211 5538 2433 5609 ποιῆσαι
2457 5542 2557 5610 τῆς
2589 5543 2862 5614 ἡμετέρας
2897 5545 3079 5597 ἕνεκεν
3118 5543 3683 5616 σωτηρίας;’1¹αύταις
3711 5545 3900 5600 τοίνυν

2271 5698 2296 5768 εξ
2433 5701 2562 5768 Mor.-
2601 5702 2714 5768 ἓως.
2739 5707 2918 5768 omisso
2953 5707 3054 5752 6.7‘)‘
3087 5705 3232 5754 habet
3269 5705 3355 5752 οὑκ
3377 5706 3604 5768 ᾐσθήθης.

2278 5762 2296 5823 ξ
2326 5763 2408 5809 Sin
2429 5765 2474 5809 rl.
2505 5771 2555 5810 ot
2582 5765 2774 5823 quidam
2802 5767 2882 5813 alii
2908 5770 3001 5814 ἀπὸ
3028 5768 3340 5823 πλουτούσης.

2277 5821 2298 5891 ί
2457 5821 2652 5891 χρυσίου
2675 5828 2757 5874 καὶ
2777 5829 2902 5875 λίθου
2928 5832 3088 5888 τιμίου
3113 5821 3299 5891 τιμιωτξ

2275 5889 2298 5921 κ
2328 5888 2358 5932 Α
2375 5887 2422 5931 ‘Hi
2463 5889 2690 5940 ἐπιδείξω.

2273 5946 2292 5980 ῑι
2321 5948 2351 5992 Α
2369 5950 2412 6012 ω
2442 5950 2666 6005 gnava:
2687 5957 2768 6005 τῆς
2797 5952 2983 5999 ἑαυτοῦ.
3007 5956 3086 6010 καξι
3107 5951 3269 6000 αὑτοῦ.
3294 5949 3419 5999 Infra
3447 5957 3550 6012 pnsl
3577 5950 3760 5998 ἐλπίσιν
3784 5957 3898 6009 (ιη’-

2209 6011 2234 6047 εῖ
2257 6024 2314 6052 '-'n
2345 6010 2516 6053 .11!ou
2558 6012 2805 6068 ﬁxe-717.101.
2843 6021 2958 6061 -‘..":;:
2994 6031 3014 6062 ι]
3045 6015 3072 6060 ii
3107 6017 3183 6059 καὶ
3217 6017 3306 6060 τῶν
3334 6010 3599 6072 μ.ε>).οντων
3620 6013 3902 6068 clamem“
