4196 6316
314 336 380 392 l5
1272 347 1363 401 AD
1404 348 1727 405 POI‘ULU.“
1770 348 2265 408 ANTIOCIIENUM
2330 352 2563 410 llOMiL.
2607 352 2672 413 Π.
3517 360 3620 412 -46

322 450 431 508 hmc
461 467 598 508 vero
622 452 925 511 anhelitum
954 472 1177 529 angens,
1202 469 1257 514 et
1284 460 1509 527 elidens,
1533 472 1587 518 et
1616 463 1812 519 multos
1838 463 1920 517 in-

321 539 499 621 ferens
525 541 776 610 dolores;
826 547 921 601 sed
970 557 1112 603 tanta
1157 558 1239 605 est
1277 550 1518 607 laborum
1550 553 1830 621 medicina,
1863 561 1921 608 ut

317 620 525 688 etiamsi
553 633 671 691 ba-c
695 637 859 693 ambo
886 622 1081 708 adsint,
1105 656 1292 697 servus
1310 644 1545 699 dormire
1572 646 1758 716 possit.
1784 646 1919 713 Quia

318 723 462 778 enim
490 726 631 780 servi
679 736 787 782 tota
825 729 912 785 die
948 731 1145 801 ubique
1177 733 1657 799 circumcursitant,
1690 736 1923 791 dominis

317 816 429 869 suis
456 816 845 887 ministrantes,
874 825 1204 894 vapulantes.
1234 827 1558 894 laborantes,
1586 839 1639 884 et
1667 845 1733 885 ne
1759 828 1921 885 mini-

318 922 463 961 munt
492 909 709 978 quidem
734 915 1077 1000 respirantes,
1097 916 1834 979 sufﬁcientemlassitudinum
1865 932 1921 979 et

319 998 563 1055 laborum
596 1003 809 1058 illorum
837 998 1236 1064 retributionem
1267 1013 1501 1081 capiunt,
1528 1014 1579 1067 in
1602 1014 1919 1071 dormiendo
1947 1054 1952 1061 υ

318 1091 670 1161 voluptatem.
699 1097 765 1150 Et
792 1096 893 1153 hoe
921 1099 1013 1155 Dei
1040 1102 1365 1173 benignitate
1394 1104 1587 1160 factum
1610 1117 1711 1173 est,
1733 1117 1786 1161 ut
1812 1123 1917 1162 non

316 1196 452 1237 auro
472 1194 529 1240 et
550 1198 794 1257 argento,
817 1190 910 1245 sed
941 1192 1143 1257 labore,
1164 1203 1218 1250 et
1242 1211 1500 1263 azrumna,
1524 1208 1578 1252 et
1603 1200 1921 1256 necessitate

319 1283 374 1327 et
401 1277 859 1349 omni.disciplina
889 1283 1188 1352 voluptates
1215 1287 1319 1341 emi
1347 1289 1575 1344 valeant.
1616 1290 1687 1343 At
1713 1307 1817 1344 non
1851 1291 1919 1345 ita

318 1366 552 1423 divites:
582 1371 677 1426 sed
708 1374 889 1427 stratis
910 1376 1159 1432 mollibus
1172 1377 1431 1446 jacentes,
1456 1381 1725 1435 multoties
1756 1390 1919 1435 totam

320 1468 536 1513 noctem
569 1461 766 1516 ducunt
797 1463 1093 1520 insomnem
1117 1508 1133 1533 ,
1165 1475 1220 1521 et
1246 1470 1408 1522 multa
1435 1470 1802 1527 machinantes
1830 1473 1921 1526 tali

322 1566 431 1606 non
459 1550 709 1609 fruuntur
734 1557 1025 1627 voluptate.
1059 1561 1268 1631 Pauper
1303 1575 1481 1620 autem
1513 1582 1578 1622 ex
1606 1567 1814 1622 diurnis
1840 1569 1922 1623 la-

321 1642 544 1698 boribus
574 1661 821 1717 surgens,
849 1649 1139 1723 defatigata
1186 1653 1388 1710 habens
1429 1658 1667 1712 membra
1690 1698 1706 1723 ,
1749 1660 1925 1730 prius-

320 1751 487 1806 quam
516 1742 839 1812 recubuerit,
874 1745 1135 1816 integrum
1175 1757 1228 1803 et
1271 1763 1488 1805 suavem
1528 1762 1581 1805 et
1628 1752 1921 1822 legitimum

320 1842 573 1885 somnum
613 1834 870 1905 suscipit,
899 1852 1005 1892 non
1037 1840 1279 1909 exiguam
1311 1849 1365 1895 et
1392 1842 1527 1897 hanc
1548 1842 1815 1913 justorum
1842 1845 1922 1898 la-

321 1919 513 1976 borum
554 1926 771 1994 capiens
816 1931 1143 1986 mercedem.
1197 1933 1328 1988 Cum
1373 1933 1530 2003 igitur
1563 1951 1684 1990 cum
1732 1936 1921 2006 majori

321 2014 595 2084 voluptate
627 2032 827 2088 pauper
848 2030 902 2075 et
925 2022 1156 2078 dormiat
1186 2036 1239 2078 et
1262 2024 1409 2080 bibat
1438 2036 1492 2080 et
1521 2027 1786 2093 comedat,
1817 2044 1921 2099 qua

319 2108 491 2175 gratia
516 2120 677 2165 erunt
705 2113 936 2182 amplius
960 2115 1165 2170 divitia:
1189 2117 1385 2187 dignae,
1418 2106 1575 2189 quam
1606 2121 1925 2176 videbantur

320 2212 481 2267 supra
511 2210 876 2269 paupertatem
903 2207 1305 2276 praerogativam
1354 2209 1585 2277 habere,
1626 2211 1725 2266 hac
1760 2213 1921 2269 etiam

320 2288 582 2357 privatae?
613 2290 898 2360 Propterea
931 2304 985 2349 et
1014 2295 1082 2350 ab
1106 2297 1258 2351 initio
1284 2297 1420 2353 Dens
1452 2299 1653 2354 homini
1683 2301 1920 2356 laborem

318 2372 591 2449 alligavit,
610 2397 716 2436 non
742 2385 965 2453 puniens
994 2402 1164 2456 neque
1187 2388 1358 2458 ipsum
1384 2392 1669 2461 eaStiga'ns,
1687 2393 1779 2447 sed
1803 2407 1924 2448 cor-

320 2471 501 2540 rigens
529 2487 594 2528 ac
621 2473 842 2529 docens.
873 2477 1098 2543 Quando
1121 2480 1478 2537 illaboriosam
1506 2484 1665 2539 vitam
1697 2484 1924 2555 degebat

322 2560 517 2628 Adam,
552 2566 800 2633 paradiso
839 2570 1035 2624 excidit
1066 2588 1078 2624 :
1108 2572 1321 2641 quando
1358 2573 1675 2629 laboriosam
1703 2586 1754 2631 et
1780 2592 1920 2631 aeru-

323 2668 569 2708 mnosam
603 2656 798 2713 Paulus
819 2661 1009 2730 agebat
1032 2665 1216 2730 vitam,
1242 2681 1304 2720 ac
1332 2666 1561 2732 dicebat,
1588 2667 1653 2722 In
1685 2668 1855 2724 labore
1876 2681 1922 2725 et

322 2737 633 2805 arumnaﬂ
650 2735 870 2794 Con”.
889 2739 982 2810 27)
1006 2751 1153 2796 nocte
1179 2752 1229 2797 et
1260 2745 1347 2800 die
1374 2764 1597 2816 operans
1618 2748 1665 2820 (Ι
1681 2792 1693 2804 .
1717 2748 1898 2805 Thess.

322 2828 375 2881 (ἱ.
404 2827 486 2895 9),
512 2835 644 2883 tunc
690 2829 744 2883 in
776 2830 1088 2899 paradisum
1122 2846 1310 2903 raptus
1351 2847 1452 2905 est,
1483 2846 1537 2894 et
1584 2842 1803 2896 tertium
1847 2844 1900 2897 in

322 2916 524 2987 εῳιυηι
549 2919 817 2974 ascendit.
850 2918 927 2974 Ne
955 2923 1120 2991 igitur
1155 2924 1398 2982 laborem
1418 2940 1778 3001 ’respuamus,
1805 2950 1905 2989 nec

321 3008 697 3075 Operationem
732 3010 1120 3081 vituperemus.
1149 3015 1362 3072 Etenim
1383 3033 1509 3075 ante
1528 3024 1795 3078 caelorum
1814 3042 1903 3080 re-

321 3113 486 3166 gnum
506 3097 597 3153 hic
613 3102 911 3156 maximum
932 3104 1177 3173 capimus
1196 3113 1498 3175 praemium,
1517 3129 1582 3168 ex
1596 3115 1710 3181 ipsa
1737 3132 1794 3171 re
1811 3133 1903 3171 vo-

320 3187 581 3255 luptatetn
606 3198 923 3247 sumentes:
951 3210 1054 3248 non
1077 3207 1257 3251 autent
1284 3201 1617 3271 voluptatem
1663 3217 1900 3273 tantum,

319 3276 409 3330 sed
438 3286 513 3341 et,
536 3281 682 3348 quod
708 3282 878 3337 multo
902 3286 1177 3355 voluptate
1210 3291 1387 3359 majus
1414 3303 1516 3356 est,
1536 3297 1897 3365 purissimam

318 3370 632 3427 sanitatem.
653 3373 857 3431 Divites
886 3380 1030 3433 enim
1060 3392 1257 3450 praeter
1287 3386 1673 3447 insuavitatem
1721 3395 1904 3450 multa:

318 3459 672 3525 aegritudines
702 3462 982 3532 invadunt;
1003 3462 1271 3537 panperes
1301 3485 1478 3529 autem
1503 3492 1531 3530 a
1559 3480 1896 3535 medicorum

318 3547 571 3601 manibus
595 3549 869 3607 immunes
900 3566 1046 3610 sunt.
1072 3557 1127 3611 Si
1160 3575 1288 3614 vero
1318 3578 1732 3635 nonnumquam
1763 3579 1817 3625 et
1844 3570 1898 3625 in

316 3636 693 3703 aegritudinem
714 3642 975 3711 incidant,
995 3648 1140 3702 brevi
1166 3651 1376 3719 se'rpsos
1403 3654 1732 3723 instaurant,
1750 3662 1893 3717 mol-

316 3721 427 3777 litie
448 3729 601 3780 omni
638 3729 812 3792 liberi,
834 3744 887 3787 et
914 3751 1151 3807 corpora
1176 3742 1399 3800 robusta
1437 3746 1719 3807 habentes.

288 3930 295 3937 ἡ
394 3857 681 3930 Paupertas
721 3865 974 3933 sapienter
1010 3872 1283 3940 ferentibus
1326 3890 1512 3946 magna
1559 3880 1823 3946 possessio.
1849 3913 1918 3924 --

324 3948 506 4020 Magna
529 3956 799 4022 possessio
815 3970 1101 4030 paupertas
1120 3965 1388 4034 sapienter
1411 3967 1578 4036 ipsam
1601 3970 1911 4041 ferentibus,

323 4039 601 4099 thesaurus
644 4047 732 4116 qui
772 4062 1001 4120 nequeat
1045 4053 1261 4123 auferri,
1294 4057 1512 4113 baculus
1557 4061 1912 4132 firmissimus,

320 4133 495 4189 damni
518 4153 712 4206 expers
734 4144 1020 4211 possessio,
1038 4147 1388 4203 diversorium
1407 4153 1474 4206 ab
1493 4154 1698 4210 insidiis
1721 4166 1912 4212 tutum.

321 4227 387 4280 At
426 4230 766 4300 opprimitur,
798 4236 990 4306 inquit,
1021 4255 1254 4309 pauper;
1302 4244 1396 4298 sed
1441 4247 1674 4315 majores
1697 4249 1915 4306 insidias

319 4317 464 4373 dives
491 4323 707 4391 patitur.
734 4324 1108 4386 Contemnitur
1131 4348 1330 4403 pauper
1358 4346 1411 4392 et
1437 4341 1775 4395 contumeliis
1801 4341 1916 4397 am-

317 4409 483 4475 citur;
531 4414 625 4468 sed
652 4416 798 4470 diviti
833 4419 1119 4477 invidetur.
1150 4424 1265 4479 Non
1299 4436 1403 4481 tam
1433 4432 1802 4500 expugnabilis
1831 4444 1915 4488 est

319 4516 520 4572 pauper
559 4521 717 4576 quam
762 4511 933 4580 dives,
965 4516 1201 4572 inlinitas
1241 4520 1475 4590 undique
1510 4532 1563 4577 et
1607 4524 1819 4579 diabolo
1860 4538 1914 4581 et

318 4594 717 4655 insidiatoribus
759 4608 1068 4663 occasiones
1114 4612 1391 4678 prtebens,
1443 4617 1680 4669 omnium
1727 4634 1913 4673 servus

318 4700 537 4759 propter
572 4693 795 4749 multam
836 4712 1018 4754 rerum
1064 4701 1442 4759 abundantiam
1473 4724 1484 4758 :
1519 4707 1570 4761 in
1622 4709 1909 4764 multorum

317 4779 606 4851 indigentia
637 4788 1085 4856 constitutus,'et
1128 4794 1307 4849 multis
1349 4796 1556 4852 adulari
1599 4803 1826 4870 cogitur,
1859 4812 1913 4858 et

312 4885 432 4926 cum
479 4873 645 4930 multa
695 4876 1052 4938 illiberalitate
1097 4887 1335 4952 servire;
1394 4904 1596 4959 pauper
1640 4902 1817 4948 autem
1865 4897 1911 4950 si

314 4964 679 5035 philoSOphari
707 4970 860 5050 sciat,
891 4989 1066 5045 neque
1100 4977 1169 5032 ab
1209 4978 1327 5047 ipso
1366 4980 1581 5037 diabolo
1619 4988 1910 5055 expugnari

316 5067 510 5125 potest.
556 5060 658 5116 Job
689 5063 849 5132 igitur
876 5076 929 5121 et
949 5077 1072 5124 ante
1104 5069 1204 5125 hoc
1232 5087 1351 5126 cum
1381 5074 1530 5128 fortis
1560 5086 1722 5142 esset,
1758 5088 1906 5148 post-

309 5165 467 5217 quam
496 5154 675 5208 omnia
706 5156 903 5224 amisit,
939 5167 1063 5215 tunc
1106 5161 1276 5219 factus
1310 5175 1393 5220 est
1434 5166 1639 5231 fortior,
1669 5178 1725 5223 et
1757 5187 1910 5241 egre-

312 5243 449 5311 giam
480 5256 667 5301 contra
690 5248 958 5306 diabolum
993 5255 1268 5310 victoriam
1301 5262 1609 5327 reportavit.
1640 5261 1905 5317 Prwterea

309 5353 433 5392 varro
466 5355 567 5394 nec
597 5342 845 5410 injuriam
874 5347 979 5414 pati
1003 5364 1206 5419 pauper
1235 5361 1439 5420 potest,
1467 5354 1514 5407 ‘si
1545 5354 1905 5424 phil050pbari

307 5430 505 5487 scierit.
539 5430 692 5501 Quod
720 5437 863 5492 enim
892 5438 1001 5494 dixi
1024 5441 1091 5498 de
1123 5444 1411 5514 voluptate,
1437 5448 1578 5517 quod
1614 5464 1674 5503 ea
1712 5465 1817 5504 non
1852 5452 1904 5506 in

306 5523 547 5579 ciborum
595 5539 875 5598 apparatu,
924 5533 1019 5588 sed
1070 5535 1120 5589 in
1160 5536 1554 5594 comedentium
1599 5540 1669 5594 sit
1710 5540 1903 5597 atl‘ectu

308 5616 474 5684 posita
508 5638 523 5673 :
557 5619 661 5676 hoc
687 5631 741 5676 et
770 5623 836 5679 de
860 5629 1183 5684 contumelia
1216 5629 1369 5697 dico,
1402 5632 1546 5703 quod
1580 5634 1903 5691 contumelia

309 5723 411 5764 non
436 5709 505 5766 ab
530 5712 876 5771 iul'crentium
899 5721 1185 5787 sententia,
1210 5724 1303 5777 sed
1326 5739 1353 5777 a
1374 5725 1687 5794 patientium
1710 5728 1903 5783 an‘ectu

312 5807 664 5863 cuiistituatur
695 5808 778 5864 vel
804 5807 1129 5869 destruatur.
1155 5814 1313 5870 Verbi
1341 5816 1536 5886 gratia,
1560 5820 1724 5872 multa
1752 5819 1900 5887 quis-

2032 466 2171 534 piam
2201 464 2252 519 in
2286 473 2336 521 te
2366 464 2523 521 fanda
2545 476 2703 537 atque
2720 466 2946 523 nefanda
2968 466 3205 522 convicia
3227 466 3402 523 dixit?
3431 469 3473 522 si
3498 484 3623 523 Cur.-

2032 557 2276 611 tumelias
2306 556 2581 624 deriseris,
2610 557 2654 611 si
2682 558 2842 613 verba
2870 574 2976 612 non
3003 559 3295 629 acceperis,
3327 568 3376 614 et
3405 560 3625 615 vulnere

2030 648 2276 717 SIIPCI‘lOl’
2296 649 2390 710 sis,
2408 649 2787 704 contumeliam
2821 665 2924 704 non
2950 665 3009 705 es
3038 665 3247 721 passus.
3279 652 3343 706 Et
3370 653 3627 723 quemad—

2031 739 2246 803 modum
2266 741 2310 795 si
2327 757 2521 810 corpus
2537 742 2940 797 adamantinum
2970 744 3309 810 haberemus,
3341 746 3443 800 etsi
3472 746 3629 799 innu-

2030 831 2192 885 meris
2243 832 2477 902 undique
2523 830 2643 887 uilis
2682 843 3011 902 peteremur,
3055 852 3161 889 non
3201 846 3375 889 tamen
3407 836 3626 891 vulnera

2028 923 2390 993 rccipcremus
2415 941 2427 976 :
2454 940 2558 977 nun
2590 925 2733 979 enim
2762 942 2790 978 a
2818 942 2978 980 manu
3008 927 3108 981 tela
3139 934 3440 997 torquente,
3470 928 3563 983 sed
3599 944 3627 982 a

2028 1016 2342 1084 corporibus
2370 999 2692 1083 patientibus
2720 1018 2940 1073 vulnera
2969 1018 3100 1073 [lunt
3132 1036 3144 1073 :
3172 1020 3249 1075 sic
3285 1030 3339 1076 et
3379 1020 3484 1083 hic,
3519 1036 3625 1075 non

2028 1122 2055 1159 a
2088 1107 2434 1175 petulantium
2472 1108 2679 1163 insania
2702 1150 2714 1171 ,
2744 1109 2837 1165 sed
2864 1126 2895 1164 a
2928 1112 3238 1184 patientium
3263 1113 3629 1169 imbecillitate

2030 1197 2239 1266 injuria:
2265 1210 2320 1253 et
2345 1200 2683 1254 contumelia:
2707 1202 3127 1282 constituuntur.
3150 1204 3207 1260 Si
3226 1208 3370 1259 enim
3395 1205 3628 1275 philoso-

2030 1293 2181 1362 phari
2213 1296 2479 1362 sciamus,
2511 1311 2612 1351 nec
2640 1298 2963 1353 contumelia
2998 1298 3138 1367 allici
3171 1314 3454 1370 possumus
3478 1342 3495 1369 ,
3530 1316 3629 1357 nec

2032 1385 2321 1455 quidquam
2352 1402 2513 1459 grave
2546 1390 2671 1458 pati.
2719 1390 2923 1461 Aliquis
2970 1376 3220 1459 injuriam
3268 1394 3476 1459 intulit,
3519 1410 3625 1449 non

2031 1472 2246 1531 senSisti
2275 1493 2374 1532 nec
2399 1478 2652 1533 doluisti?
2696 1495 2803 1534 non
2829 1496 2889 1535 es
2921 1481 3168 1551 injuriam
3205 1498 3423 1554 passus,
3456 1485 3547 1540 sed
3575 1496 3628 1541 ct

2034 1570 2204 1639 magis
2233 1570 2568 1639 percussisti,
2598 1588 2758 1642 quam
2795 1588 3081 1642 percussus
3103 1590 3183 1630 es.
3212 1575 3347 1630 Cum
3373 1578 3516 1631 enim
3538 1580 3626 1647 qui

2031 1662 2409 1717 contumeliam
2438 1664 2634 1731 intulit,
2667 1665 2872 1735 plagam
2906 1682 3058 1721 suam
3086 1667 3152 1722 ad
3184 1669 3494 1738 patientium
3517 1671 3630 1725 anie

2033 1769 2172 1808 tnam
2202 1770 2305 1810 non
2336 1759 2734 1826 pervenientem
2756 1758 2969 1825 viderit,
2996 1759 3111 1829 ipse
3139 1761 3395 1831 majorem
3424 1762 3477 1817 in
3510 1778 3628 1817 mo-

2031 1847 2157 1900 dum
2187 1848 2433 1903 roditur:
2463 1857 2519 1903 et
2547 1840 2847 1905 tacentibus
2869 1851 2953 1917 iis,
2984 1852 3073 1921 qui
3114 1854 3495 1908 contumeliam
3535 1871 3629 1924 pa-

2031 1941 2253 2001 tiuntur,
2279 1950 2470 2009 sponte
2486 1942 2929 1997 contumeliarum
2954 1944 3104 2014 plaga
3117 1954 3303 2000 contra
3326 1946 3627 2001 mittentem

2029 2047 2289 2087 conversa
2318 2032 2561 2087 infertur.

2102 2122 2156 2180 9.
2201 2124 2255 2177 ln
2299 2124 2548 2201 omnibus
2583 2125 2741 2197 igitur
2781 2127 3243 2199 philosophemur,
3271 2129 3625 2194 dilectissimi,

2029 2223 2084 2269 et
2110 2213 2239 2268 nihil
2279 2230 2377 2269 nos
2415 2214 2589 2285 inopia
2630 2218 2826 2273 laedere
2864 2221 3061 2288 poterit
3091 2237 3107 2275 :
3136 2221 3261 2290 quin
3305 2229 3358 2276 et
3397 2222 3630 2276 maxime

2029 2305 2302 2373 adjuvabit
2328 2316 2382 2361 et
2402 2306 2661 2362 clariores
2684 2309 2890 2377 reddet,
2921 2322 2975 2365 et
2996 2312 3245 2366 omnibus
3267 2311 3522 2367 divitibus
3546 2328 3631 2367 eo-

2030 2398 2311 2465 piosiores.
2341 2397 2477 2464 Quid
2500 2400 2664 2467 enim,
2695 2401 2781 2455 dic
2811 2403 2962 2466 mihi,
2990 2404 3140 2459 Helia
3164 2406 3491 2475 panperius?
3521 2405 3626 2459 Sed

2030 2498 2314 2559 propterea
2341 2505 2528 2553 omnes
2549 2491 2740 2553 divites
2763 2494 3029 2562 vincebat,
3054 2496 3305 2565 quoniam
3329 2498 3407 2550 sic
3429 2512 3630 2568 pauper

2029 2594 2149 2633 cum
2177 2586 2341 2645 esset,
2374 2580 2543 2649 ipsam
2586 2591 2955 2653 paupertatem
3000 2600 3065 2640 ex
3113 2586 3311 2641 mentis
3353 2587 3627 2655 opulentia

2028 2673 2209 2742 elegit.
2258 2672 2521 2739 Quoniam
2571 2676 2716 2729 enim
2758 2690 2973 2731 omnem
3024 2678 3371 2748 pecuniarum
3418 2681 3627 2748 copiam

2027 2764 2190 2818 animi
2235 2766 2314 2819 Sui
2369 2765 2739 2835 magnitudine
2779 2782 2900 2823 esse
2940 2770 3143 2837 putavit
3172 2768 3505 2837 inferiorem,
3529 2786 3629 2825 nec

2029 2854 2362 2927 philosophia
2392 2874 2486 2913 sua
2514 2859 2727 2930 dignam
2760 2877 2774 2914 ε
2806 2861 2927 2918 ideo
2956 2871 3154 2917 tantam
3184 2865 3498 2934 pauperiem
3523 2879 3630 2919 am-

2028 2948 2272 3018 plexatus
2301 2958 2403 3004 est.
2436 2950 2587 3017 Quod
2620 2955 2663 3003 si
2694 2967 2883 3021 magna
2913 2954 3198 3024 przesentia
3228 2964 3489 3025 putasset,
3520 2970 3626 3010 non

2026 3040 2196 3094 solam
2248 3042 2480 3096 meloten
2529 3042 2887 3112 possedisset;
2935 3045 3030 3099 sed
3075 3045 3147 3100 ita
3186 3046 3306 3101 vita:
3336 3049 3625 3104 vanitatem

2025 3132 2427 3197 condemnavit,
2474 3141 2527 3186 et
2568 3142 2837 3203 tamquam
2877 3135 3046 3190 lutum
3096 3138 3392 3206 projectum
3434 3154 3624 3195 aurum

2026 3238 2186 3277 omne
2209 3224 2471 3292 despexit,
2497 3235 2550 3278 ut
2578 3234 2770 3294 praeter
2790 3226 3042 3281 amictum
3072 3229 3218 3283 illum
3247 3229 3378 3284 nihil
3400 3231 3627 3300 amplius

2027 3317 2345 3387 possideret.
2396 3318 2596 3372 Idcirco
2623 3334 2713 3374 rex
2748 3334 2981 3389 paupere
3010 3320 3320 3392 indigebat,
3363 3332 3417 3378 et
3449 3325 3626 3383 verbis

2026 3407 2156 3468 nihil
2185 3408 2307 3477 plus
2337 3425 2495 3478 quam
2527 3408 2764 3465 meloten
2794 3412 3042 3466 habentis
3085 3413 3354 3481 inhiabat,
3382 3415 3472 3485 qui
3504 3426 3591 3469 tan

2026 3507 2140 3575 tum
2194 3497 2421 3553 habebat
2468 3501 2580 3553 auri
2612 3516 2627 3553 :
2656 3499 2794 3555 adeo
2837 3502 3169 3569 Splendidior
3218 3519 3452 3574 purpura
3508 3518 3625 3560 erat

2024 3590 2254 3657 melote,
2297 3600 2350 3645 et
2389 3580 2667 3660 regalibus
2688 3592 2823 3646 aulis
2845 3593 2973 3663 justi
3006 3596 3280 3663 spelunca.
3332 3598 3623 3668 Propterea

2023 3693 2077 3739 et
2108 3685 2160 3738 in
2185 3684 2374 3738 cmlnm
2397 3686 2715 3751 ascendens,
2742 3687 2870 3740 nihil
2899 3688 3040 3742 aliud
3070 3705 3227 3759 quam
3279 3692 3510 3747 meloten
3542 3692 3625 3746 di-

2024 3775 2231 3845 scipulo
2255 3776 2469 3846 reliquit
2500 3778 2573 3849 (4.
2600 3778 2724 3847 Reg.
2743 3779 2818 3850 ἓ).
2845 3779 2974 3833 Cum
3003 3780 3123 3847 hac,
3158 3782 3343 3852 inquit,
3370 3799 3487 3839 cum
3512 3787 3625 3839 dia-

2024 3864 2150 3919 bolo
2177 3868 2427 3936 pugnavi,
2457 3879 2511 3922 et
2540 3876 2590 3922 tu
2621 3878 2807 3924 contra
2837 3872 2981 3925 illum
3015 3873 3153 3929 hanc
3178 3884 3506 3931 armaturam
3536 3894 3625 3933 ca-

2024 3957 2158 4025 pies.
2194 3958 2436 4014 Validum
2468 3960 2611 4015 enim
2641 3962 2800 4016 telum
2832 3964 3007 4034 inopia
3029 4006 3042 4027 ,
3077 3966 3488 4037 inexpugnabile
3526 3970 3623 4024 ba-

2024 4048 2337 4116 bitaculum,
2368 4062 2419 4107 et
2453 4054 2613 4107 turris
2640 4054 2982 4111 inconcussa.
3011 4057 3305 4129 Tamquam
3335 4064 3621 4118 maximam

2025 4140 2375 4196 hereditatem
2420 4144 2642 4198 Elisaeus
2680 4146 2913 4201 meloten
2953 4151 3186 4219 suscepit
3222 4168 3233 4202 :
3268 4154 3466 4207 etenim
3498 4170 3625 4210 vere

2023 4232 2255 4286 maxima
2276 4231 2378 4287 fuit
2391 4232 2863 4301 haereditas,omni
2889 4254 3020 4294 auro
3045 4240 3060 4270 ¹
3088 4241 3393 4310 pretiosior.
3420 4244 3485 4299 Et
3509 4259 3623 4300 erat

2025 4322 2246 4391 posthac
2288 4324 2481 4394 duplex
2523 4326 2702 4382 Helias
2746 4329 2857 4393 ille,
2887 4330 2958 4384 ita
2992 4340 3048 4386 ut
3081 4347 3294 4388 sursum
3343 4336 3541 4401 llelias,
3571 4349 3624 4393 et

2021 4414 2273 4469 deorsum
2307 4417 2484 4472 llclias
2510 4429 2673 4474 esset.
2716 4421 2850 4477 Novi
2878 4438 2971 4477 vos
2995 4426 3196 4493 justum
3227 4428 3373 4482 illum
3408 4430 3621 4486 beatum

2022 4517 2228 4575 putare,
2253 4508 2597 4579 singulosque
2620 4527 2817 4580 cupere
2842 4528 2963 4569 eum
2994 4516 3167 4585 ipsum
3196 4534 3336 4575 esse.
3361 4521 3495 4589 Quid
3522 4526 3622 4594 igi-

2022 4609 2129 4663 tur,
2162 4600 2206 4653 si
2238 4601 2388 4656 vobis
2410 4602 2852 4660 demonstravcro
2874 4608 3015 4675 quod
3041 4610 3181 4665 aliud
3207 4612 3296 4667 illo
3320 4615 3488 4669 multo
3515 4631 3623 4670 ma-

2017 4691 2107 4761 jus
2133 4707 2324 4748 omnes
2350 4696 2519 4749 sacris
2542 4698 2812 4764 mysteriis
2842 4698 3028 4754 itnbuti
3058 4705 3462 4772 receperimus?

2092 4782 2258 4837 Locus
2283 4786 2495 4856 insignis
2518 4788 2582 4840 de
2607 4786 2669 4842 S.
2706 4788 3047 4845 Eucharistiw
3076 4796 3299 4850 veritate.
3329 4826 3401 4837 —
3440 4798 3620 4853 llelias

2022 4892 2213 4947 nempe
2241 4880 2472 4935 meloten
2501 4882 2766 4953 discipulo
2794 4885 3043 4956 reliquit;
3095 4889 3261 4945 Filius
3298 4903 3477 4948 autem
3528 4895 3619 4948 Dei

2021 4969 2347 5035 ascendens,
2382 4986 2533 5027 suam
2562 4974 2717 5030 nobis
2746 4991 2965 5033 carnem
3006 4979 3251 5049 reliquit;
3301 4985 3394 5037 sed
3441 4984 3620 5041 llelias

2019 5060 2232 5128 quidem
2265 5075 2458 5118 exutus
2483 5104 2499 5131 ,
2530 5064 2777 5123 Christus
2802 5078 2980 5124 autem
3021 5081 3077 5127 et
3114 5072 3271 5128 nobis
3297 5075 3534 5145 reliquit,
3567 5089 3621 5131 et

2020 5151 2187 5219 ipsam
2218 5153 2419 5217 habens
2445 5157 2701 5217 ascendit.
2734 5158 2811 5214 Ne
2838 5162 2999 5232 igitur
3024 5164 3206 5218 animo
3232 5167 3577 5221 concidamus
3605 5211 3618 5231 ,

2019 5258 2192 5313 neque
2235 5246 2629 5317 lamentemur,
2674 5267 2847 5321 neque
2897 5262 3199 5325 temporum
3248 5256 3618 5313 difﬁcultatem

2020 5334 2322 5392 timeamus.
2346 5338 2447 5406 Qui
2470 5340 2610 5395 enim
2634 5343 2945 5413 sanguinem
2968 5360 3123 5400 suum
3154 5362 3250 5418 pro
3269 5348 3521 5404 omnibus
3542 5350 3619 5405 ef-

2018 5426 2241 5483 fundere
2290 5447 2394 5483 non
2440 5434 2729 5502 recusavit,
2760 5444 2814 5491 et
2861 5452 3083 5493 carnem
3124 5453 3297 5504 suam,
3330 5449 3385 5495 et
3432 5456 3619 5499 rursus

2018 5520 2189 5590 ipsum
2214 5523 2526 5593 sanguinem
2551 5526 2705 5582 nobis
2726 5531 3159 5596 communicavit,
3179 5531 3304 5602 quid
3329 5549 3424 5604 pro
3445 5535 3618 5592 salute

2018 5625 2197 5669 nostra
2224 5615 2402 5672 facere
2428 5621 2733 5676 recusabit?
2762 5622 2871 5677 llac
2893 5623 3050 5695 igitur
3071 5639 3167 5695 spe
3194 5625 3418 5681 ﬁdentes
3441 5626 3613 5695 ipsum

2018 5712 2267 5767 continue
2314 5728 2584 5783 rogemus,
2629 5723 2684 5770 et
2737 5718 2985 5786 precibus
3029 5719 3612 5791 supplicalimtihuaqnc

2080 5828 2097 5858 ⁸
2136 5828 2221 5875 Alii
2248 5842 2259 5875 :
2284 5835 2337 5878 El
2363 5826 2523 5892 lapide
2541 5827 2765 5892 pretioso.
