4196 6316
620 321 685 379 ιῖ
1291 332 1347 387 S.
1388 333 1663 395 JOANNIS
1700 338 2172 400 CHRYSOSTOMI
2212 347 2526 405 ARCHIEP.
2567 351 3110 413 CONSTAN‘I'INOP.
3817 375 3886 430 43

620 456 894 509 vacemus,
926 451 980 498 et
1009 444 1225 514 reliqua.-
1254 447 1461 503 virtutis
1485 468 1604 506 cum
1634 455 1777 507 omni
1809 453 2078 525 diligentia
2104 474 2200 514 cu-

622 549 735 587 ram
762 533 1073 603 habeamus,
1102 546 1161 591 ut
1194 548 1247 594 et
1278 541 1481 596 instans
1512 543 1775 612 fugiamus
1803 547 2117 616 periculum.
2145 560 2202 605 et

624 626 791 677 tutura
822 641 1171 697 assequamur
1208 631 1344 685 bona
1376 652 1387 687 :
1419 635 1611 703 quibus
1658 651 1755 691 nos
1788 653 1975 694 omnes
2014 642 2201 711 dignos

2306 467 2515 520 censeri
2546 467 2839 538 conlingat,
2862 472 3029 541 gratia
3056 482 3111 527 et
3135 474 3463 545 benignitate
3486 479 3691 534 Domini
3723 489 3895 539 nostri

2307 552 2437 610 Jesu
2462 557 2658 615 Christi
2682 602 2698 626 ,
2740 575 2835 629 per
2861 579 3017 632 quem
3044 571 3101 619 et
3128 582 3247 620 cum
3270 583 3377 638 quo
3404 569 3543 624 Patri
3569 572 3760 643 gloria,
3790 591 3896 633 una

2303 663 2425 702 cum
2451 648 2648 718 Spiritu
2675 651 2893 719 Sancto,
2924 654 2975 708 in
3003 659 3199 711 saecula
3223 660 3564 715 smeulorum.
3594 667 3785 719 Amen.

621 757 1201 776 ____.______
1220 767 2485 791 __________________
2516 783 2577 793 __
2626 784 2759 795 ____
2812 787 2819 796 .
2881 788 2919 796 _.
2966 786 3351 799 --η-

622 847 683 888 IN
718 848 1200 899 PROFECTIO‘SEM
1246 860 1517 902 EPISCOPI
1546 863 1863 923 πιΑνΙᾼΝι,
1910 865 2030 908 PRO
2073 866 2195 911 CIV]

2299 871 2368 912 ΓΕ
2396 872 2480 914 ΑΙ)
2505 873 2966 921 ῙΜΡΕΒΔΤΟΙΙΕΜ
2994 879 3397 926 ιεαλτιοκεω
3425 886 3733 932 OBEUNTIS
3766 892 3779 926 τ
3819 892 3901 933 ET

700 949 1005 1003 QUODNAM
1056 958 1271 1002 VERUM
1333 961 1432 1003 SIT
1458 962 1771 1007 JEJUNIUM

704 1052 888 1098 PEJUS
933 1057 1077 1099 SIT:
1116 1060 1192 1101 ET
1234 1062 1317 1101 DE
1356 1063 1695 1109 JUGULATIS

703 1156 951 1200 δίει-ωε
999 1158 1295 1203 INNOXIOS
1354 1162 1584 1207 CAPTOS
1627 1164 1772 1208 ESSE
1810 1149 1851 1208 ⁸.

1818 969 1832 1007 ζ
1881 968 1961 1009 ΕΤ
2002 968 2171 1020 QUOD
2213 971 2599 1017 DETRAHERE
2644 978 2821 1030 QUAM
2873 981 3197 1034 HUHANUH
3240 987 3477 1033 CORPUS
3547 992 3894 1040 COMEDERE

1756 1067 2043 1111 PROPTER
2105 1064 2491 1119 SEDITIONEM

2540 1081 2555 1120 ἓ
2602 1081 2684 1124 ΕΤ
2724 1085 3047 1133 Αῡγειιευε
3087 1090 3198 1135 EOS
3250 1091 3359 1145 ρυι
3403 1094 3896 1151 ΩυειιΕΒΑΝτῠιι,

1940 1328 1943 1331 ’
2038 1321 2453 1368 -οθ-δῦοος-ε-ο-σ-

1254 1438 1469 1479 ΗΟᾺΙΙΗΛ
1506 1440 1585 1479 ΠΙ.

696 1509 747 1561 1.
778 1507 1052 1564 Flavianus
1090 1509 1455 1582 Imperatorem
1496 1517 1792 1585 placaturus
1835 1518 2195 1579 Constantino-

627 1598 764 1664 polin
802 1601 1463 1671 pelierat.-—Qnando'ad
1492 1608 1675 1664 sedem
1719 1610 1855 1665 hanc
1893 1612 2199 1671 derelictam

620 1704 675 1741 et
704 1689 960 1759 magistro
987 1708 1207 1748 vacuam
1241 1696 1492 1765 reSpieio,
1520 1698 1728 1767 gaudeo
1754 1701 1910 1755 simul
1941 1712 1995 1757 et
2022 1703 2200 1775 lacry—

623 1780 1006 1852 mozlacrymo
1049 1785 1300 1852 quidem,
1346 1787 1489 1856 quod
1536 1800 1849 1857 praesentem
1895 1808 2001 1846 non
2048 1795 2202 1851 video

624 1878 860 1936 patrem;
899 1871 1104 1941 gaudeo
1142 1883 1317 1928 autem
1351 1877 1490 1945 quod
1523 1893 1619 1947 pro
1663 1880 1835 1935 salute
1861 1891 2040 1937 nostra
2072 1900 2197 1954 pro-

625 1959 820 2024 fectus,
867 1962 993 2016 abiit
1038 1971 1238 2018 tantum
1279 1967 1527 2035 populum
1572 1983 1603 2021 a
1644 1969 1822 2025 furore
1866 1971 2202 2042 Imperatoris

616 2062 923 2121 erepturus.
952 2054 1064 2109 Hoc
1097 2065 1150 2110 et
1185 2057 1335 2111 vobis
1372 2069 1744 2115 ornamentum
1770 2071 1884 2129 est,
1930 2075 1983 2119 et
2011 2066 2086 2120 illi
2111 2083 2202 2123 co-

617 2157 775 2206 rona;
825 2155 1197 2201 ornamentum
1242 2147 1435 2214 vobis,
1483 2149 1623 2218 quod
1666 2151 1823 2206 talem
1872 2153 1988 2207 sitis
2029 2158 2202 2212 sortiti

617 2241 855 2303 patrem;
888 2245 941 2289 et
967 2234 1042 2289 illi
1073 2252 1292 2298 corona.
1319 2239 1458 2308 quod
1486 2241 1623 2295 circa
1658 2241 1793 2296 ﬁlios
1817 2253 1919 2297 tam
1943 2245 2203 2317 benignus

616 2322 705 2389 sit,
733 2332 786 2377 et
810 2339 840 2377 a
861 2323 1077 2380 Christo
1102 2326 1300 2381 dictum
1331 2343 1429 2399 per
1448 2344 1610 2397 opera
1637 2331 2054 2387 conﬁrmaverit.
2086 2338 2199 2390 Au-

616 2412 767 2467 diens
796 2414 937 2468 enim
971 2415 1133 2483 illud,
1183 2416 1368 2471 Pastor
1414 2418 1575 2471 bonus
1616 2422 1840 2475 animam
1876 2436 2021 2477 suam
2061 2426 2204 2493 ponit

622 2522 716 2575 pro
741 2507 913 2559 ovibus
944 2506 1125 2583 (Joan.
1160 2508 1246 2563 i0.
1280 2510 1394 2579 ll),
1435 2510 1567 2564 abiit
1612 2526 1711 2581 pro
1742 2513 1895 2569 nobis
1919 2517 2200 2585 omnibus,

616 2594 846 2648 animam
874 2610 1025 2650 suam
1056 2598 1354 2666 positurus,
1386 2601 1485 2653 etsi
1516 2601 1681 2655 multa
1706 2613 1860 2657 erant
1879 2619 2000 2673 qua:
2028 2606 2200 2674 ipsum

614 2683 761 2738 abire
788 2685 1168 2753 prohiberent,
1210 2698 1264 2743 et
1291 2704 1508 2744 manere
1536 2700 1791 2761 cogerent
1824 2712 1837 2747 :
1870 2695 2044 2763 primo
2069 2705 2202 2751 tetas

614 2773 681 2828 ad
729 2775 969 2829 ultimam
1015 2786 1261 2845 provecta
1312 2789 1642 2835 senectutem
1724 2792 1909 2851 postea
1960 2788 2202 2855 corporis

616 2865 951 2921 imbecillitas
975 2910 990 2934 ,
1021 2877 1071 2923 et
1099 2870 1224 2923 anni
1255 2878 1461 2940 tempus
1481 2913 1497 2937 ,
1546 2881 1600 2925 et
1641 2881 1838 2927 sancte
1876 2875 2201 2931 celebritatis

619 2958 936 3024 necessitas,
964 2959 1029 3013 ad
1054 2960 1169 3015 ba‘c
1195 2960 1346 3015 unica
1372 2976 1527 3016 soror
1551 2962 1604 3018 in
1645 2974 1890 3019 extremo
1911 2967 2199 3022 constituta

614 3051 824 3121 spiritu.
853 3052 956 3107 Sed
986 3062 1162 3108 tamen
1211 3063 1265 3109 et
1322 3056 1833 3126 consanguinitatem
1864 3056 2125 3127 despexit,
2146 3068 2201 3114 et

614 3151 962 3207 senectutem,
990 3152 1042 3197 et
1067 3144 1483 3199 imbecillitatem
1503 3187 1516 3211 ,
1548 3153 1601 3199 et
1632 3148 1887 3216 temporis
1912 3146 2198 3203 difficulta-

614 3241 743 3301 tem,
771 3245 823 3289 et
850 3235 1053 3290 itineris
1080 3237 1417 3305 asperitatem
1444 3254 1457 3289 :
1480 3246 1533 3290 et
1554 3237 1800 3291 omnibus
1823 3252 1917 3292 vos
1939 3248 2199 3293 vestram-

613 3338 717 3392 que
740 3324 964 3379 salutem
989 3340 1321 3395 prreponens,
1350 3325 1465 3381 haec
1491 3328 1669 3380 omnia
1696 3328 1905 3381 vincula
1933 3328 2159 3398 disrupit
2179 3370 2194 3396 ,

613 3425 668 3469 et
688 3430 784 3471 ceu
808 3417 1019 3485 juvenis
1045 3418 1211 3474 fertur
1234 3433 1419 3485 senex,
1445 3434 1587 3474 nunc
1610 3420 1782 3474 alatus
1805 3420 1967 3474 animi
1996 3421 2200 3492 magni-

615 3507 795 3562 tudine
826 3507 1012 3563 faetus.
1042 3508 1097 3564 Si
1135 3510 1277 3563 enim
1309 3510 1583 3577 Christus,
1614 3511 1814 3582 inquit,
1839 3512 2072 3582 scipsum
2100 3527 2197 3581 pro

613 3597 768 3652 nobis
806 3598 971 3665 dedit,
1020 3613 1122 3669 qua
1169 3614 1409 3655 essemus
1446 3615 1545 3654 nos
1589 3603 1932 3657 excusatione
1960 3612 2013 3657 et
2043 3603 2193 3657 venia

614 3682 793 3757 digni,
827 3688 955 3741 tanti
983 3688 1279 3743 custodiam
1309 3688 1487 3758 populi
1525 3690 1781 3745 creditam
1808 3691 2067 3748 habentes
2090 3733 2106 3757 ,
2141 3702 2196 3747 et

614 3791 720 3832 non
745 3778 1001 3847 eligentes
1025 3780 1199 3833 omnia
1226 3789 1278 3835 el
1308 3780 1486 3835 facere
1516 3792 1569 3835 et
1606 3784 1711 3851 pati
1729 3796 1838 3851 pro
1867 3784 2194 3839 creditorum

613 3869 767 3923 nobis
791 3870 1116 3925 securitate?
1153 3871 1208 3926 Si
1251 3872 1392 3925 enim
1439 3873 1770 3941 patriarcha,
1800 3874 2002 3945 inquit,
2031 3875 2196 3932 Jacob

615 3960 903 4027 pecudibus
933 3962 1247 4031 praepositus
1276 4004 1291 4028 ,
1333 3977 1461 4017 oves
1489 3963 1824 4018 irrationales
1854 3979 2109 4034 pascens,
2140 3975 2196 4022 et

613 4050 810 4104 homini
834 4051 1090 4106 rationem
1108 4050 1433 4117 redditurus,
1456 4062 1635 4107 noctes
1654 4053 1884 4107 ducebat
1901 4054 2189 4121 insomnes,

612 4151 665 4195 et
690 4151 909 4207 uastum,
936 4144 1056 4212 gelu
1082 4184 1096 4208 ,
1138 4158 1458 4214 omnemque
1487 4146 1626 4199 aeris
1653 4146 2019 4215 intemperiem
2051 4145 2193 4203 fere-

612 4234 733 4297 bat,
780 4246 840 4287 ut
878 4236 1020 4289 nulla
1064 4235 1273 4290 illarum
1318 4236 1580 4305 pecudum
1631 4238 1829 4306 periret
1873 4236 2025 4307 (Gen.
2054 4238 2188 4308 9.9):

614 4326 781 4381 multo
804 4327 973 4396 magis
995 4342 1093 4382 nos
1118 4341 1226 4382 non
1259 4327 1675 4395 irrationalibus,
1712 4328 1804 4383 sed
1829 4329 2192 4398 spiritualihus

613 4419 798 4475 ovibus
816 4420 1148 4490 prmpositos,
1168 4429 1221 4475 et
1242 4435 1349 4474 non
1371 4419 1598 4486 homini,
1624 4420 1719 4475 sed
1737 4421 1845 4476 Deo
1867 4410 2192 4490 praefectum

613 4510 768 4579 hujus
792 4512 1050 4567 rationem
1080 4510 1380 4569 reddituros
1403 4554 1418 4579 ,
1459 4510 1525 4566 ad
1551 4510 1682 4565 nihil
1708 4519 1921 4580 torpere
1946 4519 2001 4567 et
2028 4515 2193 4583 tergi-

612 4602 813 4657 versari
843 4611 1053 4672 oportet
1076 4618 1260 4659 eorum
1284 4645 1300 4671 ,
1349 4618 1469 4673 qua:
1513 4618 1727 4674 gregem
1750 4601 1939 4672 iuvare
1965 4604 2188 4673 possint.

610 4692 713 4748 Sed
738 4700 937 4763 quanto
964 4692 1153 4773 melior
1176 4709 1306 4765 grex
1337 4693 1437 4748 iste
1460 4708 1622 4763 grege
1651 4692 1744 4748 illo
1761 4734 1777 4761 ,
1804 4701 1858 4749 et
1882 4693 2052 4748 brutis
2072 4695 2190 4765 qui-

611 4784 731 4839 dem
776 4782 1048 4849 homines,
1084 4783 1386 4839 hominibus
1413 4798 1540 4838 vero
1567 4784 1707 4839 Deus
1730 4802 1742 4835 :
1765 4792 1911 4840 tanto
1940 4784 2111 4856 majus
2138 4795 2194 4841 et

613 4892 711 4931 nos
733 4876 1206 4947 vehementiusque
1242 4876 1475 4931 studium
1502 4887 1553 4931 et
1582 4878 1909 4948 diligentiam
1939 4878 2193 4936 exhibere

611 4978 840 5037 oportet.
872 4970 1027 5024 Novit
1050 4970 1137 5025 ille
1166 4970 1343 5039 plane,
1368 4984 1471 5024 non
1500 4985 1598 5038 pro
1626 4986 1728 5025 una
1755 4970 1856 5026 sibi
1889 4987 2028 5027 nunc
2056 4972 2191 5027 civi-

614 5067 720 5113 tate
763 5060 1028 5128 negotium
1072 5074 1225 5126 esse,
1258 5060 1352 5115 sed
1383 5075 1481 5130 pro
1505 5058 1721 5117 Oriente
1750 5071 1879 5117 toto.
1909 5063 2189 5120 Civitatum

610 5150 751 5205 enim
784 5150 883 5204 sub
910 5149 1123 5206 Oriente
1153 5151 1439 5222 positarpm
1462 5162 1620 5224 caput
1639 5163 1692 5210 et
1716 5166 1885 5210 mater
1906 5166 1986 5212 est
2005 5157 2192 5214 civitas

572 5324 577 5329 .
620 5346 636 5353 Δ
674 5285 912 5353 ιᾼτΐιυιιιε
936 5287 982 5335 ln
999 5286 1140 5335 Sat-il.
1170 5286 1295 5353 etin
1326 5288 1612 5353 quihusdam
1648 5296 1758 5353 atas.
1780 5287 1968 5353 habet;
2000 5298 2053 5353 In
2077 5302 2193 5353 ιιι-ο⁴

609 5346 860 5412 rectionem
889 5360 1036 5412 quam
1055 5346 1262 5411 suscepit
1304 5346 1551 5412 episcopus
1578 5349 1890 5412 antiochenus
1918 5346 2188 5410 Flmia'rtus.

609 5420 697 5482 ιρι-ρ
717 5406 912 5479 civitate
925 5409 989 5479 ad
1011 5406 1348 5482 imperatorem
1367 5406 1673 5482 Theodosium
1689 5411 1972 5482 legationem
2007 5406 2185 5482 obiens,

610 5467 906 5543 injiciarum
928 5469 979 5520 in
1008 5467 1189 5522 statuas
1222 5485 1405 5542 causa;
1436 5480 1479 5521 et
1504 5474 1649 5535 quod,
1677 5467 1819 5586 apud
1846 5482 2012 5531 Deum,
2040 5467 2191 5545 regite

610 5531 831 5586 mantat:
852 5532 1109 5586 praevaleat
1143 5533 1494 5586 sacerdotium:
1532 5540 1577 5584 et
1614 5547 1676 5586 au
1774 5543 1837 5585 sit
1870 5548 2033 5585 rerum
2068 5536 2190 5586 reia-

610 5531 833 5598 dignitati
852 5532 1109 5598 praevaleat
1143 5531 1494 5598 sacerdotium;
1516 5531 1577 5598 iet
1614 5531 1731 5598 quid
1773 5535 1837 5598 sit
1870 5548 2033 5598 verum
2058 5531 2190 5598 ,ἤθη-

609 5592 759 5659 nium,
783 5592 1018 5657 auctuque
1047 5594 1103 5659 ob
1136 5608 1333 5645 causam
1377 5592 1596 5659 Ninipittz
1615 5592 1742 5659 ξένια
1764 5595 1905 5646 bruta

608 5652 826 5715 ieiunare
870 5652 1174 5721 curaverint:
1213 5662 1273 5721 ειΔ
1299 5654 1427 5719 quod
1465 5652 1718 5721 detrahere
1741 5671 1896 5721 quam,
1926 5658 2189 5721 Iumtanmn

610 5729 790 5824 ἴωσι)ηῆ
805 5720 1054 5769 comedere
1077 5719 1211 5783 pejus
1233 5718 1319 5780 sit;
1338 5726 1381 5769 et
1412 5725 1646 5781 poatremo
1668 5719 1729 5770 de
1751 5718 2069 5785 Μυκη...
2095 5735 2188 5771 ca:-

635 5792 717 5824 era
741 5794 771 5824 ll
816 5793 977 5824 ἮἹΙἺἮ.

635 5792 717 5827 era
741 5788 791 5827 ut
816 5793 977 5843 supra.

2297 1449 2815 1515 nostra:propterea
2864 1465 3025 1508 omne
3067 1455 3360 1523 periculum
3410 1459 3602 1525 subiit,
3660 1470 3716 1517 et
3765 1460 3900 1516 nihil

2310 1530 2457 1586 illum
2501 1533 2587 1590 hic
2624 1536 2857 1596 retinere
2899 1542 3088 1610 potuit.
3136 1544 3367 1617 Ideoque
3414 1547 3581 1603 bonas
3623 1548 3737 1605 fore
3782 1554 3901 1620 spei
3962 1570 3965 1571 '

2308 1628 2733 1693 Opportunitates
2771 1646 2964 1701 spero:
2988 1650 3094 1690 non
3141 1637 3284 1692 enim
3318 1648 3517 1694 tantam
3560 1640 3901 1697 sedulitatem

2309 1723 2364 1769 et
2388 1729 2569 1773 curam
2598 1720 2741 1777 Deus
2761 1722 3039 1794 despiciet,
3066 1743 3238 1798 neque
3266 1743 3483 1785 servum
3506 1746 3662 1787 suum
3690 1733 3902 1789 infectis

2308 1808 2471 1864 rebus
2509 1811 2688 1868 redire
2737 1817 3028 1883 permittet.
3077 1818 3211 1873 Novi
3264 1822 3405 1890 quod
3464 1832 3665 1877 tantum
3716 1839 3901 1878 coram

2310 1898 2543 1967 positus,
2576 1908 2630 1955 et
2657 1903 2965 1974 religiosum
2997 1908 3373 1978 Imperatorem
3404 1913 3776 1984 conspicatus,
3830 1930 3903 1970 ex

2307 1997 2526 2058 aspectu
2556 1993 2673 2048 solo
2712 1998 2892 2051 statim
2925 1999 3058 2054 iram
3096 2003 3455 2071 comprimere
3503 2007 3720 2076 poterit.
3759 2007 3903 2063 Sane

2308 2089 2511 2136 clarum
2541 2086 2685 2140 enim
2716 2104 2823 2143 non
2853 2097 3058 2146 tantum
3107 2093 3305 2161 verba,
3352 2097 3445 2151 sed
3486 2106 3539 2153 et
3585 2098 3685 2167 ipsi
3724 2100 3906 2156 vultus

2305 2173 2567 2241 spirituali
2592 2179 2759 2246 gratia
2778 2180 2918 2249 pleni
2945 2193 3088 2237 sunt.
3113 2184 3209 2240 llic
3231 2202 3357 2242 vero
3377 2199 3429 2243 et
3451 2189 3613 2244 multa
3635 2191 3912 2261 sapientia.

2309 2265 2498 2333 plenus
2526 2279 2641 2337 est',
2673 2279 2729 2324 et
2766 2286 2886 2326 cum
2927 2275 3224 2343 divinarum
3254 2277 3428 2347 legum
3457 2281 3528 2334 sit
3555 2282 3760 2352 peritus
3780 2324 3797 2348 ,
3826 2282 3900 2336 ad

2308 2357 2481 2427 ipsum
2507 2360 2669 2429 dicet,
2695 2365 2837 2433 quod
2861 2375 2916 2421 et
2939 2368 3113 2426 Moses
3137 2369 3203 2425 ad
3234 2371 3397 2426 Deum
3423 2389 3436 2425 :
3458 2371 3520 2428 Si
3547 2374 3756 2428 dimittis
3782 2376 3903 2445 qui-

2222 2490 2225 2491 ν
2308 2450 2422 2504 dem
2445 2450 2569 2522 ipsis
2597 2465 2855 2523 peccatum
2873 2499 2889 2523 ,
2920 2459 3151 2524 dimitte;
3187 2462 3233 2514 si
3270 2478 3373 2515 non
3398 2472 3596 2530 autem,
3624 2473 3671 2517 et
3699 2480 3777 2518 me
3801 2480 3902 2518 oc-

2305 2528 2571 2598 dtle‘eum
2600 2544 2729 2614 ipsis
2758 2544 2951 2617 (Exod,
2974 2548 3062 2605 52.
3089 2550 3180 2606 51.
3203 2550 3315 2622 52).
3339 2551 3485 2607 Talia
3510 2528 3652 2609 enim
3681 2565 3901 2608 sancto-

2306 2645 2425 2684 rum
2455 2632 2689 2699 viscera;
2716 2650 2835 2691 cum
2864 2637 2987 2695 ﬁliis
3008 2648 3237 2697 mortem
3259 2657 3417 2713 quam
3438 2645 3554 2699 sine
3580 2644 3710 2714 ipsis
3732 2645 3898 2699 vitam

2307 2720 2601 2779 dulciorem
2644 2741 2765 2781 esse
2811 2736 3014 2797 putant.
3063 2728 3295 2801 Adjiciet
3319 2748 3353 2788 a
3382 2742 3624 2803 tempore
3664 2736 3903 2805 patroci-

2307 2813 2475 2881 nium,
2501 2823 2557 2870 et
2578 2832 2787 2873 sacrum
2816 2819 3011 2889 pascha
3042 2832 3319 2892 proponet,
3351 2826 3904 2895 commemorabitun

2309 2915 2552 2977 tempus,
2583 2926 2691 2980 quo
2717 2911 2831 2968 orbi
2866 2922 3131 2969 terrarum
3164 2917 3258 2971 toti
3288 2914 3532 2972 Christus
3560 2926 3775 2989 peccata
3804 2933 3903 2973 re-

2306 2999 2484 3064 misit;
2527 3000 2810 3058 Dominum
2856 3005 3052 3060 imitari
3098 3007 3486 3073 exhortabitur,
3532 3017 3586 3066 ct
3628 3007 3902 3078 paraboka

2304 3092 2446 3146 illius
2470 3094 2655 3166 decem
2693 3096 2918 3152 millium
2960 3098 3279 3153 talentorum
3310 3108 3365 3154 et
3390 3110 3602 3155 centum
3638 3101 3894 3156 denario-

2303 3198 2422 3236 rum
2452 3184 2625 3253 ipsum
2651 3187 3033 3241 commonebit.
3058 3187 3191 3243 Novi
3223 3190 3392 3259 patris
3423 3192 3589 3245 nostri
3624 3190 3894 3256 fiduciam,

2303 3289 2410 3329 non
2440 3266 2702 3343 dubitabit
2744 3278 2916 3349 ipsum
2959 3296 3055 3350 per
3084 3281 3220 3339 hanc
3262 3282 3660 3338 similitudinem
3690 3293 3897 3340 terrere

2302 3377 2357 3422 et
2384 3367 2564 3424 dicere
2588 3387 2603 3423 :
2626 3368 2759 3425 Vide
2785 3386 2852 3425 ne
2888 3370 3025 3428 forte
3060 3381 3116 3428 et
3157 3383 3210 3427 tu
3256 3375 3346 3428 illo
3375 3375 3460 3429 die
3488 3374 3673 3430 audias
3698 3394 3712 3429 :
3737 3375 3897 3431 Serra

2301 3475 2546 3526 nequam,
2579 3478 2727 3515 omne
2750 3462 2969 3516 debitum
3012 3462 3144 3518 illud
3182 3464 3353 3519 dimisi
3381 3466 3501 3532 tibi,
3541 3467 3781 3533 quoniam
3802 3482 3892 3521 ro-

2299 3554 2433 3622 gasti
2454 3569 2563 3617 me;
2586 3555 2846 3623 Oportebat
2868 3566 2917 3609 et
2939 3566 2987 3610 te
3010 3556 3264 3611 dimittere
3283 3558 3534 3611 conservis
3556 3559 3655 3613 tuis
3672 3556 3889 3625 (Matth.

2303 3642 2391 3697 18.
2422 3644 2510 3697 52.
2543 3643 2657 3715 55).
2689 3645 2805 3700 Tibi
2834 3647 2931 3716 ipsi
2956 3647 3124 3716 magis
3148 3662 3304 3717 quam
3336 3648 3407 3701 illi
3436 3647 3649 3715 prodes,
3682 3649 3734 3702 in
3760 3664 3893 3719 pau-

2300 3752 2485 3791 corum
2513 3737 2824 3793 dimissione
2858 3750 3197 3809 peccatorum
3225 3780 3240 3806 ,
3272 3740 3532 3809 majorum
3564 3742 3889 3796 oblivionem

2302 3828 2584 3898 recipiens.
2620 3829 2792 3884 Addet
2819 3831 3085 3899 prasdictis
3112 3840 3166 3885 et
3192 3830 3486 3885 orationem
3517 3832 3659 3885 illam
3680 3871 3696 3897 ,
3730 3847 3888 3901 quam

2300 3919 2388 3986 qui
2412 3920 2586 3991 sacris
2613 3920 2783 3989 ipsum
2812 3921 3087 3975 initiavere
3114 3921 3415 3989 mysteriis,
3443 3930 3683 3976 orantem
3711 3921 3892 3977 dicere

2298 4011 2867 4068 docuerunt:Dimitte
2908 4014 3051 4068 nobis
3091 4014 3256 4068 debita
3295 4024 3501 4081 nostra,
3551 4016 3680 4069 sicut
3722 4024 3768 4069 et
3785 4032 3892 4093 μοι

2298 4104 2599 4159 dimittimus
2626 4106 2933 4175 debitoribus
2958 4107 3141 4160 nostris
3176 4106 3385 4174 (Matth.
3425 4106 3477 4162 6.
3521 4106 3632 4175 12).
3665 4106 3745 4162 Ad
3773 4106 3892 4163 btec

2297 4196 2530 4260 docebit,
2559 4213 2663 4252 non
2690 4212 2974 4253 commune
2996 4198 3225 4253 civitatis
3248 4196 3415 4253 fuisse
3442 4209 3716 4268 peccatum
3738 4239 3753 4263 ,
3790 4198 3890 4254 sed

2297 4291 2573 4347 hominum
2628 4292 2983 4361 quorumdam
3030 4301 3376 4347 externorum
3422 4301 3479 4346 et
3527 4290 3887 4356 advenarum,

2297 4384 2430 4440 nihil
2468 4398 2590 4439 cum
2629 4385 2837 4440 ratione
2875 4385 3218 4451 facientium,
3263 4384 3359 4439 sed
3403 4399 3525 4438 cum
3573 4382 3791 4438 audacia
3834 4392 3891 4439 et

2298 4478 2445 4534 omni
2483 4478 2725 4543 scelere:
2750 4493 2852 4532 nec
2891 4477 3094 4547 justum
3125 4491 3246 4532 esse
3272 4491 3371 4545 pro
3399 4490 3687 4546 paucorum
3719 4485 3892 4530 teme-

2297 4572 2453 4626 ritate
2479 4580 2677 4626 tantam
2707 4571 2864 4640 diripi
2890 4569 3184 4634 civitatem,
3217 4576 3271 4624 et
3294 4584 3407 4634 eos,
3430 4568 3521 4638 qui
3542 4567 3671 4622 nihil
3694 4568 3893 4637 injuste

2297 4661 2558 4727 fecerunt,
2577 4678 2761 4732 poenas
2777 4662 2946 4717 luere.
2969 4661 3219 4731 Alioquin
3235 4661 3332 4716 etsi
3350 4675 3537 4715 omnes
3555 4672 3889 4729 peccassent,

2296 4752 2483 4825 dignas
2511 4754 2783 4810 dedissent
2814 4768 3028 4822 poenas,
3078 4761 3154 4805 tot
3193 4751 3379 4806 diebus
3407 4753 3596 4806 timore
3631 4765 3892 4805 consum-

2298 4846 2406 4915 pti,
2448 4855 2502 4901 et
2545 4860 2640 4915 per
2681 4844 2917 4913 singulos
2957 4842 3091 4897 mori
3120 4841 3235 4897 dies
3279 4850 3679 4911 exspectantes,
3713 4840 3849 4909 pulsi
3874 4884 3891 4905 ,

2297 4939 2636 5001 exsulantes,
2664 4939 2772 4993 reis
2800 4936 3156 4993 miserabilius
3183 4935 3422 4989 viventes
3447 4978 3460 5002 ,
3493 4935 3805 5001 sanguinem
3835 4936 3893 4990 in

2297 5034 2541 5088 manibus
2565 5040 2832 5103 gestantes
2855 5072 2871 5097 ,
2919 5039 2974 5086 et
3015 5030 3084 5086 de
3125 5030 3234 5085 vita
3276 5044 3371 5083 sua
3400 5044 3504 5082 non
3534 5028 3889 5083 conﬁdentes.

2297 5126 2421 5180 Hzec
2461 5125 2553 5179 tibi
2601 5138 2755 5193 poena
2795 5120 3063 5177 sufﬁciat:
3093 5135 3160 5177 ne
3206 5121 3428 5175 ulterius
3468 5120 3542 5173 ira
3586 5118 3890 5189 procedas:

2295 5220 2476 5273 mitem
2525 5217 2615 5271 tibi
2660 5230 2950 5285 supernum
2993 5214 3235 5271 Iudicem
3281 5229 3376 5283 per
3418 5212 3799 5267 humanitatem
3834 5210 3891 5264 in

2295 5323 2588 5364 conservos
2614 5308 2777 5363 redde
2803 5326 2818 5361 :
2842 5308 3013 5379 cogita
3039 5305 3187 5361 urbis
3209 5304 3649 5375 magnitudinem,
3668 5304 3890 5372 etquod

2296 5417 2401 5455 non
2429 5400 2496 5455 de
2525 5416 2622 5455 una
2646 5441 2660 5464 ,
2707 5399 2792 5454 vel
2821 5399 2888 5455 de
2914 5399 3122 5454 duabus
3142 5440 3157 5462 ,
3202 5397 3286 5451 vel
3330 5396 3499 5451 tribus
3522 5438 3535 5459 ,
3581 5396 3663 5449 vel
3695 5396 3889 5450 decem

2296 5493 2571 5549 animabus
2602 5508 2743 5548 nunc
2773 5492 2925 5547 nobis
2951 5500 3035 5547 est
3062 5486 3422 5545 consideratio
3443 5531 3458 5555 ,
3501 5488 3592 5543 sed
3622 5487 3689 5543 de
3717 5486 3888 5542 milli-

2282 5588 2394 5643 bus
2419 5596 2472 5643 et
2500 5587 2738 5652 inﬁnitis,
2761 5584 2829 5641 de
2855 5587 3015 5640 tutius
3040 5584 3185 5639 orbis
3204 5582 3397 5652 capite.
3422 5580 3548 5635 Haec
3570 5590 3651 5635 est
3670 5580 3885 5646 civitas,

2295 5681 2347 5735 in
2372 5696 2473 5751 qua
2502 5679 2727 5749 primum
2751 5678 2999 5749 appellati
3022 5675 3338 5731 Christiani:
3359 5674 3560 5727 honora
3583 5668 3884 5734 Christum,

2294 5772 2539 5830 reverere
2568 5785 2684 5827 eam
2707 5810 2721 5835 ,
2750 5785 2868 5841 quae
2911 5770 3077 5841 prima
3112 5781 3303 5823 nomen
3337 5765 3435 5821 hoc
3463 5763 3708 5820 omnibus
3733 5762 3881 5816 desi-
