4196 6316
232 398 303 453 to
1154 375 1242 430 AD
1281 371 1600 428 POPUlJJM
1642 362 2130 424 ANTIOCIIENUJI
2196 368 2422 424 IiOillL
2468 368 2553 427 lll.
3459 375 3526 426 5,,

230 503 467 560 derabile
509 508 567 555 et
611 497 770 552 dulce
813 490 1119 565 pra-dicavit
1151 507 1162 541 :
1192 487 1555 558 apostolorum
1599 482 1690 536 illa
1733 478 1832 532 fuit

245 589 676 653 tabernaculum,
710 583 1067 640 habitaculum
1089 579 1374 648 justorum.
1404 574 1558 629 Nunc
1591 571 1690 624 hoc
1719 569 1828 639 pri-

238 702 381 742 mum
418 693 475 738 et
507 683 679 736 solum
720 680 774 734 in
820 675 1084 747 principes
1115 672 1317 726 facinus
1347 658 1607 737 patratum
1638 672 1748 727 est,
1779 668 1833 714 et

237 777 470 834 civitatis
497 789 677 829 mores
706 785 866 825 omne
898 767 1227 838 praeteritum
1258 770 1470 831 tempus
1497 765 1742 812 testatur.
1776 753 1832 807 Si

235 857 386 924 enim'
406 865 662 920 continue
691 860 979 915 seditiones
999 863 1258 918 moveret,
1281 849 1676 920 improbitatem
1699 861 1801 900 con
1817 878 1832 885 -

235 960 500 1013 demnare
525 959 831 1023 oporteret;
871 949 914 1002 si
944 961 1072 1001 vero
1097 944 1261 999 semel
1289 942 1395 997 hoc
1417 939 1562 996 omni
1594 947 1834 1006 tempore

236 1053 468 1118 accidit,
517 1057 723 1104 certum
763 1053 845 1100 est
885 1042 1024 1113 quod
1071 1055 1176 1095 nou
1225 1035 1461 1093 civitatis
1504 1047 1712 1089 morum
1755 1040 1838 1084 cst

239 1152 520 1214 peccatum
544 1182 560 1207 ,
610 1137 704 1194 sed
749 1151 934 1191 eorum
971 1133 1060 1202 qui
1092 1128 1433 1199 impudenter
1456 1136 1511 1181 et
1543 1133 1746 1179 temere
1785 1121 1838 1175 in

241 1236 519 1290 civitatem
546 1233 872 1298 irruperunt,
902 1227 1004 1280 ista
1036 1222 1238 1278 insania
1267 1220 1385 1274 fuit.

313 1327 369 1379 9..
417 1325 546 1378 Ilaec
591 1319 842 1377 sacerdos
884 1327 939 1372 et
984 1317 1138 1386 plura
1185 1315 1268 1368 his
1312 1325 1435 1367 cum
1477 1308 1667 1378 majori
1702 1307 1842 1361 dicet

247 1415 440 1470 ﬁducia
476 1431 492 1466 :
527 1412 641 1466 lucc
685 1411 982 1479 Imperator
1007 1406 1186 1461 audiet
1215 1423 1228 1457 :
1261 1413 1315 1458 et
1345 1403 1434 1457 ille
1476 1402 1762 1459 humanus,
1791 1405 1845 1451 et

246 1506 336 1562 hic
378 1506 586 1571 fidelis,
633 1502 773 1558 unde
815 1503 1083 1570 utrimque
1111 1499 1324 1553 .bonam
1373 1496 1632 1549 habemus
1669 1506 1843 1560 Spem.

248 1598 374 1651 Plus
414 1605 618 1658 autem,
663 1609 821 1664 quam
853 1591 1086 1662 magistri
1133 1589 1254 1644 ﬁdei
1299 1595 1457 1656 atque
1506 1583 1848 1654 Imperatoris

250 1688 593 1754 humanitati,
625 1687 715 1740 Dei
743 1682 1120 1739 misericordis
1150 1680 1359 1734 ﬁdimus
1391 1695 1405 1730 :
1435 1679 1556 1731 nam
1584 1684 1638 1728 et
1663 1682 1848 1741 rugato

250 1780 588 1851 Imperatori,
616 1788 670 1833 et
707 1778 912 1848 roganti
944 1774 1201 1830 sacerdoti
1235 1772 1349 1841 ipse
1379 1768 1584 1823 medius
1612 1766 1846 1829 assistet,

252 1870 594 1939 Imperatoris
619 1883 713 1924 cor
747 1866 1047 1927 emollieus,
1089 1860 1382 1917 sacerdotis
1427 1860 1658 1928 linguam
1706 1855 1852 1909 exci-

252 1973 394 2026 tans,
431 1957 592 2028 hujus
631 1958 789 2012 verba
833 1953 1156 2017 secundans,
1199 1951 1338 2005 illius
1379 1959 1611 2004 mentem
1639 1961 1849 2016 praepa-

251 2065 397 2112 rans,
442 2057 502 2102 ut
545 2047 878 2115 indulgenter
918 2043 1057 2097 dicta
1108 2039 1364 2108 suscipiat
1406 2048 1458 2093 et
1505 2035 1849 2107 petitionibus

251 2147 471 2193 annuat.
526 2137 732 2191 Etenim
782 2135 1052 2188 civitatum
1087 2132 1356 2185 .omnium
1416 2138 1592 2182 nostra
1641 2127 1852 2182 Clu-ito

249 2227 971 2296 cbarissima,tumpropter
1017 2225 1433 2299 progenitorum,
1479 2232 1587 2275 tmn
1638 2230 1854 2290 prepter

251 2329 484 2372 vestram
535 2319 787 2371 virtutem
820 2335 833 2368 :
865 2326 920 2370 et
965 2318 1101 2369 sicut
1159 2314 1347 2368 Petrus
1399 2312 1536 2364 inter
1581 2310 1854 2379 apostolos

254 2410 457 2478 primus
485 2407 754 2462 Christum
785 2407 1096 2478 praedicavit
1121 2447 1133 2468 ,
1167 2407 1246 2458 sic
1276 2405 1413 2458 inter
1432 2403 1693 2464 civitates,
1718 2401 1855 2455 sicut

251 2502 359 2568 jam
392 2500 525 2564 dixi,
564 2500 677 2554 hare
702 2501 868 2567 prima
901 2487 1168 2578 tamquam
1199 2511 1452 2551 coronam
1487 2493 1851 2548 admirabilem

251 2591 681 2645 Christianorum
735 2590 852 2642 tulit
896 2588 1322 2656 appellationem.
1359 2584 1416 2637 Si
1458 2597 1587 2636 vero
1633 2582 1719 2635 ubi
1761 2580 1856 2635 dc-

253 2701 367 2740 cem
431 2695 638 2738 tantum
696 2683 819 2751 justi
867 2692 1082 2746 essent,
1136 2694 1324 2732 omnes
1370 2677 1669 2731 habitantes
1717 2675 1855 2728 Dens

254 2777 432 2831 salvos
462 2791 523 2830 se
556 2776 814 2829 facturum
847 2773 1087 2842 promisit
1139 2770 1290 2841 (Gen.
1341 2769 1424 2825 18.
1467 2767 1557 2837 3‘2)
1588 2786 1601 2820 :
1635 2767 1719 2821 ubi
1747 2781 1852 2820 non

255 2867 442 2921 decem
475 2875 530 2921 et
557 2866 760 2934 viginti.
791 2879 962 2930 neque
991 2863 1072 2916 bis
1103 2861 1321 2916 totidem
1348 2861 1542 2926 solum,
1571 2856 1664 2916 sed
1688 2857 1855 2911 multo

257 2959 436 3028 plures
460 2968 589 3011 sunt
621 2959 783 3012 Deum
814 2972 935 3011 cum
967 2955 1110 3009 omni
1139 2954 1405 3023 diligentia
1431 2954 1690 3016 colentes,
1720 2965 1852 3018 qno-

258 3049 417 3103 modo
463 3065 570 3102 non
627 3058 834 3118 oportet
882 3048 1018 3102 bona
1073 3061 1321 3115 sperare,
1373 3054 1428 3099 et
1473 3045 1539 3098 de
1587 3042 1854 3098 communi

257 3151 438 3197 nostra
485 3142 725 3196 omnium
772 3141 938 3193 salute
967 3139 1279 3193 conﬁdere?
1317 3138 1508 3192 Audivi
1550 3138 1745 3191 multos
1771 3136 1856 3188 di-

260 3242 465 3297 centes,
496 3229 656 3283 Mime
678 3231 808 3299 regis
835 3231 992 3284 leonis
1021 3231 1110 3283 ira:
1129 3231 1316 3282 similes
1341 3227 1522 3296 (Prov.
1550 3229 1636 3282 19.
1671 3228 1780 3297 12),
1805 3235 1858 3280 et

259 3322 438 3375 animo
469 3320 816 3375 concidentcs
841 3329 892 3374 et
921 3320 1290 3373 lamentantes.
1318 3317 1452 3384 Quid
1485 3318 1642 3386 igitur
1671 3317 1858 3370 adver-

259 3429 348 3468 sus
399 3414 523 3468 illos
576 3414 860 3468 dicemus?
906 3413 1004 3479 Qui
1056 3413 1231 3466 dixit:
1264 3411 1397 3482 Lupi
1445 3421 1489 3464 et
1535 3412 1654 3482 agni
1709 3411 1859 3464 sinmI

261 3515 548 3572 pascentur,
575 3514 622 3558 et
646 3505 836 3575 pardus
860 3521 974 3556 cum
998 3504 1142 3557 Itde
1163 3505 1398 3570 quiescet,
1428 3513 1473 3555 et
1495 3501 1570 3556 (eo
1596 3512 1853 3568 tulitquam

261 3601 346 3650 bos
371 3597 551 3667 paleas
577 3597 798 3650 comedet
844 3594 995 3664 (Ism'.
1030 3596 1115 3648 ll.
1162 3593 1215 3647 6.
1259 3594 1313 3663 7)
1346 3612 1358 3646 :
1389 3601 1441 3648 ct
1467 3593 1606 3647 hunc
1646 3593 1855 3648 leonem

260 3685 485 3740 reddere
514 3701 669 3739 ovem
698 3686 894 3755 poterit
925 3691 1275 3737 mansuetam.
1303 3684 1673 3753 Supplicemus
1701 3684 1858 3752 igitur

263 3778 382 3847 ipsi,
411 3787 469 3833 et
498 3777 565 3831 ad
596 3778 771 3846 ipsum
800 3778 1092 3846 legationes
1121 3778 1409 3853 mittamus,
1433 3787 1488 3831 et
1516 3779 1858 3846 Imperatoris

262 3868 494 3922 animum
523 3871 734 3937 penitus
753 3868 1025 3935 corripiet,
1060 3877 1113 3922 ct
1132 3869 1197 3921 ab
1226 3871 1369 3922 omni
1396 3885 1492 3924 nos
1517 3869 1729 3923 instanti
1759 3884 1859 3922 an-

262 3959 428 4028 gustia
449 3958 717 4013 liherabit.
747 3959 905 4012 Pater
930 3959 1035 4012 illic
1067 3959 1385 4028 legationem
1428 3961 1558 4024 obit,
1607 3976 1702 4015 nos
1735 3960 1859 4015 hinc

262 4049 325 4101 ad
355 4049 609 4103 cmlorum
647 4065 824 4118 regem
861 4051 1131 4102 mittamus
1165 4049 1503 4120 Iegatiooem,
1534 4053 1704 4120 ipsum
1734 4069 1856 4122 pre-

263 4139 410 4192 cibus
431 4138 766 4207 adjuvemus.
807 4139 1025 4192 Multum
1057 4139 1307 4193 Ecclesiae
1332 4144 1637 4196 communio
1662 4152 1855 4212 potest,

266 4228 309 4281 si
338 4227 514 4280 anima
543 4227 776 4290 dolente,
805 4229 846 4280 si
871 4228 1031 4281 corde
1057 4230 1290 4282 contrito
1319 4246 1503 4298 preces
1529 4234 1855 4288 emittamus.

264 4319 376 4374 Non
407 4336 547 4390 Opus
591 4331 673 4374 est
714 4336 862 4374 mare
892 4322 1140 4384 transire,
1192 4338 1298 4376 non
1342 4338 1476 4391 opus
1519 4334 1600 4378 est
1645 4325 1856 4395 longam

263 4413 442 4467 subire
493 4412 972 4480 peregrinationem
1005 4432 1017 4466 :
1047 4415 1238 4484 singuli
1299 4431 1360 4470 ac
1413 4417 1634 4486 singula:
1687 4429 1741 4473 et
1792 4419 1857 4474 ad

257 4503 553 4560 ecclesiam
629 4515 1005 4570 occurrentes,
1062 4517 1116 4560 et
1167 4507 1310 4561 domi
1370 4521 1646 4565 manentes
1692 4513 1859 4567 multo

268 4595 430 4650 Deum
462 4595 640 4650 studio
685 4597 1010 4663 invocemus,
1044 4607 1098 4653 et
1123 4600 1342 4654 omnino
1385 4603 1860 4670 supplicationibus

263 4698 481 4744 annuet.

333 4779 476 4835 Deus
515 4781 829 4836 vehementer
855 4790 991 4851 cupit
1021 4794 1073 4836 ut
1115 4785 1340 4840 homines
1367 4789 1432 4840 ad
1469 4788 1636 4858 ipsum
1680 4793 1859 4860 confu-

263 4874 421 4943 ginnt.
450 4904 522 4914 —
554 4873 705 4928 Unde
753 4875 854 4930 hoc
891 4877 1280 4931 manifestum?
1319 4880 1468 4946 Quod
1516 4882 1860 4938 vehementer

264 4964 442 5032 cupiat
469 4978 573 5017 nos
601 4965 665 5017 ad
715 4964 885 5034 ipsum
933 4982 1148 5035 semper
1189 4971 1499 5039 confugere,
1531 4971 1580 5024 in
1613 4975 1860 5027 omnibus

265 5052 437 5119 ipsum
467 5053 766 5123 deprecari,
799 5065 854 5110 et
884 5057 1012 5110 nihil
1045 5058 1244 5128 absque
1291 5061 1404 5128 ipso
1433 5063 1514 5114 vel
1562 5062 1733 5118 facere
1778 5065 1859 5118 vel

264 5141 463 5198 dicere.
497 5143 755 5202 llomines
775 5146 938 5214 enim,
964 5149 1177 5217 quando
1209 5151 1336 5218 ipsis
1357 5152 1565 5206 assidue
1590 5156 1858 5224 negotium

266 5233 580 5290 facessimus
611 5250 707 5306 pro
739 5237 898 5292 rebus
925 5241 1140 5306 nostris,
1176 5250 1386 5310 toupent
1417 5252 1472 5298 et
1504 5248 1858 5314 tergiversan-

267 5334 371 5391 tur,
411 5334 472 5380 et
498 5341 640 5395 aegre
669 5324 884 5392 ferunt;
914 5329 1054 5384 Deus
1090 5341 1266 5386 autem
1313 5349 1531 5402 prorsus
1558 5338 1608 5390 in
1641 5350 1860 5392 eontra-

267 5416 400 5469 rium
430 5433 446 5481 ;
479 5433 585 5471 non
625 5434 747 5473 cum
797 5421 895 5490 ipsi
922 5423 1172 5477 continue
1201 5427 1534 5480 occurrimus
1576 5445 1671 5496 pro
1703 5431 1863 5486 rebus

269 5508 486 5574 nostris,
517 5508 613 5565 sed
641 5526 763 5565 cum
809 5527 914 5567 non
947 5514 1048 5569 hoc
1079 5514 1321 5580 facimus,
1353 5528 1478 5572 tunc
1515 5521 1747 5577 maxime
1777 5522 1861 5576 in-

266 5597 534 5669 dignatur.
584 5601 722 5656 Audi
765 5603 923 5674 igitur
947 5607 1070 5674 quid
1115 5607 1316 5664 Judmis
1343 5609 1581 5677 objiciat,
1626 5611 1859 5669 dicens:

274 5685 484 5744 Fecistis
505 5691 796 5755 consilium,
822 5705 868 5748 et
904 5713 1002 5749 non
1035 5715 1123 5766 per
1147 5716 1262 5761 me;
1288 5711 1333 5752 et
1371 5713 1536 5768 pacta.
1569 5712 1618 5757 et
1644 5720 1744 5756 non
1777 5722 1865 5772 per

273 5780 498 5846 spiritum
540 5800 706 5838 meum
765 5783 897 5854 (lsa.
959 5787 1044 5842 50.
1082 5788 1157 5861 Ι).
1191 5788 1333 5845 Talis
1384 5790 1523 5846 cnim
1571 5795 1860 5849 amantium

1937 485 2270 538 consuetudo
2301 505 2314 538 :
2343 488 2519 542 omnia
2548 488 2912 544 adamaturqu
2954 491 3163 559 negotia
3194 506 3286 558 per
3313 507 3371 546 se
3413 493 3524 546 ﬁeri

1940 585 2138 639 votunt,
2167 589 2218 630 et
2255 576 2370 631 sine
2395 593 2454 632 se
2479 579 2595 633 illos
2620 595 2790 650 neque
2816 581 2994 636 facere
3019 583 3329 653 quidquam,
3359 600 3530 652 neque

1937 668 2136 722 dicere.
2162 668 2447 738 Propterea
2473 680 2526 725 et
2553 672 2691 726 Dens
2717 690 2823 727 non
2852 674 2938 729 hic
2961 686 3188 742 tantum,
3207 675 3299 731 sed
3325 686 3379 731 et
3405 676 3529 730 alibi

1940 759 2077 814 idem
2106 775 2293 815 rursus
2321 762 2655 830 exprobrans
2681 743 2891 821 dicebat
2919 784 2932 818 :
2961 764 3338 838 Regnaverant.
3362 776 3407 820 et
3432 784 3534 820 non

1946 862 2037 914 per
2054 862 2134 899 me
2150 861 2171 896 :
2187 849 2539 913 imperaverim
2552 857 2590 908 t,
2610 857 2658 901 et
2683 864 2785 902 non
2807 851 3236 918 signiﬁcaverunt
3253 843 3381 908 mihi
3398 853 3498 926 (Os
3515 893 3531 909 .

1947 935 1998 989 8.
2016 937 2093 1005 4).
2114 934 2189 989 Ne
2208 935 2697 1006 igiturtorpeamus
2714 941 2970 997 continue
2982 945 3046 998 ad
3068 943 3246 1013 ipsum
3265 946 3532 1018 confuge-

1949 1042 2026 1088 re,
2044 1030 2252 1092 etquod
2273 1044 2438 1096 grave
2451 1028 2865 1088 fuerit.omnino
2879 1037 3176 1088 remedium
3191 1038 3525 1092 conveniens

1944 1127 2188 1192 accipiet.
2241 1123 2452 1180 Terruit
2500 1121 2706 1178 homo?
2730 1139 2888 1182 curre
2930 1123 2997 1180 ad
3023 1140 3312 1196 supernum
3354 1125 3536 1181 Domi-

1946 1229 2094 1279 num,
2134 1222 2190 1268 et
2236 1214 2309 1268 nil
2352 1230 2513 1286 grave
2563 1216 2784 1284 patieris
2816 1233 2832 1270 :
2860 1217 2938 1270 sic
2978 1217 3176 1286 antiqui
3207 1218 3538 1272 calamitates

1945 1304 2277 1369 avertebant,
2325 1319 2430 1359 non
2477 1313 2680 1360 tantum
2729 1307 2846 1370 viri,
2895 1307 2988 1361 sed
3019 1318 3072 1361 et
3103 1309 3372 1362 mulieres.
3421 1307 3541 1363 Fuit

1947 1397 2190 1466 quaedam
2224 1400 2413 1454 mulier
2434 1398 2680 1466 llebrzea,
2711 1401 2902 1456 Esther
2923 1402 3176 1456 nomine:
3208 1403 3320 1457 hate
3349 1404 3531 1458 Esther

1950 1490 2254 1543 univcrsmn
2299 1491 2604 1545 Judazorum
2647 1493 2900 1560 populum
2955 1493 3319 1549 internecione
3359 1495 3535 1549 delen-

1948 1579 2074 1634 dum
2105 1580 2183 1635 sic
2210 1581 2420 1651 eripuit.
2469 1582 2753 1652 P05tquam
2780 1584 3061 1658 Persarum
3091 1602 3182 1640 rex
3212 1602 3399 1641 omnes
3425 1602 3544 1655 pas-

1950 1676 2049 1729 sim
2077 1673 2291 1730 Judmos
2317 1664 2548 1729 interimi
2573 1675 2753 1744 jussit,
2786 1691 2906 1730 cum
2933 1677 3109 1730 nullus
3134 1689 3276 1732 esset
3303 1680 3390 1747 qui
3418 1693 3544 1730 cun-

1952 1774 2031 1821 tra
2051 1768 2184 1820 iram
2204 1767 2342 1820 illius
2358 1767 2618 1821 obsistere
2641 1779 2837 1835 posset,
2861 1768 3277 1837 splendidiorem
3297 1773 3543 1825 vesntum

1951 1868 2108 1915 exuta
2156 1859 2368 1924 mulier,
2399 1867 2450 1912 et
2480 1873 2635 1914 sacco
2661 1860 2883 1925 amicta,
2915 1871 2968 1915 et
3011 1862 3194 1916 cinere
3232 1863 3501 1917 substrato
3530 1906 3544 1928 ,
3594 1910 3605 1917 .

1953 1951 2147 2005 divina:
2193 1951 2490 2005 dementire
2536 1951 2884 2019 supplicabat,
2938 1962 2993 2006 ut
3039 1969 3220 2007 secum
3253 1955 3315 2007 ad
3369 1972 3545 2026 regem

1955 2041 2341 2110 ingrederetur,
2377 2051 2428 2094 et
2460 2042 2574 2094 haec
2601 2043 3154 2110 prerabatur:(.‘rota,
3202 2045 3432 2106 Domine.
3467 2053 3547 2119 [ac

1954 2131 2102 2183 verba
2133 2148 2262 2194 mea,
2296 2141 2340 2186 et
2363 2133 2430 2185 da
2455 2149 2732 2186 sermonem
2764 2143 3000 2188 ornatum
3026 2136 3076 2188 in
3106 2152 3160 2188 os
3189 2155 3350 2190 meum
3373 2136 3546 2207 (Estlt.

1956 2223 2042 2278 M.
2071 2224 2180 2294 l5).
2210 2224 2332 2279 Iliec
2355 2234 2409 2278 ct
2438 2239 2532 2288 pro
2559 2226 2811 2294 magistro
2837 2241 2935 2280 nos
2957 2242 3096 2282 nunc
3126 2229 3287 2283 Deum
3312 2245 3546 2284 oremus.

1955 2315 2008 2372 Si
2055 2318 2198 2371 enim
2248 2317 2442 2370 mulier
2491 2331 2588 2386 pro
2631 2317 2833 2372 ludatis
2877 2319 3185 2388 supplicans
3216 2320 3550 2374 barbaricum

1956 2409 2207 2464 cohibere
2253 2408 2486 2464 furorem
2516 2412 2684 2480 potuit
2718 2430 2731 2466 :
2763 2412 2929 2466 multo
2959 2414 3126 2482 magis
3155 2413 3344 2468 doctor
3371 2426 3550 2469 nuSIer

1959 2516 2055 2569 pro
2085 2511 2227 2556 tanta
2257 2501 2491 2568 civitate,
2521 2487 2577 2557 et
2606 2519 2724 2579 cum
2756 2514 2897 2558 tanta
2925 2505 3160 2560 Ecclesia
3203 2508 3550 2576 supplicans,

1958 2595 2394 2664 benignissimum
2424 2605 2477 2648 et
2507 2595 2847 2652 mitissimum
2880 2597 3021 2653 hunc
3050 2597 3426 2667 Imperatorem
3455 2600 3524 2655 lle

1957 2698 2100 2740 cterc
2143 2689 2352 2756 poterit.
2391 2685 2445 2741 Si
2483 2687 2624 2740 enim
2669 2699 2886 2756 peccata
2918 2689 2968 2741 in
2999 2689 3161 2742 Deum
3193 2690 3431 2744 solvendi
3463 2706 3546 2759 po-

1960 2786 2205 2833 testatem
2253 2780 2480 2848 accepit,
2514 2779 2680 2832 nudto
2708 2781 2879 2849 magis
2927 2780 2979 2834 in
3027 2780 3299 2835 hominem
3349 2792 3552 2850 patrata

1959 2875 2233 2928 destruere
2260 2883 2312 2928 et
2341 2873 2522 2928 delere
2570 2874 2783 2941 poterit.
2821 2873 3072 2942 Princeps
3097 2883 3178 2929 est
3206 2875 3290 2928 hic
3318 2891 3551 2944 quoque,

1957 2976 2011 3020 et
2037 2967 2249 3035 quidem
2295 2967 2388 3019 illo
2431 2965 2741 3019 honoratior
2771 2967 2832 3019 ‘z
2879 2967 3076 3021 etenim
3127 2968 3297 3036 ipsum
3349 2969 3553 3038 regium

1959 3067 2116 3129 caput
2163 3074 2329 3113 sacra:
2361 3058 2506 3127 leges
2555 3058 2784 3112 ferentes
2819 3059 2971 3125 hujus
3022 3059 3266 3113 manibus
3314 3061 3555 3129 subjeee-

1959 3161 2082 3204 runt
2115 3169 2127 3203 :
2155 3160 2208 3202 et
2252 3150 2464 3217 quando
2494 3149 2693 3218 aliquid
2727 3149 2849 3203 boni
2887 3140 3100 3204 ett-litus
3127 3152 3430 3220 requiritur,
3464 3169 3552 3206 rex

1959 3243 2023 3296 ad
2055 3242 2409 3304 sacerdotem,
2446 3258 2548 3295 non
2577 3241 2823 3296 sacerdos
2852 3242 2918 3295 ad
2947 3257 3124 3312 regem
3156 3244 3444 3311 confugere
3471 3260 3555 3295 so-

1962 3337 2084 3389 litus
2115 3346 2214 3388 est.
2243 3335 2411 3389 Ilabet
2443 3334 2526 3388 hic
2554 3351 2764 3404 quoque
2798 3335 3017 3403 jue,.titi;e
3049 3335 3288 3396 loricam.
3321 3336 3476 3390 habet
3503 3347 3552 3390 et

1959 3427 2227 3495 cingulum
2271 3425 2531 3491 veritatis,
2584 3425 2744 3479 habet
2771 3437 2822 3480 et
2852 3426 3208 3481 calceamenta
3260 3431 3426 3482 multo
3457 3428 3554 3481 hu-

1963 3517 2197 3572 nestiora
2222 3517 2287 3582 ab
2317 3515 2593 3585 evangelio
2636 3517 2779 3586 pacis
2811 3535 2824 3570 :
2859 3516 3019 3571 habet
3061 3528 3115 3573 et
3144 3518 3404 3588 gladium,
3452 3535 3554 3572 nuo

1960 3626 2026 3664 ex
2046 3610 2205 3672 ferro,
2231 3607 2322 3663 sed
2350 3610 2599 3677 spiritus:
2624 3609 2776 3664 habet
2803 3618 3125 3663 etcorunam
3156 3611 3312 3678 capiti
3339 3610 3557 3678 imposi-

1963 3711 2088 3755 tam.
2108 3699 2448 3768 Splendidior
2471 3702 2582 3753 lucc
2604 3709 2899 3766 armatura,
2923 3701 3234 3769 pretiosiora
3258 3701 3371 3753 hate
3387 3717 3555 3765 arma,

1960 3792 2132 3859 major
2161 3791 2372 3856 ﬁducia,
2415 3791 2585 3860 major
2628 3792 2726 3843 vis.
2780 3792 2961 3860 Itaque
2991 3801 3044 3844 et
3089 3806 3186 3860 pro
3233 3791 3559 3860 principatus

1962 3885 2339 3956 magnitudine,
2375 3894 2425 3939 et
2452 3883 2664 3952 propria
2711 3885 3163 3952 magnanimitate,
3190 3895 3242 3937 et
3281 3895 3403 3936 ante
3436 3885 3557 3938 reli-

1961 3993 2062 4048 qua
2084 3977 2282 4041 omnia,
2315 3991 2411 4044 pro
2441 3979 2588 4028 firma
2620 3974 2671 4028 in
2697 3976 2859 4029 Deum
2886 3990 3001 4043 spe,
3031 3991 3150 4028 eum
3174 3975 3340 4028 multa
3370 3974 3556 4029 ﬁducia

1961 4081 2014 4126 et
2046 4071 2322 4138 prudentia
2355 4067 2734 4138 Imperatorem
2763 4068 3083 4136 alloquetur.

2034 4163 2085 4218 5.
2116 4162 2192 4216 No
2225 4159 2474 4231 igituwﬂe
2504 4159 2674 4213 salute
2703 4168 2882 4212 nostra
2914 4159 3282 4227 desperemus,
3309 4157 3402 4211 sed
3435 4174 3561 4225 sup-

1963 4257 2238 4326 plicemus,
2269 4269 2570 4324 precemur,
2601 4265 2861 4321 petamus,
2892 4267 3130 4310 oremus,
3161 4251 3224 4304 ad
3271 4267 3557 4318 supernum

1963 4349 2159 4417 Regem
2206 4346 2386 4400 multis
2430 4361 2550 4399 cum
2598 4343 2849 4414 laerymis
2892 4343 3210 4413 legationem
3241 4343 3554 4396 mittamus:

1965 4443 2221 4497 habemus
2261 4451 2314 4494 et
2337 4439 2596 4509 jejunium
2647 4438 2747 4492 hoc
2772 4452 3093 4506 coopet‘ans,
3124 4435 3176 4488 in
3208 4435 3309 4490 hac
3340 4436 3558 4504 pulchra

1963 4535 2226 4606 legatione
2257 4534 2410 4588 nobis
2437 4533 2737 4587 adhairens.
2765 4532 2910 4586 Sicut
2941 4531 3116 4600 itaque
3146 4531 3410 4598 praeterita
3457 4528 3562 4584 bic-

1961 4643 2067 4689 me,
2095 4635 2148 4680 et
2177 4636 2362 4679 aestate
2389 4615 2697 4694 apparentc,
2728 4632 2885 4675 nauta
2915 4622 3089 4676 navim
3123 4623 3172 4675 in
3219 4637 3364 4675 mare
3393 4621 3560 4675 dedu-
3585 4615 3593 4629 ί

1962 4719 2054 4779 cit,
2087 4719 2242 4770 miles
2267 4731 2413 4769 arma
2443 4716 2704 4784 deterget,
2734 4729 3038 4784 equumque
3068 4713 3132 4766 ad
3160 4713 3354 4767 bellum
3391 4723 3556 4782 parat,

1963 4811 2194 4879 agricola
2238 4809 2382 4862 acuit
2425 4807 2634 4871 falcem,
2669 4809 2839 4862 viator
2869 4807 3076 4861 ﬁducia!
3110 4807 3299 4875 plenus
3349 4808 3561 4877 longum

1965 4903 2065 4956 iter
2101 4901 2428 4971 aggreditur,
2472 4909 2525 4953 ct
2573 4899 2638 4954 ad
2681 4901 2971 4953 certamina
3006 4900 3144 4968 pugil
3193 4899 3562 4966 cxspuliatur,

1963 5011 2127 5065 seque
2170 4993 2404 5049 denudat
2438 5012 2449 5046 :
2483 4993 2561 5048 sic
2604 5003 2658 5046 et
2702 5009 2800 5048 nos
2821 4993 3024 5062 jejunio
3077 5005 3345 5062 tamquam
3379 5005 3564 5049 :ttstntc

1962 5087 2190 5156 quadam
2213 5087 2471 5156 Spirituali
2489 5097 2798 5155 apparente,
2827 5097 2883 5140 ct
2905 5100 3050 5140 arma
3073 5094 3342 5156 tamquam
3372 5087 3562 5141 milites

1963 5183 2348 5250 abstergamus,
2397 5178 2583 5233 falcem
2634 5194 2886 5232 acuamus
2919 5188 3187 5248 tamquam
3215 5181 3483 5249 agricolm,
3513 5192 3562 5234 ct

1966 5284 2234 5343 tamquam
2293 5283 2469 5327 nauta:
2532 5283 2717 5327 contra
2790 5272 3143 5327 absurdarum
3212 5275 3562 5342 cupiditatum

1967 5367 2158 5423 flictus
2188 5369 2538 5437 cogitationes
2580 5383 2935 5437 opponamns,
2980 5377 3032 5422 et
3076 5383 3175 5423 ceu
3223 5370 3454 5422 v'alores
3497 5369 3563 5420 ad

1961 5459 2152 5517 cwlum
2182 5461 2284 5516 iter
2310 5462 2662 5525 instituamus,
2695 5471 2748 5516 et
2774 5463 2921 5532 quasi
2952 5463 3155 5531 pugiles
3179 5461 3246 5516 ad
3273 5463 3562 5515 certamina

1969 5551 2261 5624 spcliemur
2290 5572 2305 5617 ;
2337 5554 2506 5608 ﬁdelis
2534 5556 2675 5608 enim
2702 5562 2758 5610 et
2784 5555 3036 5624 agricola,
3061 5563 3114 5608 et.
3142 5555 3488 5624 gubernator,
3512 5565 3560 5609 et

1969 5646 2142 5713 miles,
2175 5657 2228 5702 ct
2252 5646 2471 5714 athleta,
2497 5655 2548 5702 et
2572 5647 2743 5702 viator
2767 5657 2866 5701 est.
2900 5647 3103 5702 Idcirco
3133 5645 3330 5701 Paulus
3354 5662 3566 5716 quoque

2043 5804 2177 5865 Post,
2240 5799 2527 5863 honoratior,
2545 5803 2736 5867 quidam
2775 5802 2970 5863 addunt,
3005 5809 3048 5853 ct
3072 5800 3224 5868 magis
3251 5801 3540 5851 timendos
