4196 6316
650 353 712 408 5!

651 462 782 517 dicit
808 481 822 518 :
847 462 968 519 Non
997 473 1071 518 est
1114 460 1257 516 nobis
1286 454 1424 516 lucta
1460 460 1699 513 adversus
1734 457 2032 527 sanguinem
2055 464 2104 509 et
2130 472 2242 509 car-

653 569 788 621 κιαι,
817 556 907 610 σαι
922 549 1161 608 πάνετεκέ
1191 553 1498 623 principatus
1522 558 1569 605 et
1591 543 1856 617 potestates
1883 564 1904 604 :
1927 549 2121 603 induite
2146 548 2244 619 igi-

654 657 739 700 tur
766 658 1080 701 maturam
1108 646 1200 699 Dei
1242 643 1454 716 (Ephes.
1486 642 1540 697 6.
1572 641 1684 712 12).
1730 640 1915 695 Vidisti
1937 641 2245 695 athletam?

654 736 834 791 vidisti
864 736 1131 791 militem?
1158 735 1213 790 Si
1243 732 1442 787 athleta
1474 745 1554 796 es,
1602 730 1800 785 nudum
1848 731 1898 784 in
1926 740 2195 785 certamen
2227 732 2241 762 '

656 838 711 883 te
738 827 1067 891 descendere
1090 820 1335 896 oportet;
1368 826 1410 879 si
1435 824 1609 890 miles,
1634 832 1893 877 armatum
1922 821 1986 875 ad
2016 838 2244 892 pugnam

654 920 954 975 consistere
979 933 1199 973 necesse
1227 926 1349 973 est:
1379 915 1645 988 quomodo
1682 916 1842 985 igitur
1884 914 1999 970 haec
2023 924 2246 985 utraque

660 1011 821 1065 simul
848 1025 969 1065 esse
1012 1010 1238 1081 possint,
1269 1019 1324 1063 et
1365 1007 1567 1062 nudum
1595 1021 1739 1072 esse,
1766 1016 1821 1062 et
1864 1022 1971 1061 non
2003 1007 2242 1061 nudum:

654 1108 714 1156 ct
757 1099 1019 1160 indutum.
1065 1109 1120 1155 et
1165 1114 1273 1154 non
1318 1096 1746 1164 indutuleuo
1789 1098 2002 1153 tandem
2044 1096 2240 1152 modo’

654 1206 758 1261 ego
786 1192 980 1247 dicam.
1012 1192 1167 1246 Exue
1194 1192 1316 1244 vita:
1361 1190 1594 1259 negotia,
1623 1200 1677 1245 et
1706 1190 1902 1246 athleta
1948 1188 2115 1243 factus
2140 1201 2201 1244 es
2232 1211 2247 1247 :

658 1281 823 1338 indue
861 1296 1008 1336 arma
1056 1280 1372 1351 spiritualia,
1419 1288 1473 1334 et
1516 1279 1684 1333 iactus
1707 1279 1961 1334 esmilcs.
1994 1278 2245 1348 Teipsum

658 1373 780 1426 vita:
824 1373 968 1427 curis
1010 1370 1260 1436 denuda;
1311 1370 1467 1425 luctas
1506 1361 1649 1425 enim
1686 1378 1893 1440 tempus
1921 1377 2005 1424 est
2044 1386 2059 1423 :
2098 1384 2245 1423 arma

656 1459 875 1530 spiritus
920 1459 1114 1525 indue;
1145 1460 1341 1515 bellum
1385 1460 1527 1534 enim
1568 1459 1727 1514 nobis
1762 1467 1951 1513 contra
1973 1458 2248 1514 daemones

654 1551 943 1607 conﬂatum
971 1560 1057 1607 est
1082 1566 1263 1622 grave.
1309 1550 1600 1620 Pmpterea
1627 1560 1681 1605 et
1720 1550 2064 1606 nudum‘esse
2086 1566 2248 1621 opor-

657 1650 753 1706 tet,
787 1650 843 1696 ut
869 1642 1069 1698 nullam
1098 1641 1312 1697 diabolo
1343 1642 1616 1697 nobiscum
1643 1641 1863 1696 luctanti
1891 1656 2077 1696 ansam
2107 1658 2245 1709 pra--

660 1732 902 1801 beamus,
951 1741 1007 1789 et
1059 1733 1291 1804 undique
1346 1733 1564 1799 armari,
1614 1740 1675 1787 ut
1722 1747 1981 1803 nusquam
2034 1733 2247 1788 letalem

656 1827 866 1897 plagam
888 1826 1238 1895 accipiamus.
1264 1824 1484 1901 .Excole
1525 1823 1759 1878 animam
1789 1833 1956 1890 tuam,
1985 1833 2037 1879 et
2067 1825 2249 1894 spinas

658 1911 847 1981 excide
870 1932 885 1971 :
906 1917 1110 1972 semina
1128 1916 1346 1970 verbum
1372 1916 1605 1985 pietatis,
1626 1914 1880 1985 pulchras
1893 1915 2249 1986 philosophia:

659 2008 869 2079 plantas
910 2009 1104 2074 insere,
1135 2016 1192 2064 et
1218 2023 1337 2063 cum
1382 2008 1549 2062 multa
1580 2006 1850 2077 diligentia
1880 2007 2167 2076 repastina.
2195 2017 2250 2062 et

654 2100 885 2170 agricola
917 2100 1088 2156 factus
1115 2116 1196 2167 es,
1242 2100 1441 2170 tibique
1470 2099 1613 2155 dicet
1638 2099 1834 2153 Paulus
1864 2117 1877 2153 :
1910 2098 2249 2153 Laborantem

652 2192 929 2261 agricolam
977 2199 1173 2262 oportet
1214 2190 1431 2262 primum
1472 2192 1664 2262 fructus
1692 2190 1949 2261 percipere
1987 2188 2063 2260 (2.
2111 2188 2246 2256 Tini.

660 2282 716 2335 ἓ.
746 2281 824 2354 6).
873 2283 1021 2337 Hanc
1058 2291 1112 2336 ct
1140 2283 1254 2351 ipse
1300 2288 1469 2335 artem
1499 2280 1761 2336 tractabat
1791 2296 1806 2333 :
1836 2279 2037 2334 idcirco
2064 2272 2249 2334 Corin.

661 2372 788 2427 thiis
834 2373 1075 2427 scribens
1098 2371 1309 2426 dicebat
1338 2389 1351 2426 :
1383 2369 1494 2442 Ego
1522 2369 1766 2439 plantavi,
1811 2368 1993 2438 Apollo
2027 2369 2247 2439 rigavit,

657 2464 794 2518 Deus
834 2474 1001 2518 autem
1041 2464 1401 2517 incrementum
1430 2462 1568 2515 dedit
1612 2459 1690 2531 (1.
1743 2459 1863 2515 Cor.
1892 2460 1946 2515 ὅ.
1979 2457 2059 2531 6).
2105 2463 2252 2517 Acue

659 2554 851 2609 falcem
875 2564 1046 2619 tuam,
1083 2567 1241 2624 quam
1270 2567 1369 2622 per
1390 2551 1660 2621 crapulam
1690 2549 1973 2615 hebetasti,
1998 2565 2133 2606 acue
2156 2565 2253 2621 per

655 2645 933 2715 jejunium,
955 2643 1244 2715 aggredere
1269 2645 1370 2698 iter
1398 2643 1449 2697 in
1474 2642 1663 2697 ctelum
1696 2642 1894 2709 ferens,
1922 2656 2166 2711 asperam
2190 2652 2245 2698 et

662 2746 939 2806 angustam
976 2736 1119 2789 viam
1162 2734 1363 2804 attinge
1390 2740 1445 2788 et
1486 2733 1718 2787 ambula.
1749 2732 2029 2799 Quomodo
2073 2744 2249 2788 autem

662 2826 863 2897 poteris
907 2834 961 2879 et
990 2825 1252 2895 attingere
1296 2833 1352 2879 et
1393 2822 2021 2894 ambulare?Castigans
2059 2839 2252 2893 corpus

658 2925 888 2978 tuum,et
911 2914 962 2967 iu
980 2913 1288 2969 servitutem
1315 2911 1565 2982 redigens
1590 2930 1601 2965 :
1626 2912 1711 2966 ubi
1734 2913 1874 2967 enim
1896 2913 1979 2966 via
2008 2924 2251 2983 angusta,

658 3022 907 3077 magnum
938 3006 1375 3076 impedimentum
1392 3015 1475 3060 est
1490 3006 1666 3060 carnis
1681 3020 1745 3060 ex
1761 3008 1974 3075 crapula
1996 3006 2248 3062 obesitas.

658 3098 931 3153 Absurdas
963 3098 1130 3153 undas
1153 3097 1703 3167 concupiscentiarum
1752 3098 2009 3167 reprime,
2052 3100 2253 3167 repelle

659 3190 1020 3261 improbarum
1079 3189 1313 3245 hiemem
1351 3189 1748 3259 cogitationum,
1780 3203 1932 3243 serva
1956 3190 2246 3259 navigium,

657 3283 876 3338 multam
903 3282 1124 3337 ostende
1145 3282 1411 3352 peritiam,
1436 3290 1489 3337 et
1514 3280 1686 3337 iactus
1710 3296 1773 3337 es
1791 3283 2112 3351 gubernator
2132 3269 2179 3334 ’⁸.

728 3372 933 3429 Horum
975 3381 1155 3427 autem
1202 3373 1440 3427 omnium
1484 3372 1637 3426 nobis
1665 3372 1883 3427 materia
1916 3370 2175 3441 jejunium
2202 3380 2256 3426 et

660 3464 916 3533 magister
944 3472 1049 3529 est,
1087 3462 1348 3533 jejunium
1379 3472 1555 3518 autem
1587 3462 1708 3517 dico
1735 3476 1839 3517 non
1870 3463 1971 3517 hoc
1998 3462 2213 3532 vulgare
2237 3504 2252 3531 ,

658 3554 751 3611 sed
779 3564 1083 3610 accuratum
1106 3553 1369 3624 jejunium
1403 3568 1547 3608 :non
1580 3562 1781 3607 tantum
1822 3553 2061 3608 ciborum
2086 3553 2254 3606 absti-

663 3645 924 3710 nentiam,
950 3645 1043 3700 sed
1071 3657 1125 3701 et
1146 3654 1484 3716 peccatorum
1517 3663 1531 3700 :
1560 3660 1665 3700 non
1692 3645 1835 3699 enim
1856 3644 2041 3715 jejunii
2065 3653 2251 3698 natura

660 3738 965 3809 jejunantes
992 3753 1183 3793 eruere
1228 3740 1389 3804 valet,
1436 3738 1535 3792 nisi
1567 3753 1800 3808 congrua
1826 3754 1947 3793 cum
1979 3739 2095 3806 lege
2144 3739 2252 3791 liat.

669 3830 875 3885 Etenim
919 3830 1138 3896 athleta,
1187 3830 1379 3899 inquit,
1429 3828 1549 3882 Non
1578 3844 1871 3894 coronatur,
1918 3830 2013 3881 nisi
2042 3828 2257 3897 legitime

663 3922 923 3976 certauerit
952 3920 1027 3991 (2.
1065 3920 1200 3975 Tim.
1230 3922 1282 3975 2.
1321 3920 1400 3992 5).
1432 3918 1509 3975 Ne
1535 3919 1695 3991 igitur
1723 3919 1863 3973 inter
1881 3920 2068 3989 jejunii
2113 3918 2255 3973 labo-

663 4030 777 4069 rem
802 4031 832 4068 a
854 4013 1043 4084 jejunii
1074 4028 1271 4069 corona
1298 4012 1630 4079 excidamus,
1658 4011 1925 4065 discamus
1954 4012 2179 4081 qualiter
2204 4023 2257 4066 et

663 4105 933 4177 quomodo
976 4104 1280 4174 hujusmodi
1336 4105 1604 4170 negotium
1654 4110 1881 4157 tractare
1924 4104 2255 4159 debeamus:

666 4197 917 4266 quoniam
947 4207 1002 4251 et
1031 4195 1333 4251 Pharismus
1378 4194 1469 4249 ille
1489 4194 1771 4264 jejunavit,
1823 4194 1917 4248 sed
1965 4204 2085 4262 post
2120 4194 2253 4261 jeju-

669 4290 814 4343 nium
845 4287 971 4342 illud
1009 4286 1288 4343 descendit
1315 4287 1508 4349 inanis,
1535 4295 1591 4339 et
1630 4284 1816 4353 jejunii
1863 4284 2121 4339 fructibus
2165 4300 2256 4337 va-

667 4396 801 4435 cuus
828 4397 843 4434 :
874 4379 1186 4449 publicanus
1216 4364 1325 4433 nati
1347 4376 1623 4447 jejunavit,
1668 4386 1722 4431 et
1767 4377 2091 4431 Pharisaaum
2114 4376 2257 4447 jeju-

667 4480 883 4527 nantem
911 4471 1180 4541 praecessit
1227 4485 1332 4525 non
1359 4468 1609 4539 jejunans
1647 4468 1797 4537 (Luc.
1841 4469 1926 4523 l8.
1961 4469 2175 4541 lO-H),
2206 4478 2262 4523 ιιι

668 4565 846 4618 discas
871 4563 1009 4633 quod
1035 4562 1221 4633 jejunii
1247 4560 1446 4616 utilitas
1471 4560 1635 4620 nulla,
1662 4561 1759 4613 nisi
1783 4571 1838 4615 et
1861 4561 2060 4632 reliqua
2081 4562 2259 4617 omnia

668 4665 1085 4727 consequantur.
1128 4677 1145 4689 ι

737 4748 937 4820 Jejunii
962 4748 1155 4801 utilitas
1180 4746 1343 4811 nulla,
1377 4746 1473 4800 nisi
1492 4763 1523 4798 a
1548 4746 1678 4799 vitiis
1704 4746 2139 4801 abstineamus.--
2166 4747 2261 4802 Je-

665 4842 987 4909 junaverunt
1005 4837 1274 4903 Ninivitae,
1294 4846 1348 4892 et
1369 4838 1460 4891 Dei
1483 4836 1903 4891 misericordiam
1924 4837 2258 4893 elicuerunt:
2308 4838 2311 4841 ’

665 4931 1043 5002 jejunaverunt
1065 4939 1118 4985 et
1146 4928 1317 4984 Judmi
1337 4970 1354 4995 ,
1382 4937 1437 4983 et
1460 4927 1591 4983 nihil
1618 4926 1991 4997 profecerunt,
2024 4929 2117 4984 sed
2148 4929 2264 4984 eul-

672 5024 783 5095 pati
820 5023 1086 5077 abierunt.
1131 5022 1265 5090 Quia
1306 5020 1464 5091 igitur
1505 5027 1709 5073 tantum
1737 5018 1924 5089 jejunii
1965 5020 2262 5089 periculum

670 5124 757 5172 est
803 5116 1163 5172 nescientibus
1204 5113 1471 5184 quomodo
1513 5112 1759 5182 jejunare
1800 5121 2051 5181 oportet,
2074 5113 2261 5183 jejunii

673 5210 817 5280 leges
840 5210 1143 5272 discamus,
1170 5221 1237 5262 ne
1262 5207 1313 5261 in
1343 5206 1600 5261 incertum
1632 5221 1909 5260 curramus
1930 5248 1942 5269 ,
1973 5222 2040 5260 ne
2086 5222 2262 5261 aerem

675 5303 1019 5357 verberemus
1039 5343 1054 5367 ,
1079 5316 1185 5355 neu
1232 5308 1529 5369 pugnantes
1556 5313 1677 5353 cum
1709 5300 1894 5353 umbra
1929 5298 2262 5353 dimicenms.

676 5394 930 5449 Medicina
976 5402 1060 5449 est
1096 5392 1399 5463 jejunium,
1441 5390 1534 5446 sed
1586 5390 1843 5446 medicina
1897 5391 2020 5445 licet
2072 5391 2265 5446 millies

675 5490 816 5545 utilis
840 5489 929 5553 sit,
958 5504 1053 5557 per
1078 5487 1272 5542 utentis
1301 5485 1623 5555 imperitiam
1647 5484 1845 5540 inutilis
1872 5499 2013 5552 sape
2037 5484 2115 5548 lit;
2144 5499 2264 5537 nam

679 5595 834 5637 nosse
877 5590 1089 5651 oportet
1129 5588 1182 5633 et
1227 5587 1435 5648 tempus
1474 5592 1580 5647 quo
1628 5577 1794 5646 ipsam
1836 5575 2089 5630 adhibere
2133 5590 2266 5645 Opus

744 5716 757 5746 ¹
797 5722 924 5779 Unus
949 5727 961 5762 :
990 5723 1039 5763 In
1061 5712 1289 5779 stadium.
1560 5770 1568 5779 Ι

742 5779 761 5806 ‘
797 5776 978 5840 Aliquot
1007 5785 1131 5833 λιες..
1157 5776 1450 5831 Gubernator
1469 5776 1695 5836 optimus.

1356 349 1415 406 S.
1454 347 1730 405 JOANNIS
1766 342 2242 403 CBllYSOSTOMI
2278 343 2597 400 ARCHIEP.
2637 338 3171 398 CONSTANI'INOP.
3871 344 3943 399 52

2352 455 2459 523 sit,
2491 464 2548 511 et
2594 454 2759 526 ipsius
2796 451 3166 509 medicamenti
3216 452 3563 521 quantitatem
3604 460 3657 508 et
3700 455 3941 523 corporis

2352 546 2694 616 temperiem,
2724 553 2779 600 et
2805 544 3039 615 regionis
3066 552 3307 611 naturam
3326 584 3343 610 ,
3374 553 3428 597 et
3455 544 3580 599 anni
3611 553 3853 614 tempus,
3886 555 3943 600 et

2350 651 2642 707 congruum
2667 636 2885 703 victum,
2906 646 2961 691 et
2987 634 3151 689 multa
3179 634 3280 693 alia
3305 649 3318 685 :
3342 648 3566 704 quorum
3596 635 3641 689 si
3670 635 3943 706 quodlibet

2353 730 2768 799 praetermissum
2807 727 3001 791 fuerit,
3042 726 3266 796 reliquis
3317 727 3566 782 omnibus
3591 769 3607 793 ,
3635 743 3753 798 quae
3799 729 3942 784 dicta

2350 830 2511 887 sunt,
2543 821 2772 875 nocebit.
2804 819 2860 875 Si
2895 828 3073 873 autem
3114 818 3199 873 ubi
3229 817 3440 888 corpori
3468 817 3667 872 mederi
3693 827 3942 887 oportet,

2353 923 2496 969 tanta
2522 914 2676 970 nobis
2701 930 2837 985 opus
2856 924 2939 970 est
2962 913 3233 983 diligentia
3262 932 3276 967 :
3305 912 3471 967 multo
3497 915 3665 982 magis
3684 929 3806 967 cum
3826 915 3945 967 ani-

2350 1021 2495 1061 mam
2531 1020 2779 1062 curemus
2801 1047 2816 1070 ,
2842 1014 2899 1061 et
2936 1003 3345 1076 cogitationibus
3388 1004 3700 1060 medeamur
3719 1044 3734 1069 ,
3761 1004 3943 1058 omnia

2350 1095 2597 1164 scrutari,
2623 1108 2677 1155 et
2704 1111 2826 1153 cum
2854 1095 3002 1152 omni
3032 1095 3315 1153 sedulitate
3341 1095 3684 1152 considerare
3720 1108 3947 1151 necesse

2350 1198 2453 1242 est.

2420 1282 2477 1334 4.
2498 1279 2784 1335 Videamus
2815 1279 2972 1351 igitur
2990 1279 3258 1349 quomodo
3280 1278 3525 1334 Ninivitte
3540 1278 3942 1355 jejunaverunt,

2350 1379 2406 1425 et
2430 1370 2697 1440 quomodo
2728 1370 2799 1424 ab
2825 1370 2915 1425 illa
2942 1369 3149 1425 liberati
3178 1380 3304 1425 sunt
3328 1370 3427 1425 ira.
3461 1368 3708 1423 Homines
3729 1411 3746 1436 ,
3778 1380 3826 1424 et
3845 1370 3944 1439 ju-

2352 1473 2536 1527 menta,
2556 1473 2752 1528 etoves,
2772 1462 2980 1518 etboves
2998 1479 3061 1518 ne
3085 1473 3359 1533 pascantur
3386 1461 3529 1535 (Jon.
3559 1462 3613 1517 5.
3641 1462 3717 1533 7),
3746 1461 3944 1532 inquit.

2351 1554 2489 1621 Quid
2531 1554 2700 1609 dicis?
2730 1554 2817 1609 die
2843 1553 3006 1620 mihi;
3034 1563 3090 1609 et
3129 1553 3283 1608 bruta
3312 1540 3579 1623 jejunant,
3602 1560 3658 1608 et
3682 1553 3813 1625 equi
3842 1569 3858 1607 :
3889 1562 3948 1608 et

2355 1648 2480 1701 muli
2522 1661 2678 1702 sacco
2727 1644 3065 1701 vestiuntur?
3093 1646 3263 1699 Etiam
3284 1687 3300 1714 ,
3332 1645 3503 1715 inquit
3532 1664 3547 1699 :
3573 1645 3713 1699 sicut
3751 1644 3900 1700 enim
3925 1685 3943 1711 ,

2352 1738 2513 1793 divite
2531 1738 2709 1809 aliquo
2737 1746 2967 1804 mortuo,
2988 1752 3092 1791 non
3120 1752 3303 1791 servus
3331 1738 3476 1793 solos
3504 1744 3559 1791 et
3582 1734 3822 1801 ancillas,
3845 1733 3947 1789 sed

2352 1840 2407 1883 et
2438 1843 2604 1899 equos
2643 1829 2932 1883 necessarii
2968 1841 3126 1883 sacco
3153 1827 3473 1882 amicientes
3493 1867 3509 1893 ,
3542 1836 3597 1881 et
3624 1824 3951 1896 agasonibus

2355 1921 2627 1976 tradentes
2649 1920 2717 1975 ad
2742 1920 3048 1991 sepulcrum
3075 1918 3224 1989 sequi
3248 1917 3460 1988 jubent,
3492 1915 3809 1972 calamitatis
3830 1930 3951 1969 ma-

2352 2013 2683 2082 gnitudinem
2709 2019 3039 2066 ostentantes
3060 2050 3078 2077 ,
3104 2019 3160 2065 et
3183 2024 3373 2065 omnes
3410 2008 3477 2063 ad
3523 2005 3948 2063 misericordiam

2354 2103 2647 2158 allicientes
2680 2121 2695 2158 :
2723 2103 2802 2157 sic
2844 2109 2898 2157 et
2935 2101 3150 2157 civitate
3198 2099 3289 2154 illa
3334 2099 3403 2154 de
3432 2098 3686 2153 extremis
3733 2097 3954 2167 pericli.

2355 2204 2533 2260 tante,
2564 2202 2621 2249 et
2662 2194 2871 2249 brutam
2915 2200 3159 2247 naturam
3207 2205 3364 2246 sacco
3406 2190 3859 2245 circumtexerunt
3895 2191 3969 2242 et'

2351 2287 2539 2357 jejunii
2557 2286 2685 2357 jugo
2705 2285 3068 2354 subjecerunt.
3094 2280 3209 2336 Non
3236 2282 3361 2336 licet
3380 2280 3551 2336 brutis
3571 2293 3821 2335 sermone
3848 2278 3949 2331 Dei

2356 2382 2490 2435 iram
2528 2379 2769 2443 discere,
2796 2377 3005 2431 discant
3049 2373 3224 2439 fame,
3257 2372 3400 2444 quod
3433 2387 3466 2426 a
3521 2371 3633 2427 Deo
3682 2369 3955 2441 inﬂigatur

2359 2474 2508 2543 plaga
2542 2489 2557 2527 :
2588 2471 2787 2525 etenim
2816 2468 2863 2523 si
2887 2469 3209 2531 dirueretur,
3234 2464 3419 2535 inquit,
3446 2463 3655 2529 civitas,
3676 2476 3794 2515 non
3827 2472 3947 2514 tau-

2358 2572 2469 2619 tum
2507 2562 2673 2617 nostri
2710 2559 3119 2615 inhabitantium
3144 2599 3159 2623 ,
3187 2555 3282 2610 sed
3324 2562 3380 2611 et
3417 2554 3611 2609 borum
3661 2566 3766 2607 una
3804 2562 3957 2606 esset

2355 2655 2652 2712 communis
2679 2653 2969 2723 sepultura.
3001 2651 3130 2717 Quae
3161 2649 3320 2720 igitur
3344 2662 3515 2718 pinna:
3555 2654 3759 2716 partem
3800 2643 3960 2697 babi-

2358 2760 2474 2804 tura
2503 2756 2662 2813 sunt,
2694 2760 2757 2800 ea
2780 2743 2968 2815 jejunii
2992 2756 3201 2813 quoque
3230 2750 3433 2809 partem
3459 2738 3693 2807 capiant.
3718 2734 3789 2791 Et
3806 2734 3957 2790 aliud

2356 2839 2607 2911 quiddam
2648 2847 2776 2893 tunc
2821 2835 3062 2890 fecerunt
3082 2874 3099 2900 ,
3128 2831 3269 2903 quod
3299 2839 3353 2886 et
3384 2827 3660 2899 prophetae
3699 2826 3906 2882 faciunt
3940 2844 3956 2880 :

2356 2932 2555 2986 etenim
2583 2929 2659 2983 illi
2684 2943 2805 2982 cum
2828 2926 3092 2995 ﬂagellum
3119 2922 3334 2993 aliquod
3363 2918 3695 2975 intolerabile
3714 2918 3782 2973 de
3804 2918 3962 2973 ctelis

2358 3021 2486 3077 ferri
2514 3021 2763 3084 viderint,
2788 3029 2946 3087 atque
2968 3016 3265 3087 puniendos
3292 3013 3409 3093 sine
3433 3010 3624 3067 ﬁducia
3651 3026 3792 3077 esse,
3814 3025 3959 3067 con-

2357 3115 2567 3170 fusione
2594 3114 2814 3184 plenos,
2847 3126 3021 3181 neque
3059 3108 3215 3163 venia
3256 3120 3432 3177 neque
3468 3104 3815 3160 excusatione
3840 3102 3959 3157 ulla

2356 3207 2566 3276 dignos,
2596 3219 2694 3259 nec
2717 3202 2949 3272 habeant
2974 3199 3101 3271 quid
3133 3199 3328 3254 iaciant
3346 3239 3363 3265 ,
3392 3210 3492 3251 nec
3521 3194 3665 3250 unde
3693 3193 3961 3250 condem-

2358 3302 2497 3355 natis
2525 3298 2799 3371 przebeant
2828 3294 3203 3366 patrocinium,
3229 3291 3295 3346 ad
3335 3290 3491 3345 bruta
3517 3288 3866 3357 confugiunt,
3904 3296 3965 3342 et

2359 3390 2571 3445 illorum
2611 3397 2837 3443 mortem
2876 3384 3252 3454 deplorantes,
3278 3396 3344 3437 ex
3386 3378 3471 3434 his
3508 3376 3960 3448 supplicationem

2358 3481 2559 3537 iaciunt
2579 3516 2598 3545 ν
2619 3478 2978 3535 miserabilem
2998 3485 3053 3530 et
3080 3477 3375 3530 luctuosam
3397 3473 3634 3543 ipsorum
3660 3469 3958 3543 perniciem

2359 3582 2739 3645 proponentes.
2768 3570 2902 3626 Cum
2930 3569 3090 3641 igitur
3108 3567 3278 3623 fames
3306 3566 3434 3621 olim
3454 3563 3671 3633 Judmos
3695 3577 3955 3632 compre-

2361 3669 2628 3724 hendisset
2657 3708 2673 3731 ,
2704 3675 2759 3721 et
2788 3666 2949 3719 multa
2992 3663 3263 3733 regionem
3310 3659 3524 3716 siccitas
3564 3666 3837 3729 premeret
3856 3698 3873 3723 ,
3899 3668 3962 3713 et

2360 3763 2538 3817 omnia
2573 3765 3016 3824 consumerentur
3046 3776 3058 3811 :
3087 3770 3227 3811 unus
3270 3753 3653 3825 prophetarum
3695 3750 3910 3805 dicebat
3943 3770 3957 3805 :

2364 3856 2668 3910 Resilierunt
2705 3856 2939 3924 juvenem
2978 3849 3118 3918 apud
3159 3848 3408 3917 praesepia
3435 3862 3527 3900 sua
3548 3887 3561 3910 ,
3592 3846 3837 3915 ﬂeverunt
3865 3860 3961 3896 ar-

2361 3958 2529 4003 menta
2556 3948 2725 4009 boum,
2747 3946 2983 4015 quoniam
3001 3959 3101 3996 non
3127 3949 3268 3994 erant
3287 3938 3701 4010 pascuammnia
3717 3939 3962 4007 jumenta

2362 4036 2855 4111 terrte‘respeaerunt
2901 4039 2967 4090 ad
3009 4047 3083 4099 te,
3112 4034 3349 4105 quoniam
3379 4034 3641 4087 exsiccata
3660 4041 3780 4085 sunt
3804 4031 3954 4085 emis.

2361 4138 2527 4191 siones
2553 4150 2800 4206 aquarum
2828 4131 2965 4202 (Joel
3024 4128 3231 4201 L17);
3263 4128 3401 4183 alter
3441 4142 3507 4181 ex
3547 4125 3787 4179 siccitate
3828 4135 3960 4178 nata

2362 4230 2499 4285 mala
2531 4229 2753 4300 lugens,
2782 4240 2995 4281 rursum
3041 4223 3118 4277 sic
3163 4222 3271 4277 fere
3315 4220 3485 4275 dicit:
3520 4218 3690 4273 Cerva:
3728 4217 3784 4270 in
3827 4232 3962 4285 agro

2364 4333 2746 4398 pepereruntct
2782 4321 3156 4392 dereliquerunt
3182 4359 3196 4383 ,
3228 4315 3469 4387 quoniam
3500 4329 3605 4367 non
3644 4320 3751 4366 erat
3768 4309 3962 4398 herba;

2376 4412 2561 4481 onagri
2579 4412 2630 4464 in
2649 4410 2872 4463 saltibus
2890 4408 3258 4468 substiterunt,
3278 4409 3613 4465 θηναίων-νηί
3636 4408 3844 4453 ventum
3867 4397 3949 4449 ai-

2379 4515 2469 4559 cut
2488 4504 2671 4557 draco:
2689 4501 2986 4573 defecerunt
3003 4502 3242 4572 ipsorum
3257 4495 3417 4558 oculi,
3434 4493 3685 4564 quoniam
3705 4509 3808 4547 non
3827 4488 3950 4549 erat

2380 4598 2575 4665 {mnum
2592 4593 2822 4662 (lenii.
2851 4594 2926 4663 5).
2952 4594 3240 4661 PrOpterea
3268 4601 3321 4645 et
3346 4590 3507 4642 hodie
3533 4586 3651 4641 Joel
3674 4586 3955 4640 dicentem

2380 4687 2630 4742 audistis:
2652 4685 2973 4757 Egrediatur
2992 4698 3213 4751 sponsus
3235 4699 3262 4735 e
3285 4679 3706 4740 cubiculosuo,et
3722 4691 3917 4744 sponsa
3931 4694 3962 4730 e

2384 4776 2616 4829 thalamo
2627 4782 3056 4844 suo,congrcgate
3072 4770 3303 4839 infantes
3319 4776 3558 4839 augentes
3570 4766 3729 4818 ubera
3746 4763 3801 4832 (1
3805 4764 3887 4817 oet
3899 4764 3961 4819 2.

2384 4867 2616 4938 16),Qua
2627 4868 2693 4923 de
2707 4863 3506 4932 causa,dicmihi,immaturam
3521 4867 3730 4918 natalem
3748 4857 3811 4910 ad
3828 4872 3967 4924 sup.

2367 4970 2708 5045 plicationem
2734 4961 2920 5038 vocat?
2943 4958 3133 5014 Nonne
3164 4959 3369 5008 certum
3398 4954 3480 5003 est
3518 4939 3659 5013 quod
3686 4940 3703 4970 ¹
3736 4944 3969 5039 propter

2367 5027 2615 5119 eamdem
2658 5034 2827 5129 ipsam
2870 5048 3123 5108 causam?
3150 5044 3411 5114 Quoniam
3454 5037 3598 5093 enim
3642 5027 3967 5129 omnes-viri

2372 5167 2526 5215 etate
2554 5119 2770 5225 perfecti
2793 5144 3245 5205 exacerbaverunt
3261 5137 3450 5195 Deum,
3465 5139 3520 5184 et
3544 5126 3609 5181 ad
3634 5119 3968 5225 iracundiam

2370 5212 2789 5308 concitaverunt,
2814 5240 2987 5302 Etas,
3013 5233 3202 5305 inquit,
3235 5236 3573 5298 peccatorum
3599 5230 3791 5308 expers
3824 5212 3971 5308 irato

2370 5342 2653 5412 supplicet.
2683 5306 3148 5391 Sedmtdicebam,
3176 5323 3452 5377 videamus
3473 5312 3598 5385 quid
3624 5306 3969 5412 tandemsit,

2373 5401 2510 5508 quod
2542 5428 2898 5488 inevitabilem
2927 5423 3068 5479 illam
3101 5421 3231 5474 iram
3258 5412 3521 5508 solverit:
3550 5422 3675 5508 num
3699 5401 3966 5508 jejunium

2374 5497 2545 5583 solum
2573 5536 2625 5580 et
2650 5520 2871 5578 saccus?
2888 5516 3253 5583 Nequaquam,
3273 5504 3367 5561 sed
3400 5500 3559 5556 totius
3573 5497 3695 5550 vitae
3718 5497 3975 5583 mutatio.

2375 5581 2528 5679 llude
2572 5617 2673 5670 hoc
2702 5581 3083 5665 manifestum?
3111 5581 3192 5657 λι)
3236 5598 3363 5669 ipsis
3403 5587 3729 5664 propheticis
3764 5582 3976 5637 verbis.

2444 5765 2457 5793 ι
2496 5767 2635 5808 Juxta
2656 5753 2875 5804 savilium
2891 5748 3157 5799 addidimus
3174 5754 3192 5791 ‘:
3218 5750 3373 5793 Nonne
3392 5739 3575 5787 certum
3600 5736 3667 5781 est
3691 5723 3839 5789 quint.
