4196 6316
159 452 219 506 ιε.

152 567 223 619 De
264 562 359 617 Dei
396 558 551 615 enim
596 557 681 611 ira
723 553 974 622 loquutus
1013 554 1068 599 et
1101 543 1310 596 illormn
1337 530 1542 605 jejunio
1569 524 1757 622 ,Aidem

149 652 587 711 conciliationem
619 658 679 702 et
702 636 1091 700 conciliationis
1109 646 1325 689 causam
1344 628 1551 685 dicens,
1569 620 1647 673 sic
1673 617 1727 671 in
1742 649 1754 657 .

149 708 292 818 quit,
321 742 387 797 Et
408 741 536 795 vidit
565 738 707 792 Deus
736 750 890 804 opera
910 732 1137 801 ipsorum
1158 722 1329 796 (Jona'
1356 719 1409 774 5.
1435 712 1544 818 10).
1574 708 1760 818 Qualia

375 833 519 905 quod
551 800 973 903 jejunav—eruut?
1001 818 1145 891 quod
1173 828 1390 871 saccum
1430 800 1762 863 induerunt?

153 896 301 995 Nihil
330 896 670 991 borum,'sed
702 922 816 975 hzrc
839 916 1017 971 omnia
1046 920 1228 966 tacens
1257 902 1433 960 intulit
1461 918 1474 953 :
1508 896 1763 966 Quoniam

153 1014 429 1077 conuersus
458 1029 533 1075 est
556 998 772 1090 rquisque
795 1029 827 1066 a
852 1012 945 1066 viis
972 1008 1077 1064 suis
1106 1002 1256 1059 malis
1281 1042 1298 1065 ,
1330 1008 1377 1053 et
1398 992 1629 1069 ρωηὶιιιίι
1655 987 1764 1042 Do-

151 1113 360 1166 minum
381 1107 532 1167 mali,
549 1080 835 1176 q'uod'tpsis
859 1115 913 1152 se
933 1099 1199 1168 facturum
1220 1091 1428 1144 dixerat
1445 1080 1737 1155 (Ib:).Cer-

155 1203 247 1257 nis
267 1199 418 1271 quod
436 1213 544 1251 non
564 1195 832 1265 jejunium
855 1187 1103 1258 periculo
1121 1182 1339 1252 eripuit,
1359 1180 1450 1232 seJ
1468 1176 1595 1229 vitae
1614 1188 1741 1224 mu-

152 1260 301 1347 tatio
312 1290 482 1344 Deum
497 1260 747 1341 barbaris
766 1282 1040 1352 placatum
1062 1284 1118 1330 et
1136 1272 1455 1328 benevolum
1475 1260 1741 1320 reddidit?

228 1377 430 1448 Jejunii
467 1391 589 1429 vera
621 1374 873 1426 ratio;--
899 1368 1027 1423 Haac
1074 1364 1183 1419 dixi
1209 1406 1223 1428 ,
1256 1377 1363 1417 non
1401 1368 1457 1413 ut
1500 1354 1763 1426 jejunium

156 1463 691 1529 contemnamus,sed
710 1471 765 1516 ut
775 1461 1035 1532 jejunium
1058 1457 1383 1511 honoremus
1400 1469 1417 1507 :
1437 1453 1609 1504 honor
1622 1445 1766 1501 enim

152 1558 351 1629 jejunii
380 1572 485 1611 non
512 1556 755 1610 ciborum
773 1552 1114 1615 abstinentia,
1138 1547 1233 1602 sed
1258 1553 1597 1615 peccatorum
1621 1537 1763 1606 fuga.

160 1626 237 1701 ita
269 1647 441 1717 utqui
467 1646 709 1701 ciborum
737 1640 1058 1698 abstinentia
1101 1628 1305 1692 tantum
1370 1631 1633 1704 jejunium
1673 1626 1770 1682 de-

159 1738 337 1802 ﬁniat,
363 1739 408 1792 is
430 1737 661 1791 maxime
685 1739 858 1803 ipsum
884 1723 1768 1803 vituperet.Jejunas‘idemonstra

162 1830 299 1883 mihi
347 1843 443 1897 per
468 1830 579 1897 ipsa
607 1802 791 1895 Opera.
822 1823 1005 1893 Qualia
1032 1864 1048 1888 ,
1079 1820 1277 1889 inquis.
1325 1802 1528 1887 Opera?
1554 1813 1609 1869 Si
1640 1826 1770 1881 pau-

162 1936 350 1991 perem
383 1920 601 1983 videris,
626 1920 883 1970 miserere
915 1933 927 1968 :
961 1914 1004 1967 si
1039 1914 1313 1967 inimicum
1345 1906 1563 1970 videris,
1588 1902 1771 1959 conci-

164 2012 303 2066 liare
331 2028 345 2064 :
377 2010 423 2064 si
451 2009 681 2063 amicum
710 2004 1048 2061 laudabiliter
1073 2014 1319 2071 agentem
1346 1998 1565 2063 videris,
1598 2011 1667 2050 ne
1696 1993 1769 2047 in-

161 2102 390 2157 videas:
422 2101 468 2156 si
510 2092 789 2153 mulierem
832 2095 1030 2151 videris
1077 2092 1376 2163 speciosam
1402 2130 1417 2155 ,
1452 2098 1765 2158 praetereas.

164 2192 283 2247 Non
313 2193 456 2247 enim
488 2206 560 2245 os.
581 2199 786 2244 tantum
810 2188 1016 2258 jejunet
1039 2228 1053 2251 ,
1081 2184 1175 2239 sed
1204 2193 1257 2237 et
1283 2182 1499 2246 oculus,
1532 2188 1587 2234 et
1613 2177 1770 2232 audi-

164 2296 252 2339 tus
284 2325 300 2350 ,
328 2270 385 2339 et
425 2282 588 2353 pedes
608 2324 622 2343 ,
655 2292 709 2336 et
739 2294 928 2333 manus
954 2319 970 2345 ,
1004 2286 1059 2332 et
1100 2276 1278 2330 omnia
1314 2273 1557 2342 corporis
1600 2268 1769 2325 nostri

166 2377 413 2431 membra
431 2374 695 2444 jejunent.
720 2371 974 2441 Jejunent
997 2385 1185 2423 manus
1207 2384 1237 2423 a
1267 2368 1449 2436 rapina
1478 2364 1768 2421 etavaritia

166 2467 383 2521 munda:
413 2467 694 2534 :jejunent
724 2463 886 2532 pedes
911 2461 975 2516 ad
1010 2461 1190 2514 illicita
1218 2458 1517 2529 spectacula
1551 2472 1768 2511 cursum

102 2568 103 2571 ‘
164 2559 523 2626 reprimentes
551 2573 564 2607 :
589 2555 835 2624 jejuuent
871 2552 1013 2606 oculi
1039 2551 1310 2605 discentes
1336 2563 1628 2618 numquam
1658 2548 1769 2599 for--

166 2649 334 2703 mosis
364 2646 637 2701 obtutibus
665 2644 891 2709 insilire,
923 2658 1021 2697 nec
1048 2642 1252 2696 alienas
1282 2639 1495 2693 curiose
1527 2636 1768 2706 pulchri-

166 2741 383 2795 tudines
438 2746 703 2807 spectare.
754 2733 916 2789 Cibus
960 2733 1102 2787 enim
1146 2731 1425 2786 oculorum
1462 2728 1766 2798 spectatio:

165 2833 257 2886 sed
305 2832 349 2885 si
396 2830 672 2900 illegitima
723 2828 793 2881 sit
827 2836 882 2881 et
906 2823 1443 2896 prohibita,jejtmio
1494 2831 1689 2885 nocet,
1720 2831 1773 2879 et

165 2941 381 2979 omnem
415 2926 610 2978 anima:
648 2922 874 2975 salutem
904 2919 1166 2975 subvertit
1195 2936 1209 2973 :
1234 2919 1276 2972 si
1306 2933 1434 2972 vero
1462 2916 1696 2986 legitima
1720 2925 1772 2970 et

168 3030 469 3081 concessa,
515 3022 673 3069 ornat
724 3013 1008 3083 jejunium.
1059 3011 1269 3065 Etenim
1323 3010 1771 3064 absurdissimum

167 3117 350 3171 esset,
382 3108 561 3162 cibum
611 3104 875 3161 sumendo
924 3105 1084 3158 etiam
1129 3118 1159 3157 a
1204 3117 1459 3156 concessa
1503 3102 1773 3155 abstinere

169 3214 286 3251 εεςίι
322 3214 416 3267 per
437 3196 701 3266 jejunium
725 3238 739 3259 ,
764 3195 935 3249 oculis
957 3202 1133 3248 autem
1160 3193 1361 3247 utendo
1388 3193 1549 3247 etiam
1584 3191 1769 3260 prohi-

170 3290 328 3342 bitam
357 3290 643 3356 attingere.
666 3286 786 3340 Non
805 3284 1042 3339 comedis
1064 3299 1254 3338 carnes
1270 3283 1293 3335 ?
1310 3298 1481 3353 neque
1500 3282 1771 3336 lasciviam

172 3397 262 3449 per
302 3378 491 3434 oculos
523 3378 760 3432 haurias.
796 3376 1012 3446 Jejunet
1040 3384 1094 3430 et
1122 3376 1268 3428 auris
1296 3394 1309 3429 ;
1342 3375 1552 3427 aurium
1593 3384 1771 3427 autem

164 3473 427 3542 jejunium
474 3472 838 3525 detractiones
880 3478 933 3523 et
986 3467 1281 3523 calumnias
1322 3482 1425 3519 non
1472 3466 1770 3533 suscipere.

168 3567 413 3619 Auditum
463 3566 596 3618 enim
644 3579 832 3616 vanum
876 3578 977 3615 non
1032 3562 1275 3631 suscipies
1304 3559 1498 3629 (Exod.
1540 3557 1630 3614 23.
1678 3559 1769 3627 1),

168 3659 355 3725 inquit.

242 3749 295 3802 ξ’).
323 3747 540 3817 Jejunet
567 3759 781 3815 quoque
810 3759 870 3798 os
892 3759 919 3796 a
953 3743 1130 3797 verbis
1161 3741 1403 3811 turpibus
1430 3749 1484 3795 et
1508 3739 1771 3793 convicio.

165 3838 297 3905 Quae
325 3840 466 3891 enim
493 3837 693 3893 utilitas
712 3852 833 3890 eum
856 3836 1043 3889 avibus
1065 3834 1280 3904 quidem
1312 3845 1363 3888 et
1388 3831 1623 3901 piscibus
1652 3833 1773 3887 abs-

168 3935 456 3995 tineamus,
490 3928 685 3983 fratres
738 3942 866 3981 vero
907 3925 1247 3979 mordeamus
1302 3934 1356 3978 et
1383 3923 1774 3978 comedamns?

170 4021 472 4075 Detrahens
503 4020 769 4073 fraternas
795 4032 986 4072 carnes
1013 4016 1266 4079 comedit,
1300 4006 1527 4085 proximi
1557 4029 1772 4067 carnem

170 4113 490 4167 momordit:
536 4121 821 4182 prOpterea
873 4121 927 4165 et
971 4106 1168 4163 Paulus
1213 4109 1419 4173 terruit,
1455 4108 1639 4162 dicens
1670 4126 1682 4162 :
1715 4108 1776 4161 Si

170 4218 340 4260 autem
374 4222 462 4260 vos
505 4207 721 4258 invicem
760 4204 998 4258 mordetis
1049 4213 1094 4256 et
1117 4202 1399 4267 comeditis,
1438 4202 1599 4255 videte
1624 4218 1685 4255 ne
1714 4202 1776 4254 ab

170 4301 377 4352 invicem
393 4294 804 4368 consumamini(
827 4295 941 4349 Gal.
962 4297 1015 4350 5.
1047 4297 1114 4350 15
1137 4296 1176 4363 ).
1204 4293 1318 4347 Νοιι
1350 4293 1567 4348 inﬁxisti
1588 4292 1777 4348 dentes

170 4390 337 4447 carni,
368 4387 463 4443 sed
483 4388 678 4441 animae
706 4386 1065 4446 maledictum,
1092 4385 1389 4453 improbam
1414 4384 1773 4453 suspicionem

173 4479 409 4544 inﬁxisti,
447 4478 773 4537 vulnerasti,
803 4476 1096 4530 innumeris
1122 4475 1345 4530 ati‘ecisti
1370 4475 1524 4529 malis
1573 4484 1627 4529 et
1681 4476 1776 4529 tei-

171 4586 345 4638 psmn,
368 4578 422 4623 et
452 4569 681 4631 illum,et
701 4568 834 4621 alios
854 4569 1065 4637 plures:
1090 4568 1285 4621 etenim
1312 4566 1615 4621 audientem
1640 4565 1779 4635 pejo-

172 4679 281 4716 rem
304 4662 499 4726 fecisti,
520 4660 821 4729 proximum
840 4660 1202 4714 calumnians:
1228 4658 1341 4713 sive
1362 4658 1503 4712 enim
1524 4669 1777 4727 peccator

171 4756 255 4815 sit,
284 4764 399 4806 tum
425 4754 641 4821 segnior
677 4750 755 4815 lit,
788 4753 987 4819 peccati
1013 4751 1522 4804 communicatorem
1552 4759 1773 4803 nactus:

171 4845 280 4897 sive
318 4844 498 4913 justus
528 4843 616 4906 sit,
654 4836 706 4895 in
739 4842 1097 4911 arrogantiam
1127 4841 1349 4906 tollitur,
1380 4852 1437 4895 et
1470 4839 1683 4894 inﬂatur
1712 4858 1777 4895 ex

172 4938 397 4990 aliorum
432 4943 674 5004 peccato,
717 4949 905 5003 magna
938 4934 1003 4987 de
1028 4934 1207 5003 seipso
1234 4935 1434 4988 sentire
1468 4948 1775 5002 persuasus.

173 5030 392 5099 Insuper
440 5042 785 5083 communem
839 5025 1094 5079 Ecclesiae
1145 5035 1343 5079 statum
1396 5025 1617 5079 lzesisti:
1671 5018 1773 5078 non

174 5126 309 5175 enim
354 5136 548 5175 omnes
586 5118 870 5172 audientes
924 5126 1260 5188 peccatorem
1300 5116 1470 5170 solum
1501 5124 1774 5179 accusant,

174 5215 261 5268 sed
300 5213 561 5283 opprubia
598 5210 1027 5264 Christianorum
1076 5209 1219 5277 genti
1271 5208 1623 5275 inlliguntur:
1676 5223 1778 5262 nec

175 5307 355 5361 audias
398 5303 643 5359 infideles
688 5302 895 5365 dicere,
945 5302 1091 5354 illum
1137 5298 1512 5353 fornicaturem
1553 5312 1675 5352 esse
1726 5308 1778 5350 et

170 5400 512 5461 dissolutum,
536 5396 630 5450 sed
656 5411 753 5464 pro
769 5410 834 5448 eo
851 5396 938 5463 qui
960 5394 1216 5463 peccavit,
1241 5392 1571 5447 Christianos
1588 5406 1776 5445 omnes

175 5492 449 5544 calumniis
482 5489 757 5543 insectari.
788 5488 868 5541 Ad
898 5486 1012 5540 haec
1036 5486 1127 5539 Dei
1155 5485 1378 5554 gloriam
1413 5483 1775 5551 hlaspltemati

174 5583 339 5636 iecisti
376 5601 389 5637 :
421 5582 562 5636 sicut
590 5583 737 5637 enim
782 5580 937 5633 nobis
982 5579 1315 5632 laudabiliter
1351 5577 1649 5629 viventibus
1685 5577 1774 5629 Ι)ρί

177 5692 360 5728 nomen
389 5675 748 5743 gloriﬁcatur,
785 5673 863 5724 sic
903 5674 1245 5739 peccantibus
1299 5670 1697 5737 hlaSphcmatnr
1723 5681 1774 5721 et

177 5770 485 5823 contumelia
503 5767 757 5821 afﬁcitur.
778 5764 1059 5829 Quartum,
1087 5764 1221 5816 male
1239 5763 1542 5816 audientem
1571 5760 1774 5829 pudore

179 5862 404 5927 t'l‘ecisti,
425 5870 481 5917 et
508 5864 585 5917 sic
615 5858 1067 5930 impudentioren:
1089 5855 1384 5923 reddidisti,
1421 5854 1695 5906 inimicum
1723 5863 1774 5907 et

1125 425 1217 481 AD
1255 411 1577 476 POPULUM
1621 402 1769 465 ANTl

1878 396 2111 455 llENUM
2153 390 2385 449 Il03lll..
2428 386 2514 442 Ill.
3394 364 3465 421 δι

1868 512 2097 569 hostem
2122 509 2343 564 faciens.
2376 504 2654 571 Quintum,
2686 498 2915 566 teipsum
2947 505 3121 561 [unum
3147 493 3200 541 ct
3232 482 3463 551 contiga-

1865 606 2027 662 tionis
2044 617 2193 659 reum
2210 594 2636 666 lecisti,negotia
2653 590 2721 645 ad
2740 600 2791 643 te
2809 570 2938 642 nihil
2956 582 3235 638 attineutia
3255 585 3465 630 texens.

1865 701 1943 757 Ne
1964 696 2082 770 quis
2103 694 2247 751 enim
2264 693 2367 747 hoc
2398 664 2529 744 mihi
2557 686 2720 749 dicat,
2750 680 2901 736 Tunc
2920 672 3166 737 detraho,
3188 681 3309 725 cum
3337 664 3469 719 falsa

1866 763 2020 855 dicou;
2058 789 2107 843 si
2145 795 2326 842 autem
2368 797 2494 837 vera
2536 779 2680 837 dico.
2720 774 2961 829 minimc.
3001 768 3135 823 Nam
3181 763 3308 817 licet
3341 772 3468 814 vera

1868 884 2094 953 loquens
2114 877 2254 933 male
2279 872 2499 936 dixeris,
2522 878 2577 926 et
2606 870 2708 923 hoc
2736 874 2821 921 est
2844 863 3047 918 crimen
3073 875 3088 913 :
3111 854 3307 910 etenim
3341 850 3472 905 Pha-

1868 942 2055 1031 risaeus
2084 972 2174 1027 ille
2215 969 2498 1040 publicano
2537 960 2809 1017 veridicus
2861 947 3181 1018 maledixit(
3216 945 3342 1000 Luc.
3381 942 3468 997 l8.

1873 1434 2090 1487 fratrem
2118 1424 2429 1497 corrigere?
2460 1422 2743 1490 Lacryma,
2772 1428 2867 1467 ora
2891 1411 3082 1470 Deum,
3113 1414 3357 1459 seorsum
3375 1412 3473 1465 ap-

1873 1526 2196 1596 prehensum
2225 1522 2475 1576 admone.
2507 1511 2749 1575 consule,
2789 1504 3076 1561 exhortare
3106 1517 3117 1551 :
3151 1495 3229 1549 sic
3251 1503 3301 1549 et
3331 1492 3472 1547 Pau-

1873 1619 1958 1673 lus
2001 1614 2227 1670 faciebat
2253 1628 2271 1665 :
2304 1609 2387 1664 Ne
2412 1610 2589 1662 iterum
2618 1618 2736 1656 cum
2778 1611 2976 1660 venero,
3010 1590 3202 1661 inquit,
3244 1582 3474 1639 humilia

1872 1726 1955 1764 me
1995 1708 2135 1763 Deus
2178 1703 2318 1776 apud
2358 1718 2466 1761 vos,
2500 1706 2543 1753 et
2586 1696 2787 1766 lugeam
2815 1688 3000 1744 multo:
3030 1698 3095 1738 ea:
3130 1681 3216 1745 iis,
3245 1676 3332 1748 qui
3357 1682 3476 1727 ante

1875 1808 2223 1873 peccaverunt,
2255 1805 2301 1850 et
2327 1810 2428 1848 non
2454 1796 2663 1862 egerunt
2689 1779 3034 1855 paenitentiam
3070 1788 3224 1844 super
3251 1771 3476 1821 immun-

2848 1872 2851 1873 '
3094 1856 3111 1873 ³⁵
3336 1868 3346 1873 -
3397 1855 3451 1873 .n

1875 1855 2025 1959 ditia,
2051 1902 2097 1946 et
2120 1888 2477 1961 fornicatione,
2496 1893 2541 1936 et
2568 1872 2890 1947 impudicitia
2914 1884 3065 1940 quam
3090 1856 3347 1937 Qesserunt
3394 1855 3475 1927 l2.

1876 1986 1995 2041 Cor.
2039 1983 2124 2039 t2.
2156 1981 2220 2035 2i
2272 1978 2313 2049 ).
2340 1977 2563 2033 Declara
2595 1968 2910 2024 charitatem
2937 1975 3063 2031 erga
3093 1965 3431 2029 peccatorem
3461 1968 3472 2001 :

1875 2075 2136 2149 persuade
2169 2073 2288 2142 ipsi,
2312 2067 2454 2139 quod
2483 2063 2769 2121 consulens
2786 2070 2838 2113 et
2862 2070 3078 2116 curans,
3100 2066 3202 2106 non
3233 2046 3471 2102 traduce-

1878 2186 1938 2226 re
1961 2168 2167 2234 volens,
2198 2161 2402 2234 peccati
2426 2160 2597 2228 ipsum
2613 2137 3477 2213 commonefacis:comprehende

1878 2263 2061 2335 pedes,
2081 2259 2431 2319 oscularcg'ne
2447 2251 2758 2311 erubescas,
2776 2246 2817 2299 si
2839 2242 2997 2297 modo
3017 2254 3139 2293 vere
3157 2235 3356 2291 mederi
3374 2231 3472 2284 vis.

1945 2352 2228 2423 Confessio.
2268 2377 2342 2388 —-
2384 2345 2511 2400 Hzec
2553 2351 2609 2396 et
2649 2338 2841 2393 medici
2883 2335 3079 2388 faciunt
3126 2330 3353 2404 sa'pius,
3384 2324 3474 2390 qui

1876 2446 2124 2503 difﬁciles
2150 2448 2383 2511 aegrotos
2410 2434 2639 2498 habént;
2670 2429 3060 2487 deosculantes,
3084 2429 3334 2489 rogantes
3357 2433 3478 2485 per-

1876 2540 2100 2595 suadent
2141 2535 2431 2590 salutarem
2486 2539 2704 2581 sumere
2758 2519 3075 2575 medicinam
3107 2530 3120 2567 :
3155 2514 3223 2565 ita
3258 2524 3309 2563 tu
3341 2522 3479 2577 quo-

1876 2647 1981 2702 que
2009 2629 2109 2689 fac,
2138 2622 2407 2679 sacerdoti
2428 2620 2620 2673 vulnus
2642 2613 2922 2669 manifesta
2954 2627 2965 2660 :
2998 2608 3097 2660 hoc
3117 2618 3195 2658 est
3219 2599 3477 2663 curantis,

1860 2706 1984 2779 hoc
2013 2718 2363 2790 providentis,
2406 2715 2507 2767 hoc
2550 2704 2900 2765 consulentis.
2949 2701 3065 2756 Non
3112 2697 3259 2751 solos
3299 2701 3477 2747 autem

1878 2811 2192 2873 maledicos,
2226 2806 2320 2862 sed
2370 2814 2423 2859 et
2461 2802 2579 2857 aliis
2624 2797 2832 2853 detrahi
2891 2792 3171 2847 audientes
3218 2786 3482 2839 admoneo

1878 2920 2047 2959 aures
2060 2902 2362 2959 obstruere,
2395 2905 2449 2950 et
2470 2890 2788 2964 prophetam
2817 2884 3011 2939 imitari
3039 2881 3305 2934 dicentem
3334 2890 3351 2926 :
3376 2871 3479 2925 De-

1879 2996 2158 3051 traltentem
2192 2998 2379 3044 secreto
2410 2984 2642 3057 proximo
2664 2979 2917 3046 suo,ltunc
2943 2967 3306 3044 pcrscquebar(
3334 2963 3479 3017 Psal.

1879 3090 2005 3145 100.
2034 3088 2066 3141 5
2174 3084 2268 3138 Dic
2300 3080 2566 3151 prdximo,
2602 3074 2780 3129 [labes
2810 3071 3064 3137 aliquem,
3097 3080 3253 3132 quem
3294 3057 3478 3112 laudes

1878 3190 1933 3236 et
1951 3160 2341 3233 commendes?
2379 3166 2748 3235 auresaperio,
2782 3168 3121 3229 utungucnta
3156 3152 3480 3219 suscipiam;

1877 3273 1921 3326 si
1949 3284 2077 3324 vero
2127 3266 2265 3323 male
2291 3263 2419 3318 velis
2446 3262 2644 3323 dicere,
2674 3255 2855 3309 verbis
2907 3253 3207 3321 ingressum
3239 3246 3432 3297 olnuro
3465 3257 3477 3291 :

1880 3378 1985 3418 non
2019 3360 2165 3414 enim
2194 3368 2401 3411 stercus
2433 3363 2488 3407 et
2516 3364 2729 3404 caenum
2762 3346 3005 3412 accipere
3037 3339 3297 3393 sustineo.
3327 3330 3480 3400 Quod

1880 3454 2009 3508 mihi
2038 3453 2268 3514 lucrum,
2315 3448 2359 3501 si
2387 3445 2646 3507 didicero,
2678 3440 2828 3493 illum
2861 3450 2981 3488 esse
3008 3430 3308 3499 improbum
3328 3425 3350 3477 ?
3374 3424 3483 3477 imo

1880 3547 2172 3601 maximum
2205 3549 2586 3595 noenmentum
2618 3547 2685 3588 ex
2733 3530 2853 3593 hoc,
2887 3538 2937 3581 et
2974 3534 3218 3578 extrema
3252 3520 3482 3589 jactura.

1883 3638 2124 3705 Loquere
2151 3633 2215 3686 ad
2249 3633 2421 3701 ipsum
2458 3646 2468 3680 :
2494 3627 2753 3682 Curemus
2784 3612 3269 3684 nostra,quomodo
3301 3622 3485 3679 pecca-

1882 3740 2056 3783 torum
2101 3725 2361 3779 rationem
2403 3716 2713 3779 reddamus,
2746 3721 2800 3767 et
2848 3710 3214 3764 curiositatem
3265 3704 3402 3755 hanc
3430 3708 3486 3751 et

1880 3833 2162 3889 operosam
2195 3812 2590 3882 indagationem
2613 3806 2756 3859 circa
2778 3805 2936 3855 vitam
2962 3806 3200 3853 nostram
3224 3793 3484 3849 exhibea-

1881 3929 2019 3966 mus.
2050 3910 2221 3976 Quam
2249 3906 2391 3961 enim
2415 3900 2733 3957 habebimus
2760 3894 3184 3954 excusationem,
3212 3900 3369 3957 quam
3391 3900 3484 3937 ve-

1882 4005 2047 4064 niam,
2080 4016 2203 4055 cum
2263 4006 2442 4051 nostra
2500 4008 2568 4045 ne
2615 3991 2667 4044 in
2712 3996 2944 4041 mentem
2982 3982 3196 4051 quidem
3246 3976 3483 4038 veniant,

1882 4096 2053 4148 aliena
2099 4104 2226 4144 vero
2255 4088 2465 4142 curiose
2496 4076 2843 4136 scrutemur?
2875 4075 3023 4129 Sicut
3054 4074 3107 4126 in
3152 4070 3368 4122 domum
3426 4081 3486 4119 se

1884 4187 2167 4249 inclinare,
2199 4192 2253 4237 et
2285 4178 2542 4234 interiora
2573 4171 2920 4228 considerare
2954 4160 3303 4235 prartcreunli
3331 4167 3487 4226 turpe

1882 4290 1984 4345 est,
2017 4286 2072 4331 et
2101 4275 2261 4329 multa
2294 4270 2585 4343 ignominia
2615 4267 2829 4336 plenum
2858 4282 2870 4316 :
2900 4263 2978 4315 sic
3002 4270 3054 4315 et
3081 4259 3222 4312 circa
3254 4256 3484 4309 alienam

1884 4373 2044 4437 vitam
2089 4376 2333 4436 satagere
2365 4359 2741 4417 illiberalitatis
2775 4366 3031 4410 extremae
3059 4362 3160 4406 est.
3195 4349 3308 4404 lloc
3356 4362 3486 4401 vero

1884 4463 2168 4519 ridiculum
2211 4458 2377 4525 magis
2412 4464 2513 4520 est,
2541 4449 2684 4524 quod
2730 4450 2890 4503 talem
2925 4446 3183 4501 habentes
3212 4442 3397 4504 vitam,
3431 4449 3488 4492 et

1885 4570 1973 4610 res
2019 4568 2142 4608 suas
2187 4551 2537 4620 negligentes,
2569 4560 2689 4597 cum
2718 4538 2918 4610 aliquid
2946 4550 3201 4591 arcanum
3234 4532 3488 4594 dixerint,

1884 4656 2072 4713 rogant
2094 4642 2402 4695 audientem
2426 4644 2479 4692 et
2499 4636 2767 4705 adjurant,
2792 4647 2860 4685 ne
2878 4629 3125 4697 cuiquam
3149 4624 3301 4680 alteri
3322 4623 3488 4685 dicat,

1884 4737 2009 4791 hinc
2037 4734 2394 4797 declarantes,
2427 4744 2487 4784 se
2514 4742 2627 4782 rem
2651 4718 3071 4795 reprehensione
3098 4719 3313 4787 dignam
3340 4730 3493 4769 com-

1886 4831 2117 4885 misisse.
2150 4826 2206 4882 Si
2232 4825 2375 4880 enim
2406 4823 2576 4888 illum,
2601 4828 2659 4874 ut
2687 4817 2887 4872 nemini
2917 4814 3080 4877 dicat,
3109 4824 3286 4880 rogas,
3320 4807 3491 4861 multo

1885 4923 2055 4992 magis
2086 4928 2138 4974 te
2176 4918 2410 4987 priorem
2441 4914 2564 4967 huic
2593 4911 2775 4966 dicere
2801 4924 2908 4963 non
2936 4904 3235 4976 oportebat.
3287 4902 3342 4955 lu
3378 4908 3492 4953 tutu

1886 5028 2189 5069 sermonem
2219 5010 2459 5065 habebas
2485 5027 2498 5061 τ
2530 5015 2811 5078 postquam
2831 5003 3005 5071 ipsum
3034 4996 3336 5068 prodidisti,
3363 5003 3490 5048 tunc

1886 5107 2115 5161 salutem
2150 5102 2318 5173 ipsius
2360 5115 2551 5162 curas;
2600 5098 2644 5151 si
2678 5110 2784 5150 non
2814 5094 2897 5147 vis
2926 5091 3105 5146 cll‘erri
3148 5089 3216 5143 ad
3261 5088 3485 5141 alterum

1886 5211 2059 5265 neque
2112 5197 2227 5265 ipse
2276 5193 2473 5257 dicas;
2507 5200 2790 5261 postquam
2842 5201 2972 5241 vero
3001 5182 3157 5237 alteri
3207 5177 3486 5250 prodidisti

1885 5289 2153 5343 sermonis
2177 5285 2498 5349 custodiam,
2528 5280 2796 5352 superﬂua
2823 5280 2951 5333 facis
2977 5287 3031 5330 et
3052 5276 3277 5338 inutilia,
3303 5272 3490 5326 admo-

1886 5400 2020 5437 nens
2041 5392 2094 5435 ct
2111 5383 2495 5447 obtestanspro
2521 5376 2786 5431 dictorum
2803 5368 3175 5426 custodia.Sed
3194 5364 3488 5435 jucundum

1885 5475 2210 5531 detrahere?
2234 5474 2342 5526 imo
2359 5472 2652 5541 jucundum
2678 5485 2780 5523 non
2804 5467 3109 5523 detrahere.
3135 5464 3235 5530 Qui
3258 5458 3490 5515 detrahit

1886 5570 2028 5623 enim
2057 5568 2311 5634 deinceps
2335 5564 2527 5618 anxius
2554 5572 2657 5629 est,
2682 5561 2982 5628 suspicatur
3008 5568 3059 5611 et
3091 5560 3261 5617 timet,
3286 5562 3337 5606 et
3365 5566 3488 5602 eum

1889 5662 2133 5729 poenitet,
2168 5668 2219 5712 et
2256 5658 2488 5726 linguam
2517 5670 2667 5708 suam
2726 5650 2961 5715 mordet,
2992 5650 3186 5711 timetis
3218 5658 3270 5700 et
3300 5646 3488 5696 tremi-

1888 5770 2066 5816 scens,
2091 5768 2156 5804 ne
2185 5750 2323 5803 forte
2345 5749 2465 5802 aliis
2495 5747 2827 5801 enuntiatum
2858 5743 3081 5799 verbum
3112 5752 3360 5807 magnum
3390 5735 3489 5787 sibi

1890 5849 2185 5919 periculum
2220 5844 2427 5909 aﬂ'crat,
2461 5853 2514 5895 ct
2553 5839 2878 5910 superﬂuam
2912 5850 2962 5900 et
3001 5836 3238 5889 imttilem
3308 5829 3487 5884 inimi-
