4196 6316
696 333 764 389 Εὖ
1404 330 1457 387 S.
1493 329 1771 416 .iOANNlS
1806 322 2275 387 CHRYSOS‘I'O)"
2319 327 2634 386 ABClllEP.
2674 326 3193 386 CDNS‘I'ANTINOP.
3890 322 3969 379 56

697 446 875 499 citiatn
918 445 1003 510 iis,
1040 444 1131 515 qui
1168 443 1377 518 dixere,
1404 452 1703 512 operetur:
1737 442 1829 519 qui
1870 442 2104 512 κάμνω
2144 456 2272 497 vero

697 536 960 604 continet,
989 532 1043 589 in
1073 532 1356 588 securitate
1385 532 1612 603 plurima
1640 526 1956 609 committis
1974 531 2133 605 Vivet
2177 547 2274 588 vo-

693 617 919 685 luntaie.‘
1168 622 1175 631 “
1883 635 1895 643 ⁸
2076 642 2080 647 ’

610 746 611 749 η
693 637 1027 772 “metis
1076 714 1302 770 vitanda.
1354 744 1426 757 --
1467 715 1668 770 Audisti
1711 728 1987 793 monens
2011 714 2039 769 .’
2082 712 2274 784 inquit.

700 809 1016 869 moriatur-in
1041 818 1088 862 te
1114 822 1133 861 :
1157 807 1375 876 conﬁde,
1405 824 1505 861 non
1536 817 1585 861 te
1608 804 1883 875 di'snmpet
1937 807 1958 878 (
1985 805 2149 861 Eccli.
2181 799 2275 863 19.

698 893 811 965 10).
837 884 973 962 Quid
995 893 1380 963 est,"lforiatnr
1405 896 1457 949 in
1483 896 1572 950 te!
1596 896 1884 965 Exstingue
1902 896 2099 965 ipsum,
2127 896 2278 951 defo-

696 987 829 1053 dita,
861 1003 961 1045 nec
987 985 1151 1058 exire,
1182 998 1355 1057 neque
1385 989 1594 1056 penitus
1615 988 1819 1043 moveri
1841 988 2153 1057 permittas;
2182 989 2276 1043 sed

699 1082 936 1137 maxime
962 1080 1135 1146 stude,
1164 1095 1266 1138 nec
1286 1074 1422 1135 alios
1460 1081 1675 1157 quidem
1703 1081 1842 1136 male
1867 1082 2105 1137 dicentes
2139 1082 2277 1136 tole-

700 1182 849 1226 rare.
863 1168 1015 1240 Quod
1041 1170 1095 1225 si
1112 1166 1324 1239 quando
1344 1180 1401 1225 et
1421 1171 1744 1238 susceperis,
1763 1170 2006 1233 intbdito,
2031 1171 2279 1227 interimo

699 1250 1212 1327 dictum,'obliv'ioni
1229 1261 1399 1329 trade,
1438 1269 1495 1315 ut
1538 1260 1601 1316 iis
1630 1262 1716 1331 qui
1754 1276 1861 1315 non
1901 1261 2166 1317 audierint
2198 1261 2275 1316 si-

700 1340 844 1407 milis
867 1350 985 1416 fias,
1005 1360 1062 1406 et
1088 1355 1208 1405 cum
1237 1353 1397 1405 multa
1422 1352 1623 1420 pace'et
1653 1351 1938 1406 securitate
1961 1360 2276 1421 praesentem

698 1430 964 1509 nausi‘gas
1016 1432 1200 1495 vitam.
1233 1439 1286 1495 Si
1317 1440 1586 1495 delatores
1632 1440 1935 1505 didicerint,
1965 1441 2103 1511 quod
2135 1443 2279 1511 ipsos

702 1529 871 1597 magis
890 1543 1047 1599 quam
1086 1539 1364 1584 accusatos
1392 1545 1723 1597 aversemur,
1758 1541 1812 1586 et
1840 1530 1939 1599 ipsi
1970 1531 2181 1586 tandem
2211 1533 2279 1587 ab

701 1616 803 1673 bac
830 1620 966 1673 mala
1015 1618 1396 1674 censuetudine
1429 1620 1707 1684 desistent,
1754 1629 1808 1675 et
1834 1632 2109 1690 peccatum
2154 1636 2278 1676 cor-

702 1708 894 1778 rigenl,
923 1721 976 1764 et
1000 1709 1287 1765 laudabunt
1322 1696 1577 1782 posthac,
1593 1720 1655 1766 et
1676 1726 1771 1766 nos
1796 1712 1939 1781 ipsos
1967 1713 2118 1781 quasi
2152 1728 2280 1769 suos

700 1807 1003 1878 servatores
1035 1786 1484 1854 et'benefactdres
1531 1800 1914 1869 praedicabunt.
1960 1794 2109 1857 Sicut
2133 1804 2276 1858 enim

701 1885 1017 1943 benedicere
1042 1899 1095 1943 et
1139 1889 1355 1945 laudare
1383 1890 1651 1957 amicitiae,
1682 1892 1760 1947 sic
1784 1901 1839 1947 et
1882 1893 2199 1949 maledicere
2225 1903 2281 1950 et

700 1976 1021 2033 Calumniari
1034 1980 1320 2036 inimicitia:
1337 1989 1399 2035 et
1410 1982 1517 2037 odii
1543 1992 1597 2038 et
1619 1982 1929 2050 injuriarum
1960 1985 2279 2055 principium

700 2077 802 2128 est.
822 2078 980 2138 atque
1006 2068 1331 2127 inﬁnitarum.
1359 2072 1752 2129 discorth
1767 2075 1995 2131 materia
2044 2073 2158 2131 Non
2178 2077 2280 2130 aii-

704 2155 848 2212 unde
897 2168 1077 2213 nostra
1122 2161 1477 2230 negliguntur,
1532 2176 1690 2233 quam
1754 2164 1894 2233 quod
1931 2164 2107 2220 alicna
2132 2174 2279 2219 sata-

704 2247 878 2316 gimus
901 2250 1216 2318 curioseque
1230 2261 1567 2307 scrutamur:
1597 2267 1704 2307 non
1730 2254 1871 2307 enim
1897 2264 2050 2309 vacat
2076 2256 2280 2309 homini

706 2338 986 2405 maledico,
1010 2351 1062 2395 et
1077 2340 1283 2417 alienos
1297 2344 1596 2411 exquirenti
1610 2359 1806 2411 mores,
1830 2348 2099 2417 propriam
2116 2364 2285 2419 quan-

702 2429 881 2499 doque
904 2432 1067 2485 vitam
1093 2448 1285 2488 curare
1311 2450 1326 2486 :
1356 2434 1534 2489 studio
1555 2436 1700 2491 enim
1726 2438 1872 2492 omni
1902 2438 1954 2491 in
1984 2439 2279 2495 alienorum

701 2521 1062 2576 curiositatem
1093 2524 1355 2593 impenso,
1384 2541 1609 2585 necesse
1631 2537 1715 2582 est
1736 2530 1912 2583 omnia
1938 2529 2054 2599 ejus
2076 2524 2282 2587 temere

701 2621 759 2667 et
784 2613 1112 2685 negligenter
1134 2615 1335 2685 jacere.
1365 2617 1577 2673 Etenim
1609 2619 1744 2673 bene
1762 2620 2045 2677 nobiscum
2071 2622 2153 2691 agi
2168 2637 2280 2691 .pu—

706 2705 921 2760 tandum
966 2716 1069 2771 est,
1124 2708 1167 2761 si
1212 2724 1371 2764 omne
1407 2711 1574 2765 otium
1620 2710 1674 2765 in
1722 2713 2061 2781 propriorum
2096 2728 2280 2768 curam

707 2806 1045 2864 peccatorum
1071 2808 1123 2853 et
1146 2798 1401 2867 judicium
1432 2801 1798 2870 impendentes
1824 2803 2083 2870 proficere
2108 2805 2281 2872 possi-

709 2897 827 2939 mus
856 2901 1014 2941 :eum
1041 2903 1171 2942 vero
1212 2904 1423 2960 semper
1456 2891 1626 2945 aliena
1647 2905 1822 2956 cures,
1846 2892 2059 2961 quando
2080 2892 2150 2948 de
2180 2896 2283 2950 tuis

702 2975 961 3031 sollicitus
982 2978 1089 3032 eris
1115 2980 1268 3033 malis
1288 2980 1312 3032 2
2190 2972 2191 2975 “

774 3067 827 3122 6.
870 3068 1156 3139 Fugiamus
1179 3070 1359 3139 igitur,
1382 3071 1586 3137 dilecti,
1614 3071 1878 3150 fugiamus
1899 3072 2279 3141 detractiones,

705 3156 849 3212 docti
875 3158 926 3211 id
955 3174 1074 3213 esse
1098 3170 1264 3213 totum
1305 3161 1501 3217 diaboli
1545 3162 1854 3217 barathrum
1886 3172 1940 3217 et
1968 3164 2306 3229 insidiarum.

704 3250 821 3316 ejus
866 3250 1162 3305 latibulum.
1197 3251 1265 3306 Ut
1306 3254 1447 3306 enim
1479 3263 1657 3307 nostra
1689 3254 2038 3323 negligamus,
2074 3265 2127 3309 et
2162 3270 2285 3324 gra-

708 3342 883 3396 viores
909 3344 1062 3396 nobis
1093 3354 1269 3398 reatus
1294 3346 1699 3410 constituamus,
1752 3346 1804 3399 in
1851 3347 1989 3401 hanc
2032 3361 2130 3400 nos
2154 3361 2282 3401 cou-

705 3428 1034 3488 suetudinem
1052 3434 1293 3489 diabolus
1314 3436 1491 3497 duxit;
1517 3437 1763 3491 imovcro
1791 3453 1894 3490 non
1926 3436 1979 3491 id
2010 3437 2080 3492 ibi
2108 3438 2281 3507 solum

706 3526 845 3579 inest
872 3526 1017 3591 mali,
1041 3528 1179 3596 quod
1208 3537 1332 3582 tunc
1359 3528 1619 3585 rationem
1665 3529 1909 3585 dabimus
1939 3545 2124 3584 eorum
2163 3545 2282 3599 quae

703 3614 954 3680 diximus,
986 3616 1079 3670 sed
1110 3618 1269 3670 etiam
1299 3617 1443 3691 quod
1478 3606 1693 3687 peccata
1723 3630 1903 3674 nostra
1932 3619 2011 3675 sic
2035 3622 2281 3689 graviora

706 3705 978 3772 faciemus,
1014 3709 1159 3762 omni
1187 3725 1288 3763 nos
1315 3711 1667 3765 excusatione
1695 3713 1964 3780 privantes
1985 3729 1999 3764 :
2021 3712 2112 3781 qui
2138 3712 2279 3766 enim

704 3799 897 3852 acerbe
918 3800 1087 3854 aliena
1109 3802 1357 3871 exquirit,
1387 3802 1439 3857 in
1460 3802 1666 3856 delictis
1680 3804 1791 3859 suis
1810 3802 2008 3857 n‘ullam
2034 3819 2281 3873 umquam

705 3886 911 3941 veniam
938 3878 1290 3945 nanciscetur.
1324 3892 1438 3947 Non
1469 3878 1843 3948 enimtantum
1874 3910 1902 3947 a
1944 3890 2283 3964 peccatorum

709 3990 1011 4037 nostrorum
1057 3996 1265 4052 natura,
1312 3986 1406 4040 sed
1427 3996 1482 4042 et
1510 4003 1576 4042 ex
1601 3986 1800 4057 judicio
1825 3988 1892 4042 de
1925 3988 2057 4041 aliis
2100 3998 2285 4044 nostro

705 4075 1018 4127 sententiam
1048 4075 1189 4130 Deus
1219 4075 1453 4145 proferet
1482 4096 1494 4131 :
1529 4078 1728 4147 ideirco
1751 4077 2025 4131 admonuit
2049 4078 2235 4133 dicens
2266 4097 2280 4136 :
2326 4078 2329 4079 ⁷

712 4159 888 4215 Nolite
920 4164 1177 4233 judicare,
1223 4181 1285 4218 ne
1322 4166 1623 4235 judicemini
1654 4167 1675 4239 (
1704 4166 1890 4233 nauli.
1922 4168 1975 4221 7.
2001 4168 2028 4222 l
2084 4166 2103 4239 )
2130 4185 2143 4221 :
2174 4184 2280 4223 non

705 4252 848 4305 enim
885 4254 1039 4322 quale
1060 4253 1155 4308 fuit
1180 4266 1480 4324 peccatum,
1514 4258 1617 4312 tale
1644 4258 1754 4311 illic
1779 4259 1830 4311 in
1860 4258 2089 4314 futurum
2116 4276 2281 4331 appa-

706 4341 884 4407 rebit;
927 4343 1020 4397 sed
1046 4346 1327 4413 quamdam
1377 4348 1622 4418 magnam
1667 4358 1722 4403 et
1754 4348 2107 4406 inevitabilem
2135 4352 2283 4406 addi-

704 4432 900 4486 tionem
943 4449 973 4488 a
1020 4435 1219 4505 judicio
1245 4437 1296 4491 in
1324 4452 1641 4493 conversum
1675 4440 1813 4494 facto
1860 4442 2099 4512 accipiet.
2136 4442 2285 4497 Sicut

703 4524 845 4577 enim
874 4524 1134 4579 humanus
1163 4536 1219 4580 et
1244 4528 1384 4581 mitis
1413 4537 1467 4582 et
1489 4529 1729 4583 clemens
1755 4530 2010 4598 majorem
2039 4542 2284 4600 peccato-

706 4631 821 4669 rum
865 4619 1177 4686 gravitatem
1213 4621 1478 4675 succidit:
1510 4622 1579 4675 ita
1619 4623 1844 4677 acerbus
1874 4632 1929 4679 et
1968 4624 2200 4679 crudelis
2229 4637 2284 4681 et

704 4707 1056 4775 implacabilis
1086 4705 1333 4780 magnum
1363 4714 1591 4781 propriis
1632 4715 1840 4782 pondus
1867 4716 2097 4784 peccatis
2116 4731 2279 4785 appo-

701 4798 797 4851 nit.
854 4798 1206 4854 Eliminemus
1252 4798 1411 4871 igitur
1436 4818 1647 4859 omnem
1678 4821 1741 4858 ex
1767 4821 1863 4859 ore
1888 4815 2073 4860 nostro
2101 4807 2281 4860 detra-

698 4890 956 4952 ctionem,
973 4892 1203 4947 scientes
1222 4894 1361 4963 quod
1383 4895 1482 4950 etsi
1505 4896 1738 4950 cinerem
1759 4897 2123 4959 comedamus,
2140 4898 2281 4951 nulla

706 4981 858 5036 nobis
882 4997 1086 5051 asperas
1106 4984 1225 5040 vita:
1246 4984 1403 5053 hujus
1420 4987 1617 5041 utilitas
1639 4989 1758 5052 erit,
1785 4988 1884 5041 nisi
1907 5005 1935 5039 a
1952 4987 2281 5042 detractione

702 5070 1063 5126 abstineamus
1087 5091 1100 5125 :
1133 5086 1237 5129 non
1258 5076 1400 5129 enim
1426 5093 1545 5145 qua:
1572 5078 1771 5132 intrant
1810 5078 2155 5146 coinquinant
2183 5078 2281 5130 ho-

706 5160 927 5226 minem,
955 5161 1049 5217 sed
1070 5177 1191 5233 quae
1217 5175 1412 5220 exeunt
1439 5181 1503 5221 ex
1526 5166 1660 5237 ore(
1692 5166 1876 5222 Matth.
1903 5169 1988 5223 15.
2026 5168 2109 5221 l7.
2149 5170 2212 5221 18
2241 5169 2278 5239 ).

704 5249 759 5303 Si
789 5253 907 5320 quis
946 5262 999 5307 te
1043 5264 1397 5323 prtetereunte
1430 5268 1636 5311 stercus
1680 5268 2034 5322 commoveat,
2082 5274 2279 5322 "nunc,

701 5356 904 5409 «inraso,
936 5344 1080 5398 illum
1104 5347 1347 5401 convicio
1372 5356 1427 5401 et
1446 5350 1765 5403 contumelia
1794 5349 1993 5404 aflicias
2019 5351 2040 5403 ?
2068 5350 2179 5404 lloc
2202 5350 2284 5404 fac

694 5442 748 5486 ct
777 5448 901 5503 erga
926 5434 1283 5493 detractores.
1312 5437 1429 5492 Non
1458 5438 1601 5492 enim
1621 5439 1699 5493 sic
1727 5451 2052 5495 commotum
2080 5452 2285 5496 stercus

698 5523 841 5577 illum
902 5525 1143 5580 faetorem
1211 5530 1615 5599 suspicientium
1673 5532 1879 5587 cerebri
1918 5534 2283 5588 membranam

698 5616 951 5683 percellit,
989 5618 1127 5673 sicut
1154 5620 1326 5675 aliena
1358 5632 1573 5690 peccata
1597 5639 1843 5689 excussa,
1866 5633 1921 5680 et
1948 5624 2052 5679 vita
2080 5627 2286 5694 impura

696 5706 977 5777 patefacta,
1001 5708 1324 5768 audistittutu
1343 5715 1551 5770 animos
1562 5717 1883 5772 contristare
1898 5726 1952 5772 et
1973 5717 2283 5787 perturbare

2380 442 2577 496 solent.
2600 442 2976 498 Abstineamus
2994 443 3157 513 igitur
3174 455 3207 496 a
3233 440 3583 507 detractione,
3613 443 3971 515 turpibquio.

2387 529 2738 601 blasphemia,
2761 540 2817 586 et
2845 547 3018 601 neque
3045 532 3313 603 proximo,
3337 547 3509 601 neque
3536 533 3647 587 Deo
3670 533 3969 588 maledica-

2383 636 2500 675 mus
2530 638 2544 678 :
2573 623 2719 677 mul"
2748 624 2880 680 mim
2902 619 3320 677 obtrétatorum
3347 638 3414 677 eo
3438 623 3636 680 furoris
3660 625 3789 694 lapsi
3810 626 3969 692 sunt,

2383 722 2440 765 ut
2475 724 2508 767 a
2531 714 2807 768 conservis
2828 713 2884 791 in
2929 714 3093 768 Deum
3125 713 3356 783 linguam
3388 728 3537 768 suam
3568 716 3969 770 revocaverint.

2382 804 2647 871 Quantum
2675 820 2805 860 vero
2826 806 2895 860 sit
2926 805 3027 861 hoc
3052 806 3271 872 malum,
3303 822 3368 861 ex
3395 807 3553 861 rebus
3583 822 3722 861 nunc
3748 822 3846 861 nos
3874 823 3976 861 ur-

2382 894 2629 961 gentibus
2650 894 2815 949 disce.
2850 894 2991 949 Ecce
3012 896 3155 949 enim
3183 895 3344 950 homo
3374 894 3617 965 injuriam
3640 910 3827 965 passus
3855 908 3972 961 est,

2382 993 2437 1038 et
2454 998 2643 1040 omnes
2666 985 2915 1040 timemus
2941 987 3324 1053 ettremimus,
3355 995 3411 1041 et
3430 987 3517 1056 qui
3548 987 3842 1041 intulerunt
3874 989 3971 1042 lu-

2378 1074 2596 1144 juriam,
2623 1084 2679 1130 et
2701 1076 2789 1145 qui
2805 1076 2873 1131 de
2894 1076 3036 1130 nulla
3059 1075 3362 1146 bujusmodi
3385 1092 3444 1136 re
3463 1077 3559 1131 sibi
3584 1086 3710 1131 sunt
3728 1078 3971 1142 conscii,

2387 1165 2527 1221 Deus
2553 1176 2729 1221 autem
2774 1182 2870 1237 per
2897 1167 3137 1237 singulos
3160 1167 3277 1222 dies
3305 1168 3499 1237 injuria
3527 1168 3759 1223 afﬁcitur
3788 1184 3803 1222 :
3835 1167 3974 1239 quid

2382 1252 2505 1309 dicb
2536 1270 2631 1323 per
2659 1256 2895 1326 singulos
2923 1256 3078 1312 dies?
3108 1257 3217 1311 imo
3239 1272 3365 1312 vero
3389 1272 3486 1327 per
3512 1257 3751 1329 singulas
3777 1257 3973 1324 horas,

2384 1360 2413 1398 a
2445 1344 2716 1413 divitibus,
2747 1363 2777 1401 a
2819 1348 3163 1419 pauperibus,
3201 1366 3232 1403 a
3278 1350 3493 1420 quietis,
3538 1350 3607 1404 ab
3650 1349 3877 1413 afﬂictis,
3937 1365 3974 1405 ι

2387 1437 2852 1502 calumniantibus,
2876 1455 2906 1493 a
2933 1440 3252 1495 calumniam
3275 1438 3584 1506 ferentibus,
3628 1457 3798 1511 neque
3826 1441 3975 1495 ullus

2386 1518 2607 1599 usquam
2636 1529 2687 1583 id
2707 1539 2876 1585 curat.
2911 1532 3036 1587 ideo
3063 1546 3377 1589 conservum
3404 1532 3587 1586 violari
3618 1533 3877 1602 pennisit,
3909 1542 3975 1588 ut

2384 1635 2448 1689 ex
2476 1620 2711 1689 periculo
2742 1638 2837 1690 per
2849 1624 3224 1678 contumeliam
3244 1632 3433 1678 exorto
3452 1623 3627 1677 discas
3644 1622 3852 1676 Domini
3873 1622 3975 1678 be-

2386 1711 2724 1779 nignitatem.
2753 1715 2915 1784 Atqui
2958 1715 3059 1770 hoc
3091 1730 3233 1769 nunc
3276 1714 3505 1785 primum
3545 1714 3743 1770 factum
3780 1724 3882 1780 est,
3911 1725 3976 1770 et

2384 1804 2589 1869 solum;
2619 1820 2718 1861 nec
2739 1815 2915 1862 tamen
2943 1815 3157 1876 propter
3173 1805 3275 1862 hoc
3290 1822 3388 1862 nos
3404 1808 3564 1861 ullam
3585 1815 3976 1876 assequutnros

2378 1909 2506 1950 esse
2534 1896 2743 1952 veniam
2775 1898 2861 1953 vel
2891 1900 3290 1954 excusationem
3327 1907 3702 1968 exspectamus
3729 1915 3746 1964 ;
3797 1898 3973 1953 Deum

2386 2001 2516 2041 vero
2541 1989 2778 2057 quotidie
2805 1988 3097 2057 irritamus,
3115 2001 3170 2044 et
3191 1991 3393 2045 nullam
3425 1990 3649 2045 facimus
3662 1990 3977 2045 conversio-

2386 2092 2532 2144 nem,
2562 2088 2617 2133 et
2647 2078 2823 2135 adhuc
2847 2096 2971 2136 cum
2994 2083 3139 2135 muni
3171 2083 3569 2152 longanimitate
3594 2083 3840 2137 sustinet.
3877 2081 3975 2138 Vi.

2385 2166 2510 2223 disti
2530 2180 2725 2248 quapta
2766 2172 2976 2226 Domini
3003 2172 3074 2226 sit
3101 2172 3383 2228 clementia
3407 2174 3433 2227 ?
3462 2173 3531 2227 Et
3556 2175 3608 2227 in
3636 2174 3735 2227 hac
3750 2171 3974 2243 quidem

2390 2261 2827 2328 pravaricatioue
2846 2264 2936 2331 qui
2964 2273 3343 2332 peccaverunt,
3371 2264 3509 2332 capti
3540 2272 3680 2328 sunt,
3705 2272 3756 2319 et
3786 2265 3840 2317 in
3859 2270 3981 2319 earb

2387 2366 2567 2407 cerem
2594 2352 2817 2420 detrusi,
2838 2370 3128 2424 pietasque
3153 2355 3447 2420 dederunt;
3472 2355 3566 2411 sed
3595 2367 3771 2410 tamen
3795 2354 3979 2410 adhuc

2389 2442 2676 2497 timemus:
2708 2443 2935 2498 necdum
2978 2446 3125 2498 enim
3166 2444 3302 2499 facta
3337 2445 3496 2500 hesus
3523 2445 3745 2510 audivit,
3796 2461 3979 2516 neque

2388 2532 2709 2586 sententiam
2759 2533 3077 2599 enuntiavit,
3129 2543 3184 2587 et
3231 2549 3418 2588 omnes
3458 2535 3771 2598 tremimus;
3826 2534 3976 2589 Deus

2388 2636 2515 2675 vero
2534 2623 2777 2691 quotidie
2798 2624 3152 2677 contumelias
3185 2624 3235 2677 in
3267 2638 3324 2677 se
3351 2624 3518 2678 factas
3534 2624 3702 2687 audit,
3727 2633 3782 2678 et
3810 2638 3979 2678 nemo

2386 2712 2734 2778 convertitur,
2787 2711 2913 2766 licet
2956 2714 3045 2766 ille
3097 2714 3165 2765 sit
3190 2723 3297 2766 tam
3330 2714 3571 2767 clemens
3595 2722 3649 2767 et
3683 2715 3845 2769 mitis.
3894 2713 3977 2768 llli

2389 2810 2665 2867 peccatum
2696 2802 2877 2857 dicere
2918 2803 3134 2867 sufficit,
3166 2812 3220 2856 et
3248 2803 3449 2856 crimen
3481 2804 3744 2867 solvitur;
3785 2803 3839 2857 in
3869 2803 3978 2859 bo-

2389 2890 2623 2944 minibus
2664 2906 2795 2945 vero
2836 2893 3162 2946 contrarium
3214 2893 3445 2961 penitus,
3497 2907 3618 2946 cum
3662 2901 3981 2962 peccatores

2387 2980 2619 3035 confessi
2642 2981 2859 3050 fuerint,
2891 2991 3016 3037 tunc
3042 2982 3210 3052 magis
3238 2982 3566 3052 puniuntur:
3591 2983 3733 3054 quod
3752 2983 3977 3054 quidem

2387 3081 2444 3127 et
2468 3087 2610 3126 nunc
2636 3072 2834 3127 factum
2862 3084 2966 3129 est.

2460 3161 2734 3218 Prteseutis
2758 3164 3063 3219 calanntatis
3088 3164 3377 3234 descriptio.
3407 3194 3477 3205 ——
3506 3164 3639 3219 Nam
3672 3165 3724 3220 bi
3753 3164 3997 3236 quidem

2388 3251 2547 3317 ferro,
2570 3254 2646 3307 illi
2675 3270 2802 3308 vero
2830 3254 2954 3323 igni,
2983 3256 3195 3324 quidam
3223 3264 3399 3309 autem
3429 3255 3613 3311 beStiis
3644 3256 3817 3311 traditi
3848 3272 3981 3325 per-

2390 3343 2598 3406 ierunt,
2647 3359 2751 3397 non
2781 3346 2877 3398 viri
2908 3354 3109 3400 tantum
3132 3385 3147 3410 ,
3180 3345 3274 3399 sed
3332 3355 3386 3400 et
3432 3348 3582 3415 pueri
3614 3364 3629 3401 :
3661 3362 3759 3401 nec
3798 3347 3981 3418 astatis

2389 3432 2762 3513 immaturitas,
2810 3449 2908 3488 nec
2950 3434 3127 3503 populi
3160 3435 3444 3498 tumultus,
3493 3450 3591 3489 nec
3617 3434 3757 3504 quod
3793 3434 3981 3490 furore

2387 3518 2649 3578 diabolico
2679 3526 2858 3594 perciti
2884 3526 3099 3595 quidam
3132 3527 3246 3581 banc
3275 3526 3525 3592 fecerint,
3555 3542 3652 3582 nec
3676 3528 3816 3596 quod
3842 3542 3979 3582 exa-

2386 3613 2495 3667 ctio
2538 3615 2886 3669 intolerabilis
2933 3626 3280 3689 essetignon
3326 3627 3640 3685 paupertas,
3680 3631 3785 3670 non
3829 3617 3977 3686 quod

2386 3718 2671 3758 commune
2719 3713 2999 3773 peccatum
3045 3705 3225 3773 fuerit,
3266 3721 3374 3760 non
3421 3706 3564 3776 quod
3609 3706 3977 3775 promiserint,

2390 3810 2674 3863 numquam
2719 3810 2777 3850 se
2807 3798 3033 3867 amplius
3064 3799 3184 3851 talia
3232 3811 3477 3863 ausuros,
3514 3813 3618 3851 non
3646 3797 3786 3852 aliud
3816 3799 3980 3867 quid-

2340 3906 2343 3909 ν
2376 3899 2544 3951 quam
2575 3885 2793 3939 omnino
2835 3887 2980 3954 ipsos
3009 3887 3235 3955 eripuit;
3283 3888 3376 3942 sed
3417 3888 3616 3957 absque
3644 3888 3787 3941 omni
3818 3890 3978 3942 venia

2389 3976 2457 4033 ad
2478 3977 2784 4033 barathrum
2803 3979 3221 4045 abducebantur,
3255 3980 3510 4034 militibus
3539 3980 3755 4034 armatis
3785 3981 3979 4034 utrim-

2388 4085 2491 4139 que
2538 4072 2682 4139 ipsos
2728 4072 3003 4141 agentibus
3032 4082 3086 4125 et
3114 4071 3525 4126 observantibus
3548 4113 3563 4135 ,
3606 4087 3673 4126 ne
3702 4071 3819 4141 quis
3850 4087 3979 4125 reos

2390 4161 2658 4230 eriperet:
2681 4171 2735 4216 et
2761 4163 3122 4229 sequebantur
3144 4172 3361 4227 matres,
3389 4162 3571 4232 procul
3592 4150 3805 4231 quidem
3830 4160 3979 4216 ﬁlios
4022 4186 4027 4191 τ

2388 4250 2778 4319 conspicientes
2801 4251 3124 4315 abstractos,
3146 4250 3500 4305 calamitatem
3523 4260 3697 4305 autem
3717 4251 3979 4320 conqueri

2388 4358 2494 4397 non
2524 4343 2816 4408 audentes;
2868 4342 3117 4398 allectum
3162 4343 3304 4397 enim
3336 4338 3580 4395 vincebat
3626 4340 3872 4403 formido.
3922 4352 3981 4396 et.

2388 4445 2631 4490 naturam
2662 4436 2947 4505 superabat
2976 4445 3171 4490 metus.
3205 4434 3273 4489 Et
3296 4434 3434 4489 sicut
3460 4432 3743 4501 naufragos
3768 4448 3797 4485 a
3828 4442 3976 4487 terra

2388 4535 2703 4580 contuentes
2732 4523 2973 4580 homines
2999 4527 3180 4580 dolent
3208 4525 3421 4595 quidem
3440 4566 3454 4589 ,
3504 4525 3757 4579 accedere
3793 4534 3977 4579 autem

2388 4627 2440 4671 et
2468 4619 2775 4671 submersos
2804 4621 3010 4685 eripere
3056 4635 3158 4670 non
3188 4618 3362 4671 valent
3389 4634 3403 4669 :
3432 4618 3498 4669 ita
3545 4618 3757 4684 quidem
3780 4625 3837 4669 et
3863 4616 3976 4683 bic,

2391 4721 2656 4779 tamquam
2685 4711 2839 4763 undis
2860 4710 3196 4778 quibusdam,
3227 4709 3452 4763 militum
3481 4708 3670 4761 timore
3696 4707 3980 4776 prohibita:

2392 4810 2589 4856 matres
2609 4844 2623 4868 ,
2652 4817 2757 4856 non
2792 4812 2993 4855 tantum
3020 4802 3274 4856 accedere
3292 4844 3306 4862 ,
3334 4812 3386 4855 et
3412 4802 3555 4869 ipsos
3580 4816 3608 4855 a
3634 4800 3981 4865 damnatione

2390 4909 2577 4948 eruere
2607 4909 2711 4948 non
2739 4894 3005 4948 audebant
3024 4936 3038 4958 ,
3068 4892 3161 4946 sed
3192 4903 3244 4947 et
3280 4894 3537 4962 timebant
3561 4890 3861 4959 deplorare.
3891 4891 3976 4944 An

2394 4985 2517 5040 hinc
2538 4986 2628 5039 Dei
2655 4986 3072 5040 misericordiam
3101 4984 3364 5053 conjicitis
3384 4999 3542 5052 quam
3570 4980 3852 5036 inefl'abilis
3872 4983 3981 5035 sit?

2390 5091 2547 5143 quam
2577 5075 2781 5129 inﬁnita
2802 5075 2829 5127 τ
2864 5074 3131 5145 quomodo
3156 5089 3369 5129 onmem
3413 5074 3747 5127 transcendat
3772 5071 3979 5126 oratio—

2395 5184 2515 5223 nem
2537 5168 2560 5221 ?
2586 5168 2683 5224 ilic
2706 5168 2919 5236 quidem
2952 5168 3015 5233 is,
3044 5169 3133 5238 qui
3163 5168 3323 5223 laesus
3347 5177 3449 5229 est,
3478 5175 3533 5222 et
3558 5166 3798 5233 ejusdem
3822 5175 3979 5218 natu-

2391 5278 2485 5326 ιω,
2513 5271 2568 5317 et
2593 5262 2761 5316 semel
2782 5276 2852 5314 ex
2876 5262 3019 5314 omni
3050 5273 3291 5329 tempore
3318 5259 3418 5313 hoc
3443 5274 3631 5327 passus
3657 5265 3759 5319 est,
3787 5266 3841 5308 et
3872 5270 3980 5308 non

2389 5368 2568 5405 eorum
2592 5393 2608 5418 ,
2641 5367 2816 5422 neque
2847 5360 3159 5421 praesens,et
3184 5357 3486 5405 cernens.ct
3523 5346 3744 5401 audiens
3768 5384 3781 5406 ,
3814 5353 3869 5397 et
3902 5353 3981 5398 ta-

2389 5459 2512 5498 men
2559 5457 2718 5499 nemo
2759 5459 2971 5497 reorum
3016 5442 3223 5495 veniam
3264 5448 3583 5510 assequutus
3612 5447 3694 5492 est
3727 5454 3738 5487 :
3772 5434 3839 5488 de
3870 5435 3981 5489 De”

2391 5547 2573 5591 autem
2603 5535 2731 5589 nihil
2762 5534 2950 5589 borum
2985 5533 3162 5588 dicere
3201 5533 3323 5587 licet
3371 5550 3382 5584 :
3412 5531 3607 5587 etenim
3655 5537 3854 5584 tantum
3899 5538 3983 5581 cst

2392 5625 2489 5682 Dei
2537 5637 2591 5682 et
2638 5626 2865 5680 hominis
2909 5625 3194 5681 discrimen
3225 5665 3242 5689 ,
3301 5634 3554 5693 quantum
3602 5635 3758 5675 nemo
3800 5619 3984 5673 verbis

2399 5728 2573 5787 posSct
2607 5719 2906 5787 exprimere
2938 5736 2950 5772 :
2981 5716 3219 5789 quotidie
3244 5714 3564 5771 contumelia
3588 5711 3816 5767 afficitur
3846 5724 3980 5779 prm-
