4196 6316
300 347 371 401 57
1236 349 1329 404 AD
1373 346 1697 405 POPULUM
1730 343 2217 404 ANTIOCIIENUM
2259 342 2489 401 llOlllL.
2547 341 2636 399 111.
3539 340 3610 397 BS

302 473 427 511 scus
451 467 506 513 et
537 458 724 513 videns
747 467 803 513 et
833 458 1089 521 audiens,
1120 470 1173 511 et
1213 474 1385 525 neque
1415 458 1615 513 fulmen
1658 459 1895 516 immisit.

304 564 477 619 neque
498 566 653 603 mare
674 550 837 619 jussit
860 561 1056 605 terram
1088 550 1346 604 inundare
1370 560 1424 603 et
1444 566 1636 615 comes
1662 551 1903 604 submer-

299 654 430 707 gere
449 682 463 700 ,
503 648 679 709 neque
708 652 905 693 terram
940 641 1085 693 hiare
1108 681 1121 703 ,
1154 652 1205 695 et
1238 649 1588 695 temeratores
1614 641 1906 694 absorbere

302 733 597 793 mandavit,
627 731 722 785 sed
755 733 963 791 tolerat.
991 741 1043 786 et
1069 732 1441 801 longanimiter
1467 734 1593 802 agit,
1616 743 1668 786 et
1698 732 1902 786 veniam

300 836 361 875 se
391 820 642 875 datorum
672 824 939 890 promittit
967 824 1306 878 contumelia:
1334 824 1681 887 auctoribus,
1710 824 1753 877 si
1785 834 1905 876 tan-

302 921 411 964 tum
443 914 816 982 pcetiitentiam
846 924 1023 980 agant,
1045 925 1098 968 et
1126 930 1185 968 se
1213 930 1316 969 non
1345 915 1571 984 amplius
1592 915 1707 968 hate
1738 914 1906 967 factu-

302 1018 393 1057 ros
448 1005 825 1072 polliceantur.
878 1004 1014 1059 Vere
1077 1022 1217 1059 nunc
1264 1008 1594 1061 exclanmndi
1646 1015 1898 1074 tempus:

303 1093 428 1158 ρηὶε
470 1093 707 1161 loquetur
743 1096 993 1163 potentias
1028 1095 1275 1149 Domini?
1313 1097 1513 1151 auditas
1544 1098 1692 1166 faciet
1731 1114 1903 1150 outues

299 1191 478 1241 laudes
510 1186 621 1258 ejus
652 1186 825 1255 (Psal.
854 1193 956 1247 1115
1006 1190 1126 1261 2)?
1172 1189 1321 1261 Quod
1358 1193 1447 1247 Dei
1499 1193 1753 1263 imagines
1796 1206 1901 1244 non

300 1290 507 1333 tantum
541 1280 858 1350 dcjeccrunt
879 1322 894 1348 ,
927 1283 1021 1337 sed
1053 1284 1212 1337 etiam
1242 1282 1735 1338 Ctmrulcavernnt?
1780 1297 1899 1335 cum

298 1372 442 1423 enim
475 1389 627 1427 reum
659 1390 861 1443 nugas,
888 1392 1008 1430 cum
1037 1376 1324 1444 dispolies,
1363 1391 1483 1429 cum
1517 1373 1729 1437 trahas,
1776 1388 1901 1428 cum

300 1459 545 1529 dejicius,
581 1464 671 1519 Dei
703 1465 985 1535 imaginem
1011 1469 1318 1521 conculcas.
1348 1466 1481 1519 Audi
1501 1475 1652 1521 certe
1675 1458 1899 1519 Paulum

299 1545 570 1607 dicentem
601 1555 742 1623 qtlnd
769 1548 933 1611 1101110
964 1570 1069 1612 11011
1092 1552 1251 1613 debet
1279 1558 1491 1628 aperire
1519 1568 1698 1626 caput,
1727 1556 1902 1626 imago

300 1643 519 1697 enimet
542 1645 713 1714 gloria
738 1647 827 1702 Dei
852 1657 931 1703 est
961 1650 1034 1719 (1.
1056 1647 1175 1703 Cor.
1199 1644 1284 1703 11.
1315 1649 1371 1717 7)
1398 1652 1488 1703 :e‘t
1517 1657 1697 1701 rurst‘rs
1723 1648 1901 1716 ipsum

304 1734 469 1788 Deum
502 1736 771 1791 dicentem
805 1756 817 1790 :
847 1739 1126 1794 Faciamus
1168 1740 1420 1793 hominem
1448 1740 1723 1793 secundum
1768 1740 1899 1792 ima—

301 1826 467 1894 ginem
496 1836 543 1880 et
572 1828 955 1882 similitudinem
1000 1842 1223 1883 nostram
1255 1830 1417 1901 (Gen.
1446 1833 1495 1885 1.
1524 1830 1593 1885 26
1612 1834 1653 1901 ).
1688 1831 1745 1885 Si
1775 1845 1902 1885 vero

300 1916 447 1979 dicas
467 1956 485 1982 ,
531 1934 637 1970 Iron
667 1934 789 1972 esse
828 1920 1065 1988 ejusdem
1096 1921 1411 1975 substantia:
1441 1922 1711 1975 hominem
1743 1930 1902 1991 atque

302 2003 469 2058 Deum
496 2047 513 2070 ,
559 2008 685 2077 quid
729 2008 882 2062 tmn?
928 2008 1113 2079 Neque
1142 2011 1286 2065 enim
1316 2026 1390 2064 tes
1430 2020 1619 2064 statuto
1657 2008 1898 2079 ejusdem

300 2107 384 2149 est
414 2106 577 2167 atque
601 2096 898 2166 Imperator
920 2102 1264 2170 subs-tantae,
1293 2103 1389 2157 sed
1419 2113 1593 2157 tamen
1625 2103 1759 2157 hanc
1785 2103 1898 2157 ausi

299 2188 499 2244 laedere
546 2205 731 2260 petras
776 2192 1084 2247 dederunt:
1119 2194 1197 2249 sic
1243 2204 1297 2249 et
1338 2195 1395 2249 in
1439 2194 1766 2259 hominibus,
1794 2194 1898 2250 'etsi

300 2293 408 2332 non
442 2280 685 2348 ejusdem
716 2298 837 2335 cum
872 2283 981 2339 Deo
1004 2285 1317 2340 substantiae
1346 2297 1466 2340 sunt
1498 2284 1764 2353 homines,
1797 2287 1899 2341 sic-

300 2379 359 2422 nt
388 2387 559 2440 neque
588 2388 773 2429 revera
820 2386 977 2441 sunt,
1024 2386 1203 2433 tamen
1249 2379 1423 2449 imago
1455 2380 1624 2434 vocati
1655 2388 1814 2446 sunt,
1846 2390 1901 2435 et

300 2472 522 2532 propter
546 2466 960 2535 appellationem
991 2469 1133 2537 ipsos
1165 2470 1424 2525 honorem
1465 2471 1709 2541 recipere
1733 2486 1898 2543 opor-

302 2553 463 2607 tebat.
519 2550 598 2608 Tu
652 2571 780 2613 vero
830 2568 1052 2628 propter
1099 2561 1368 2630 paululum
1419 2562 1534 2617 auri
1588 2564 1895 2631 conculcas,

299 2646 470 2712 augis,
503 2646 693 2713 trahis,
727 2657 780 2703 et
807 2650 1006 2704 nullam
1034 2650 1207 2705 adhuc
1237 2668 1447 2721 pcenam
1480 2652 1693 2709 dedisti.

276 2817 283 2821 ψ
372 2734 424 2787 7.
457 2736 743 2808 Contingat
774 2741 931 2810 igitur
961 2742 1119 2797 hodie
1147 2743 1433 2813 quamdam
1464 2745 1656 2800 bonam
1686 2756 1740 2802 et
1766 2746 1897 2803 dex-

300 2837 467 2882 teram
512 2830 627 2885 lieri
674 2836 1045 2889 mutationem.
1101 2835 1230 2891 lllud
1265 2847 1411 2892 certe
1445 2838 1596 2894 vobis
1640 2842 1894 2910 prmdieo,

298 2929 353 2972 et
380 2931 658 2977 contestor
677 2964 693 2989 ,
740 2925 883 2995 quod
914 2927 1014 2981 etsi
1044 2926 1160 2982 lucc
1192 2929 1513 2998 pneterierit
1539 2929 1712 2987 nubes
1736 2974 1751 2996 ,
1798 2948 1897 2988 nos

298 3023 477 3068 autem
507 3015 559 3068 in
589 3016 778 3071 eodem
804 3019 1161 3074 manserimus
1196 3028 1417 3090 torpore
1438 3064 1454 3087 ,
1482 3037 1697 3077 rursum
1728 3025 1897 3081 multo

296 3103 402 3166 liis,
436 3120 558 3172 qua:
584 3107 639 3161 in
673 3111 1079 3176 prgrsentiamm
1110 3121 1490 3181 exspectantur
1512 3153 1527 3176 ,
1572 3114 1751 3183 pejora
1796 3131 1896 3184 pa-

294 3199 498 3253 tiemur
527 3217 544 3252 :
573 3201 825 3268 (promam
856 3212 911 3256 et
955 3218 1100 3259 nunc
1145 3219 1250 3258 non
1299 3212 1503 3259 tantum
1550 3205 1895 3275 Imperatoris

295 3287 427 3341 iram
449 3329 465 3353 ,
509 3302 765 3358 quantum
808 3294 1084 3362 segnitiem
1116 3305 1348 3350 vestram
1377 3297 1561 3353 timeo.
1603 3296 1718 3353 Non
1749 3302 1895 3356 enim

292 3379 503 3435 duobus
534 3391 625 3435 aut
657 3383 824 3437 tribus
851 3384 1038 3441 diebus
1075 3386 1403 3456 supplicasse
1432 3390 1587 3444 nobis
1616 3391 1682 3445 ad
1710 3392 1897 3447 defen-

289 3471 500 3525 sionem
523 3474 741 3535 sufficit,
770 3474 867 3529 sed
890 3476 1050 3532 totius
1075 3477 1195 3533 vita:
1218 3480 1563 3536 mutationem
1593 3482 1709 3538 ﬁeri
1735 3498 1893 3554 Opor-

292 3570 395 3625 tet,
446 3573 499 3617 et
550 3578 577 3617 a
620 3567 821 3619 malitia
868 3567 1191 3625 desistentes
1237 3571 1289 3625 in
1335 3574 1533 3629 virtute
1577 3589 1892 3645 permanere

289 3651 567 3707 continue.
600 3654 750 3709 Sicut
795 3658 938 3711 enim
979 3669 1334 3729 a‘grotantes,
1368 3663 1467 3718 nisi
1506 3679 1719 3735 semper
1743 3668 1891 3723 ordi-

291 3754 417 3799 nate
442 3746 693 3812 vixerint,
725 3748 866 3802 nulla
896 3748 1023 3818 ipsis
1049 3750 1346 3823 disciplina:
1375 3769 1470 3823 per
1498 3764 1608 3811 tres
1636 3766 1729 3812 aut
1756 3772 1891 3828 qna-

294 3844 415 3890 tnor
440 3836 561 3892 dies
587 3849 814 3895 servata:
840 3842 1041 3897 utilitas
1072 3859 1086 3896 :
1118 3843 1199 3899 sic
1220 3853 1275 3899 et
1306 3856 1590 3915 peccantes
1617 3848 1717 3904 nisi
1744 3862 1890 3905 sem»-

291 3940 384 3995 per
414 3927 582 3982 sobrii
614 3929 743 3994 sint,
773 3931 901 3985 nihil
938 3932 1172 4003 proderit
1198 3935 1328 4005 ipsis
1356 3936 1587 3993 duorum
1618 3939 1702 3995 vel
1730 3941 1888 3997 trium

290 4016 497 4072 dierum
527 4022 812 4075 correctio.
847 4020 914 4078 Ut
940 4025 1107 4090 enim,
1150 4024 1383 4103 dicitur,
1429 4028 1572 4083 lotus
1613 4042 1797 4100 postea
1838 4033 1889 4089 in

290 4108 403 4163 luto
433 4127 647 4167 rursum
679 4114 987 4185 inquinatus
1007 4158 1022 4184 ,
1068 4113 1200 4172 nihil
1244 4121 1466 4189 profecit
1495 4138 1509 4174 :
1540 4123 1617 4179 sic
1647 4140 1743 4191 per
1779 4134 1889 4183 tres

288 4200 405 4256 dies
432 4218 599 4273 agens
636 4208 1034 4277 Imnitentiam,
1064 4222 1118 4267 et
1147 4228 1360 4269 rursum
1390 4215 1455 4271 ad
1490 4217 1667 4287 priora
1699 4236 1888 4278 rever-

290 4301 430 4358 tens,
461 4296 595 4349 nihil
627 4298 865 4355 lucratus
893 4311 994 4357 est.

363 4383 536 4442 Terre:
558 4399 721 4443 motus
748 4394 1029 4463 frequentes
1050 4396 1351 4462 Antiochia
1372 4426 1441 4441 -ι
1462 4402 1538 4457 Ne
1567 4403 1724 4474 igitur
1742 4407 1886 4477 quod

285 4489 505 4546 seraper
530 4479 775 4549 facimus,
800 4483 900 4540 hoc
921 4496 975 4541 et
996 4504 1136 4543 nunc
1161 4489 1435 4549 faciamus.
1467 4496 1677 4552 Etenim
1702 4507 1889 4555 terra:-

289 4569 522 4624 motzbus
549 4573 747 4641 sepius
775 4580 1353 4646 comprehendentibus
1373 4627 1387 4651 ,
1430 4596 1485 4641 et
1528 4587 1668 4645 fame
1696 4601 1749 4645 et
1776 4594 1886 4647 sic-

289 4657 447 4714 citate
466 4701 482 4723 ,
528 4662 698 4719 tribus
726 4668 807 4721 vel
836 4679 1066 4737 quatuor
1106 4674 1295 4730 diebus
1318 4658 1599 4736 moderati
1628 4693 1682 4738 et
1730 4701 1881 4739 mau-

288 4754 552 4809 soetiores
582 4756 701 4810 tacti
729 4800 742 4819 ,
776 4776 961 4851 rursus
984 4764 1049 4818 ad
1080 4767 1252 4834 priora
1287 4772 1605 4831 redlvimus.
1640 4787 1885 4847 propter-

286 4856 454 4911 eaque
482 4843 601 4899 hac
627 4843 956 4908 acciderunt.
992 4854 1099 4909 Sed
1138 4857 1182 4912 si
1216 4876 1324 4912 non
1360 4862 1506 4930 pritts
1528 4905 1542 4926 ,
1592 4843 1752 4922 nunc:
1777 4870 1882 4923 sai-

288 4940 389 4988 tem
442 4934 494 4989 in
544 4937 734 4993 eadem
785 4957 1195 5011 pennam-anius
1245 4953 1478 5017 pietate,
1531 4964 1585 5009 et
1634 4958 1879 5013 eauidem

284 5027 751 5092 mansuetudinem
778 5048 1075 5105 servemus,
1106 5055 1172 5095 ne
1201 5058 1411 5100 rursum
1438 5048 1609 5102 altero
1639 5050 1878 5121 indigea-

286 5132 407 5212 mus
430 5118 662 5186 flagello.
689 5124 880 5180 Annon
903 5139 1110 5197 poterat
1135 5132 1272 5188 Dens
1296 5152 1377 5199 ea,
1402 5153 1520 5207 qme
1544 5118 1876 5212 acciderunt,

285 5210 621 5276 prohiberet
670 5217 777 5271 Sed
824 5222 1085 5289 permisit,
1134 5234 1188 5279 ut
1234 5241 1293 5282 se
1330 5240 1739 5289 contemnentes
1785 5210 1879 5304 per

281 5304 527 5397 tit-inserti
560 5317 758 5362 luctum
787 5313 1143 5371 modestiores
1167 5318 1425 5377 efficeret.
1460 5322 1573 5377 Non
1604 5326 1732 5379 tnihi
1759 5329 1877 5397 quis

281 5391 419 5446 dicat
444 5435 459 5459 ,
500 5397 645 5463 quod
695 5400 848 5455 multi
890 5407 1124 5461 sontium
1168 5408 1510 5480 eﬂ'ugerunt,
1557 5417 1707 5471 multi
1748 5391 1876 5473 vero

284 5482 574 5539 insontium
625 5504 836 5557 ptenam
887 5495 1164 5553 subierunt
1200 5517 1214 5554 :
1246 5502 1444 5557 etenim
1492 5505 1594 5559 hoc
1636 5507 1875 5564 dicentes

280 5575 482 5631 multos
509 5577 706 5647 sepius
746 5581 938 5649 audio,
968 5602 1074 5641 non
1119 5588 1170 5643 in
1212 5594 1462 5661 prznsettti
1495 5603 1700 5651 tantum
1726 5599 1871 5655 sedl-

280 5666 443 5759 tione,
480 5671 659 5734 sed.et
692 5673 744 5727 in
770 5675 888 5730 aliis
917 5680 1097 5733 multis
1127 5680 1431 5751 lmjnsmodi
1455 5690 1706 5759 negotiis.
1734 5691 1870 5758 Quid

280 5754 439 5827 igitur
493 5762 615 5816 talia
663 5764 1036 5833 objicientibus
1087 5770 1423 5831 dicendum?
1472 5754 1624 5848 Quod
1670 5754 1774 5840 etsi
1817 5782 1869 5839 in

589 5862 860 5924 PATROL.
909 5869 1024 5926 tiu.
1079 5870 1130 5927 .\
1144 5878 1208 5927 LI
1222 5872 1296 5934 Χ

2011 457 2266 527 prasenti
2318 456 2581 510 seditione
2630 455 2814 510 insons
2860 464 2975 508 erat
3027 453 3073 507 is
3130 452 3221 524 qui
3268 462 3456 524 captus
3503 466 3611 515 est,

2017 559 2194 601 tamen
2225 548 2368 601 aliud
2397 556 2679 612 peceatum
2727 547 3016 617 aliquando
3058 546 3277 617 gravius
3316 547 3612 608 conmisit,

2014 637 2214 691 deinde
2243 652 2349 690 non
2397 648 2652 696 mutatus.
2685 652 2829 693 nunc
2859 652 3042 707 ναιιιλε
3070 637 3235 691 dedit.
3270 637 3483 691 Etenim
3513 637 3614 691 hoc

2014 729 2189 783 facere
2216 730 2358 783 Deos
2379 729 2657 782 consuevit
2686 746 2701 783 :
2728 728 2852 782 eum
2886 730 3288 799 peceaverimns
3308 769 3323 792 ,
3362 742 3474 782 non
3501 736 3605 781 sta-

2012 820 2106 873 tim
2129 830 2349 891 peccata
2381 821 2671 884 ulciscitur,
2700 821 2796 875 sed
2820 821 3070 886 remittit,
3095 820 3229 874 dans
3256 820 3413 875 nobis
3441 818 3611 890 parui-

2014 912 2194 964 tentiae
2222 918 2434 977 tempus
2459 951 2474 975 ,
2520 921 2576 964 nt
2622 912 2957 980 corrigantur
2985 922 3033 965 et
3066 920 3368 974 metemur;
3414 910 3460 964 si
3488 926 3613 964 vero

2012 1002 2154 1069 quod
2187 1019 2291 1055 non
2325 1018 2508 1071 pmnas
2540 1002 2848 1056 dederimus
2868 1042 2883 1065 ,
2920 986 3193 1071 peceatum
3220 1001 3460 1056 deletum
3490 1014 3612 1055 esse

2011 1094 2398 1159 existimantes,
2424 1095 2942 1163 emrtempserimos,
2971 1095 3063 1149 ubi
3098 1110 3202 1147 non
3234 1104 3498 1163 putamus,
3536 1094 3607 1145 .bt

2008 1185 2278 1254 postth
2312 1186 2539 1239 omnino
2568 1186 2867 1255 eapiemnr.
2919 1184 3031 1238 lloc
3071 1186 3259 1238 autem
3281 1185 3369 1248 lit,
3404 1192 3458 1236 ut
3487 1198 3609 1236 cum

2007 1278 2448 1348 peccaveritnus,
2482 1289 2537 1333 et
2568 1292 2674 1332 non
2719 1277 2980 1333 fuerimus
3008 1277 3196 1345 puniti,
3226 1293 3337 1332 non
3369 1276 3609 1331 conlidu-

2013 1385 2159 1434 mus,
2214 1372 2337 1438 nisi,
2364 1370 2620 1425 fuerimus
2650 1370 2860 1434 mutati,
2906 1369 3140 1425 scientes
3185 1368 3325 1440 quod
3371 1368 3459 1422 ubi
3503 1384 3610 1422 non

2009 1470 2259 1531 putamus
2286 1463 2505 1516 omnino
2548 1462 2821 1515 cadcmus.
2872 1460 3053 1531 Itaque
3094 1462 3138 1516 si
3183 1460 3508 1529 peccaveris,
3557 1469 3614 1513 et

2012 1553 2227 1622 punitus
2255 1568 2359 1606 non
2393 1548 2556 1607 fueris
2580 1596 2595 1617 ,
2628 1565 2696 1607 ne
2724 1558 3038 1609 contemnas
3059 1595 3073 1614 ,
3102 1549 3329 1617 dilecte;
3364 1545 3456 1606 sed
3489 1563 3612 1620 pro-

2012 1656 2129 1712 p'er
2166 1642 2272 1696 hoc
2317 1644 2491 1712 ipsmn
2524 1644 2691 1713 magis
2738 1646 2887 1710 time,
2935 1645 3112 1699 sciens
3140 1644 3281 1715 quod
3314 1641 3468 1698 facile
3500 1639 3613 1697 Deo

2010 1738 2362 1806 estquando
2395 1738 2540 1800 velit,
2575 1738 2766 1791 iterum
2813 1737 3129 1792 retribuere.
3164 1735 3289 1791 ldeo
3316 1736 3458 1790 enim
3498 1744 3611 1788 111111

2014 1837 2065 1882 te
2107 1845 2211 1881 non
2259 1829 2489 1896 punivit,
2542 1838 2600 1882 ut
2648 1828 2846 1882 habeas
2889 1828 3218 1897 paenitentire
3264 1837 3494 1896 tempus.
3532 1825 3613 1880 No

2012 1920 2170 1988 igitur
2213 1919 2475 1981 dicamus,
2521 1915 2661 1989 quod
2708 1898 2933 1973 diutine
2976 1929 3173 1973 carens
3216 1918 3306 1971 ille
3328 1916 3607 1981 ceciderit,

2009 2008 2146 2067 alter
2173 2028 2301 2067 vero
2327 2010 2583 2067 facinoris
2608 2023 2797 2066 aut-tur
2823 2007 3089 2082 rmiger-it.
3122 2009 3383 2066 Innocens
3406 2010 3606 2063 ctenim

2009 2105 2246 2173 punitus,
2291 2114 2353 2158 ut
2394 2115 2521 2159 ante
2566 2103 2712 2169 dixi,
2760 2097 2989 2157 aliorum
3036 2110 3373 2171 peccatorum
3421 2112 3609 2169 [)(Blltls

2012 2188 2107 2248 luit
2136 2205 2153 2247 ':
2186 2204 2239 2249 et
2272 2194 2359 2266 q‘ui
2392 2209 2532 2249 nunc
2564 2188 2765 2264 effugit,
2798 2190 2897 2248 nisi
2931 2198 3165 2248 mutatos
3195 2193 3386 2255 fuerit,
3421 2193 3473 2246 in
3503 2192 3610 2245 alio

2007 2287 2249 2356 capietur
2293 2286 2503 2357 laqueo.
2552 2285 2608 2340 Si
2654 2286 2731 2339 sic
2774 2277 3019 2355 diSpositi
3066 2285 3269 2347 simus,
3313 2296 3605 2351 mnnqoam

2010 2378 2348 2449 propriorttm
2398 2378 2776 2433 obliviscamur
2820 2388 3197 2447 peccatorum,
3246 2376 3339 2447 sed
3389 2390 3607 2444 semper

2010 2469 2279 2533 timentes,
2315 2478 2638 2535 trementes,
2672 2484 2739 2523 ne
2768 2468 2982 2540 quando
3011 2467 3299 2523 subeamus
3325 2464 3603 2537 judicium,

2008 2563 2115 2617 cito
2142 2563 2378 2631 ipsorutn
2411 2561 2831 2617 recordabimur.
2859 2553 3003 2616 Nihil
3035 2561 3174 2616 enim
3202 2560 3280 2616 sic
3308 2571 3522 2629 peccata
3552 2559 3605 2613 in

2010 2656 2329 2710 memoriam
2351 2665 2608 2710 revocare
2630 2654 2928 2715 'ctmsucvit,
2954 2662 3013 2708 ut
3040 2668 3193 2723 paena
3214 2662 3270 2707 et
3292 2652 3603 2721 castigatio:

2004 2756 2059 2799 et
2101 2742 2208 2801 hoc
2252 2744 2591 2801 manifestum
2619 2761 2687 2800 ex
2736 2738 2987 2800 fratribus
3015 2737 3240 2814 Ioseph.
3286 2741 3420 2798 Cum
3461 2741 3605 2797 enim

2009 2831 2081 2891 illi
2108 2836 2313 2908 justum
2340 2836 2743 2904 Vendidissent,
2775 2846 2831 2891 et
2870 2831 3128 2891 tredecim
3156 2835 3284 2889 anni
3312 2835 3607 2905 praeteriis-

2005 2937 2159 2996 Sent,
2190 2924 2370 3000 puniri
2402 2933 2702 2986 metuentes
2722 2972 2738 2997 ,
2767 2940 2822 2986 et
2851 2923 2918 2985 de
2948 2929 3053 2984 vita
3076 2930 3332 2984 timentes
3353 2972 3368 2995 ,
3402 2930 3607 3000 peccati

2005 3022 2269 3076 recordati
2301 3031 2447 3087 sunt,
2478 3031 2535 3076 et
2562 3022 2700 3076 inter
2726 3036 2785 3077 se
2809 3020 3059 3076 dicebant
3084 3031 3102 3075 t
3130 3017 3275 3075 Certe
3299 3036 3320 3073 :
3348 3021 3400 3073 iu
3428 3035 3606 3089 pecca-

2004 3115 2068 3168 tis
2093 3115 2225 3168 enim
2254 3131 2429 3167 suinns
2474 3125 2679 3185 prapter
2716 3110 2926 3181 fratrem
2970 3122 3197 3166 nouram
3223 3110 3417 3181 Ioseph
3447 3109 3600 3183 (Gen.

2001 3204 2092 3259 42.
2119 3204 2234 3275 21).
2268 3203 2427 3259 Vides
2450 3198 2719 3275 quomodo
2765 3204 2923 3258 11111111·
2950 3196 3042 3258 ille
3088 3203 3232 3274 ipsos
3270 3203 3473 3272 peccati
3514 3202 3599 3255 sui

2001 3294 2455 3355 commonefecit?
2503 3299 2569 3354 Et
2615 3295 2833 3368 quando
2882 3296 3176 3367 peccabant
3228 3296 3444 3366 quidem
3495 3311 3607 3350 non

2000 3392 2305 3448 sentiebant
2338 3410 2353 3447 :
2382 3385 2598 3464 quando
2628 3402 2756 3447 vcro
2782 3385 2958 3463 puniri
2985 3391 3327 3456 metuebant,
3358 3400 3482 3446 tunc
3511 3406 3600 3445 re-

2000 3477 2205 3543 cordati
2240 3490 2382 3541 sunt.

2076 3570 2294 3632 Horatio
2322 3578 2629 3632 exhortatio.
2657 3607 2728 3619 —
2767 3577 2895 3634 llaec
2934 3577 3093 3649 igitur
3120 3576 3300 3632 omnia
3345 3578 3603 3641 scientes,

2001 3667 2163 3721 vitam
2195 3676 2402 3723 mutare
2432 3662 2658 3723 velimus
2697 3681 2752 3724 et
2779 3670 3049 3739 corrigere
3069 3710 3085 3736 ,
3118 3678 3173 3725 et
3199 3678 3325 3724 ante
3354 3669 3603 3727 instantis

1996 3761 2259 3830 angustia:
2286 3751 2658 3817 liberationem
2701 3754 2771 3818 de
2811 3752 3067 3833 religione
3096 3771 3150 3817 et
3181 3764 3379 3817 virtute
3402 3762 3601 3831 cogite:

1999 3868 2139 3908 mils.
2192 3853 2261 3908 Et
2306 3853 2523 3909 interim
2573 3854 2672 3911 tria
2718 3854 2872 3909 vobis
2918 3853 3169 3908 mandata
3222 3840 3601 3908 commendare

1999 3938 2143 4011 volo,
2172 3956 2229 4000 111
2255 3942 2372 4001 lucc
2398 3944 2527 4001 mihi
2554 3936 2606 4001 in
2629 3946 2833 4017 jejunio
2862 3947 3127 4016 pnestetis
3151 3964 3165 3999 :
3197 3946 3401 4003 nemini
3422 3946 3602 4001 detra-

1998 4028 2159 4102 hatis,
2210 4037 2481 4095 inimicum
2528 4030 2771 4096 habeatis
2798 4039 3095 4104 neminem,
3125 4050 3176 4095 et
3204 4056 3418 4094 onmem
3449 4052 3601 4109 pror-

1997 4145 2088 4185 sus
2112 4144 2179 4186 ex
2208 4138 2303 4185 ore
2332 4132 2528 4187 malam
2563 4131 2991 4201 juramenturum
3035 4131 3475 4187 consuetudinem
3506 4148 3600 4187 es-

2002 4214 2232 4293 pellatis.
2265 4224 2331 4278 Et
2362 4224 2499 4279 sicut
2526 4240 2647 4280 cum
2678 4240 2868 4280 aurum
2901 4226 3215 4297 imperatum
3248 4218 3598 4289 audierimus,

1997 4319 2181 4374 abiens
2210 4319 2435 4390 quisque
2478 4308 2696 4374 domum
2737 4330 2790 4375 et
2821 4335 3041 4376 uxorem
3072 4334 3269 4375 vocans
3289 4361 3303 4386 ,
3336 4324 3392 4375 ct
3436 4319 3597 4382 filios,

1995 4420 2049 4467 et
2074 4426 2289 4476 servos,
2323 4402 2628 4466 considerat
2656 4423 2776 4467 cum
2806 4412 2911 4467 illis
2937 4412 2992 4466 et
3033 4405 3302 4467 consultat
3331 4410 3473 4467 unde
3504 4412 3592 4466 tri-

1997 4504 2181 4558 butum
2214 4504 2342 4557 illud
2369 4512 2555 4574 eroget
2584 4521 2597 4557 :
2630 4503 2710 4558 sic
2740 4512 2794 4557 et
2825 4502 2877 4557 in
2906 4503 3173 4558 tuatidatis
3199 4503 3283 4557 his
3307 4502 3597 4573 spirituali-

1995 4597 2095 4652 bus
2132 4595 2411 4651 faciamus.
2448 4597 2670 4651 Domum
2699 4596 2923 4667 quisque
2949 4612 3226 4667 regressus
3247 4634 3264 4663 ,
3290 4610 3514 4653 uxorem
3543 4600 3597 4651 et

1994 4687 2135 4742 lilios
2166 4696 2319 4742 vocet
2342 4698 2398 4743 et
2423 4688 2566 4743 dicat
2592 4705 2605 4742 :
2635 4689 2917 4743 'l‘ribntum
2943 4690 3218 4759 spirituale
3238 4689 3397 4745 hodie
3426 4690 3598 4759 impo-

1992 4779 2153 4831 situm
2182 4787 2286 4843 est,
2321 4779 2601 4844 tributum,
2646 4780 2862 4850 inquam
2883 4821 2898 4844 ,
2928 4795 3023 4850 per
3051 4776 3193 4851 quod
3220 4781 3323 4836 erit
3348 4780 3597 4852 quadam

1993 4869 2183 4924 horum
2214 4869 2474 4926 malorum
2502 4862 2699 4928 solutio
2726 4880 2780 4926 et
2807 4872 3082 4937 liberatio,
3125 4873 3382 4931 tributum
3403 4911 3421 4940 ,
3449 4870 3593 4942 quod

1990 4963 2331 5018 conferentes
2356 4979 2461 5017 non
2492 4980 2770 5033 pauperes,
2798 4965 2892 5019 sed
2917 4963 3140 5021 ditiores
3168 4964 3315 5029 facit,
3340 4974 3399 5019 nt
3423 4967 3593 5021 nemi-

1990 5068 2113 5108 nem
2146 5054 2418 5109 inimicum
2468 5045 2798 5123 habeamus,
2827 5052 3177 5112 detrahamus
3218 5052 3460 5123 nemini,
3492 5073 3596 5112 nec

1988 5148 2209 5200 omnino
2233 5147 2495 5215 iuremus.
2526 5140 2962 5214 Consideremns,
2984 5165 3168 5205 curam
3193 5166 3435 5220 agamus,
3463 5165 3595 5205 con-

1987 5236 2267 5301 sultemus,
2296 5240 2566 5309 quomodo
2595 5232 2711 5296 haec
2742 5240 3060 5310 impleamus
3100 5242 3385 5308 rotundata;
3428 5254 3585 5296 omne

1988 5320 2357 5398 impendamus
2386 5324 2618 5387 studium
2639 5373 2655 5397 ,
2697 5346 2794 5386 nos
2826 5332 2967 5387 alter
2988 5334 3216 5388 alterum
3245 5348 3590 5395 commonea-

1986 5435 2125 5486 mus,
2158 5419 2295 5476 alter
2318 5415 2546 5478 alterum
2573 5424 2904 5493 corrigamus
2926 5465 2938 5486 ,
2972 5434 3026 5477 ut
3056 5440 3164 5490 non
3192 5423 3461 5479 debitores
3488 5424 3587 5477 ab-

1983 5525 2170 5567 eamus
2214 5506 2377 5581 illue,
2418 5514 2615 5570 deinde
2664 5516 2892 5570 mutuari
2936 5515 3004 5569 ab
3049 5517 3169 5570 aliis
3211 5516 3404 5580 cincti,
3450 5513 3580 5567 illud

1982 5602 2124 5671 quod
2154 5603 2385 5673 virgines
2426 5604 2585 5660 fatua:
2631 5606 2930 5676 patiamur,
2975 5615 3029 5661 et
3075 5606 3359 5661 immortali
3406 5604 3587 5659 saluto

1981 5696 2311 5751 excidatnus.
2340 5697 2395 5754 Si
2426 5699 2504 5754 sic
2532 5708 2728 5753 nostra:
2766 5699 3108 5754 instituamus
3137 5698 3260 5752 vitae
3290 5695 3580 5752 rationem.

1983 5786 2106 5845 hinc
2140 5786 2293 5847 vobis
2322 5796 2563 5863 Spondeo
2606 5800 2661 5846 et
2705 5790 2959 5862 polliceor
2982 5830 3001 5859 ,
3030 5788 3174 5861 11111111
3201 5798 3255 5842 et
3297 5788 3586 5860 pra-sentit
