4196 6316
596 321 665 375 ss
1315 326 1366 384 s.
1403 327 1680 384 JOANNIS
1715 325 2188 391 cnnvsosrout
2223 317 2538 396 tuentur.
2573 340 3116 400 consumma.
3797 349 3868 404 eo

592 438 907 493 i-alamitatis
927 441 1102 512 siqua
1117 443 1320 526 solutio
1338 417 1570 510 dabitur,
1597 454 1653 501 et
1674 447 1893 502 istorum
1916 447 2173 504 malorum
2279 453 2576 510 suetudinis
2615 457 2910 513 custodiam
2950 459 3246 529 prudenter
3282 460 3681 516 exhibuerimus
3703 503 3717 520 .
3744 475 3780 515 c
3803 477 3873 516 nu

578 527 877 602 Iiiberatio:
917 537 972 584 ct
1013 532 1154 600 quod
1198 535 1447 590 omnibus
1494 537 1666 607 majus
1707 546 1828 605 est,
1878 537 2175 596 futurorum

573 614 796 673 fructus
840 619 1125 677 bonorum.
1173 623 1465 693 Oportebat
1508 627 1721 698 quidem
1767 644 1987 686 omnem
2025 631 2193 701 vobis.

595 708 852 782 mandare
879 713 1150 776 virtutem,
1199 715 1293 770 sed
1327 716 1465 772 hunc
1510 732 1630 774 esse
1654 719 2006 778 correctionis
2039 721 2181 793 cpti-

595 815 747 855 mum
788 802 1004 858 modum
1054 815 1199 873 puto,
1249 816 1303 862 ut
1346 821 1446 877 per
1487 819 1665 878 partes
1708 811 1880 881 legem
1909 823 2181 884 acceptam

597 892 949 962 impleamus,
994 905 1048 949 et
1077 904 1187 950 tum
1231 897 1297 952 ad
1337 899 1470 955 alias
1499 910 1804 970 pergamus.
1849 902 1999 958 Sient
2041 904 2182 958 enim

599 999 730 1054 agro
771 987 1044 1054 proposito
1069 1029 1082 1054 ,
1128 989 1358 1058 agricola
1404 991 1653 1060 paulatim
1688 993 1911 1049 fodiens
1935 1036 1948 1059 ,
1995 994 2076 1050 sic
2118 994 2186 1049 ad

593 1075 758 1130 finem
779 1077 923 1130 venit
948 1094 961 1130 :
988 1077 1067 1132 sic
1092 1087 1148 1133 et
1171 1093 1270 1133 nos
1294 1081 1338 1134 si
1366 1081 1536 1151 legem
1562 1080 1701 1137 hanc
1728 1084 1880 1138 nobis
1906 1099 2187 1152 ponamus,

598 1172 654 1218 ut
680 1180 778 1234 per
805 1164 1277 1239 Quadragesimam
1314 1180 1632 1240 praesentem
1665 1172 1779 1227 hmc
1806 1174 1906 1228 tria
1937 1174 2185 1229 mandata

601 1256 883 1328 diligenter
919 1274 1292 1326 exerceamus,
1324 1263 1507 1332 procul
1535 1263 1697 1319 dubio
1725 1276 1845 1320 cum
1876 1267 2030 1331 home
2055 1281 2184 1323 eon-

2284 545 2488 616 majorc
2517 548 2766 604 facilitate
2790 557 2845 604 et
2870 548 2938 604 ad
2965 551 3167 619 reliqua
3194 552 3494 616 veniemus,
3526 561 3579 607 et
3605 550 3672 606 ad
3700 551 3874 620 ipsum

2281 635 2577 708 disciplinae
2622 641 2876 697 verticem
2921 641 3340 712 pervenientes,
3395 651 3506 698 tum
3554 653 3876 714 praesentem

2283 727 2444 783 vitam
2459 728 2602 785 bona
2623 745 2743 786 cum
2767 747 2861 801 spe
2882 735 3253 804 transigemus,
3278 742 3389 788 tum
3405 743 3462 791 et
3483 735 3536 789 in
3557 733 3733 790 futura
3753 748 3878 792 cum

2287 821 2452 876 multa
2487 820 2702 878 Christo
2743 821 2936 880 fiducia
2965 827 3277 882 assistemus
3305 835 3360 882 et
3387 828 3601 882 areanis
3641 829 3884 883 fruemur

2287 912 2443 968 bouis
2472 931 2485 968 :
2517 929 2636 985 qua:
2664 931 2761 970 nos
2790 917 3006 988 assequi
3044 917 3230 985 detur,
3262 918 3431 986 gratia
3473 927 3529 974 et
3557 918 3886 990 benignitate

2291 1005 2501 1062 Domini
2533 1008 2698 1062 nostri
2746 1007 2871 1064 Jesu
2914 1009 3151 1077 Christi,
3203 1025 3300 1079 per
3325 1025 3485 1079 quem
3528 1018 3584 1066 et
3611 1024 3733 1066 eum
3778 1026 3886 1080 quo

2290 1096 2457 1166 gloria
2490 1097 2632 1153 Patri
2662 1099 2766 1155 una
2791 1114 2915 1155 cum
2946 1109 3133 1156 sancto
3157 1100 3379 1172 Spiritu,
3413 1101 3466 1155 in
3496 1101 3692 1157 saecula
3715 1117 3888 1158 sacu-

2293 1187 2486 1242 iorum.
2514 1190 2704 1245 Amen.

602 1381 3884 1420 .————__.__..._.._____.._......__.___._____.______.___________

601 1475 1010 1547 nxuonn‘no
1039 1479 1122 1528 ab
1149 1483 1441 1529 coruum
1469 1487 1552 1529 ne
1575 1465 1914 1531 'm'rtns‘ru
1948 1489 2029 1531 er
2055 1487 2189 1532 τοι]

2295 1493 2481 1545 .NTIA,
2515 1496 2592 1538 ΔΒ
2621 1497 2933 1542 EXEMPLIS
2960 1499 3074 1543 JOB
3117 1501 3197 1544 ΒΤ
3238 1501 3444 1546 TRIUM
3487 1501 3834 1546 Ριπιειοιιυκ
3871 1527 3887 1544 .

1711 1586 1792 1629 ΕΤ
1834 1587 1916 1629 DE
1970 1589 2386 1636 ABSTINENTIA
2430 1596 2466 1638 Δ
2507 1594 2929 1644 ιυκλιιεκτῐε.

2048 1677 2458 1772 mare

1149 1843 1360 1889 ηοειιιλ
1399 1849 1604 1898 ΩΒΑΒΤΛ
1617 1877 1629 1891 .

673 1924 726 1976 i.
757 1922 1072 1979 Benedictus
1116 1925 1261 1980 Deus
1285 1967 1298 1990 ,
1329 1927 1417 1996 qui
1460 1927 1704 1983 dolentes
1733 1929 1939 1984 animas
1980 1938 2188 1986 vestras

600 2014 906 2069 consolatus
943 2023 1061 2081 est,
1108 2026 1164 2071 et
1207 2015 1517 2074 vacillantes
1561 2029 1766 2074 mentes
1814 2020 2186 2077 conﬁrmavit:

599 2100 920 2176 quod‘enim
973 2124 1263 2181 congruam
1309 2112 1561 2182 ceperitis
1599 2114 2058 2180 consolationem,
2095 2131 2192 2187 per

603 2195 836 2250 studium
867 2195 967 2253 hoc
990 2208 1044 2253 et
1073 2199 1322 2254 audiendi
1354 2201 1823 2272 promptitudinem
1853 2203 2190 2259 demonstra-

604 2288 692 2340 tis.
725 2285 839 2342 Non
870 2289 1011 2344 enim
1054 2292 1231 2358 datur,
1264 2295 1498 2347 animam
1547 2292 1817 2350 dolentem
1861 2303 1917 2351 et
1963 2295 2193 2352 tristitia:

604 2377 745 2431 nube
761 2450 764 2454 ι
772 2393 1010 2446 pressam
1034 2394 1192 2449 posse
1212 2396 1331 2449 qua:
1352 2382 1608 2436 dicuntur
1630 2397 1749 2438 cum
1768 2384 2192 2455 tromptitudino

601 2462 821 2533 audire;
854 2482 949 2523 vos
977 2479 1154 2530 autem
1186 2470 1345 2526 video
1369 2486 1493 2526 cum
1521 2472 1689 2528 multa
1742 2463 2113 2532 benevolentia
2140 2487 2194 2533 et

601 2556 713 2611 acri
744 2556 922 2613 studio
948 2561 1102 2615 nobis
1131 2555 1471 2619 attendentes
1516 2565 1768 2621 omnibus
1812 2567 2054 2624 tristibus
2100 2584 2194 2625 ex-

603 2640 807 2730 cussis,
854 2657 908 2722 et
948 2639 1199 2708 audiendi
1247 2653 1515 2731 desiderio
1567 2657 1852 2731 instantem
1895 2660 2189 2729 angustiam

600 2728 888 2808 repulisse.
916 2739 1209 2809 Propterea
1243 2728 1647 2800 Deo-vobiscum
1673 2746 1874 2817 gratias
1900 2728 2019 2820 ago,
2050 2751 2189 2819 quod

602 2827 992 2907 philosophiam
1025 2842 1259 2889 vestram
1290 2836 1504 2891 miseria
1534 2829 1640 2892 non
1668 2837 1887 2902 vicerit,
1921 2855 2018 2895 nec
2046 2843 2194 2912 vigo-

600 2932 714 2977 rem
737 2932 971 2979 rcstrum
1001 2913 1162 2979 timor
1181 2927 1473 2993 remiserit,
1499 2945 1597 2984 nec
1613 2930 1941 2986 alacritatem
1959 2941 2189 2988 vestram

600 3009 1247 3082 exstinxerit'trihulatio,
1283 3033 1382 3074 nec
1406 3017 1719 3076 labefcce'rit
1748 3023 1920 3077 zelum
1953 3032 2187 3079 vestrum

603 3105 821 3173 periculi
850 3108 1177 3177 magnitudo,
1198 3091 1301 3164 'ncc
1328 3113 1656 3181 superaverit
1681 3125 1916 3170 amorem
1945 3115 1998 3170 in
2024 3115 2189 3170 Deum

608 3193 882 3251 hominum
912 3198 1106 3265 timor,
1137 3214 1238 3256 nec
1266 3201 1498 3255 studium
1527 3212 1768 3257 vestrum
1799 3204 2055 3274 temporis
2083 3206 2187 3260 iui-

603 3287 778 3356 quitas
807 3287 1062 3358 deiecerit
1091 3309 1104 3345 :
1130 3307 1234 3345 non
1266 3300 1469 3347 tantum
1503 3307 1605 3348 non
1638 3293 1850 3364 dejecit,
1875 3295 1967 3350 séd
1989 3306 2042 3350 et
2065 3311 2190 3352 con-

611 3377 840 3433 firmavit
869 3397 881 3433 :
914 3395 1018 3434 non
1061 3390 1264 3436 tantum
1297 3399 1401 3438 non
1434 3385 1665 3449 remisit,
1695 3384 1787 3440 sed
1822 3396 1881 3441 et
1919 3385 2146 3443 intendit
2175 3407 2186 3442 :

607 3485 710 3524 non
743 3481 946 3526 tantum
973 3488 1080 3528 non
1108 3476 1392 3539 exstinxit,
1425 3477 1520 3530 sed
1565 3487 1620 3531 et
1659 3478 1886 3549 amplius
1921 3479 2186 3536 accendit.

603 3561 929 3619 Ettacuatum
947 3566 1160 3634 quidem
1190 3567 1359 3621 forum
1378 3578 1478 3635 est,
1497 3569 1592 3623 sed
1609 3570 1831 3626 ecclesia
1855 3573 2054 3642 repleta
2081 3572 2186 3644 (tt):

604 3648 731 3706 illud
763 3653 936 3708 luctus
960 3655 1201 3717 materia,
1235 3656 1353 3710 hare
1381 3657 1559 3726 gaudii
1588 3668 1641 3713 et
1667 3659 1865 3714 lmtitize
1900 3661 2191 3730 spiritualis

602 3742 832 3797 occasio.
859 3743 988 3798 Cum
1024 3745 1182 3815 igitur
1209 3745 1260 3799 in
1289 3744 1461 3802 forum
1489 3756 1539 3803 te
1562 3749 1869 3816 contuleris,
1898 3750 2111 3817 dilecte,
2138 3761 2190 3807 et

605 3833 945 3890 solitudinem
972 3837 1314 3905 conspicatus
1354 3839 1698 3909 ingemueris,
1723 3843 1951 3912 confuge
1975 3843 2043 3897 ad
2079 3859 2193 3897 ma-

604 3925 769 3986 trem.
817 3935 870 3982 et
912 3930 1089 3982 statim
1138 3939 1187 3984 te
1222 3931 1557 4001 propriorum
1597 3931 1823 3988 filiorum
1855 3934 2192 3990 multitudine

603 4011 982 4086 consoiahitur,
1014 4029 1069 4074 et
1095 4019 1387 4091 perfectum
1419 4023 1664 4078 ostendet
1695 4024 1787 4079 tibi
1816 4024 2033 4079 fratrum
2061 4026 2190 4081 cho-

604 4124 756 4174 rum,
788 4118 842 4164 et
868 4125 1080 4166 onmem
1115 4111 1384 4166 tristitiam
1427 4114 1672 4182 repellet.
1706 4112 1761 4168 In
1808 4115 1937 4170 urbe
1977 4115 2190 4185 quidem

605 4200 746 4253 viros
775 4213 996 4253 cernere
1021 4201 1391 4255 desideramus
1413 4209 1681 4273 tamquam
1709 4204 1924 4260 deserta
1956 4206 2192 4262 habitan-

604 4289 720 4354 tes;
754 4289 804 4343 in
836 4290 1113 4345 ecclesiam
1144 4307 1272 4345 vero
1297 4293 1663 4364 confugientes
1690 4297 2023 4354 multitudine
2050 4315 2191 4356 com-

603 4377 899 4447 primituur.
923 4379 989 4434 Et
1007 4381 1455 4451 quemadmodum
1479 4385 1611 4439 mari
1637 4397 1913 4456 aestuante,
1936 4400 1989 4444 et
2011 4392 2192 4447 multis

604 4464 850 4540 procellis
877 4470 1101 4560 furente
1121 4514 1138 4540 ,
1177 4475 1242 4528 ad
1272 4487 1481 4545 portum
1509 4476 1797 4560 coniugem
1823 4481 1980 4535 timor
2006 4498 2193 4540 onmes

603 4563 744 4630 cogit
769 4578 782 4614 :
808 4547 888 4617 ne
921 4565 994 4619 et"
1027 4579 1168 4620 nunc
1215 4565 1317 4621 fori
1364 4568 1613 4637 procella:
1641 4547 1697 4625 et
1735 4547 1964 4628 civitatis
2023 4574 2193 4630 hiems

603 4657 792 4710 omnes
825 4656 880 4710 in
909 4658 1188 4712 ecclesiam
1218 4659 1449 4730 undique
1483 4663 2194 4733 compellunt,etch'aritatis

602 4747 813 4801 vinculo
827 4750 1069 4826 membra
1089 4750 1227 4805 inter
1248 4765 1305 4806 se
1327 4753 1717 4824 constringunt.
1737 4753 1946 4811 Gratias
1977 4767 2193 4826 agamus

602 4838 764 4906 igitur
795 4842 849 4892 et
876 4831 1092 4909 prepﬂr
1122 4844 1237 4896 lucc
1270 4842 1382 4896 Deo
1404 4884 1417 4907 ,
1439 4843 1588 4913 quod
1619 4853 1824 4899 tantum
1869 4857 1935 4901 ex
1975 4849 2194 4901 tribula-

604 4930 746 4984 tione
778 4934 1075 4997 carpsimus
1102 4934 1521 4990 emolumentum
1540 4978 1555 5003 ,
1581 4936 1724 5008 quod
1754 4944 1952 4992 tantam
1993 4954 2056 4993 cx
2089 4949 2195 4994 ten-

605 5021 804 5075 tatinn‘e
837 5019 1112 5078 utilitatem
1143 5027 1401 5095 cepimus.
1427 5025 1536 5081 Nisi
1569 5030 1812 5093 tentatio,
1837 5044 1934 5083 nec
1956 5045 2150 5085 corona
2177 5051 2190 5086 :

608 5111 704 5164 nisi
749 5115 1035 5169 certamina
1058 5159 1072 5180 ,
1105 5132 1201 5172 nec
1233 5119 1445 5188 praemia
1479 5139 1490 5172 :
1524 5121 1624 5174 nisi
1655 5120 1854 5186 stadia,
1890 5136 1986 5176 nec
2022 5123 2193 5200 hono-

607 5207 696 5256 res
739 5221 750 5256 :
797 5204 898 5259 nisi
948 5201 1253 5273 tribulatio,
1301 5215 1401 5264 nec
1454 5209 1696 5266 remissio
1747 5229 1760 5265 :
1807 5213 1919 5267 nisi
1962 5214 2188 5284 hyems,

609 5295 776 5349 hiems
817 5297 858 5363 ¹,’
883 5309 978 5354 nec
1005 5285 1180 5355 aestas.
1209 5302 1275 5356 Et
1300 5302 1402 5358 h‘oc
1429 5318 1533 5357 non
1558 5306 1608 5358 in
1636 5305 1941 5362 hominibus
1966 5316 2190 5369 tantum,

607 5386 699 5439 sed
727 5388 777 5441 in
808 5390 1098 5463 sermnibus
1126 5403 1337 5463 quoque
1380 5394 1508 5463 ipsis
1543 5396 1733 5452 intueri
1761 5397 1906 5453 licet.
1938 5395 2006 5452 Et
2031 5400 2080 5452 in
2111 5400 2194 5452 his

609 5477 748 5530 enim
775 5460 995 5534 multam
1026 5481 1237 5550 quidem
1251 5460 1500 5553 pluviam
1517 5527 1530 5551 ,
1564 5487 1786 5542 multam
1817 5502 1945 5543 vero
1974 5489 2191 5543 nubium

639 5638 642 5640 -
670 5609 687 5717 ἶ
725 5617 920 5669 Vocem,
947 5609 1115 5673 hiems,
1135 5617 1394 5679 repetitam
1417 5614 1505 5668 hic.
1518 5625 1569 5667 et
1585 5617 1707 5668 infra
1734 5620 1875 5682 juxta
1899 5617 2038 5668 Savil.
2067 5621 2194 5670 inse-

639 5684 664 5717 u
686 5685 806 5717 ntus.

602 5684 806 5720 TUllilUS.

665 5734 747 5794 (τι)
780 5740 826 5782 ιη
849 5733 1122 5790 calentium
1146 5737 1424 5789 Antiochea!
1448 5740 1507 5790 ad
1534 5739 1791 5792 ecclesiam
1825 5743 2173 5808 confugiebant

2289 1854 2652 1927 collisionem,
2680 1862 2900 1919 multam
2929 1863 3160 1937 denique
3186 1866 3409 1938 glaciem
3439 1867 3551 1925 ﬁeri
3575 1876 3812 1940 oportet,
3841 1887 3893 1927 st

2296 1962 2524 2006 vernans
2565 1953 2712 2022 spica
2750 1970 3040 2027 exsurgere
3085 1957 3276 2020 debet;
3326 1959 3412 2015 ubi
3459 1975 3588 2016 vero
3634 1965 3895 2017 sementis

2299 2047 2539 2110 tempus,
2573 2054 2782 2114 tempus
2811 2055 2867 2103 et
2898 2047 3117 2116 pluviae.
3149 2048 3437 2120 Postquam
3478 2050 3640 2122 igitur
3665 2061 3722 2108 et
3747 2069 3896 2108 neue

2297 2132 2494 2204 ingruit
2534 2133 2728 2204 hiems,
2755 2124 2939 2194 hiems
2960 2140 3280 2209 animarum,
3305 2156 3410 2197 non
3433 2144 3576 2198 aeris
3605 2161 3618 2198 :
3648 2159 3894 2200 seramus

2296 2234 2350 2279 et
2377 2239 2474 2279 nos
2504 2225 2558 2279 in
2588 2224 2690 2282 hac
2735 2225 2929 2297 hieme,
2962 2241 3020 2286 ut
3043 2233 3097 2288 in
3122 2241 3309 2289 aestate
3331 2247 3633 2291 metamus:
3658 2237 3885 2292 semine-

2294 2330 2419 2370 mus
2443 2315 2708 2389 lacrymas
2727 2361 2741 2385 ,
2767 2328 2824 2375 ut
2857 2322 3266 2378 exsultationem
3287 2333 3571 2381 metamus.
3589 2326 3705 2382 Non
3737 2342 3896 2384 meus

2293 2406 2385 2461 hic
2413 2423 2592 2466 sermo
2610 2451 2626 2475 ,
2672 2411 2983 2482 prophetica
3009 2413 3342 2472 denuntiatio
3368 2427 3450 2472 est
3474 2435 3488 2471 :
3517 2419 3620 2485 Qui
3641 2421 3896 2476 sentimus

2295 2500 2350 2552 in
2380 2497 2634 2572 lacrymis,
2671 2503 2862 2573 inquit,
2893 2506 2946 2559 in
2974 2507 3314 2562 exsultatione
3339 2519 3525 2570 metant
3557 2510 3727 2582 (Psat.
3758 2512 3890 2568 i25.

2292 2593 2372 2662 5).
2402 2593 2518 2648 Non
2544 2596 2622 2651 sic
2648 2597 3146 2654 seminademissus
3170 2600 3344 2656 imber
3369 2604 3671 2672 germinare
3695 2615 3748 2660 et
3770 2620 3880 2661 ers-

2295 2700 2449 2740 seere
2481 2685 2626 2754 facit,
2658 2697 2717 2743 ut
2741 2689 2959 2757 pietatis
2981 2705 3164 2747 semen
3195 2693 3396 2748 excitat
3420 2704 3476 2750 et
3506 2710 3731 2752 vernare
3761 2697 3894 2753 iacit

2296 2793 2362 2832 ex
2389 2778 2640 2850 iaerymis
2661 2797 2824 2846 ruens
2847 2782 3018 2838 imber
3045 2800 3059 2836 :
3089 2783 3177 2842 hic
3203 2785 3437 2845 animam
3467 2787 3727 2858 deterget,
3761 2789 3889 2844 irri-

2295 2877 2642 2940 gat‘mentem
2662 2911 2678 2938 ,
2708 2872 2967 2952 doctrinm
2995 2890 3215 2946 germen
3257 2878 3407 2936 brevi
3449 2881 3694 2952 progredi
3724 2879 3888 2952 facit,

2294 2973 2574 3035 propterea
2601 2975 2654 3020 et
2680 2949 2998 3036 profundum
3019 2971 3226 3026 sulcum
3257 2949 3603 3042 proscindere
3627 2989 3874 3030 necessa-

2296 3057 2433 3110 rium
2462 3074 2475 3110 :
2502 3057 2698 3112 etenim
2725 3067 2777 3113 et
2807 3057 2911 3115 hoc
2935 3060 3196 3131 propheta
3235 3063 3515 3119 admonuit
3555 3065 3628 3120 ita
3661 3065 3881 3127 dicens:

2299 3143 2498 3214 Nepete
2519 3148 2653 3202 vobis
2681 3149 2882 3204 novalia
2905 3192 2920 3216 ,
2951 3160 2998 3204 et
3026 3153 3180 3206 nolite
3198 3153 3451 3207 seminare
3473 3154 3526 3208 in
3551 3155 3709 3226 spinis
3740 3154 3897 3226 (Jer.

2296 3237 2350 3292 4.
2377 3238 2454 3305 '5).
2484 3238 2944 3305 Quemadmodum
2969 3242 3128 3314 igitur
3153 3243 3244 3314 qui
3269 3254 3509 3300 aratrum
3539 3246 3775 3301 immittit
3803 3243 3886 3301 in-

2298 3325 2448 3382 ferae
2475 3335 2668 3383 terram
2698 3330 2903 3398 sulcat,
2935 3340 3099 3388 tutam
3145 3334 3438 3392 seminibus
3465 3335 3762 3392 custodiam
3789 3351 3888 3406 pa-

2295 3431 2441 3485 rans,
2473 3432 2542 3473 ne
2561 3420 2709 3488 jacta'
2731 3421 2782 3476 in
2809 3422 3092 3492 superficie
3118 3436 3465 3492 remaneant,
3504 3427 3602 3483 sed
3645 3429 3697 3484 in
3743 3428 3890 3498 ipsos

2298 3517 2452 3565 teme
2464 3513 2614 3566 sinus
2632 3512 2945 3581 condantur,
2967 3523 3019 3571 et
3047 3517 3099 3571 in
3116 3524 3232 3573 tuto
3259 3519 3468 3575 radices
3497 3519 3660 3589 figant
3688 3537 3702 3574 :
3731 3521 3808 3575 sic
3833 3531 3889 3575 et

2295 3618 2394 3660 nos
2413 3605 2590 3662 facere
2601 3609 3046 3678 necessarium,et
3063 3619 3330 3681 tantquam
3352 3621 3532 3668 aratro
3549 3612 3888 3668 tribulatione

2295 3706 2537 3763 utentes,
2588 3699 2766 3756 cordis
2813 3701 3134 3772 profundum
3174 3704 3419 3760 scindere
3452 3723 3467 3760 :
3501 3705 3604 3763 hoc
3648 3706 3789 3761 enim
3830 3717 3888 3761 et

2297 3790 2429 3845 alius
2454 3791 2713 3861 propheta
2735 3793 3008 3861 admonet,
3028 3795 3252 3852 dicens:
3276 3797 3506 3852 δεξιῶς
3529 3799 3686 3853 corda
3700 3809 3884 3865 vestra,

2293 3891 2344 3937 et
2373 3897 2475 3936 non
2500 3885 2794 3939 aestimate
2836 3896 3003 3942 vestra
3045 3887 3198 3958 (lcet
3258 3887 3314 3943 2.
3347 3889 3414 3944 f3
3434 3887 3476 3962 ).
3505 3889 3677 3946 Corda
3726 3891 3888 3962 igitur

2297 3974 2628 4043 scindamus,
2657 3986 2712 4032 ut
2734 3979 2777 4032 si
2807 3993 2914 4050 qua
2940 3979 3075 4033 maia
3107 3980 3290 4046 herba,
3325 3992 3380 4038 et
3408 3983 3593 4038 dolosa
3633 3986 3888 4055 cogitatio

2298 4066 2451 4122 nobis
2493 4069 2651 4133 inest,
2685 4069 2938 4125 radicitus
2959 4086 3078 4126 eam
3100 4074 3375 4140 vellamus,
3402 4084 3453 4129 et
3483 4090 3644 4145 puras
3675 4077 3888 4146 pietatis

2297 4161 2591 4216 seminibus
2635 4173 2807 4219 terras
2836 4164 3203 4220 exhibeamus.
3232 4167 3343 4221 Nisi
3363 4167 3518 4222 enim
3559 4183 3701 4223 nunc
3727 4183 3890 4223 reno-

2297 4269 2516 4319 vcmus,
2550 4255 2649 4308 nisi
2683 4272 2825 4311 nunc
2863 4257 3228 4326 semincmus,
3275 4259 3372 4313 nisi
3413 4275 3556 4315 nunc
3601 4259 3888 4316 fundamus

2299 4344 2577 4417 laerymas,
2609 4360 2733 4401 cum
2757 4348 2908 4403 adest
2941 4349 3216 4405 tribulatio
3257 4359 3318 4419 et.
3347 4350 3607 4420 jejunium
3629 4392 3644 4419 ,
3673 4353 3890 4422 quando

2297 4450 2547 4504 umquam
2587 4438 2638 4490 in
2677 4434 3145 4505 compunctionem
3173 4441 3484 4494 veniemus?
3511 4457 3635 4495 num
3669 4443 3885 4511 quando

2299 4526 2545 4580 remissio
2565 4536 2623 4581 et
2644 4527 2850 4583 delicia:
2876 4529 3108 4584 fuerint?
3129 4530 3236 4586 Sed
3267 4529 3368 4585 hoc
3399 4532 3513 4586 fieri
3545 4548 3648 4585 non
3677 4541 3888 4602 potest:

2299 4616 2548 4672 remissio
2576 4619 2720 4673 enim
2751 4630 2806 4674 et
2833 4621 3040 4675 delicia:
3074 4622 3125 4674 in
3157 4623 3439 4691 segnitiem
3468 4623 3723 4678 inducere
3753 4639 3890 4678 con-

2300 4718 2620 4778 sueverunt,
2649 4713 2786 4766 sicut
2813 4713 3086 4769 tribulatio
3112 4714 3177 4769 ad
3220 4715 3455 4770 studium
3497 4730 3748 4772 revocare
3769 4755 3787 4781 ,
3833 4728 3894 4772 et

2282 4812 2532 4873 mentem
2560 4807 2795 4861 exterius
2818 4808 2955 4863 circa
2987 4807 3152 4862 multa
3184 4817 3462 4878 vagantem
3491 4819 3548 4863 et
3572 4819 3892 4878 occupatam

2299 4896 2368 4952 ad
2395 4913 2516 4952 sese
2547 4908 2883 4954 convertere.
2913 4899 2989 4954 Ne
3030 4901 3188 4970 igitur
3227 4901 3294 4957 dc
3325 4900 3425 4956 hac
3459 4901 3668 4956 tristitia
3697 4901 3892 4955 dolea-

2302 5003 2440 5051 mus,
2473 4989 2566 5044 sed
2597 4991 2705 5045 Deo
2732 4992 2932 5060 gratias
2970 5006 3189 5061 agamus
3218 5009 3232 5046 :
3263 4992 3485 5046 multum
3525 4992 3666 5046 enim
3694 5007 3758 5046 ex
3791 4995 3894 5046 tri-

2302 5080 2572 5135 bulatione
2603 5081 2831 5136 lucruin.
2861 5082 2992 5137 Nam
3032 5092 3082 5137 et
3123 5099 3244 5137 cum
3275 5083 3504 5152 agricola
3535 5084 3735 5137 semina
3764 5098 3892 5139 cum

2301 5177 2471 5230 multo
2490 5177 2674 5232 labore
2693 5177 2916 5234 collecta
2945 5178 3308 5240 seminaverit,
3335 5185 3393 5232 ut
3418 5177 3667 5231 adveniat
3695 5177 3893 5243 imber,

2301 5277 2553 5338 exoptat:
2585 5279 2640 5324 et
2669 5269 2882 5340 ignarus
2922 5270 3187 5340 quispiam
3231 5271 3410 5324 omnia
3453 5285 3572 5338 qum
3602 5269 3732 5323 fiunt
3771 5284 3870 5324 cer

2291 5375 2471 5426 nens,
2527 5361 2893 5427 admirahitur,
2946 5361 3190 5432 forteque
3245 5362 3384 5431 apud
3428 5363 3661 5430 seipsum
3709 5361 3848 5415 dicet
3889 5383 3901 5418 :

2301 5453 2438 5519 Quid
2487 5453 2570 5508 hic
2617 5455 2777 5508 homo
2818 5453 3029 5508 tandem
3056 5453 3220 5508 facit?
3247 5455 3466 5509 collecta
3499 5453 3757 5523 dissipat,
3793 5470 3899 5509 nec

2303 5544 2526 5615 dissipat
2554 5554 2753 5600 tantum
2778 5588 2790 5608 ,
2823 5545 2916 5599 sed
2947 5555 2998 5597 et
3028 5556 3181 5599 terrm
3209 5560 3326 5599 cum
3362 5547 3520 5598 multa
3563 5560 3689 5599 cura
3735 5559 3894 5598 com-

2301 5640 2511 5702 miscet,
2538 5654 2603 5691 ne
2631 5639 2780 5692 facile
2809 5639 2987 5706 colligi
3016 5639 3254 5706 possint;
3285 5652 3382 5690 nec
3415 5637 3727 5690 commiscet
3772 5646 3897 5690 tau-

2303 5742 2411 5787 tum
2454 5742 2643 5795 terrae,
2690 5729 2780 5783 sed
2827 5740 2878 5782 et
2920 5739 3065 5798 optat
3096 5731 3464 5785 vehementem
3507 5727 3775 5800 pluviam,
3832 5739 3895 5788 ut
