4196 6316
247 428 301 485 οι
1214 411 1303 466 A'D
1344 405 1665 464 l‘OI‘L'LUM
1708 399 2200 461 ANTIOCHI!le
2266 398 2495 455 llOMlL.
2541 396 2625 456 IV;
3497 394 3566 451 οἳ

243 542 469 616 prejula
503 537 1079 594 omniamarcascant,
1112 537 1164 581 ct
1192 525 1357 580 lutum
1388 525 1532 577 fiant.
1570 522 1634 576 Et
1659 520 1839 616 turba-

248 612 321 689 tur
341 646 573 687 cernens
603 638 895 696 erumpere
920 622 1136 675 fulmina
1163 630 1216 672 et
1242 616 1643 672 corusmtiones
1663 612 1844 665 defer-

249 729 286 779 ri
306 745 324 790 ;
346 722 581 795 agricola
611 735 742 773 vero
774 732 877 771 non
908 716 975 769 ita
1001 755 1014 779 ,
1047 712 1137 766 sed
1167 712 1379 763 lictatur-
1399 718 1447 762 et
1480 707 1676 776 gaudet
1707 713 1844 757 tem-

251 827 767 887 pestatcttrcernens
793 828 806 863 :
838 822 942 861 noo
975 807 1116 860 enhn
1150 800 1435 872 [nassentia
1465 796 1720 866 respicit,
1751 795 1843 849 Sed

251 914 415 961 lntura
445 914 657 976 spectat
688 921 699 956 :
736 916 842 956 non
874 897 1091 968 respicit
1118 896 1182 947 ad
1216 892 1457 957 fuhninu,
1482 891 1575 943 sed
1605 888 1850 955 manipu-

252 1004 325 1056 los
350 1008 663 1071 computat;
690 1013 797 1050 non
821 990 1205 1048 marcescentia
1233 986 1458 1047 semina,
1494 983 1589 1038 sed
1614 996 1845 1035 vernan-

252 1107 326 1147 n-s
356 1095 567 1162 spicas;
598 1100 950 1157 nonvgravem
982 1082 1205 1136 imbrem
1231 1121 1244 1140 ,
1278 1078 1370 1132 sed
1400 1074 1847 1146 iucundissimum

250 1202 380 1240 arcte
410 1184 705 1253 pulverem.
740 1178 923 1233 Itidem
955 1184 1007 1229 et
1037 1188 1131 1228 nos
1159 1189 1262 1226 non
1292 1178 1609 1240 prtuscnlcm
1638 1175 1847 1234 specte-

252 1296 364 1332 mus
393 1275 815 1335 tribulationetn,
842 1280 932 1324 aut
952 1269 1218 1329 dolorem,
1244 1264 1336 1318 sed
1360 1263 1619 1317 orientem
1649 1276 1721 1312 ett
1739 1260 1848 1325 ipsa

253 1374 531 1426 utilitatem
557 1412 573 1434 ,
606 1384 670 1421 ctt
701 1369 813 1435 ipsa
846 1372 1151 1417 nascentem
1182 1359 1410 1412 fructum
1437 1374 1451 1408 :
1478 1360 1851 1420 exspectemus

250 1480 383 1519 area:
414 1460 719 1530 manipulos
750 1476 761 1511 :
788 1458 829 1511 si
857 1453 1053 1509 ctenim
1081 1450 1377 1521 vigilemus,
1410 1446 1634 1499 Inuitum
1659 1459 1722 1498 ex
1754 1442 1853 1495 hoc

252 1570 488 1622 tempore
518 1553 746 1606 fructum
774 1560 1119 1616 congregare,
1141 1553 1191 1596 et
1216 1540 1411 1594 utentis
1433 1545 1631 1592 ηοείιοςυ
1660 1549 1851 1605 penum

250 1648 472 1716 implere
513 1644 845 1712 poterimus:
876 1637 919 1692 si
968 1636 1281 1706 vigilemus,
1330 1645 1433 1683 non
1477 1637 1680 1681 tantum
1725 1624 1853 1677 nihil

250 1754 403 1809 grave
434 1752 501 1790 ex
533 1736 632 1788 hac
665 1732 933 1802 patiemur
959 1726 1301 1781 tribulatione
1325 1764 1340 1789 ,
1369 1722 1462 1777 sed
1491 1730 1544 1774 et
1575 1721 1852 1772 innumera

251 1832 384 1887 bona
433 1828 745 1897 capiemus;
795 1823 877 1877 sin
929 1835 1055 1874 vero
1109 1828 1449 1886 torpeatnus,
1484 1827 1729 1867 renttssm
1760 1824 1858 1862 nos

252 1924 452 1995 perdet.
484 1920 604 1975 Non
634 1918 1008 1972 advertentem
1042 1912 1183 1965 enim
1213 1918 1439 1976 utraque
1469 1904 1705 1983 la-dunt,
1735 1916 1855 1953 rum

251 2017 537 2072 sedulitate
565 2028 692 2065 vero
726 2007 929 2062 viventi
970 2014 1193 2072 utraque
1230 2009 1471 2066 prosunt.
1502 1997 1576 2051 Er
1590 1996 1729 2048 sicut
1760 2008 1856 2045 au-

251 2126 363 2165 rum
386 2106 489 2163 etsi
513 2104 664 2173 aquis
693 2101 1025 2161 inuitaretur,
1046 2094 1316 2164 propriam
1347 2088 1561 2159 pm:fert
1584 2086 1856 2157 speciem:

252 2204 360 2256 sive
403 2200 456 2254 in
504 2194 880 2252 conﬂaturium
931 2188 1225 2251 ceciderit,
1268 2182 1598 2253 Splendidius
1648 2182 1857 2234 rursum

249 2300 504 2363 apparet;
542 2290 713 2343 lutum
740 2294 921 2338 autem
943 2291 991 2335 ct
1018 2281 1241 2344 finitum,
1268 2275 1554 2344 siveaqnis
1573 2272 1861 2326 immisceri

250 2360 475 2444 accidat,
510 2380 612 2435 hoc
636 2377 852 2447 quidem
877 2372 1178 2435 marcescit,
1211 2368 1337 2423 illud
1363 2360 1489 2420 vero
1510 2364 1819 2420 dissolvitur
1844 2380 1859 2415 :

250 2477 360 2529 sive
384 2475 436 2526 in
467 2474 649 2541 ignem
674 2466 956 2543 ct'ciderit,
984 2463 1083 2516 hoc
1114 2461 1331 2531 quidem
1363 2452 1735 2527 frigitur,illud
1757 2468 1864 2541 “au-

254 2583 359 2623 tem
386 2565 725 2621 comburitur
752 2578 764 2614 :
795 2561 875 2614 sic
912 2565 1059 2611 certe
1088 2564 1143 2609 et
1167 2554 1344 2623 justus
1372 2559 1425 2605 et
1452 2557 1704 2620 peccator
1735 2564 1747 2598 :
1776 2545 1863 2599 ille

250 2661 467 2731 quidem
516 2657 631 2709 sive
679 2652 998 2707 remissione
1041 2649 1266 2707 fruatur,
1312 2653 1492 2697 manet
1519 2638 1859 2705 splendidus,

251 2754 390 2807 sicut
440 2764 633 2805 aurum
675 2759 828 2813 aqua:
873 2742 1186 2795 immersam
1215 2756 1228 2789 :
1259 2736 1389 2790 sivc-
1416 2734 1467 2787 in
1513 2732 1862 2786 tentationcm

250 2842 532 2905 ceciderit,
562 2835 895 2909 splendidior
923 2832 977 2887 ﬁt
1000 2875 1015 2898 ,
1048 2832 1409 2885 sicut-aurum
1440 2828 1561 2896 igne
1584 2824 1864 2880 examina-

250 2948 397 2996 tum;
449 2941 714 3001 peccator
744 2943 874 2982 vero
917 2927 1035 2980 sive
1076 2923 1449 2977 remissionem
1496 2918 1860 2981 nanciscatur,

258 3029 643 3084 tﬁssolviturct
669 3020 973 3085 marcescit,
1014 3019 1153 3072 sicut
1180 3016 1379 3071 fwmnn
1420 3022 1474 3067 et
1518 3013 1685 3065 lutum
1715 3024 1868 3079 aqua:

257 3128 556 3178 inunorans
582 3119 743 3171 :sive
776 3113 1123 3168 tentationcm
1163 3109 1464 3172 sustineat,
1508 3102 1865 3167 comburitur,

252 3215 595 3283 rt'pcrditur,
624 3210 762 3264 sicut
792 3208 959 3261 lutum
990 3212 1046 3258 et
1070 3202 1281 3258 fwnonr
1301 3199 1371 3252 alt
1395 3198 1536 3267 igne.

328 3306 385 3359 ‘2.
420 3301 804 3359 Afrumnarum
835 3302 1051 3368 (ructus.
1079 3324 1152 3334 —-—
1180 3291 1298 3347 Non
1332 3290 1493 3360 igitur
1520 3286 1870 3342 conﬁciamur

256 3394 617 3470 pra-sentibus
656 3389 811 3445 malis
851 3407 867 3443 :
914 3387 958 3442 si
997 3384 1139 3440 enim
1175 3384 1227 3438 in
1268 3381 1505 3453 peccatis
1534 3379 1640 3441 sis,
1668 3393 1730 3432 ca
1778 3375 1846 3430 de

252 3468 539 3544 struuntur
560 3494 616 3537 et
639 3480 1027 3537 comburuntur
1052 3475 1207 3530 facile
1232 3489 1330 3543 per
1361 3470 1761 3527 tribulationem
1792 3486 1805 3523 :
1826 3468 1868 3521 si

257 3596 393 3635 vero
432 3579 631 3633 virtute
677 3575 752 3628 sis
792 3570 1079 3642 prmditus,
1126 3566 1414 3621 illustraris
1444 3574 1499 3620 et
1540 3561 1872 3634 splendescis

260 3690 363 3745 per
406 3671 575 3740 ipsam
620 3684 634 3720 :
678 3667 722 3720 si
768 3663 1022 3717 continue
1049 3660 1237 3731 vigiles
1272 3667 1327 3713 et
1365 3657 1578 3712 sobrius
1621 3657 1718 3721 sis,
1763 3655 1873 3708 eris

254 3767 408 3821 omni
437 3765 638 3819 damno
664 3758 930 3829 superior.
961 3755 1077 3810 Non
1104 3754 1246 3809 enim
1280 3750 1632 3811 tentationum
1660 3756 1870 3811 natura,

254 3857 359 3913 sed
385 3862 710 3911 tentatorum
754 3848 1007 3919 segnities
1031 3846 1217 3900 ruinas
1242 3842 1461 3899 efﬁcere
1486 3840 1643 3896 solet.
1695 3840 1875 3908 Itaque

256 3951 305 4004 si
360 3948 439 4001 vis
482 3942 741 4017 gaudere,
789 3949 844 3996 et
883 3938 1200 3995 remissione
1240 3944 1307 3991 et‘
1339 3934 1614 4005 voluptate
1671 3932 1868 4002 potiri,

258 4055 443 4108 neque
470 4037 819 4106 voluptatem,
868 4045 1042 4102 neque
1081 4027 1454 4083 remissionem
1493 4039 1734 4095 quaras;
1779 4021 1873 4077 sed

257 4132 499 4189 animam
530 4127 781 4199 patientia
813 4125 1023 4195 plenam
1054 4136 1256 4193 quavre,
1302 4129 1357 4174 et
1396 4120 1733 4177 tolerantiam
1775 4134 1872 4169 es-

259 4226 455 4280 hibere
483 4196 794 4275 valentcm‘:
827 4215 968 4287 quod
1002 4216 1043 4267 si
1077 4214 1178 4268 b‘oc
1209 4230 1314 4266 non
1343 4211 1567 4276 trabeas,
1616 4225 1721 4263 non
1757 4219 1874 4261 tam

260 4327 383 4373 tum
411 4312 636 4370 munitio
664 4322 714 4365 te
739 4307 1034 4378 superabit,
1060 4304 1157 4360 sed
1192 4316 1247 4359 et
1284 4302 1529 4358 remissio
1569 4302 1777 4372 perdet,
1824 4308 1879 4353 et

258 4407 439 4476 magis
488 4403 727 4473 dejiciet.
788 4399 945 4469 Quod
999 4399 1142 4453 enim
1189 4413 1294 4450 non
1346 4396 1583 4465 gravium
1633 4394 1878 4447 incursus

258 4496 650 4561 cusuum,sed
693 4493 889 4547 mentis
933 4502 1131 4545 nostnc
1164 4498 1346 4558 torpor
1364 4488 1600 4542 salutem
1642 4496 1877 4539 nostram

259 4594 568 4655 stilivcrtat,
596 4587 720 4641 audi
749 4586 876 4656 quid
908 4585 1050 4639 dicat
1074 4582 1321 4638 Clt‘ristus
1364 4600 1377 4635 :
1405 4581 1718 4648 Quicumque
1736 4579 1881 4631 audit

262 4686 422 4738 verba
450 4699 563 4736 mea
594 4682 720 4738 Itwc.
754 4690 799 4733 ct
828 4681 949 4750 facit
972 4693 1051 4739 ca,
1088 4674 1451 4729 assimitabitur
1484 4674 1590 4726 t'iro
1620 4671 1879 4740 prudenti,

259 4780 357 4849 qui
387 4774 658 4844 trdiﬁcavit
689 4772 894 4824 domum
925 4786 1068 4821 suam
1099 4784 1250 4837 super
1278 4774 1494 4835 petram,
1538 4774 1584 4816 et
1628 4762 1883 4816 descendit

262 4869 465 4939 pluvia,
496 4875 550 4948 et.
578 4871 815 4917 venerunt
846 4861 1083 4930 ﬂumina,
1129 4870 1176 4912 et
1218 4860 1469 4927 {faverunt
1516 4855 1668 4918 venti,
1731 4862 1777 4907 et
1818 4854 1885 4906 ir—

260 4967 483 5015 rueruut
522 4947 576 5009 in
607 4956 815 5009 domum
840 4953 1007 5017 illam,
1047 4962 1219 5007 etnon
1248 4949 1427 5003 cecidit
1460 4964 1478 5001 :
1507 4948 1724 5018 fwtdata
1751 4947 1885 4999 cnim

262 5063 385 5108 erat
408 5067 563 5118 super
592 5060 785 5119 petram
816 5062 835 5101 :
862 5055 918 5101 et
958 5060 1167 5099 rursum
1198 5061 1210 5096 :
1247 5042 1426 5097 Omnis
1452 5042 1539 5111 qui
1566 5042 1709 5094 audit
1737 5040 1886 5093 verba

264 5164 388 5200 mea
432 5148 563 5209 licet,
613 5153 656 5195 et
705 5158 806 5194 non
843 5140 963 5210 facit
991 5156 1070 5203 ea,
1108 5136 1286 5189 similt's
1330 5136 1418 5189 erit
1448 5137 1552 5188 viro
1579 5135 1753 5197 stulto,
1797 5133 1884 5201 qui

259 5236 545 5304 wdiﬁcarit
597 5236 803 5288 domum
849 5248 993 5286 suam
1045 5248 1197 5298 super
1243 5245 1470 5291 arenam,
1534 5239 1579 5282 et
1632 5226 1888 5281 descendit

262 5329 465 5397 pluria,
520 5338 567 5380 et
614 5336 849 5378 venerunt
891 5325 1125 5394 ﬂumina,
1152 5333 1196 5376 et
1236 5324 1486 5390 [Iuverunt
1546 5322 1694 5385 renti,
1739 5330 1784 5372 et
1814 5321 1887 5372 ir-

265 5432 490 5477 rueruut
534 5422 587 5473 in
628 5421 832 5471 domum
864 5418 1027 5482 illum,
1080 5427 1125 5470 ct
1155 5417 1354 5478 cecidit,
1404 5426 1452 5467 et
1480 5414 1577 5481 fuit
1606 5414 1754 5468 ruina
1778 5414 1888 5484 ejus

262 5530 463 5587 "tagth
517 5512 736 5582 (Matth.
781 5512 834 5564 7.
880 5508 1095 5578 25-27).
1158 5507 1315 5561 Vides
1370 5506 1513 5575 quod
1558 5522 1668 5559 non
1710 5515 1889 5559 tenta-

264 5614 482 5662 tionum
534 5608 789 5666 inﬂictos,
844 5603 937 5657 sed
984 5601 1364 5656 tn.lificantittm
1414 5600 1634 5653 stultitia
1678 5599 1887 5652 ruinam

266 5698 509 5754 foverit?
557 5697 768 5752 Etenim
818 5696 927 5749 illic
968 5694 1162 5762 pluvia,
1214 5701 1267 5746 et
1310 5692 1395 5745 hic
1443 5691 1616 5761 pluvia
1654 5708 1665 5742 :
1699 5702 1751 5745 ct
1784 5692 1890 5746 illic

267 5794 520 5858 ﬂumina,
550 5800 606 5845 et
650 5789 737 5843 hic
772 5788 987 5841 ﬂumina
1023 5805 1034 5838 :
1071 5788 1180 5840 illic
1210 5794 1491 5839 ventorum
1523 5785 1787 5849 incursus,
1836 5797 1889 5838 et

265 5884 366 5939 hic
412 5885 547 5941 idem
583 5902 595 5938 :
633 5883 723 5937 illc
770 5879 1072 5947 aedificavit,
1113 5889 1169 5934 ct
1209 5878 1291 5934 bic
1331 5877 1615 5933 aedificavit
1650 5898 1661 5932 :
1696 5878 1882 5935 eadem

1955 516 2259 580 :editicatio,
2333 524 2387 570 et
2449 514 2654 568 caedem
2721 522 3065 579 tentattones,
3117 514 3229 569 sed"
3263 530 3368 569 non
3421 513 3562 568 itlvtn

1958 608 2096 673 finis,
2147 608 2398 677 qu-miam
2446 623 2550 661 nou
2593 606 2733 661 idem
2791 608 3237 675 fundamentum;
3282 627 3388 664 non
3422 613 3565 663 enim

1957 703 2310 756 tentalionum
2383 711 2595 767 natura,
2662 703 2755 756 sed
2823 702 3138 757 :edificantis
3210 704 3565 773 itttpt‘thlenlia

1958 796 2163 848 ruinam
2206 794 2329 848 fecit
2373 813 2387 849 :
2431 795 2629 864 alioqui
2676 795 3005 862 Oportuissct
3047 805 3099 849 ct
3141 795 3359 849 domum
3405 811 3565 865 Supra

1959 896 2162 955 petram
2224 885 2539 940 a'dilieatam
2595 886 2825 949 cadere;
2892 903 3033 941 nunc
3090 903 3223 942 vero
3271 888 3417 942 nihil
3464 889 3565 940 tale.

1961 998 2110 1049 passa
2151 992 2250 1035 est.
2294 983 2398 1036 Sed
2442 997 2507 1036 ne
2545 983 2619 1037 de
2644 982 2807 1037 domo
2843 983 2957 1037 lucc
3002 983 3141 1037 dicta
3178 1000 3297 1038 e-sc
3330 985 3566 1051 putetis:

1958 1074 2032 1128 de
2083 1075 2260 1127 anima
2311 1075 2453 1128 enim
2525 1089 2708 1128 sermo
2766 1086 2848 1128 est
2909 1074 3211 1129 divinorum
3284 1076 3566 1129 verborum

1958 1164 2195 1218 auditum
2253 1180 2348 1233 per
2410 1180 2571 1233 opera
2635 1165 3061 1231 demonstrante,
3119 1168 3201 1220 vel
3251 1167 3563 1234 repellente.

1958 1256 2047 1309 Sic
2089 1255 2324 1309 animam
2372 1270 2523 1308 suam
2568 1255 2671 1310 Job
2724 1257 3006 1310 :cdiliravit
3061 1275 3073 1311 :
3125 1257 3405 1311 descendit
3455 1258 3568 1325 ιιι-«ιο

1961 1347 2063 1411 via,
2120 1346 2257 1415 ignis
2312 1347 2455 1400 enim
2488 1347 2555 1400 de
2606 1346 2738 1401 cado
2792 1348 3009 1411 cecidit,
3059 1358 3109 1401 et
3153 1364 3342 1401 omnes
3382 1365 3571 1417 grcch

1960 1440 2257 1511 absumpsit
2293 1438 2411 1509 (Job
2471 1441 2519 1494 l.
2586 1440 2820 1512 16-19):
2855 1450 3120 1495 venerunt
3160 1444 3409 1508 ﬂumina,
3466 1444 3571 1496 fre-

1961 1542 2187 1599 quentes
2230 1547 2445 1599 nempe,
2492 1534 2751 1597 continui,
2800 1544 2854 1587 et
2890 1534 2989 1587 sibi
3030 1536 3380 1589 succedentes
3424 1537 3569 1590 cala-

1966 1624 2205 1676 mitatum
2266 1624 2434 1677 nuntii
2498 1641 2510 1676 :
2572 1624 2656 1679 hic
2700 1625 2915 1695 quidem
2964 1642 3223 1696 gregum,
3290 1627 3378 1682 ille
3445 1644 3573 1683 vero

1963 1715 2315 1776 camelorum,
2365 1715 2451 1768 ille
2506 1731 2691 1771 rursus
2746 1718 2973 1771 filiorum
3020 1720 3291 1773 interitum
3338 1721 3571 1775 dicens:

1963 1805 2226 1861 {laverunt
2281 1810 2444 1872 venti,
2495 1824 2673 1862 amara
2734 1811 2915 1863 uxoris
2958 1811 3167 1864 verba:
3210 1809 3330 1877 Dic,
3382 1813 3570 1881 inquit,

1939 1896 2167 1950 “verbum
2220 1907 2397 1952 contra
2455 1898 2771 1967 Dominum,
2836 1912 2882 1955 et
2941 1919 3135 1957 morere
3174 1902 3297 1972 (Job
3338 1904 3391 1958 2.
3438 1906 3509 1974 9)
3559 1923 3571 1958 ς

1966 1998 2021 2041 ct
2070 2006 2173 2043 non
2216 1991 2411 2045 cecidit
2449 1993 2662 2057 domus,
2713 2010 2820 2046 non
2866 2004 2948 2049 est
2987 1997 3325 2065 supplantata
3374 1998 3571 2063 anima,

1969 2097 2073 2132 non
2120 2080 2511 2149 blasphemavit
2542 2083 2721 2151 justus
2773 2102 2785 2135 :
2837 2085 2933 2139 sed
2981 2097 3035 2140 et
3070 2088 3271 2157 gratias
3313 2090 3441 2160 egit,
3498 2091 3576 2145 sic

1966 2172 2152 2226 dicens
2187 2189 2199 2224 :
2238 2171 2490 2229 Dominus
2540 2176 2699 2240 dedit,
2744 2176 2993 2232 Dominus
3038 2180 3268 2244 abstulit,
3302 2184 3438 2235 sicut
3473 2183 3577 2238 Do»

1969 2265 2105 2317 mino
2146 2266 2356 2333 placuit,
2390 2267 2464 2318 ita
2488 2270 2682 2337 factum
2712 2279 2783 2322 est
2856 2269 2976 2339 (Job
3010 2272 3056 2325 Ι.
3087 2271 3200 2342 21).
3235 2272 3397 2328 Vides
3435 2276 3577 2344 quod

1971 2372 2075 2410 non
2128 2358 2479 2412 tentationum
2543 2369 2766 2427 natura,
2821 2362 2915 2416 sed
2982 2366 3308 2433 torpentium
3374 2367 3579 2436 ignavia

1972 2450 2177 2503 ruinam
2227 2450 2407 2505 facere
2432 2452 2644 2506 soleat?
2688 2469 2807 2507 nam
2857 2452 3051 2509 fortem
3091 2458 3262 2510 virum
3309 2458 3582 2512 tribulatio

1973 2543 2245 2598 fortiorem
2288 2545 2480 2599 reddit.
2511 2545 2642 2611 Quis
2687 2546 2787 2601 hoc
2831 2548 2943 2601 ait?
2996 2549 3047 2601 In
3091 2550 3436 2605 tribulatione
3481 2569 3580 2605 nna-

1973 2636 2126 2689 tritus
2155 2636 2340 2691 beatos
2372 2637 2569 2691 Paulus
2599 2638 2669 2691 ita
2698 2638 2885 2693 dicens
2915 2656 2930 2697 ι
2963 2638 3255 2694 Tribulutio
3286 2644 3583 2709 patientiam

1971 2736 2249 2797 operatur,
2301 2728 2547 2797 patientia
2594 2745 2709 2783 rero
2754 2730 3121 2798 probationem,
3184 2733 3414 2803 probatio
3470 2751 3585 2789 vero

1970 2836 2115 2887 spem
2185 2820 2363 2890 (Rom.
2397 2821 2451 2876 5.
2483 2822 2517 2875 5
2571 2821 2651 2891 4).
2704 2823 2769 2876 Εῑ
2808 2822 2948 2876 sicut
2988 2823 3171 2877 fimnas
3197 2824 3419 2879 arbores
3460 2842 3586 2881 ten-

1976 2921 2149 2966 torum
2178 2912 2407 2981 impetus
2435 2915 2641 2969 irruens
2666 2915 2982 2985 otundique
3006 2917 3217 2986 jactans
3247 2934 3354 2973 non
3384 2919 3584 2987 evellit,

1973 3004 2066 3059 sed
2117 3005 2403 3059 solidiores
2448 3016 2502 3060 et
2557 3006 2823 3061 ﬁrmiores
2862 3007 2949 3061 his
3000 3009 3302 3065 incursibus
3351 3010 3527 3066 reddit
3569 3030 3583 3065 :

1974 3098 2051 3152 sic
2080 3108 2136 3153 et
2175 3098 2409 3153 animam
2454 3110 2692 3153 sanctam
2725 3109 2780 3154 et
2810 3101 2897 3169 pie
2927 3101 3198 3156 viventem
3229 3103 3585 3158 tentatiouum

1977 3190 2231 3243 incursus
2267 3200 2319 3244 et
2367 3190 2793 3256 tribulationum,
2856 3210 2960 3247 non
3013 3197 3382 3265 supplantant,
3428 3207 3588 3268 atque

1976 3284 2139 3337 etiam
2180 3283 2245 3337 ad
2286 3284 2543 3353 majorem
2579 3286 2887 3354 patientiam
2916 3288 3138 3343 incitant
3172 3308 3185 3343 :
3218 3291 3355 3345 sicut
3386 3301 3438 3346 et
3467 3292 3582 3343 In-a-

1979 3386 2089 3429 lttzu
2133 3376 2235 3429 Job
2280 3374 2700 3446 splendidiorem
2746 3388 2801 3434 et
2844 3382 3294 3438 venerabiliorcm
3337 3384 3587 3439 reddide-

1980 3480 2122 3523 runt.
2174 3468 2329 3524 Nunc
2378 3469 2536 3541 igitur
2576 3471 2733 3527 nobis
2779 3472 2995 3541 quidem
3036 3474 3199 3529 homo
3236 3476 3502 3543 irascitur,
3537 3488 3590 3533 et

1981 3560 2141 3615 homo
2179 3562 2368 3615 iisdem
2408 3563 2746 3632 passionibus
2778 3566 3064 3631 obnoxius,
3109 3568 3380 3637 similique
3412 3570 3597 3623 anima

1982 3654 2255 3724 przeditus,
2297 3665 2351 3709 ct
2389 3655 2694 3719 timuimus;
2742 3666 2869 3713 tunc
2894 3668 3075 3713 autem
3116 3661 3203 3715 ille
3236 3659 3446 3715 daemon
3481 3677 3590 3715 ma-

1984 3745 2156 3816 lignus
2199 3757 2251 3800 et
2294 3746 2437 3802 ferus
2485 3757 2601 3802 erat
2646 3749 2837 3813 iratus,
2886 3766 2985 3804 nec
3035 3750 3352 3821 simpliciter
3389 3754 3591 3809 irasce-

1984 3838 2156 3901 batur,
2212 3841 2310 3895 sed
2358 3857 2548 3896 OlllttCS
2599 3842 2851 3896 movebat
2903 3855 3070 3911 artes,
3126 3862 3448 3917 omnemque
3495 3850 3589 3903 πιὼ-

1984 3930 2200 3986 bibebat
2253 3934 2566 3999 versutiam,
2605 3944 2658 3988 et
2701 3950 2800 3989 nec
2842 3936 2909 3990 ita
2954 3937 3168 4007 quidem
3206 3940 3333 4008 justi
3380 3939 3594 3997 fortitu-

1981 4023 2163 4077 dinem
2196 4026 2485 4094 superavit.
2521 4027 2584 4080 lit
2612 4027 2698 4082 hic
2723 4027 2935 4097 quidem
2965 4045 3088 4084 cum
3116 4030 3278 4085 ltomo
3308 4033 3399 4099 sit,
3447 4051 3592 4090 nunc
3664 4098 3667 4099 ν

1986 4118 2254 4182 irascitur,
2304 4135 2444 4173 nunc
2485 4121 2835 4187 conciliatur,
2870 4131 2925 4176 et
2962 4132 3139 4178 tantm
3171 4124 3362 4182 timore
3397 4129 3593 4182 mortui

1983 4224 2191 4264 sumus.
2257 4210 2409 4264 Tunc
2463 4227 2592 4265 vero
2636 4212 2883 4267 diabolus
2925 4225 3041 4269 erat
3095 4216 3433 4286 impugnans.
3502 4222 3591 4287 qui

1987 4318 2275 4371 numquam
2331 4301 2608 4357 hominum
2656 4315 2858 4359 naturtc
2897 4307 3235 4372 conciliatur,
3264 4308 3359 4363 sed
3393 4309 3591 4365 bellum

1986 4394 2102 4446 sine
2148 4393 2374 4459 taedere,
2406 4403 2461 4448 et
2494 4411 2725 4465 pugnam
2764 4397 2879 4451 sine
2912 4397 3141 4453 induciis
3178 4400 3361 4468 generi
3409 4412 3595 4457 nostro

1988 4488 2197 4549 indixit,
2226 4496 2283 4541 et
2313 4497 2489 4541 tamen
2524 4488 2690 4558 ipsius
2716 4493 2940 4559 sagittas
2960 4490 3147 4560 justus
3169 4491 3379 4549 derisit.
3422 4496 3593 4560 Quam

1990 4582 2151 4643 igitur
2182 4597 2279 4634 nos
2315 4583 2742 4644 excusationem,
2786 4584 2869 4637 vel
2907 4579 3118 4652 qualem
3148 4586 3357 4639 veniam
3400 4586 3597 4641 habere

1988 4688 2297 4742 possumus,
2346 4673 2635 4727 humanam
2686 4675 3037 4731 tentationem
3071 4694 3177 4731 non
3220 4679 3473 4745 ferentes,
3509 4682 3595 4750 qui

1990 4772 2270 4831 tantopere
2320 4765 2370 4818 in
2420 4767 2588 4833 gratia
2637 4765 3099 4836 philosophantur,
3149 4785 3270 4823 cum
3325 4771 3414 4825 ille
3467 4782 3593 4826 ante

1994 4860 2243 4925 gratiam,
2289 4869 2347 4911 et
2392 4860 2441 4911 in
2481 4860 2645 4914 veteri
2688 4860 3039 4917 Tcstanu-nto
3069 4864 3200 4917 illttd
3252 4873 3357 4919 tam
3412 4866 3601 4920 ittlulc-

1993 4952 2161 5006 rabile
2190 4952 2391 5006 bellum
2423 4967 2685 5021 generose
2717 4954 2890 5007 tulerit
2916 4953 2939 5006 ?

2065 5043 2210 5097 Bona
2251 5046 2464 5098 mutatio
2505 5062 2570 5098 ea:
2611 5046 2903 5099 calamitate
2944 5059 3111 5117 parta.
3148 5080 3218 5088 —
3247 5050 3374 5105 "re
3421 5054 3599 5121 igitur,

1993 5137 2190 5201 dilecti,
2228 5151 2443 5204 semper
2481 5136 2620 5191 inter
2642 5152 2739 5191 nos
2770 5137 3117 5205 disserannn,
3160 5150 3213 5193 et
3238 5157 3330 5209 per
3364 5143 3459 5195 hos
3492 5160 3604 5197 scr-

1996 5246 2183 5281 tnones
2229 5244 2327 5282 nos
2374 5230 2519 5297 ipsos
2560 5229 2929 5284 exhortenmr.
3000 5230 3209 5285 Etenim
3270 5251 3365 5286 vos
3416 5245 3601 5303 testes,

1994 5323 2429 5391 conscientiaque
2476 5334 2685 5387 vestra,
2737 5336 2992 5394 quantum
3043 5343 3107 5380 ex
3156 5328 3255 5380 hac
3310 5329 3607 5383 tentatione

1996 5415 2237 5468 utilitatis
2279 5414 2646 5470 habuerimus.
2683 5418 2983 5472 Dissolutus
3037 5421 3181 5472 enim
3217 5421 3605 5476 modestus.t'a-

1996 5519 2111 5561 ctus
2141 5518 2242 5571 est,
2278 5508 2430 5561 ferox
2461 5509 2766 5576 humanior,
2797 5510 2976 5575 segnis
3002 5511 3307 5564 studiosus:
3340 5514 3424 5581 qui
3453 5530 3605 5566 nomo

1995 5617 2153 5667 quam
2185 5600 2467 5653 ecclesiam
2498 5600 2760 5663 viderant,
2792 5602 2887 5654 sed
2924 5611 3061 5655 totos
3086 5604 3135 5655 in
3165 5604 3387 5657 theatris
3417 5620 3604 5674 ergo-

1997 5696 2122 5748 haut
2149 5694 2284 5760 dies,
2329 5696 2548 5748 nuncin
2578 5696 2800 5749 ecclesia
2836 5706 2941 5749 tota
2986 5696 3072 5749 die
3119 5708 3414 5751 morantur.
3468 5698 3600 5751 l‘ro-

1999 5796 2253 5853 ptercane
2308 5784 2466 5855 igitur
2493 5786 2662 5851 doles,
2708 5788 2848 5856 quod
2884 5800 2932 5839 Ic
2976 5790 3197 5856 probum
3234 5791 3421 5842 ιὶιηωτν
3465 5789 3603 5843 liena

1999 5879 2275 5935 reddidit?
2315 5880 2457 5949 quod
2508 5889 2557 5935 te.
2607 5897 2699 5951 per
2738 5882 3134 5936 tribul.dionetn
3184 5882 3247 5935 ad
3283 5893 3383 5938 tua:
3416 5884 3601 5938 saluti:
