4196 6316
701 365 772 421 63
1409 366 1470 424 S.
1498 365 1778 425 JOANNIS
1814 367 2296 425 CHRYSOSTOMI
2332 368 2655 427 ABCHIEP.
2695 372 3226 437 CONSTANTINOP.
3938 382 4010 439 u

701 493 919 533 sensum
966 477 1410 549 perduxit?'Sed
1467 489 1750 550 torquetur
1796 481 2120 536 conscientia
2173 485 2298 537 tua?

701 563 798 625 sed
824 570 1057 642 quotidie
1085 571 1389 641 percellitur
1416 589 1566 628 mens
1593 583 1680 628 tua
1717 583 1954 630 mortem
1979 585 2297 646 exspectans

702 672 756 716 et
795 664 966 716 minas
995 664 1296 718 maximas?
1335 666 1404 718 At
1435 663 1558 719 hinc
1578 681 1790 736 quoque
1819 667 1971 722 nobis
2001 682 2188 736 magna
2229 667 2296 723 ad

701 752 950 807 virtutem
976 754 1212 808 accessio
1241 756 1365 819 erit,
1393 765 1672 812 crescente
1702 757 1853 813 nobis
1882 773 1975 827 per
1996 757 2294 828 angustiam

697 841 980 911 religione.
1024 844 1203 899 Potest
1242 845 1384 900 enim
1431 847 1572 902 Deus
1607 849 1786 903 omnia
1823 850 2003 918 gravia
2045 848 2146 904 hac
2181 850 2298 920 ipsa

696 931 786 986 die
836 935 1063 1001 Solvere,
1108 937 1202 990 sed
1234 938 1406 993 donec
1437 955 1534 993 nos
1573 950 1825 1010 purgatos
1871 940 2072 1008 videat,
2117 941 2294 999 donec

695 1024 876 1079 videat
920 1026 1115 1082 laetam
1145 1031 1567 1094 conversionem,
1599 1040 1654 1086 et
1681 1031 2050 1100 paenitentiam
2083 1035 2295 1090 llrmam

694 1126 750 1170 et
778 1119 1164 1186 inconcussam,
1211 1138 1314 1174 non
1353 1122 1596 1178 dissolvit
1636 1123 2054 1188 tribulationem.
2078 1126 2290 1182 Etenim

693 1210 897 1264 aurifex
926 1211 1092 1266 donec
1118 1227 1302 1266 aurum
1333 1214 1470 1269 bene
1498 1226 1780 1284 purgatum
1809 1217 2018 1278 viderit,
2059 1218 2125 1272 de
2160 1233 2290 1274 con-

696 1299 908 1355 ï¬‚atorio
933 1317 1036 1354 non
1064 1304 1298 1358 extrahit
1330 1321 1342 1358 :
1377 1305 1454 1360 sic
1483 1315 1535 1360 et
1575 1305 1720 1360 Deus
1763 1322 1865 1360 non
1897 1307 2115 1363 abducit
2146 1291 2289 1364 lmnc

694 1391 911 1455 nubem,
953 1391 1126 1447 donec
1167 1409 1261 1447 nos
1311 1396 1520 1463 penitus
1559 1397 1943 1454 emendaverit.
1994 1399 2094 1470 Qui
2140 1401 2284 1457 enim

693 1483 1040 1538 tentationem
1070 1484 1332 1553 permisit,
1383 1487 1496 1555 ipse
1537 1487 1685 1542 novit
1727 1477 1781 1543 et
1827 1492 2133 1546 tentatiunis
2171 1493 2284 1547 sol-

697 1575 884 1630 vendat
936 1584 1166 1647 tempus.
1209 1577 1275 1631 Et
1318 1578 1452 1632 sicut
1482 1577 1810 1634 citharmdus
1857 1597 2029 1651 neque
2062 1592 2285 1638 nervum

688 1666 938 1731 intendit,
980 1680 1039 1721 ut
1065 1683 1174 1722 non
1198 1669 1497 1739 abrumpat,
1544 1686 1715 1740 neque
1740 1671 1964 1726 remittit
1994 1673 2131 1727 ultra
2170 1689 2286 1730 mo-

691 1757 840 1820 dum,
906 1773 975 1813 ne
1016 1758 1310 1814 harmonia:
1349 1771 1666 1816 concentum
1717 1763 1876 1816 lmdat
1909 1780 1924 1816 :
1952 1764 2114 1818 sic'ct
2141 1764 2283 1820 Dens

687 1849 816 1918 agit,
849 1865 1019 1918 neque
1044 1849 1098 1903 in
1126 1849 1446 1906 remissione
1473 1853 1747 1917 continua,
1793 1868 1893 1909 nec
1920 1854 1971 1908 in
1999 1855 2154 1924 longa
2189 1855 2283 1910 tri-

686 1937 960 1995 bulatione
1011 1950 1246 1994 nostram
1316 1942 1592 1996 constituit
1643 1943 1913 2011 animam,
1985 1945 2283 2001 secundum

682 2047 835 2087 suam
875 2031 1206 2102 prudentiam
1259 2043 1542 2104 utrumque
1573 2033 1774 2090 faciens
1806 2053 1819 2090 :
1848 2052 1953 2091 non
1981 2037 2108 2092 sinit
2134 2039 2278 2093 enim

682 2140 782 2180 nos
807 2126 1054 2180 continua
1086 2128 1238 2196 potiri
1268 2129 1604 2192 remissione,
1654 2145 1721 2184 ne
1747 2131 2020 2200 segniores
2055 2132 2276 2200 llamus;

681 2231 788 2271 non
821 2218 945 2271 sinit
963 2228 1141 2273 autem
1174 2231 1384 2272 rursum
1415 2219 1465 2272 in
1489 2221 1740 2275 continua
1763 2236 1883 2278 esse
1912 2223 2278 2294 tribulatione,

680 2322 749 2362 ne
776 2307 1278 2376 concidamus,neve
1302 2309 1668 2379 desperemus.

755 2402 808 2455 5.
836 2398 936 2469 Ipsi
968 2401 1126 2471 igitur
1153 2402 1489 2459 adversitatis
1510 2403 1756 2460 lnieudm
1775 2414 1986 2478 tempus
2006 2409 2279 2480 relinqua-

677 2507 820 2558 mus,
844 2507 942 2548 nos
963 2507 1088 2548 vero
1107 2503 1309 2549 tantum
1329 2509 1630 2564 precemur,
1646 2511 1744 2551 nos
1764 2498 1818 2551 in
1838 2500 2116 2555 sanctitate
2133 2501 2276 2556 viva-

675 2597 817 2637 mus.
843 2580 990 2653 Opus
1009 2583 1150 2639 enim
1176 2593 1415 2640 nostrum
1431 2585 1500 2641 ad
1525 2585 1775 2664 virtutem
1797 2590 2009 2654 mutari,
2031 2590 2123 2645 Dei
2147 2606 2274 2647 vero

674 2689 833 2745 opus,
866 2677 1020 2733 malis
1058 2677 1369 2747 urgentibus
1408 2679 1567 2735 linem
1603 2679 1902 2750 imponere.
1927 2683 2136 2738 Etenim
2159 2683 2273 2754 ipsa

677 2767 868 2835 magis,
910 2783 1068 2837 quant
1111 2778 1165 2823 tu
1182 2769 1270 2838 qui
1297 2771 1536 2836 tentaris,
1585 2770 1686 2826 hoc
1721 2772 2022 2827 incendium
2063 2775 2270 2830 exstin-

681 2874 846 2928 guere
887 2860 1018 2925 vult,
1047 2860 1139 2916 sed
1185 2863 1412 2918 salutem
1435 2870 1577 2916 tuam
1600 2872 1891 2933 exspectat.
1922 2865 2073 2921 Sicut
2114 2867 2272 2937 igitur

673 2967 740 3006 ex
760 2951 1070 3007 remissione
1089 2952 1357 3007 tribulatio
1376 2954 1510 3007 laeta
1526 2962 1631 3022 est,
1655 2956 1732 3012 sic
1743 2970 1809 3010 ex
1829 2957 2164 3014 tribulatione
2187 2975 2271 3014 re-

680 3045 990 3098 missionem
1017 3055 1328 3114 exspectare
1356 3048 1623 3101 convenit.
1654 3046 1836 3118 Neque
1864 3050 2008 3104 enim
2052 3065 2264 3122 semper

674 3133 866 3198 lnems,
913 3148 1086 3204 neque
1112 3148 1326 3204 seuiiper
1349 3145 1526 3202 testas,
1576 3151 1748 3208 neque
1777 3153 1990 3209 semper
2015 3141 2264 3209 procella,

671 3241 842 3294 neque
872 3241 1083 3299 semper
1121 3226 1499 3296 tranquillitas,
1546 3242 1652 3283 non
1691 3243 1908 3299 seraper
1938 3247 2066 3299 nox,
2094 3248 2267 3302 neque

669 3333 883 3388 semper
920 3318 1033 3374 dies
1062 3336 1077 3374 :
1109 3319 1186 3374 sic
1223 3335 1395 3390 neque
1432 3334 1646 3390 semper
1685 3320 1978 3390 tribulatio,
2025 3324 2120 3380 sed
2163 3328 2267 3380 erit

666 3424 720 3468 et
764 3409 1027 3477 remissio,
1076 3410 1120 3464 si
1168 3417 1376 3465 tantum
1421 3411 1474 3465 in
1520 3410 1861 3468 tribulatione
1910 3413 2020 3468 Deo
2066 3416 2264 3486 gratias

666 3518 878 3573 semper
904 3515 1142 3574 agamus.
1174 3500 1310 3556 Nam
1338 3509 1446 3556 tres
1473 3503 1530 3556 in
1554 3501 1821 3558 fornacem
1855 3504 2002 3573 pueri
2033 3505 2262 3575 coniecti

666 3603 830 3658 sunt:
864 3602 918 3647 et
941 3607 1038 3647 nec
1061 3592 1134 3647 ita
1164 3590 1437 3661 religionis
1477 3590 1631 3647 obliti
1663 3600 1808 3658 sunt,
1843 3607 1945 3649 nec
1984 3594 2126 3666 ipsos
2153 3603 2261 3650 ter-

669 3685 775 3747 ruit
801 3684 1036 3751 tlanima,
1061 3682 1158 3738 sed
1185 3683 1271 3749 iis,
1295 3683 1388 3752 qui
1411 3683 1464 3737 in
1487 3682 1734 3739 cubiculo
1755 3684 2026 3750 sederent,
2054 3694 2110 3741 et
2129 3677 2263 3740 nihil

660 3788 828 3849 'gtave
869 3784 1200 3847 paterentur,
1245 3773 1556 3843 studiosius,
1608 3775 1731 3845 igne
1765 3776 1896 3831 licet
1924 3775 2254 3843 circumdati,

667 3875 848 3935 sacras
875 3867 991 3926 illas
1006 3880 1194 3938 preces
1214 3865 1547 3921 emittebant.
1577 3866 1702 3922 Ideo
1720 3882 1902 3921 murus
1934 3868 2063 3937 ipsis
2086 3867 2257 3924 factus

667 3967 752 4016 est
779 3957 933 4029 ignis,
963 3967 1016 4012 et
1043 3956 1206 4011 vestis
1235 3955 1471 4021 ï¬‚amma,
1504 3967 1557 4011 et
1583 3955 1701 4011 fons
1730 3955 1916 4011 tornax
1947 3974 1958 4008 :
1991 3966 2043 4012 et
2070 3957 2257 4027 ligatos

663 4063 918 4121 acceptos
947 4050 1152 4106 solutos
1173 4049 1423 4116 reddidit,
1470 4050 1711 4104 mortalia
1746 4049 1983 4118 suscepit
2010 4064 2258 4119 corpora,

666 4151 722 4196 et
779 4151 1050 4212 tamquam
1090 4141 1482 4196 immortalibus
1515 4132 1819 4205 abstinuit;
1881 4155 1988 4195 non
2044 4142 2261 4210 agnovit

670 4243 944 4298 naturam,
994 4231 1089 4286 sed
1131 4233 1311 4302 pietati
1358 4231 1713 4287 reverentiam
1763 4230 2048 4286 exhibuit:
2091 4232 2258 4286 vinxit

669 4323 832 4393 pedes
860 4331 1140 4393 tyrannus,
1171 4330 1226 4376 et
1252 4319 1388 4392 ignis
1415 4321 1520 4374 vim
1549 4319 1710 4390 pedes
1736 4321 2040 4376 vinxerunt.
2073 4319 2117 4376 ÎŸ
2143 4337 2256 4376 rem

667 4417 1062 4471 adniirahilem!
1086 4415 1293 4471 vinctos
1307 4415 1464 4469 solvit
1482 4413 1716 4479 ï¬‚amma,
1745 4423 1798 4470 et
1825 4415 1936 4485 ipsa
1956 4416 2024 4472 de
2052 4417 2258 4487 reliquo

666 4523 695 4561 a
726 4509 914 4562 vinctis
953 4508 1127 4562 vincta
1178 4515 1261 4561 est
1293 4523 1307 4561 :
1340 4506 1564 4578 mutavit
1605 4506 1748 4560 enim
1789 4522 1964 4562 rerum
2010 4516 2255 4563 naturam

665 4600 1185 4654 adulescentulorum
1236 4579 1435 4668 pietas;
1496 4597 1606 4651 imo
1664 4611 1791 4652 vero
1843 4614 1949 4652 non
2012 4607 2258 4654 naturam

664 4691 908 4757 mutavit,
955 4689 1048 4745 sed
1093 4689 1232 4760 quod
1281 4697 1395 4743 erat
1419 4688 1730 4751 mirabilius,
1763 4691 2121 4758 permanentia
2157 4707 2254 4746 na-

667 4796 799 4841 tnrzc
837 4786 941 4839 vim
972 4784 1261 4853 repressit:
1292 4797 1396 4836 non
1427 4783 1568 4836 enim
1609 4783 1784 4852 ignem
1830 4782 2115 4849 exstinxit,
2161 4785 2255 4840 sed

663 4878 940 4933 ardentem
985 4875 1308 4931 inefï¬cacem
1351 4873 1581 4930 reddidit
1606 4891 1620 4926 :
1649 4873 1868 4942 etquod
1895 4883 1977 4930 est
2011 4876 2256 4938 mirabile

667 4984 730 5021 ac
753 4966 1092 5037 stupendum,
1122 4981 1229 5021 non
1260 4967 1312 5020 in
1344 4964 1540 5020 sanctis
1579 4974 1780 5019 tantum
1813 4966 2127 5035 corporibus
2154 4968 2255 5024 hoc

668 5059 862 5116 factum
903 5065 1003 5122 est,
1048 5056 1142 5112 sed
1169 5065 1220 5112 et
1251 5059 1302 5111 in
1334 5057 1665 5111 vestimentis
1696 5057 1933 5126 ipsorum
1961 5068 2014 5113 et
2046 5060 2254 5115 calcea-

668 5151 862 5206 mentis
887 5168 900 5204 :
932 5159 988 5206 et
1029 5149 1165 5204 sicut
1195 5149 1246 5205 in
1273 5149 1548 5218 apostolis,
1579 5150 1892 5203 vestimenta
1921 5151 2064 5205 Pauli
2102 5154 2254 5222 :rgri-

666 5245 875 5307 tudines
891 5250 946 5296 et
967 5241 1238 5296 dmmones
1265 5240 1552 5308 pellebant,
1571 5247 1626 5295 et
1648 5240 1788 5294 Petri
1813 5241 1996 5295 umbra
2025 5253 2251 5298 mortem

667 5334 881 5404 rogabat
908 5349 923 5388 :
951 5332 1030 5389 sic
1067 5333 1229 5387 etiam
1273 5331 1359 5384 hic
1401 5346 1688 5399 puerorum
1717 5333 2078 5388 caleeamenta
2120 5333 2253 5402 ignis

668 5429 915 5480 virtutem
932 5423 1318 5479 eâ€™zstinâ€˜terunt.
1335 5420 1525 5475 Nescio
1540 5422 2014 5492 quomododicam:
2035 5424 2256 5476 miracu-

664 5517 775 5571 lqu
804 5530 1018 5571 omnem
1036 5514 1317 5569 verborum
1339 5512 1700 5567 narrationem
1742 5513 2083 5568 transcendit.
2121 5513 2251 5568 Nam

663 5611 743 5661 vis
770 5617 886 5663 erat
909 5606 1199 5672 exstincta,
1230 5613 1286 5660 et
1315 5620 1421 5659 non
1449 5604 1746 5659 exstincta:
1778 5621 1896 5659 cum
1941 5606 2082 5660 enim
2109 5606 2252 5660 circa

666 5710 966 5755 sanctorum
987 5700 1195 5755 illorum
1224 5713 1447 5765 corpora
1468 5697 1796 5760 versabatur,
1817 5709 1930 5752 erat
1955 5699 2215 5755 exstincta
2236 5717 2249 5752 :

669 5805 790 5846 cum
820 5805 944 5846 vero
987 5790 1192 5847 vincula
1241 5788 1544 5857 dirumpcre
1586 5790 1838 5860 Oportult,
1873 5805 1977 5844 non
2008 5800 2120 5844 erat
2150 5806 2244 5844 ex-

2408 484 2606 538 stincta
2632 503 2644 538 :
2674 488 2960 556 compedes
2987 490 3144 560 igitur
3172 493 3393 564 dirnpit,
3422 505 3476 550 et
3507 494 3644 552 talos
3672 513 3778 554 non
3809 498 4001 572 tetigit.

2404 573 2595 631 Vidisti
2632 589 2828 647 quanta
2875 582 3280 652 propinquitas?
3323 583 3507 655 Neque
3551 587 3600 640 vi
3631 603 3726 642 sua
3766 590 4006 660 privatus

2401 674 2483 719 est
2528 667 2686 735 ignis,
2718 684 2890 739 neque
2929 671 3070 725 ultra
3113 673 3320 727 vincula
3355 676 3645 743 procedere
3690 694 3852 733 ausus
3883 678 4001 736 luit.

2402 754 2584 811 Vinait
2629 769 2904 830 tyrannus,
2953 772 3008 817 ct
3050 761 3264 818 ï¬‚anima
3311 766 3553 831 resolvit,
3589 778 3646 822 ut
3689 779 3742 824 et
3783 769 4002 826 barbari

2398 847 2778 904 crudelitatem
2805 849 3004 918 discas,
3055 860 3114 908 et.
3151 853 3402 909 elementi
3446 855 3827 914 obedientiam.
3884 859 4002 929 Qua

2399 950 2526 990 vero
2546 952 2712 993 causa
2735 937 2787 993 in
2817 941 2991 1009 ignem
3023 942 3290 999 missurus
3311 959 3406 1001 eos
3432 945 3650 1015 ligavit?
3674 947 3739 1002 Ut
3761 948 4003 1004 miracu-

2397 1024 2507 1082 lum
2537 1027 2689 1083 lieret
2717 1029 2911 1100 majus,
2959 1041 3022 1086 ut.
3059 1033 3357 1089 mirabilius
3400 1036 3631 1106 signant,
3662 1054 3729 1092 ne
3778 1050 3999 1109 putares

2395 1132 2518 1175 esse
2542 1120 2820 1176 oculorum
2837 1137 3077 1180 errorem
3103 1140 3165 1179 ea
3191 1141 3310 1197 qua:
3335 1127 3690 1184 videbantur:
3723 1114 3824 1185 nisi
3850 1132 3996 1186 enim

2395 1211 2532 1281 ignis
2561 1213 2649 1269 ille
2672 1213 2806 1284 ignis
2836 1216 3044 1281 fuisset,
3073 1217 3283 1273 vincula
3312 1233 3419 1274 non
3449 1219 3857 1292 absumpsisset,
3883 1238 3999 1279 non

2392 1305 2635 1360 exterius
2674 1305 2928 1363 sedentes
2970 1307 3189 1376 mil'ues,
3234 1309 3376 1380 quod
3427 1311 3597 1365 multo
3652 1314 3820 1382 magis
3871 1314 3996 1382 luit,

2391 1397 2655 1465 rapuisset
2692 1415 2708 1453 :
2759 1413 2902 1454 nune
2944 1409 3123 1454 autem
3177 1401 3541 1458 exterioribus
3574 1403 3791 1473 quidem
3839 1406 3946 1460 vim
3972 1446 3995 1474 ,

2390 1474 2734 1542 interioribus
2755 1503 2886 1543 vero
2914 1489 3275 1546 obedientiam
3307 1491 3584 1548 exhibuit.
3605 1492 3686 1548 Tu
3706 1509 3837 1549 vero
3860 1495 3999 1552 mihi

2388 1578 2668 1632 eunsidera
2716 1579 2933 1650 ubique,
2979 1580 3252 1652 quomodo
3293 1581 3538 1637 diabolus
3582 1599 3682 1654 per
3723 1600 3844 1654 quae
3893 1585 3996 1642 Dei

2387 1681 2579 1723 servos
2618 1669 2914 1740 impugnat,
2957 1687 3052 1741 per
3093 1671 3210 1728 haec
3253 1674 3524 1744 propriam
3570 1676 3676 1729 vim
3722 1675 3992 1743 destruat,

2387 1772 2504 1813 non
2524 1760 2713 1815 volens
2752 1759 2999 1831 quidem,
3026 1762 3119 1817 sed
3148 1763 3243 1817 Dei
3276 1764 3536 1833 sapientia
3568 1775 3620 1820 et
3651 1767 3994 1836 providentia

2385 1849 2526 1905 illius
2560 1851 2738 1924 armis
2773 1861 2826 1908 et
2851 1853 3064 1908 artibus
3093 1854 3148 1909 in
3193 1855 3357 1925 ipsius
3385 1867 3540 1926 caput
3584 1866 3767 1914 utente
3797 1878 3812 1913 :
3841 1860 3993 1930 quod

2384 1940 2601 2010 quidem
2646 1950 2704 1997 et
2739 1942 2826 1998 hic
2870 1942 3064 2000 factum
3111 1955 3215 2002 est.
3248 1945 3501 2002 Diabolus
3543 1949 3688 2004 enim
3720 1950 3829 2005 illic
3860 1961 3986 2029 tune

2386 2043 2613 2104 tyranno
2640 2049 2701 2091 se
2737 2035 3037 2104 insinuans,
3084 2055 3258 2110 neque
3305 2039 3458 2097 ferro.
3475 2051 3782 2097 sanctorum
3810 2045 3991 2115 Capita

2382 2126 2621 2181 abscindi
2651 2129 2913 2199 permisit,
2945 2146 3120 2199 neque
3148 2132 3334 2186 bestiis
3357 2131 3512 2197 tradi,
3542 2149 3714 2204 neque
3742 2134 3854 2188 ullo
3875 2134 3990 2190 alio

2383 2219 2474 2274 tali
2498 2220 2659 2276 modo
2689 2220 2865 2290 puniri
2891 2240 2904 2276 :
2938 2223 3031 2278 sed
3063 2223 3114 2278 in
3145 2223 3320 2294 ignem
3346 2225 3488 2295 injici
3511 2228 3699 2293 suasit,
3725 2235 3787 2283 ut.
3807 2243 3992 2298 neque

2383 2309 2625 2378 reliquiae
2669 2311 2883 2367 illorum
2919 2322 3228 2369 sanctorum
3277 2325 3640 2382 rctiiauerent,
3682 2319 3813 2387 ipsis
3852 2334 3983 2374 cor-

2381 2400 2601 2468 poribus
2625 2404 2982 2472 consumptis,
3012 2415 3070 2458 et
3107 2405 3344 2474 ipsorum
3371 2406 3554 2461 cinere
3582 2422 3702 2462 cum
3729 2422 3987 2465 sarmen-

2379 2489 2558 2546 torum
2605 2492 2786 2548 cinere
2833 2495 3166 2550 commixto:
3198 2496 3339 2552 Deus
3386 2508 3566 2554 autem
3613 2498 3716 2554 hoc
3760 2501 3879 2571 ipso
3911 2503 3989 2558 ad

2378 2581 2668 2652 impietatis
2695 2584 3111 2640 destructionem
3141 2601 3267 2640 usus
3293 2595 3398 2653 est,
3431 2598 3487 2644 et
3523 2604 3589 2644 eo
3618 2591 3790 2647 modo.
3817 2608 3990 2664 quem

2375 2688 2483 2745 ego
2499 2690 2623 2730 mox
2658 2676 2830 2730 dicam
2841 2718 2861 2734 ..

2445 2763 2592 2837 Ignis
2617 2766 2756 2837 apud
2787 2765 2974 2820 Persas
2999 2767 3122 2821 deus
3151 2777 3380 2838 putatur.
3407 2799 3475 2812 -
3517 2769 3656 2826 Deus
3681 2772 3820 2842 apud
3845 2772 3980 2837 Per-

2376 2869 2465 2911 sas
2499 2857 2634 2926 ignis
2673 2872 2794 2912 esse
2823 2867 3072 2927 putatur,
3111 2857 3392 2931 ipsumque
3431 2861 3602 2917 multo
3628 2864 3772 2917 cultu
3815 2879 3984 2921 vene-

2374 2956 2560 3001 rantur
2581 2948 2740 3002 etiam
2769 2962 2909 3002 nunc
2936 2947 3145 3003 barbari
3173 2951 3445 3020 regionem
3473 2953 3617 3007 illam
3650 2951 3977 3011 habitantes.

2373 3037 2574 3093 Valens
2625 3039 2784 3109 igitur
2836 3039 2978 3093 Deus
3039 3040 3296 3097 radicitus
3350 3041 3638 3113 impietatis
3690 3047 3983 3106 materiam

2370 3128 2609 3192 auferre,
2643 3130 2909 3183 concessit
2940 3129 3241 3200 huiusmodi
3281 3145 3454 3202 pana:
3485 3132 3702 3188 modum
3722 3175 3738 3200 ,
3768 3145 3826 3190 ut
3858 3151 3983 3207 pra

2369 3219 2542 3274 oculis
2556 3221 2796 3274 catinium
2822 3221 2992 3290 ipsum
3012 3221 3301 3274 colentium
3324 3263 3338 3283 ,
3363 3223 3539 3277 servis
3559 3224 3677 3277 suis.
3692 3225 3974 3281 victoriam

2370 3310 2638 3366 conferret
2666 3328 2677 3364 :
2710 3327 2804 3380 per
2847 3311 2957 3380 ipsa
3003 3327 3162 3380 opera
3204 3311 3337 3381 ipsis
3378 3314 3701 3382 persuadere
3746 3316 3976 3382 volens,

2369 3403 2512 3473 quod
2549 3404 2824 3474 gentilium
2873 3404 2946 3458 dii
2994 3419 3098 3459 non
3143 3403 3320 3461 Deum
3364 3413 3598 3473 tantum,
3647 3406 3743 3463 sed
3790 3416 3846 3462 et
3874 3408 3972 3464 Dei

2367 3510 2555 3550 servos
2585 3495 2825 3549 timeant.
3600 3486 3602 3488 â€™

2440 3587 2493 3643 4.
2515 3586 2584 3640 Î•Î¹
2605 3587 2884 3641 considera
2916 3587 3154 3642 victoria:
3183 3603 3434 3644 coronam
3454 3605 3550 3659 per
3565 3593 3832 3646 contraria
3852 3601 3970 3650 tea-

2366 3686 2496 3744 tam,
2529 3686 2584 3733 et
2604 3677 2972 3746 factostrOpcei
3006 3685 3172 3732 testes
3198 3678 3343 3747 ipsos
3365 3679 3629 3734 inimicos.
3653 3681 3973 3750 Hisitenim,

2365 3769 2560 3838 inquit,
2578 3768 3048 3824 Nabuchodonosor
3066 3786 3155 3824 rex
3165 3769 3657 3842 ad-cougregandmn
3675 3790 3846 3828 omnes
3862 3793 3967 3829 ma-

2363 3860 2622 3928 gistratus,
2652 3869 2698 3913 ct
2719 3860 2889 3925 duces,
2912 3872 2957 3912 et
2983 3858 3243 3928 prmities,
3272 3861 3526 3930 principes
3559 3871 3605 3916 et
3625 3870 3890 3932 tyrannos,
3918 3875 3971 3923 ÎµÎ¹

2362 3950 2415 4003 in
2447 3950 2768 4020 potestatibus
2796 3952 3109 4015 constitutos,
3136 3959 3183 4003 ct
3203 3965 3373 4004 attines
3390 3953 3659 4023 regionum
3672 3958 3970 4026 praefatos,

2363 4051 2418 4095 ut
2449 4043 2752 4095 veitirentad
2790 4057 2931 4096 nocte
2959 4041 3322 4094 dedicationem
3354 4051 3557 4108 stature,
3595 4053 3640 4097 et
3669 4046 3967 4116 congregati

2362 4143 2479 4187 sunt
2507 4149 2675 4188 omnes
2720 4132 2878 4203 (Dan.
2907 4138 2942 4191 5
2991 4132 3072 4202 â€˜2).
3106 4132 3354 4188 Inimicus
3383 4133 3652 4188 theatrum
3697 4146 3867 4204 parat,
3898 4151 3964 4192 ac

2363 4233 2693 4291 spectatores
2715 4223 2877 4293 cogit.
2903 4224 3134 4277 stadium
3153 4223 3417 4292 proponit,
3448 4223 3565 4293 ipse
3595 4227 3963 4294 spectaculum

2362 4326 2644 4382 convocat,
2677 4325 2731 4371 et
2763 4316 3023 4370 theatrum
3048 4332 3158 4370 non
3177 4316 3472 4386 vulgarium
3506 4318 3803 4386 hominum,
3849 4336 3966 4378 non

2362 4411 2723 4479 privatorum,
2771 4413 2873 4468 sed
2909 4411 3145 4465 etnnium
3193 4409 3575 4465 honoratorum
3621 4421 3674 4465 et
3716 4413 3962 4469 omnium

2362 4506 2785 4576 magistratuum,
2832 4515 2892 4559 ut
2932 4514 2986 4559 et
3026 4504 3389 4579 testimonium
3434 4504 3574 4572 apud
3624 4504 3820 4559 multos
3853 4506 3963 4563 [ide

2361 4597 2576 4667 dignum
2606 4595 3002 4652 ï¬at.Yenerant
3026 4595 3092 4648 ad
3119 4595 3261 4650 aliud
3291 4594 3461 4648 vocati
3487 4593 3871 4662 spectaculum,
3905 4605 3964 4652 et

2359 4691 2461 4744 alia
2507 4689 2822 4759 conspicati,
2865 4703 3055 4742 (utines
3086 4687 3352 4741 abierunt.
3401 4686 3676 4741 Venerunt
3721 4696 3959 4744 statuam

2358 4780 2662 4843 adoraturi,
2709 4788 2762 4833 et
2801 4789 3028 4833 statuam
3067 4778 3282 4848 quidem
3326 4777 3661 4842 deriserunt;
3707 4779 3962 4836 abierunt

2359 4888 2488 4926 vero
2520 4872 2609 4926 Dei
2656 4871 2943 4941 potentiam
2992 4869 3236 4922 admirati
3268 4884 3363 4938 per
3389 4869 3538 4939 signa
3567 4869 3832 4939 intpuerâ€˜ts
3857 4886 3959 4926 es-

2362 4961 2546 5015 hibita.
2569 4961 2632 5015 Et
2659 4959 2776 5014 vide
2797 4961 2885 5015 ubi
2903 4958 3132 5014 studium
3156 4957 3258 5012 hoc
3281 4967 3572 5014 statuerat:
3597 4959 3775 5014 nonin
3797 4959 3953 5026 urbe,

2362 5069 2459 5107 nec
2491 5055 2541 5108 in
2574 5054 2680 5108 ullo
2706 5068 2856 5122 agro,
2895 5052 2992 5109 sed
3041 5052 3180 5123 plani
3226 5062 3280 5106 et
3309 5051 3434 5106 nudi
3461 5054 3632 5122 campi
3680 5053 3782 5107 hoc
3806 5056 3963 5111 orbis

2362 5143 2626 5200 theatrum
2674 5145 3014 5214 suscipiunt:
3056 5143 3109 5197 in
3163 5158 3354 5212 campo
3397 5145 3539 5198 enim
3594 5144 3748 5198 Deira
3800 5157 3960 5202 extra

2362 5236 2625 5290 civitatem
2657 5238 2882 5306 effigiem
2915 5237 3106 5300 erexit,
3139 5245 3194 5292 et
3231 5251 3406 5307 ÏÏ„Ï‰ÎµÎ¿
3452 5237 3813 5306 pertransiens
3841 5239 3959 5292 ela-

2361 5330 2580 5384 tnabat:
2627 5327 2775 5383 Vobis
2820 5330 3026 5393 dicitur,
3055 5341 3249 5400 gentes,
3296 5329 3474 5393 tribus,
3507 5329 3698 5398 pepuli,
3741 5329 3958 5400 linguae,

2359 5440 2669 5493 quacumque
2683 5423 2807 5476 hora
2824 5423 3083 5476 audieritis
3098 5438 3264 5476 vocem
3281 5420 3644 5489 lubc,ï¬sluia:,
3663 5429 3708 5473 et
3721 5421 3956 5488 citltartv,

2357 5515 2721 5584 wmbuca'que,
2745 5524 2788 5567 et
2817 5515 3062 5582 psolterii,
3091 5521 3138 5567 et
3165 5513 3484 5584 symphonia:
3509 5521 3556 5566 et
3581 5511 3746 5565 euntis
3761 5513 3962 5582 generis

2359 5611 2684 5674 musicorum,
2703 5608 2934 5663 cadentes
2949 5608 3157 5662 adoralc
3171 5619 3389 5660 statuam
3416 5622 3621 5660 auream
3647 5605 3795 5677 (vere
3811 5605 3962 5660 enim

2358 5700 2548 5755 cadere
2566 5709 2680 5755 erat
2699 5699 3042 5756 simulacrum
3064 5698 3333 5766 adorare):
3352 5706 3400 5750 et
3423 5712 3723 5765 quicumque
3743 5712 3845 5749 non
3866 5711 3960 5749 ca-

2359 5789 2480 5845 dens
2508 5792 2811 5860 adoravcrit,
2845 5791 2894 5844 in
2926 5790 3098 5845 eadem
3136 5790 3258 5845 lion.
3308 5790 3599 5862 projirictur
3625 5789 3677 5843 in
3700 5788 3963 5842 coruinum
