4196 6316
214 414 294 473 σε
1194 415 1283 472 so
1322 411 1650 470 POPULUM
1687 408 2199 465 ANTlOtlllENUM.
2243 408 2473 465 tt0.\llL.
2510 410 2594 465 tv.
3476 430 3550 483 66

217 540 349 605 ignis
375 538 640 588 ardentem
709 531 871 604 (ρων.
903 528 1131 600 3.,4-6).
1162 527 1350 582 Vidisti
1392 542 1552 598 quam
1591 526 1825 581 dil‘llcilia

218 628 510 683 certamina
535 634 719 693 parata
740 625 869 687 sint,
892 631 945 677 et
975 630 1105 691 quot
1128 620 1437 674 insidiarum
1457 620 1826 684 necessitates,

218 736 377 790 quam
401 718 662 789 protunda
692 730 908 786 vorago.
938 724 991 768 et
1016 713 1362 783 prter-ignium
1392 712 1694 783 utrimque?
1722 711 1831 766 Sed

217 820 289 865 ne
335 810 618 865 timueris:
660 816 869 878 quanto
906 805 1075 877 magis
1108 804 1543 858 machinamenta
1583 802 1828 857 inimicus

216 901 457 966 auset'it,
508 907 659 953 tanto
704 902 872 967 magis
898 911 1181 966 puerorum
1216 894 1578 950 fortitudinem
1607 892 1832 947 demum-

216 1000 379 1046 strat.
418 991 541 1046 Ideo
566 991 709 1045 enim
740 1000 818 1044 tot
846 989 1173 1043 musicorum
1204 996 1495 1043 conetmtns
1517 1028 1530 1046 .
1584 986 1705 1040 ideo
1737 1001 1830 1039 ca-

217 1084 404 1136 tninus
443 1082 665 1147 ardens,
711 1090 853 1136 utet
891 1080 1135 1150 voluptas
1174 1088 1230 1133 et
1266 1082 1427 1133 timor
1462 1078 1829 1132 assistentitun

216 1176 431 1228 animas
460 1174 748 1228 obsideret.
775 1174 947 1242 Asper
991 1172 1315 1226 adstantium
1343 1171 1606 1241 quispiam
1635 1181 1735 1231 est,
1778 1178 1837 1223 et.

219 1265 465 1335 rigidus?
512 1264 714 1319 Molliat
745 1266 938 1333 ipsum,
990 1263 1179 1332 inquit,
1227 1261 1501 1316 delectans
1536 1260 1832 1315 omnisona:

221 1358 445 1415 tunsum:
470 1357 719 1412 meludia.
747 1357 855 1411 Sed
880 1355 1191 1419 hisjnsidiis
1219 1354 1464 1422 superior
1484 1352 1605 1406 est?
1634 1360 1832 1406 terreat

217 1460 281 1507 ct
308 1450 567 1521 percellat
593 1450 819 1503 ﬂamma:
849 1457 1118 1517 aspectus.
1154 1446 1220 1500 Et
1250 1457 1367 1499 erat
1410 1444 1571 1497 timor
1590 1452 1643 1498 et
1679 1443 1832 1497 vuln-

223 1553 366 1613 ptas,
388 1541 505 1596 haec
528 1556 623 1609 per
643 1554 826 1604 aures,
850 1539 940 1593 ille
968 1552 1064 1608 per
1088 1536 1272 1591 oculos
1292 1534 1486 1590 anima:
1508 1534 1827 1603 subrepens.

225 1633 612 1687 Vertitutamen
634 1630 1155 1685 adulescentulorum
1183 1629 1394 1683 illortun
1416 1627 1831 1697 generositatem

224 1723 416 1779 borum
464 1720 597 1775 nihil
645 1719 953 1790 superavit;
1003 1719 1099 1775 Sed
1146 1718 1285 1772 sicut
1313 1717 1365 1771 in
1404 1718 1579 1786 ignem
1606 1716 1831 1784 projecti

222 1814 501 1872 ﬂammam
550 1812 812 1875 vicerunt,
864 1810 945 1865 sic
988 1824 1203 1863 omnem
1247 1806 1737 1875 concupiscentiam
1780 1814 1836 1859 et

220 1905 551 1963 anxietatem
580 1901 901 1957 deriserunt.
930 1899 1053 1954 llaec
1074 1899 1223 1953 enim
1239 1899 1418 1952 omnia
1449 1905 1663 1966 propter
1691 1896 1835 1965 ipsos

220 1996 473 2050 diabolus
502 2001 894 2064 przeparaverat
926 2009 940 2045 :
974 2006 1085 2046 non
1107 1991 1249 2044 enim
1276 1990 1343 2043 de
1372 1988 1598 2043 subditis
1624 1987 1837 2041 dubita-

222 2090 334 2154 bat,
375 2088 474 2141 sed
506 2087 682 2155 potius
713 2084 937 2140 multum
964 2082 1297 2148 conﬁdebat,
1324 2078 1526 2137 nullum
1565 2081 1708 2151 regis
1734 2080 1836 2150 legi

221 2192 649 2250 repugnaturum
671 2192 790 2232 esse
814 2195 827 2231 :
848 2184 1124 2246 postquam
1144 2191 1271 2231 vero
1288 2175 1599 2229 ceciderunt
1623 2188 1833 2239 omnes,

221 2280 281 2325 et
323 2270 455 2325 victi
482 2278 630 2333 smtt,
676 2277 801 2323 tunc
839 2268 893 2321 in
922 2267 1153 2322 medium
1184 2265 1333 2337 pueri
1372 2266 1468 2320 soli
1494 2276 1747 2335 aguntur,
1780 2275 1837 2320 ut

224 2362 307 2419 sic
333 2374 553 2431 quoque
594 2360 821 2413 victoria
863 2359 951 2412 tiat
980 2358 1195 2421 clarior,
1226 2373 1347 2413 cum
1380 2358 1431 2410 in
1466 2366 1611 2411 tanta
1652 2358 1836 2413 multi.

225 2454 412 2509 tudine
445 2454 543 2523 ipsi
570 2453 811 2516 vincant,
849 2459 905 2505 et
932 2452 1164 2505 victores
1193 2451 1569 2505 renuntientur
1605 2467 1621 2505 :
1663 2466 1838 2523 neque

223 2546 373 2600 enim
407 2555 515 2598 tam
547 2544 790 2598 mirabile
811 2542 1016 2609 fuisset,
1042 2542 1087 2596 si
1115 2540 1261 2595 nullo
1288 2543 1648 2611 supplantatu.
1678 2541 1837 2612 primi

223 2635 456 2689 viriliter
480 2635 735 2704 egissent.
790 2633 903 2687 lloc
948 2642 1123 2686 autem
1173 2633 1465 2687 maximum
1501 2643 1551 2687 et
1591 2633 1838 2687 mirabile

224 2736 335 2791 est,
358 2726 501 2795 quod
529 2724 832 2779 cadentium
862 2723 1146 2777 multitudo
1175 2726 1319 2793 ipsos
1348 2738 1453 2777 nou
1485 2724 1695 2787 terruit,
1730 2740 1837 2779 non

226 2818 413 2873 solvit.
462 2817 576 2871 Non
624 2816 762 2871 intra
802 2831 860 2871 se
898 2816 1004 2871 tale
1034 2816 1159 2886 quid
1204 2816 1481 2881 dixerunt,
1512 2815 1655 2885 quod
1684 2816 1834 2871 tnuili

224 2925 377 2979 an'pe
417 2909 601 2964 dicere
647 2917 1040 2963 consueverunt
1071 2926 1083 2960 :
1112 2908 1165 2963 Si
1207 2908 1362 2978 primi
1412 2923 1511 2963 nos
1552 2909 1839 2978 imaginem

226 3002 603 3061 adorarcmus.
637 3000 688 3053 id
720 3009 993 3069 peccatum
1018 3007 1194 3065 esset;
1227 2999 1273 3053 si
1304 3014 1433 3053 vero
1456 3015 1580 3056 cum
1613 3008 1690 3053 tut
1721 3000 1837 3053 util-

226 3093 372 3149 libus
403 3094 507 3147 hoc
542 3094 822 3157 faciamus,
854 3092 972 3163 quis
998 3092 1205 3146 veniam
1235 3108 1341 3146 non
1366 3092 1557 3147 dabit?
1594 3094 1712 3163 quis
1741 3110 1834 3149 cx-

229 3185 515 3238 cusatione
537 3183 728 3253 dignus
751 3198 857 3237 non
896 3182 1134 3238 censebit
1160 3183 1184 3238 2
1214 3183 1324 3239 Sed
1345 3183 1479 3238 nihil
1508 3184 1583 3238 illi
1615 3186 1718 3239 tale
1746 3195 1845 3239 aut

228 3276 508 3339 dixerunt,
552 3282 644 3328 aut
688 3275 1087 3344 cogitaverunt,
1139 3283 1217 3329 tot
1260 3284 1609 3347 tyrannorum
1657 3276 1839 3345 lapsus

229 3369 429 3423 intuiti.
460 3368 541 3423 Tu
566 3383 697 3422 vero
738 3366 872 3422 milii
910 3377 965 3422 et
1004 3367 1445 3423 ealunmiantium
1495 3367 1640 3438 ipsos
1680 3368 1837 3421 inab-

227 3461 492 3532 gnitatcm
519 3459 823 3526 considera,
854 3468 907 3515 et
935 3475 1095 3530 quam
1122 3460 1365 3529 improbe
1394 3468 1449 3514 et
1475 3458 1667 3515 acerbe
1694 3460 1838 3530 ipsos

231 3552 629 3612 :tt‘cusaverint.
665 3551 821 3620 Sunt,
849 3551 1038 3621 inquit,
1057 3553 1152 3606 viri
1169 3551 1365 3613 Judtri,
1392 3568 1516 3621 quos
1538 3551 1840 3605 constituisti

229 3665 388 3719 ευριπ·
412 3659 568 3717 opera
599 3642 817 3714 regionis
842 3641 1118 3713 Babylonis
1146 3640 1305 3716 (Dan.
1332 3643 1385 3697 5.
1408 3642 1519 3711 12).
1549 3642 1663 3696 Non
1691 3643 1834 3698 enim

233 3742 411 3795 solum
451 3745 666 3810 gentem
706 3745 1217 3797 commemorarunt.
1270 3737 1365 3791 sed
1394 3748 1450 3792 et
1490 3736 1753 3792 honorem
1784 3738 1840 3793 in

235 3834 552 3887 memoriam
594 3837 1003 3893 revocaverunt,
1044 3838 1096 3882 ut
1120 3827 1258 3898 regis
1289 3829 1422 3883 itam
1456 3829 1833 3897 accenderent,

235 3934 442 3979 tantum
502 3938 607 3977 non
651 3924 890 3977 dicentes
934 3935 953 3973 :
993 3919 1224 3983 Servos,
1282 3920 1497 3975 civitate
1552 3930 1833 3987 carentes,

232 4016 477 4085 captivos
507 4015 775 4085 principes
820 4018 1032 4066 nostros
1064 4011 1269 4075 fecisti;
1303 4010 1355 4065 hi
1390 4027 1515 4067 vero
1543 4023 1595 4066 et
1630 4020 1839 4066 tantum

236 4108 497 4161 honorem
523 4105 845 4160 contumelia
871 4105 1133 4171 afﬁciunt,
1161 4114 1214 4160 et
1240 4107 1291 4158 in
1318 4121 1440 4160 eum
1467 4106 1556 4175 qui
1575 4122 1635 4161 se
1662 4106 1835 4159 hono-

238 4201 394 4263 rav‘it,
418 4200 713 4254 insolenter
760 4208 940 4268 agunt.
972 4198 1095 4253 Ideo
1124 4200 1331 4261 dicunt,
1360 4196 1536 4252 Jndwi
1558 4216 1683 4267 quos
1706 4215 1834 4253 can-

233 4289 461 4341 stimisti
480 4305 640 4356 super
658 4305 815 4357 opera
836 4292 1061 4360 regionis
1079 4290 1225 4359 Baby
1251 4294 1391 4349 onis,
1410 4305 1513 4342 non
1531 4305 1713 4358 ραι-ηε)
1728 4300 1821 4341 unt

233 4378 447 4432 decreto
477 4388 591 4446 tuo,
615 4390 666 4435 et
697 4382 802 4434 diis
833 4384 940 4436 tuis
963 4378 1559 4449 non.srrritntt.(ltvid.)
1589 4377 1825 4432 Maxima

237 4470 672 4533 l-tusaccusatio,
691 4472 985 4527 cterimina
1009 4471 1429 4535 laudesliunt,ct
1446 4472 1819 4525 testimonium

239 4561 591 4617 indubitatum
620 4561 846 4616 inimicis
871 4561 1041 4629 ipsum
1066 4561 1484 4631 perhibentibus.
1510 4562 1647 4631 Quid
1679 4564 1835 4633 igitur

239 4654 371 4708 res?
391 4653 557 4707 .lnssit
575 4652 719 4722 ipsos
746 4654 1048 4708 inmedium
1074 4655 1181 4723 agi,
1212 4665 1270 4708 ut
1300 4655 1445 4723 ipsos
1473 4655 1704 4723 undique
1729 4664 1837 4708 ter-

239 4756 399 4800 rcrct.
423 4744 526 4800 Sed
552 4744 685 4798 nihil
709 4745 825 4799 illos
845 4747 1227 4810 consternavit,
1258 4764 1360 4799 non
1384 4747 1523 4816 regis
1541 4745 1707 4811 furor,
1728 4763 1833 4800 nou

239 4838 379 4904 quod
418 4838 518 4891 soli
560 4836 614 4891 in
641 4847 799 4891 tanta:
832 4839 1002 4891 turba:
1024 4838 1199 4891 medio
1220 4838 1459 4892 derclieti
1491 4848 1693 4905 essent,
1727 4854 1865 4892 non-

238 4926 374 4995 ignis
398 4936 693 4993 spectatus,
725 4941 829 4980 non
857 4937 1108 4981 canentes
1135 4928 1293 4993 tuine,
1334 4943 1440 4981 non
1471 4944 1659 4983 omnes
1690 4929 1835 4998 ipsos

236 5015 549 5071 ardentibus
576 5015 747 5071 oculis
785 5018 1072 5082 intuentes,
1101 5018 1193 5072 sed
1224 5017 1338 5071 lucc
1366 5020 1437 5071 illi
1476 5022 1652 5073 omnia
1686 5023 1831 5075 deri-

235 5106 445 5169 dentes,
466 5113 735 5173 tamquam
755 5106 804 5159 in
820 5107 1066 5177 frigidum
1099 5123 1356 5176 aqmrtun
1386 5112 1582 5165 fontem
1614 5113 1832 5166 mitten-

233 5195 316 5261 di,
343 5197 395 5252 in
422 5198 690 5251 fornacem
718 5184 943 5267 ingressi
962 5208 1104 5273 sunt,
1128 5199 1333 5253 beatam
1362 5202 1507 5254 illam
1527 5205 1834 5259 cmittcntes

232 5302 422 5341 Vocem
454 5305 467 5340 :
498 5285 615 5338 Diis
654 5288 752 5339 tuis
797 5304 896 5341 non
944 5290 1207 5353 servimus,
1259 5301 1305 5342 et
1352 5302 1569 5344 statuam
1598 5311 1828 5359 auream,

231 5391 385 5446 quam
412 5377 636 5439 nexisti,
669 5392 769 5428 non
809 5377 1083 5429 adoramus
1105 5378 1263 5450 (Dan.
1299 5382 1350 5433 5.
1386 5382 1496 5451 18).
1546 5383 1692 5438 llanc
1725 5403 1829 5437 non

235 5478 439 5519 temere
487 5464 708 5519 recitavi
736 5465 1038 5533 historiam,
1065 5470 1158 5522 sed
1187 5478 1241 5522 ut
1270 5470 1510 5535 discatis,
1540 5474 1679 5543 quod
1711 5476 1831 5529 licet

235 5558 382 5613 furor
408 5559 573 5613 instet
598 5557 799 5625 regius,
854 5558 952 5612 etsi
987 5560 1213 5615 militum
1246 5563 1470 5625 insidbc,
1526 5567 1626 5619 etsi
1656 5567 1830 5620 inimi-

230 5666 419 5704 corum
468 5649 717 5717 invidia,
766 5652 865 5706 etsi
920 5655 1234 5722 captivitas,
1278 5657 1379 5709 etsi
1435 5658 1674 5722 orbitas,
1727 5661 1831 5716 etsi

232 5742 390 5809 ignis,
418 5742 520 5796 etsi
549 5744 757 5805 lurnax,
789 5745 886 5796 etsi
914 5744 1190 5799 innumera
1217 5748 1337 5810 alia,
1366 5748 1567 5816 justum
1594 5752 1721 5805 nihil
1740 5768 1827 5805 su-

229 5849 417 5906 perare
458 5843 551 5892 aut
599 5844 805 5890 tenere
846 5836 1057 5905 poterit.
1104 5838 1158 5894 Si
1186 5840 1329 5895 enim
1376 5843 1460 5898 ubi
1490 5843 1684 5916 impius
1714 5862 1825 5908 erat

1943 541 2064 589 rex,
2098 539 2203 578 non
2248 524 2669 580 formidaret-unt
2712 526 3091 583 ado'csccntuh
3143 532 3351 603 tyranni
3401 529 3547 586 ῆιιυο

1939 632 2075 678 rem,
2105 604 2272 669 multo
2294 617 2463 685 magis
2487 632 2586 669 nos
2609 619 2884 673 conlidere
2914 630 3143 689 oportet,
3171 622 3463 678 butnanunt
3492 634 3546 678 et

1939 709 2122 762 mitem
2170 707 2432 763 habentes
2460 708 2863 777 Imperatorem,
2892 722 2946 766 et
2970 712 3038 767 de
3070 713 3169 767 hac
3200 714 3546 769 tribulatione

1942 799 2051 853 Deo
2071 800 2269 873 gratias
2310 815 2489 868 agerc,
2530 817 2598 855 ex
2630 804 2901 871 prtetlictis
2921 804 3127 870 doctos,
3161 809 3418 862 aerumnis
3446 822 3546 862 nos

1938 890 2195 944 clariores
2232 889 2371 944 effici
2416 902 2471 945 et
2498 892 2640 959 apud
2681 892 2869 956 Deum,
2912 903 2967 948 et
3009 896 3148 965 apud
3198 896 3465 963 homines,
3497 902 3543 954 si

1941 981 2082 1050 ipsas
2146 997 2410 1051 generose
2464 982 2601 1037 ferre
2663 984 2917 1039 sciamus.
2988 986 3198 1040 Etenim
3252 989 3351 1042 nisi
3402 992 3544 1044 servi

1940 1074 2166 1130 [ιιίμδοιιι
2210 1070 2281 1137 bi,
2318 1077 2555 1142 ipsorum
2584 1076 2884 1132 libertatem
2924 1095 3028 1132 non
3056 1082 3495 1151 cognovissemus
3530 1100 3542 1113 ο

1942 1169 2042 1221 nisi
2092 1168 2285 1239 captivi
2339 1167 2584 1233 fuissmt,
2630 1187 2734 1223 non
2775 1187 2962 1225 eorum
3008 1174 3169 1227 animi
3210 1174 3543 1229 nobilitatem

1939 1259 2317 1315 didicissemus
2350 1279 2363 1314 :
2396 1261 2495 1316 nisi
2542 1262 2776 1315 inferiori
2830 1265 2996 1331 patria
3041 1266 3386 1335 excidissent,
3438 1284 3543 1323 non

1939 1346 2385 1421 Cognovissemus
2416 1368 2661 1423 superna:
2682 1355 2917 1409 civitatis
2947 1372 3066 1411 esse
3103 1358 3339 1426 ipsorum
3373 1359 3543 1416 virtu-

1943 1454 2049 1497 tem
2086 1462 2098 1498 :
2134 1446 2231 1499 nisi
2261 1456 2505 1500 terrenus
2552 1464 2642 1501 rex
2688 1448 2820 1518 ipsis
2857 1448 3047 1504 fuisset
3077 1451 3265 1515 iratus,
3312 1469 3416 1508 non
3444 1472 3573 1516 att-,

1940 1524 2205 1592 dissemus
2254 1539 2706 1605 benevolentiam,
2759 1556 2920 1611 quam
2962 1542 3194 1599 cmlestis
3249 1545 3361 1600 ltcx
3419 1563 3544 1617 erga

1943 1627 2087 1696 ipsos
2119 1627 2360 1697 gerebat.

2013 1718 2067 1773 5.
2112 1718 2179 1772 Et
2205 1728 2261 1773 tu
2291 1720 2453 1789 igitur
2480 1720 2523 1774 si
2549 1720 2693 1775 illum
2725 1722 3043 1778 benevolum
3076 1723 3295 1791 habeas,
3336 1728 3465 1783 licet
3494 1731 3545 1784 in

1942 1809 2213 1865 fornacem
2263 1813 2447 1878 cadas,
2500 1830 2564 1869 ne
2607 1814 2906 1882 desperes:
2939 1817 3077 1871 sicut
3117 1818 3160 1871 si
3209 1832 3544 1885 succenseat,

1941 1899 2066 1953 licet
2094 1900 2146 1953 in
2179 1902 2427 1969 paradiso
2457 1904 2550 1965 sis,
2580 1920 2647 1958 ne
2669 1906 2929 1959 conﬁdas.
2972 1907 3186 1961 Etenim
3220 1911 3270 1962 in
3301 1910 3550 1979 paradiso

1941 2000 2057 2045 erat
2087 1992 2273 2057 Adam,
2300 2004 2354 2047 et
2381 2008 2657 2064 poStquam
2690 1996 2854 2050 Detuu
2899 1999 3148 2064 incitavit,
3193 2001 3320 2054 nihil
3355 2003 3551 2070 profuit

1942 2085 2219 2153 paradisus
2248 2104 2260 2139 :
2296 2082 2349 2141 in
2381 2086 2595 2141 fornace
2625 2099 2777 2142 erant
2810 2090 2916 2153 isti,
2949 2102 2997 2144 et
3030 2107 3310 2162 poSIquam
3332 2110 3391 2148 se
3413 2095 3549 2149 bene

1939 2186 2242 2246 gesserunt,
2278 2178 2409 2233 nihil
2436 2178 2605 2233 obfuit
2632 2178 2842 2238 fornac.
2873 2182 2926 2235 lu
2956 2184 3331 2250 paradisoch
3354 2186 3545 2248 Adam,

1941 2276 1996 2320 ct
2024 2267 2147 2337 quia
2180 2269 2363 2338 segnis
2390 2280 2529 2333 erat,
2560 2273 2930 2341 supplantatus
2962 2274 3095 2328 fuit:
3132 2277 3256 2329 limo
3285 2278 3547 2331 insidebat

1939 2355 2083 2423 Job,
2145 2367 2200 2413 ct
2238 2360 2377 2429 quia
2426 2361 2720 2430 vigiktbat,
2785 2368 3077 2435 superavit.
3137 2369 3296 2438 Atqui
3347 2381 3547 2439 quanto

1944 2450 2227 2519 paradisus
2272 2462 2355 2507 est
2395 2453 2521 2507 limo
2568 2456 2799 2511 melior?
2839 2459 2934 2513 sed
2978 2459 3108 2512 nihil
3140 2459 3241 2514 loci
3270 2461 3548 2514 virtusin-

1944 2540 2200 2596 ls'tbitauti
2254 2543 2472 2611 profuit,
2516 2558 2796 2615 postquam
2838 2550 3073 2617 seipsmn
3128 2552 3217 2605 ille
3268 2554 3545 2620 prodidit:

1942 2632 2079 2687 sicut
2106 2648 2206 2687 nec
2237 2634 2337 2689 luci
2371 2634 2548 2690 vilitas
2578 2638 2774 2693 virtute
2806 2640 3038 2709 undique
3077 2641 3340 2695 mttnitum
3390 2643 3546 2699 hesit.

1944 2724 2011 2777 Et
2037 2739 2135 2779 nos
2158 2724 2316 2795 igitur
2346 2728 2579 2781 animam
2609 2738 2847 2782 nostram
2881 2732 3224 2786 muniamus:
3256 2735 3369 2786 sive
3404 2735 3549 2788 enim

1945 2819 2291 2886 pecuniarum
2342 2823 2536 2875 mult'ta
2580 2823 2882 2891 immineat,
2924 2826 3042 2879 sive
3084 2840 3249 2892 mors,
3296 2827 3554 2895 pietatem

1945 2926 2075 2965 vero
2102 2910 2313 2966 attt‘erat
2342 2930 2521 2978 nemo,
2553 2931 2741 2969 sumus
2765 2916 3014 2971 omnibus
3048 2918 3332 2973 beatiores.
3368 2920 3553 2983 litters

1942 3000 2189 3056 Clnistus
2242 3005 2514 3059 mandavit
2562 3006 2745 3061 dicens
2785 3027 2798 3061 :
2852 3006 3030 3062 Estote
3071 3010 3227 3079 igitur
3280 3012 3555 3077 prmium:

1943 3092 2073 3145 sicut
2111 3105 2365 3161 serpentes
2405 3094 2618 3164 (Mutila.
2659 3098 2745 3152 10.
2795 3100 2907 3166 16).
2954 3099 3101 3154 Sicut
3124 3104 3268 3155 enim
3302 3104 3391 3159 ille
3428 3104 3553 3163 refl.

1942 3197 2106 3251 quum
2129 3184 2313 3252 objicit
2342 3200 2561 3253 corpus,
2595 3196 2648 3241 ιιι
2678 3198 2840 3256 caput
2880 3202 3084 3253 srrvet.
3118 3192 3197 3247 sic
3228 3204 3280 3248 ct
3314 3205 3367 3248 ttt
3394 3211 3407 3249 :
3438 3198 3554 3253 sive

1946 3274 2219 3343 pecunias,
2259 3276 2371 3330 sive
2410 3291 2627 3346 corpus,
2670 3280 2785 3334 sive
2827 3292 3148 3349 pramentcm
3193 3286 3387 3354 vitam,
3436 3290 3552 3345 sive

1943 3363 2126 3418 omnia
2157 3366 2407 3420 amittere
2436 3376 2705 3435 oporteat,
2729 3378 2786 3422 ut
2818 3371 3067 3439 pietatem
3093 3389 3403 3441 conserves,
3439 3381 3546 3433 noli

1944 3456 2165 3509 tristari.
2197 3457 2250 3512 Si
2280 3458 2424 3511 enim
2456 3458 2600 3514 illam
2643 3460 2845 3516 habens
2877 3464 3213 3533 migraveris,
3246 3486 3371 3524 omn
3395 3488 3423 3524 a
3456 3473 3548 3527 tibi

1942 3560 2064 3599 cum
2113 3545 2300 3613 majori
2337 3549 2476 3606 Deus
2518 3551 2761 3606 claritate
2806 3556 3086 3619 retribuet,
3122 3570 3175 3612 ct
3202 3576 3398 3629 corpus
3427 3579 3550 3618 cum

1942 3638 2371 3707 majorirursum
2417 3640 2586 3710 gloria
2628 3645 2893 3711 restituet,
2927 3656 2979 3701 et
3009 3663 3104 3717 pro
3134 3653 3376 3720 pecuniis
3414 3653 3549 3708 bona

1942 3743 2061 3795 qna:
2106 3730 2247 3784 nulla
2293 3730 2582 3787 verborum
2630 3735 2679 3788 vi
2730 3746 2951 3805 possunt
2996 3738 3246 3809 exprimi.
3280 3742 3470 3800 Nonne
3497 3746 3550 3800 in

1944 3819 2070 3875 lituo
2102 3821 2277 3877 nudus
2330 3823 2551 3879 sedebat
2576 3825 2700 3891 Job,
2734 3828 3029 3883 innumeris
3058 3834 3322 3887 mortibus
3341 3839 3551 3907 graviu-

1945 3928 2058 3967 rcm
2087 3914 2362 3969 sustinens
2392 3916 2599 3971 vitam?
2629 3918 2735 3973 Sed
2760 3922 2881 3989 quia
2913 3923 3164 3992 pietatem
3196 3943 3302 3982 non
3331 3930 3548 4000 abjecit,

1942 4004 2120 4059 omnia
2171 4020 2293 4060 cum
2344 4008 2534 4077 majori
2580 4011 2731 4079 eopia
2784 4013 2993 4069 rediere
3043 4018 3251 4084 priora.
3306 4026 3552 4092 corporis

1943 4098 2143 4153 sanitas
2163 4107 2214 4152 et
2240 4100 2469 4168 species,
2498 4101 2675 4155 omnis
2697 4102 2928 4159 ﬁliorum
2952 4117 3146 4171 cintus,
3180 4115 3548 4178 possessiones

1942 4204 2152 4255 omnes,
2175 4201 2230 4245 ct
2259 4191 2405 4261 quod
2426 4195 2665 4247 omnium
2689 4198 3001 4264 maximum,
3033 4201 3310 4270 splendida
3338 4208 3548 4274 patien-

1944 4279 2032 4335 tia:
2061 4295 2278 4336 corona.
2313 4282 2462 4339 Sicut
2492 4286 2634 4340 enim
2666 4287 2716 4341 in
2740 4288 3021 4345 arboribus
3045 4294 3259 4360 accidit,
3284 4298 3407 4351 utsi
3431 4302 3552 4367 quis

1943 4370 2173 4427 fructum
2201 4391 2321 4430 enm
2350 4376 2492 4431 foliis
2519 4377 2745 4442 auferat,
2777 4389 2831 4435 ct
2862 4398 3041 4438 ramos
3064 4400 3252 4441 omnes
3285 4402 3546 4457 amputet,

1944 4464 2122 4520 radice
2165 4478 2435 4536 manente,
2472 4479 2577 4525 tota
2604 4487 2729 4526 cum
2758 4472 2947 4541 majori
2978 4475 3138 4531 etiam
3164 4490 3358 4535 ornatu
3388 4483 3499 4536 at-b-
3526 4503 3551 4539 r

1944 4567 2191 4627 resurgat
2219 4576 2233 4612 :
2262 4560 2341 4613 sie
2382 4561 2598 4630 quidem
2635 4572 2693 4617 et
2731 4563 2783 4617 in
2835 4566 3013 4633 nobis,
3060 4569 3105 4623 si
3149 4572 3361 4639 pie:atis
3392 4578 3544 4631 radix

1945 4662 2276 4717 permaneat,
2321 4654 2420 4707 etsi
2468 4653 2668 4709 divitite
2709 4656 3041 4727 auferantur,
3088 4670 3146 4717 et
3173 4679 3370 4734 corpus
3420 4683 3544 4721 cor-

1945 4752 2255 4809 rumpatur,
2304 4746 2482 4798 omnia
2534 4764 2720 4802 rursus
2766 4751 2920 4806 nubis
2965 4769 3085 4807 cum
3129 4757 3317 4824 majori
3377 4760 3545 4831 gloria

1944 4832 2189 4886 redeunt.
2217 4834 2442 4890 Omnem
2482 4837 2640 4907 igitur
2678 4842 2871 4896 animtc
2914 4846 3331 4903 sollicitudinem
3373 4864 3427 4906 et
3452 4870 3547 4907 stt-

1944 4924 2199 4995 pcrﬂuam
2246 4944 2431 4983 curam
2462 4932 2796 5000 alijtrientcs,
2844 4938 2907 4990 ad
2942 4955 3036 4992 nos
3070 4941 3212 5011 ipsos
3241 4946 3547 5015 redeamus,

1941 5034 2135 5087 Corpus
2150 5029 2201 5073 et
2223 5022 2455 5077 animam
2476 5026 2729 5079 orurmits
2747 5029 2953 5083 virtutis
2971 5044 3309 5099 ornamento,
3329 5038 3433 5106 just
3463 5050 3549 5094 ι.;ιε

1940 5125 2111 5175 arma,
2140 5111 2233 5165 sed
2258 5129 2360 5167 non
2393 5131 2539 5169 arma
2568 5119 2804 5185 peccati;
2837 5128 3078 5189 corporis
3108 5129 3274 5181 nostri
3306 5132 3545 5185 tnendna

1940 5204 2255 5259 exhibentes
2284 5224 2296 5257 :
2330 5214 2381 5259 et
2422 5219 2547 5263 ante
2590 5211 2769 5264 omnia
2818 5213 3051 5282 linguam
3095 5226 3151 5269 ttt
3182 5218 3225 5271 si
3256 5223 3547 5288 spirittmlts

1940 5296 2123 5363 gratia:
2155 5299 2394 5352 ministra
2424 5300 2785 5367 instituamus,
2811 5319 2971 5359 omne
2990 5307 3133 5362 virus
3163 5320 3215 5363 et
3246 5314 3545 5382 malignita-

1944 5398 2047 5440 tem
2079 5403 2142 5441 ev
2171 5404 2266 5443 ore
2309 5391 2652 5458 proﬁcientes
2695 5404 2750 5448 et
2782 5399 3014 5466 turpium
3055 5402 3344 5457 verborum
3374 5409 3543 5459 medi-

1943 5479 2221 5534 tationem.
2246 5482 2456 5536 Etenim
2478 5484 2528 5537 in
2560 5494 2740 5540 nostra
2774 5499 3040 5557 potestate
3069 5501 3171 5556 est,
3203 5499 3541 5567 unumquod-

1939 5586 2044 5639 que
2067 5572 2429 5629 membrorum
2456 5587 2759 5632 nustrurnm
2787 5582 2901 5635 sive
2930 5583 3163 5649 malitiai,
3196 5588 3545 5656 sivejnstftiae

1943 5664 2355 5720 instrumentum
2388 5668 2580 5724 facere.
2615 5671 2753 5724 Audi
2798 5672 2956 5743 igitur
2984 5680 3255 5744 quomodo
3287 5680 3542 5750 linguam,

1942 5760 1991 5811 hi
2034 5760 2248 5828 quidem
2299 5763 2527 5829 peccati,
2574 5764 2647 5817 illi
2683 5780 2815 5819 vero
2838 5768 3059 5834 justititc
3099 5785 3249 5823 arma
3280 5772 3539 5831 fecerunt.

1944 5849 2142 5920 Lingua
2186 5852 2409 5920 ipsorum
2460 5856 2661 5924 gladius
2704 5860 2883 5911 oculus
2931 5858 3099 5927 (l’sal.
3152 5862 3347 5933 $513.5).
3399 5868 3544 5920 Alter
