4196 6316
2283 203 2312 214 κ

731 425 799 481 c7
1443 407 1502 464 S.
1538 406 1814 463 JOANNIS
1851 400 2319 462 CIIRYSOSTOMI
2360 402 2680 460 AliClllEP.
2723 402 3252 460 CONSTANTINOP.
3931 408 4006 464 63

734 542 858 580 vero
882 523 1092 594 quidam
1119 519 1186 575 de
1211 534 1307 589 sua
1331 517 1458 574 dicit
1485 519 1693 588 lingua:
1719 516 1916 593 Lingua
1946 533 2054 569 nica
2079 514 2304 566 calamus

731 613 908 668 scriba:
943 611 1172 665 velociter
1215 609 1471 664 scribentis
1514 607 1682 677 (Psal.
1723 606 1810 661 ιι.
1855 606 1936 673 2).
1986 604 2075 657 Illa
2103 603 2302 657 easdem

731 714 944 773 opentta
972 711 1074 770 est,
1102 702 1216 756 haec
1238 701 1468 756 divinam
1495 701 1666 768 legem
1691 699 1952 754 scribebat
1981 714 1995 749 :
2027 705 2302 765 propterea

730 797 814 848 illa
841 793 1052 864 quidem
1097 793 1320 862 gladius,
1364 791 1601 845 calamus
1642 800 1814 841 autem
1861 788 1974 841 lucc
2014 796 2150 850 erat,
2198 803 2304 841 non

727 883 1018 938 secundum
1045 884 1309 952 prOpriatn
1327 891 1590 942 naturam,
1610 880 1700 931 sed
1726 877 2014 932 secundum
2043 876 2304 930 utentium

723 973 1060 1028 electionem.
1110 971 1326 1042 Lingua:
1369 971 1510 1023 enim
1559 980 1742 1022 natura
1786 976 1840 1020 t-t
1888 966 2043 1034 hujus
2069 975 2120 1020 et
2164 965 2305 1018 illius

725 1079 827 1118 una
861 1072 995 1126 erat,
1021 1061 1258 1132 operatio
1286 1069 1463 1114 autem
1492 1074 1595 1111 non
1644 1072 1766 1112 una.
1803 1057 1865 1110 Et
1894 1057 1961 1110 de
1991 1070 2086 1110 ore
2122 1068 2307 1108 rursus

725 1154 866 1209 idem
911 1168 1149 1208 cernere
1179 1150 1563 1204 licet:etenim
1612 1148 1664 1202 hi
1711 1147 1924 1218 quidem
1951 1146 2211 1200 habebant
2242 1159 2305 1199 os

725 1244 876 1298 sanie
922 1252 976 1297 et
1014 1239 1350 1308 improbitate
1397 1239 1648 1307 plenum;
1696 1245 1975 1306 prbptcrea
2007 1235 2296 1288 incusando

725 1333 934 1387 dicebat
983 1347 998 1384 :
1051 1331 1121 1384 0s
1174 1331 1399 1396 ipsorum
1459 1327 1804 1380 maledictione
1858 1335 1905 1379 et
1968 1324 2307 1378 aruan'ludine

725 1423 926 1495 pL-num
978 1432 1049 1477 est
1084 1420 1254 1492 (Psal.
1280 1421 1367 1474 15.
1399 1419 1452 1477 3)
1485 1436 1499 1472 :
1529 1418 1693 1487 ipsius
1743 1431 1872 1471 vero
1919 1432 2027 1470 non
2057 1416 2180 1478 tale,
2209 1415 2306 1470 sed

727 1513 799 1568 Os
835 1527 1021 1578 meum,
1077 1512 1263 1582 inquit,
1305 1509 1529 1580 loquetur
1573 1509 1891 1578 sapientiam,
1950 1518 1996 1561 et
2048 1507 2302 1561 meditatio

727 1605 893 1658 cordis
920 1602 1016 1655 mei
1042 1601 1354 1670 prudentiam
1383 1598 1550 1668 (Psul.
1578 1597 1666 1652 48.
1699 1598 1774 1667 4).
1801 1598 1900 1651 Alii
1933 1612 2058 1650 vero
2107 1612 2292 1651 rursus

723 1677 911 1750 manus
949 1692 1214 1747 habebant
1256 1690 1544 1760 iniquitatis
1574 1689 1774 1758 plenas,
1823 1698 1875 1741 et
1924 1687 2021 1741 hos
2045 1700 2299 1740 accusans

723 1799 910 1844 rursus
951 1782 1200 1838 dicebat:
1247 1780 1313 1834 In
1353 1781 1582 1834 manibus
1628 1780 1850 1846 ipsorum
1899 1779 2202 1847 iniquitates,
2251 1784 2301 1830 et

723 1875 905 1929 dextra
927 1890 1097 1927 eorum
1125 1873 1311 1941 repleta
1335 1881 1405 1924 est
1428 1869 1710 1923 muneribus
1736 1867 1902 1942 (Psal.
1921 1869 2010 1924 95.
2046 1864 2158 1939 10).
2183 1866 2302 1936 lpse

681 1994 688 2000 -
724 1981 855 2022 vero
882 1970 1067 2020 manus
1105 1963 1235 2017 nihil
1263 1962 1403 2016 aliud
1431 1961 1627 2027 facere,
1659 1977 1814 2030 quam
1844 1961 1896 2014 in
1930 1959 2118 2018 ein-lum
2146 1960 2299 2030 erigi,

725 2067 962 2111 assuetas
994 2053 1481 2119 habebatyideirco
1507 2062 1560 2108 et
1586 2053 1652 2107 de
1683 2052 1765 2106 his
1792 2051 2000 2106 dicebat
2028 2070 2042 2105 :
2069 2049 2304 2105 Elevatio

725 2162 965 2200 manuum
1003 2161 1226 2198 mearum
1264 2143 1568 2212 sacriﬁcium
1614 2143 1944 2212 uespertinum
1973 2141 2143 2212 (Psal.
2174 2142 2302 2198 140.

722 2236 798 2306 2).
830 2235 885 2290 In
922 2235 1082 2291 corde
1125 2249 1334 2304 quoque
1372 2234 1493 2287 licet
1533 2233 1669 2286 idem
1711 2232 1925 2299 videre;
1952 2232 2300 2302 quorumdam

726 2329 866 2382 cnim
893 2342 987 2381 cor
1015 2342 1204 2380 vanum
1232 2335 1332 2390 est,
1377 2325 1530 2395 hujus
1569 2335 1742 2379 autem
1771 2341 1986 2392 verum;
2017 2334 2303 2397 propterea

725 2419 794 2472 dc
823 2418 924 2472 illis
948 2417 1074 2472 dicit
1098 2433 1111 2469 :
1143 2415 1242 2471 Cor
1263 2433 1434 2470 eorum
1461 2431 1642 2469 vanum
1670 2425 1742 2470 est
1773 2414 1943 2483 (Psal.
1973 2415 2028 2470 5.
2064 2414 2154 2483 l0)
2181 2432 2194 2479 ;
2234 2413 2303 2470 de

725 2523 824 2560 suo
851 2518 1049 2572 autem,
1081 2504 1342 2560 Eructarit
1378 2521 1465 2558 car
1497 2522 1657 2559 nicum
1696 2507 1896 2560 verbum
1919 2507 2101 2560 bonum
2127 2505 2298 2576 (Psal.

725 2597 814 2652 M.
845 2598 921 2666 ἓ).
951 2596 1015 2650 Et
1056 2595 1122 2650 de
1167 2595 1346 2650 auditu
1393 2610 1601 2649 rursum
1645 2596 1784 2649 idem
1815 2597 1994 2652 videre
2024 2597 2167 2651 licet.
2195 2596 2302 2651 Alii

725 2701 950 2756 namque
997 2687 1280 2741 bestiarum
1327 2686 1562 2739 auditum
1621 2686 1888 2742 habebant
1935 2688 2189 2742 immitem
2246 2697 2300 2742 et

724 2778 1130 2849 implacabilem,
1179 2786 1235 2833 et
1272 2779 1415 2847 ipsos
1437 2779 1742 2847 vituperans
1765 2780 1844 2834 sic
1871 2779 2082 2835 dicebat
2109 2797 2122 2833 :
2155 2779 2302 2834 Sicut

723 2871 916 2942 aspidis
940 2871 1126 2934 surda,
1157 2879 1202 2924 et
1243 2869 1520 2922 obturantis
1557 2885 1704 2923 aures
1740 2886 1857 2924 suas
1887 2869 2056 2942 (Psal.
2082 2869 2172 2926 57.
2201 2869 2255 2939 5)
2283 2887 2300 2924 :

724 2961 890 3031 ipsius
925 2971 1100 3016 autem
1130 2959 1341 3014 auditus
1370 2958 1671 3014 divinorum
1715 2971 1837 3016 erat
1877 2962 2161 3016 verborum
2213 2977 2302 3016 reo

724 3051 1082 3121 ceptaculum,
1141 3060 1197 3105 et
1244 3049 1345 3104 hoc
1405 3052 1575 3119 ipsum
1631 3050 2021 3118 manifestavit,
2070 3051 2300 3106 dicens:

726 3140 991 3196 Inclinabo
1019 3140 1071 3194 in
1099 3140 1392 3210 parabolaut
1417 3157 1590 3194 aurem
1616 3157 1795 3203 nteant,
1825 3141 2049 3212 aperiam
2075 3141 2126 3194 in
2165 3142 2304 3212 psal-

725 3233 848 3287 terio
879 3232 1267 3301 propositionem
1291 3247 1447 3284 meam
1473 3225 1648 3298 (Psal.
1677 3226 1766 3282 48.
1798 3225 1875 3297 5).

797 3321 1069 3379 6.Moralis
1089 3321 1464 3378 exhortatio.-——
1486 3322 1609 3376 llaec
1633 3323 1788 3391 igitur
1805 3323 2054 3391 scientes,
2085 3339 2184 3380 nos
2206 3340 2306 3378 un-

731 3413 888 3483 dique
915 3414 1107 3468 virtute
1143 3414 1536 3477 muniamus,et
1563 3415 1639 3467 sie
1671 3414 1764 3468 Dei
1784 3416 1916 3468 iram
1941 3414 2257 3484 repellemus
2288 3433 2303 3470 :

734 3517 789 3560 et
814 3506 1052 3574 corporis
1074 3506 1238 3558 nostri
1265 3505 1501 3560 membra
1525 3507 1742 3575 justitia:
1767 3522 1912 3560 arma
1938 3505 2191 3562 faciamus
2207 3550 2221 3572 ,
2251 3518 2306 3562 et

736 3587 1182 3658 oculos-manus,
1203 3593 1382 3663 pedes,
1416 3610 1530 3661 cor,
1559 3597 1790 3666 linguam
1833 3607 1886 3652 et
1924 3612 2084 3651 omne
2111 3612 2305 3666 corpus

731 3693 970 3742 nostrum
1001 3695 1058 3738 ut
1089 3686 1186 3739 soli
1213 3684 1391 3739 virtuti
1419 3688 1544 3741 utile
1587 3690 1653 3740 sit
1682 3687 2015 3743 instituamus
2048 3706 2061 3742 :
2091 3699 2144 3744 et
2185 3689 2303 3743 illo-

731 3791 847 3829 rum
899 3775 1053 3827 trium
1079 3776 1093 3805 ⁸
1128 3775 1497 3840 recordemur,
1543 3776 1610 3831 de
1638 3778 1826 3846 quibus
1860 3781 1924 3833 ad
1951 3781 2319 3838 vestmmeha—

728 3865 936 3918 ritatem
963 3864 1123 3918 verba
1150 3863 1272 3930 feci,
1303 3879 1492 3935 rogans
1523 3875 1580 3919 ut
1619 3867 1888 3921 inimicum
1911 3867 2175 3924 haberetis
2205 3886 2301 3926 ne-

736 3957 958 4022 minem,
977 3970 1148 4025 neque
1175 3956 1419 4026 cuiquam
1442 3973 1623 4011 eorum
1651 3959 1739 4027 qui
1765 3972 1860 4012 vos
1881 3960 2089 4014 tristitia
2116 3961 2305 4017 affece-

733 4049 860 4113 rint,
892 4047 1296 4111 maledicatis,et
1324 4049 2051 4118 improbamjuramentorum
2082 4069 2307 4110 consueo

729 4141 965 4194 tudinem
992 4155 1057 4194 ex
1073 4156 1167 4194 ore
1192 4152 1371 4195 vestro
1400 4142 1640 4208 ejiciatis.
1671 4143 1733 4196 Et
1771 4151 1820 4197 te
1843 4142 2048 4198 duobus
2089 4147 2302 4216 quidem

727 4231 988 4285 mandatis
1029 4229 1086 4286 in
1110 4231 1214 4284 alio
1241 4238 1478 4300 tempore
1502 4232 1822 4288 disseremus
1850 4250 1862 4286 :
1897 4250 1990 4304 per
2011 4235 2148 4291 hanc
2178 4253 2308 4292 vero

729 4322 1110 4376 hebdomadam
1151 4330 1314 4376 totam
1359 4323 1425 4376 de
1449 4322 1764 4391 juramentis
1797 4325 1947 4379 vobis
1975 4327 2236 4390 dicemus.
2270 4345 2300 4382 a

731 4411 951 4467 faciliori
980 4412 1227 4466 mandato
1276 4411 1484 4466 initium
1531 4410 1782 4466 facientes
1808 4429 1822 4465 :
1847 4430 1946 4470 nec
1982 4417 2123 4470 enim
2155 4417 2307 4472 labor

733 4504 870 4557 ullus
888 4511 969 4558 est
995 4503 1420 4573 jurameutorum
1463 4505 1900 4559 consuetudinem
1953 4507 2168 4564 vincere
2195 4551 2210 4578 ,
2258 4511 2306 4565 si

793 4678 809 4708 ί
844 4684 946 4726 sav.
969 4683 1021 4726 et
1041 4689 1168 4726 unus
1189 4675 1345 4726 codex
1370 4690 1382 4726 :
1409 4676 1583 4742 legum.

2412 515 2634 569 velimus
2654 516 2734 570 vel
2759 530 2939 584 parum
2957 512 3261 582 impendere
3281 512 3460 579 studii,
3485 528 3586 568 nos
3603 512 3828 570 invirern
3855 531 4003 570 conr-

2419 604 2838 659 monefaeientes
2858 647 2878 671 ,
2903 603 3249 658 admonentes
3270 645 3284 666 ,
3314 601 3662 659 observantes
3679 646 3694 670 ,
3733 607 3997 660 rationem

2409 705 2462 748 et
2481 711 2663 764 pennas
2679 696 2836 759 abiis,
2856 695 2944 764 qui
2961 694 3107 749 obliti
3123 695 3332 758 fuerint,
3352 702 3670 763 repetentes.
3685 695 3811 763 Qum
3829 697 4004 761 eiiiui,

2409 804 2613 857 quaeso,
2633 788 2870 841 ciborum
2893 787 3228 842 abstinentia:
3245 786 3464 848 utilitas,
3485 787 3582 840 nisi
3599 787 3866 856 impmbas
3881 788 3994 841 ani-

2412 878 2480 930 mi
2503 876 2916 931 consuetudines
2940 875 3300 945 expellamus?
3321 876 3459 930 Ecce
3478 875 3634 928 hodie
3661 885 3823 929 totam
3845 875 3990 944 jejun

2413 969 2482 1021 nii
2505 969 2643 1021 diem
2672 969 2964 1036 exegimus,
2988 978 3041 1021 et
3071 982 3306 1021 mensam
3333 968 3383 1020 in
3409 981 3631 1036 vespera
3643 981 3992 1037 apponemus,

2411 1075 2514 1112 non
2548 1057 2812 1111 hesterna:
2839 1057 3091 1122 similem,
3124 1056 3219 1111 sed
3242 1062 3572 1110 immutatam
3621 1067 3675 1111 et
3717 1056 3993 1111 honestio-

2411 1165 2542 1202 rem.
2569 1147 2835 1216 Numquid
2864 1148 3023 1218 igitur
3050 1148 3166 1217 quis
3187 1158 3426 1201 nostrum
3453 1148 3645 1203 dicere.
3657 1148 3814 1212 valet,
3835 1161 3896 1202 se
3918 1147 4004 1202 vi.

2413 1251 2516 1293 sum
2539 1255 2688 1293 suam
2719 1238 2874 1294 hodie
2894 1239 3031 1295 sicut
3060 1249 3113 1294 et
3134 1255 3372 1294 mensam
3405 1251 3661 1307 mutasse,
3699 1256 3758 1295 se
3787 1241 3992 1310 impro-

2410 1329 2528 1383 bam
2555 1331 2991 1384 consuetudinem
3017 1331 3151 1385 sicut
3175 1341 3229 1385 et
3248 1346 3422 1386 eseam
3443 1332 3806 1386 convertisse?
3829 1331 3992 1402 Equi-

2409 1418 2529 1473 dem
2555 1435 2660 1472 non
2689 1430 2837 1488 puto.
2862 1421 2990 1487 Qua:
3021 1419 3178 1490 igitur
3209 1421 3361 1476 nobis
3382 1421 3575 1490 jejunii
3602 1422 3830 1477 utilitas?
3870 1421 4002 1478 Ideo

2409 1508 2682 1573 exhortor,
2715 1520 2769 1563 et
2797 1510 3065 1564 exhortari
3118 1527 3222 1565 non
3250 1511 3514 1576 desinam,
3568 1512 3990 1583 utiunumquod-
4060 1564 4071 1574 .

2409 1615 2513 1668 que
2535 1600 2840 1655 mandulum
2894 1601 3163 1669 sigillatim
3193 1611 3558 1668 assumentes,
3585 1601 3721 1656 duos
3752 1603 3836 1657 vel
3884 1613 3992 1658 tres

2407 1689 2522 1744 dies
2545 1690 2610 1744 ad
2635 1690 2805 1759 ipsum
2830 1690 3152 1759 implendum
3176 1691 3510 1760 impendatis.
3529 1692 3591 1746 Et
3619 1693 3754 1746 sicut
3773 1691 4004 1762 quidam.

2405 1794 2528 1838 sunt
2556 1785 2694 1839 inter
2713 1801 2771 1839 se
2793 1786 3032 1840 ciborum
3059 1785 3375 1840 abstinentia
3397 1784 3725 1846 temulentos.
3750 1793 3802 1838 et
3823 1783 3991 1838 mira-

2407 1872 2567 1927 bilem
2587 1876 2984 1928 coutentionem
3016 1873 3269 1929 facientes
3297 1891 3310 1926 :
3342 1882 3396 1928 et
3421 1873 3474 1926 id
3500 1873 3713 1942 quidem
3753 1873 4006 1942 integros

2405 1961 2542 2017 duos
2560 1962 2674 2017 dies
2706 1963 3001 2033 transigunt
3032 1962 3230 2032 jejuni,
3282 1962 3333 2016 hi
3361 1976 3488 2016 vero
3512 1977 3620 2015 non
3651 1962 3755 2015 vini
3785 1971 4004 2015 tantum.

2407 2061 2461 2107 et
2499 2052 2624 2117 olei,
2648 2053 2742 2107 sed
2768 2063 2822 2107 et
2850 2054 3022 2108 onmis
3067 2053 3250 2108 ferculi
3278 2067 3430 2106 usum
3486 2067 3514 2104 a
3537 2067 3630 2106 sua
3653 2067 3838 2106 mensa
3861 2050 3991 2119 reji-

2406 2143 2628 2208 eientes,
2659 2159 2797 2214 pane
2827 2153 2881 2198 et
2905 2160 3038 2213 aqua
3069 2153 3282 2198 utentes
3309 2143 3603 2209 dumtaxat,
3635 2142 3992 2211 Quadragesis

2406 2251 2546 2290 mam
2575 2250 2786 2290 omnem
2808 2236 3130 2304 expediunt:
3159 2236 3238 2291 sic
3257 2243 3312 2290 et
3351 2250 3450 2290 nos
3478 2245 3662 2289 mutuo
3688 2232 3992 2288 contenda-

2409 2342 2554 2393 mus,
2600 2337 2658 2381 ttt
2695 2327 3116 2394 juramentorum
3163 2326 3514 2396 frequentiam
3570 2325 3817 2380 tollamus
3851 2323 3994 2378 :hoc

2407 2417 2549 2472 enim
2579 2417 2723 2471 omni
2749 2417 2950 2486 jejunio
2980 2416 3180 2482 utilius,
3227 2417 3328 2470 hoc
3355 2416 3499 2469 omni
3529 2414 3656 2469 vitae
3705 2415 3996 2483 asperitate

2409 2506 2731 2561 fructuosius
2749 2525 2768 2561 :
2795 2515 2848 2562 et
2876 2506 3106 2560 studium
3127 2506 3268 2576 quod
3291 2506 3431 2560 circa
3452 2506 3691 2560 ciborum
3715 2505 3991 2582 abstinen-

2411 2599 2536 2652 tiam
2561 2597 2836 2663 habemus,
2872 2597 2976 2653 boc
3001 2599 3140 2652 circa
3164 2601 3584 2667 juramentorum
3615 2597 4008 2653 abstinentiam.

2406 2690 3037 2760 cxhibeamus:quoniam
3058 2697 3310 2745 estremae
3326 2689 3611 2745 dementia:
3634 2690 3835 2744 crimen
3855 2689 3993 2744 sub-

2406 2784 2564 2848 imus,
2596 2779 2860 2851 prohibita
2900 2779 3114 2850 quidem
3163 2789 3588 2845 contemnentes,
3613 2781 3749 2834 circa
3779 2778 3993 2834 indiffe-

2410 2874 2582 2929 rentia
2632 2887 2760 2928 vero
2811 2887 2972 2927 omne
3014 2872 3247 2927 studium
3301 2870 3660 2926 adhibentes:
3710 2870 3996 2925 comedere

2415 2965 2558 3020 enim
2585 2980 2690 3018 non
2717 2973 2796 3018 est
2825 2962 3127 3026 inhibitum,
3152 2962 3334 3031 jurarc
3357 2977 3485 3017 vero
3525 2959 3848 3030 prohibitum
3875 2970 3998 3026 est;.

2408 3070 2507 3110 nos
2526 3065 2701 3108 autem
2717 3069 2748 3107 a
2773 3053 3043 3108 concessis
3060 3052 3412 3117 abstinentes,
3429 3051 3691 3121 prohibita
3708 3049 4002 3105 audemus-

2409 3144 3259 3214 Proptereacharitatemvestram
3277 3157 3342 3196 ex
3387 3150 3552 3206 ortor,
3575 3150 3631 3196 ut
3651 3141 3882 3210 aliquam
3909 3141 4001 3195 fas

2408 3233 2560 3288 eiatis
2583 3235 2950 3295 mutationem,
2978 3240 3032 3286 et
3062 3231 3186 3286 hinc
3217 3230 3532 3302 principium
3567 3231 3718 3286 nobis
3744 3230 4026 3308 ostendas.

2409 3323 2496 3376 tis.
2518 3321 2572 3376 Si
2593 3322 2732 3374 enim
2756 3337 2875 3374 eum
2900 3329 3047 3375 tanto
3076 3336 3312 3388 praesens
3336 3322 3588 3391 jejunium
3618 3321 3797 3377 studio
3813 3331 4002 3378 trans.

2409 3415 2694 3484 egerimus,
2726 3413 2824 3466 bac
2854 3413 3066 3482 quidem
3108 3413 3462 3479 hebdomade,
3488 3423 3547 3468 ut
3574 3429 3642 3468 ne
3661 3416 3880 3470 omnino
3907 3414 4008 3485 ju-

2410 3518 2614 3568 remus,
2633 3503 2949 3570 efficientes,
2971 3504 3212 3572 sequenti
3236 3504 3522 3558 veroiram
3558 3505 3957 3576 exstinguentes
3975 3545 3996 3572 ,

2411 3594 2651 3648 ulteriori
2695 3605 2874 3649 autem
2903 3595 3286 3650 detractionem
3323 3595 3577 3650 radicitus
3624 3596 3997 3666 destruentes,

2410 3695 2463 3738 et
2486 3693 2605 3754 post
2632 3685 2796 3754 ipsam
2816 3684 2915 3739 alia
2939 3700 3123 3740 rursus
3145 3686 3291 3756 plura
3309 3687 3670 3758 corrigentes;
3702 3689 3770 3742 ita
3791 3690 4012 3745 sensim.

2413 3775 2833 3845 progredientes,
2859 3775 3110 3844 paulatim
3137 3776 3202 3830 ad
3233 3777 3404 3845 ipsum
3436 3777 3642 3831 virtutis
3665 3780 3877 3834 culmen
3898 3795 4000 3836 ve-

2413 3866 2642 3928 niemus,
2667 3879 2904 3935 prtesens
2932 3864 3191 3935 fugiemus
3209 3865 3522 3935 periculum,
3548 3866 3712 3922 Deum
3731 3868 3999 3938 placatum

2410 3955 2694 4011 reddemus
2723 3974 2736 4010 :
2768 3967 2820 4011 et
2846 3956 3128 4011 multitudo
3151 3971 3335 4011 rursus
3373 3957 3438 4011 ad
3469 3973 3565 4011 nos
3597 3965 3652 4012 et
3697 3959 3764 4013 ad
3808 3961 4002 4016 urbem

2411 4049 2748 4117 regredietur
2777 4065 2790 4101 :
2825 4058 2950 4103 tunc
2980 4049 3100 4118 fuga
3121 4049 3298 4117 lapsos
3325 4048 3664 4116 docebimus,
3711 4067 3823 4107 non
3854 4052 4004 4106 loco-

2413 4154 2529 4192 rum
2558 4138 2859 4204 munimini,
2879 4153 2978 4194 nec
2999 4137 3201 4209 refugio
3223 4150 3274 4194 et
3304 4141 3552 4204 recessui,
3574 4140 3666 4195 sed
3687 4141 3850 4194 animi
3881 4143 4000 4212 pie-

2417 4230 2506 4282 tati
2534 4238 2587 4282 et
2608 4244 2812 4283 morum
2836 4230 3015 4283 virtuti
3034 4230 3222 4284 salutis
3243 4239 3438 4284 nostrae
3467 4244 3615 4299 spem
3636 4231 4008 4287 committere-

2416 4318 2592 4388 Atque
2621 4320 2689 4373 ita
2723 4321 2834 4386 fiet,
2858 4331 2914 4374 ut
2942 4331 2995 4376 et
3022 4321 3177 4390 hujus
3205 4322 3322 4376 vita:
3342 4331 3393 4375 et
3434 4320 3574 4376 illius
3621 4321 3810 4375 futurae
3860 4323 4000 4377 [uina

2413 4425 2795 4478 assequamur,
2831 4411 3020 4479 quibus
3075 4427 3172 4464 nos
3201 4425 3386 4466 omnes
3431 4412 3620 4479 dignos
3662 4410 3774 4465 fieri
3821 4411 4009 4478 detur,

2413 4500 2581 4568 gratia
2615 4510 2669 4554 et
2697 4501 3020 4570 benignitate
3064 4501 3272 4556 Damini
3303 4501 3468 4555 nostri
3494 4501 3620 4555 Jesu
3641 4502 3873 4566 Christi,
3908 4518 4006 4570 per

2412 4604 2568 4658 quem
2595 4598 2649 4644 et
2675 4605 2935 4660 cumquo
2982 4592 3121 4646 Patri
3165 4593 3327 4662 gloria
3369 4607 3471 4645 una
3515 4607 3635 4645 cum
3673 4605 3855 4647 sancto
3881 4592 4001 4661 Spi-

2413 4681 2516 4734 ritu
2541 4697 2681 4735 nunc
2707 4691 2760 4736 et
2779 4697 3014 4752 semper,
3043 4693 3096 4737 et
3137 4683 3188 4738 in
3212 4684 3403 4739 sucula
3431 4685 3766 4738 sweulorum.
3809 4685 4002 4741 Amen.

733 4940 959 4984 ITIDEM
1002 4937 1413 4981 uxuou'rs'rto
1456 4939 1540 4980 au
1583 4939 1875 4985 poruwu
1920 4944 2000 4986 DE
2043 4945 2303 4990 ueneno:

2415 4949 2726 4993 FERENDIS
2793 4952 3260 4996 IHMINENTIBUS
3303 4953 3504 5006 MINIS,
3561 4953 3692 5016 ευιᾳ
3747 4955 4004 4998 ΠΛΙΙΕΔΤ

812 5040 983 5085 SATIS
1029 5040 1240 5082 MULTA
1283 5039 1584 5082 EXEMPLA
1649 5041 1735 5082 EX
1775 5041 1854 5086 IIS
1898 5043 2040 5096 QUE
2083 5047 2303 5090 EVBNEI

2424 5051 2504 5092 ΕΤ
2546 5051 2658 5093 JOB
2730 5053 2810 5095 ET
2853 5053 3154 5096 NINIVITIS

811 5140 1051 5184 ἸΊΜΕΒΕ
1095 5138 1384 5195 MORTEM,
1428 5139 1544 5182 SED
1583 5141 1913 5185 PECCATUM

816 5239 1152 5283 FUGIENDIS
1186 5240 1201 5281 ἶ
1234 5238 1314 5281 ΕΤ
1355 5239 1420 5282 IN
1464 5239 1691 5283 TEBRE
1735 5242 1984 5285 MOTUM.

3207 5057 3221 5095 :
3271 5055 3439 5107 quon
3482 5055 3596 5098 nou
3674 5049 4014 5100 οιιοιιτιζιτ

1961 5146 1975 5184 2
2021 5144 2175 5198 QUID
2218 5149 2318 5192 SIT
2346 5149 2518 5192 ιιιε
2562 5151 2719 5194 “0M
2767 5156 2782 5209 ς
2830 5154 2914 5196 8⁸1⁵
2961 5155 3045 5196 ΒΕ
3098 5155 3504 5200 ,ιωιΑκεπτιθ
3539 5158 3704 5201 οΜαι
3768 5158 4005 5201 δτυυιο

2029 5413 2718 5455 “060*—

1383 5546 1601 5587 lomlA
1636 5547 1694 5586 ν.

819 5669 868 5721 l.
909 5666 1091 5721 Trium
1123 5681 1408 5734 puerorum
1447 5674 1500 5719 et
1529 5657 1864 5736 Babyloniae
1908 5663 2136 5722 fornacis
2161 5685 2321 5724 enar-

750 5762 882 5816 ratio
913 5761 1261 5830 aliquatenus,
1291 5766 1346 5814 ut
1366 5757 1591 5824 videtur,
1622 5763 1849 5812 vestram
1871 5756 2318 5818 bericharitatem

2427 5541 2698 5594 eonsolata
2722 5538 2839 5605 fuit,
2864 5540 3081 5613 insuper
3095 5551 3272 5596 autem
3287 5553 3341 5598 et
3369 5542 3546 5598 deJob
3567 5542 3870 5614 exemplum
3892 5549 3934 5614 *,
3963 5560 4013 5604 et

2429 5634 2583 5689 fimus
2611 5635 2756 5688 omni
2776 5633 2968 5688 throno
2984 5636 3130 5706 regio
3161 5636 3629 5694 veneraliilior.Ex
3654 5637 3830 5695 throni
3862 5653 4008 5696 latu-

2487 5775 2504 5807 ⁸
2538 5774 2732 5833 Quidam
2752 5783 2875 5840 post,
2919 5777 3004 5827 Job
3025 5776 3319 5840 exemplum,
3338 5777 3519 5830 adluat
3541 5792 3556 5829 :
3579 5780 3632 5829 lit
3655 5781 3856 5830 vulnera
3863 5776 4010 5844 justi.
