4196 6316
1574 160 1601 189 ,ς

284 363 357 418 ῡο
1226 360 1314 413 AD
1356 356 1675 413 l’Ol‘lllllSl
1720 349 2213 409 ANTIOCHENUM
2281 352 2505 409 ll0.\lll..
2545 353 2603 409 V.
3107 357 3113 362 ’
3541 359 3610 412 70

281 494 387 549 que
405 478 535 548 regii
561 488 787 548 aspectu
822 475 1020 531 nullum
1036 476 1136 529 erit
1166 477 1529 545 spectantibus
1553 475 1778 531 lucrum.
1803 466 1897 519 sed

288 570 604 637 temporalis
632 570 911 621 dumtaxat
938 569 1249 632 delectatio,
1285 566 1481 620 nullam
1526 566 1728 617 habens
1757 564 1899 616 utili-

286 670 446 713 tatem
484 675 587 712 :ev
627 661 753 712 limo
788 658 888 711 .lob
933 669 1108 713 autem
1135 660 1269 723 viso,
1308 666 1522 711 munem
1570 657 1691 727 quis
1725 656 1901 723 capiet

290 753 603 815 utilitatem,
636 761 689 806 et
712 752 1046 822 disciplinam
1080 752 1338 813 multam,
1384 759 1433 804 et
1466 748 1896 827 exhortationem

283 844 349 897 ad
381 844 655 911 patientia:
681 846 965 898 rationem.
1009 843 1189 912 itaque
1223 842 1372 895 multi
1414 857 1557 895 nunc
1602 841 1813 909 longam
1847 848 1901 891 et

284 937 704 989 transmarinam
775 938 1254 1006 peregrinationem
1304 951 1332 988 a
1389 945 1544 989 terra:
1592 935 1785 988 finibus
1846 934 1897 989 in

284 1031 544 1085 Arabiam
590 1031 932 1101 suscipiunt,
998 1043 1057 1085 ut
1115 1035 1294 1085 limum
1325 1032 1471 1085 illum
1528 1038 1787 1088 cernant.
1845 1036 1900 1081 ct

281 1122 586 1190 conspicati
615 1133 815 1176 terram
857 1123 1271 1186 deosculentur,
1327 1138 1442 1190 qua:
1492 1122 1632 1175 illius
1678 1121 1898 1174 victoris

282 1216 582 1269 certamina
616 1226 669 1269 et
697 1232 941 1269 cruorem
972 1217 1114 1269 omni
1144 1230 1274 1269 auro
1308 1215 1678 1283 pretiosiorem
1708 1230 1896 1265 susce—

287 1310 363 1375 pit
394 1308 495 1377 (α),
528 1308 712 1376 Neque
736 1309 878 1361 enim
908 1316 1113 1360 tantum
1146 1307 1377 1359 radiaret
1435 1320 1665 1374 purpura
1686 1346 1697 1364 ,
1728 1310 1903 1373 quan-‘

283 1409 400 1453 tum
432 1400 564 1453 illud
584 1415 780 1468 corpus
809 1412 935 1453 tunc
966 1400 1367 1468 resplendehat,
1401 1414 1504 1451 non
1557 1398 1732 1450 alieno
1754 1439 1766 1460 ,
1802 1397 1895 1449 sed

285 1491 508 1559 proprio
558 1491 781 1544 tinctum
822 1489 1099 1559 sanguine.
1147 1489 1337 1542 lilcera
1366 1504 1492 1541 vero
1541 1488 1625 1541 illa
1672 1487 1899 1556 gemmis

284 1577 1407 1649 omnibuserantchariora.Margaritarum
1434 1582 1574 1633 enim
1600 1590 1784 1632 natura
1820 1578 1898 1632 ui-

282 1673 724 1726 ‘ltilvitmnoslrte
756 1672 995 1742 prodest,
1027 1688 1125 1725 nec
1170 1672 1333 1724 ullum
1377 1688 1529 1723 usum
1579 1668 1898 1722 balnmtihns

284 1765 663 1819 necessaritnu
703 1764 879 1830 explet
916 1782 928 1815 :
958 1766 1135 1817 ulcera
1164 1778 1293 1815 vero
1325 1763 1407 1815 illa
1440 1771 1563 1814 sunt
1597 1761 1775 1814 omnis
1807 1760 1899 1812 tri-

286 1860 447 1911 stitiae
480 1859 798 1911 Consolatio.
834 1857 903 1910 Et
932 1865 988 1909 ιιι
1010 1856 1182 1909 discas
1204 1855 1309 1908 hoc
1340 1871 1519 1907 verunt
1549 1869 1684 1915 esse,
1709 1854 1750 1904 si
1779 1852 1898 1920 quis

283 1948 457 2002 (ilium
491 1947 959 2002 charissimtllltct
1005 1946 1338 2014 unigenitum
1391 1945 1615 2006 amittat,
1672 1942 1897 1996 ostende

293 2040 535 2093 inliuitas
564 2040 664 2107 ipsi
698 2054 959 2108 gemmas,
983 2048 1035 2091 et
1064 2054 1169 2091 non
1212 2035 1582 2091 consolaberis
1612 2034 1856 2087 dolorem
1879 2074 1893 2097 ,
1928 2036 1935 2039 ’

291 2148 467 2200 neque
490 2146 750 2199 angorem
785 2130 952 2183 lenies
986 2146 999 2181 :
1042 2129 1086 2181 si
1112 2136 1288 2181 autem
1318 2126 1436 2179 Jobi
1469 2126 1689 2178 vulnera
1744 2123 1792 2176 ei
1845 2124 1895 2176 in

291 2222 611 2275 memoriam
645 2235 886 2285 revoces,
918 2219 1068 2273 facile
1098 2219 1299 2273 mederi
1328 2213 1549 2287 pulcris,
1570 2218 1645 2268 sic
1672 2215 1857 2269 dicens
1881 2232 1893 2267 :

289 2313 426 2379 Quid
474 2312 656 2381 luges,
700 2311 903 2365 homo?
931 2321 984 2364 tu
1027 2311 1241 2380 quidem
1275 2309 1618 2361 liliumunum
1647 2307 1894 2370 amisisti;

291 2406 480 2460 beatus
502 2415 682 2459 autem
708 2404 819 2469 ille,
853 2418 972 2458 cum
998 2403 1174 2457 omnis
1206 2401 1435 2456 ﬁliorum
1467 2410 1641 2455 ρωῑιιε
1688 2400 1897 2454 ablatus

292 2494 497 2555 fuisset.
524 2494 580 2547 in
611 2495 723 2563 ipsa
750 2509 961 2565 quoque
982 2508 1143 2547 carne
1156 2493 1362 2562 plagam
1390 2493 1614 2560 accepit,
1642 2500 1697 2546 et
1726 2491 1899 2545 nudus

294 2586 345 2639 in
374 2585 503 2639 limo
532 2586 781 2650 sedebat,
815 2585 1049 2655 undique
1076 2586 1226 2639 sanie
1255 2583 1522 2644 difﬂuens.
1552 2584 1678 2637 dum
1714 2583 1900 2653 paula-

292 2680 386 2732 tim
417 2679 584 2748 ipsius
605 2694 733 2732 caro
762 2688 1189 2742 consumeretur,
1211 2675 1409 2744 justus,
1443 2692 1619 2738 verax,
1658 2676 1707 2728 in
1731 2677 1896 2729 licunt

292 2772 435 2839 pius,
467 2772 616 2825 omni
649 2771 783 2823 mala
818 2786 875 2824 re
912 2770 1207 2833 abstinens,
1261 2767 1425 2823 Deum
1459 2769 1665 2820 virtutis
1707 2777 1895 2821 testem

290 2860 519 2919 habens.
556 2861 611 2916 Si
638 2862 778 2915 enim
815 2861 930 2915 haec
961 2861 1119 2915 verba
1154 2860 1375 2925 dixeris,
1427 2874 1641 2913 onmem
1670 2858 1898 2928 lugentis

296 2953 569 3006 tristitiam
602 2952 951 3015 exstinxeris,
975 2960 1029 3005 ct
1050 2965 1265 3004 omnem
1297 2950 1542 3004 dolorem
1573 2948 1851 3003 sustuleris
1882 2965 1897 3003 :

293 3055 349 3098 et
371 3045 597 3114 sit-justi
627 3046 844 3100 vulnera
872 3045 1173 3116 margaritis
1195 3044 1409 3097 utiliora
1450 3041 1603 3096 fiunt.
1634 3040 1897 3111 Imagina-

293 3139 421 3191 mini
465 3138 626 3207 igitur
654 3146 708 3190 et
744 3152 840 3191 vos
866 3136 1117 3190 athletam
1151 3136 1321 3200 illum,
1355 3144 1405 3188 et
1447 3128 1755 3187 existimate
1804 3148 1900 3187 vos

293 3244 520 3284 cernere
551 3228 731 3282 limum
761 3228 935 3293 illum,
968 3236 1023 3283 et
1047 3229 1218 3297 ipsum
1250 3228 1301 3280 in
1331 3225 1506 3280 medio
1527 3226 1780 3280 stercoris
1814 3238 1901 3277 se-

295 3321 510 3372 dentem
540 3335 555 3371 :
582 3328 812 3372 statuam
840 3333 1080 3382 auream,
1106 3325 1456 3386 gemmatam,
1481 3316 1691 3386 qualem
1717 3314 1898 3368 dicere

293 3426 401 3463 non
435 3412 556 3463 novi
606 3427 618 3463 :
662 3425 837 3480 neque
868 3409 1010 3465 enim
1039 3419 1145 3464 tam
1192 3410 1481 3480 pretiosam
1529 3408 1681 3463 valeo
1726 3416 1897 3461 mate-

298 3501 431 3561 riam
481 3502 744 3566 iuvcuire,
788 3511 845 3555 ιιι
902 3501 975 3555 illi
1002 3511 1281 3555 cruentato
1331 3500 1543 3569 corpori
1597 3501 1896 3570 comparari

295 3591 483 3659 possit.
517 3590 609 3645 Sic
638 3592 784 3645 onmi
838 3578 1060 3645 materia
1095 3591 1480 3661 pretiosissima
1533 3592 1710 3646 carnis
1759 3593 1899 3645 illius

295 3693 493 3736 natura
526 3692 641 3736 erat
679 3684 854 3737 multo
892 3685 1283 3750 venerabilior,
1312 3692 1366 3739 et
1409 3687 1586 3740 ulcera
1632 3687 1899 3740 solaribns

298 3775 461 3828 radiis
508 3774 871 3843 Splendidiera
898 3792 911 3828 :
943 3774 993 3828 hi
1036 3774 1180 3829 enim
1210 3776 1453 3845 corporis
1482 3776 1668 3829 oeulos
1705 3776 1899 3831 illumi-

296 3877 453 3928 nant;
492 3867 579 3921 illa
632 3882 763 3922 vero
806 3868 998 3922 mentis
1034 3880 1233 3922 nostra:
1277 3868 1463 3921 oculos
1493 3868 1781 3930 illustrant.
1814 3869 1898 3924 illa

298 3956 571 4012 diabolum
622 3960 830 4028 penitus
866 3969 1293 4014 exctneaverunt.
1330 3959 1619 4029 Propterea
1670 3977 1899 4030 mnnquc

297 4058 418 4117 post
450 4049 597 4103 illam
628 4050 836 4120 plagam
860 4050 1109 4115 resilivit,
1142 4064 1240 4104 nec
1256 4048 1507 4120 deinceps
1532 4052 1798 4121 apparuit.
1820 4052 1901 4106 Tu

300 4152 451 4203 vero,
476 4138 697 4203 dilecte,
728 4139 927 4195 etliiuc
948 4141 1095 4195 disce
1121 4140 1476 4195 tribulationis
1494 4140 1700 4196 lucrum
1729 4159 1900 4211 quan-

300 4239 410 4283 tum
440 4241 545 4285 est.
580 4231 792 4285 Etenim
818 4232 1031 4302 quando
1061 4232 1211 4287 dives
1239 4242 1375 4296 erat,
1409 4242 1462 4288 et
1490 4234 1598 4287 otio
1628 4233 1903 4289 fruebatur

294 4322 495 4392 justus,
523 4323 664 4377 unde
684 4333 960 4377 accusaret
983 4324 1155 4393 ipsmn
1189 4322 1393 4389 habuit,
1420 4312 1750 4380 mendaciter
1778 4328 1900 4396 qui.

299 4413 459 4476 dem;
488 4428 673 4468 verum
716 4414 899 4469 habuit
919 4415 1058 4470 unde
1083 4414 1308 4483 diceret,
1333 4414 1474 4470 Num
1501 4429 1548 4471 te
1591 4420 1749 4489 gratis
1784 4421 1902 4473 colit

298 4502 397 4557 Job
432 4501 552 4576 (Job
574 4504 627 4558 1.
656 4503 754 4573 9)?
786 4505 1073 4575 Postquam
1104 4498 1233 4561 vero
1258 4507 1428 4578 ipsum
1450 4510 1716 4578 spoliavit,
1738 4520 1792 4565 et
1822 4511 1900 4568 fe-

297 4600 373 4652 cit
408 4611 723 4668 pauperem,
746 4588 815 4654 ne
844 4597 1055 4653 hiscere
1084 4600 1300 4670 quidem
1329 4602 1558 4670 amplius
1584 4618 1744 4657 ausus
1771 4615 1853 4658 est
1887 4623 1899 4659 :

300 4699 355 4743 et
383 4704 507 4743 cum
531 4688 684 4744 dives
708 4688 923 4759 quidem
949 4700 1114 4755 esSet,
1148 4705 1271 4744 cum
1322 4692 1438 4759 ipso
1467 4708 1703 4761 pugnare
1745 4708 1902 4763 para-

298 4781 412 4847 bat,
445 4790 497 4835 et
514 4779 862 4849 supplantare
911 4780 1245 4848 minabatur;
1298 4768 1577 4854 postquam
1618 4799 1746 4838 vero
1777 4799 1907 4854 pann

304 4886 489 4939 perem
514 4870 641 4925 fecit
664 4872 951 4941 omniaque
985 4871 1203 4927 abstulit
1243 4881 1298 4928 et
1326 4877 1378 4928 in
1405 4884 1707 4930 extremum
1752 4876 1904 4932 dolo-

301 4979 416 5019 rem
447 4964 675 5030 induxit,
706 4973 832 5019 tunc
861 4966 1048 5019 resilitt
1078 4982 1090 5018 :
1121 4976 1172 5020 et
1212 4965 1425 5035 quando
1453 4983 1641 5022 sanum
1687 4969 1902 5039 quidem

304 5057 471 5125 ipsius
501 5064 622 5111 erat
647 5073 846 5125 corpus
865 5100 881 5122 ,
913 5073 1103 5112 manus
1130 5058 1464 5128 apponebat;
1492 5071 1549 5113 ut
1576 5076 1705 5117 vero
1738 5062 1902 5132 ipsius

298 5162 521 5202 carnem
545 5137 852 5202 vulneribus
887 5149 1141 5219 implevit,
1192 5159 1318 5203 tunc
1350 5150 1757 5221 aufugitvit-tus.

377 5237 664 5292 (Et-nmini:
678 5239 764 5307 qui
780 5240 1025 5311 patienter
1041 5242 1475 5312 ferttrtt,cluriores
1492 5245 1800 5299 evadunt.—
1813 5246 1904 5300 Vi-

302 5329 428 5384 disti
460 5339 660 5399 quanto
679 5340 961 5399 paupertas
977 5331 1198 5397 divitiis,
1220 5332 1557 5388 imbecillitas
1575 5345 1628 5390 et
1641 5338 1901 5407 (egritudo

300 5420 554 5481 sanitate,
583 5420 806 5474 tentatio
834 5420 1013 5490 quiete
1043 5423 1232 5476 melior
1260 5423 1596 5492 vigilantibus
1626 5436 1679 5480 et
1723 5428 1901 5481 utilior

300 5511 368 5565 Si!
415 5522 471 5567 et
495 5511 758 5566 clariores
802 5512 1158 5583 fortioresque
1200 5526 1497 5585 pugnantes
1542 5517 1733 5573 faciat?
1772 5519 1902 5587 Quis

302 5602 453 5667 vidit,
479 5603 600 5674 quis
624 5601 831 5655 audivit
852 5612 957 5657 tam
987 5604 1257 5659 mirabiles
1283 5606 1519 5677 pugnas?
1550 5607 1897 5664 Prefanortun

360 5801 436 5863 (ι)
468 5800 597 5853 stulti
622 5804 674 5852 in
692 5802 909 5852 Arabiam
935 5790 1065 5854 ibant
1083 5812 1133 5853 ut
1158 5803 1321 5854 timum
1345 5807 1433 5856 Job
1452 5806 1693 5862 viderent.

2004 473 2358 526 certaminum
2384 475 2608 543 pugiles,
2628 490 2747 530 cum
2771 475 3206 533 adversariorum
3225 478 3398 549 capita
3424 479 3617 535 vulne-

2006 562 2195 627 rarint,
2221 573 2345 616 tunc
2376 565 2607 620 victores
2653 579 2809 632 sunt,
2864 577 2919 623 et
2958 580 3329 625 coronantur:
3368 572 3453 625 hic
3481 588 3611 626 vero

2003 670 2125 707 eum
2149 655 2277 723 justi
2309 672 2506 725 corpus
2529 659 2887 725 vulnerasset,
2919 663 3244 717 omnimodis
3284 664 3499 733 replens
3526 666 3608 717 ul-

2005 745 2237 807 ceribus,
2272 757 2326 800 et
2356 748 2673 805 imbecillius
2711 752 2946 818 fecisset,
2987 764 3111 807 tunc
3135 755 3305 810 victus
3336 764 3419 810 est
3444 765 3499 809 ct
3524 773 3611 809 re~

1998 828 2253 890 'trocessit
2281 854 2293 890 :
2321 848 2375 892 et
2398 851 2677 909 postquam
2707 844 2873 911 ipsius
2899 844 3063 898 latera
3094 846 3327 916 undique
3348 846 3612 911 confodit,

2006 926 2120 996 ipse
2169 930 2384 997 quidem
2418 932 2549 986 nihil
2590 934 2815 1003 profecit
2843 954 2857 991 :
2888 938 3183 1005 repositum
3212 940 3355 993 enim
3389 940 3611 994 thesau-

2005 1034 2121 1071 rum
2148 1036 2252 1074 non
2286 1022 2505 1078 absmlit
2534 1043 2548 1079 :
2582 1026 2734 1080 nobis
2760 1016 2937 1083 autem
2970 1030 3141 1099 ipsum
3169 1032 3450 1088 clariorem
3484 1035 3609 1089 red-

2003 1108 2159 1172 didit,
2192 1120 2247 1171 ct
2279 1127 2372 1180 per
2402 1114 2544 1167 illam
2575 1117 2997 1182 confessionem,
3030 1131 3082 1173 ut
3114 1138 3304 1188 omnes
3337 1123 3608 1179 hominem

2004 1202 2318 1258 interiorem
2341 1206 2665 1275 aspicerent,
2698 1210 2842 1278 fecit,
2882 1220 2937 1266 ct
2964 1228 3154 1269 omnes
3188 1217 3356 1283 ipsius
3395 1217 3610 1271 divitias

2003 1294 2275 1349 discerent
2305 1315 2317 1350 :
2351 1307 2404 1352 et
2435 1314 2556 1353 cum
2585 1301 2801 1358 vincere
2832 1308 3084 1374 speravit,
3120 1317 3245 1361 tunc
3275 1309 3439 1363 multa
3486 1325 3608 1364 cum

2006 1384 2297 1452 ignominia
2331 1391 2573 1453 recessit,
2610 1400 2662 1445 et
2706 1393 2905 1447 nullam
2937 1397 3164 1464 amplius
3195 1414 3379 1453 vocem
3408 1400 3605 1453 emisit.

2003 1476 2139 1543 Quid
2171 1488 2348 1532 actum
2377 1490 2477 1546 est,
2512 1481 2766 1537 diabole?
2794 1500 2960 1554 quare
2987 1486 3229 1557 refugis?
3260 1490 3445 1545 Nonne
3471 1490 3608 1545 facta

2004 1578 2129 1621 sunt
2160 1584 2512 1640 quacumque
2542 1573 2799 1629 volebas?
2829 1593 2932 1631 non
2960 1578 3276 1634 interetnisti
3308 1581 3472 1652 ipsius
3499 1585 3610 1636 ovi-

2007 1663 2097 1729 lia,
2131 1675 2395 1731 armenta,
2420 1682 2680 1735 equorum
2711 1684 2901 1740 greges
2929 1681 2981 1725 et
3008 1674 3319 1729 mulorum?
3345 1692 3448 1731 non
3470 1677 3610 1731 filio-

2005 1770 2123 1808 rum
2152 1765 2349 1809 cmtnm
2385 1759 2686 1826 perdidisti,
2714 1770 2767 1815 et
2795 1778 3009 1817 carnem
3040 1780 3254 1821 omnem
3283 1768 3612 1827 vulnerasti?

2003 1860 2170 1914 quare
2203 1849 2512 1902 recessisti?
2552 1849 2815 1916 Quoniam
2842 1852 2979 1908 facta
3008 1857 3223 1926 quidem
3254 1870 3380 1914 sunt
3406 1865 3610 1925 omnia,

2004 1951 2123 2005 quae
2145 1938 2307 2003 volui,
2332 1940 2524 2009 inquit,
2551 1942 2692 2011 quod
2715 1959 2844 1998 vero
2869 1944 2983 2001 ﬁeri
3011 1949 3245 2005 maxime
3271 1953 3535 2019 volebam,
3558 1966 3612 2009 et

2008 2038 2227 2097 prepter
2255 2030 2397 2099 quod
2427 2034 2606 2086 omnia
2632 2033 2755 2100 feci,
2786 2035 2888 2090 hoc
2936 2038 3128 2093 factum
3162 2056 3267 2096 non
3290 2052 3371 2097 est
3396 2062 3409 2096 :
3435 2059 3612 2114 nequc

2007 2119 2151 2172 enim
2183 2120 2575 2190 blasphemavit
2604 2141 2617 2176 :
2652 2136 2872 2194 propter
2902 2128 3002 2183 hoc
3032 2130 3175 2184 enim
3204 2134 3382 2187 omnia
3410 2135 3499 2188 illa
3528 2138 3611 2188 fa-

2004 2208 2233 2273 ciebam,
2256 2210 2447 2281 inquit,
2473 2224 2529 2267 ut
2556 2214 2656 2268 hoc
2678 2217 3009 2284 procederet.
3036 2220 3147 2275 [loc
3177 2237 3282 2275 non
3308 2222 3448 2279 facto
3477 2226 3609 2280 nihil

2004 2299 2243 2355 lucrifeci
2275 2318 2338 2357 ex
2367 2304 2715 2372 pecuniarum
2743 2306 2974 2376 jactura,
3005 2321 3059 2365 et
3089 2310 3318 2367 filiorum
3367 2316 3606 2381 interitu,

2005 2400 2060 2444 et
2082 2393 2325 2461 corporis
2354 2395 2505 2464 plaga
2524 2437 2537 2459 ,
2566 2396 2659 2450 sed
2688 2401 3013 2453 centrarium
3038 2444 3053 2466 ,
3106 2419 3265 2471 quam
3327 2406 3575 2460 volebam
3594 2446 3608 2469 .

2004 2485 2202 2546 evenit,
2235 2484 2653 2552 splendidiorem
2680 2488 2887 2544 reddidi
2920 2492 3213 2559 inimicum,
3251 2508 3303 2550 et
3325 2498 3608 2553 clariorem

2004 2575 2182 2629 effeci.
2216 2576 2548 2647 Cognovisti,
2579 2589 2837 2650 quantum
2868 2583 2938 2636 sit
2961 2583 3320 2641 tribulationis
3364 2588 3571 2643 lucrum
3592 2630 3609 2651 ,

1999 2666 2644 2727 charissime?!’ulchrnm
2663 2671 2880 2742 quidem
2904 2682 2959 2729 et
2987 2675 3253 2747 integrum
3282 2694 3475 2749 corpus
3499 2680 3613 2736 fue-

2007 2766 2113 2822 rat,
2139 2759 2308 2812 multo
2326 2775 2457 2814 vero
2481 2763 2843 2818 venerabilius
2864 2765 3059 2821 factum
3093 2778 3196 2831 cst,
3241 2771 3345 2825 illis
3377 2773 3613 2829 vulneri-

2006 2847 2106 2902 bus
2130 2850 2432 2918 perfossum
2465 2870 2477 2905 :
2508 2855 2761 2923 quoniam
2791 2864 2846 2912 et
2876 2857 3012 2913 laure
3045 2861 3281 2928 pulchra:
3301 2864 3541 2934 quidem,
3560 2875 3615 2920 et

2006 2951 2290 3011 antequam
2312 2944 2616 3015 tingantur;
2648 2958 2928 3019 postquam
2969 2967 3099 3007 vero
3128 2970 3409 3025 purpureai
3454 2960 3610 3013 faece

2007 3032 2229 3101 fuerint,
2261 3037 2584 3093 ineffabilem
2616 3052 2835 3097 sumunt
2866 3044 3318 3114 pulchritudinem
3351 3053 3609 3106 multum-

2006 3140 2109 3193 que
2134 3126 2406 3182 decorem.
2447 3129 2556 3184 Nisi
2591 3147 2717 3186 vero
2768 3135 2942 3203 ipSum
2982 3138 3368 3208 exspo‘liasscl,
3416 3142 3611 3197 bonam

2007 3218 2223 3271 victoris
2254 3219 2622 3276 habitudinem
2655 3240 2760 3277 non
2794 3229 3234 3296 cognovissemus
3264 3251 3279 3285 :
3317 3233 3419 3287 nisi
3449 3234 3615 3303 ipsius

2009 3321 2207 3377 corpus
2236 3309 2405 3380 plagis
2427 3313 2771 3381 perforassct,
2804 3319 2937 3372 radii
2969 3320 3293 3379 intrinsecus
3320 3341 3424 3380 neu
3446 3354 3449 3355 ν
3471 3329 3616 3382 reln-

2009 3401 2258 3477 xisscntl:
2291 3404 2392 3458 nisi
2422 3406 2595 3475 ipsum
2627 3409 2677 3462 in
2704 3411 2831 3463 linto
2861 3416 3247 3480 constituisset,
3292 3419 3459 3489 ipsius
3475 3420 3613 3475 divi-

2009 3493 2112 3549 tias
2134 3482 2241 3550 non
2269 3500 2730 3567 cognovissemus.
2772 3503 2956 3575 Neque
2991 3508 3135 3561 enim
3162 3519 3267 3564 tam
3303 3513 3616 3580 splendidus

2008 3586 2061 3641 in
2079 3588 2215 3642 solio
2246 3605 2338 3645 rex
2371 3591 2603 3659 sedens,
2636 3611 2795 3666 quam
2829 3598 3052 3669 insignis
3093 3611 3209 3656 erat
3268 3605 3357 3661 ille
3396 3616 3449 3660 et
3494 3608 3617 3661 illu-

2009 3683 2133 3735 stris
2155 3684 2205 3737 in
2233 3683 2358 3739 finio
2379 3704 2389 3737 :
2412 3686 2610 3742 etenim
2638 3692 2969 3761 postrcgium
2990 3694 3205 3763 quidem
3229 3698 3422 3753 snlium
3444 3715 3613 3769 mors,

2009 3784 2127 3842 post
2152 3775 2335 3830 lituum
2362 3786 2541 3833 autem
2570 3780 2719 3833 illum
2748 3783 2999 3837 caelorum
3032 3802 3277 3857 regnum.

2078 3869 2133 3922 2.
2158 3870 2461 3924 Auditorum
2484 3872 2765 3943 applause:
2788 3876 2951 3945 rejici!
2970 3878 3378 3949 Chrysoslonms.
3398 3862 3615 3939 ——ll:ec

2009 3958 2168 4029 igitur
2192 3961 2368 4015 omnia
2398 3962 2802 4031 ratiocinantes,
2832 3983 2895 4021 ex
2924 3971 3261 4038 opprimente
3280 3975 3494 4030 tristitia
3516 3994 3614 4032 nus

2011 4052 2327 4107 relevemus.
2358 4054 2462 4107 llas
2493 4057 2692 4110 etenim
2734 4058 2888 4113 vobis
2925 4059 3177 4117 historias
3218 4052 3465 4136 appono,
3505 4085 3614 4123 non

2012 4152 2068 4195 ut
2087 4141 2227 4197 dicta
2262 4144 2509 4210 laudetis,
2539 4145 2634 4201 sed
2658 4159 2719 4202 ut
2740 4150 2989 4205 virtutem
3015 4151 3299 4209 imitemini
3322 4167 3376 4212 et
3406 4159 3616 4228 patien-

2012 4233 2137 4287 tiam
2180 4242 2567 4304 generosarum
2614 4237 2920 4308 hujusmodi
2964 4242 3200 4298 virorum
3236 4256 3334 4300 :ut
3374 4265 3469 4317 per
3499 4249 3614 4318 ipsa

2009 4326 2229 4381 discatis
2268 4342 2467 4397 opera,
2511 4332 2653 4401 quod
2702 4333 3057 4390 humanorum
3099 4340 3303 4394 nullum
3347 4344 3417 4397 sit
3454 4360 3616 4415 grave

2012 4422 2273 4475 nialorutn
2296 4462 2312 4488 ,
2345 4424 2446 4477 nisi
2486 4436 2796 4493 peceatum;
2829 4445 2934 4483 ltuit
2969 4446 3253 4501 paupertas
3278 4480 3291 4499 ,
3321 4453 3426 4492 non
3454 4444 3616 4510 ωενι-

2013 4513 2170 4579 tudo,
2203 4530 2307 4568 non
2330 4520 2650 4572 contumelia
2671 4561 2687 4586 ,
2715 4537 2820 4575 non
2847 4522 3136 4589 calumnia,
3164 4542 3267 4580 non
3299 4530 3612 4599 ignominia,

2014 4621 2117 4659 non
2149 4624 2293 4663 mors
2320 4626 2439 4677 qua:
2468 4612 2705 4666 omnium
2738 4616 3001 4671 malorum
3043 4628 3353 4676 extremum
3382 4640 3503 4679 esse
3532 4630 3615 4679 vi-

1988 4696 2186 4756 detur.
2224 4699 2345 4753 lbet:
2374 4702 2519 4756 enim
2547 4703 2911 4759 calamitatum
2939 4709 3155 4762 nomina
3178 4752 3190 4769 .
3227 4711 3614 4785 philosOphan-

2012 4788 2151 4843 tibus
2178 4801 2299 4845 sunt
2324 4802 2525 4847 tauttnn
2552 4796 2769 4850 notuina
2798 4797 2957 4852 rebus
2978 4802 3252 4867 carentia;
3282 4820 3402 4860 vera
3433 4820 3615 4863 autent

2011 4882 2307 4949 calamitas,
2359 4884 2524 4939 Deum
2554 4885 2829 4942 olfenderc
2852 4930 2867 4953 ,
2912 4898 2968 4965 et
3008 4905 3196 4946 eorum
3223 4910 3343 4964 qua:
3376 4898 3475 4967 ipsi
3509 4917 3617 4955 non

2012 4973 2244 5041 plaeeut,
2269 4965 2465 5045 aliquid
2493 4974 2688 5032 facere.
2712 4978 2849 5046 Quid
2872 4982 3037 5049 enim,
3062 4999 3264 5053 quteso,
3283 4965 3447 5058 grave
3470 5008 3613 5047 mors

2012 5065 2210 5120 habet?
2237 5083 2362 5121 num
2389 5070 2530 5138 quod
2573 5081 2625 5126 te
2659 5073 2889 5129 celerius
2912 5075 2977 5129 ad
3010 5080 3357 5149 tranquillum
3402 5094 3614 5153 portum

2009 5167 2063 5211 et
2114 5169 2352 5228 pacatam
2401 5162 2541 5215 illam
2584 5167 2896 5221 transmittit
2942 5169 3152 5225 vitam?
3193 5178 3439 5243 quamvis
3460 5182 3612 5233 enim

2012 5247 2175 5303 homo
2218 5267 2325 5305 non
2362 5254 2575 5309 occidat
2599 5298 2613 5323 ,
2664 5256 2775 5326 ipsa
2807 5268 3013 5314 naturtc
3045 5262 3128 5317 lex
3160 5264 3402 5335 irrepens
3436 5286 3610 5327 nonne

2008 5358 2203 5413 corpus
2229 5344 2297 5399 ab
2326 5347 2501 5399 anima
2547 5350 2826 5404 resolvet?
2865 5352 2989 5409 licet
3012 5356 3155 5411 enim
3192 5358 3293 5413 hoc
3336 5376 3477 5417 nunc
3508 5366 3612 5416 mi-

2012 5437 2155 5490 nime
2187 5437 2313 5503 liat,
2352 5438 2455 5491 erit
2495 5440 2652 5508 paulo
2681 5451 2831 5510 post,
2862 5446 3003 5514 quod
3050 5464 3191 5503 nunc
3233 5452 3501 5508 timemus.
3548 5455 3607 5510 Et

2010 5528 2124 5583 haec
2145 5529 2289 5596 dico,
2313 5545 2417 5584 non
2440 5546 2603 5601 grave
2625 5534 2751 5603 quid
2779 5548 3098 5607 exspectans
3128 5553 3213 5595 aut
3246 5544 3421 5611 triste,
3446 5548 3609 5613 absit,

2006 5620 2102 5676 sed
2130 5622 2457 5678 erubescens
2487 5635 2714 5679 mortem
2750 5629 3047 5683 timentium
3077 5648 3257 5688 causa.
3285 5635 3388 5690 Tot
3414 5654 3609 5708 empe-

2006 5724 2159 5771 ctans
2190 5715 2324 5770 bona
2342 5730 2462 5785 qua:
2480 5731 2580 5773 nec
2594 5719 2785 5775 oculus
2802 5720 2952 5787 vidit,
2974 5739 3071 5778 nec
3095 5727 3241 5782 auris
3262 5728 3486 5795 audivit,
3511 5745 3612 5789 nec

2011 5810 2062 5866 in
2084 5828 2177 5868 cor
2199 5810 2430 5867 hominis
2447 5811 2803 5868 ascenderunt
2826 5812 2901 5887 (1.
2932 5813 3049 5872 Cor.
3078 5816 3134 5872 2.
3163 5818 3241 5893 9),
3265 5820 3348 5877 die
3371 5823 3610 5891 mihi,“
