4196 6316
598 356 666 414 η
1138 306 1139 309 γ
1352 356 1412 414 s.
1436 350 1730 423 testatus
1754 346 2165 414 CHRYSOSTOI

2271 349 2584 417 ᾹΒΟΗΙΕΡ.
2618 350 3159 425 ,απετΑΜιΝοη

600 465 883 525 {mendum
913 466 1095 524 din‘ers
1121 466 1414 537 eLnegllgis
1428 476 1481 522 et
1502 478 1680 537 torpes
1693 468 1725 542 ζ
1735 480 1832 523 nec
1853 474 2055 523 tantum
2072 474 2182 520 tor-

601 553 717 632 pes,
740 556 833 615 sed
853 567 907 613 et
929 555 1085 613 times
1101 566 1157 612 et
1179 555 1396 613 horres?
1418 555 1485 612 Et
1499 556 1768 628 quomodo
1788 555 2007 641 non-tibi
2030 568 2186 626 turpe

601 625 815 721 propter
833 658 1057 705 mortem
1069 648 1273 715 dolere,
1287 664 1407 703 cum
1424 625 1617 704 Paulus
1635 657 1850 719 propter
1866 638 2181 723 prmsentem

596 744 861 812 gemuerit
885 742 1046 797 vitam
1071 783 1089 811 ,
1117 752 1172 798 et
1208 741 1463 797 Romanis
1501 742 1741 825 scribens
1765 740 1957 795 dixerit
1985 757 1998 795 :
2030 737 2183 795 Creu-

597 819 1059 904 tttrtrcangemiscit
1074 871 1092 896 ,
1122 842 1170 886 et
1197 848 1291 888 nos
1313 833 1413 901 ipsi
1432 830 1648 903 spiritus
1670 820 1923 902 primitias
1937 830 2181 897 ﬁdentes

594 922 840 992 gemimus
858 922 1038 996 (Rom.
1057 920 1131 979 '8.
1154 920 1245 977 22.
1271 921 1344 977 25
1363 921 1424 992 Π
1452 921 1519 978 Et
1541 922 1655 977 tunc
1678 920 1888 987 diccbat
1912 933 2031 977 non
2045 935 2177 975 con-

593 1011 856 1069 detnnans
883 1008 1161 1083 praisentia
1182 1054 1200 1079 ,
1234 1012 1330 1090 sed
1367 1012 1543 1068 futura
1572 1012 1903 1079 desiderans.
1930 1010 2175 1078 Gustavi.

592 1104 703 1170 ait,
735 1096 955 1176 gratiam
978 1144 994 1170 ,
1021 1113 1078 1160 "et
1110 1108 1310 1158 moram
1337 1117 1443 1158 non
1473 1101 1589 1158 iero
1615 1119 1629 1157 :
1657 1102 1876 1175 spiritus
1912 1101 2176 1173 primitias

594 1194 806 1261 habeo,
849 1202 905 1250 et
940 1194 1006 1249 ad
1045 1195 1309 1265 integrum
1352 1192 1549 1251 festino
1573 1211 1586 1247 :
1613 1193 1829 1248 sscendi
1865 1192 1932 1261 in.
1960 1193 2174 1255 tertium

588 1284 955 1353 calttm,’vidi
982 1284 1204 1361 gloriam
1245 1284 1388 1361 illam
1434 1280 1792 1349 ineffabilem,
1823 1280 1930 1339 vidi
1974 1282 2174 1352 regiam

590 1354 1173 1446 splenden‘tetnpd‘idici
1201 1354 1394 1445 quibus
1435 1372 1523 1428 hic
1566 1373 1864 1428 immorans
1905 1371 2061 1451 bonis
2086 1386 2177 1425 ea-

590 1472 758 1532 ream,
789 1473 1066 1536 propterea
1091 1455 1269 1545 gemo.
1300 1456 1395 1519 Die
1414 1461 1618 1519 etenim
1648 1462 1802 1549 mihi,
1827 1461 1876 1533 si
1887 1461 2013 1551 quis
2043 1470 2094 1517 te
2120 1462 2173 1517 in

590 1557 766 1630 regias
783 1557 1022 1617 duxisset
1044 1540 1217 1623 aulas,
1237 1565 1295 1633 et
1316 1555 1383 1612 de
1411 1544 1914 1643 parietibusaurum
1940 1555 2175 1637 undique

589 1646 818 1719 fulgens,
845 1642 901 1703 et
924 1662 1138 1703 omnem
1162 1648 1326 1701 alium
1342 1640 1587 1703 ornatum
1612 1647 1703 1702 tibi
1716 1640 2169 1711 demonstrasset;

591 1747 774 1809 postea
802 1746 854 1794 te
882 1736 1006 1793 inde
1031 1736 1085 1792 in
1113 1738 1361 1807 pauperis
1384 1752 1563 1815 casam
1603 1736 1939 1819 induxisset,
1976 1750 2030 1793 et
2052 1748 2172 1809 post

588 1830 752 1885 breve
770 1837 980 1902 tempus
1004 1831 1057 1884 in
1079 1829 1252 1905 regias
1263 1820 1612 1912 reducturum
1643 1830 1781 1909 illas,
1802 1838 1856 1885 et
1879 1844 2170 1900 perennem

587 1920 665 1975 ibi
680 1920 1009 1975 mansionem
1029 1936 1088 1975 se
1102 1920 1200 1975 tibi
1220 1920 1466 1977 daturum
1488 1935 1609 2002 esse
1630 1921 1995 2003 promisisset:
2016 1934 2171 1983 num-'-

587 2009 713 2082 quid
741 2028 847 2066 non
875 2010 1104 2095 deberes
1126 2009 1265 2068 aTﬂci
1290 2005 1593 2096 desiderio,
1621 2022 1678 2068 et
1698 2005 1779 2068 vel
1807 2012 1949 2098 ipsos
1974 2028 2199 2085 pauent

584 2103 702 2159 dies
721 2118 863 2175 (ναι-θ
886 2090 1072 2160 ferre!
1100 2104 1213 2160 Hoc
1231 2093 1539 2183 quoquede
1562 2098 1709 2169 earlis
1734 2116 1787 2159 et
1811 2090 1880 2162 de
1906 2116 2043 2161 terra
2073 2121 2170 2161 eo-

583 2196 742 2265 gites,
768 2203 821 2250 et
845 2195 1136 2265 ingemisce
1160 2210 1282 2249 cum
1312 2193 1501 2259 Paulo,
1530 2210 1637 2250 non
1670 2202 1888 2281 propter
1908 2200 2164 2261 mortem,

584 2284 678 2341 sed
704 2296 921 2357 propter
934 2295 1256 2363 pnesetttem
1283 2286 1463 2341 vitam.
1485 2288 1565 2362 I’At
1588 2286 1655 2345 da
1681 2288 1842 2352 mihi,
1875 2286 2049 2357 inquis
2069 2328 2085 2355 ,
2112 2296 2171 2343 ut

586 2375 752 2431 Paulo
780 2374 968 2431 similis
998 2375 1119 2430 {iam
1142 2416 1161 2442 ,
1192 2387 1248 2433 et
1277 2392 1562 2448 numquam
1593 2389 1820 2433 mortem
1847 2379 2066 2434 timebo.
2101 2378 2171 2436 Et

583 2464 711 2535 quid
741 2474 792 2521 te
821 2465 983 2520 Paulo
1010 2452 1389 2521 similetn’tleri
1433 2466 1722 2536 prohibet!
1754 2483 1933 2548 nonne
1969 2483 2170 2539 pauper

582 2565 698 2611 erat
740 2556 871 2611 ille?
903 2571 1083 2613 nonne
1122 2557 1468 2629 tentoriorum
1504 2557 1697 2612 sutor?
1739 2573 1917 2615 nonne
1962 2558 2168 2614 idiota?

582 2648 637 2705 Si
658 2649 801 2705 enim
822 2649 974 2705 dives
1001 2647 1182 2705 fuisset
1207 2665 1269 2704 ac
1299 2643 1512 2719 nobilis,
1544 2649 1852 2706 habuissent
1876 2649 2013 2708 forte
2036 2665 2167 2721 pau-

581 2755 738 2811 peres
765 2741 831 2795 ad
861 2742 1026 2811 ipsius
1050 2742 1396 2818 imitationem
1426 2744 1595 2815 vocati
1621 2754 1987 2815 paupertatem
2013 2759 2164 2800 suam

581 2820 904 2889 obtendendi
930 2847 1145 2888 causam
1170 2850 1187 2899 ;
1218 2843 1560 2921 nune/autem
1600 2836 1789 2890 horum
1819 2836 1948 2890 nihil
1985 2835 2168 2893 dicere

582 2931 737 2992 potes
763 2940 777 2976 :
805 2923 1003 2977 etenim
1048 2918 1326 2995 operarius
1370 2918 1529 2978 homo
1567 2934 1683 2980 erat
1706 2966 1721 2992 ,
1754 2934 1807 2980 et
1844 2926 2167 2997 quotidianis

583 3013 897 3080 pascebatur
921 2998 1210 3071 laboribus.
1243 3006 1307 3071 Et
1333 3028 1389 3070 tu
1407 3014 1621 3085 quidem
1649 3014 1719 3071 ab
1746 3017 1899 3071 initio
1915 3017 2164 3086 pietatem

578 3118 606 3156 a
637 3104 942 3174 parentibus
966 3107 1263 3175 suscepisti.
1289 3122 1318 3161 a
1342 3096 1510 3177 prima
1527 3117 1683 3163 mtate
1703 3109 1868 3164 sacris
1888 3124 1945 3163 es
1974 3109 2165 3164 litteris

580 3193 906 3261 innutritus;
954 3196 1045 3253 ille
1085 3212 1212 3253 vero
1247 3209 1303 3254 et
1341 3199 1684 3271 blasphemus
1729 3198 1859 3265 fuit,
1891 3210 1945 3254 et
1981 3209 2165 3270 perse-

579 3294 796 3358 quutor,
823 3296 879 3343 et
903 3291 1342 3359 contumeliosus,
1365 3302 1419 3346 et
1446 3291 1738 3349 Ecclesiam
1766 3293 1994 3355 vastavit
2024 3310 2038 3358 ;
2068 3293 2162 3348 sed

583 3385 759 3432 tamen
789 3377 860 3431 ita
888 3379 1065 3433 subito
1092 3389 1328 3434 mutatus
1347 3390 1450 3446 est,
1480 3389 1538 3435 ut
1554 3396 1743 3457 omnes
1766 3381 1945 3437 studio
1968 3393 2018 3438 et
2052 3383 2162 3439 ier-

578 3481 709 3523 vore
746 3470 1111 3538 superaverit,
1147 3478 1203 3524 et
1239 3461 1435 3525 clamat
1467 3471 1687 3538 dicens,
1727 3470 2020 3528 Imitatores
2066 3476 2165 3533 mei

577 3571 750 3623 estote,
773 3562 898 3615 sicut
926 3571 973 3615 et
1000 3578 1091 3634 ego
1112 3561 1301 3618 Christi
1329 3564 1403 3631 (Ι.
1421 3562 1537 3620 Cor.
1559 3567 1643 3621 ΙΙ.
1663 3568 1738 3637 1).
1758 3566 1850 3625 ille
1876 3569 2160 3635 Dominum

580 3653 816 3711 imitatus
839 3663 923 3711 est
944 3697 959 3722 ,
995 3665 1047 3710 ιιι
1091 3670 1409 3711 conservum
1448 3674 1553 3713 non
1591 3652 1815 3737 imitaris
1839 3703 1853 3727 ,
1886 3671 1940 3717 ttt
1965 3703 1981 3727 ,
2010 3662 2099 3732 qui
2130 3677 2160 3717 a

579 3749 839 3819 principio
868 3750 920 3802 in
953 3748 1147 3819 pietate
1172 3750 1428 3805 educatus
1449 3765 1536 3816 es,
1563 3755 1825 3828 eum,_qui
1857 3765 2036 3825 postea
2066 3771 2162 3828 per

579 3842 923 3895 mutationem
967 3841 1033 3895 ad
1073 3841 1229 3895 tidem
1258 3843 1525 3896 accessit?
1550 3841 1665 3899 Non
1694 3824 1833 3927 tiosti
1900 3846 2041 3916 quod
2066 3824 2157 3916 qui

576 3932 629 3986 in
658 3933 888 4001 peccatis
916 3941 1042 4011 sunt
1068 3973 1083 3995 ,
1114 3933 1213 3987 etsi
1246 3933 1461 3997 vivunt.
1494 3935 1691 3990 mortui
1712 3938 1880 4003 sunt?
1909 3936 1995 4007 qui
2028 3953 2160 3994 vero

534 4063 537 4066 ι
576 4023 627 4077 in
647 4022 853 4094 justitia
881 4032 1044 4090 sunt,
1075 4026 1173 4080 etsi
1207 4028 1400 4080 mortui
1429 4038 1555 4081 sunt
1576 4069 1590 4093 ,
1618 4029 1843 4085 vivunt?
1870 4029 1979 4087 Nec
2006 4047 2159 4089 meus

576 4112 666 4170 hic
692 4131 902 4179 sermo;
952 4116 1212 4172 sententia
1241 4128 1320 4173 est
1357 4118 1553 4174 Christi
1590 4121 1806 4178 Mat-thas
1835 4125 1851 4155 ⁸
1882 4123 2110 4181 dicentis
2140 4142 2155 4180 :

578 4205 753 4259 Omnis
774 4190 862 4275 qui
887 4206 1047 4261 credit
1073 4207 1125 4261 in
1155 4224 1235 4261 me
1257 4250 1272 4275 ,
1302 4212 1450 4263 etiam
1464 4211 1522 4279 _-si
1547 4221 1773 4267 mortuus
1804 4214 1995 4284 fuerit,
2031 4216 2155 4271 vivet

572 4298 749 4370 (Joan.
788 4300 874 4353 il.
905 4300 976 4353 ‘25
998 4298 1037 4368 ).
1068 4300 1203 4354 Num
1230 4303 1370 4356 enim
1402 4301 1593 4357 fabula:
1632 4314 1754 4358 sunt
1787 4305 2033 4376 dogmata
2062 4324 2157 4361 no-

572 4401 681 4444 stra
698 4391 721 4443 ?
740 4390 797 4445 Si
818 4390 1147 4447 Christianus
1173 4408 1253 4456 es,
1278 4392 1490 4448 Christo
1516 4395 1675 4450 crede
1699 4413 1712 4449 :
1741 4398 1784 4450 si
1806 4396 2018 4452 Christo
2039 4415 2158 4454 crc-

571 4480 677 4549 dis,
708 4497 805 4552 per
829 4497 990 4555 opera
1018 4483 1147 4538 mibi
1180 4484 1338 4540 (idem
1364 4485 1693 4541 demonstra.
1724 4488 1999 4556 Quomodo
2027 4508 2156 4546 vero

573 4588 667 4641 per
682 4590 843 4644 opera
868 4575 1024 4631 ﬁdem
1042 4576 1471 4633 demonstrabis?
1489 4576 1543 4635 Si
1568 4590 1795 4635 mortem
1817 4590 2151 4640 contemnas.

572 4665 637 4719 Et
665 4666 715 4718 in
748 4666 849 4720 hoc
873 4668 1016 4722 enim
1043 4668 1110 4721 ab
1135 4667 1438 4725 inﬁdelibus
1463 4668 1777 4727 differimus.

643 4755 785 4810 Mors
804 4752 911 4811 non
948 4758 1167 4811 timenda
1196 4760 1248 4812 in
1277 4761 1427 4813 vitam
1461 4762 1686 4831 futuram
1716 4765 2050 4832 sperantibus.
2082 4796 2155 4807 -—-

572 4846 777 4900 Etenim
805 4847 877 4901 illi
904 4847 1120 4918 quidem
1154 4848 1344 4906 merito
1373 4851 1563 4906 timent
1598 4863 1823 4908 mortem
1851 4897 1865 4919 ,
1908 4871 2152 4913 resurre-

568 4936 759 4991 ctio.tis
786 4939 926 4991 enim
958 4952 1105 5006 Spem
1136 4954 1240 4993 non
1272 4939 1503 5007 habent;
1534 4952 1587 4997 tu
1629 4960 1759 4998 vero
1790 4946 1992 5001 meliori
2034 4966 2155 5018 per-

568 5040 699 5093 gens
724 5028 805 5081 via
828 5067 844 5091 ,
886 5038 939 5082 et
966 5029 1032 5083 de
1061 5028 1359 5085 futurorum
1392 5047 1487 5102 spe
1522 5036 1884 5105 philosophari
1926 5041 2109 5095 valens
2133 5083 2151 5108 ,

568 5132 670 5183 qua
700 5116 892 5188 dignus
922 5134 979 5174 es
1004 5122 1157 5176 venia
1180 5164 1193 5186 ,
1224 5123 1292 5178 de
1327 5128 1716 5183 resurrectione
1742 5130 1953 5198 quidem
1980 5134 2149 5189 conti-

570 5208 703 5263 deus
728 5251 741 5272 ,
771 5212 841 5266 ita
872 5227 1001 5265 vero
1029 5228 1250 5291 mortem
1283 5218 1480 5273 timens
1506 5229 1562 5273 ut
1598 5221 1629 5273 ii
1670 5223 1756 5291 qui
1792 5240 1895 5278 non
1928 5228 2153 5281 credunt

571 5302 989 5356 resurrectioni?
1030 5303 1133 5360 Sed
1166 5319 1413 5375 mortem,
1444 5310 1647 5380 inquit,
1681 5329 1783 5367 non
1818 5316 2015 5372 timeo:
2052 5333 2151 5372 ne-

572 5405 675 5459 que
701 5392 832 5447 mori
854 5436 867 5456 ,
902 5393 997 5449 sed
1039 5398 1177 5451 male
1213 5400 1347 5453 mori
1376 5442 1393 5465 ,
1420 5411 1471 5455 et
1501 5405 1674 5472 capite
1705 5409 1957 5462 truncari.
1989 5409 2141 5479 lgitut

569 5479 801 5536 Joannes
839 5484 979 5540 male
1018 5496 1259 5542 mortuus
1288 5491 1416 5543 est?
1456 5489 1555 5546 fuit
1594 5494 1734 5550 enim
1778 5497 2144 5555 obtruncatus.

570 5569 730 5643 igitur
766 5573 1067 5645 Stephanus
1107 5579 1243 5634 male
1278 5590 1520 5638 mortuus
1557 5585 1683 5641 es”
1713 5586 1807 5643 fuit
1834 5590 1976 5647 enim
2020 5590 2150 5671 lapi-

632 5729 653 5765 ³
686 5727 787 5788 Alii.
815 5729 999 5783 uarie.

2573 149 2605 189 ι

2295 466 2498 537 datus;
2546 481 2601 529 et
2644 484 2912 549 martyres
2959 482 3139 541 cuncti
3192 481 3389 542 misere
3436 488 3735 548 secan
3785 509 3885 552 vos

2293 559 2476 618 obiere
2501 602 2517 627 ,
2549 565 2802 633 quoniam
2834 569 2956 638 igne
2989 579 3083 625 aut
3119 570 3266 632 ferro
3292 576 3455 633 vitam
3501 579 3756 643 ﬁnierunt
3782 602 3800 640 :
3826 598 3886 643 et

2292 646 2345 703 hi
2374 651 2586 719 quidem
2617 653 2668 707 in
2700 670 2865 721 mare.
2895 657 2946 711 hi
2979 674 3104 714 vero
3132 661 3187 717 il
3214 653 3590 736 prtedpitilm,
3622 669 3677 727 Ιιὶ
3699 683 3881 732 autem

2290 738 2344 795 in
2370 739 2557 796 dentes
2581 740 2870 804 bestiarum
2900 747 3195 818 incidentes
3216 791 3234 819 ,
3261 755 3339 811 sic
3366 762 3561 814 mortui
3590 774 3737 820 sunt.
3762 764 3884 824 Non

2287 825 2393 884 hoc
2421 839 2506 885 est
2532 833 2673 917 male
2696 837 2831 891 mori
2856 879 2872 902 .
2903 838 2976 893 mi
3008 839 3170 901 homo
3191 883 3207 907 .
3237 844 3471 903 violenta
3502 861 3677 909 morte
3704 856 3843 912 ﬁniri
3863 901 3880 921 .

2286 918 2381 976 sed
2405 918 2458 976 in
2483 912 2714 991 peccatis
2738 928 2895 983 mori.
2924 930 3059 988 Audi
3090 934 3658 1007 namqneProphetatn
3684 943 3754 1000 de

2285 1008 2405 1080 ipso
2446 1012 2909 1085 philosophantem
2933 1029 2993 1087 et
3029 1020 3295 1078 dicentem
3324 1043 3339 1079 :
3371 1026 3517 1085 Hor:
3561 1044 3882 1099 peccatorum

2285 1104 2506 1172 pessimo
2532 1098 2701 1176 (Psal.
2731 1108 2819 1162 33.
2847 1104 2964 1181 32).
2994 1110 3109 1167 Non
3133 1110 3288 1184 dixit,
3317 1133 3463 1173 mors
3489 1098 3722 1180 violenta
3752 1141 3880 1197 pes-

2284 1194 2442 1260 sima,
2465 1195 2558 1250 sed
2577 1197 2747 1266 quid?
2770 1198 2913 1254 Mors
2935 1214 3256 1271 pacatorum
3280 1210 3520 1279 pessima.
3537 1194 3878 1280 Justesane;

2285 1293 2565 1355 postquam
2592 1288 2736 1344 enim
2764 1289 2890 1345 hinc
2919 1293 3291 1363 migraverint,
3318 1313 3473 1369 piens
3500 1304 3877 1374 Intolerabilis,

2282 1381 2544 1428 tormenta
2560 1378 3117 1447 sempiterna,vermis
3130 1386 3445 1457 virulentus,
3469 1392 3606 1461 ignis
3621 1394 3881 1455 incutiu-

2282 1459 2518 1530 gn'ibilis,
2544 1466 2777 1547 tenebrat
2802 1472 3120 1541 exteriores,
3147 1475 3354 1551 vincula
3381 1459 3703 1553 insolubilis,
3740 1484 3881 1541 dena

2285 1553 2418 1608 tium
2430 1543 2649 1622 stridor,
2668 1560 2936 1617 tribulatio
2946 1573 3002 1619 et
3020 1545 3283 1635 angustia,
3295 1579 3350 1625 et
3364 1581 3567 1638 atem
3578 1543 3873 1638 damnatio.

2351 1645 2405 1701 ὅ.
2437 1646 2568 1703 Cum
2593 1640 2752 1721 igitur
2778 1654 2903 1708 talia
2933 1667 3185 1713 maneant
3213 1670 3525 1729 peccatores
3547 1667 3687 1725 mala
3708 1709 3726 1737 ,
3750 1684 3879 1738 qua

2280 1736 2448 1815 possit
2485 1752 2607 1794 esse
2646 1741 2844 1796 utilitas
2868 1785 2883 1807 ,
2920 1744 3036 1801 sive
3070 1746 3253 1814 domi,
3291 1741 3408 1811 sive
3440 1753 3495 1813 in
3537 1754 3674 1811 lecto
3710 1736 3875 1814 vitam

2280 1824 2465 1903 tlt'tiant
2486 1828 2512 1882 τ
2538 1828 2677 1885 sicut
2699 1843 2887 1887 contra
2912 1834 3073 1906 justis
3101 1838 3304 1899 nullum
3328 1841 3581 1899 damnum
3608 1862 3731 1902 esse
3757 1864 3878 1919 pos.

2278 1916 2382 1977 sit.
2406 1918 2546 1989 quod
2577 1936 2708 1977 ense
2734 1924 2831 2008 vel
2868 1925 2991 1996 igne
3031 1940 3353 2004 prmsentem
3376 1935 3549 2008 _vitam
3578 1916 3826 2007 claudant
3850 1981 3873 2008 ,

2276 2019 2396 2061 cum
2418 2008 2485 2097 ad
2513 1999 2831 2068 immortalia
2857 2016 3089 2087 migrare
3116 2010 3258 2075 bona
3282 2001 3533 2091 debeant.
3565 1999 3701 2082 Vere

2278 2092 2596 2163 pet-rotorum
2624 2102 2864 2170 pessima.
2890 2103 3036 2160 Talis
3063 2098 3184 2173 erat
3208 2109 3390 2168 divitis
3416 2096 3563 2179 illius
3589 2131 3755 2182 mers,
3778 2122 3872 2189 qui

2276 2183 2532 2242 Lazarum
2555 2189 2897 2261 despexerat,
2926 2197 3017 2266 qui
3047 2197 3190 2253 domi
3218 2211 3271 2257 et
3300 2203 3351 2257 in
3378 2203 3516 2258 lecto
3544 2216 3597 2260 et
3625 2183 3874 2265 neces.»

2275 2277 2370 2331 riis
2398 2280 2772 2359 assistentibus
2817 2287 2921 2341 vita
2963 2303 3059 2359 per
3094 2293 3375 2364 propriam
3418 2298 3588 2351 soluta
3638 2312 3871 2361 mortem

2273 2367 2558 2426 defunctus
2589 2376 2915 2438 terrebatur,
2944 2390 3013 2433 ne
3041 2395 3257 2450 parvam
3287 2386 3502 2454 quidem
3537 2396 3870 2465 consolatur-

2274 2474 2397 2515 nent
2425 2476 2491 2517 ex
2521 2466 2800 2531 pnesentis
2830 2468 2953 2522 vita:
2996 2468 3349 2545 prosperitate
3383 2479 3619 2534 nancisci
3658 2466 3874 2539 valens

2275 2550 2339 2603 At
2383 2548 2489 2606 nnn'
2526 2551 2598 2607 ita
2627 2544 2861 2625 Insanis
2888 2574 2903 2623 ;
2932 2544 3115 2616 verum
3149 2562 3200 2615 in
3233 2564 3350 2632 ipso
3380 2567 3688 2635 pavimento
3715 2573 3870 2627 cani-

2274 2637 2375 2694 bus
2402 2640 2737 2699 adstantibus
2763 2638 2829 2701 et"
2847 2647 3024 2723 ulcera
3054 2650 3375 2721 lingentibus
3402 2657 3689 2717 violentam
3718 2678 3870 2718 mor-

2274 2737 2380 2785 tem
2413 2746 2634 2802 passus;
2661 2736 2791 2805 quid
2819 2737 2961 2793 enim
3007 2739 3145 2797 fame
3188 2743 3457 2801 difﬁcilius
3498 2764 3620 2806 esse
3650 2753 3870 2823 possit?

2272 2820 2544 2903 digressus
2573 2823 2717 2879 illine
2741 2830 2959 2882 aeternis
2989 2832 3190 2900 potitus
3215 2845 3296 2889 est
3324 2837 3479 2892 bonis
3502 2880 3516 2903 ,
3549 2841 3603 2893 in
3634 2820 3868 2904 nimim

2271 2899 2395 2968 sinu
2422 2916 2678 2993 gaudens.
2712 2918 2847 2986 Quid
2874 2899 3036 2992 igitur
3066 2926 3236 2994 ipsum
3270 2929 3408 2984 lmsit
3454 2899 3720 2990 violenter
3744 2953 3865 2997 mo-

2271 3004 2316 3058 ri
2336 3004 2360 3057 ἲ
2384 3006 2509 3076 quid
2541 3023 2665 3063 vero
2684 3009 2835 3065 diviti
2869 3015 3063 3081 profuit
3089 3028 3260 3072 morte
3286 3035 3391 3074 non
3424 3022 3656 3079 violenta
3681 3029 3866 3082 mori?

2342 3091 2485 3149 βιοῖ-ε
2508 3098 2700 3169 injuste
2725 3102 2892 3154 minus
2922 3104 3145 3157 timenda
3162 3146 3175 3167 .
3200 3124 3353 3178 quam
3373 3110 3539 3179 justo.
3555 3139 3635 3173 ,-·-
3659 3117 3864 3174 Αι-ιιοη

2267 3186 2546 3251 violenter,
2579 3188 2768 3259 inquit,
2799 3192 2894 3247 sed
2926 3192 3120 3265 injuste
3152 3199 3289 3253 tnori
3320 3201 3569 3266 timemus
3598 3220 3613 3261 :
3644 3216 3697 3260 et
3718 3210 3862 3277 quod

2268 3276 2382 3330 ausi
2410 3276 2502 3330 ttilt
2526 3277 2543 3331 l
2568 3294 2753 3335 eorum
2786 3281 2854 3337 de
2883 3284 3081 3363 quibus
3110 3284 3165 3340 in
3195 3278 3555 3358 suspicionem
3584 3276 3857 3363 vocamur,

2267 3376 2390 3419 cum
2420 3367 2664 3423 sontibus
2690 3372 2891 3439 pariter
2916 3376 3215 3443 puniamur.
3240 3377 3375 3447 Quid
3405 3382 3505 3447 ais,
3532 3399 3713 3453 quasso
3738 3386 3763 3441 2
3788 3390 3863 3443 in-

2262 3454 2407 3523 juste
2434 3458 2571 3535 mori
2599 3462 2756 3515 times
2779 3462 2803 3515 τ
2827 3477 2894 3517 an
2917 3461 3061 3532 iuste
3085 3465 3289 3522 velles?
3318 3471 3384 3525 Et
3410 3473 3533 3541 quis
3563 3485 3670 3529 tam
3692 3478 3863 3534 miser

2266 3555 2317 3599 et
2346 3562 2679 3604 :erumnosus
2697 3591 2714 3618 ,
2742 3561 2801 3606 ut
2824 3568 2946 3609 cum
2977 3556 3173 3625 injuste
3201 3559 3338 3615 mori
3366 3557 3677 3635 immineat,
3708 3568 3861 3623 malit

2265 3633 2404 3703 inate
2434 3639 2615 3693 mori?
2655 3640 2711 3696 Si
2740 3643 2897 3698 enim.
2914 3658 3141 3702 mortem
3171 3659 3412 3708 metuere
3436 3633 3683 3723 oportet,
3706 3656 3864 3728 juste'

2266 3726 2417 3781 nobis
2448 3728 2782 3799 ingruentem
2828 3735 3017 3791 timere
3056 3732 3311 3795 convenit
3338 3759 3351 3795 ε
3379 3747 3630 3814 quoniam
3658 3726 3859 3818 iniuste

2264 3818 2479 3887 quidem
2508 3832 2765 3890 mortuus,
2792 3842 2885 3894 per
2910 3826 3011 3882 hoc
3034 3828 3206 3900 ipsum
3234 3847 3354 3887 cum
3379 3838 3580 3892 sanctis
3602 3840 3857 3896 omnibus

2264 3912 2639 3968 communicat.
2672 3916 2827 3985 Apud
2857 3919 3020 3974 Deum
3061 3910 3201 3975 enim
3249 3925 3593 3993 probaturum
3634 3940 3690 3985 et
3734 3932 3859 3988 illu-

2265 4002 2452 4055 strium
2491 4004 2673 4073 plures
2702 4006 2951 4074 injustam
2999 4012 3300 4069 sustinuere
3344 4028 3572 4073 mortem
3599 4031 3698 4091 ,‘et
3723 4033 3857 4081 ante

2265 4104 2453 4148 omnes
2481 4094 2613 4148 Abel
2645 4113 2658 4149 :
2692 4112 2797 4150 non
2820 4099 2961 4153 enim
2990 4100 3041 4155 in
3068 4099 3287 4159 fratrem
3318 4120 3565 4176 peccans,
3594 4098 3693 4167 nec
3718 4114 3851 4169 Cain

2266 4181 2428 4247 ltcso,
2457 4185 2549 4240 sed
2580 4188 2828 4256 quoniam
2863 4189 3027 4245 Deum
3058 4192 3359 4251 honorabat
3383 4239 3397 4261 .
3432 4198 3554 4257 ideo
3577 4203 3857 4273 jngulatus

2264 4283 2347 4327 est
2373 4277 2390 4342 (
2418 4274 2545 4331 Gen.
2577 4278 2611 4332 4
2633 4280 2673 4349 ).
2710 4280 2847 4335 Deus
2873 4292 3050 4338 autem
3080 4287 3355 4357 permisit,
3386 4293 3644 4363 numquid
3673 4294 3851 4365 ipsum

2263 4382 2449 4424 amans
2474 4412 2489 4437 ,
2520 4386 2587 4425 an
2615 4373 2739 4427 odio
2766 4376 3013 4432 habens?
3036 4391 3241 4437 certum
3268 4393 3350 4437 est
3373 4387 3517 4455 quod
3536 4406 3724 4445 amans
3742 4432 3759 4455 ,
3792 4404 3853 4448 ttt

2262 4461 2545 4517 clariorem
2573 4464 2673 4535 ipsi
2700 4481 2952 4522 coronam
2981 4468 3184 4526 faceret
3209 4489 3273 4527 ex
3305 4475 3647 4544 injustissima
3675 4482 3849 4538 mede.

2264 4552 2424 4609 Vides
2452 4571 2622 4626 neque
2642 4546 2958 4627 violentam,
2992 4552 3165 4633 neque
3192 4565 3443 4639 injustam
3472 4582 3699 4628 mortem
3727 4589 3854 4631 esse

2263 4646 2599 4700 metuendam
2626 4690 2640 4715 ,
2669 4650 2761 4703 sed
2809 4662 3035 4706 mortem
3074 4656 3125 4708 in
3168 4649 3442 4724 peccatis?
3478 4662 3612 4720 Abel
3654 4664 3853 4733 injuste

2261 4732 2500 4790 ntoriuus
2524 4746 2627 4801 est,
2656 4738 2782 4794 Cain
2813 4741 2941 4796 vixit
2969 4759 3187 4813 gemens
3210 4755 3265 4801 et
3293 4759 3525 4817 tremens
3554 4768 3570 4816 ;
3602 4765 3719 4808 uter
3746 4755 3853 4826 ξεῖ-

2263 4836 2366 4890 tur,
2396 4827 2481 4881 dic
2508 4828 2660 4897 mihi,
2692 4830 2897 4887 beatior
2928 4833 3041 4900 fuit,
3071 4837 3159 4906 qui
3188 4853 3308 4891 cum
3333 4839 3540 4909 jnstitia
3570 4846 3853 4915 requieve-

2260 4930 2361 4985 rat,
2386 4936 2451 4973 an
2478 4922 2567 4991 qui
2598 4926 2830 4991 peccatis
2856 4926 3105 5005 vivebat?
3135 4930 3222 4999 qui
3252 4941 3492 4986 mertnus
3518 4946 3600 4989 est
3627 4936 3848 5006 injuste,

2259 5024 2325 5063 an
2378 5013 2465 5081 qui
2515 5014 2655 5080 juste
2695 5015 3055 5083 pttttiebatnr?
3091 5020 3251 5075 Vultis
3269 5019 3524 5076 charitati
3542 5036 3728 5082 vestra:
3766 5029 3852 5084 di-

2260 5115 2396 5167 cam,
2431 5105 2570 5160 unde
2598 5105 2846 5161 timemus
2878 5120 3100 5163 mortem
3125 5113 3147 5165 ?
3174 5112 3287 5167 Non
3311 5117 3553 5171 vulnerat
3579 5133 3677 5173 nos
3698 5124 3851 5190 regni

2258 5212 2441 5261 amor,
2482 5216 2585 5252 non
2626 5217 2721 5254 nos
2760 5194 3061 5258 futurorum
3100 5221 3250 5260 amor
3287 5193 3531 5265 accendit
3565 5229 3579 5264 :
3610 5202 3859 5289 alioquin

2262 5292 2542 5355 praesentia
2564 5291 2960 5362 deSpiceremus
2986 5297 3160 5350 omnia
3182 5339 3196 5359 .
3224 5299 3361 5354 sicut
3401 5301 3589 5357 beatus
3631 5304 3848 5360 Paulus.

2260 5379 2339 5431 Ad
2368 5378 2482 5433 hare
2509 5397 2611 5435 non
2645 5385 2894 5439 timemus
2919 5387 3217 5456 gehennam
3241 5430 3256 5457 ,
3288 5392 3409 5467 ideo
3436 5407 3664 5452 mortem
3694 5400 3855 5454 time-

2262 5487 2420 5526 mus:
2463 5474 2706 5544 supplicii
2753 5477 2893 5532 irlius
2941 5480 3329 5538 intolerabilem
3378 5489 3693 5555 gravitatem
3740 5506 3850 5545 non

2260 5565 2505 5620 novimus
2530 5608 2544 5630 ,
2577 5580 2853 5635 propterea
2896 5585 2989 5639 pro
3032 5583 3251 5642 peccato
3288 5586 3516 5632 mortem
3558 5580 3849 5657 timemus.

2257 5661 2401 5724 quod
2439 5658 2483 5711 si
2522 5658 2612 5714 ille
2636 5661 2865 5714 animant
2903 5674 3139 5718 nostram
3181 5664 3339 5720 timor
3367 5679 3715 5738 occupasset,
3748 5672 3853 5730 iste

2263 5745 2552 5819 subrepere
2578 5763 2681 5803 non
2710 5760 2986 5820 potutsset.
3020 5754 3083 5809 Et
3125 5756 3225 5810 hoc
3255 5772 3359 5811 non
3390 5760 3573 5829 procul
3599 5803 3616 5831 ,
3656 5761 3750 5818 sed
3779 5778 3848 5823 ex
