4196 6316
214 260 318 375 ’75
1197 316 1288 372 Αἰ)
1332 310 1651 370 POPULIJM
1682 305 2183 365 ANTIOCHENUM
2247 307 2480 364 llOMlL.
2525 308 2587 362 V.
3270 304 3289 316 '
3484 305 3544 366 ῃ

249 438 580 501 domesticis,
608 445 667 492 et
689 449 753 491 ex
785 435 850 489 iis
870 446 988 502 quae
1011 430 1168 486 nobis
1193 428 1501 484 acciderunt
1527 424 1610 480 his
1631 423 1839 487 diebus,

251 528 590 584 manifestum
614 527 790 582 facere
814 523 1068 579 conabor.
1102 521 1388 591 Postquam
1415 519 1557 574 enim
1582 516 1653 571 ab
1682 516 1854 584 Impe-

254 631 432 675 ratore
456 619 598 672 (lam:
619 627 741 671 sunt
760 618 952 672 littera:
971 614 1229 668 tributum
1258 614 1388 675 hoc,
1410 609 1553 681 quod
1600 608 1852 663 intolera-

253 713 358 768 blle
396 725 522 767 esse
559 709 872 769 videbatur,
912 705 1161 762 conferre
1198 703 1449 773 jubentcs
1476 743 1491 767 ,
1534 714 1723 754 omnes
1763 707 1879 771 tu-_

250 804 653 859 inultuabantur
672 842 687 869 ,
717 817 906 857 omnes
928 799 1363 862 contendebant,
1392 810 1535 865 aegre
1567 793 1811 848 terebant
1833 832 1848 856 ,

250 894 667 964 indignabantur
690 934 705 956 ,
750 893 895 946 inter
922 906 983 945 se
1009 895 1356 945 occurrentes
1377 885 1631 941 dicebant
1654 901 1668 936 :
1697 881 1848 938 Haud

250 986 428 1042 vitalis
466 986 623 1041 nobis
661 986 766 1038 vita
793 1026 808 1048 ,
838 984 1094 1038 subversa
1123 980 1317 1036 civitas
1341 988 1445 1042 est,
1474 976 1636 1045 hujus
1665 973 1850 1028 tributi

249 1077 678 1150 magnitudinem
708 1076 975 1131 sustinere
1001 1073 1201 1143 poterit
1229 1085 1389 1126 nemo
1420 1087 1435 1127 :
1458 1078 1518 1124 et
1542 1082 1733 1123 omnes
1755 1081 1853 1119 an-

244 1171 536 1241 gebantur,
584 1176 836 1236 tanquam
881 1165 950 1219 de
986 1162 1247 1220 extremis
1287 1161 1421 1231 ipsis
1460 1158 1845 1229 periclitantes.

245 1264 368 1327 Mox,
393 1277 527 1316 vero
552 1268 832 1329 postquam
859 1266 1161 1327 perpetrata
1192 1253 1526 1317 acciderunt,
1555 1257 1611 1304 et
1632 1246 1848 1319 quidam

249 1353 442 1408 nefarii
470 1361 529 1406 et
557 1349 979 1412 sceleratissimi,
1010 1348 1218 1418 legibus
1245 1343 1580 1402 conculcatis
1601 1383 1616 1405 ,
1645 1350 1851 1397 statuas

246 1445 567 1512 dejocerunt
592 1483 608 1502 .
656 1451 711 1496 et
752 1440 943 1495 mortis
971 1438 1267 1509 perieulum
1298 1434 1554 1490 omnibus
1582 1434 1851 1501 imposue-

247 1544 397 1598 runt,
430 1545 486 1589 et
511 1533 621 1603 jam
650 1534 717 1587 de
744 1532 858 1602 ipsa
887 1532 992 1585 vita
1022 1530 1294 1593 timemus,
1322 1527 1646 1583 exacerbato
1676 1524 1852 1591 Impe-

249 1638 431 1681 ratore
456 1642 472 1688 ;
507 1642 613 1679 non
642 1640 740 1678 nos
761 1623 991 1693 amplius
1019 1619 1591 1691 pecuniarumjactura
1615 1616 1846 1678 mordet,

245 1718 342 1772 sed
387 1717 492 1771 alia
530 1731 629 1784 pro
671 1714 775 1768 illis
814 1727 1004 1767 omnes
1043 1711 1204 1767 audio
1240 1709 1480 1766 dicentes
1514 1726 1528 1763 :
1559 1708 1749 1776 Capiat
1795 1716 1851 1762 et

244 1806 606 1861 substantiam
648 1802 962 1874 Imperator,
992 1811 1047 1857 et
1076 1802 1220 1872 agris
1242 1810 1298 1856 et
1326 1799 1754 1870 supellectilibus
1780 1797 1847 1851 li—

248 1899 446 1952 benter
470 1895 795 1957 carebimus,
821 1894 1105 1948 dumtaxat
1131 1906 1328 1962 corpus
1354 1891 1560 1946 salvum
1591 1892 1705 1945 lore
1730 1890 1852 1960 quis

248 1989 537 2057 spondeat.
566 1987 717 2042 Sicut
742 1988 922 2055 itaque
949 1987 1258 2056 priusquam
1286 1986 1441 2040 nobis
1469 1984 1660 2039 mortis
1688 1983 1851 2037 timor

249 2081 560 2134 immineret
586 2120 603 2147 ,
628 2092 730 2132 nos
758 2078 1103 2147 pecuniarum
1130 2076 1327 2130 mulcta
1353 2074 1663 2140 cruciabat;
1696 2081 1849 2143 pest-

247 2186 413 2240 qnam
457 2184 593 2226 vero
632 2157 863 2224 nefanda
911 2175 1214 2239 perpetrata
1255 2175 1420 2230 sunt,
1463 2165 1652 2219 mortis
1690 2164 1851 2218 timor

247 2262 567 2325 succedens,
586 2262 799 2316 mulctze
814 2260 1056 2314 dolorem
1079 2258 1280 2327 espulit
1301 2258 1409 2312 :sic
1435 2266 1488 2311 et
1518 2255 1564 2310 si
1589 2256 1851 2325 gehennae

250 2367 415 2409 ιιιηοι·
448 2352 951 2423 comprehendisset
985 2352 1193 2406 animas
1232 2358 1444 2405 nostras
1469 2390 1485 2414 ,
1519 2366 1625 2403 non
1662 2347 1851 2403 mortis

252 2452 415 2502 timor
441 2455 789 2515 occupasset;
818 2445 912 2499 sed
939 2441 1393 2514 quemadmodum
1426 2442 1477 2495 in
1508 2440 1847 2510 corporibus,

249 2539 470 2609 quando
495 2551 595 2592 nos
621 2536 729 2591 duo
758 2537 975 2591 dolores
1003 2534 1391 2605 oppresserint,
1415 2532 1726 2587 inferiorem
1752 2545 1851 2600 po-

252 2632 452 2684 tentior
491 2627 835 2694 abscondere
868 2626 1149 2681 consuevit
1190 2643 1204 2679 :
1249 2626 1329 2679 sic
1364 2633 1419 2679 et
1461 2638 1601 2678 nunc
1650 2622 1849 2678 factum

252 2730 395 2777 esset
425 2738 442 2786 ;
472 2722 517 2775 si
551 2718 713 2775 futuri
741 2720 985 2789 supplicii
1010 2719 1171 2773 timor
1193 2719 1244 2773 in
1272 2718 1451 2772 anima
1477 2721 1848 2784 remansisset,

254 2828 469 2868 omnem
516 2813 766 2868 timorem
816 2811 1110 2866 humanum
1158 2812 1520 2866 obseurasset.
1574 2810 1759 2880 Itaque
1806 2812 1852 2866 si

256 2904 371 2972 quis
412 2902 676 2972 gehennae
725 2917 939 2971 semper
980 2902 1293 2957 meminisse
1339 2901 1580 2966 laboret,
1620 2913 1851 2957 mortem

257 2996 519 3050 deridebit
547 3038 561 3059 ,
593 3006 642 3049 et
675 3010 781 3049 non
815 2994 1066 3064 pra-senti
1094 3002 1299 3048 tantum
1327 2993 1571 3061 angustia
1600 2992 1855 3048 liberabi-

260 3096 362 3151 tur,
396 3086 493 3141 srd
521 3087 668 3140 etab
697 3086 781 3139 illa
814 3087 1024 3139 llamma
1047 3085 1325 3154 eripietur.
1355 3084 1454 3153 Qui
1477 3084 1623 3139 enim
1649 3084 1853 3155 gehen-

260 3193 379 3231 nam
418 3179 675 3232 continue
722 3179 913 3242 timet,
948 3192 1240 3246 numquam
1282 3178 1334 3230 in
1372 3176 1634 3245 gehennae
1678 3177 1853 3246 ignem

260 3270 487 3333 decidet,
509 3268 611 3323 hoc
633 3268 852 3323 assiduo
872 3271 1163 3338 castigatus
1185 3277 1350 3323 metu.
1374 3266 1665 3323 Concedite
1693 3282 1856 3334 nunc,

264 3370 318 3415 nt
353 3371 659 3430 opportune
686 3358 839 3413 vobis
865 3359 1042 3413 dicam
1078 3376 1090 3411 :
1125 3358 1337 3413 Fratres
1360 3400 1376 3424 ,
1408 3375 1471 3413 ne
1495 3360 1641 3429 pueri
1666 3358 1857 3429 eﬂicia—

263 3451 383 3504 πιἱαὶ
407 3450 657 3512 sensibus,
684 3450 775 3503 sed
791 3450 985 3503 malitia
1011 3450 1235 3519 infantes
1259 3451 1367 3504 sitis
1387 3450 1433 3520 (l
1449 3490 1463 3503 .
1487 3450 1607 3506 Car.
1640 3451 1857 3522 14.20).

331 3542 475 3597 Mors
496 3560 589 3595 cur
614 3542 957 3608 despicienda.
977 3572 1048 3581 —
1070 3542 1282 3597 Etenim
1312 3543 1571 3611 puerilem
1602 3543 1854 3597 timemus

250 3614 535 3704 pavorem,
566 3643 794 3687 mortem
825 3634 1094 3694 timentes,
1114 3643 1390 3702 peccatum
1420 3644 1601 3688 autem
1640 3650 1746 3687 non
1794 3633 1860 3688 ti-

266 3736 489 3781 mentes.
512 3726 670 3780 Pueri
699 3726 841 3781 enim
866 3727 1017 3797 parvi
1063 3727 1241 3781 larvas
1270 3728 1493 3793 timent,
1526 3726 1701 3790 ignem
1750 3742 1857 3780 non

265 3821 484 3880 timent;
514 3816 608 3871 sed
648 3817 695 3870 si
717 3817 783 3871 ad
818 3816 1090 3872 lucernam
1128 3818 1307 3872 lumen
1340 3817 1626 3874 habentem
1655 3819 1855 3887 portari

262 3907 551 3975 contingat,
595 3907 984 3963 inconsiderate
1027 3924 1242 3963 manum
1287 3909 1587 3964 immittunt
1618 3911 1848 3965 lucerna:

267 4008 319 4050 et
350 3998 580 4050 ﬂamma:
608 4014 622 4049 :
655 3997 783 4051 dum
808 3998 1254 4053 contemnendam
1282 3999 1482 4053 larvam
1522 3998 1860 4067 horrescunt,

262 4103 385 4144 vere
412 4088 706 4144 timendum
729 4091 903 4159 ignem
936 4107 1043 4145 non
1076 4091 1301 4157 timent;
1333 4093 1411 4147 sic
1435 4092 1651 4161 quidem
1681 4104 1738 4148 et
1764 4109 1862 4149 nos

264 4180 511 4233 timemus
548 4192 800 4245 mortem,
825 4196 942 4250 qua:
987 4190 1074 4236 est
1118 4182 1264 4236 larva
1317 4193 1625 4253 contemptu
1678 4184 1859 4255 digna,

264 4282 539 4340 peccatum
566 4287 694 4326 vero
726 4288 830 4326 non
885 4274 1136 4327 timemus
1156 4316 1169 4336 ,
1194 4276 1339 4344 quod
1367 4286 1451 4329 est
1495 4291 1621 4330 vere
1664 4277 1860 4331 timen-

259 4366 405 4429 dum,
430 4375 487 4418 et
506 4364 643 4434 ignis
669 4379 819 4419 more
846 4367 1227 4420 conscientiam
1250 4367 1491 4422 devorat.
1516 4368 1585 4422 Et
1615 4368 1731 4422 haec
1754 4383 1859 4423 non

259 4471 323 4509 ex
355 4470 536 4509 rerum
588 4466 797 4521 natura,
825 4455 920 4511 sed
962 4472 1030 4511 ex
1076 4458 1371 4526 ignorantia
1416 4460 1572 4513 nobis
1616 4460 1862 4515 accidere

260 4557 656 4601 consueverunt
686 4563 700 4599 :
728 4546 869 4614 quod
909 4546 953 4600 si
990 4549 1305 4618 cogitemus,
1339 4550 1465 4617 quid
1523 4550 1737 4605 tandem
1791 4553 1861 4605 sit

261 4651 438 4702 mors,
469 4652 760 4706 numquam
794 4637 963 4706 ipsam
1004 4639 1334 4694 timebimus.
1369 4640 1506 4706 Quid
1547 4640 1709 4711 igitur
1739 4651 1855 4695 tan-

258 4729 382 4784 dem
411 4743 559 4782 mors
596 4728 721 4782 est?
750 4728 981 4797 Idipsum
1027 4730 1168 4799 quod
1217 4732 1593 4799 vestimentum
1633 4748 1858 4786 exuere.

259 4820 555 4890 Tamquam
579 4822 954 4876 vestimentum
981 4821 1125 4876 enim
1168 4836 1364 4891 corpus
1397 4824 1591 4877 anima:
1640 4826 1862 4879 circum.

258 4910 439 4965 datum
470 4920 576 4977 est,
602 4911 782 4965 ethoc
825 4911 892 4967 ad
927 4912 1093 4967 breve
1119 4922 1331 4981 tempus
1358 4930 1453 4982 per
1494 4923 1723 4970 mortem
1762 4916 1858 4970 de-

261 5003 516 5071 positum,
534 5003 730 5072 clarius
748 5004 939 5057 iterum
953 5018 1308 5059 resumemus.
1330 5006 1468 5072 Quid
1482 5007 1695 5062 tandem
1716 5023 1861 5061 mors

258 5091 767 5162 est?Peregrinatio
805 5093 873 5147 ad
905 5103 1135 5164 tempus,
1181 5109 1402 5150 somnus
1444 5109 1702 5152 consueto
1744 5100 1862 5153 lon-

259 5186 394 5255 gior.
421 5185 605 5256 Itaque
650 5186 695 5240 si
736 5196 963 5241 mortem
1017 5189 1195 5254 times,
1220 5189 1349 5244 time
1392 5198 1447 5244 et
1488 5206 1736 5245 somnum
1770 5212 1781 5246 :
1815 5194 1860 5247 si

260 5286 481 5347 propter
519 5278 814 5332 morientes
859 5280 1090 5347 angeris,
1123 5290 1177 5333 et
1226 5289 1446 5350 propter
1472 5282 1855 5350 comede-otes;

261 5380 314 5425 et
344 5381 569 5438 propter
590 5370 834 5424 bibentes
862 5386 1057 5441 angere
1091 5390 1104 5425 :
1132 5373 1272 5426 sicut
1295 5374 1438 5427 enim
1466 5373 1567 5427 hoc
1595 5378 1857 5439 naturale,

262 5463 337 5517 sic
380 5472 435 5515 et
481 5462 633 5515 iilud.
658 5462 734 5517 Ne
776 5473 827 5517 te
856 5465 1112 5518 naturalia
1149 5468 1509 5533 contristent,
1541 5469 1860 5522 contristent

267 5566 316 5607 te
351 5554 537 5622 potius
556 5568 677 5622 quae.
706 5564 831 5607 sunt
876 5570 939 5609 ex
989 5556 1127 5608 mala
1177 5558 1447 5612 voluntate
1482 5577 1493 5611 :
1524 5575 1699 5629 neque
1746 5564 1859 5614 mo-

260 5644 484 5696 rientem
550 5643 834 5712 lugc,St-d
892 5645 942 5697 iu
1004 5649 1235 5713 peccatis
1284 5649 1567 5703 viventem.

330 5736 378 5787 4.
424 5733 520 5785 \‘is
563 5749 982 5787 commemorem
1027 5745 1081 5788 et
1129 5737 1287 5789 aliam
1336 5753 1585 5807 causam,
1639 5754 1856 5811 propter

581 5827 861 5887 Parnm“
912 5824 1025 5888 (in.
1076 5833 1122 5890 Χ
1144 5834 1205 5889 |.l
1224 5836 1296 5893 Χ.

1968 437 2128 491 quam
2150 434 2380 480 mortem
2412 426 2697 482 timemus?
2720 425 2837 482 Non
2867 424 3097 481 vivimus
3118 440 3241 481 cum
3265 424 3560 493 diligentia,

1963 530 2069 568 non
2122 515 2381 573 habemus
2446 517 2832 573 conscientiam
2884 527 3121 589 puram:
3159 516 3305 588 quod
3356 516 3404 572 si
3457 516 3563 573 hoc

1958 617 2123 671 esset,
2153 605 2286 662 nihil
2327 622 2428 664 nos
2456 623 2604 664 mors
2634 607 2933 673 terruisset,
2960 622 3068 663 non
3097 606 3286 674 fames,
3318 622 3426 662 non
3468 623 3565 678 pe-

1956 700 2234 753 cuniarum
2266 698 2499 770 jactura,
2533 715 2641 755 non
2668 700 2812 755 aliud
2849 700 2977 771 quid
3008 698 3294 770 ejusmodi.
3351 698 3411 754 ln
3451 701 3566 756 vir-

1960 800 2072 844 tute
2092 791 2236 844 enim
2256 792 2525 847 viventem
2575 791 2767 847 borum
2815 792 2947 846 nihil
2976 791 3171 847 lzedere
3206 794 3436 861 poterit,
3465 807 3566 848 nec

1960 882 2167 939 interna
2225 885 2437 954 privare
2480 885 2793 955 voluptate:
2844 886 3002 940 boote
3042 886 3189 940 enim
3242 886 3564 940 innutritum

1956 976 2072 1046 spei
2103 968 2236 1030 nihil
2278 977 2330 1029 in
2364 976 2636 1030 trisutiam
2680 976 2916 1046 dejicere
2964 977 3184 1046 poterit.
3232 976 3371 1044 Quid
3416 976 3561 1032 enim

1955 1068 2218 1137 quispiam
2237 1068 2412 1121 facere
2441 1069 2628 1136 possit,
2656 1082 2762 1138 quo
2789 1065 2987 1122 fortem
3004 1068 3178 1122 virum
3206 1067 3259 1122 in
3291 1068 3562 1125 tristitiant

1955 1158 2249 1228 conjiciat?
2277 1157 2503 1213 Auferet
2528 1157 2820 1227 pecunias?
2844 1158 2940 1215 sed
2978 1157 3139 1213 habet
3181 1154 3241 1213 in
3264 1159 3411 1214 ctelis
3435 1158 3564 1213 divi-

1956 1249 2080 1303 tias.
2112 1248 2286 1303 Patria
2304 1248 2520 1318 ejiciet?
2547 1248 2643 1303 sed
2666 1248 2719 1302 in
2749 1263 3041 1317 supernam
3064 1248 3337 1304 civitatein
3364 1249 3542 1305 mittet
3628 1240 3631 1243 λ

1957 1337 2181 1393 Vincula
2208 1337 2415 1407 injiciet
2432 1338 2457 1389 Υ
2484 1338 2580 1392 sed
2608 1337 2771 1395 habet
2799 1338 3186 1392 conscientiam
3212 1338 3442 1393 solutam
3460 1380 3478 1405 ,
3506 1350 3563 1395 et

1954 1430 2286 1484 exteriorem
2314 1443 2420 1483 non
2439 1429 2607 1484 sentit
2624 1438 2892 1483 catenam.
2920 1431 2990 1482 At
3010 1427 3298 1483 intertlciet
3317 1443 3519 1500 corpus
3537 1434 3561 1483 1'

1954 1520 2050 1574 sed
2094 1520 2288 1574 iterum
2331 1528 2619 1589 resurget:
2654 1518 2883 1574 et'sieut
2924 1520 3017 1589 qui
3064 1535 3186 1574 cum
3229 1520 3419 1574 umbra
3457 1536 3559 1592 pu-

1957 1624 2107 1681 gnat,
2140 1619 2196 1665 et
2233 1625 2414 1666 aerem
2440 1610 2713 1677 verberat,
2735 1618 3019 1680 percutere
3040 1612 3239 1679 poterit
3265 1612 3563 1668 nemiuem:

1955 1703 2033 1756 sic
2063 1712 2117 1755 et
2141 1700 2233 1771 qui
2257 1715 2378 1755 cum
2403 1700 2552 1770 justo
2582 1711 2805 1772 pugnat,
2833 1718 2956 1756 eum
2990 1703 3176 1757 umbra
3210 1712 3416 1757 tantum
3463 1720 3563 1774 pu-

1953 1798 2100 1861 gnat,
2130 1803 2184 1846 et
2210 1793 2352 1846 vires
2375 1807 2501 1847 suas
2528 1791 2791 1859 dissolvit,
2813 1794 3015 1848 nullam
3038 1784 3352 1865 illi'plagam
3378 1796 3564 1853 valens

1955 1884 2215 1955 inﬂigere.
2240 1884 2423 1955 Itaque
2448 1886 2515 1941 da
2539 1886 2669 1940 mihi
2695 1886 2764 1941 de
2791 1887 3045 1942 czelorum
3070 1903 3238 1959 regno
3265 1888 3562 1957 conlidere,

1953 1987 2008 2033 et
2032 1980 2078 2033 si
2109 1978 2191 2034 vis
2217 1978 2376 2034 hodie
2400 1995 2487 2034 tne
2504 1979 2687 2049 jugula
2713 1996 2725 2031 :
2759 1978 2922 2033 credis
2948 1980 3173 2049 gratiam
3199 1980 3292 2034 tibi
3326 1980 3559 2047 habebo,

1954 2071 2097 2141 quod
2126 2088 2211 2126 me
2232 2071 2483 2127 celeriter
2519 2072 2586 2125 ad
2617 2072 2703 2127 illa
2742 2074 2878 2126 bona
2918 2073 3272 2127 transmittas.
3319 2073 3434 2129 Hoc
3479 2086 3564 2129 est

1955 2164 2189 2218 maxime
2218 2164 2360 2232 quod
2401 2175 2455 2218 et
2498 2180 2599 2218 nos
2627 2164 2874 2233 lugemus
2904 2165 2946 2230 ί,
2977 2165 3165 2234 inquit,
3193 2165 3336 2235 quod
3368 2180 3559 2243 pecca-

1957 2265 2132 2311 turum
2165 2258 2504 2312 multitudine
2534 2257 2786 2327 prohibiti
2809 2299 2824 2319 ,
2855 2274 3076 2328 regnum
3118 2258 3248 2312 illud
3274 2274 3380 2312 non
3413 2274 3560 2314 assc-

1956 2356 2204 2417 quemur.
2240 2349 2403 2418 igitur
2453 2357 2682 2403 mortem
2729 2348 2913 2419 lugere
2950 2352 3236 2413 omittens,
3268 2350 3392 2419 lnge
3434 2365 3562 2419 pee-

1956 2449 2099 2505 cata,
2133 2450 2192 2494 ut
2224 2440 2339 2510 ipsa
2365 2441 2569 2495 deleas.
2598 2441 2826 2512 Propter
2854 2440 2957 2497 hoc
3001 2444 3145 2496 enim
3182 2442 3396 2496 tristitia
3427 2443 3563 2497 facta

1955 2539 2062 2597 est,
2092 2545 2199 2586 non
2245 2541 2301 2585 ut
2339 2533 2410 2585 ob
2447 2532 2712 2601 jacturam
2772 2535 3147 2603 pecuniarum,
3178 2550 3287 2589 non
3314 2534 3384 2589 ob
3420 2548 3566 2588 mor-

1956 2632 2062 2677 tem
2088 2664 2104 2689 ,
2132 2639 2232 2678 nec
2259 2623 2330 2677 ob
2351 2624 2511 2679 ullam
2541 2624 2703 2679 aliam
2725 2640 2838 2679 rem
2868 2624 3030 2680 talem
3053 2625 3354 2688 doleamus,
3383 2625 3480 2681 sed
3505 2635 3564 2680 ut

1957 2714 2071 2782 ipsa
2093 2715 2159 2768 ad
2187 2714 2416 2770 delenda
2449 2725 2666 2769 utamur
2696 2727 2955 2786 peccata;
2988 2726 3043 2771 ct
3070 2717 3213 2786 quod
3252 2716 3355 2771 hoc
3377 2732 3564 2771 verum

1956 2805 2047 2869 sit,
2070 2806 2317 2874 exemplo
2347 2804 2486 2861 facio
2518 2808 2883 2862 manifestum.
2923 2808 3182 2863 Remedia
3225 2808 3567 2863 medicinalia

1959 2897 2316 2965 pmpterillos
2343 2905 2548 2952 tantum
2573 2897 2793 2953 morbos
2827 2896 2965 2953 facta
3011 2907 3158 2964 sunt,
3188 2914 3327 2971 quos
3379 2899 3568 2954 tollere

1958 2996 2181 3056 queunt,
2213 3002 2318 3042 non
2368 2997 2592 3058 propter
2619 2988 2739 3043 illos
2760 3029 2775 3051 ,
2801 3004 2937 3058 quos
2980 2989 3110 3043 nihil
3152 2990 3407 3056 adjuvare
3438 3006 3567 3060 pos-

1961 3087 2107 3133 sunt.
2141 3080 2271 3134 Puta
2305 3099 2319 3133 :
2350 3081 2526 3135 adhuc
2548 3082 2691 3135 enim
2724 3083 3147 3138 mattifestiorem
3185 3084 3312 3138 volo
3358 3099 3568 3138 sermo-

1960 3184 2083 3223 nem
2116 3168 2343 3225 reddere
2371 3188 2385 3225 :
2420 3171 2872 3228 medicamentum
2900 3174 3087 3228 oculos
3112 3174 3336 3230 all‘ectos
3363 3185 3566 3230 tantum

1957 3259 2146 3329 juvare
2174 3262 2381 3325 valens,
2413 3263 2619 3316 nullum
2661 3278 2790 3317 vero
2817 3265 2979 3318 alium
3027 3264 3277 3320 morbum
3303 3308 3317 3331 ,
3349 3277 3570 3338 propter

1961 3352 2243 3407 oculorum
2290 3355 2665 3423 :egritudinem
2719 3365 2924 3411 tantum
2970 3356 3165 3412 factum
3211 3374 3333 3414 esse
3389 3360 3571 3416 dicere

1962 3446 2082 3514 quis
2105 3453 2286 3515 pos$ct
2318 3464 2331 3498 :
2362 3460 2467 3502 non
2500 3458 2720 3518 propter
2754 3450 3118 3517 stomachum,
3151 3467 3326 3522 neque
3354 3463 3572 3523 propter

1962 3554 2173 3601 manus,
2207 3554 2381 3607 neque
2410 3549 2627 3609 propter
2644 3541 2811 3595 ullum
2843 3542 2986 3596 aliud
3018 3542 3342 3602 membrum.
3363 3545 3566 3599 Trans-

1965 3628 2199 3683 feramus
2242 3630 2405 3699 igitur
2443 3632 2745 3686 orationem
2794 3632 2860 3687 ad
2902 3634 3193 3700 tristitiam,
3226 3646 3280 3689 et
3328 3636 3569 3691 invenie-

1964 3737 2105 3788 mus,
2138 3722 2279 3790 quod
2316 3723 2366 3776 in
2399 3724 2546 3777 nullo
2575 3738 2787 3787 eorum,
2820 3740 2939 3796 qua:
2974 3727 3129 3782 nobis
3158 3728 3443 3792 accidunt,
3475 3746 3571 3787 nos

1964 3812 2204 3883 adjuvet,
2235 3825 2512 3883 peccatum
2547 3832 2677 3870 vero
2711 3818 2887 3872 solum
2915 3820 3193 3890 corrigat:
3226 3833 3434 3876 certum
3468 3822 3569 3892 igi-

1968 3915 2053 3959 tur
2077 3922 2195 3960 eam
2220 3908 2284 3959 ad
2313 3907 2441 3963 illud
2471 3919 2678 3964 tantum
2701 3909 3056 3966 auferendum
3087 3928 3400 3968 concessam
3429 3930 3570 3969 esse.

1966 3997 2350 4053 Percurramus
2380 3999 2742 4069 ingruentium
2766 4002 2923 4057 nobis
2948 4002 3217 4058 malorum
3247 4005 3568 4074 quodlibet,

1967 4095 2021 4140 et
2066 4088 2336 4143 triatitiam
2380 4091 2891 4159 superadducamus,
2925 4103 2980 4147 et
3016 4093 3296 4150 videamus
3330 4097 3457 4167 quid
3502 4111 3567 4149 ex

1968 4179 2069 4232 hac
2096 4179 2189 4233 ﬁat
2232 4180 2496 4234 utilitatis.
2532 4182 2817 4238 Mulctatus
2847 4194 2929 4238 est
2972 4186 3238 4256 quispiam
3285 4190 3570 4257 pecuniis?

1969 4270 2207 4325 tris-tatus
2228 4281 2330 4337 est,
2356 4273 2613 4342 mulctam
2642 4290 2747 4329 non
2776 4277 3101 4332 emendavit.
3137 4279 3329 4334 Filium
3351 4283 3569 4337 amisit?

1968 4362 2179 4429 doluit,
2236 4358 2517 4420 mortuum
2555 4382 2663 4421 non
2745 4369 3106 4433 resuscitavit,
3159 4388 3259 4427 nec
3315 4372 3570 4429 defuncto

1969 4451 2187 4522 profuit.
2237 4453 2561 4525 Flagellatus
2608 4465 2694 4511 est
2744 4458 2900 4526 quis,
2943 4460 3112 4528 alapis
3155 4477 3349 4529 exesus,
3376 4475 3573 4520 coiitu-

1969 4546 2143 4598 meliis
2194 4544 2456 4600 affectus?
2481 4546 2673 4611 doluit,
2707 4564 2813 4602 non
2845 4552 3124 4606 resarcivit
3166 4550 3570 4611 contumeliam.

1970 4639 2023 4690 In
2078 4640 2323 4693 morbum
2374 4642 2495 4711 quis
2539 4642 2746 4707 incidit,
2779 4656 2835 4698 et
2883 4648 3259 4715 aegritudinem
3320 4652 3571 4718 gravissi-

1969 4745 2109 4782 mam
2130 4730 2154 4783 ?
2178 4730 2368 4795 doluit,
2402 4733 2773 4801 argritudinem
2802 4752 2908 4789 non
2937 4737 3192 4805 sustulit,
3219 4741 3313 4793 sed
3344 4749 3398 4795 et
3434 4741 3573 4796 diffi-

1967 4824 2210 4877 ciliorem
2240 4824 2498 4879 reddidit.
2527 4825 2690 4881 Vides
2719 4828 2909 4884 horum
2948 4831 3077 4885 nulli
3118 4833 3377 4902 prodesse
3407 4836 3576 4890 tristi-

1968 4918 2095 4971 tiam
2116 4918 2141 4969 ?
2166 4918 2418 4973 Peccavit
2440 4920 2581 4988 quis,
2615 4921 2856 4974 tristatus
2878 4924 2999 4977 est?
3027 4935 3303 4994 peccatum
3335 4928 3576 4996 delevit,

1967 5007 2211 5062 dissolvit
2238 5009 2498 5064 debitum.
2532 5009 2685 5066 Unde
2714 5013 2813 5066 hoc
2851 5014 3233 5070 manifestum?
3253 5016 3332 5071 Ex
3363 5018 3575 5075 Domini

1968 5101 2237 5153 sententia
2274 5119 2285 5153 :
2317 5101 2384 5153 de
2427 5103 2655 5171 quodam
2706 5105 2848 5158 enim
2906 5108 3259 5173 prasvaricato
3305 5108 3572 5179 loquens.

1966 5193 2175 5246 dicebat
2210 5211 2223 5245 :
2253 5192 2471 5263 Propter
2497 5207 2758 5264 peccatum
2778 5198 3041 5266 paulisper
3064 5202 3230 5269 ipsum
3257 5204 3568 5264 cmuristavt'.

1968 5296 2013 5335 et
2040 5284 2143 5335 vidi
2183 5285 2320 5353 quod
2365 5297 2596 5339 trtstalus
2627 5299 2718 5353 est,
2752 5299 2796 5340 et
2825 5291 3029 5343 incessit
3071 5304 3275 5345 maestus
3296 5335 3310 5358 ,
3337 5304 3383 5346 et
3413 5295 3577 5365 ipsius

1966 5375 2074 5425 riae
2128 5376 2324 5429 correxi
2352 5376 2511 5445 (lsai.
2558 5380 2646 5433 57.
2682 5381 2767 5432 17.
2814 5382 2939 5451 18).
2976 5382 3262 5450 Propterea
3294 5394 3351 5439 et
3378 5386 3576 5440 Paulus

1969 5465 2095 5520 dicit
2127 5486 2138 5520 :
2177 5469 2304 5531 Qum
2323 5473 2453 5522 enim
2503 5475 2778 5524 secundum
2828 5474 2990 5527 Deum
3030 5477 3234 5529 tristitia
3284 5489 3377 5538 est,
3415 5483 3565 5548 parui-

1968 5561 2175 5612 tentiam
2228 5563 2278 5614 iu
2323 5565 2537 5616 saltuum
2581 5567 2807 5619 stabilem
2852 5578 3093 5635 operatur
3127 5570 3420 5638 (‘2.Cor.7.
3460 5573 3575 5643 10).

2032 5696 2046 5722 ι
2084 5701 2188 5740 sav.
2220 5707 2231 5740 :
2260 5701 2359 5743 Hoc
2376 5702 2445 5743 est
2466 5697 2589 5746 enim
2630 5697 2859 5757 nma‘inw,
2886 5700 2973 5749 hoc
3014 5708 3082 5749 est
3106 5702 3236 5761 quod
3260 5711 3305 5753 et
3330 5716 3414 5752 nos
3438 5704 3565 5771 luge-

1965 5770 2085 5805 ηιιιδ.
