4196 6316
607 352 669 404 τε,
1328 339 1386 395 s.
1428 333 1705 411 JOANNIS
1733 329 2205 390 CHRYSOSTOMJ
2246 328 2563 384 ARCHIEP.
2601 329 3139 385 consumma.
3817 332 3884 386 το

613 467 773 538 igitur
812 472 1089 532 postquam
1127 455 1409 511 manifeste
1438 452 1605 506 oratio
1646 447 2066 511 demonstravit,
2098 461 2197 501 ne-

610 572 716 627 que
742 552 1085 625 pecuniarum
1108 548 1382 612 mulctam,
1403 557 1575 612 neque
1602 539 1999 601 contumeliam,
2028 550 2199 604 neque

608 645 965 707 calumniam,
999 654 1170 709 neque
1223 634 1449 705 ﬂagella,
1487 646 1657 700 neque
1706 630 1973 696 morbum,
2030 641 2199 691 neque

613 750 859 802 mortem,
897 750 1067 805 neque
1096 731 1237 787 aliud
1281 724 1580 797 huiusmodi
1628 722 1886 779 resarcire
1933 720 2199 775 tristitiam

611 846 795 904 posse,
824 828 918 884 sed
958 826 1129 882 solum
1167 822 1351 877 delere
1397 826 1696 887 peccatum.
1736 825 1789 904 et
1842 812 1907 867 ad
1961 809 2073 904 hoc
2109 807 2202 861 de-

609 900 926 978 struendum
966 917 1143 971 valere
1178 920 1191 966 ἑ
1225 918 1432 966 certum
1481 916 1565 971 est
1610 903 1752 975 quod
1798 911 2015 972 prOpter
2061 900 2200 952 hanc

606 1017 780 1070 solam
809 1026 1025 1068 (:ausam
1047 1007 1182 1062 facta
1207 1005 1293 1059 sit.
1320 1002 1397 1057 Ne
1424 999 1650 1070 amplius
1672 998 1833 1068 igitur
1855 992 2199 1065 pecuniarum

602 1106 868 1174 iacturam
898 1099 1192 1161 doleamus“,
1223 1093 1318 1149 sed
1355 1106 1478 1147 cum
1526 1103 1809 1159 peccamus
1852 1096 2055 1140 tantum
2102 1082 2198 1135 do-

614 1198 858 1257 leamus;
889 1191 1053 1247 multa
1079 1188 1222 1243 enim
1254 1185 1342 1240 hic
1366 1199 1432 1238 ex
1465 1182 1679 1236 tristitia
1712 1178 1929 1233 utilitas.
1979 1176 2203 1229 Muletu-

614 1298 700 1341 tus
724 1286 826 1341 es?
850 1299 919 1340 ne
944 1282 1164 1344 doleas;
1198 1291 1369 1347 neque
1411 1274 1551 1327 enim
1606 1269 1865 1341 proderit.
1904 1268 2150 1321 Peccarti
2178 1269 2202 1321 ’l

612 1378 758 1443 dole,
791 1377 920 1431 utile
947 1387 1177 1442 namque
1198 1379 1313 1432 est;
1346 1376 1400 1422 et
1433 1366 1523 1419 Dei
1548 1359 1889 1434 prudentiam
1914 1368 1963 1414 et
1984 1361 2200 1427 sapien-

616 1470 743 1522 tiam
774 1465 1073 1521 considera.
1101 1462 1213 1515 Duo
1255 1460 1367 1512 haec
1411 1456 1568 1510 nobis
1626 1452 1831 1523 peperit
1878 1458 2155 1518 peccatum
2183 1491 2198 1515 ,

619 1558 889 1612 tristitiam
918 1565 972 1609 et
1001 1563 1227 1607 mortem
1260 1568 1272 1603 :
1308 1548 1634 1614 Quacumque
1671 1544 1802 1597 enim
1831 1542 1913 1593 die
1952 1540 2200 1605 comedes,

616 1649 810 1715 inquit,
844 1654 1004 1699 marte
1045 1640 1274 1695 morieris
1293 1634 1516 1708 (Gen.‘2.
1545 1636 1631 1699 l7)
1659 1651 1671 1695 ;
1700 1641 1754 1685 et
1783 1632 1848 1684 ad
1888 1630 2199 1692 mulierem,

616 1739 682 1792 lu
710 1736 968 1790 doloribus
996 1734 1159 1800 paries
1182 1731 1313 1798 filios
1347 1726 1566 1801 (Gen.5.
1590 1725 1696 1791 16);
1726 1732 1781 1776 et
1808 1738 1902 1790 per
1926 1722 2037 1774 haec
2060 1728 2204 1773 utra-

614 1846 718 1899 que
742 1837 1016 1898 pcccatum
1048 1823 1285 1886 sustulit,
1320 1828 1373 1873 et
1406 1835 1435 1870 a
1480 1817 1601 1870 filiis
1646 1823 1872 1869 matrem
1918 1812 2086 1866 deleri
2111 1828 2203 1865 cu~

616 1922 771 1975 ravit.
796 1918 949 1986 Quod
978 1916 1122 1971 enim
1171 1928 1291 1967 cum
1340 1909 1550 1963 tristitia
1607 1923 1749 1960 mors
1788 1914 2061 1974 peccatum
2112 1902 2205 1955 de-

617 2023 807 2074 struat,
838 2010 1174 2065 manifestum
1196 2002 1409 2073 quidem
1441 2010 1495 2053 et
1539 2016 1602 2051 ex
1651 1996 2007 2066 martyribus:
2032 1995 2203 2047 mani-

618 2106 809 2160 lestum
840 2103 967 2158 item
993 2116 1059 2155 ex
1101 2100 1195 2160 iis,
1227 2112 1347 2164 quze
1372 2094 1503 2148 dixit
1527 2092 1721 2145 Paulus
1758 2089 1823 2142 ad
1856 2096 2164 2155 peccatores
2187 2128 2200 2149 ,

620 2198 698 2249 sic
724 2195 970 2264 inquiens
1002 2208 1015 2244 :
1048 2188 1173 2242 Ideo
1202 2187 1345 2239 multi
1380 2186 1432 2236 in
1461 2182 1595 2235 t'obis
1625 2180 1813 2248 inﬁniti
1835 2188 1881 2231 et
1907 2178 2202 2240 imbecilles,

617 2298 664 2340 et
704 2285 957 2339 dormiunt
984 2281 1127 2334 multi
1155 2280 1232 2346 (l.
1262 2275 1381 2329 Cor.
1416 2275 1473 2326 ll
1529 2271 1619 2340 30)
1643 2314 1655 2335 ,
1679 2270 1798 2338 quia
1832 2284 1925 2321 vos
1956 2268 2205 2337 peccatis,

620 2371 1122 2446 inquit,morimiui,
1154 2378 1209 2422 ut
1238 2378 1410 2421 morte
1443 2374 1653 2432 peccata
1686 2362 1981 2414 solvantur.
2029 2358 2212 2412 Intulit

626 2469 785 2536 igitur
839 2465 1059 2527 dicens,
1094 2459 1155 2513 Si
1207 2458 1340 2511 enim
1391 2471 1482 2507 nos
1530 2455 1668 2520 ipsos
1706 2452 2075 2522 judicaremus,
2109 2465 2209 2501 non

618 2560 785 2625 utique
798 2555 1154 2626 judicaremur
1182 2567 1197 2602 :
1224 2549 1344 2601 duin
1374 2546 1672 2616 judicamnr
1699 2555 1865 2595 autent
1891 2560 1920 2594 a
1952 2542 2172 2594 Domino
2191 2584 2205 2607 ,

619 2648 943 2711 corripimur,
974 2652 1029 2695 ut
1067 2657 1168 2694 non
1193 2655 1311 2691 cum
1358 2635 1546 2689 mundo
1593 2630 2013 2700 damnemurUb.
2041 2649 2085 2684 v.
2115 2632 2205 2684 5i.

622 2740 736 2808 δὲ).
770 2736 839 2791 Et
868 2736 1005 2789 sicut
1031 2731 1227 2785 vermis
1252 2746 1317 2782 ex
1352 2729 1491 2797 ligno
1523 2727 1778 2787 nascitur,
1801 2733 1853 2777 et
1882 2722 2006 2775 illud
2038 2722 2206 2788 rodit"

623 2838 677 2884 et
707 2808 845 2881 tinea
876 2825 1053 2879 lanam
1080 2820 1332 2884 comedit,
1355 2833 1503 2871 suam
1550 2817 1617 2868 ab
1667 2817 1776 2883 ipsa
1814 2813 2074 2881 originem
2121 2811 2212 2863 ha-

624 2920 756 2974 beus
786 2934 797 2968 :
826 2916 904 2968 sic
931 2923 986 2968 et
1027 2910 1237 2965 tristitia
1267 2919 1318 2963 et
1341 2922 1486 2961 mors
1506 2907 1573 2960 de
1599 2915 1813 2973 peccato
1844 2913 1979 2957 natm
1997 2912 2138 2966 sunt,
2161 2913 2217 2955 et

628 3018 901 3079 peccatum
927 3006 1235 3061 absumunt.
1264 3000 1427 3070 Igitur
1448 3015 1514 3053 ne
1540 2999 1820 3051 timeamus
1851 3005 2097 3059 mortem,
2117 2996 2211 3047 sed

625 3110 898 3171 peccatum
930 3098 1211 3151 timeamus
1236 3093 1531 3157 dumtaxat,
1561 3098 1615 3144 et
1639 3098 1857 3159 prepter
1889 3087 2015 3141 illud
2032 3087 2215 3145 dolea-

626 3210 764 3249 mus.
794 3192 865 3247 Et
895 3193 1008 3245 inec
1034 3189 1154 3243 dico
1188 3201 1294 3240 non
1340 3199 1501 3255 grave
1528 3182 1813 3251 quidquam
1858 3188 2177 3248 exspectans
2197 3218 2210 3242 ,

629 3288 788 3352 absit,
816 3284 911 3341 sed
949 3286 1195 3337 timentes
1226 3293 1322 3335 vos
1366 3278 1443 3330 sic
1486 3289 1696 3344 semper
1725 3272 1861 3327 allici
1894 3272 2117 3336 volens,
2163 3280 2216 3324 et

627 3376 825 3430 (lhristi
856 3374 1027 3442 legem
1059 3387 1151 3440 per
1188 3383 1350 3437 opera
1383 3365 1606 3435 implere
1639 3383 1651 3418 :
1686 3362 1745 3417 Si
1789 3362 1901 3430 quis
1938 3363 2070 3414 enim
2115 3376 2215 3413 non

639 3470 769 3524 tollit
797 3484 995 3521 crucem
1026 3481 1190 3531 suam,
1222 3471 1265 3515 et
1289 3462 1508 3531 sequitur
1537 3476 1635 3523 me,
1665 3475 1763 3511 non
1793 3467 1862 3511 est
1889 3474 1967 3511 me
1991 3456 2173 3524 dignus
2196 3495 2211 3519 ,

627 3561 801 3631 inquit
842 3558 1051 3631 (Matth.
1081 3556 1166 3610 10.
1213 3554 1327 3617 58).
1358 3552 1469 3606 Hoc
1517 3561 1691 3603 autem
1733 3549 1973 3610 dicebat,
2004 3562 2107 3599 non
2159 3556 2218 3600 ut

633 3656 835 3724 lignum
881 3652 1120 3705 humeris
1170 3648 1437 3707 feramus,
1484 3644 1577 3699 sed
1626 3654 1685 3697 ut
1732 3652 1954 3694 mortem
2006 3655 2217 3707 semper

630 3754 753 3800 ante
774 3743 957 3798 oculos
988 3740 1296 3800 habeamus,
1316 3738 1450 3791 sicut
1477 3744 1530 3788 et
1551 3733 1745 3788 Paulus
1767 3732 2003 3801 quotidie
2026 3733 2219 3784 morie-

634 3841 785 3891 batur
815 3834 890 3907 (l.
915 3833 1032 3887 Cor.
1068 3833 1153 3885 15.
1187 3830 1303 3899 5i),
1353 3836 1405 3882 et
1454 3836 1677 3879 mortem
1724 3824 2039 3888 deridebat,
2070 3838 2210 3891 pra:-

634 3936 948 3995 sentemque
975 3924 1135 3978 vitam
1166 3919 1569 3974 contemnebat.
1602 3915 1674 3968 Es
1706 3916 1849 3967 enim
1875 3913 2048 3976 miles,
2081 3927 2221 3965 sem-

636 4032 731 4087 per
761 4017 814 4070 in
846 4015 960 4069 acie
980 4013 1338 4071 constitutus;
1372 4008 1525 4062 miles
1560 4020 1690 4059 vero
1728 4014 1956 4057 mortem
1988 4005 2181 4056 timens
2203 4043 2216 4065 ,

636 4121 923 4175 numquam
946 4115 1161 4159 strenue
1192 4117 1247 4156 se
1268 4108 1419 4170 geret
1450 4117 1459 4151 :
1485 4098 1567 4151 sic
1590 4096 1750 4164 igitur
1777 4109 1951 4162 neque
1969 4092 2223 4146 Christia—

638 4216 737 4255 nus
768 4199 927 4251 homo
957 4194 1189 4265 pericula
1218 4193 1434 4252 timens,
1471 4202 1718 4255 magnum
1758 4185 1883 4253 quid
1908 4193 1961 4237 et
1990 4183 2220 4237 admira-

641 4292 744 4345 bile
774 4286 1063 4351 exhibebit,
1095 4285 1204 4337 imo
1237 4281 1393 4335 facile
1424 4277 1792 4346 expugnabilis
1828 4276 1969 4338 erit;
2005 4272 2223 4340 intrepi-

636 4383 737 4435 dus
767 4388 948 4435 contra
992 4386 1046 4431 et
1076 4373 1478 4442 magnanimus,
1510 4370 1898 4437 inexpugnatus
1944 4371 2123 4419 manet
2172 4374 2223 4416 et

637 4473 881 4529 invictus.
908 4468 1050 4522 Sicut
1083 4466 1241 4534 igitur
1267 4463 1410 4532 pueri
1442 4471 1568 4524 tres,
1601 4460 1772 4527 ignem
1801 4474 1905 4510 non
1938 4457 2183 4510 timentes
2205 4497 2217 4520 ,

642 4566 815 4633 ignem
839 4560 1136 4629 effugerunt
1169 4574 1181 4609 :
1217 4556 1295 4610 sic
1332 4563 1384 4609 et
1411 4568 1529 4616 nos,
1560 4552 1602 4604 si
1637 4558 1861 4603 mortem
1892 4562 1999 4603 non
2041 4549 2225 4600 timea-

643 4670 781 4717 mus,
807 4661 1032 4707 morlem
1064 4649 1393 4718 effugiemus.
1427 4645 1601 4713 Ignem
1635 4655 1761 4694 vero
1790 4639 2004 4692 minime
2030 4638 2225 4691 timue-

645 4757 802 4810 runt;
834 4760 938 4797 non
979 4742 1121 4796 enim
1171 4750 1254 4793 est
1302 4737 1506 4791 crimen
1543 4732 1788 4795 incendi;
1828 4731 1919 4784 sed
1956 4740 2225 4797 peccatum

647 4843 937 4894 timuerunt
970 4853 981 4887 :
1015 4834 1216 4888 crimen
1248 4830 1388 4882 enim
1431 4833 1511 4880 est
1552 4825 1879 4891 impietatem
1919 4820 2089 4888 sequi.
2121 4819 2227 4873 llos

649 4938 701 4984 et
725 4942 822 4983 nos
853 4928 1140 4986 imitemur,
1171 4930 1225 4975 et
1250 4932 1437 4973 omnes
1478 4916 1582 4969 illis
1622 4914 1826 4967 similes
1854 4929 1868 4964 :
1900 4921 1953 4965 et
1991 4928 2057 4965 ne
2091 4912 2227 4980 peri-

647 5020 765 5075 cula
789 5020 1088 5079 timeamus,
1116 5023 1170 5068 et
1194 5011 1505 5079 eliugiemus
1529 5006 1780 5075 pericula.

722 5112 774 5165 5.
819 5106 940 5161 Non
989 5122 1100 5158 sum
1144 5102 1375 5171 equidem
1419 5097 1661 5167 propheta
1687 5136 1699 5158 ,
1729 5110 1885 5162 neque
1928 5093 2067 5159 ﬁlius
2112 5108 2228 5159 pro-

651 5203 811 5271 pheta:
835 5200 1009 5270 (Amos
1060 5196 1110 5261 7..
1147 5192 1269 5261 ll);
1301 5190 1530 5243 futurum
1571 5199 1747 5240 tamen
1774 5182 2052 5239 manifeste
2080 5184 2190 5236 scio
2212 5225 2225 5248 ,

647 5303 700 5345 et
733 5303 922 5359 magna
951 5297 1003 5341 et
1036 5286 1177 5339 clara
1210 5297 1338 5336 voce
1376 5281 1664 5348 proclamo,
1696 5275 1836 5346 quod
1867 5277 1906 5327 si
1941 5286 2225 5335 mutentur,

648 5392 701 5437 et
752 5382 980 5449 aliquam
1030 5378 1219 5429 anima:
1280 5381 1475 5427 ιιοδιηε
1528 5385 1709 5423 curam
1767 5376 2103 5435 aganms,et
2164 5364 2233 5418 ab

654 5474 992 5546 improbitate
1037 5470 1356 5524 absistamus
1382 5508 1395 5530 ,
1429 5464 1560 5518 nihil
1613 5462 1890 5517 molestum
1938 5460 2142 5529 ingruet
2182 5467 2236 5512 et

656 5568 813 5621 triste
844 5584 858 5618 :
884 5572 1039 5632 atque
1061 5562 1163 5614 hoc
1191 5556 1473 5613 manifeste
1499 5555 1619 5608 novi
1646 5569 1712 5606 ex
1742 5552 1832 5605 Dei
1861 5550 2163 5612 clementia,
2186 5558 2241 5603 et

660 5673 723 5710 ex
752 5656 835 5709 bis
863 5668 983 5723 quae
1010 5653 1063 5705 in
1095 5652 1254 5711 viros,
1289 5659 1338 5701 et
1361 5646 1625 5709 civitates,
1657 5652 1709 5696 et
1743 5649 1959 5711 gentes,
1991 5649 2043 5695 et
2070 5654 2237 5708 popu-

660 5749 741 5809 los
763 5748 991 5808 integros
1014 5742 1159 5798 fecit.
1180 5739 1387 5794 Etenim
1410 5736 1762 5792 Ninivitarum
1787 5733 1990 5787 civitati
2011 5733 2238 5787 minatus

1569 5978 1631 6030 ξ

2306 457 2388 500 est
2415 447 2430 477 ³
2458 487 2473 511 ,
2501 455 2555 500 et
2578 445 2710 500 dixit
2744 465 2756 500 :
2790 447 2966 499 Adhuc
2995 458 3093 499 tres
3120 446 3246 510 dies,
3285 455 3333 498 ct
3372 444 3557 499 Ninive
3585 445 3895 499 submisit"

2305 536 2451 602 (Jan.
2480 538 2535 592 5.
2560 538 2643 608 4).
2670 538 2807 603 Quid
2853 539 3038 606 igitur,
3067 538 3153 590 dic
3199 536 3365 591 mibi?
3396 536 3581 591 Ninive
3636 535 3895 591 subversa

2302 638 2412 690 est,
2442 638 2496 682 et
2522 630 2650 683 urbs
2676 630 2944 684 destructa
2986 629 3123 683 fuit?
3148 628 3345 682 Contra
3406 642 3624 698 prorsus
3666 627 3897 683 accidit.

2304 729 2358 772 et
2398 721 2652 786 surrexit,
2684 732 2737 775 et
2783 720 2978 773 clarior
3016 719 3152 773 facta
3205 729 3306 782 est,
3338 730 3391 773 et
3443 729 3645 772 tantum
3689 729 3901 788 tempus

2305 810 2633 878 praeteritum
2679 810 2843 879 ipsius
2869 811 3093 880 gloriam
3116 826 3219 863 nou
3246 810 3548 874 destruxit,
3580 810 3673 864 sed
3708 824 3901 864 omnes

2307 915 2425 954 eam
2451 902 2784 955 celebramus
2810 902 2985 956 adhuc
3013 916 3245 971 quoque,
3278 912 3333 955 et
3360 917 3499 954 nunc
3527 901 3859 955 admiramur
3882 918 3899 955 :

2307 984 2556 1062 quoniam
2615 1002 2798 1063 portus
2844 994 3060 1062 quidam
3108 995 3346 1063 optimus
3391 1007 3457 1047 ex
3510 993 3601 1047 illo
3657 1003 3902 1060 tempore

2308 1085 2650 1153 peccantibus
2678 1085 2927 1141 omnibus
2966 1087 3191 1152 exstitit,
3222 1088 3273 1140 in
3317 1087 3745 1153 desperationem
3802 1100 3899 1140 ca-

2309 1175 2437 1230 dere
2484 1192 2591 1230 non
2642 1178 2985 1245 permittens,
3036 1180 3131 1231 sed
3176 1179 3481 1232 omnesad
3529 1178 3900 1247 paenitentiam

2310 1282 2540 1333 vocans,
2585 1280 2650 1326 et
2682 1285 2780 1339 per
2824 1284 2883 1324 ea
2925 1286 3043 1339 quae
3075 1272 3219 1336 fecit,
3249 1281 3303 1323 et
3347 1285 3441 1338 per
3480 1287 3600 1340 qua:
3635 1270 3727 1325 Dei
3779 1286 3905 1340 pro-

2309 1361 2594 1416 videntiam
2649 1373 2729 1415 est
2765 1372 3080 1431 asscquuta,
3128 1364 3452 1431 persuadens
3496 1378 3783 1430 numquam
3832 1361 3903 1416 de

2312 1456 2519 1522 propria
2543 1454 2714 1508 salute
2738 1454 3045 1523 desperare,
3074 1456 3166 1508 sed
3195 1460 3355 1508 vitam
3392 1463 3640 1523 gerentes
3669 1457 3861 1509 bonam
3883 1494 3901 1517 ,

2310 1555 2367 1599 et
2391 1546 2645 1613 Optimam
2690 1560 2838 1614 spem
2872 1556 3251 1615 proponentes,
3276 1549 3343 1601 de
3374 1547 3477 1601 line
3506 1557 3776 1617 tamquam
3809 1563 3905 1617 pe-

2311 1638 2452 1689 nitus
2477 1637 2616 1689 bono
2646 1635 2822 1692 futuro
2850 1637 3141 1692 conﬁdere.
3170 1638 3300 1704 Quis
3336 1638 3479 1691 enim
3505 1653 3609 1691 non
3637 1640 3904 1692 excitetur

2312 1728 2522 1782 illorum
2550 1730 2854 1798 exemplum
2878 1729 3119 1793 audiens,
3154 1731 3275 1783 licet
3302 1731 3538 1782 onmimu
3575 1731 3643 1783 sit
3666 1730 3903 1799 ignavis-

2310 1822 2520 1873 simus?
2550 1820 2723 1889 Elegit
2755 1822 2930 1889 itaque
2974 1822 3117 1875 Deus
3155 1821 3489 1890 prOpIietiam
3531 1825 3710 1891 potius
3748 1837 3903 1875 suam

2314 1910 2516 1963 irritam
2554 1911 2767 1978 cadere,
2790 1927 2950 1980 quam
3000 1913 3267 1966 civitatem
3314 1927 3567 1967 corruere
3598 1931 3611 1967 :
3640 1912 3746 1965 imo
3770 1928 3907 1967 vero

2314 2015 2485 2069 neque
2510 2002 2784 2070 prophetia
2810 2002 3019 2056 cecidit.
3049 2003 3104 2056 Si
3126 2004 3269 2056 enim
3301 2004 3604 2057 hominibus
3632 2004 3682 2057 in
3713 2004 3903 2058 eadem

2315 2091 2515 2145 malitia
2545 2094 2982 2160 permanentibus
3005 2109 3112 2146 non
3141 2095 3194 2147 in
3223 2109 3357 2164 opus
3399 2094 3662 2149 sententia
3687 2109 3907 2163 proces-

2316 2182 2493 2247 sisset,
2530 2197 2711 2255 posset
2755 2187 2877 2255 quis
2912 2187 3048 2241 forte
3085 2186 3225 2243 dicta
3263 2188 3533 2241 criminari
3565 2205 3577 2240 :
3609 2187 3749 2257 quod
3777 2202 3909 2242 vero

2315 2282 2529 2335 mutatis
2556 2282 2705 2349 ipsis,
2738 2291 2792 2333 et
2832 2297 2863 2333 a
2902 2281 3101 2335 malitia
3148 2281 3560 2348 assistentibus,
3583 2282 3742 2336 etiam
3767 2282 3909 2336 Deus

2313 2373 2382 2426 ab
2420 2374 2494 2426 ira
2538 2372 2819 2436 destiterit,
2856 2373 2977 2442 quis
3020 2372 3251 2441 amplius
3296 2372 3629 2441 prophetiam
3679 2387 3909 2441 carpere

2316 2464 2528 2531 poterit,
2554 2470 2607 2515 et
2627 2461 2762 2515 dicta
2789 2462 3052 2515 mendacii
3070 2462 3465 2516 condemnare?
3484 2462 3692 2517 Etenim
3708 2463 3905 2532 legem,

2312 2568 2470 2622 quam
2490 2556 2556 2605 ab
2576 2554 2729 2606 initio
2757 2552 2895 2607 Deus
2922 2554 3131 2608 cunctis
3152 2552 3460 2607 hominibus
3481 2554 3653 2623 posuit
3675 2569 3770 2622 per
3786 2570 3911 2622 pro-

2319 2645 2530 2713 phetam
2557 2645 2800 2713 loquens,
2836 2645 2971 2698 hanc
2991 2654 3044 2697 et
3073 2652 3197 2699 tunc
3222 2645 3578 2699 conservavit.
3608 2645 3775 2712 Quam
3805 2661 3909 2701 au-

2318 2743 2421 2787 tem
2447 2733 2656 2802 legem?
2684 2734 2764 2785 Ad
2783 2750 3033 2787 summam
3072 2734 3281 2802 loquar,
3314 2734 3504 2804 inquit,
3530 2735 3598 2787 ad
3635 2744 3834 2804 gentem
3862 2747 3912 2789 et

2315 2818 2547 2896 regnum,
2578 2836 2632 2878 ut
2660 2825 2931 2891 eradicent,
2965 2836 3009 2878 et
3049 2822 3343 2891 sur/fodiam,
3366 2835 3413 2901 et
3440 2826 3650 2896 perdam
3674 2842 3693 2881 :
3717 2837 3766 2881 et
3790 2829 3910 2893 erit,

2316 2920 2361 2970 si
2401 2920 2744 2987 paenitentiam
2793 2919 2983 2987 egerint
3030 2919 3371 2982 malitiw,me
3412 2934 3609 2988 quoque
3651 2918 3913 2987 paenitebit

2317 3011 2427 3071 ira,
2462 3026 2615 3077 quam
2655 3010 2890 3077 loquutus
2932 3012 3127 3079 fueram
3156 3012 3325 3080 facere
3353 3008 3459 3062 illis
3484 3008 3697 3079 (Jerem.
3735 3010 3821 3064 18.
3855 3011 3911 3064 7.

2319 3105 2395 3172 8).
2422 3102 2569 3156 Hanc
2598 3102 2756 3171 igitur
2787 3103 2954 3170 legem
2986 3101 3293 3156 custodiens
3316 3103 3635 3169 pmoitentes
3661 3102 3913 3169 salvavit,

2318 3206 2372 3249 et
2396 3211 2426 3248 a
2455 3195 2581 3247 vitio
2611 3192 2954 3248 discedentes
2979 3193 3048 3245 ab
3074 3194 3149 3247 ira
3179 3193 3445 3247 liberavit.
3464 3193 3696 3248 Noverat
3721 3195 3921 3252 barbas

2322 3301 2500 3338 rorum
2534 3286 2783 3339 virtutem
2805 3326 2820 3350 ,
2852 3293 2908 3338 et
2934 3283 3055 3338 ideo
3085 3285 3401 3354 prophetam
3450 3285 3673 3354 urgebat
3705 3302 3717 3338 :
3751 3287 3830 3340 sic
3858 3297 3918 3342 et

2323 3386 2447 3431 tunc
2474 3377 2772 3446 agitabatur
2794 3378 2977 3430 civitas
3007 3377 3185 3430 audita
3213 3391 3345 3432 voce
3374 3377 3703 3446 prophetica,
3733 3376 3827 3432 sed
3862 3380 3916 3432 in

2325 3470 2472 3523 nullo
2503 3470 2625 3527 laesa
2655 3478 2757 3531 est,
2787 3469 2913 3538 quin
2941 3484 2970 3522 a
3001 3470 3192 3522 timore
3214 3470 3413 3535 adiuta.
3447 3470 3629 3523 Timor
3656 3472 3794 3523 enim
3825 3472 3921 3527 ille

2323 3562 2547 3613 salutem
2572 3561 2798 3629 peperit,
2830 3560 3176 3613 comminatio
3214 3560 3450 3627 periculo
3497 3561 3767 3627 liberavit,
3796 3563 3920 3615 sub-

2323 3653 2581 3705 versionis
2626 3652 2887 3705 sententia
2927 3652 3327 3705 subversionem
3367 3650 3623 3705 cohibuit.
3649 3652 3695 3706 0
3722 3667 3919 3707 novam

2327 3760 2437 3796 rem
2484 3755 2536 3797 et
2568 3743 2974 3797 admirabilem!
3015 3743 3351 3799 denuntiatio
3392 3756 3619 3798 mortem
3700 3743 3924 3796 minans

2328 3837 2485 3886 vitam
2538 3834 2760 3902 peperit.
2824 3834 3101 3888 Sententia
3148 3845 3429 3904 postquam
3477 3837 3581 3889 lata
3632 3838 3760 3902 fuit,
3791 3847 3925 3893 tunc

2329 3924 2554 3976 invalida
2591 3922 2729 3976 facta
2758 3934 2860 3988 est,
2894 3933 3077 3977 contra
3108 3938 3267 3993 quam
3298 3923 3441 3992 apud
3468 3926 3753 3980 szeculares
3772 3926 3924 3995 judi—

2328 4032 2417 4071 ces
2449 4036 2461 4071 :
2490 4020 2627 4087 apud
2658 4018 2753 4072 hos
2779 4020 2920 4072 enim
2949 4018 2999 4071 in
3025 4019 3258 4074 medium
3290 4020 3491 4088 prolata
3512 4062 3525 4083 ,
3563 4030 3676 4074 rata
3713 4020 3771 4073 [it
3796 4038 3925 4075 sen-

2331 4112 2528 4169 tentia;
2558 4112 2697 4180 apud
2740 4112 2905 4165 Deum
2930 4123 3137 4175 contra,
3170 4113 3391 4181 proferri
3436 4114 3755 4167 sententiam
3799 4128 3923 4167 eam

2332 4201 2613 4256 invalidam
2656 4204 2815 4256 facit:
2846 4204 2946 4256 Illal
2975 4204 3114 4256 enim
3163 4204 3368 4272 prolata
3416 4203 3636 4263 fuisset.
3667 4218 3773 4257 non
3815 4205 3927 4259 uti-

2331 4306 2434 4359 que
2488 4302 2795 4359 peccatores
2848 4293 3151 4358 audissent;
3184 4294 3229 4347 si
3284 4307 3412 4347 vero
3459 4309 3564 4347 non
3607 4294 3926 4362 audisst-nt,

2331 4400 2505 4453 neque
2552 4387 2781 4454 egissent
2830 4387 3218 4451 pceuiteutiam,
3266 4401 3441 4455 neque
3482 4402 3693 4455 paenam
3760 4404 3928 4457 repu-

2334 4481 2538 4543 lissent,
2571 4495 2667 4533 nec
2719 4478 2938 4533 fuissent
2990 4479 3075 4531 illa
3111 4480 3340 4532 mirabili
3367 4481 3539 4537 salute
3578 4484 3749 4551 potiti.
3782 4484 3931 4548 Quu-

2334 4579 2494 4631 modo
2543 4578 2685 4631 enim
2726 4591 2843 4628 non
2903 4576 3197 4638 mirabilis,
3230 4592 3350 4631 cum
3393 4577 3556 4646 judex
3602 4578 3929 4631 sententiam

2336 4670 2547 4732 tulerit,
2588 4669 2660 4722 rei
2702 4682 2828 4719 vero
2861 4683 2954 4736 per
2999 4670 3364 4735 paenitentiam
3406 4669 3725 4722 sententiam
3752 4684 3934 4725 solve-

2337 4760 2483 4813 rint?
2515 4774 2617 4813 non
2674 4759 2814 4811 enim
2872 4760 3059 4812 urbem
3117 4758 3387 4828 fugerunt,
3422 4765 3563 4813 sicut
3619 4776 3716 4813 nos
3763 4777 3933 4826 nunc,

2336 4852 2430 4905 sed
2482 4859 2792 4915 manentes,
2824 4851 2990 4917 ipsam
3033 4859 3309 4905 nutantem
3339 4850 3640 4904 firmarunt.
3680 4850 3939 4919 Laqueus

2337 4956 2484 5012 erat,
2549 4956 2602 5001 et
2670 4948 2940 5000 munimen
3026 4945 3196 5014 ipsam
3270 4946 3615 5019 reddiderunt
3673 4966 3685 5001 :
3736 4961 3938 5015 vorago

2337 5051 2453 5092 erat
2481 5048 2535 5093 et
2564 5039 2939 5106 praecipitium,
2972 5046 3025 5091 et
3071 5039 3248 5092 tutela:
3298 5040 3486 5093 turrim
3535 5038 3796 5095 fecerunt.
3823 5042 3943 5093 Au-

2341 5136 2555 5189 dierunt
2584 5135 2722 5203 quod
2749 5133 2967 5187 aedilicia
2998 5143 3250 5187 corruent
3270 5175 3282 5194 .
3317 5148 3489 5201 neque
3518 5134 3764 5204 fugerunt
3802 5133 3940 5186 aedi-

2342 5227 2482 5290 ficia,
2507 5226 2599 5281 sed
2630 5237 2843 5295 peccata
2865 5226 3153 5294 fugerunt:
3188 5241 3291 5279 non
3316 5225 3680 5279 discesserunt
3708 5224 3943 5294 quisque

2342 5322 2409 5378 de
2429 5322 2589 5376 domo
2618 5338 2732 5382 sua,
2765 5324 2900 5375 sicut
2924 5336 3065 5375 nunc
3104 5335 3221 5385 nos,
3255 5319 3348 5374 sed
3378 5319 3625 5373 discessit
3652 5320 3877 5389 quisque
3910 5336 3942 5372 a

2347 5416 2432 5469 via
2461 5430 2555 5469 sua
2584 5414 2742 5467 mala.
2786 5411 2922 5466 Num
2958 5412 3122 5477 enim,
3160 5412 3363 5481 inquit,
3401 5411 3536 5464 muri
3582 5410 3713 5463 iram
3771 5424 3945 5478 pepo-

2409 5556 2425 5585 ι
2463 5558 2568 5603 Sav.
2590 5556 2642 5600 et
2663 5548 2857 5611 quidam
2880 5554 2987 5611 uss.
3015 5560 3028 5597 :
3062 5548 3234 5599 Urbem
3256 5544 3463 5611 minatus
3494 5548 3565 5593 est
3593 5541 3865 5611 subvertere
3895 5553 3946 5597 et

2346 5613 2474 5664 dixit
2505 5607 2714 5663 :Adhui:
2753 5618 2851 5676 tres
2892 5610 3012 5676 dies.
3058 5607 3361 5676 Sic_setnpei‘
3404 5607 3582 5676 lectum
3615 5614 3699 5676 _est
3734 5607 3783 5654 in
3826 5611 3941 5658 LX\‘

2347 5676 2702 5735 tnterpretibus
2726 5671 2803 5723 vel
2824 5686 2849 5721 a
2872 5674 3039 5735 primis
3060 5668 3285 5719 ticclesiaé
3308 5668 3516 5725 suculis,
3536 5668 3673 5729 ἐρεῖς,
3697 5679 3800 5727 pro,
3820 5681 3941 5718 τεσ-

2346 5756 2613 5802 σαρακονπα
