4196 6316
3782 99 4101 179 ’τ

624 352 696 407 73
1406 355 1461 407 S.
1500 352 1788 410 .IOANNIS
1826 354 2320 413 CIIBYSOSTOMI
2355 356 2677 414 ARCHIEP.
2720 356 3277 418 CONSTANTINOP.
4008 362 4083 418 7S

624 465 964 535 ἐναλλαγαῖς,
1012 464 1149 522 ἀλλὰ
1170 466 1387 539 τρόπων
1433 466 1702 541 μεταϐολῇ
1744 467 1844 543 τήν
1877 471 2152 543 σωτηρίαν
2176 471 2293 525 ἐπί-

621 569 875 608 στευσαν.

692 636 959 703 ς’.Ταῦτα
973 640 1023 693 οἰ
1040 638 1324 711 βάρϐαροι,
1342 640 1436 693 καὶ
1462 640 1562 694 οὐκ
1585 634 1949 712 αἰσχυνόμεθα
1974 642 2095 697 οὐδέ
2124 644 2287 712 ἐγκα-

607 722 951 797 λυπτόμεθα,
991 726 1214 780 ἐκείνων
1264 726 1497 796 τρόπους
1542 728 1975 799 μεταϐαλόντων,
2006 732 2170 802 ἡμεῖς
2201 733 2287 785 τό-

617 830 753 877 πους
780 812 1119 882 ἀμείϐοντες,
1134 814 1228 867 1:01
1255 812 1561 884 μεθυόντων
1586 815 1890 887 ἀνθρώπων
1908 816 2051 889 ἔργα
2076 817 2291 872 ποιοῦν-

617 917 729 963 τες,
760 898 857 953 1:01
896 897 997 962 :0;
1039 899 1226 963 οὐσίας
1259 894 1792 967 ύπεκτιθέντες;’⁴0
1833 902 2111 975 Δεσπότης
2160 906 2291 975 ήμῖν

614 987 917 1058 ὀργίζεται,
946 988 1042 1041 1:01
1072 988 1234 1059 ήμεῖς
1264 989 1494 1059 ἀφέντες
1540 989 1838 1044 καταλῦσαι
1872 992 1970 1062 τὴν
1998 991 2192 1063 ὀργὴν,
2222 992 2292 1046 τά

612 1077 715 1148 τῆς
735 1075 914 1139 οίκίας
930 1087 958 1117 ι
983 1078 1415 1148 περιστρέφομεν
1439 1079 1528 1130 1:01
1557 1078 1980 1149 περιερχόμεθα,
2000 1077 2293 1149 ζητοῦντες

614 1163 720 1219 ποῦ
749 1160 1118 1235 καταθώμεθα
1137 1162 1234 1234 τὴν
1253 1164 1461 1225 οὐσίαν,
1489 1163 1608 1217 δέον
1634 1166 1818 1235 ζητεῖν
1856 1165 1959 1219 ποῦ
1984 1166 2082 1238 τὴν
2113 1165 2291 1237 ψυχήν

613 1240 1162 1325 παρακαταθιῦμεθα·
1198 1248 1397 1318 μᾶλλον
1422 1247 1479 1302 δὲ
1500 1249 1621 1303 οὐδὲ
1644 1250 1751 1323 χρὴ
1785 1249 1989 1320 ζητεῖν,
2020 1251 2138 1305 ἀλλ’
2157 1252 2288 1323 ἀρε-

612 1338 677 1407 τῇ
703 1336 800 1390 καὶ
831 1335 1082 1406 ὀρθότητι
1113 1334 1228 1405 βίου
1257 1336 1356 1407 τὴν
1396 1336 1701 1406 ἀσφάλειαν
1739 1337 1908 1407 αὐτῆς
1939 1337 2286 1410 ἐγχειρίζειν.

613 1422 751 1477 Οὐδέ
781 1422 891 1494 709
912 1423 960 1474 εἰ
992 1423 1129 1492 πρὸς
1156 1421 1376 1493 οἰκέτην
1403 1423 1770 1494 ὀργιζομένων
1798 1424 1893 1478 1:01
1919 1425 2291 1494 ἀγανακτούν-

612 1527 721 1563 των
774 1508 951 1579 ήμῶν,
997 1507 1059 1561 :0
1107 1508 1245 1579 1:90;
1278 1509 1389 1580 τὴν
1447 1510 1615 1581 ὀργὴν
1648 1510 2092 1580 ἀπολογήσασθαι
2133 1512 2290 1582 ἀφεὶς

612 1599 817 1659 ἐκεῖνος
846 1598 926 1658 εἰς
951 1594 1039 1649 :0v
1064 1596 1304 1649 οἰκίσκον
1342 1595 1432 1648 τὸν
1458 1597 1654 1651 ἐαυτοῦ
1683 1597 1981 1664 κατελθὼν,
2007 1600 2076 1653 :0
2099 1599 2291 1671 ἰμάτια

613 1686 708 1739 1:01
738 1684 805 1745 :0
837 1682 1039 1736 ἔπιπλα
1074 1682 1252 1735 πάντα
1293 1682 1615 1751 συναγαγὼν
1678 1685 1774 1738 1:01
1803 1686 2142 1758 καταδήσας,
2163 1686 2291 1754 περὶ

613 1771 790 1841 φυγῆς
819 1766 1155 1830 ἐϐουλεύετο,
1192 1766 1383 1838 πράως
1425 1769 1491 1821 ἂν
1508 1766 1826 1840 ἠνέγκαμεν
1879 1771 1976 1842 τήν
2018 1771 2293 1842 καταφρό-

610 1876 767 1930 νησιν
797 1855 1019 1927 ταύτην.
1060 1852 1407 1925 Παυσώμεθα
1453 1855 1633 1908 τοίνυν
1674 1856 1774 1927 τῆς
1825 1858 2055 1928 ἀκαίρου
2085 1857 2291 1930 ταύτης

614 1945 870 2016 σπουδῆς.
903 1943 999 1997 1:01
1028 1940 1272 2012 εἴπωμεν
1304 1939 1534 2007 1ἕκαστος
1564 1944 1702 2014 πρὸς
1720 1944 1812 1997 τὸν
1841 1944 2002 1999 Θεόν·
2033 1945 2156 2001 Ποῦ
2182 1963 2290 2000 πο-

603 2031 797 2103 ρευθῶ
820 2030 940 2086 ἀπὸ
969 2028 1078 2083 τοῦ
1106 2028 1448 2097 πνεύματός
1475 2043 1594 2083 σου
1613 2069 1628 2092 ,
1670 2031 1767 2084 καί
1818 2030 1939 2085 ἀπὸ
1968 2032 2075 2087 τοῦ
2105 2048 2293 2102 προσ-

605 2119 774 2173 ώπου
804 2135 921 2172 σου
946 2116 1065 2171 ποῦ
1088 2116 1291 2186 φύγοη
1314 2114 1702 2187 Μιμησώμεθα
1732 2118 1832 2189 τὴν
1863 2117 1971 2171 τῶν
2000 2118 2291 2192 βαρϐάρων

610 2203 959 2273 φιλοσοφίαν·
1002 2202 1200 2255 ἐκεῖνοι
1246 2201 1333 2253 ἐπ’
1366 2200 1582 2272 ἀδήλοις
1631 2202 1999 2273 μετενόησαν·
2060 2205 2121 2257 οὐ
2181 2207 2291 2276 709

608 2289 753 2364 εἶχεν
786 2290 1105 2362 ήάπόφασις
1130 2287 1309 2350 τοῦτο,
1326 2290 1408 2342 ὅτι
1447 2288 1572 2341 Ἐἀν
1598 2289 1983 2362 ἐπιστρέψητε,
2010 2292 2103 2345 1:01
2132 2309 2292 2362 μετα-

610 2384 858 2453 νοήσητε,
904 2380 1086 2449 στήσω
1148 2378 1247 2448 τὴν
1296 2377 1471 2442 πόλιν,
1526 2377 1641 2432 ἀλλ’
1693 2377 1919 2441 ἁπλῶς·
1972 2380 2101 2433 Ἔτι
2136 2380 2292 2448 τρεῖς

609 2469 841 2537 ⁴ἡμέραι,
872 2466 970 2520 καί
999 2465 1205 2519 Νινευῒ
1225 2464 1809 2533 καταστραφήσεται.
1837 2465 1902 2517 Τί
1931 2461 2023 2519 οὖν
2057 2469 2287 2533 ἐκεῖνοι;

615 2558 708 2620 Τίς
756 2550 918 2607 οἶδεν
949 2554 999 2605 εἰ
1036 2549 1396 2619 μετανοήσει
1426 2554 1460 2605 d
1504 2551 1650 2619 Θεὸς
1669 2551 1788 2607 ἀπὸ
1821 2551 1932 2619 τῆς
1974 2555 2191 2620 κακίας
2215 2550 2291 2624 ἧς

610 2642 875 2708 ἐλάλησε
903 2636 1153 2706 ποιῆσαι
1174 2636 1351 2706 ήμῖν;
1386 2636 1482 2701 Τίς
1511 2633 1687 2703 οἰδενς
1723 2639 1837 2693 Οὐκ
1868 2638 2014 2693 ίσασι
2046 2640 2107 2694 :0
2136 2641 2290 2707 τέλος

610 2728 701 2782 τοῦ
730 2727 1075 2799 πράγματος,
1117 2726 1211 2779 καὶ
1255 2725 1356 2777 οὐκ
1400 2724 1663 2795 ἀμελοῦσι
1689 2726 1790 2795 τῆς
1834 2728 2152 2797 μετανοίας·
2190 2731 2289 2782 οὐκ

610 2815 926 2869 ἐπίστανται
952 2814 1058 2883 τῆς
1090 2808 1185 2864 τοῦ
1218 2809 1353 2863 Θεοῦ
1393 2811 1803 2882 φιλανθρωπίας
1828 2813 1919 2867 τὸν
1940 2814 2163 2884 τρόπον.
2194 2817 2288 2868 καὶ

610 2906 693 2956 ἐπ’
721 2901 936 2973 ἀδήλοις
969 2892 1421 2971 μεταϐάλλονται·
1453 2898 1575 2951 οὐδὲ
1601 2897 1709 2970 γὰρ
1740 2895 1886 2969 εἰχον
1909 2901 2045 2972 πρὸς
2070 2902 2290 2974 ἐτέρους

608 2990 897 3050 Νινευῖτας
934 2987 1061 3040 ἰδεῖν
1096 2986 1534 3056 μετανοήσαντας
1570 2985 1663 3038 1:01
1695 2985 1989 3050 σωθέντας,
2021 2989 2141 3041 οὐδὲ
2190 2990 2285 3043 ἀν-

608 3078 850 3144 έγνωσαν
873 3075 1177 3144 προφήτας,
1203 3071 1323 3124 οὐδὲ
1346 3072 1586 3143 ἥκουσαν
1615 3072 1969 3144 πατριαρχῶν
1988 3113 2003 3138 ,
2034 3075 2134 3129 οὐκ
2176 3078 2284 3129 ἀπ-

606 3164 846 3232 ήλαυσαν
875 3158 1203 3230 συμϐουλῆς,
1231 3160 1291 3211 οὐ
1315 3160 1977 3231 μετέσχονςῖαραινέσεως,
2008 3162 2127 3215 οὐδὲ
2147 3158 2286 3234 ἦσαν

605 3248 930 3309 πεπεικότες
973 3246 1219 3308 ἐαυτούς,
1259 3246 1343 3299 ὅτι
1368 3245 1587 3310 πάντως
1625 3246 2001 3313 ἐξιλεώσονται
2026 3250 2117 3302 τὸν
2152 3250 2285 3305 Θεὸν

605 3340 673 3408 τῇ
700 3334 985 3406 μετανοίᾳ·
1016 3332 1137 3401 ούδέ
1195 3332 1305 3403 γὰρ
1340 3325 1453 3402 εἶχε
1481 3332 1639 3386 τοῦτο
1667 3335 1700 3404 ή
1734 3334 1932 3405 ἀπειλή
1999 3336 2113 3389 ἀλλ’
2140 3338 2287 3407 ἀμφ-

606 3423 828 3477 έϐαλλον
858 3423 953 3475 1:01
1004 3419 1385 3490 ἡμφισϐήτουν
1420 3421 1548 3492 περὶ
1582 3420 1793 3486 τούτου,
1828 3422 1921 3474 1:01
1959 3423 2108 3493 ὅμως
2156 3442 2285 3495 μετ-

606 3512 832 3580 ενόησαν
854 3508 968 3579 μετ’
981 3505 1266 3578 ἀκριϐείας
1289 3505 1525 3577 ἁπάσης.
1551 3506 1648 3571 Τίς
1666 3504 1761 3561 οὖν
1784 3508 1932 3562 ἐσται
1952 3508 2107 3579 λόγος
2131 3514 2283 3582 ήμῖν,

605 3602 731 3653 ὅταν
757 3600 806 3651 οἰ
835 3598 931 3667 μὲν
948 3598 1076 3668 περὶ
1090 3594 1186 3649 τοῦ
1220 3596 1409 3659 τέλους
1438 3596 1661 3669 θαρρεῖν
1687 3597 1788 3651 οὐκ
1818 3597 2054 3668 ἔχοντες,
2087 3602 2283 3654 τοσαύο

604 3703 705 3755 την
738 3681 1213 3751 ἐπιδεδειγμένοιδ
1245 3683 1539 3750 φαίνωνται
1564 3682 1661 3755 τήν
1698 3684 2022 3756 μεταϐολήν,
2064 3690 2127 3740 σύ
2163 3688 2220 3741 δὲ
2257 3692 2285 3743 0

607 3774 831 3845 θαρρεῖν
852 3770 991 3841 ἔχων
1014 3770 1142 3841 περὶ
1170 3768 1266 3839 τῆς
1289 3770 1699 3841 φιλανθρωπίας
1712 3770 1812 3825 τοῦ
1833 3772 1968 3825 Θεοῦ
1992 3776 2085 3827 1:01
2116 3776 2286 3831 πολλὰ

605 3858 864 3922 πολλάκις
891 3858 1120 3928 ἐνέχυρα
1138 3856 1319 3911 λαϐὼν
1341 3858 1507 3911 αὐτοῦ
1529 3860 1626 3929 τῆς
1648 3860 2001 3930 κηδεμονίας,
2031 3864 2123 3915 1:01
2154 3881 2286 3934 1:90-

606 3951 790 4021 φητῶν
821 3949 917 4003 1:01
938 3948 1253 4001 ἀποστόλων
1274 3949 1533 4011 ἀκούσας,
1553 3949 1646 4001 1:01
1672 3948 1737 4001 0:’
1767 3950 1946 4003 αὐτῶν
1976 3950 2287 4016 παιδευθεὶς

606 4039 713 4093 τῶν
744 4039 1107 4109 πραγμάτων,
1138 4035 1273 4106 μηδὲ
1304 4036 1439 4106 πρὸς
1458 4036 1520 4088 τὸ
1550 4036 1681 4087 αὐτὸ
1711 4036 1813 4105 τῆς
1830 4038 2029 4107 ἀρετῆς
2057 4038 2286 4101 ἐκείνοις

611 4124 804 4194 μέτρον
826 4123 1026 4191 φθάσαι
1040 4133 1063 4160 ο
1083 4120 1465 4192 φιλονεικήσῃς
1485 4138 1499 4185 ;
1528 4121 1755 4191 Μεγάλη
1778 4121 1876 4193 μὲν
1898 4118 1989 4175 οὖν
2010 4123 2103 4176 1:01
2124 4126 2156 4194 ή
2175 4123 2285 4178 τῶν

606 4210 703 4265 ἀνθ
712 4209 907 4281 ρώπων
925 4208 1129 4261 τούτων
1146 4208 1337 4280 ἀρετὴ,
1358 4208 1537 4278 πολλῷ
1554 4208 1608 4260 δὲ
1630 4208 1831 4278 μείζων
1850 4210 1882 4279 ή
1898 4209 1991 4261 τοῦ
2007 4210 2141 4264 Θεοῦ
2165 4210 2284 4279 φιλ-

606 4297 908 4369 ανθρωπία,
938 4296 1033 4348 1:01
1059 4294 1261 4364 ταύτην
1276 4296 1369 4348 ἀπ’
1387 4295 1550 4347 αὐτοῦ
1574 4295 1667 4348 τοῦ
1701 4296 1964 4365 μεγέθους
2003 4300 2101 4366 τῆς
2119 4300 2279 4351 ἀπει-

605 4383 702 4454 λῆς
722 4384 869 4437 ἐστιν
904 4384 1051 4436 ἰδεῖν.
1070 4383 1169 4436 Διά
1204 4382 1316 4455 [69]
1349 4383 1459 4455 γὰρ
1477 4382 1635 4437 τοῦτο
1656 4384 1715 4437 οὐ
1735 4384 2042 4455 προσέθηκε
2060 4388 2125 4455 τῇ
2148 4388 2279 4438 ἁπο-

605 4470 1023 4538 φάσει,ὅτι⁹Εάν
1054 4470 1109 4521 δὲ
1136 4471 1525 4539 μετανοήσητε.
1562 4468 1839 4538 φείσομαι,
1868 4469 1955 4522 ῖνα
1983 4470 2280 4542 ἀδιόριστον

605 4557 856 4627 ἐμϐαλὼν
878 4557 1190 4628 τὴνψῆφον,
1209 4556 1415 4627 αὐξήσῃ
1440 4556 1531 4609 τὸν
1553 4556 1737 4625 φόϐον,
1764 4556 1857 4609 1:01
1880 4557 1970 4609 τὸν
1999 4558 2160 4625 φόϐον
2182 4561 2278 4612 αύ-

606 4648 668 4718 ξή
678 4645 1092 4717 σας,ταχύτερον
1108 4644 1240 4714 πρὸς
1257 4645 1352 4714 τὴν
1376 4643 1661 4714 μετάνοιαν
1686 4644 1992 4715 συνωθήσῃ.
2009 4647 2158 4698 K010
2184 4648 2278 4714 μὲν

605 4736 889 4806 προφήτης
906 4732 1241 4801 αἰσχύνεται,
1275 4730 1336 4783 :0
1360 4729 1548 4799 μέλλον
1573 4729 1856 4803 προειδὼς,
1892 4731 1987 4783 καὶ
2022 4732 2279 4802 στοχαζό-

610 4836 766 4890 μενος
802 4820 876 4883 ὼς
926 4818 1188 4872 ἀτέλεστα
1227 4818 1379 4887 μενεῖ
1417 4816 1485 4869 :0
1534 4816 1833 4887 εἰρημένα·
1868 4820 1896 4870 0
1928 4817 1986 4870 δὲ
2015 4817 2148 4880 Θεὸς
2178 4819 2277 4871 οὐκ

605 4905 943 4976 αἰσχύνεται,
972 4905 1084 4957 ἀλλ’
1112 4904 1170 4957 ἓν
1194 4904 1354 4973 μόνον
1375 4904 1546 4974 ζητεῖ,
1575 4904 1675 4973 τὴν
1704 4903 1811 4957 τῶν
1830 4903 2135 4975 ἀνθρώπων
2170 4923 2276 4958 σω⁶

603 4992 822 5063 τηρίαν,
856 4994 952 5044 καὶ
981 4992 1073 5044 τὸν
1112 4991 1330 5061 οἰκέτην
1360 4990 1454 5043 τὸν
1486 4989 1680 5043 ἐαυτοῦ
1719 4990 2042 5060 διορθοῦται.
2098 4992 2277 5045 Ἐπει-

606 5080 671 5152 δὴ
701 5080 810 5151 709
837 5080 918 5141 εἰς
950 5077 1009 5131 :0
1035 5078 1213 5131 πλοῖον
1242 5077 1489 5150 εἰσῆλθεν
1510 5080 1743 5143 ἐκεῖνος,
1771 5078 2043 5150 διήγειρεν
2073 5080 2275 5145 εὐθέως

604 5169 702 5238 τὴν
729 5166 1030 5229 θάλατταν,
1066 5164 1152 5217 ἵνα
1185 5166 1380 5237 μάθῃς,
1424 5168 1506 5219 0::
1536 5167 1669 5219 ὅπου
1706 5166 1969 5236 ἁμαρτία,
2002 5169 2119 5221 ἐκεῖ
2160 5186 2274 5239 χει-

610 5253 742 5323 μὼν,
786 5253 916 5305 ὄπου
948 5251 1220 5321 παρακοὴ,
1243 5253 1357 5305 ἐκεῖ
1382 5252 1699 5305 κλυδώνιον·
1734 5254 1826 5305 καὶ
1859 5253 2143 5307 ἐσαλεύετο
2175 5255 2274 5325 μὲν
2320 5262 2321 5265 “

605 5342 638 5409 ή
672 5339 823 5401 πόλις
854 5338 942 5391 0:0
977 5338 1046 5391 τὰ
1073 5339 1444 5409 ἁμαρτήματα
1476 5340 1580 5391 τών
1619 5339 1933 5401 Νινευῖτῶν,
1988 5341 2276 5395 ἐσαλεύετο

605 5426 660 5479 δὲ
684 5425 749 5479 τὸ
771 5425 951 5478 πλοῖον
972 5425 1062 5478 0:0
1088 5426 1184 5495 τὴν
1217 5428 1500 5495 παρακοήν
1530 5425 1624 5477 τοῦ
1654 5427 1961 5495 προφήτου.
2042 5427 2271 5482 Ἐκεῖνοι

609 5514 706 5581 μὲν
736 5509 827 5566 οὗν
863 5512 953 5566 τὸν
990 5514 1172 5566 Ὶωνᾶν
1204 5515 1281 5575 εἰς
1326 5512 1386 5565 τὸ
1428 5510 1660 5578 πέλαγος
1710 5511 1967 5581 ἔρριψαν,
2001 5515 2094 5566 καὶ
2142 5514 2271 5585 ἔστη

604 5604 665 5655 :0
687 5602 899 5655 πλοῖον·
919 5606 1079 5673 ἡμεῖς
1106 5602 1161 5654 δὲ
1192 5603 1289 5671 τὴν
1326 5602 1598 5672 ἁμαρτίαν
1630 5600 2135 5673 καταποντίσώμεν,
2180 5606 2273 5656 καὶ

664 5727 692 5753 ⁸
716 5727 861 5771 ςυγιι.
889 5732 939 5772 el
966 5725 1158 5783 plurimi
1187 5736 1300 5769 mss.
1322 5724 1384 5770 τὰ
1408 5724 1481 5769 ἐπὶ
1503 5728 1586 5779 τῆς
1609 5721 1776 5775 οἰκίας.

664 5786 690 5825 b
718 5787 867 5833 ειη-ιι.
894 5794 945 5833 ει
964 5781 1373 5832 Oxnnc-sfcremss.
1402 5784 1783 5844 ἐπιδεδειγμένοι.
1813 5781 1981 5829 Morel.
2010 5783 2271 5833 ἐπιδεικνύ-

605 5866 750 5910 με·ιοι.

670 5914 689 5937 ο
716 5909 795 5953 Sir
821 5907 971 5955 ςςμίι.
1002 5914 1051 5954 el
1086 5920 1197 5953 nm.
1228 5906 1439 5967 plurimi.
1467 5905 1635 5954 Morel.
1666 5917 1781 5953 vero
1808 5904 1881 5968 9J1
1897 5920 1975 5968 ρον
2003 5906 2163 5953 ἐλθεῖν.
2193 5908 2268 5956 In-

610 5979 674 6020 ιω
700 5970 890 6030 qundam
917 5984 1013 6016 mss
1062 5969 1271 6015 inci/0n
1298 5971 1379 6024 τήν
1404 5972 1573 6030 {ﬁgm-

2404 472 2659 542 στήσεται
2686 473 2903 537 πάντως
2930 474 3158 546 ήπόλις.
3185 475 3348 529 ’Ὥστε
3375 474 3476 546 τῆς
3503 477 3682 547 φυγῆς
3701 476 3854 530 οὐδὲν
3887 476 4084 546 ὄφελος

2400 560 2535 628 ήμῖν
2554 574 2567 588 ο
2592 560 2711 613 οὐδὲ
2742 561 2852 633 γὰρ
2883 562 3091 614 ἐκεῖνον
3124 562 3408 635 ὠφέλησεν
3472 563 3506 633 ή
3542 564 3687 635 φυγή
3708 583 3723 596 ·
3769 565 4085 618 τούναντίον

2403 645 2505 715 μὲν
2535 642 2629 700 οὖν
2660 649 2755 702 καὶ
2779 648 3138 718 κατέϐλαψεν.
3183 650 3391 719 Ἔφυγε
3416 650 3548 720 γοῦν
3576 650 3677 725 τήν
3714 652 3839 723 γῆν,
3865 653 3958 706 1:01
3978 653 4085 706 οὐκ

2392 730 2562 800 ἔφυγε
2589 730 2687 804 τήν
2711 732 2880 805 ὀργήν
2913 733 3008 788 τοῦ
3042 735 3209 789 Θεοῦ·
3241 734 3410 805 ἐφυγε
3446 737 3547 809 τὴν
3569 737 3698 807 γῆν,
3726 739 3820 792 καὶ
3854 738 3949 792 τὸν
3970 756 4086 810 χει-

2395 819 2551 891 μῶνα
2581 822 2880 892 εἰσήγαγεν
2908 825 2989 887 εἰς
3017 824 3118 896 τὴν
3143 824 3422 880 θάλασσαν
3440 840 3455 856 ·
3493 827 3589 879 1:01
3617 827 3680 880 οὐ
3715 828 3876 898 μόνον
3916 830 4084 893 αὐτὸς

2391 907 2545 961 οὐδέν
2568 906 2824 962 ἀπώνατο
2857 908 2958 979 τῆς
2986 906 3169 980 φυγῆς
3197 910 3425 980 ἀγαθὸν,
3462 912 3601 966 ἀλλά
3632 914 3727 966 1:01
3764 914 3891 979 τοὺς
3941 915 4083 969 ὐπο-

2392 994 2721 1066 δεξαμένους
2765 995 2931 1050 αὐτδν
2957 999 3037 1062 εἰς
3072 998 3299 1068 ἔσχατον
3331 998 3553 1053 ἐνέϐαλε
3579 1000 3853 1061 κίνδυνον·Δ
3870 1005 3965 1056 καὶ
3991 1004 4079 1057 ὅτε

2396 1087 2493 1156 μὲν
2534 1087 2627 1140 ἐπὶ
2662 1086 2755 1141 τοῦ
2795 1085 2983 1140 πλοίου
3026 1086 3342 1158 καθήμενος
3372 1086 3561 1151 ἐπλει,
3606 1088 3702 1143 1:01
3746 1090 3941 1145 ναῦται
3985 1094 4082 1146 1:01

2393 1172 2721 1247 κυϐερνῆται
2744 1174 3025 1247 παρῆσαν,
3048 1176 3144 1229 καὶ
3169 1175 3358 1229 ἁπασα
3383 1178 3483 1247 τῆς
3506 1176 3635 1248 νηὸς
3690 1179 3723 1247 ή
3764 1181 4081 1253 κατασκευὴ

2393 1261 2523 1333 περί
2552 1261 2661 1316 τῶν
2684 1263 2932 1332 ἐσχάτων
2959 1260 3334 1317 ἐκινδύνευσεν
3355 1279 3370 1294 ·
3406 1264 3596 1335 ἐπειδὴ
3628 1264 3686 1319 δέ
3714 1267 3795 1329 είς
3818 1266 3879 1319 :0
3913 1267 4085 1321 πέλα-

2392 1365 2488 1417 γος
2512 1348 2984 1415 καταποντισθεὶς,
3010 1350 3103 1403 1:01
3133 1350 3233 1420 τὴν
3259 1351 3538 1422 ἁμαρτίαν
3564 1349 3654 1406 διὰ
3681 1352 3783 1424 τῆς
3806 1354 4084 1427 τιμωρίας

2392 1434 2759 1506 ἀποθέμενος.
2789 1438 2870 1498 εἰς
2899 1435 2961 1488 :0
2986 1436 3386 1508 ἀτερμάτιστον
3408 1437 3718 1509 κατηνέχθη
3752 1438 4085 1513 πλοῖον,τὴν

2391 1522 2637 1594 γαστέρα
2661 1523 2804 1595 φημὶ
2830 1523 2924 1577 τοῦ
2952 1524 3174 1596 κήτους,
3198 1524 3402 1596 πολλῆς
3426 1526 3711 1597 ἀπήλαυσε
3733 1530 3834 1598 τῆς
3853 1528 4043 1593 ἀδείας
4063 1546 4080 1561 ·

2394 1610 2480 1664 ἵνα
2514 1608 2711 1682 μάθῃς.
2737 1610 2819 1665 ὅτι
2845 1609 3035 1683 ὥσπερ
3061 1612 3155 1665 τὸν
3176 1614 3235 1665 ἐν
3268 1613 3513 1685 ἁμαρτίᾳ
3534 1612 3714 1677 ζῶντα
3739 1615 3863 1669 οὐδὲ
3890 1615 4084 1670 πλοῖον

2390 1696 2625 1766 ὠφελεῖ,
2676 1697 2819 1753 οὕτω
2866 1699 2958 1753 τὸν
3001 1700 3102 1770 τὴν
3134 1701 3408 1773 ἁμαρτίαν
3454 1700 3795 1773 ἀποθέμενον
3823 1703 3944 1758 οὐδὲ
3979 1704 4081 1765 θά-

2391 1783 2562 1838 λαττα
2604 1782 2921 1851 ἀπόλλυσιν,
2975 1786 3097 1839 οὐδὲ
3147 1786 3311 1859 θηρία
3350 1787 3673 1861 διαφθείρει.
3714 1789 3918 1844 Ἔλαϐε
3942 1791 4083 1861 γοῦν

2392 1871 2552 1924 αὐτὸν
2584 1872 2653 1925 τὰ
2684 1871 2925 1943 κύματα,
2958 1874 3053 1927 1:01
3090 1874 3191 1927 οὐκ
3227 1872 3552 1941 ἀπέπνιξεν·
3600 1875 3760 1929 ἔλαϐε
3796 1877 3857 1931 :0
3888 1879 4078 1949 κῆτος,

2395 1956 2487 2009 καὶ
2512 1957 2610 2011 οὐκ
2635 1958 2864 2012 ἀνεῖλεν·
2882 1959 3017 2013 ἀλλά
3040 1961 3133 2013 1:01
3155 1960 3218 2013 τὸ
3238 1960 3398 2026 ζῶον,
3426 1962 3521 2015 1:01
3544 1962 3607 2016 :0
3638 1967 3903 2034 στοιχεῖον
3929 1965 4081 2021 σώαν

2392 2041 2470 2112 τῷ
2487 2042 2606 2114 Θεῷ
2625 2044 2723 2115 τὴν
2758 2047 3229 2119 παρακαταθήκην
3262 2048 3536 2114 ἀπέδωκε,
3576 2050 3671 2103 1:01
3700 2050 3791 2103 0:0
3852 2052 4082 2107 πάντων

2392 2131 2663 2201 ἐμάνθανε
2682 2133 3065 2207 φιλάνθρωπος
3085 2138 3179 2189 1:01
3199 2137 3409 2208 ἥμερος
3437 2130 3577 2191 εἴναι
3598 2140 3628 2191 0
3652 2140 3958 2209 προφήτης,
3983 2142 4082 2194 1:01

2395 2220 2535 2289 μήτε
2578 2220 2787 2274 ναυτῶν
2820 2222 3102 2293 ἀνοήτων,
3141 2224 3277 2294 μήτε
3335 2223 3597 2295 κυμάτων
3643 2225 3886 2295 ἀγρίων,
3934 2229 4081 2300 μήτε

2392 2305 2596 2377 θηρίων
2622 2308 2901 2379 ὠμότερος
2953 2305 3112 2363 εἶναι.
3137 2311 3248 2364 K01
3270 2310 3381 2380 709
3407 2312 3455 2364 οἱ
3483 2310 3676 2365 ναῦται
3700 2314 3801 2366 οὐκ
3829 2316 3895 2368 ἐκ
3927 2316 4083 2387 πρώ-

2389 2410 2489 2463 της
2516 2395 2737 2459 εὐθέως,
2780 2395 2919 2449 ἀλλὰ
2969 2397 3107 2468 μετὰ
3134 2396 3335 2469 πολλὴν
3361 2398 3523 2452 αὐτὸν
3554 2400 3801 2471 ἀνάγκην
3830 2402 4082 2473 προύδω-

2391 2497 2515 2546 καν,
2551 2483 2699 2553 καὶὴ
2742 2484 2980 2538 θάλαττα
3013 2484 3070 2538 δέ
3102 2486 3199 2539 1:01
3236 2484 3297 2537 :0
3326 2486 3515 2557 θηρίον
3558 2488 3697 2557 μετὰ
3748 2489 3953 2560 πολλῆς
3974 2491 4079 2561 τῆς

2391 2571 2604 2633 εὐνοίας
2629 2570 2926 2639 ἐφύλαξαν,
2973 2571 3068 2625 τοῦ
3102 2571 3239 2625 Θεοῦ
3282 2573 3462 2627 πάντα
3492 2574 3666 2627 ταῦτα
3720 2576 4079 2647 οἰκονομοῦν-

2390 2674 2500 2720 τος.
2548 2659 2849 2729 Ἐπανῆλθε
2887 2659 3087 2723 τοίνυν,
3138 2659 3424 2733 ἐκήρυξεν,
3469 2661 3787 2733 ἠπείλησεν,
3830 2664 4078 2726 imm-2v,

2391 2742 2615 2806 ἔσωσεν,
2638 2744 2894 2815 ἐφόϐησε,
2927 2745 3259 2817 διώρθωσεν,
3291 2747 3521 2817 ἔστησεν
3548 2748 3608 2812 ἐξ
3636 2748 3755 2811 ἐνδς
3789 2750 3884 2801 καὶ
3922 2752 4080 2819 πρώ-

2388 2848 2484 2883 του
2523 2831 2897 2901 κηρύγματος.
2937 2832 3012 2885 Οὐ
3046 2832 3155 2903 γάρ
3188 2833 3379 2903 ἐδεήθη
3432 2834 3640 2887 πολλῶν
3690 2836 3913 2906 ήμερῶν
3953 2838 4079 2892 οὐδὲ

2391 2917 2648 2988 συνεχοῦς
2682 2918 3012 2990 συμϐουλῆς,
3031 2919 3167 2973 ἀλλά
3197 2919 3262 2973 :0
3281 2919 3411 2989 ψιλὰ
3444 2922 3626 2973 ἐκεῖνα
3657 2919 3828 2974 εἰπὼν
3850 2924 4077 2994 ῥήματα

2390 3005 2597 3067 πάντας
2631 3006 2711 3067 εἰς
2742 3006 3027 3076 μετάνοιαν
3055 3006 3251 3076 ήγαγε.
3289 3007 3391 3060 Δια
3435 3006 3593 3059 τοῦτο
3624 3007 3789 3060 αὐτὸν
3837 3010 3939 3061 οὐκ
3980 3012 4075 3063 εὐ-

2390 3090 2527 3155 θέως
2559 3092 2623 3145 ἐκ
2648 3091 2741 3145 τοῦ
2767 3091 2952 3145 πλοίου
2972 3094 3052 3156 εἰς
3074 3094 3174 3163 τὴν
3208 3092 3362 3145 πόλιν
3386 3092 3829 3165 ἐχειραγώγησεν
3853 3096 3880 3147 0
3914 3095 4075 3160 Θεὸς,

2387 3176 2523 3238 ἁλλὰ
2555 3184 2876 3254 παρέδωκαν
2912 3184 2962 3234 οί
2996 3182 3186 3235 ναῦται
3224 3185 3289 3252 τῇ
3331 3182 3591 3253 θαλάττῃ.
3616 3184 3650 3252 ἡ
3706 3182 3949 3238 θάλαττα
3996 3188 4079 3256 τῷ

2388 3272 2564 3340 κήτει,
2591 3270 2651 3323 :0
2672 3270 2834 3340 κῆτος
2862 3268 2939 3339 τῷ
2966 3266 3107 3339 Θεῷ,
3134 3270 3163 3321 0
3185 3268 3318 3332 Θεὸς
3343 3271 3457 3332 τοῖς
3486 3269 3820 3333 Νινευῖταις,
3856 3272 3953 3323 καὶ
3982 3271 4078 3327 διὰ

2392 3358 2609 3426 μακρᾶς
2629 3356 2725 3425 τῆς
2747 3354 2997 3425 περιόδου
3024 3354 3051 3393 δ
3081 3355 3171 3407 τὸν
3195 3355 3408 3424 φυγάδα
3428 3356 3794 3425 ἐπανήγαγεν,
3822 3358 3911 3410 ῖνα
3935 3358 4076 3411 πάν-

2388 3459 2486 3504 τας
2529 3442 2815 3511 παιδεύσῃ,
2864 3443 2946 3493 ὅτι
2988 3440 3124 3495 Θεοῦ
3171 3444 3357 3511 χεῖρας
3396 3446 3585 3511 φυγεῖν
3626 3446 3932 3515 ἀμήχανον,
3983 3449 4077 3500 0::

2387 3530 2631 3599 ὅπουπερ
2663 3528 2727 3581 ἄν
2756 3546 2839 3591 τις
2880 3528 3166 3597 ἀφίκηται,
3198 3529 3296 3598 τὴν
3346 3530 3618 3601 ἁμαρτίαν
3647 3534 4073 3601 ἐπισυρόμενος,

2392 3615 2560 3686 μυρία
2592 3616 2959 3685 ὑποστήσεται
2984 3616 3053 3669 τὰ
3086 3615 3256 3678 δεινὰ,
3289 3615 3393 3669 κᾶν
3412 3616 3523 3669 τῶν
3552 3616 3855 3687 ἀνθρώπων
3876 3620 4076 3688 μηδεὶς

2386 3705 2558 3773 παρῇ,
2584 3701 2719 3772 αὐτὴ
2742 3701 3074 3770 πανταχόθεν
3096 3704 3129 3773 ή
3160 3701 3335 3765 κτίσις
3348 3703 3731 3773 ἀντιστήσεται
3766 3704 3903 3773 μετά
3932 3706 4074 3757 1:01-

2387 3789 2482 3859 λῆς
2504 3789 2651 3860 αὐτῴ
2673 3789 2773 3858 τῆς
2799 3788 3180 3861 σφοδρότητος.
3210 3787 3300 3859 Μὴ
3326 3789 3503 3843 τοίνυν
3530 3792 3597 3859 τῇ
3632 3794 3777 3862 φυγῇ
3827 3792 3929 3861 τὴν
3957 3810 4075 3847 σω-

2386 3879 2581 3947 τηρίαν
2607 3877 2765 3948 ήμῶν
2791 3876 3205 3947 ἐγχειρίσωμεν,
3230 3875 3365 3929 ἀλλὰ
3384 3878 3450 3946 τῇ
3473 3876 3568 3929 τοῦ
3597 3879 3803 3948 τρόπου
3829 3880 4072 3949 μεταϐο-

2386 3965 2471 4034 λῇ.
2494 3962 2606 4037 [70]
2633 3965 2723 4035 Μὴ
2739 3965 2866 4034 γὰρ,
2889 3963 3072 4032 ἐπειδὴ
3093 3963 3273 4033 μένεις
3291 3964 3348 4015 ἐν
3371 3965 3436 4033 τῇ
3454 3963 3632 4026 πόλει,
3658 3964 3745 4017 διά
3759 3965 3913 4041 τοῦτο
3924 3984 4075 4039 παρ-

2388 4048 2632 4114 οξύνεται
2658 4044 2688 4093 ὁ
2717 4049 2870 4111 Θεὸς,
2904 4050 2991 4101 ἵνα
3022 4047 3200 4119 φύγῃς
3224 4047 3473 4117 ςἙπειδὴ
3495 4050 3764 4121 ἥμαρτες,
3788 4051 3875 4105 0:0
3904 4053 4075 4107 τοῦτο

2388 4139 2703 4205 ἀγανακτεῖ.
2729 4136 2937 4189 Οὐκοῦν
2962 4136 3058 4205 τὴν
3088 4134 3361 4205 ἁμαρτίαν
3395 4135 3620 4197 ἀπόθου,
3648 4140 3744 4191 1:01
3770 4138 3893 4192 ὅθεν
3917 4142 3951 4209 ή
3977 4143 4071 4194 αἰ-

2383 4225 2474 4278 τία
2492 4224 2570 4295 τῷ
2589 4223 2883 4294 τραύματι,
2913 4222 3120 4276 ἐκεῖθεν
3145 4222 3459 4276 ἀνάστειλον
3500 4222 3595 4276 τοῦ
3625 4225 3798 4277 κακοῦ
3822 4227 3923 4297 τὴν
3956 4248 4073 4300 πη-

2383 4317 2508 4383 τήν·
2531 4313 2597 4365 τὰ
2619 4312 2726 4382 γὰρ
2747 4311 2964 4363 ἐναντία
2978 4313 3090 4373 τοῖς
3112 4310 3375 4373 ἐναντίοις
3395 4309 3720 4381 θεραπεύειν
3738 4314 3831 4366 καὶ
3860 4315 4069 4387 ἰατρῶν

2384 4400 2572 4462 παῖδες
2598 4399 2925 4451 κελεύουσιν.
2971 4396 3059 4461 Ἐξ
3092 4395 3399 4466 ἀδηφαγίας
3429 4392 3521 4450 οὖν
3557 4397 3747 4469 ἐτέχθη
3789 4403 4066 4474 πυρετόςς

2380 4493 2565 4562 ἀσιτίᾳ
2594 4488 2939 4560 μεθοδεύουσι
2966 4486 3025 4539 τὸ
3058 4488 3288 4557 νόσημα.
3347 4485 3437 4551 Ἐξ
3465 4487 3700 4558 ἀθυμίας
3735 4490 4069 4563 ὴρῤὡστησέ

2380 4597 2489 4640 ::;;
2518 4577 2779 4647 εὐθυμίαν
2821 4576 2995 4645 τούτῳ
3017 4576 3309 4645 φάρμακον
3357 4574 3660 4645 ἐπιτήδειον
3707 4574 3843 4630 εἷναί
3869 4596 4063 4646 φασιν.

2383 4666 2538 4718 Οὐτω
2574 4669 2668 4718 καὶ
2699 4665 2791 4717 ἐπὶ
2838 4663 2947 4716 τῶν
2982 4661 3082 4729 τῆς
3112 4662 3290 4732 ψυχῆς
3332 4664 3655 4733 νοσημάτων
3700 4670 3873 4719 ποιεῖν
3926 4673 4062 4741 χρή,

2394 4749 2660 4819 Ῥᾳθυμία
2684 4750 2783 4819 τὴν
2806 4748 2975 4819 ὀργὴν
3004 4749 3228 4817 ήγειρε;
3285 4748 3488 4819 σπουδῇ
3522 4749 3728 4821 ταύτην
3783 4753 4067 4824 ἀποκρου-

2382 4836 2624 4906 σώμεθα,
2643 4837 2734 4888 καὶ
2756 4834 2956 4905 πολλὴν
2978 4833 3377 4903 ἐπιδειξώμεθα
3410 4835 3508 4907 τὴν
3544 4837 3867 4909 μεταϐολήν.
3896 4841 4066 4910 Ἐχο-

2384 4944 2483 4997 μεν
2517 4925 2705 4995 βοηθὸν
2743 4924 3004 4995 μεγίστην
3038 4926 3131 4978 1:01
3179 4925 3468 4996 σύμμαχον
3501 4927 3599 4998 τὴν
3637 4931 3891 4998 νηστείαν
3914 4971 3926 4993 ,
3962 4933 4064 4985 καὶ
4140 4966 4145 4976 ι

2384 5012 2521 5083 μετὰ
2547 5012 2647 5081 τῆς
2668 5010 2919 5081 νηστείας
2941 5012 3040 5081 τήν
3066 5011 3429 5081 ἐπικειμένην
3453 5013 3691 5080 ἀγωνίαν
3728 5016 3929 5069 καὶτὸν
3958 5018 4060 5071 τοῦ

2379 5100 2624 5154 κινδύνου
2658 5098 2840 5168 φόϐον.
2872 5097 3219 5169 Ἐπιοώμεθα
3249 5098 3427 5154 τοίνυν
3454 5104 3519 5171 τῇ
3543 5100 3689 5172 ψυχῇ
3718 5102 3813 5156 νῦν
3838 5107 3917 5166 εἰς
3934 5122 4063 5159 και-

2382 5186 2471 5257 ρόν
2492 5201 2506 5215 ⁸
2545 5186 2639 5238 καὶ
2665 5185 2773 5255 γάρ
2802 5184 3036 5247 εὐκόλως
3070 5185 3240 5255 αὐτὴν
3277 5184 3619 5256 δυνησόμεθα
3661 5190 3848 5242 πεῖσαι
3878 5192 4059 5245 πάντα

2376 5276 2478 5327 ὅσα
2508 5272 2573 5326 ἂν
2608 5272 2869 5341 θέλωμεν.
2917 5273 2972 5325 Ὀ
2997 5271 3103 5342 γὰρ
3136 5270 3388 5341 περιδεὴς
3417 5272 3510 5323 1:01
3540 5273 3758 5344 τρέμων
3786 5276 3881 5328 1:01
3921 5294 4058 5348 τρυ-

2378 5360 2485 5428 φῆς
2524 5359 2741 5427 ἀπάσης
2774 5357 3211 5429 ἀπηλλαγμένος,
3259 5359 3352 5408 1:01
3382 5356 3530 5425 φόϐῳ
3564 5358 3763 5423 συζῶν,
3816 5362 4057 5427 εὐκόλως

2376 5445 2597 5499 δύναται
2626 5444 2953 5513 φιλοσοφεῖν,
2980 5444 3071 5495 1:01
3114 5443 3251 5512 μετά
3284 5442 3483 5511 πολλῆς
3518 5445 3616 5515 τῆς
3646 5446 3952 5512 προθυμίας
3985 5458 4057 5505 :1

2376 5536 2475 5600 τῆς
2510 5534 2711 5605 ἀρετῆς
2743 5533 3096 5601 ὑποδέχεσθαι
3122 5532 3433 5602 σπέρματα.

2448 5623 2514 5684 ζ’.
2543 5621 2825 5689 Πείσωμεν
2848 5620 3023 5671 τοίνυν
3059 5618 3230 5688 αὐτὴν
3278 5620 3383 5670 ἀπὸ
3425 5619 3521 5689 τῆς
3546 5620 3655 5672 τών
3670 5622 3849 5691 ὅρκων
3871 5625 4054 5692 φυγῆς

2376 5710 2597 5779 πρώτην
2617 5710 2717 5779 τὴν
2739 5709 2829 5759 ἐπὶ
2846 5707 2903 5759 :0
2928 5706 3134 5776 βέλτιον
3162 5708 3494 5777 ποιήσασθαι
3518 5710 3818 5778 μεταϐολήν
3837 5728 3848 5739 -
3872 5714 3917 5763 εἰ
3941 5713 4051 5784 γὰρ

2377 5798 2469 5848 καὶ
2527 5796 2651 5864 χθὲς
2682 5796 2773 5848 καὶ
2818 5794 2919 5865 πρὸ
2960 5795 3173 5863 ἐκείνης
3217 5795 3344 5861 περὶ
3377 5794 3579 5864 ταύτης
3617 5795 3742 5865 ύμῖν
3772 5795 4053 5868 διελέχθην

2456 5972 2463 6005 ἒ
2506 5972 2583 6018 νει
2610 5978 2787 6031 μακράς
2812 5978 2890 6025 τῆς
2914 5971 3133 6017 υεῦιᾷἷον.
