4196 6316
96 413 171 468 ’Π
1068 414 1161 472 ΑΙ)
1188 413 1515 509 POPULUll
1554 414 1705 471 ANTI

1811 413 2053 473 HENUH
2098 415 2329 475 HOMIL.
2375 416 2439 475 νς
3343 419 3411 470 78

101 527 341 583 rerum?
365 543 467 585 nos
507 530 749 586 vulneris
783 540 1031 587 auctores
1053 573 1075 598 ,t
1104 546 1203 587 nos
1251 532 1703 588 medicamentum

102 635 492 690 praeparemus.
511 621 799 690 Propterea
815 637 922 676 non
946 622 1185 678 locorum
1203 621 1703 694 permutationibus,

98 711 197 767 sed
224 727 438 767 morum
468 714 811 769 conversioni
838 716 1066 770 salutem
1094 716 1455 771 crediderunt.

182 802 239 858 6.
283 803 413 859 llam
443 805 654 860 barbari
683 822 697 859 :
728 814 784 861 et
823 822 925 861 nos
953 822 1058 862 non
1096 807 1504 874 confundimur,
1533 822 1708 879 neque

100 909 201 948 nos
216 894 632 961 abscondimus,
658 897 893 967 quando,
921 897 1027 951 illis
1048 912 1224 954 mores
1244 898 1703 964 convertentibus,

100 998 200 1039 nos
246 985 372 1041 loca
412 995 811 1056 permutamus,
842 994 899 1043 et
927 987 1195 1043 ebriorum
1228 989 1505 1043 hominum
1542 1003 1707 1059 opera

100 1076 355 1143 liicimus,
390 1076 847 1148 substantiamque
872 1087 1111 1132 nostram
1136 1078 1497 1149 exponimus?
1528 1079 1708 1134 Domi-

106 1182 207 1221 nus
239 1167 406 1221 nobis
430 1166 705 1232 irascitur,
738 1176 794 1222 et
832 1183 932 1224 nos
958 1169 1091 1224 iram
1123 1170 1333 1225 solvere
1374 1169 1704 1236 amittentes,

98 1273 220 1327 quae
249 1260 310 1312 in
341 1257 506 1313 domo
533 1268 661 1314 sunt
686 1260 1135 1329 circumferimus,
1164 1270 1222 1317 et
1246 1261 1533 1317 circuimus
1559 1277 1707 1330 qum-

100 1359 325 1415 rentes,
358 1348 450 1403 ubi
474 1350 832 1405 substantiam
857 1350 1220 1420 deponamus,
1252 1366 1374 1406 cum
1403 1362 1547 1407 esset
1572 1366 1710 1421 opus

98 1456 354 1510 quaerere
374 1483 390 1509 ,
440 1443 529 1498 ubi
568 1446 800 1498 animam
846 1444 1238 1515 deponeremus
1267 1461 1281 1498 :
1313 1444 1423 1498 imo
1452 1459 1580 1499 vero
1611 1458 1710 1499 nec

100 1543 320 1603 oportet
346 1549 627 1605 quaerere,
660 1535 754 1591 sed
782 1535 977 1590 virtute
1005 1546 1059 1591 et
1097 1536 1221 1591 vitae
1260 1535 1580 1591 rectitudine
1609 1535 1710 1607 ipsi

99 1629 456 1682 securitatem
484 1628 743 1698 praebere.
772 1628 956 1699 Neque
994 1628 1139 1684 enim
1179 1628 1227 1684 si
1252 1643 1409 1684 servo
1434 1629 1712 1683 irascenti-

104 1718 207 1773 bus
236 1718 399 1774 nobis
422 1728 478 1774 et
502 1719 896 1790 indignantibus
915 1762 932 1787 ,
965 1720 1057 1776 ille
1081 1720 1339 1776 adversus
1364 1721 1497 1776 iram
1524 1736 1586 1776 se
1611 1736 1709 1775 ex-

99 1825 301 1865 cusare
326 1812 605 1876 omittens,
628 1811 684 1866 in
709 1811 957 1867 cellulam
986 1827 1136 1866 suam
1159 1811 1513 1876 descendens,
1550 1812 1711 1866 vesti-

104 1914 290 1959 menta
315 1914 373 1961 et
401 1919 590 1961 omnes
614 1905 873 1976 colligens
910 1905 1208 1961 sarcinulas
1232 1916 1286 1960 et
1323 1906 1581 1976 colligans
1600 1946 1615 1969 ,
1642 1904 1710 1957 de

103 1998 226 2065 fuga
280 1994 673 2060 meditaretur,
725 1994 871 2050 hunc
920 1995 1091 2065 ipsius
1137 2003 1505 2064 contemptum
1556 1992 1711 2048 facile

105 2086 405 2142 ferremus.
434 2087 763 2143 Desistamus
788 2088 948 2157 igitur
967 2089 1035 2143 ab
1059 2086 1162 2142 hoc
1181 2088 1488 2157 importuno
1508 2087 1708 2152 studio,

103 2188 159 2234 et
198 2180 453 2235 dicamus
489 2179 717 2256 quisque
745 2180 812 2235 ad
842 2181 1010 2236 Deum
1040 2198 1055 2234 :
1085 2180 1199 2246 Quo
1226 2180 1309 2234 ibo
1332 2197 1365 2233 a
1392 2180 1575 2251 spiritu
1601 2190 1708 2246 tuo,

103 2279 155 2325 σι
180 2287 213 2324 α
240 2270 380 2339 facie
407 2281 495 2345 tud
518 2287 618 2341 quo
642 2272 839 2343 fugiam
865 2271 1046 2342 (Psal.
1074 2273 1196 2327 158.
1220 2272 1329 2340 7)?
1354 2272 1710 2328 Barbarorum

109 2361 510 2432 philosophiam
553 2362 824 2417 imitemur
854 2380 871 2416 :
900 2363 975 2417 illi
1014 2364 1066 2418 in
1097 2363 1315 2420 incertis
1342 2363 1709 2433 paenitentiam

102 2463 338 2523 egerunt
368 2470 385 2505 :
428 2467 535 2506 non
566 2452 710 2508 enim
756 2452 858 2508 hoc
899 2452 1133 2508 habebat
1160 2454 1426 2509 sententia
1455 2470 1471 2506 :
1497 2453 1553 2509 Si
1582 2467 1710 2507 con—

102 2544 396 2600 vertamini
437 2553 495 2599 et
524 2544 891 2615 penitentiam
920 2545 1111 2615 agatis,
1139 2544 1409 2599 civitatem
1441 2543 1667 2598 lirmabo
1691 2560 1707 2611 ;

103 2635 198 2690 sed
227 2636 575 2705 simpliciter,
599 2635 780 2690 Adhuc
804 2646 904 2691 tres
928 2636 1058 2703 dies,
1089 2646 1135 2691 et
1157 2636 1346 2691 Ninive
1374 2636 1706 2691 subvertetur.

101 2724 243 2795 Quid
277 2725 444 2795 igitur
486 2726 606 2780 illi?
647 2726 775 2793 Quis
804 2727 941 2780 novit
968 2743 1035 2779 an
1077 2728 1333 2797 paenitebit
1359 2726 1523 2781 Deum
1562 2728 1707 2794 mali,

103 2818 245 2886 quod
292 2818 534 2889 loquutus
576 2826 647 2872 es:
685 2818 857 2888 facere
894 2820 1037 2872 nobis
1068 2817 1233 2890 (Jan.
1257 2819 1311 2875 5.
1338 2820 1391 2874 4.
1422 2818 1542 2889 9)?
1580 2819 1710 2886 Quis

104 2910 303 2965 novit?
346 2910 605 2964 Nesciunt
640 2910 718 2965 rei
758 2909 953 2975 linem,
992 2925 1092 2965 nec
1136 2911 1505 2980 paenitentiam
1535 2910 1708 2980 negli-

103 3012 236 3069 gunt
268 3018 283 3053 :
315 3000 561 3055 nesciunt
592 3001 683 3055 Dei
714 3000 1054 3073 benignitatis
1082 3002 1542 3065 consuetudinem,
1574 3012 1627 3056 et
1654 3001 1706 3055 in

104 3091 331 3146 incertis
356 3101 630 3146 mutantur
658 3110 671 3146 :
699 3108 801 3148 nec
824 3094 966 3147 enim
994 3092 1263 3148 habebant
1287 3093 1421 3147 alios
1444 3093 1707 3148 Ninivitas

103 3183 171 3238 ad
215 3199 358 3254 quos
401 3186 734 3253 respicerent
780 3184 1091 3244 paenitentia
1136 3195 1255 3239 acta
1297 3196 1557 3251 servatos,
1610 3200 1710 3241 nec

106 3276 402 3346 prophetas
445 3277 718 3348 legerant,
766 3292 864 3332 nec
893 3278 1223 3347 patriarchas
1260 3278 1575 3342 audierant,
1610 3293 1709 3333 nec

107 3368 187 3421 nsi
208 3377 339 3421 sunt
364 3367 612 3435 consilio,
637 3383 742 3424 non
768 3368 1186 3424 admonitionem
1208 3370 1347 3424 nacti
1369 3380 1511 3435 sunt,
1536 3386 1709 3441 neque

103 3458 205 3512 sibi
234 3468 640 3527 persuaserant,
685 3460 907 3515 omnino
934 3460 1098 3515 Deum
1141 3462 1450 3531 poenitentia
1490 3462 1709 3533 placau-

103 3549 231 3603 dum
261 3564 405 3606 esse.
434 3548 619 3619 Neque
642 3550 785 3606 enim
816 3550 919 3607 hoc
950 3552 1179 3608 habebat
1203 3554 1548 3610 comminatio
1567 3597 1581 3623 ,
1611 3556 1706 3610 sed

104 3638 427 3693 dubitabant
466 3624 882 3711 hzerebantque,
930 3650 985 3696 et
1022 3652 1201 3697 tamen
1244 3660 1366 3699 cum
1397 3648 1541 3699 omni
1587 3646 1704 3701 diti.

102 3731 285 3798 gentia
316 3731 684 3799 paenitentiam
712 3741 956 3803 egerunt.
1000 3732 1130 3800 Qua:
1176 3734 1334 3804 igitur
1373 3736 1507 3791 ratio
1553 3737 1706 3793 nobis

103 3822 227 3886 erit,
275 3836 401 3876 cum
444 3822 521 3877 illi
549 3823 759 3893 quidem
782 3866 795 3889 ,
842 3841 941 3880 nec
970 3826 1109 3881 unde
1135 3826 1203 3882 de
1242 3828 1346 3882 fine
1376 3828 1708 3884 conﬁderent

106 3913 407 3979 habentes,
456 3924 659 3970 tantam
704 3916 993 3972 exhibeant
1040 3921 1390 3975 mutationem
1431 3940 1443 3975 :
1492 3930 1545 3977 tu
1576 3938 1705 3977 vero

104 4004 194 4075 qui
219 4005 291 4059 de
311 4005 492 4061 divina
514 4006 839 4077 benignitate
860 4009 1129 4065 conﬁdere
1156 4022 1327 4081 potes,
1350 4023 1402 4068 et
1423 4015 1511 4085 qui
1538 4018 1703 4071 multa

107 4096 307 4165 sepius
336 4096 560 4166 pignora
586 4098 771 4167 cepisti
798 4098 915 4169 ejus
942 4100 1083 4155 circa
1116 4111 1166 4155 te
1191 4118 1365 4168 curae,
1394 4116 1448 4159 et
1477 4107 1705 4175 prophe-

108 4194 187 4241 tas
214 4194 273 4241 et
297 4188 571 4257 apostolos
600 4189 814 4254 audisti,
858 4199 914 4245 et
952 4206 1047 4261 per
1094 4192 1234 4261 ipsas
1276 4210 1362 4251 res
1412 4195 1703 4252 instructus

108 4294 185 4345 es,
213 4295 319 4336 nec
343 4280 413 4334 ad
440 4281 684 4335 eamdem
713 4297 832 4337 eum
865 4283 993 4352 ipsis
1021 4300 1325 4341 mensuram
1348 4288 1554 4343 virtutis
1584 4306 1704 4358 per-

108 4373 291 4424 venire
340 4372 678 4425 contendas?
730 4372 916 4443 Magna
971 4374 1130 4444 igitur
1183 4376 1373 4430 horum
1426 4379 1699 4434 hominum

109 4458 299 4527 virtus,
331 4460 502 4514 multo
526 4472 707 4517 autem
733 4463 905 4532 major
930 4464 1024 4519 Dei
1049 4466 1354 4535 clementia,
1386 4478 1440 4523 et
1470 4471 1607 4525 hanc
1636 4487 1699 4525 ex

109 4551 219 4619 ipsa
266 4551 534 4607 minarum
566 4554 929 4624 magnitudine
959 4558 1270 4625 conspicere
1298 4560 1441 4615 licet.
1495 4562 1574 4616 Ob
1605 4564 1703 4619 hoc

105 4644 247 4697 enim
295 4646 576 4699 sententiae
626 4661 731 4701 non
775 4647 981 4702 addidit
1016 4667 1029 4703 :
1066 4650 1118 4704 Si
1162 4667 1288 4704 vero
1337 4655 1700 4721 paenitentiam

106 4734 345 4803 egeritis,
379 4750 617 4805 parcam,
651 4747 707 4791 ut
736 4738 1063 4793 indefinitum
1095 4741 1329 4797 inferens
1357 4749 1698 4812 sententiam,

109 4834 312 4879 metum
342 4836 563 4897 augeret
582 4868 597 4892 ,
639 4843 703 4882 ac
728 4839 872 4883 metu
899 4840 1057 4886 aucto
1083 4833 1309 4888 celerius
1333 4835 1399 4888 ad
1432 4838 1700 4904 poeniten-

109 4916 234 4969 tiam
260 4918 628 4985 compelleret.
662 4920 724 4973 Et
750 4921 1009 4991 propheta
1037 4923 1249 4991 quidem
1274 4928 1540 4983 erubescit
1564 4930 1702 4985 fulu-

109 5021 224 5061 rum
269 5008 447 5062 sciens
490 5019 546 5065 et
587 5012 935 5081 conjectans,
983 5016 1126 5085 quod
1170 5018 1362 5072 infecta
1413 5023 1703 5078 manebunt

108 5097 287 5163 dicta;
333 5100 473 5172 Deus
512 5111 689 5157 autem
721 5120 827 5159 non
875 5103 1141 5163 erubescit
1166 5150 1180 5173 ,
1227 5111 1321 5165 sed
1351 5128 1510 5165 unum
1543 5116 1701 5169 dum-

110 5199 282 5255 taxat,
316 5190 590 5248 hominum
629 5195 831 5251 scilicet
858 5198 1081 5253 salutem
1103 5241 1119 5264 ,
1150 5203 1369 5271 quaerit,
1406 5214 1460 5256 et
1488 5218 1699 5260 servum

108 5300 260 5337 suum
292 5285 562 5340 emendat.
598 5287 885 5358 Postquam
910 5291 1053 5347 enim
1080 5295 1345 5364 navigium
1377 5297 1467 5351 ille
1498 5298 1703 5368 ingres-

106 5389 195 5429 sus
224 5384 348 5439 est,
395 5378 573 5430 statim
617 5381 867 5437 excitavit
909 5398 1078 5449 mare,
1120 5394 1180 5439 ut
1221 5387 1397 5442 discas
1440 5392 1580 5459 quod
1607 5393 1698 5446 ubi

110 5475 384 5529 peccatum
407 5507 422 5532 ,
455 5466 527 5520 ibi
557 5470 814 5537 procella,
846 5471 934 5527 ubi
964 5474 1346 5540 inobedientia,
1377 5479 1446 5533 ibi
1479 5479 1700 5535 fluctua-

109 5553 222 5607 tio:
252 5564 309 5609 et
355 5557 696 5625 quatiebatur
736 5561 951 5631 quidem
993 5565 1179 5621 civitas
1220 5581 1439 5640 propter
1480 5583 1698 5640 peccata

109 5644 480 5715 Ninivitarum,
525 5652 863 5721 quatiebatur
899 5666 1076 5714 autem
1108 5668 1162 5713 et
1188 5662 1454 5732 navigium
1484 5674 1699 5733 propter

110 5741 383 5809 prophetae
426 5744 863 5803 inobedientiam.
914 5749 1003 5803 Illi
1037 5750 1196 5819 igitur
1220 5753 1409 5807 Jonam
1453 5755 1504 5810 in
1552 5772 1698 5811 mare

112 5830 415 5903 dejecerunt
438 5876 452 5903 ,
494 5848 547 5897 et
591 5838 735 5894 stetit
762 5840 1029 5912 navigium
1061 5860 1072 5894 :
1104 5859 1200 5899 nos
1229 5861 1443 5916 quoque
1483 5862 1695 5916 peccata

1816 530 2258 602 submergamus,
2289 541 2345 589 et
2371 534 2559 591 civitas
2581 535 2802 591 omnino
2829 532 3012 591 stabit.
3063 531 3245 603 Itaque
3276 531 3413 603 luga!

1772 614 1775 617 ’
1812 622 1958 678 nulla
1985 622 2142 679 nobis
2166 623 2403 688 utilitas,
2440 625 2580 682 sicut
2624 640 2724 682 nec
2759 625 2907 681 illum
2955 624 3075 696 fuga
3120 621 3420 695 quidquam

1810 713 2044 783 adjuvit,
2088 714 2332 784 quinimo
2360 724 2416 771 et
2443 715 2580 771 laesit
2616 733 2631 771 :
2663 716 2899 788 fugiebat
2942 731 3074 787 ergo
3100 724 3332 781 terram,
3358 724 3415 767 et

1813 806 1906 861 Dei
1928 794 2069 861 iram
2097 821 2204 862 non
2232 805 2534 878 ell‘ugiebat.
2565 808 2823 880 Fugiebat
2850 818 3073 875 terram,
3099 808 3232 863 etin
3257 821 3407 860 mare

1810 904 2186 966 tempestatem
2231 897 2439 953 induxit
2482 916 2497 954 :
2544 914 2643 957 nec
2686 908 2892 955 tantum
2932 898 3135 954 nullum
3178 912 3245 953 ex
3291 895 3415 966 fuga

1811 988 2009 1044 bonum
2040 999 2230 1047 nactus
2258 998 2363 1058 est,
2395 990 2491 1046 sed
2516 992 2677 1047 etiam
2702 1006 2797 1048 eos
2823 991 2913 1063 qui
2942 1006 3003 1047 se
3033 999 3413 1060 susceperunt.

1812 1080 1863 1133 in
1889 1091 2190 1135 extremum
2221 1082 2515 1151 perieulum
2542 1081 2799 1148 adduxit,
2838 1090 2902 1138 et
2919 1081 3137 1153 quando
3159 1081 3415 1152 navigans

1812 1169 1865 1223 in
1894 1171 2105 1239 navigio
2132 1170 2376 1237 sedebat,
2400 1182 2453 1227 et
2475 1181 2651 1228 nauta:
2680 1182 2735 1229 et
2754 1174 3142 1245 gubernatores
3165 1170 3413 1238 aderant,

1812 1262 2093 1332 omnisque
2131 1263 2375 1318 nauticus
2401 1273 2692 1333 apparatus
2714 1306 2731 1330 ,
2764 1264 2833 1320 de
2861 1264 3120 1320 extremis
3149 1263 3414 1333 periclita-

1815 1353 1970 1407 batur
2001 1371 2016 1407 :
2051 1366 2330 1425 postquam
2374 1338 2562 1411 autem.
2600 1356 2654 1410 in
2701 1372 2850 1412 mare
2880 1356 3264 1427 projectus,ret
3290 1370 3415 1424 ιδεμ

1812 1453 1988 1498 cntum
2014 1460 2112 1514 per
2138 1445 2466 1514 supplicium
2481 1446 2779 1515 deponens,
2814 1448 2866 1501 in
2897 1449 3223 1502 immensum
3244 1446 3416 1501 dedu-

1812 1545 1930 1590 ctus
1953 1546 2036 1591 est
2063 1538 2353 1608 navigium,
2383 1539 2489 1594 ceti
2516 1540 2721 1595 scilicet
2750 1541 3218 1606 ventrem,.multa
3248 1540 3418 1610 potic-

1813 1627 1972 1682 batur
2012 1627 2278 1694 libertate,
2328 1640 2385 1685 ut
2428 1629 2627 1697 discas,
2673 1631 2812 1686 sicut
2853 1633 2920 1686 in-
2956 1632 3190 1701 peccatis
3217 1632 3417 1687 viventi

1814 1736 1991 1792 neque
2020 1724 2287 1792 navigium
2323 1724 2581 1794 prodest,
2626 1726 2706 1780 sic
2737 1734 2958 1795 peccato
2994 1734 3212 1780 exutum
3244 1742 3417 1795 neque

1814 1826 1962 1866 mare
1987 1811 2216 1883 perdere
2238 1854 2253 1879 ,
2289 1829 2464 1884 neque
2490 1814 2691 1870 bestias
2715 1814 3005 1870 devorare.
3031 1815 3211 1886 Ipsum
3253 1814 3414 1885 igitur

1813 1901 1972 1957 undae
1997 1913 2369 1972 susceperunt,
2390 1919 2493 1960 nec
2516 1900 2913 1961 summaverunt
2936 1923 2949 1958 :
2973 1916 3126 1962 cetus
3150 1905 3408 1974 suscepit,

1814 2001 1868 2044 et
1910 2008 2016 2046 non
2065 1993 2377 2057 interemit;
2409 2009 2593 2049 verum
2624 2004 2679 2049 et
2724 1996 2961 2061 animal,
3004 2006 3058 2051 et
3088 1996 3419 2051 elementum.

1815 2072 2084 2138 incolume
2110 2083 2411 2153 depositum
2450 2086 2561 2139 Deo
2591 2086 2977 2152 reddiderunt;
3021 2098 3077 2143 et
3114 2104 3208 2157 per
3237 2089 3416 2143 omnia

1815 2174 2503 2245 instituebaturpropheta,
2532 2185 2591 2230 ut
2617 2186 2762 2231 esset
2802 2189 3111 2233 mansuetus
3140 2189 3194 2234 et
3224 2179 3417 2234 huma-

1815 2280 1936 2331 nus,
1956 2276 2024 2320 et
2048 2281 2221 2335 neque
2246 2266 2426 2321 stultis
2456 2268 2651 2334 nautis,
2681 2283 2856 2337 neque
2884 2267 3013 2324 feris
3042 2268 3217 2336 undis,
3245 2286 3418 2339 neque

1814 2355 2000 2411 beStiis
2029 2356 2303 2412 crudelior
2330 2358 2490 2413 esSet.
2534 2358 2745 2413 Etenim
2774 2370 2949 2415 nautae
2987 2375 3093 2414 non
3134 2361 3188 2414 in
3218 2361 3417 2430 princi-

1813 2449 1903 2519 pio
1929 2448 2132 2512 statim,
2162 2448 2257 2503 sed
2290 2458 2408 2518 post
2438 2448 2662 2503 multam
2692 2451 3067 2505 necessitatem
3096 2451 3268 2521 ipsum
3294 2467 3417 2520 pro-

1813 2539 2107 2605 diderunt;
2151 2556 2300 2596 utare
2329 2558 2458 2596 vero
2504 2549 2560 2597 et
2607 2540 2777 2595 bestia
2807 2557 2929 2597 cum
2979 2543 3144 2597 multa
3175 2542 3416 2598 benevo-

1815 2630 1976 2687 lentia
2030 2632 2443 2699 custodierunt,
2494 2632 2605 2687 Deo
2658 2632 2773 2687 hate
2817 2632 2999 2688 munia
3045 2633 3413 2704 dispensante.

1815 2719 1994 2774 Rediit
2037 2721 2234 2791 igitur,
2284 2722 2627 2792 praedicavit,
2676 2724 2912 2779 minatus
2960 2733 3072 2790 est,
3125 2724 3411 2793 persuasit,

1814 2810 2060 2875 salvavit,
2092 2812 2304 2873 terruit,
2334 2812 2592 2876 correxit,
2626 2822 2682 2865 et
2716 2828 2819 2866 una
2849 2814 3130 2883 primaque
3158 2814 3417 2884 praedica-

1814 2901 1959 2955 tione
1987 2901 2217 2955 firmavit
2252 2920 2263 2954 :
2300 2918 2473 2973 neque
2498 2903 2641 2957 enim
2683 2904 2975 2959 multorum
3019 2905 3228 2960 dierum
3275 2906 3415 2960 indi-

1813 2992 1957 3061 guit,
1998 3007 2169 3062 neque
2197 2993 2437 3048 continui
2466 2995 2713 3060 consilii,
2748 2995 2841 3050 sed
2876 2996 3019 3051 nuda
3049 2997 3134 3051 illa
3164 2984 3416 3067 loquutus

1814 3084 1974 3139 verba
2000 3125 2016 3149 ,
2060 3100 2250 3140 omnes
2282 3085 2333 3139 in
2366 3087 2736 3157 paenitentiam
2782 3088 3023 3143 deduxit.
3072 3089 3198 3145 Ideo
3238 3091 3411 3159 ipsum

1815 3192 1918 3231 non
1964 3177 2146 3231 statim
2194 3178 2264 3233 de
2303 3179 2514 3249 navigio
2565 3181 2703 3235 Deus
2746 3180 2813 3234 ad
2865 3181 3050 3237 urbem
3091 3183 3278 3246 duxit,
3317 3184 3411 3238 sed

1814 3279 1991 3321 nautae
2020 3270 2153 3322 mari
2185 3269 2538 3336 tradiderunt,
2574 3288 2722 3327 mare
2748 3283 2900 3340 ceto,
2929 3285 3081 3330 eetus
3113 3264 3244 3342 Deo,
3277 3276 3417 3331 Deus

1814 3360 2081 3428 Ninivitis,
2130 3372 2185 3418 et
2226 3379 2321 3433 per
2349 3364 2563 3435 longum
2609 3366 2892 3421 circuitum
2942 3366 3222 3438 profugum
3256 3369 3416 3423 resti-

1815 3455 1935 3520 tuit,
1982 3465 2038 3507 ut
2069 3470 2257 3513 omnes
2300 3457 2508 3523 doceat,
2555 3458 2648 3513 Dei
2694 3474 2882 3514 manus
2926 3460 3163 3531 eﬂ‘ugere
3209 3462 3413 3531 impos.

1814 3545 1969 3601 sibile
1998 3562 2139 3601 esse.
2171 3547 2305 3601 Nam
2332 3564 2671 3620 quocmnque
2698 3552 2816 3621 quis
2846 3552 3216 3621 proficiscatur
3236 3594 3249 3615 ,
3286 3570 3412 3621 pee-

1812 3645 1987 3690 catum
2019 3638 2369 3707 pertrahens,
2400 3640 2604 3695 infinita
2635 3642 2919 3697 sustinebit
2958 3642 3277 3699 detrimenta
3314 3662 3326 3698 :
3361 3656 3416 3699 et

1812 3729 1855 3783 si
1888 3730 2162 3784 hominum
2196 3747 2352 3785 nemo
2383 3732 2559 3800 adsit,
2609 3734 2721 3803 ipsa
2760 3734 3135 3806 undecumque
3167 3746 3427 3791 creatura.

1812 3836 1932 3873 cum
1965 3821 2128 3875 multa
2178 3822 2251 3876 illi
2300 3824 2515 3878 resistet
2545 3824 2903 3881 vehementia.
2950 3826 3029 3882 Ne
3074 3829 3231 3897 igitur
3276 3826 3417 3898 fugae

1811 3912 2034 3967 salutem
2068 3922 2304 3968 nostram
2348 3915 2665 3983 credamus,
2713 3918 2808 3972 sed
2852 3934 3062 3973 morum
3109 3921 3408 3975 mutationi.

1810 4001 1944 4055 Num
1976 4005 2119 4057 enim
2160 4006 2284 4073 quia
2328 4006 2380 4060 in
2426 4007 2640 4062 civitate
2687 4024 2909 4070 manes.
2958 4019 3240 4079 propterea
3274 4012 3411 4067 Deus

1813 4094 2081 4162 irritatur,
2113 4107 2170 4149 ut
2198 4098 2408 4167 fugias?
2436 4098 2697 4166 Quoniam
2733 4102 2983 4170 peccasti,
3015 4115 3297 4173 propterea
3329 4105 3409 4158 in-

1810 4186 2079 4255 dignatur.
2131 4189 2295 4259 igitur
2325 4199 2599 4259 peccatum
2645 4190 2886 4261 depone,
2935 4203 2989 4248 et
3031 4194 3173 4250 unde
3203 4196 3409 4251 vulneri

1809 4295 1968 4334 causa
1996 4324 2008 4347 ,
2056 4282 2178 4336 inde
2226 4284 2353 4337 mali
2396 4284 2596 4337 fontem
2645 4287 3218 4355 reprime:contraria
3267 4290 3410 4343 enim

1808 4373 2093 4426 contrariis
2122 4388 2316 4427 curare
2343 4383 2398 4428 et
2430 4374 2619 4429 medici
2659 4375 2867 4444 jubeut.
2909 4376 2987 4431 Ex
3026 4379 3242 4447 crapuL't
3283 4396 3413 4450 ergo

1810 4472 1932 4516 nata
1958 4471 2040 4517 est
2066 4462 2264 4518 febris?
2290 4464 2466 4519 inedia
2492 4467 2738 4520 morbum
2767 4469 3062 4537 corrigunt.
3093 4471 3169 4522 hx
3199 4471 3411 4525 tristitia

1809 4555 2259 4623 quiscinfirmatus
2288 4558 2412 4611 est?
2456 4558 2696 4612 laetitiam
2728 4558 2850 4613 huic
2880 4570 3058 4628 aptam
3091 4561 3410 4617 medicinam

1809 4661 1929 4701 esse
1970 4646 2175 4701 dicunt.
2228 4647 2316 4703 Sic
2348 4649 2486 4704 etin
2537 4649 2731 4704 anima:
2778 4652 3183 4720 :egritudinihus
3233 4654 3412 4709 facere

1808 4747 2044 4804 oportet.
2078 4737 2218 4793 Iram
2244 4748 2430 4809 torpor
2456 4741 2751 4795 excitavit?
2784 4742 3043 4797 industria
3070 4743 3207 4797 hanc
3234 4748 3411 4815 repel-

1810 4827 2015 4895 lamus,
2048 4831 2380 4901 multamque
2421 4848 2532 4902 prze
2573 4834 2729 4890 nobis
2771 4834 3005 4890 feramus
3035 4838 3408 4894 mutationem.

1809 4921 2079 4989 Jejunium
2126 4922 2385 4979 habemus
2431 4926 2947 4993 auxiliatorem,.et
2989 4930 3413 4987 commilitonem

1810 5016 2103 5069 tnaximum
2125 5057 2141 5079 ,
2174 5026 2228 5071 et
2259 5029 2451 5086 praeter
2490 5019 2752 5089 jejunium
2784 5023 3071 5078 instantem
3112 5028 3409 5095 angustiam

1808 5122 1862 5164 ct
1888 5113 2111 5181 periculi
2147 5114 2414 5170 timorem.
2445 5115 2708 5171 Instemus
2736 5118 2895 5188 igitur
2925 5120 3117 5173 anima:
3146 5120 3248 5175 hoc
3280 5129 3412 5173 tem-

1810 5218 1939 5270 pore
1984 5223 1995 5258 :
2044 5208 2255 5259 etenim
2291 5207 2389 5275 ipsi
2440 5208 2620 5262 omnia
2670 5226 3019 5281 quaecumque
3058 5212 3413 5278 voluerimus,

1808 5293 1964 5349 facile
2008 5298 2330 5365 persuadere
2377 5302 2690 5369 poterimus.
2744 5302 2974 5358 Pavidus
3020 5305 3160 5359 enim
3203 5312 3259 5360 et
3308 5315 3415 5360 trc-

1810 5402 2003 5452 mens,
2050 5398 2107 5443 et
2152 5404 2183 5443 a
2228 5390 2433 5446 deliciis
2480 5394 2731 5449 omnibus
2780 5395 3095 5465 expeditus,
3145 5405 3307 5465 atque
3365 5398 3413 5452 in

1811 5480 2002 5534 timore
2032 5480 2257 5545 vivens,
2311 5484 2462 5539 facile
2509 5486 2872 5556 philosophari
2927 5498 3138 5557 potest,
3187 5498 3241 5543 et
3292 5506 3413 5544 cum

1809 5573 1969 5625 multa
2000 5574 2275 5630 alacritate
2305 5578 2517 5632 virtutis
2542 5580 2746 5634 semina
2788 5581 3082 5650 suscipere.

1882 5666 1933 5717 7.
1965 5664 2271 5721 Juramenta
2298 5669 2525 5723 vitanda.
2554 5700 2625 5710 —
2655 5671 2892 5726 Primum
2931 5674 3089 5743 igitur
3112 5673 3158 5727 ei
3192 5688 3407 5744 perStta-

1808 5760 2029 5814 deamns
2052 5803 2065 5825 ,
2114 5770 2170 5815 ut
2210 5778 2237 5815 a
2278 5762 2705 5832 juramentorum
2738 5764 2857 5834 fuga
2892 5766 3241 5822 mutationem
3271 5768 3405 5822 int-i-

1806 5852 1960 5924 piat:
1996 5855 2094 5908 etsi
2140 5855 2283 5909 enim
2328 5856 2441 5911 heri
2488 5867 2541 5912 et
2588 5856 2977 5914 nudiustertius
3006 5857 3073 5913 de
3121 5858 3218 5915 hac
3258 5860 3410 5914 vobis
