4196 6316
812 384 881 437 79
1547 382 1605 437 S.
1634 380 1909 437 JOANNlS
1947 379 2418 436 CHRYSOSTOMI
2456 379 2769 437 ARClllEP.
2811 377 3336 439 CONSTANTINOP.
4020 381 4088 437 80

816 492 1069 563 loquutus
1093 508 1209 551 sum
1239 494 1460 549 materia
1480 535 1495 562 ,
1523 509 1695 563 neque
1722 503 1894 547 tamen
1924 492 2081 547 hodie
2108 491 2383 555 desistam,

815 599 987 653 neque
1013 599 1161 647 cras,
1194 599 1363 654 neque
1393 584 1641 655 perendie
1671 584 1855 639 eadem
1886 598 2124 637 monere.
2174 582 2240 637 Et
2265 583 2390 653 quid

817 676 938 730 dico
966 678 1249 732 crastinam
1287 685 1379 733 aut
1424 679 1633 733 tertiam
1662 678 1847 733 diem?
1887 678 2061 733 Donec
2090 692 2183 730 vos
2211 692 2393 732 corre-

814 778 928 822 ctos
956 768 1179 833 videam,
1223 784 1329 824 non
1358 770 1609 824 absistam
1640 790 1652 822 :
1691 770 1735 825 si
1766 769 1903 824 enim
1936 770 2103 837 legem
2136 769 2390 837 praevari-

813 868 996 912 cantes
1026 874 1132 913 non
1160 861 1513 926 erubescunt,
1547 863 1713 915 multo
1734 838 1904 928 inagis
1933 875 2031 913 nos
2053 860 2299 929 jubentes
2326 876 2391 914 ne

812 951 1225 1017 pra-varicemini
1245 994 1262 1016 ,
1289 952 1355 1007 de
1385 952 1646 1022 frequenti
1677 951 2039 1006 admonitione
2069 967 2173 1004 non
2202 951 2391 1006 erube-

810 1054 959 1095 scere
1003 1058 1098 1111 par
1133 1052 1232 1097 est.
1286 1043 1361 1097 De
1405 1044 1590 1099 iisdem
1618 1043 1757 1097 enim
1798 1043 2051 1096 continue
2079 1056 2390 1095 commone-

812 1128 1022 1197 facere,
1070 1149 1176 1188 non
1218 1133 1482 1198 dicentis,
1528 1133 1622 1187 sed
1666 1132 1995 1186 audientium
2039 1141 2122 1186 est
2165 1132 2387 1195 crimen,

809 1222 1054 1278 diuturna
1096 1238 1259 1292 super
1289 1224 1621 1293 simplicibus
1647 1232 1702 1278 et
1731 1222 1973 1277 facilibus
2003 1224 2281 1292 praeceptis
2311 1222 2391 1274 in-

807 1312 1095 1383 digentium
1137 1314 1434 1385 disciplina.
1476 1315 1611 1380 Quid
1640 1315 1781 1370 enim
1829 1314 2032 1368 facilius
2076 1329 2235 1383 quam
2282 1328 2389 1366 non

803 1406 1028 1473 iurare?
1072 1404 1487 1461 Consuetudinis
1538 1417 1737 1460 tantum
1790 1422 1935 1476 opus.
1971 1416 2053 1460 est
2094 1425 2109 1460 :
2154 1423 2262 1461 non
2307 1416 2390 1462 est

808 1499 1049 1566 carperis
1079 1497 1231 1553 labor
1251 1538 1267 1563 ,
1300 1514 1405 1551 non
1432 1504 1513 1553 est
1541 1499 1883 1569 pecuniarum
1918 1498 2264 1567 impendium.
2302 1499 2389 1555 Vis

807 1586 1018 1657 discere
1059 1588 1325 1659 quomodo
1360 1590 1544 1643 vitium
1593 1592 1831 1660 superari
1869 1591 2083 1658 possit?
2125 1590 2390 1660 quomodo

807 1676 875 1731 ab
927 1678 1165 1747 improba
1226 1680 1609 1735 consuetudine
1666 1680 1879 1734 liberari
1931 1681 2129 1736 liceat“!
2177 1681 2288 1745 Ego
2339 1691 2391 1734 te

807 1768 1093 1836 quemdam
1118 1770 1321 1825 docebo
1347 1771 1584 1837 modum,
1612 1787 1771 1839 quem
1798 1772 1842 1825 si
1873 1772 2135 1835 tenueris,
2168 1786 2389 1839 supera-

809 1857 892 1913 bis
917 1860 1159 1913 omnino.
1205 1859 1338 1914 Cum
1368 1862 1562 1916 videris
1607 1864 1834 1929 teipsum
1854 1902 1871 1927 ,
1899 1862 1983 1915 vel
2009 1850 2389 1931 alium‘quem-

807 1962 948 2017 que,
976 1951 1058 2004 vel
1088 1964 1299 2005 servum
1321 1993 1336 2018 ,
1368 1952 1452 2007 vel
1481 1952 1642 2015 filium
1665 1993 1677 2016 ,
1710 1952 1794 2005 vel
1839 1968 2059 2008 uxorem
2104 1953 2206 2008 hoc
2250 1954 2389 2009 malo

807 2048 1010 2106 captos,
1042 2050 1095 2095 et
1118 2046 1365 2095 continue
1394 2042 1862 2110 commouefactos,
1896 2059 2067 2111 neque
2096 2052 2385 2109 correctos,

805 2127 933 2198 jube
976 2145 1083 2185 non
1121 2141 1360 2187 cteuatos
1399 2132 1616 2198 cubare,
1667 2143 1723 2188 et
1764 2132 1901 2187 hanc
1947 2133 2145 2203 tibique
2186 2143 2242 2189 et
2284 2134 2390 2190 illis

808 2218 1204 2273 damnationem
1251 2222 1466 2289 impone
1490 2263 1506 2287 ,
1538 2222 1933 2276 damnationem
1978 2238 2082 2276 non
2113 2223 2385 2290 damnum,

807 2310 902 2363 sed
932 2310 1133 2363 lucrum
1161 2310 1443 2367 ferentem.
1471 2312 1619 2367 Talia
1649 2312 1791 2366 enim
1821 2321 1945 2366 sunt
1972 2314 2261 2381 spiritualia
2293 2332 2306 2368 :
2336 2323 2392 2368 et

812 2400 1013 2454 lucrum
1042 2400 1254 2467 ferunt,
1292 2411 1346 2457 et
1372 2403 1706 2458 celerrimam
1748 2406 2135 2459 correctionem
2166 2424 2180 2459 :
2213 2406 2387 2474 lingua

807 2492 950 2547 enim
979 2493 1194 2549 assidue
1223 2497 1452 2549 cruciata
1478 2536 1494 2561 ,
1527 2496 1610 2550 vel
1639 2498 1853 2551 nemine
1878 2508 2251 2553 commonente
2276 2499 2389 2553 suf-

810 2582 1073 2638 ficientem
1095 2586 1236 2655 capit
1251 2585 1663 2640 admonitionem
1688 2603 1717 2640 a
1742 2588 1826 2641 siti
1843 2603 2171 2657 compressa,
2194 2606 2225 2643 a
2252 2588 2389 2645 fame

810 2672 1143 2743 angustiata;
1197 2685 1245 2728 et
1276 2676 1400 2731 licet
1427 2678 1663 2731 omnium
1693 2678 1861 2732 simus
1887 2678 2213 2734 stolidissimi
2236 2721 2251 2744 ,
2281 2689 2387 2734 tota

811 2763 900 2819 die
926 2764 1084 2834 hujus
1108 2768 1357 2821 tormenti
1386 2768 1749 2837 magnitudine
1773 2768 2101 2835 commoniti,
2131 2770 2238 2824 alio
2262 2786 2391 2825 con-

748 2926 760 2933 ‘
810 2854 930 2908 silio
957 2864 1011 2910 et
1038 2856 1398 2911 admonitione
1433 2872 1537 2912 non
1583 2858 1957 2928 indigebimus.
1992 2860 2270 2916 Laudastis
2306 2863 2389 2916 di-

810 2952 895 2999 cta
916 2986 931 3010 ,
955 2960 1139 3000 verum
1164 2957 1220 3001 et
1245 2946 1398 3002 factis
1422 2947 1631 3002 laudem
1662 2949 2041 3003 demonstrate.
2071 2950 2221 3016 Quod
2248 2953 2389 3006 enim

811 3034 1004 3103 alioqui
1051 3035 1207 3105 hujus
1254 3037 1525 3091 concionis
1556 3038 2018 3092 emolumentum?
2061 3039 2114 3094 Si
2155 3041 2391 3108 quotidie

812 3125 1063 3194 puerulus
1088 3126 1154 3180 ad
1195 3126 1429 3181 scholam
1461 3136 1671 3196 pergat,
1707 3137 1888 3196 postea
1919 3128 1995 3182 nil
2028 3128 2200 3183 discat
2220 3169 2234 3193 ,
2264 3146 2389 3183 num

812 3216 879 3270 ad
908 3219 1299 3272 excusationem
1332 3218 1557 3273 sufﬁciat
1583 3220 1754 3287 nobis,
1790 3224 1962 3289 ipsum
2005 3220 2133 3275 illuc
2157 3221 2391 3289 quotidie

815 3308 1077 3375 pergere?
1108 3322 1211 3360 non
1240 3307 1341 3361 hoc
1367 3310 1539 3376 ipsum
1568 3309 1859 3362 maximum
1886 3309 2142 3364 ducemus
2167 3312 2387 3377 crimen,

813 3398 953 3464 quod
994 3414 1088 3466 per
1128 3399 1361 3468 singulos
1407 3399 1523 3454 dies
1566 3400 1692 3454 illuc
1739 3415 2004 3471 pergens,
2050 3401 2152 3457 hoc
2198 3402 2389 3457 frustra

815 3486 1015 3541 faciat?
1042 3487 1155 3542 Hoc
1183 3498 1238 3542 et
1266 3488 1318 3541 in
1350 3490 1503 3543 nobis
1534 3490 1661 3558 ipsis
1690 3492 1983 3559 cogitemus
2003 3533 2018 3557 ,
2051 3500 2105 3546 et
2131 3493 2264 3546 intra
2294 3507 2393 3547 nos

815 3575 957 3645 ipsus
977 3577 1218 3633 dicamus
1244 3597 1255 3631 :
1280 3578 1507 3633 Tantum
1537 3581 1789 3655 temporis
1810 3582 1875 3637 ad
1899 3583 2181 3637 ecclesiam
2206 3598 2392 3638 occur-

814 3678 1027 3731 rentes,
1076 3669 1463 3724 terribilissima
1496 3672 1727 3726 fruentes
1754 3673 1971 3743 synaxi,
2006 3674 2223 3743 ipsaque
2251 3675 2393 3728 mul-

817 3768 925 3811 tum
969 3760 1171 3813 lucrum
1219 3761 1484 3825 habente,
1529 3762 1575 3816 si
1621 3762 1751 3817 tales
1792 3777 2003 3816 rursum
2032 3762 2399 3831 discedamus;

815 3850 999 3918 quales
1025 3849 1355 3915 advenimus,
1392 3852 1590 3904 nullum
1618 3851 1917 3906 defectuum
1945 3863 2247 3907 nostrorum
2275 3868 2394 3907 eor-

816 3940 1053 4009 rigentes
1072 3981 1087 4005 ,
1116 3955 1235 4009 qua:
1262 3940 1415 3995 nobis
1444 3942 1546 3994 erit
1584 3940 1742 4009 hujus
1782 3940 2123 4010 profectionis
2150 3943 2346 3997 utilitas
2370 3943 2393 3997 ?

815 4031 1023 4085 Etenim
1068 4033 1230 4085 multa
1260 4047 1364 4086 non
1408 4044 1625 4103 propter
1653 4048 1713 4087 se
1756 4034 1888 4087 fiunt
1908 4076 1923 4101 ,
1952 4036 2057 4091 sed
2088 4045 2302 4105 propter
2330 4053 2392 4092 ea

815 4137 934 4191 qute
976 4136 1044 4176 ex
1086 4122 1215 4190 ipsis
1261 4126 1530 4178 eveniunt.
1580 4124 1747 4190 Quale
1794 4126 1919 4180 illud
1968 4136 2050 4181 est
2082 4146 2095 4181 :
2124 4129 2393 4185 seminans

819 4227 921 4265 non
952 4210 1073 4268 ideo
1101 4214 1361 4279 seminat,
1406 4224 1463 4268 ut
1492 4224 1691 4268 tantum
1719 4218 1968 4283 seminet,
1996 4218 2088 4273 sed
2119 4231 2173 4273 ut
2202 4228 2256 4273 et
2283 4236 2390 4275 me-

818 4312 894 4355 tat
922 4317 937 4354 :
966 4303 1107 4372 quod
1134 4304 1235 4358 nisi
1266 4306 1365 4358 hoc
1393 4306 1543 4360 fieret
1561 4346 1577 4372 ,
1614 4316 1667 4360 et
1690 4307 1940 4361 damnum
1968 4311 2221 4363 sementis
2247 4320 2395 4380 pate-

819 4407 992 4460 retur,
1022 4397 1315 4457 seminibus
1353 4399 1616 4454 incassum
1648 4401 1974 4469 putrefactis.
2004 4402 2262 4457 Mercator
2287 4420 2391 4459 non

820 4494 1034 4556 propter
1058 4487 1159 4541 hoc
1184 4488 1427 4558 navigat,
1458 4499 1512 4542 ut
1538 4496 1743 4543 tantum
1772 4492 1998 4560 naviget,
2030 4492 2125 4546 sed
2154 4500 2211 4545 ut
2236 4508 2393 4561 pere-

816 4576 1077 4643 grinando
1099 4577 1390 4633 auctiorem
1423 4578 1581 4633 faciat
1620 4594 1733 4633 rem
1766 4597 1781 4633 :
1810 4582 1951 4651 quod
1980 4582 2078 4636 nisi
2108 4583 2207 4638 hoc
2233 4584 2390 4651 adsit,

818 4675 873 4719 et
896 4665 1148 4721 damnum
1178 4668 1384 4723 accidet
1406 4681 1725 4737 extremum,
1758 4685 1811 4728 et
1837 4674 2092 4730 damnosa
2136 4690 2394 4732 mercato—

792 4790 795 4791 ν
819 4771 937 4809 rum
966 4759 1339 4826 peregrinatio.
1367 4760 1479 4815 Hoc
1514 4762 1651 4816 idem
1681 4774 1734 4816 et
1762 4764 1816 4817 in
1846 4766 1997 4819 nobis
2024 4766 2151 4836 ipsis
2179 4768 2395 4821 ratioci-

819 4862 1009 4902 nemur
1033 4868 1047 4904 :
1074 4852 1269 4905 etenim
1299 4861 1353 4905 et
1379 4868 1475 4907 nos
1500 4853 1554 4908 in
1584 4856 1860 4911 ecclesiam
1890 4860 2257 4925 convenimus,
2286 4876 2392 4914 non

820 4948 1041 5008 propter
1065 4942 1166 4995 hoc
1191 4942 1362 5011 ipsum
1390 4945 1583 5009 solum,
1612 4955 1669 5001 ut
1693 4945 1778 5001 hic
1804 4949 2178 5017 immoremnr,
2212 4952 2305 5007 sed
2339 4965 2396 5008 ut

818 5028 1017 5099 aliquid
1044 5046 1292 5102 magnum
1320 5043 1373 5089 et
1411 5037 1684 5105 spirituale
1724 5038 1911 5095 lucrati
1941 5040 2293 5097 discedamus.
2338 5042 2394 5099 Si

819 5119 980 5191 igitur
1015 5123 1199 5178 inanes
1225 5133 1281 5179 et
1308 5126 1439 5181 nihil
1477 5127 1656 5198 adepti
1684 5129 1958 5195 abeamus,
1988 5131 2395 5188 condemnatio-

818 5228 939 5267 nem
970 5216 1125 5271 nobis
1153 5216 1254 5273 hoc
1278 5219 1507 5276 studium
1533 5208 1789 5277 accerset.
1822 5224 1972 5291 Quod
2000 5240 2067 5279 ne
2098 5225 2207 5292 fiat,
2235 5236 2396 5296 utque

821 5313 1023 5360 tantum
1050 5306 1300 5364 damnum
1330 5310 1613 5379 evitemus,
1643 5314 1901 5369 abeuntes
1934 5315 2077 5382 hinc,
2109 5317 2246 5371 inter
2274 5332 2394 5374 sese

819 5400 976 5455 amici
1004 5415 1123 5456 cum
1156 5401 1276 5456 ﬁliis
1306 5412 1485 5471 patres
1504 5446 1518 5469 ,
1558 5420 1678 5460 cum
1708 5409 1876 5461 servis
1902 5408 2137 5474 domini,
2168 5410 2393 5465 medita-

823 5494 987 5563 mini,
1018 5504 1073 5550 et
1100 5494 1335 5549 laborate
1359 5498 1626 5568 quomodo
1653 5499 1966 5568 imperatum
1996 5502 2308 5571 expediatis,
2337 5512 2397 5559 ut

819 5594 1098 5657 postquam
1130 5585 1320 5640 iterum
1362 5589 1562 5644 reversi
1600 5589 1803 5645 fueritis
1827 5632 1841 5657 ,
1893 5602 1948 5647 et
1987 5593 2053 5647 de
2082 5593 2267 5649 iisdem
2296 5610 2394 5651 nos

814 5676 1102 5733 suadentes
1142 5678 1450 5748 audieritis,
1488 5696 1592 5735 non
1626 5681 1827 5751 pudore
1868 5683 2167 5741 afticiamini
2192 5725 2209 5752 ,
2252 5702 2398 5743 mor-

817 5768 979 5825 dente
1002 5784 1098 5824 vos
1122 5770 1470 5840 conscientia,
1496 5772 1591 5829 sed
1616 5773 1912 5843 gaudeatis,
1939 5786 1993 5829 et
2022 5776 2271 5833 laetemini
2298 5780 2391 5836 ad-

2505 493 2812 548 monitionis
2851 494 3104 563 majorem
3142 494 3295 547 vobis
3334 501 3539 563 partem
3568 493 3829 562 expletam
3866 495 4088 562 conspi-

2494 593 2716 637 cientes.
2761 583 2883 639 llaec
2925 598 3030 637 non
3076 592 3281 639 tantum
3333 586 3418 639 liic
3458 583 3897 654 philosophemur
3928 602 3942 664 ς
3974 600 4085 638 non

2494 678 2635 731 enim
2684 680 2796 732 hare
2840 689 3211 733 momentanea
3257 678 3551 733 admonitio
3596 687 3763 731 totum
3805 666 4080 733 eradicarr

2495 778 2703 837 potest,
2739 784 2921 822 verum
2951 777 3006 823 et
3034 768 3178 822 domi
3219 770 3299 822 vir
3326 769 3392 821 ab
3419 782 3583 822 uxore
3607 767 3723 823 haec
3755 768 3972 834 audiat,
4022 781 4080 822 et

2494 873 2627 911 uxor
2654 874 2680 909 a
2712 859 2936 927 conjuge
2969 876 2982 911 :
3024 869 3077 913 et
3116 859 3385 913 aemulatio
3413 858 3655 929 quaedam
3698 858 3791 913 fiat
3826 860 4080 914 omribus

2492 949 2556 1001 ad
2585 949 2741 1015 hujus
2773 949 2904 1017 legis
2935 949 3301 1019 impletionem
3327 950 3606 1020 pervenire
3631 948 3997 1017 studentibus,
4024 964 4082 1004 et

2491 1039 2578 1106 qui
2629 1039 2773 1106 prius
2815 1040 3115 1108 impleverit
3141 1040 3406 1094 deficienti
3446 1041 3769 1109 exprobret,
3815 1048 3874 1093 ut
3901 1041 4077 1109 ipsum

2491 1128 2658 1196 magis
2682 1130 2878 1184 excitet
2908 1148 2921 1183 :
2949 1130 3039 1199 qui
3065 1130 3264 1194 deficit,
3312 1139 3365 1184 et
3392 1132 3627 1185 nondum
3656 1132 3912 1201 implevit,
3943 1146 4081 1200 pra:-

2491 1229 2794 1273 venientem
2839 1230 3083 1289 spectet,
3127 1231 3184 1277 et
3208 1221 3275 1276 ad
3326 1223 3497 1291 ipsum
3526 1222 3770 1277 celeriter
3798 1223 4081 1291 pervenire

2491 1309 2796 1362 contendat.
2824 1311 2879 1365 Si
2905 1312 3022 1366 haec
3049 1312 3387 1374 meditemur,
3416 1313 3463 1366 si
3490 1312 3604 1367 haec
3628 1326 3896 1375 curemus,
3927 1300 4081 1366 brevi

2492 1403 2644 1457 nobis
2672 1412 2726 1457 et
2771 1404 2873 1457 alia
2911 1419 3167 1475 prospere
3212 1407 3423 1475 negotia
3464 1404 3780 1474 dirigentur.
3832 1404 3911 1458 Tu
3958 1420 4083 1474 qua!

2492 1491 2585 1546 Dei
2612 1503 2734 1546 sunt
2760 1493 3019 1548 meditare
3038 1535 3054 1561 ,
3084 1505 3139 1549 et
3170 1496 3285 1564 ipse
3324 1496 3429 1549 tuis
3467 1494 3782 1563 providebit.
3810 1494 3921 1549 Nec
3946 1494 4083 1549 mihi

2489 1580 2635 1636 dicas
2664 1602 2678 1637 :
2706 1582 2842 1650 Quid
2871 1599 2998 1639 vero
3017 1626 3031 1651 ,
3059 1585 3105 1639 si
3132 1586 3249 1655 quis
3285 1586 3498 1655 juraudi
3527 1587 3895 1641 necessitatem
3923 1574 4086 1653 nobis

2491 1671 2770 1740 imponat?
2814 1674 2941 1742 quid
2972 1676 3017 1729 si
3064 1690 3169 1728 non
3211 1676 3437 1730 credat?
3482 1674 3624 1731 Sane
3647 1691 3813 1742 vero,
3857 1676 3949 1731 ubi
3993 1676 4081 1731 lex

2491 1763 2765 1828 violanda,
2798 1765 3134 1819 necessitatis
3179 1766 3489 1821 meminisse
3531 1782 3636 1821 non
3682 1776 3910 1835 oportet.
3963 1766 4083 1823 Una

2490 1862 2574 1904 est
2601 1853 2741 1906 enim
2771 1854 3089 1909 inevitabilis
3116 1856 3430 1922 necessitas,
3460 1858 3621 1910 Deum
3648 1854 3753 1911 no’n
3780 1856 4079 1912 oﬂ‘endere.

2494 1939 2872 1997 Verumtamen
2910 1943 3124 1998 interim
3165 1944 3295 1998 illud
3325 1954 3549 2014 praesta,
3592 1945 3862 2015 superflua
3900 1946 4085 2001 recide

2488 2028 2821 2098 juramenta,
2856 2042 3059 2087 temere
3097 2043 3151 2088 et
3194 2036 3310 2088 sine
3352 2024 3704 2100 necessitate,
3747 2034 3913 2102 domi,
3956 2050 4085 2090 cum

2491 2124 2696 2188 amicis,
2723 2140 2844 2178 cum
2872 2126 3049 2179 servis
3080 2125 3280 2194 prolata
3313 2144 3327 2179 :
3353 2128 3397 2179 si
3428 2125 3542 2180 haec
3567 2126 3864 2188 sustuleris,
3896 2126 3952 2179 in
3976 2128 4090 2182 illis

2493 2216 2597 2267 mei
2638 2214 2769 2268 nihil
2811 2216 3039 2284 amplius
3071 2217 3329 2287 indigebis
3360 2234 3373 2269 :
3405 2217 3577 2285 ipsum
3622 2216 3764 2270 enim
3794 2231 3856 2271 os
3895 2217 3946 2269 in
3982 2217 4088 2272 ltoc

2493 2306 2868 2371 exercitatum,
2897 2316 2955 2361 ut
2975 2308 3188 2377 juraudi
3217 2306 3571 2374 frequentiam
3606 2307 3789 2360 timeat
3814 2314 3868 2361 et
3892 2307 4082 2375 fugiat,

2492 2411 2665 2466 neque
2688 2397 2729 2449 si
2757 2398 2876 2466 quis
2900 2398 3091 2451 millies
3110 2398 3367 2467 coegerit,
3390 2397 3444 2451 in
3472 2397 3613 2451 illam
3635 2396 3863 2466 amplius
3886 2397 4088 2452 cadere

2491 2488 2929 2543 consuetudinem
2968 2488 3232 2542 admittet.
3280 2488 3389 2553 Sed
3419 2499 3477 2543 ut
3506 2504 3647 2543 nunc
3686 2489 3856 2542 multo
3899 2488 4089 2543 labore

2492 2586 2547 2629 et
2573 2577 2776 2631 inﬁnita
2804 2578 3247 2634 interturbatione
3271 2622 3284 2645 ,
3318 2590 3579 2634 terrentes
3602 2622 3616 2641 ,
3652 2581 3916 2634 minantes
3936 2620 3952 2644 ,
3983 2580 4086 2633 ad-

2492 2677 2795 2732 monentes,
2827 2669 3199 2732 consulentes,
3229 2672 3316 2724 vix
3347 2674 3615 2739 potuimus
3640 2672 3693 2725 in
3721 2670 3876 2725 aliam
3910 2671 4088 2740 ipsum

2494 2761 2933 2815 consuetudinem
2984 2770 3345 2816 transumtare
3394 2780 3407 2816 :
3455 2762 3533 2816 sic
3578 2772 3632 2816 et
3672 2771 3799 2817 tunc
3842 2763 4084 2831 quidem,

2496 2851 2619 2905 licet
2645 2852 2905 2905 infinitam
2936 2853 3053 2922 quis
3083 2852 3275 2907 inferat
3302 2855 3676 2908 necessitatem
3699 2893 3713 2915 ,
3747 2853 3883 2907 hanc
3908 2862 4088 2908 trans-

2492 2942 2640 3025 gredi
2668 2942 2837 3012 legem
2863 2958 2969 2996 non
3010 2943 3203 3012 poterit
3227 2944 3555 3014 persuadere
3582 2960 3596 3007 ;
3631 2943 3724 2997 sed
3753 2945 3891 2998 sicut
3919 2960 4090 2999 vene—

2494 3049 2620 3086 num
2647 3033 2930 3102 quodpiam
2962 3050 3249 3104 numquam
3286 3044 3505 3104 gustare
3534 3035 3653 3104 quis
3683 3036 3875 3103 vellet,
3918 3036 4089 3090 etiam

2494 3123 2726 3178 instante
2753 3125 3105 3191 necessitate,
3138 3126 3215 3179 sic
3242 3141 3413 3194 neque
3444 3126 3743 3195 jurameuta
3774 3125 4087 3180 admittere.

2456 3274 2459 3275 ν
2494 3215 2607 3269 Hoc
2641 3226 2819 3271 autem
2848 3217 2893 3269 si
2938 3219 3047 3277 fiat,
3092 3216 3243 3271 vobis
3268 3217 3506 3271 solamen
3536 3218 3660 3281 erit,
3694 3225 3746 3270 et
3775 3218 4091 3271 hortamen-

2498 3316 2606 3358 tum
2638 3306 2705 3359 ad
2733 3306 2966 3375 reliquas
2990 3309 3200 3361 virtutis
3230 3318 3409 3377 partes
3431 3308 3784 3378 attingendus.
3813 3308 3913 3375 Qui
3938 3310 4091 3364 enim

2498 3396 2630 3450 nihil
2658 3398 2920 3465 prmstitit,
2957 3402 3211 3466 torpescit
3237 3408 3292 3452 et
3336 3399 3443 3452 cito
3480 3398 3713 3452 concidit
3740 3400 3948 3463 animo,
3992 3402 4093 3468 qui

2496 3501 2623 3539 vero
2669 3485 2767 3539 sibi
2810 3489 3055 3541 conscius
3098 3496 3217 3551 est,
3264 3488 3406 3557 quod
3442 3488 3523 3542 vel
3568 3504 3734 3542 unum
3780 3490 4093 3559 expleverit

2496 3575 2822 3637 mandatum.
2850 3593 2919 3631 ex
2947 3578 3050 3634 hoc
3075 3578 3213 3633 bene
3247 3592 3464 3647 sperare
3488 3579 3699 3645 doctus,
3738 3576 3927 3652 majori
3957 3597 4090 3637 cum

2496 3665 2675 3719 studio
2702 3666 2769 3719 ad
2806 3667 3007 3736 reliqua
3035 3668 3288 3737 procedet
3317 3685 3330 3721 :
3358 3679 3544 3740 postea
3576 3670 3718 3741 aliud
3740 3671 3987 3740 capiens,
4013 3673 4091 3727 ad

2497 3757 2640 3811 aliud
2676 3760 2922 3813 celeriter
2950 3761 3161 3823 veniet,
3195 3775 3293 3815 nec
3338 3760 3483 3829 prius
3525 3761 3787 3830 desistet,
3830 3778 3989 3833 quam
4014 3766 4088 3819 ad

2498 3848 2669 3917 ipsum
2700 3850 2909 3903 culmen
2940 3851 3236 3919 perveniat.
3270 3851 3323 3905 Si
3354 3852 3497 3905 enim
3530 3853 3582 3906 in
3614 3855 3854 3921 pecuniis
3882 3866 4091 3923 quanto

2497 3941 2614 4009 quis
2639 3941 2817 4009 plures
2842 3944 3266 4009 comparaverit,
3297 3952 3444 3996 tanto
3485 3944 3665 4012 plures
3690 3946 3839 4014 cupit
3870 3964 3883 3999 :
3914 3947 4089 4002 multo

2497 4032 2667 4099 magis
2702 4032 2752 4083 in
2781 4030 2970 4085 officiis
3012 4033 3373 4101 spiritualibus
3402 4033 3504 4087 hoc
3542 4035 3851 4105 contingere
3875 4037 4087 4092 videas.

2497 4123 2783 4191 Protiterea
2817 4123 3009 4177 festino
3038 4135 3093 4179 et
3122 4141 3307 4194 urgeo,
3341 4134 3397 4177 ut
3428 4140 3515 4179 res
3542 4127 3855 4195 principium
3884 4130 4085 4195 capiat,

2498 4224 2553 4266 et
2592 4215 2644 4266 in
2686 4214 2876 4267 animis
2909 4216 3098 4268 vestris
3141 4215 3350 4268 virtutis
3394 4214 3792 4269 fundamentum
3830 4217 4087 4285 jaciatur,

2498 4313 2554 4357 et
2598 4319 2879 4372 precamur
2923 4316 2977 4359 et
3016 4305 3411 4374 supplicamus,
3461 4317 3519 4360 ut
3560 4321 3668 4359 non
3709 4316 3909 4360 tantum
3954 4308 4087 4363 hora

2500 4396 2749 4462 praasenti
2792 4397 2980 4449 horum
3012 4396 3127 4448 sitis
3155 4397 3439 4449 verborum
3481 4411 3747 4451 memores
3768 4437 3783 4459 ,
3816 4412 4001 4451 verum
4033 4410 4088 4453 et

2499 4485 2642 4538 domi
2664 4525 2679 4549 ,
2710 4494 2765 4539 et
2791 4486 2842 4538 in
2886 4484 3030 4548 foro,
3060 4493 3115 4538 et
3143 4485 3468 4556 ubicumque
3506 4486 3933 4541 commoremini.
3969 4487 4089 4544 Uti-

2498 4591 2619 4630 nam
2649 4577 2776 4629 mibi
2804 4576 2915 4632 dari
2946 4586 3145 4645 posset,
3172 4583 3233 4629 ut
3250 4576 3523 4631 vobiscum
3549 4590 3899 4632 conversarer
3927 4580 3941 4634 ι
3976 4596 4085 4635 non

2501 4667 2603 4721 hoc
2631 4668 2785 4736 longo
2811 4667 2942 4719 mihi
2966 4680 3213 4721 sermone
3239 4666 3430 4723 fuisset
3448 4681 3584 4738 Opus
3606 4685 3621 4722 :
3647 4684 3789 4724 nunc
3808 4685 3939 4725 vero
3960 4689 4085 4727 cum

2501 4761 2603 4814 hoc
2629 4756 2733 4813 non
2777 4758 2935 4813 liceat
2956 4800 2970 4823 ,
2997 4770 3093 4813 vos
3124 4774 3209 4813 me
3250 4760 3473 4815 absente
3500 4761 3786 4815 verborum
3813 4778 4088 4820 memores

2500 4861 2670 4906 estote
2694 4866 2957 4916 meorum,
2998 4858 3053 4906 et
3090 4851 3157 4906 ad
3186 4867 3424 4907 mensam
3463 4852 3713 4909 sedentes
3752 4854 3955 4925 ingredi
3999 4874 4087 4912 me

2502 4954 2700 5013 putate,
2722 4953 2779 4999 et
2802 4927 3037 5007 adstaret
3062 4952 3118 4998 et
3139 4945 3319 4998 omnia
3344 4958 3463 5013 quae
3490 4960 3630 4999 nunc
3654 4945 3804 5000 vobis
3824 4943 3911 5000 hic
3936 4948 4084 5013 dico,

2500 5036 2748 5090 insonare
2776 5052 2789 5087 :
2828 5044 2883 5089 et
2912 5035 3228 5105 ubicumque
3257 5036 3408 5091 vobis
3450 5036 3517 5090 de
3545 5051 3631 5091 me
3662 5036 3940 5092 habebitur
3966 5057 4085 5094 ser-

2502 5144 2611 5192 mo,
2645 5144 2753 5198 prze
2778 5128 3025 5182 omnibus
3050 5126 3204 5197 hujus
3229 5134 3555 5183 mementote
3580 5128 3835 5186 mandati.
3864 5139 3919 5183 et
3944 5129 4088 5185 hanc

2500 5222 2632 5277 mihi
2677 5222 2874 5276 amoris
2918 5221 2971 5275 in
3011 5216 3125 5276 vos
3154 5222 3258 5275 mei
3302 5220 3704 5274 retributionem
3755 5220 4009 5275 reddite:
4044 5224 4087 5276 si

2502 5314 2603 5370 hoc
2628 5330 2723 5369 vos
2749 5314 2999 5381 implesse
3022 5314 3243 5377 videro,
3268 5320 3437 5367 totum
3465 5313 3665 5381 recepi,
3693 5312 3907 5383 dignam
3937 5314 4089 5370 labo-

2502 5422 2619 5462 rum
2646 5407 2765 5476 cepi
2794 5404 3117 5460 mercedem.
3147 5404 3219 5460 Ut
3256 5405 3415 5473 igitur
3440 5416 3493 5458 et
3517 5419 3615 5458 nos
3639 5404 3874 5460 reddatis
3904 5421 4086 5475 prom-

2503 5499 2721 5568 ptiores.
2762 5506 2817 5551 et
2837 5509 2933 5549 vos
2971 5496 3122 5549 bona:
3147 5496 3260 5563 spei
3295 5494 3621 5557 eﬂiciamini.
3649 5505 3702 5549 et
3730 5496 3990 5563 majorem
4019 5498 4085 5551 ad

2504 5592 2703 5661 reliqua
2724 5586 2972 5643 mandata
2997 5586 3299 5641 facilitatem
3324 5586 3542 5656 paretis,
3565 5587 3732 5641 multo
3753 5584 3889 5641 hanc
3913 5587 4083 5657 legem

2501 5684 2679 5740 studio
2706 5683 2757 5735 in
2785 5680 2976 5735 animis
3000 5679 3191 5734 vestris
3216 5691 3486 5747 reponite,
3526 5686 3581 5733 et
3606 5688 3732 5733 tunc
3756 5678 4085 5734 admonitio-

2505 5778 2587 5833 nis
2616 5776 2894 5832 utilitatem
2924 5774 3121 5828 scietis.
3168 5772 3427 5839 Quoniam
3456 5781 3510 5827 et
3537 5784 3759 5827 aureum
3792 5771 4081 5831 vestitae".
