4196 6316
214 362 271 417 8t
1201 330 1296 420 Al)
1326 363 1644 419 POPULUM
1686 363 2171 424 ANTIOCHI-3ND“
2235 365 2467 421 HOMIL.
2510 365 2596 419 Vl.
3466 369 3535 425 83

218 492 323 533 tum
355 495 422 534 ex
450 495 512 535 se
538 480 828 551 pulchrum
855 480 1065 536 videtur
1084 521 1099 547 ,
1129 481 1296 535 multo
1325 479 1597 551 pulchrius
1639 488 1817 534 autem

218 570 373 625 nobis
399 571 675 625 videbitur
706 581 889 626 nostro
911 572 1348 641 circumpositum
1374 572 1585 640 corpori
1621 584 1636 635 ;
1666 570 1744 624 sic
1765 580 1821 626 et

218 660 311 715 Dei
342 661 597 715 mandata
624 662 843 731 pulchra
866 661 1079 732 quidem
1104 670 1246 723 sunt,
1270 664 1430 716 etiam
1453 677 1573 716 cum
1602 661 1823 715 laudan-

213 753 340 813 tu'r;
382 751 555 804 multo
597 761 775 805 autem
839 752 1144 821 pulchriora
1169 794 1185 817 ,
1231 768 1352 806 cum
1415 761 1469 806 et
1510 753 1816 822 explentur,

211 852 503 912 apparent.
534 842 745 897 Etenim
774 859 917 898 nunc
958 845 1103 897 brevi
1136 845 1392 913 temporis
1422 854 1697 898 momento
1734 844 1819 896 di-

209 943 297 986 cta
328 944 517 987 nostra
542 933 806 999 laudatis;
834 936 878 987 si
904 950 1035 989 vero
1062 950 1149 989 res
1176 935 1464 1003 impleatis,
1490 950 1584 1003 per
1604 949 1819 987 onmem

213 1025 386 1094 diem,
412 1036 471 1080 et
498 1040 595 1095 per
616 1040 778 1081 omne
801 1036 1031 1095 tempus,
1061 1036 1115 1081 et
1141 1040 1240 1081 nos
1264 1039 1319 1080 et
1348 1040 1442 1079 vos
1469 1026 1613 1096 ipsos
1642 1026 1825 1079 lauda-

1925 477 2073 534 bitis.
2106 478 2216 534 Nec
2246 478 2347 534 hoc
2371 488 2454 534 est
2479 495 2752 550 magnum,
2780 479 2923 551 quod
2946 481 3173 537 invicem
3204 497 3302 536 nos
3329 480 3519 539 lauda-

1930 571 2107 625 bimus
2128 613 2144 637 ,
2173 571 2267 625 sed
2292 570 2433 640 quod
2466 580 2519 624 et
2551 572 2691 625 Deus
2726 587 2825 627 nos
2865 573 3121 641 suscipiet
3151 589 3164 626 :
3193 587 3293 627 nec
3324 582 3528 627 tantum

1927 662 2222 733 suscipiet,
2266 662 2362 716 scd
2392 672 2447 717 ct
2490 646 2697 732 magnis
2728 664 2833 717 illis
2875 663 3309 718 remunerabitur
3350 672 3405 717 et
3442 664 3520 717 iu-

1929 753 2229 809 ell‘abilibus
2254 754 2410 808 donis
2444 770 2456 805 :
2485 769 2602 823 quae
2634 770 2734 808 nos
2761 770 2950 809 omnes
2989 755 3202 825 assequi
3231 756 3527 825 coiitingat,

1927 844 2097 913 gratia
2126 844 2337 897 Domini
2370 845 2537 897 nostri
2565 842 2693 898 .lesu
2720 842 2959 910 Christi,
3012 860 3107 913 per
3140 860 3299 915 quem
3329 854 3383 900 et
3407 860 3531 899 cum

1930 950 2036 1004 quo
2066 933 2213 989 Patri
2256 934 2425 1003 gloria
2474 950 2579 987 uua
2625 950 2747 988 cum
2794 946 2982 989 sancto
3026 936 3250 1005 Spiritu,
3300 952 3441 990 nunc
3478 944 3534 989 et

1934 1040 2166 1094 semper,
2194 1035 2243 1079 et
2274 1025 2326 1078 in
2356 1027 2553 1079 szccula
2578 1026 2918 1081 saeculorum.
2961 1029 3151 1081 Amen.

208 1255 389 1311 ρῑόι)
437 1256 645 1300 υτιιιε
686 1255 799 1298 εει·
840 1254 1346 1299 MAGISTRATUUM
1390 1251 1618 1305 TIMOR,
1665 1252 1747 1294 ET
1789 1252 1825 1293 Ν

1931 1250 2115 1293 RATIO
2159 1251 2403 1303 EORUM,
2450 1246 2594 1302 QUE
2639 1250 2760 1292 PER
2806 1251 2961 1293 νιΑΜ
3006 1251 3413 1295 Αοςιοειιυκτ
3457 1249 3538 1291 IIS

291 1356 408 1410 ουι
455 1356 747 1399 ΝυΝἹἸυΗΙ
793 1354 1148 1398 δευιτιοιηιε
1190 1350 1586 1396 IMPERATORI
1619 1350 2044 1394 AFFEREBANT
2092 1352 2107 1391 ζ

2156 1349 2236 1391 ετ
2280 1348 2452 1401 QUOD
2481 1348 2590 1401 QUI
2624 1349 2889 1392 INDIGNA
2929 1349 3205 1393 PATITUR
3264 1350 3344 1393 ET
3371 1350 3539 1393 Glu—

291 1456 441 1499 TIAS
487 1455 636 1498 AGIT
680 1438 1116 1496 PERUIT‘I'ENTI
1162 1452 1311 1507 D80,
1360 1452 1482 1494 PAR
1520 1450 1622 1494 SIT
1666 1451 1728 1491 EI
1773 1449 1885 1501 QUI
1910 1449 2100 1492 TALIA
2131 1448 2419 1492 PROPTER
2447 1450 2626 1492 DEUM
2663 1450 2963 1493 PATITUR.
3009 1450 3308 1497 EXBMPLA
3365 1452 3522 1495 RUR.

294 1555 421 1599 3U!
459 1558 491 1597 Δ
538 1553 767 1596 τιιωυε
811 1554 1033 1597 ιιυειιιε
1080 1553 1160 1595 ΕΤ
1205 1551 1490 1595 PORNACE
1537 1549 1932 1593 BABYLONICA
1979 1551 1994 1589 :

2043 1549 2123 1591 ET
2168 1549 2249 1590 DE
2293 1548 2716 1594 ABSTINENTIA
2759 1552 2799 1593 Δ
2841 1549 3266 1593 ιυιυιιπκτιε.

1519 1667 2248 1708 κπητηηπππητδ

873 1828 1092 1867 HOIllLIA
1132 1829 1203 1865 Vl.

293 1954 348 2008 ί.
390 1951 585 2006 Multos
610 1949 826 2021 quidem
872 1948 1232 2018 impendimus
1265 1946 1828 2007 diescharitatemve-

218 2057 386 2101 stram
420 2043 807 2097 consolantes:
839 2054 945 2094 non
969 2049 1251 2109 propterea
1286 2048 1463 2093 tamen
1507 2040 1574 2092 ab
1602 2037 1703 2091 hac
1729 2036 1827 2090 de-

222 2136 482 2189 sistemus
506 2130 763 2194 materia;
795 2129 887 2185 sed
910 2131 1083 2184 donec
1112 2130 1341 2184 tristitia:
1374 2129 1565 2183 vulnus
1611 2144 1828 2182 reman-

220 2229 370 2287 serit,
420 2212 811 2279 consolationis
864 2221 1317 2281 medicamentum
1366 2221 1723 2290 imponemus.
1772 2220 1826 2274 Si

217 2317 367 2371 enim
398 2302 646 2384 corporis
671 2315 892 2368 vulnera
918 2328 1110 2367 curare
1158 2328 1264 2367 non
1307 2312 1560 2366 desinunt
1611 2310 1827 2376 medici,

219 2406 392 2460 donec
413 2405 677 2459 desivisse
714 2404 954 2458 dolorem
988 2398 1254 2459 viderint:
1307 2402 1476 2455 multo
1515 2403 1684 2470 magis
1728 2400 1829 2455 hoc

225 2496 490 2550 inanima
530 2494 645 2549 ﬁeri
677 2495 949 2548 convenit.
998 2493 1212 2549 Etenim
1264 2494 1458 2547 animm
1508 2494 1699 2547 vulnus
1747 2504 1830 2546 est

224 2587 465 2653 tristitia,
523 2596 581 2642 et
624 2588 794 2655 ipsam
845 2587 1098 2640 continue
1151 2585 1363 2640 lenibus
1410 2584 1593 2639 fovere
1649 2585 1828 2639 verbis

220 2689 480 2747 oportet:
532 2694 633 2732 nec
672 2680 814 2732 enim
867 2681 936 2732 ita
989 2678 1170 2747 carnis
1220 2688 1483 2733 tumorem
1533 2677 1825 2731 calidarum

223 2771 359 2824 solet
400 2786 664 2839 aquarum
721 2779 906 2823 natura
956 2770 1251 2833 remittere,
1306 2779 1364 2822 ut
1406 2771 1599 2822 animm
1638 2779 1826 2822 aistum

223 2862 619 2914 consolantium
650 2860 802 2930 copia
831 2875 1141 2914 sermonum
1171 2860 1359 2914 sedare
1379 2860 1677 2914 consuevit.
1711 2858 1826 2912 Non

224 2950 307 3004 hic
334 2966 474 3019 opus
516 2953 761 3020 spongia,
814 2952 951 3005 sicut
1008 2951 1251 3015 medicis,
1301 2950 1394 3003 sed
1452 2966 1551 3020 pro
1601 2951 1824 3020 spongia

225 3041 459 3109 linguam
492 3042 882 3096 tractabimus:
913 3056 1017 3094 non
1053 3040 1139 3094 hic
1164 3056 1300 3109 Opus
1332 3042 1472 3109 igne,
1510 3058 1616 3110 quo
1659 3056 1826 3108 aquas

222 3130 622 3194 calefaciamus,
646 3132 741 3186 sed
770 3148 867 3201 pro
921 3120 1041 3201 igne
1089 3131 1319 3200 Spiritus
1364 3133 1533 3200 gratia
1591 3141 1825 3185 utemur.

223 3226 330 3291 Age
361 3226 524 3293 igitur
553 3231 608 3276 et
650 3222 811 3277 hodie
838 3222 943 3276 hoc
978 3224 1152 3292 ipsum
1188 3222 1462 3275 faciamus.
1514 3220 1625 3275 Nisi
1680 3221 1825 3274 enim

224 3332 317 3369 nos
343 3316 771 3370 consolationem
793 3315 943 3368 vobis
991 3315 1349 3377 attulerimus,
1402 3315 1543 3367 unde
1583 3316 1821 3367 solamen

221 3408 433 3463 abunde
488 3408 767 3477 capietis?
812 3407 1029 3462 Judices
1080 3417 1300 3472 terrent,
1353 3407 1472 3461 ideo
1516 3410 1825 3461 sacerdotes

222 3498 619 3552 consolentur:
667 3502 1011 3567 magistratus
1054 3498 1357 3560 minantur,
1410 3498 1530 3552 ideo
1583 3498 1823 3553 Ecclesia

223 3590 529 3644 conﬁrmet.
548 3591 757 3643 Etenim
783 3592 885 3645 hoc
907 3591 957 3643 in
974 3590 1211 3661 parvulis
1231 3592 1408 3643 evenit
1429 3608 1441 3654 ;
1468 3601 1825 3660 praeseptores

225 3690 448 3745 terrent,
478 3690 533 3733 et
564 3682 869 3747 verberant,
899 3691 953 3734 et
984 3683 1342 3751 lacrymantes
1371 3682 1438 3734 ad
1488 3693 1687 3737 matres
1733 3699 1822 3737 re-

223 3774 700 3828 mittuntzmatres
720 3788 847 3828 vero
870 3775 991 3827 sinu
1039 3774 1392 3842 suscipientes
1444 3776 1727 3827 continent
1770 3785 1823 3828 et

222 3866 759 3932 circuniplectuntur.
788 3875 842 3920 et
873 3867 1137 3935 lacrymas
1183 3866 1526 3935 detergc'ntes
1566 3868 1821 3919 osculan-

225 3967 329 4021 tur,
359 3966 413 4009 et
458 3956 729 4011 dolentem
762 3958 999 4027 ipsorum
1046 3957 1279 4010 animam
1332 3959 1593 4020 relevant,
1645 3960 1822 4012 verbis

223 4049 627 4116 persuadentes,
652 4048 822 4116 ipsius
846 4049 1025 4101 utilem
1050 4062 1169 4102 esse
1189 4060 1576 4118 praeceptorum
1597 4058 1819 4104 metum.

292 4138 692 4209 Hagistratuum
720 4140 871 4193 timor
896 4141 1058 4193 utilis.
1088 4170 1161 4180 —
1185 4140 1446 4206 Quoniam
1476 4143 1633 4210 igitur
1654 4150 1707 4194 et
1729 4157 1821 4195 vos

222 4240 529 4286 temnerunt
558 4234 919 4301 magistratus,
969 4244 1024 4288 et
1077 4235 1265 4288 anxios
1322 4234 1688 4298 reddiderunt,
1720 4234 1823 4288 Ec-

220 4323 382 4376 clesia
412 4322 716 4376 communis
746 4324 983 4377 omnium
1003 4335 1174 4377 mater
1186 4333 1365 4378 nostra
1383 4326 1531 4378 sinus
1550 4326 1817 4394 aperiens,

224 4425 275 4469 et
300 4417 508 4484 supinis
555 4417 856 4486 suscipiens
900 4419 1149 4472 manibus
1198 4419 1435 4487 quotidie
1487 4420 1816 4483 consolatur,

222 4508 405 4563 dicens
422 4510 608 4561 utilem
631 4523 752 4563 esse
777 4512 1183 4579 magistratuum
1209 4522 1431 4575 metum,
1449 4514 1632 4567 utilem
1657 4515 1817 4568 etiam

223 4600 345 4653 hinc
373 4598 664 4668 profectam
695 4600 1144 4655 consolationem.
1193 4602 1406 4655 Illorum
1451 4603 1592 4656 enim
1643 4614 1819 4657 metus

224 4709 324 4746 non
376 4694 503 4747 sinit
528 4707 625 4747 nos
654 4700 871 4761 torpore
896 4693 1147 4758 dissolvi;
1180 4694 1335 4763 hujus
1358 4704 1535 4748 autem
1567 4697 1817 4749 consola-

226 4786 295 4837 tio
341 4784 443 4838 sub
478 4783 693 4837 tristitia
740 4784 1092 4839 succumbere
1133 4801 1238 4839 non
1288 4788 1582 4854 permittit:
1627 4796 1681 4841 et
1729 4805 1821 4857 per

225 4887 447 4945 utraque
478 4875 616 4929 Deus
639 4876 864 4929 salutem
897 4885 1135 4929 nostram
1166 4877 1420 4945 disponit.
1445 4877 1577 4931 Nam
1624 4891 1679 4933 et
1710 4896 1821 4933 ma-

222 4970 479 5034 gistratus
514 4967 630 5035 ipse
672 4968 921 5032 armavit,
973 4979 1031 5022 ut
1083 4969 1422 5041 lascivientes
1468 4980 1820 5027 terreantzet

223 5059 531 5112 sacerdotes
559 5058 673 5126 ipse
703 5057 883 5127 elegit,
941 5069 998 5111 ut
1051 5058 1296 5113 dolentes
1339 5062 1729 5115 consolentur:
1767 5073 1822 5118 et

228 5148 335 5203 btet:
354 5160 588 5217 utraque
618 5157 741 5217 post
761 5148 1087 5218 Scripturas,
1115 5151 1226 5220 ipsa
1252 5151 1414 5204 etiam
1444 5167 1624 5206 rerum
1648 5170 1815 5222 expe-

226 5241 409 5295 rientia
439 5240 602 5293 docet
626 5241 673 5290 ¹.
706 5238 762 5293 Si
794 5242 936 5294 enim
962 5256 1083 5295 cum
1110 5259 1218 5295 non
1242 5242 1495 5296 deessent
1534 5250 1819 5314 magistra-

226 5345 327 5399 tus,
356 5345 409 5389 et
438 5335 639 5387 milites
667 5333 717 5386 in
738 5334 903 5388 armis
923 5345 1121 5403 prtcsto
1138 5348 1337 5399 essent,
1365 5338 1509 5391 furor
1528 5355 1819 5407 paucorum

227 5427 496 5482 hominum
530 5428 958 5496 promiscuorum
982 5438 1036 5483 et
1064 5429 1390 5483 advenarum
1433 5433 1577 5487 brevi
1609 5443 1819 5504 tempo-

228 5525 296 5574 ris
321 5530 601 5576 momento
632 5530 838 5574 tantum
860 5523 1336 5580 nobisincendium
1362 5529 1504 5593 fecit,
1536 5538 1588 5583 et
1618 5540 1815 5584 tantam

231 5613 463 5666 cxritavit
493 5612 811 5682 procellam,
839 5621 894 5665 et
915 5612 981 5667 de
1009 5616 1288 5685 naufragio
1318 5628 1542 5674 cunctos
1578 5631 1818 5676 metuere

288 5768 300 5797 ³
338 5769 523 5829 Αιιιιιιυι
551 5776 660 5817 uss.
692 5782 703 5817 :
738 5768 1043 5829 expet-initia
1067 5771 1256 5821 clunmt.

1938 1815 2235 1883 compulit:
2268 1814 2310 1869 si
2345 1816 2753 1884 magistratuum
2799 1825 2974 1868 metus
3018 1813 3242 1868 omnino
3291 1812 3537 1867 sublatus

1937 1906 2157 1971 fuisset,
2187 1905 2252 1960 ad
2278 1906 2401 1975 quid
2434 1905 2627 1959 furoris
2656 1906 2743 1959 isti
2774 1922 2879 1959 non
2921 1903 3241 1959 venissent?
3282 1919 3462 1959 nonne
3506 1922 3535 1958 a

1939 1999 2306 2053 fundamentis
2329 1998 2468 2053 hanc
2490 1999 2657 2052 nobis
2674 1999 2860 2052 urbem
2892 1998 3241 2061 evertissent,
3275 2007 3331 2052 et
3358 1998 3536 2051 omnia

1935 2088 2346 2153 confundentes,
2384 2090 2529 2159 ipsas
2555 2089 2771 2143 demum
2797 2089 3006 2142 animas
3030 2099 3242 2141 nostras
3270 2070 3527 2142 abstulis-

1934 2179 2093 2234 sent?
2120 2178 2175 2234 Si
2198 2181 2342 2233 enim
2366 2179 2639 2249 judicialia
2666 2180 2947 2233 sustuleris
2970 2178 3276 2241 tribunalia,
3310 2193 3529 2233 omnem

1934 2271 2058 2324 vita:
2086 2280 2284 2324 nostra:
2314 2270 2558 2323 ordinem
2582 2269 2867 2322 sustuleris
2893 2285 2905 2319 :
2938 2276 2995 2322 et
3027 2268 3167 2321 sicut
3186 2268 3229 2321 si
3260 2268 3526 2337 guberna-

1938 2368 2107 2417 torem
2139 2378 2168 2414 a
2196 2362 2317 2414 navi
2350 2359 2712 2429 separaveris,
2740 2358 2996 2427 scapham
3051 2357 3433 2421 submerseris,
3482 2367 3536 2411 et

1934 2454 1977 2507 si
2006 2452 2197 2507 ducem
2222 2453 2289 2506 ab
2319 2453 2559 2505 exercitu
2589 2450 2901 2514 abduxeris,
2925 2450 3136 2503 vinctos
3163 2450 3404 2504 hostibus
3431 2458 3538 2502 tra-

1932 2546 2133 2600 dideris
2162 2545 2365 2599 milites
2389 2562 2401 2596 :
2433 2545 2503 2598 ita
2532 2545 2574 2597 si
2601 2544 2946 2612 magistratus
2971 2542 3037 2597 de
3058 2541 3364 2596 civitatibus
3415 2542 3538 2595 absv

1936 2640 2143 2704 tuleris,
2201 2638 2331 2693 feris
2373 2636 2835 2691 irrationabilibus
2888 2636 3060 2704 magis
3106 2632 3533 2687 irrationabilcm

1932 2732 2189 2801 degemus
2215 2732 2397 2792 vitam,
2435 2731 2578 2784 inter
2605 2744 2702 2782 nos
2730 2729 3039 2782 mordentes
3065 2735 3120 2780 et
3146 2741 3243 2779 nos
3270 2726 3532 2779 devoranc

1934 2834 2034 2887 tes,
2057 2824 2432 2891 pauperiorem
2453 2822 2624 2885 dives,
2659 2820 3014 2874 infirmiorem
3048 2816 3339 2887 potentior,
3375 2831 3531 2868 man-

1932 2917 2225 2969 suetiorem
2258 2914 2536 2967 audacior.
2572 2913 2677 2967 Sed
2712 2912 2903 2965 horum
2935 2910 3070 2965 nihil
3116 2924 3258 2963 nunc
3304 2919 3388 2961 est
3432 2924 3529 2977 per

1938 3008 2026 3060 Dei
2056 3008 2280 3076 gratiam
2307 3023 2319 3059 :
2353 3006 2404 3058 in
2436 3004 2698 3074 religione
2728 3003 2872 3057 enim
2922 3003 3164 3055 viventes
3220 2999 3350 3053 nihil
3398 3014 3533 3067 Opus

1933 3098 2125 3151 horum
2155 3098 2351 3151 habent
2377 3098 2759 3151 correctione:
2809 3092 2960 3146 Justo
2996 3095 3139 3149 enim
3180 3092 3263 3146 lex
3307 3107 3407 3143 non
3460 3099 3532 3141 est

1933 3191 2117 3258 posita,
2152 3189 2323 3257 inquit
2346 3187 2362 3256 (
2388 3190 2435 3240 l.
2461 3186 2595 3239 Tim.
2630 3188 2679 3239 1.
2708 3186 2785 3256 9).
2842 3184 2991 3238 Multi
3047 3198 3178 3237 vero
3225 3181 3291 3234 ad
3339 3181 3530 3234 vitium

1931 3290 2259 3348 Spectantes,
2292 3280 2393 3332 nisi
2414 3282 2555 3332 hunc
2580 3278 2952 3332 imminentem
2976 3274 3223 3329 timorem
3245 3274 3529 3333 haberent,

1933 3372 2155 3426 infinitis
2228 3371 2412 3440 utique
2470 3370 2624 3422 malls
2694 3369 2938 3422 civitates
2995 3366 3355 3434 implessent,
3412 3378 3531 3431 qua:

1932 3462 2128 3515 Paulus
2150 3443 2361 3529 quoque
2386 3476 2713 3529 cognoscens
2736 3460 2947 3513 diccbat
2973 3476 2984 3509 :
3026 3456 3143 3510 Non
3166 3458 3299 3508 enim
3328 3464 3398 3508 cst
3430 3471 3526 3523 po-

1930 3564 2100 3615 testas,
2132 3555 2226 3605 nisi
2249 3571 2278 3605 a
2306 3553 2409 3604 Deo
2430 3570 2448 3605 :
2474 3562 2517 3605 et
2548 3568 2659 3621 qum
2684 3536 2799 3604 sunt
2830 3560 3115 3616 potestates,
3166 3565 3197 3598 a
3228 3546 3333 3599 Deo
3389 3544 3530 3597 ordi-

1931 3660 2063 3700 nata!
2087 3648 2409 3713 sunt(Rom.
2450 3648 2534 3699 15.
2572 3647 2641 3713 1).
2673 3646 2822 3709 Quod
2854 3644 2998 3697 enim
3047 3645 3099 3696 in
3150 3641 3399 3694 domibus
3454 3637 3526 3690 fa-

1929 3742 2076 3794 ciunt
2120 3736 2383 3807 lignorum
2435 3738 2881 3805 contignationes,
2933 3736 3035 3787 hoc
3090 3734 3430 3799 magistratus
3477 3730 3528 3782 iu

1928 3832 2232 3885 civitatibus
2258 3850 2270 3883 :
2304 3844 2357 3883 et
2385 3832 2517 3883 sicut
2547 3831 2590 3883 si
2622 3831 2738 3883 illas
2759 3828 3061 3891 sustuleris,
3095 3825 3335 3877 (Ιιηεοὶιιιὶ
3359 3822 3531 3890 parie-

1930 3933 2009 3976 tes
2035 3940 2126 3991 per
2148 3939 2266 3976 sese
2294 3933 2553 3975 corruunt
2584 3940 2596 3974 :
2631 3921 2700 3973 ita
2751 3922 2795 3974 si
2845 3935 2908 3971 ex
2962 3917 3160 3970 mundo
3188 3916 3531 3982 magistratus

1932 4016 2083 4069 tollas
2101 4026 2153 4068 et
2176 4016 2364 4068 horum
2398 4025 2618 4076 metum,
2640 4022 2703 4080 _et
2728 4012 2918 4064 domus
2944 4021 2995 4063 et
3024 4008 3268 4062 civitates
3297 4016 3351 4059 et
3392 4022 3526 4073 gen-

1930 4118 2007 4159 tes
2030 4121 2151 4160 cum
2182 4106 2342 4158 multa
2376 4107 2513 4158 inter
2540 4119 2597 4157 se
2621 4104 2832 4157 licentia
2857 4108 3133 4161 corrucnt,
3174 4098 3389 4151 nemine
3411 4096 3526 4149 exi-

1928 4208 2101 4251 stente
2131 4199 2217 4266 qui
2247 4200 2520 4250 contineat
2544 4209 2596 4250 et
2628 4195 2872 4263 repellat,
2904 4204 2959 4248 et
2991 4209 3163 4262 paena:
3196 4192 3387 4244 timore
3432 4206 3527 4243 eos

1928 4290 2211 4357 quiescere
2238 4290 2576 4357 persuadeat.

1998 4378 2369 4433 Airumnarum
2399 4380 2604 4431 utilitas.
2634 4376 2781 4430 --Nc
2808 4377 2965 4445 igitur
2985 4375 3283 4439 doleamus,
3328 4373 3527 4434 dilecti,

1930 4484 2143 4541 propter
2163 4471 2567 4541 magistratuum
2598 4478 2827 4532 metum;
2858 4484 3042 4521 verum
3082 4475 3137 4520 et
3183 4466 3290 4520 Dco
3329 4465 3527 4535 gratias

1927 4580 2147 4633 agamus
2174 4565 2313 4632 quod
2340 4574 2606 4630 torporem
2633 4571 2873 4614 nostrum
2917 4560 3272 4629 corripuerit,
3326 4568 3380 4611 et
3433 4574 3529 4610 nos

1927 4657 2293 4724 diligentiores
2345 4655 2601 4708 eﬂeccril.
2648 4654 2799 4719 Quod
2860 4655 3001 4705 enim
3034 4694 3047 4715 ,
3106 4667 3321 4721 quzrso,
3371 4652 3491 4703 datu

1929 4764 2053 4799 nunt
2080 4746 2273 4799 factum
2298 4756 2379 4799 est
2409 4762 2471 4798 ex
2521 4762 2646 4797 cura
2681 4756 2735 4797 ct
2786 4745 3148 4797 sollicitudine
3208 4745 3302 4793 ista
3322 4744 3344 4794 ’ἶ
3385 4744 3525 4810 quod

1930 4840 2261 4890 honestiores
2289 4838 2407 4890 facti
2458 4837 2624 4889 simus
2668 4835 3184 4888 ctmausuetiores?
3214 4833 3354 4900 quod
3404 4834 3526 4886 dili~

1927 4931 2199 4999 gentiores
2230 4940 2283 4983 et
2309 4932 2624 4982 attentiorcs
2646 4929 2668 4981 ?
2694 4930 2833 4995 quod
2863 4929 3070 4981 ebrium
3120 4937 3173 4980 et
3223 4928 3525 4981 meretricia

1926 5033 2207 5076 canentem
2236 5023 2441 5075 cantica
2495 5022 2771 5075 videamus
2802 5022 3113 5075 neminem?
3143 5020 3286 5087 quod
3328 5020 3527 5087 suppli-

1926 5116 2169 5169 cationes
2196 5116 2485 5179 continuzr,
2518 5125 2569 5167 et
2599 5116 2849 5185 lacrymcc
2880 5125 2934 5167 ct
2958 5115 3184 5182 preces?
3217 5114 3358 5181 quod
3386 5116 3524 5165 risus

1928 5209 2283 5276 importunus.
2309 5218 2362 5261 et
2389 5208 2561 5276 turpia
2584 5209 2765 5271 verba,
2790 5217 2842 5259 et
2870 5207 3042 5259 oninis
3068 5205 3281 5257 lascivia
3305 5206 3525 5272 expulsa

1928 5302 2015 5364 sit,
2041 5311 2092 5353 et
2122 5301 2399 5353 mulierem
2428 5300 2727 5352 modestam
2780 5309 2831 5352 et
2861 5299 3082 5352 liberam
3111 5298 3299 5351 civitas
3344 5306 3526 5349 nostra

1929 5405 2035 5450 tota
2070 5411 2209 5448 nunc
2231 5394 2503 5447 imitetur?
2537 5404 2754 5461 propter
2776 5392 2891 5444 haec
2914 5390 3103 5444 doles?
3135 5390 3271 5457 Quin
3296 5389 3528 5457 gaudere

1930 5496 2145 5557 propter
2172 5487 2286 5555 haec
2312 5496 2363 5539 ct
2394 5486 2501 5540 [)eo
2523 5488 2723 5555 gratias
2751 5500 2909 5554 agerc
2938 5485 3105 5551 magis
3124 5490 3356 5550 oportet,
3385 5480 3525 5549 quod

1930 5588 2129 5632 tantam
2158 5579 2433 5631 mollitiem
2472 5593 2757 5645 paucorum
2790 5576 2996 5629 dierum
3026 5574 3313 5627 formidine
3352 5573 3525 5625 resol-

1930 5674 2084 5726 \crit.
2118 5673 2232 5726 Non
2259 5690 2414 5739 tu'gn,
2447 5672 2650 5741 inquit;
2686 5671 2779 5723 sed
2826 5669 2869 5722 si
2900 5669 2961 5721 ad
2993 5678 3192 5721 metum
3217 5680 3382 5735 usque
3406 5677 3524 5717 tau-

1928 5778 2035 5819 tum
2068 5767 2510 5833 periclitareinur,
2564 5765 2690 5818 Silii:
2722 5778 2963 5817 essemus
2990 5762 3231 5814 utilitatis
3286 5759 3469 5813 lucrati
3507 5775 3520 5811 ;
