4196 6316
671 327 738 381 85
1389 330 1441 387 S.
1485 332 1763 393 JOANNIS
1797 337 2268 399 CHRYSOSTOMI
2306 348 2620 409 ARCHIEP.
2662 355 3189 418 CONSTANTINOP.
3865 373 3941 426 8i

670 450 814 490 nunc
843 446 973 491 vero
999 437 1243 492 timemus
1276 454 1341 493 ne
1380 442 1604 499 ulterius
1626 447 1819 502 malum
1850 452 2137 520 procedat,
2192 465 2246 513 et

669 526 737 603 de
768 528 966 580 ultimis
993 527 1357 594 periclitemur
1382 548 1588 590 omnes.
1612 536 1715 590 Sed
1747 530 1813 592 ne
1836 540 2085 607 timeatis,
2110 544 2247 600 Pau-

672 616 753 671 lus
773 634 863 670 vos
893 620 1199 673 consvlatur
1225 622 1409 677 dicens
1436 644 1449 680 :
1485 625 1677 682 Fidelis
1698 639 1769 681 est
1813 630 1969 697 Deus,
2018 636 2107 703 qui
2147 653 2248 691 non

666 708 790 759 siuet
817 722 901 760 vos
926 712 1105 762 tentari
1132 714 1243 780 plus
1265 731 1415 783 quant
1440 718 1662 782 potestis,
1714 721 1803 772 sed
1846 724 1992 789 faciet
2043 736 2093 778 et
2134 744 2248 781 cum

669 799 941 851 (nutatione
970 812 1279 868 proventum,
1310 815 1361 854 ut
1407 807 1605 873 possitis
1631 807 1843 873 stt/ferre
1872 812 1947 881 (l.
1974 813 2091 867 Cor.
2153 817 2241 871 10.

667 889 775 954 15).
812 884 837 938 Ι
846 906 932 955 pse
957 892 1086 942 enim
1111 894 1256 955 dixit,
1291 891 1412 945 Non
1434 904 1479 946 te
1504 897 1774 961 dimittant,
1795 917 1949 969 neque
1965 912 2013 957 te
2031 905 2247 960 derelin-

666 977 860 1048 quam(
890 976 1045 1031 llrtr.
1084 982 1169 1032 15.
1194 981 1251 1041 5;
1292 979 1446 1034 Deut.
1478 984 1568 1041 3|.
1596 985 1662 1050 6;
1693 987 1809 1041 Jos.
1842 991 1890 1043 1.
1919 993 1993 1063 5).
2025 996 2077 1046 Si
2106 999 2245 1050 enim

670 1066 828 1119 rebus
861 1068 989 1135 ipsis
1015 1069 1275 1138 castigare
1300 1072 1485 1137 vellet,
1517 1083 1570 1127 et
1596 1078 1856 1133 malorum
1880 1084 2205 1151 experientia
2230 1128 2245 1149 ,

664 1173 772 1212 ton
799 1167 877 1211 tot
905 1159 1091 1213 diebus
1123 1175 1220 1213 nos
1244 1163 1421 1217 timori
1452 1166 1793 1223 tradidisset:
1825 1188 1942 1226 cum
1974 1178 2114 1231 cnim
2146 1195 2244 1245 pn-

669 1250 785 1303 tire
831 1249 1079 1310 noluerit.
1113 1261 1307 1318 terret;
1339 1256 1589 1324 quoniam
1645 1260 1687 1313 si
1738 1263 2015 1329 puniturus
2068 1276 2244 1331 esset,

670 1341 829 1393 timor
853 1351 997 1396 esset
1024 1344 1345 1412 superﬂuus,
1377 1348 1871 1423 superfluas;min:e.
1918 1355 2068 1411 Nunc
2121 1376 2247 1413 vero

669 1430 961 1486 innumeris
990 1435 1251 1489 mortibus
1276 1438 1574 1506 graviorem
1599 1443 1759 1497 vitam
1783 1447 2152 1516 sustinuimus,
2175 1461 2250 1507 tot

663 1521 854 1574 diebus
877 1522 1199 1593 trepidantes
1225 1536 1279 1581 et
1311 1538 1637 1609 trementes”
1664 1544 1720 1587 et
1747 1536 1888 1606 ipsas
1914 1541 2128 1594 umbras
2158 1557 2246 1595 re-

664 1611 1039 1678 formidantes,
1067 1625 1225 1683 atque
1253 1618 1419 1687 ipsius
1439 1619 1566 1674 Cain
1590 1637 1801 1692 pinnam
1834 1626 2059 1694 luentes,
2112 1638 2166 1683 et
2217 1644 2249 1685 e

667 1703 846 1757 medio
870 1719 1059 1759 somno
1090 1723 1197 1775 prae
1227 1712 1477 1765 continua
1506 1716 1775 1768 anxietate
1795 1718 2127 1784 exsilientes,
2178 1721 2245 1773 ita

667 1796 791 1848 utsi
821 1796 978 1849 etiam
1012 1798 1176 1851 Deum
1227 1800 1605 1868 irritassemus,
1662 1821 1805 1860 nunc
1852 1814 2051 1862 tantam
2109 1812 2247 1878 passi

667 1899 901 1952 pinnam,
949 1888 1372 1946 reddidissemus
1412 1896 1727 1970 propitium.
1787 1898 1897 1953 Etsi
1942 1901 2083 1954 enim
2142 1918 2247 1955 non

658 1977 881 2046 dignum
905 1990 1124 2047 peccato
1152 1984 1469 2052 supplicium
1497 1986 1765 2057 dedimus,
1801 1991 1891 2045 Dei
1920 2002 2098 2047 tamen
2141 1995 2251 2049 cle-

671 2067 884 2120 mentia:
912 2068 1123 2123 sufﬁcit.

735 2157 790 2210 2.
835 2158 888 2211 Ν
894 2161 1020 2213 untii
1039 2161 1296 2218 seditionis
1324 2166 1649 2222 Antiocheam
1674 2170 1726 2222 in
1750 2171 1829 2223 via
1852 2188 2018 2225 moras
2047 2175 2249 2228 trahere

666 2258 931 2318 coguntur.
962 2281 1033 2290 —
1058 2252 1173 2306 Non
1204 2263 1404 2309 tantum
1427 2267 1602 2312 autem
1631 2274 1695 2312 ex
1724 2259 1842 2325 hoc,
1876 2261 1968 2316 scd
1997 2264 2157 2317 etiam
2183 2282 2247 2318 ex

667 2338 789 2392 aliis
838 2341 1018 2394 inultis
1067 2344 1336 2400 conlidere
1381 2358 1643 2416 Oportet:
1695 2365 1799 2404 non
1848 2352 1991 2405 enim
2040 2355 2246 2409 modica

665 2430 820 2484 nobis
850 2424 1002 2487 bona:
1027 2435 1140 2503 spei
1162 2437 1380 2505 pignora
1406 2439 1514 2506 jam
1539 2440 1679 2495 Deus
1704 2442 1870 2496 dedit.
1902 2444 1967 2497 Et
1990 2445 2130 2513 quod
2164 2455 2245 2500 est

664 2523 901 2577 omnium
936 2526 1187 2593 primum,
1222 2531 1310 2597 qui
1336 2531 1536 2584 malum
1564 2534 1792 2588 attulere
1815 2535 2082 2600 nuntium,
2122 2537 2245 2591 hinc

663 2614 1205 2687 velutalatidigressi,
1234 2630 1287 2673 et
1305 2621 1503 2675 dudum
1533 2624 1597 2677 ad
1622 2634 1794 2679 castra
1816 2640 1875 2680 se
1899 2638 2247 2696 perventuros

662 2720 784 2759 esse
821 2715 1087 2774 putantes,
1140 2710 1281 2764 circa
1312 2713 1542 2767 medium
1574 2715 1750 2769 adhuc
1803 2718 1903 2770 iter
1932 2730 2241 2783 morantur;

664 2808 744 2852 tot
769 2799 1038 2854 obstacula
1070 2810 1124 2857 et
1171 2804 1547 2872 impedimenta
1603 2809 1734 2876 ipsis
1787 2810 2140 2877 acciderunt,
2190 2820 2247 2866 et

660 2902 830 2957 equos
855 2889 1203 2957 dimittentes,
1228 2908 1369 2948 nunc
1389 2896 1629 2950 vehicula
1648 2908 1811 2967 agunt
1832 2917 1844 2952 :
1870 2901 2009 2955 unde
2028 2916 2246 2957 necesse

660 2989 746 3034 est
762 2995 857 3035 eos
888 2982 1011 3037 illuc
1029 2984 1230 3039 tardius
1254 2998 1605 3054 perventuros
1622 3005 1761 3044 esse.
1788 2991 2075 3061 Postquam
2100 2995 2241 3047 enim

658 3072 950 3126 antistitem
977 3083 1217 3128 nostrum
1242 3085 1297 3130 et
1319 3092 1657 3132 communem
1689 3090 1894 3148 patrem
1924 3084 2065 3137 Deus
2117 3082 2242 3136 hinc

656 3162 955 3226 suscitavit,
985 3174 1040 3218 et
1085 3168 1352 3234 persuasit
1397 3169 1567 3235 abire,
1622 3178 1673 3223 et
1723 3172 1875 3226 obire
1927 3173 2242 3243 legationem

663 3251 817 3317 hanc,
850 3267 979 3307 mox
1016 3254 1133 3309 illos
1170 3257 1309 3310 circa
1357 3259 1588 3312 medium
1634 3260 1838 3314 itineris
1883 3272 2244 3333 consequutus

658 3349 762 3406 est,
794 3356 861 3395 ne
887 3346 1272 3411 praevenientes
1294 3348 1466 3416 ignem
1496 3350 1905 3415 succenderent,
1948 3363 2002 3406 et
2024 3355 2076 3406 in
2119 3355 2245 3407 reli-

659 3448 820 3501 quum
843 3436 1229 3491 correctionem
1252 3438 1455 3493 doctori
1487 3440 1726 3495 inutilem
1756 3443 2060 3511 redderent,
2081 3446 2243 3514 regiis

658 3523 878 3578 auribus
907 3526 1269 3582 inﬂammatis.
1294 3529 1445 3597 Quod
1472 3532 1615 3585 enim
1647 3548 1751 3586 non
1781 3533 1896 3588 sine
1916 3534 2029 3590 Deo
2043 3534 2239 3590 factum

658 3618 728 3671 sit
766 3618 867 3674 hoc
908 3620 1363 3689 impedimentum,
1409 3624 1533 3678 inde
1584 3626 1921 3681 manifestum
1952 3646 1964 3680 :
1995 3627 2241 3685 homines

664 3715 830 3762 totum
877 3718 1089 3780 tempus
1117 3713 1170 3766 in
1201 3714 1395 3769 talibus
1456 3718 1972 3786 peregrinationibus
2026 3721 2237 3790 impen-

657 3799 879 3865 dentes,
931 3801 1115 3856 ethoc
1162 3802 1394 3858 officium
1424 3807 1699 3873 habentes,
1747 3824 1914 3877 equos
1988 3813 2239 3867 continue

655 3890 866 3959 agendi,
896 3906 1037 3946 nunc
1061 3894 1128 3946 ab
1155 3894 1265 3962 ipsa
1293 3896 1618 3964 equitatione
1643 3900 1853 3952 contriti
1883 3899 2191 3955 defecerunt
2220 3944 2232 3968 ,

656 3993 854 4053 etquae
896 3999 1038 4038 nunc
1079 3987 1340 4054 accidere,
1389 3987 1541 4042 Jonce
1591 3992 1748 4045 rebus
1795 3994 2061 4047 contraria
2102 3994 2237 4049 facta

656 4082 782 4127 sunt
806 4072 992 4145 (Jome
1022 4076 1094 4145 1).
1124 4077 1273 4130 Illum
1300 4080 1441 4132 enim
1474 4081 1696 4149 urgebat
1724 4082 1861 4137 Dens
1882 4084 2030 4138 abire
2054 4086 2237 4141 nolen-

656 4176 784 4230 tem,
810 4163 909 4219 bos
938 4166 1176 4221 volentes
1199 4172 1380 4222 vetuit.
1413 4170 1457 4224 Ο
1484 4187 1676 4225 novum
1700 4182 1753 4227 et
1786 4174 2100 4231 admirabile
2138 4193 2235 4231 ne-

653 4255 887 4324 gotium!
922 4257 1009 4311 ille
1030 4259 1435 4315 subversionem
1462 4263 1752 4330 pra-dicare
1782 4266 2015 4331 nolebat,
2044 4277 2098 4321 et
2156 4269 2235 4321 in-

656 4346 821 4401 vitum
841 4362 961 4401 eum
992 4350 1243 4403 excitavit
1272 4368 1285 4401 :
1321 4351 1372 4403 hi
1400 4366 1517 4405 cum
1543 4354 1813 4409 celeritate
1831 4359 2230 4413 subxersiuncm

653 4440 969 4493 annuntiare
995 4440 1268 4507 festinant,
1302 4452 1356 4497 et
1381 4444 1573 4498 invitos
1604 4445 1746 4514 ipsos
1792 4465 2001 4503 rursum
2053 4453 2233 4521 prohi-

652 4527 790 4593 buit,
814 4528 927 4597 Qua
954 4530 1165 4584 tandem
1214 4532 1281 4587 de
1330 4536 1531 4588 causa?
1574 4535 1835 4600 Quoniam
1884 4539 1969 4593 hic
2017 4543 2229 4610 quidem

652 4619 902 4673 celeritas
928 4620 1202 4691 damnum,
1230 4624 1338 4679 illic
1361 4640 1485 4679 vero
1510 4629 1753 4682 celeritas
1775 4631 1979 4684 lucrum
2002 4632 2227 4689 ferebat:

655 4708 776 4763 ideo
795 4719 851 4764 et
877 4711 1025 4764 illum
1058 4729 1153 4782 per
1176 4724 1348 4769 cetum
1402 4715 1655 4773 festinare
1706 4721 1848 4789 fecit,
1896 4732 1951 4776 et
2000 4725 2095 4778 hos
2135 4742 2233 4797 per

651 4814 819 4868 equos
844 4800 1139 4871 impedivit.
1197 4804 1359 4862 Vides
1413 4808 1507 4863 Dei
1562 4810 1915 4879 sapientiam?
1969 4830 2064 4883 per
2113 4831 2231 4885 qua:

649 4891 875 4961 quisque
900 4894 1039 4961 quod
1071 4899 1414 4965 exspectabat
1454 4915 1512 4953 se
1555 4903 1925 4972 expediturum
1971 4908 2227 4977 Speravit,

651 4998 746 5053 per
775 4985 891 5040 haec
915 4988 1137 5057 quisque
1159 4991 1445 5061 impeditus
1472 5004 1573 5049 est.
1604 4995 1708 5050 Per
1734 4999 2001 5068 navigium
2036 5000 2123 5053 ille
2167 5016 2227 5056 se

646 5082 1181 5148 evasurumjiutavit,
1206 5094 1260 5137 et
1292 5085 1557 5154 navigium
1608 5087 1679 5141 illi
1728 5090 1994 5144 vinculum
2032 5093 2227 5145 factum

658 5178 739 5221 est
764 5186 777 5222 :
807 5170 891 5222 isti
923 5185 1020 5239 per
1047 5186 1212 5241 equos
1264 5168 1430 5247 ocyus
1474 5192 1533 5232 se
1586 5178 1963 5248 Imperatorem
2015 5181 2226 5238 visuros

644 5269 1015 5327 speraverunt,
1045 5272 1096 5317 et
1127 5266 1247 5334 equi
1276 5266 1489 5322 fuerunt
1517 5270 1927 5340 impedimento:
1959 5274 2067 5327 imo
2099 5289 2226 5329 vero

647 5366 752 5404 non
779 5353 922 5422 equi,
956 5355 1092 5409 sicut
1119 5372 1218 5411 nec
1243 5358 1317 5411 illi
1350 5361 1636 5429 navigium,
1660 5361 1754 5416 sed
1776 5363 1867 5417 Dei
1891 5364 2222 5433 providentia

646 5442 837 5511 ubique
866 5444 1043 5499 omnia
1069 5448 1623 5519 promis-dispensans
1648 5454 2015 5533 sapientia.th
2036 5458 2215 5512 consi-

642 5532 771 5588 dera
785 5536 1132 5604 providentia:
1150 5542 1384 5606 modum,
1408 5546 1673 5610 quomodo
1688 5556 1741 5601 et
1754 5550 1941 5602 terruit
1955 5561 2009 5605 et
2026 5566 2219 5607 conso-

642 5626 777 5681 latus
793 5638 893 5682 est.
912 5627 1031 5697 Ipso
1051 5631 1194 5686 enim
1211 5633 1298 5688 die
1312 5649 1416 5703 quo
1430 5637 1607 5690 omnia
1621 5638 1704 5691 illa
1722 5649 1923 5709 patrata
1939 5652 2063 5698 sunt
2086 5642 2217 5701 faci-

644 5732 796 5786 nera,
823 5719 965 5789 ipsos
994 5721 1207 5792 quidem
1233 5725 1404 5793 exire,
1437 5735 1704 5798 tamquam
1727 5734 1902 5788 omnia
1936 5750 2054 5804 qua
2079 5735 2217 5792 acci-

2356 462 2546 520 derant
2574 467 2887 538 lmperatori
2930 476 3262 532 nuntiaturos
3310 482 3657 548 permittens,
3706 491 3942 543 exeundi

2353 553 2629 612 celeritate
2656 575 2842 615 omnes
2865 568 3185 632 perterruit;
3217 579 3497 640 postquam
3518 590 3645 629 vero
3663 574 3943 646 abierunt,

2353 646 2555 702 etduos
2580 659 2752 706 tresve
2805 654 2918 709 dies
2963 660 3345 725 contriverunt,
3392 679 3512 718 cum
3564 668 3672 735 jam
3719 670 3939 725 inanem

2355 750 2476 791 esse
2504 742 2756 796 antistitis
2782 749 2946 799 nostri
2979 749 3361 816 profectionem
3394 756 3733 823 putabamus,
3752 771 3943 830 utpote

2355 828 2444 894 qui
2478 832 2742 895 posterior
2762 847 2905 889 esset
2927 838 3133 893 futurus
3160 858 3169 890 :
3200 854 3324 896 tunc
3364 858 3563 900 metum
3594 828 3855 915 dissolvit,
3884 864 3946 906 et

2355 932 2452 971 nos
2477 923 2779 978 consolatus
2806 936 2906 989 est,
2941 929 3075 991 illos,
3114 931 3253 986 sicut
3298 933 3437 998 dixi,
3468 935 3642 990 media
3690 938 3948 996 detinens

2354 1009 2457 1073 via,
2490 1010 2834 1083 efticiensque‘
2857 1026 2915 1069 ut
2944 1018 2976 1070 ii
3017 1020 3106 1088 qui
3132 1020 3277 1077 illinc
3305 1024 3368 1077 ad
3399 1041 3496 1078 nos
3527 1028 3947 1094 proﬁcisceban-

2354 1109 2458 1165 tur,
2487 1101 2696 1157 illorum
2732 1122 2826 1174 per
2848 1108 2983 1161 viam
3023 1127 3292 1167 aérnmnas
3335 1117 3489 1169 nobis
3532 1119 3941 1185 annuntiarent,

2357 1202 2408 1243 ut
2435 1208 2721 1263 parumper
2750 1200 3141 1267 t'espiraremus
3168 1220 3179 1254 :
3211 1206 3357 1273 quod
3387 1218 3441 1260 et
3482 1208 3675 1262 factum
3723 1221 3803 1265 est
3823 1253 3838 1277 ,
3887 1223 3948 1266 et

2354 1298 2598 1351 magnam
2623 1289 2947 1344 anxietatum
2976 1302 3178 1361 partem
3207 1295 3574 1364 deposuimus.
3604 1300 3699 1355 His
3717 1304 3941 1367 auditis,

2357 1374 2545 1429 horum
2576 1388 2849 1435 auctorem
2879 1384 3220 1440 adoravimus
3246 1388 3438 1453 Deum,
3465 1391 3554 1460 qui
3585 1402 3733 1461 patre
3749 1396 3947 1463 quovis

2358 1468 2663 1539 diligentius
2696 1487 2886 1528 omnes
2908 1491 2993 1531 res
3014 1488 3227 1533 nostras
3252 1495 3392 1535 nunc
3417 1481 3704 1551 diaposuit,
3759 1485 3951 1540 invisi-

2356 1561 2446 1616 bili
2486 1560 2700 1629 quidem
2734 1564 2785 1619 vi
2828 1567 3100 1637 improbos
3131 1572 3260 1627 istos
3284 1573 3544 1630 cohibens
3572 1578 3784 1632 nuntios
3805 1621 3819 1642 ,
3865 1590 3922 1634 et

2358 1658 2562 1705 tantum
2616 1670 2721 1709 non
2776 1656 2981 1724 dicens,
3011 1659 3148 1726 Quid
3204 1661 3506 1720 festinatis?
3532 1668 3726 1735 quidve
3750 1682 3949 1737 prope-

2354 1744 2483 1793 ratis
2509 1740 2780 1799 civitatein
2810 1748 2965 1801 talem
2984 1750 3297 1806 subvertere
3326 1755 3604 1810 volentes?
3648 1773 3773 1811 num
3803 1759 3942 1813 bona

2354 1832 2463 1899 regi
2487 1834 2667 1887 nuntia
2681 1835 2921 1892 aﬂ'ertis?
2950 1840 3161 1897 Manete
3178 1843 3316 1909 istic,
3330 1845 3503 1901 donec
3520 1861 3733 1921 servum
3762 1865 3944 1904 meum

2355 1928 2622 1991 tamquam
2639 1926 2907 1983 medicum
2929 1932 3188 1999 Optimum
3223 1938 3551 2004 prutvenire,
3574 1972 3579 1977 ι
3604 1949 3660 1993 et
3703 1948 3956 1996 vestrum

2354 2022 2675 2081 praevertere
2701 2033 2917 2073 cursum
2934 2020 3143 2077 faciam.
3173 2023 3228 2079 Si
3260 2041 3390 2079 vero
3434 2039 3689 2089 nascente
3736 2045 3946 2100 praeva-

2354 2103 2628 2160 ricationis
2675 2107 2886 2175 ulcere,
2941 2120 3084 2167 tanta
3141 2117 3473 2183 providentia
3528 2119 3770 2172 exhibita
3816 2133 3939 2176 est:

2356 2195 2522 2249 multo
2545 2200 2711 2266 magis
2735 2210 2855 2269 post
2899 2206 3328 2274 conversionem,
3382 2219 3503 2278 post
3548 2211 3939 2277 pmnitentiam,

2354 2294 2474 2353 post
2515 2297 2719 2344 tantum
2761 2292 3027 2360 timorem,
3064 2307 3184 2366 post
3209 2297 3474 2369 lacrymas
3502 2308 3558 2354 et
3588 2316 3795 2370 preces,
3824 2319 3940 2356 ma-

2347 2376 2521 2444 jorem
2555 2378 2857 2437 libertatem
2880 2400 3293 2456 consequemur.
3323 2390 3491 2447 Jonas
3528 2394 3669 2446 enim
3700 2411 3946 2465 corigrue

2354 2469 2669 2536 pellebatur,
2699 2483 2757 2526 ut
2784 2474 2850 2527 ad
2877 2478 3248 2545 paenitentiam
3298 2480 3613 2549 induceret;
3666 2500 3761 2540 vos
3810 2502 3943 2541 vero

2348 2560 2456 2625 jam
2482 2561 2798 2618 exhibuistis
2832 2569 3200 2635 pmoitcntiam
3248 2581 3302 2626 et
3341 2589 3586 2643 magnam
3621 2579 3937 2632 conversio-

2353 2666 2494 2712 nem,
2527 2652 2754 2725 ideoque
2793 2660 3159 2718 consolatione
3202 2661 3459 2733 deinceps
3495 2676 3578 2721 est
3620 2683 3776 2737 opus,
3829 2685 3938 2725 non

2352 2744 2539 2797 nuntio
2570 2746 2743 2799 minas
2774 2746 2995 2804 ferente.
3020 2750 3308 2821 Propterea
3340 2769 3682 2812 communem
3713 2770 3767 2815 et
3812 2760 3947 2821 hinc

2351 2841 2559 2900 patrem
2587 2838 2882 2904 suscitavit,
2914 2849 2969 2896 et
2992 2843 3206 2911 quidem
3235 2859 3355 2899 cum
3384 2848 3549 2902 multa
3585 2860 3768 2905 essent
3817 2868 3940 2922 quae

2354 2922 2734 2992 prohiberent;
2768 2930 2812 2983 si
2838 2946 2965 2986 vero
2989 2948 3095 2987 non
3127 2938 3459 3006 pepercisset
3485 2940 3502 2970 ¹
3530 2940 3689 2995 saluti
3713 2952 3943 3006 nostrai,

2352 3029 2458 3069 non
2489 3016 2562 3070 illi
2593 3022 2967 3089 persuasisset,
3000 3025 3092 3079 sed
3110 3034 3165 3081 et
3185 3027 3451 3082 volentem
3482 3030 3632 3085 exire
3654 3032 3935 3088 vetuisset.

2419 3108 2472 3161 5.
2503 3106 2774 3165 Theodosii
2801 3112 2852 3165 in
2875 3112 3125 3169 Paschate
3142 3117 3502 3171 clementia.—
3524 3119 3764 3176 Tertium
3783 3123 3943 3191 quid-

2348 3201 2486 3268 piam
2507 3204 2739 3272 suppetit
2758 3206 3060 3273 dicendum,
3089 3209 3233 3278 quod
3264 3198 3509 3266 ﬁduciam
3539 3213 3692 3267 vobis
3726 3215 3938 3286 pariat,

2348 3304 2587 3358 praesens
2627 3308 2820 3364 nempe
2851 3297 3196 3366 solemnitas,
3246 3315 3403 3369 quam
3432 3311 3488 3356 et
3530 3302 3775 3359 infideles
3825 3305 3936 3360 fere

2347 3395 2535 3435 omnes
2557 3394 2892 3447 reverentur,
2920 3395 2977 3441 et
2999 3388 3083 3443 hic
3105 3390 3219 3458 ipser
3238 3392 3518 3461 religiosus
3542 3393 3837 3463 imperator
3856 3396 3937 3450 sic

2347 3471 2588 3538 suspexit
2615 3483 2669 3526 et
2700 3473 3002 3544 honoravit,
3054 3487 3110 3532 ut
3136 3495 3324 3536 omnes
3350 3489 3474 3536 ante
3500 3496 3561 3537 se
3584 3498 3704 3537 cum
3735 3485 3941 3554 pietate

2347 3560 2673 3631 imperantes
2694 3571 3043 3637 superaverit.
3078 3570 3297 3627 Talibus
3328 3588 3557 3645 namque
3583 3575 3771 3632 diebus
3810 3592 3940 3633 cum

2345 3653 2623 3719 epistolam
2660 3657 2723 3709 ad
2752 3659 3105 3715 solemnitatis
3136 3660 3393 3717 honorem
3434 3665 3695 3731 misisset,
3743 3682 3935 3722 omnes

2346 3741 2457 3797 fere
2475 3759 2745 3801 carcerem
2789 3748 3090 3806 habitantes
3110 3752 3332 3808 dimisit.
3366 3754 3433 3809 Et
3483 3754 3622 3811 banc
3649 3757 3940 3825 epistolam

2343 3834 2609 3891 admissus
2640 3840 2860 3894 antistes
2890 3850 3072 3896 noster
3101 3858 3282 3897 coram
3313 3843 3637 3913 lmperatore
3666 3848 3836 3917 leget,
3875 3858 3933 3905 et

2343 3925 2675 3994 propriarum
2698 3927 2873 3999 legum
2901 3932 3364 3996 commonefaciet,
3387 3942 3441 3987 et
3458 3934 3601 3990 dicet
3625 3936 3692 3991 ad
3719 3937 3891 4006 ipsum
3915 3957 3929 3992 :

2343 4016 2420 4069 Tn
2444 4018 2674 4086 teipsum
2702 4022 3007 4089 exhortare,
3031 4035 3085 4079 et
3116 4026 3188 4079 tui
3221 4026 3504 4083 recordare
3537 4022 3931 4086 :domesticum

2342 4106 2508 4162 habes
2538 4108 2881 4167 humanitatis
2896 4116 3196 4185 exemplum
3224 4136 3237 4171 :
3261 4118 3460 4187 justam
3484 4120 3699 4175 noluisti
3725 4122 3930 4177 caedem

2341 4201 2699 4269 committere,
2732 4212 2787 4259 et
2808 4206 3056 4273 injustam
3092 4219 3304 4277 patrare
3367 4211 3699 4267 sustinebis?
3737 4214 3927 4268 convi-

2340 4301 2459 4345 ctos
2486 4301 2538 4346 et
2564 4295 2949 4351 condemnatos
2979 4297 3284 4354 festivitatis
3324 4304 3622 4357 reverentia
3653 4303 3933 4373 dimisisti,

2338 4393 2393 4435 et
2442 4384 2681 4439 insootes
2712 4387 2946 4456 nihilque
2976 4404 3135 4443 ausos
3167 4391 3548 4447 condemnabis
3571 4435 3586 4459 ,
3629 4396 3928 4464 praesertim

2338 4474 2676 4529 solemnitate
2721 4479 3028 4545 praesente?
3071 4479 3435 4551 Nequaquam,
3480 4482 3793 4553 Imperator.
3842 4487 3929 4543 Tu.

2338 4564 2477 4621 hanc
2496 4567 2777 4636 epistolam
2803 4570 3106 4626 civitatibus
3129 4574 3378 4628 omnibus
3405 4575 3620 4630 mittens
3636 4616 3651 4640 ,
3706 4578 3886 4633 aiebas
3906 4598 3924 4635 :

2338 4654 2550 4712 Utinam
2576 4670 2630 4713 et
2665 4659 2941 4716 defunctos
2986 4665 3308 4719 resuscitare
3344 4680 3576 4734 possem.
3627 4666 3739 4722 [lac
3788 4683 3928 4737 opus

2339 4748 2594 4805 habemus
2621 4752 2970 4823 humanitate,
3019 4755 3100 4812 his
3130 4773 3270 4812 nunc
3290 4774 3509 4828 egemus
3530 4760 3709 4815 verbis
3729 4762 3772 4814 '.
3805 4761 3922 4817 Non

2336 4847 2443 4894 tam
2470 4842 2643 4895 claros
2665 4844 2788 4899 facit
2812 4860 2965 4916 reges
3002 4845 3185 4903 hostes
3211 4849 3450 4914 vincere,
3491 4864 3648 4919 quam
3682 4853 3929 4907 animum

2336 4939 2388 4983 et
2418 4931 2548 4985 iram
2590 4948 2889 5002 superare:
2930 4936 3038 4991 illic
3085 4936 3229 4991 enim
3281 4952 3553 4994 armorum
3601 4950 3655 4995 et
3692 4942 3923 4997 militum

2333 5037 2466 5091 opus
2483 5025 2702 5094 geritur,
2727 5026 2810 5080 hic
2828 5043 2952 5082 vero
2971 5038 3114 5084 tuum
3128 5030 3292 5085 solius
3308 5032 3618 5100 simpliciter
3632 5042 3917 5103 trOpmum,

2333 5121 2387 5165 et
2414 5112 2579 5168 babes
2610 5118 2900 5182 neminem,
2924 5119 3013 5188 qui
3046 5129 3217 5174 tecum
3240 5121 3516 5191 sapientia;
3540 5124 3763 5193 gloriam
3792 5140 3916 5195 par-

2337 5204 2511 5257 tiatur.
2556 5206 2828 5276 Superasti
2888 5212 3169 5264 tumultum
3200 5211 3560 5280 barbaricum,
3612 5228 3807 5284 supera
3860 5225 3920 5270 ct

2332 5296 2564 5350 animum
2591 5298 2793 5365 regium
2822 5315 2837 5353 :
2862 5300 3067 5355 discant
3096 5304 3558 5370 omnesintldeles,
3597 5305 3738 5375 quod
3759 5302 3917 5361 Chri-

2331 5386 2397 5437 sti
2430 5387 2588 5440 timor
2607 5403 2822 5442 omnem
2853 5392 3142 5459 potentiam
3171 5392 3442 5448 refrenare
3469 5392 3915 5463 possit.Glorilica

2332 5475 2613 5532 Dominum
2645 5488 2813 5545 tuum,
2840 5484 3116 5537 conservis
3139 5493 3357 5553 peccata
3378 5484 3672 5549 dimittens,
3698 5493 3755 5539 ut
3796 5486 3912 5555 ipse

2329 5582 2541 5639 quoque
2572 5580 2623 5626 te
2660 5573 2828 5642 magis
2856 5574 3135 5644 gloriﬁcet,
3166 5584 3224 5630 ut
3250 5575 3535 5646 benignum
3565 5576 3656 5633 tibi
3684 5585 3739 5639 et
3764 5584 3911 5633 tran-

2393 5683 2407 5713 ι
2444 5681 2546 5742 alii,
2571 5681 2614 5733 si
2636 5697 2746 5735 vero
2761 5697 2854 5736 non
2876 5686 3202 5741 maluisset.

2393 5745 2413 5775 ²
2445 5745 2565 5796 Alii:
2593 5746 2928 5800 tuorumnunc
2954 5752 3202 5804 verborum
3228 5751 3376 5803 locus.
