4196 6316
416 400 493 456 85
1454 396 1545 453 AD
1578 394 1909 453 POPULUM
1954 387 2457 448 ANTIOCHENUM
2499 391 2735 451 HOMIL.
2776 392 2868 450 Vl.
3842 387 3913 443 84

415 518 672 573 ἔκϐασιν
701 518 812 572 τοῦ
840 517 1135 571 δύνασθαι
1176 514 1333 585 ὑμᾶς
1365 512 1742 583 ὑπενεγκεῖν.
1774 509 1967 573 Αὐτός
2002 507 2107 579 γὰρ

417 601 605 660 εἷπεν·
622 608 707 660 Οὐ
734 606 821 674 μή
854 622 927 659 σε
956 588 1254 668 dav-(13,906"
1288 606 1359 657 οὐ
1386 603 1470 672 μή
1506 620 1580 655 σε
1605 600 1999 671 ἐγκαταλίπω.
2038 597 2100 648 El

420 694 529 763 γὰρ
549 693 618 748 δι’
641 692 819 764 ἔργων
851 693 1103 746 ἐϐούλετο
1140 692 1370 745 κολάσαι
1408 693 1501 744 καὶ
1532 690 1618 743 διά
1656 690 1753 757 τῆς
1784 688 1977 757 πείρας
2005 685 2103 736 αὑ-

416 783 538 852 τῆς.
572 783 673 835 οὑκ
707 781 775 834 ἂν
808 781 1076 834 τοσούτων
1116 780 1341 850 ήμερῶν
1386 780 1705 848 παρέδωκεν
1748 776 1893 845 ἡμᾶς
1936 773 2105 841 φόϐῳ·

418 869 548 927 ὅταν
566 870 675 938 7&9
700 871 773 942 μὴ
800 869 1057 940 βούληται
1078 869 1349 931 κολάζειν,
1375 868 1547 936 φοϐεῖν
1573 866 1694 917 ἐπεὶ
1722 866 1768 914 εί
1794 856 2110 931 μέλλοιΠὸΙ

421 957 687 1021 κολάζειν,
716 958 971 1028 περιττὸς
992 960 1020 1010 6
1042 956 1223 1025 φόϐος,
1248 954 1478 1026 περιττὴ
1503 955 1535 1024 ή
1568 952 1787 1021 ἀπειλή·
1813 948 1907 1000 νῦν
1932 947 1985 999 δέ
2012 964 2113 1015 μυ-

424 1048 556 1117 ρίων
586 1046 981 1116 χαλεπωτέραν
1016 1044 1264 1098 θανάτων
1294 1042 1613 1110 ὑπέστημεν
1643 1037 1809 1108 ζωὴν,
1837 1038 1893 1089 ἐν
1918 1032 2114 1086 τοσαύ-

418 1151 543 1197 ταις
569 1135 803 1205 ἡμέραις
822 1133 1117 1197 δεδοικότες
1139 1133 1234 1186 καὶ
1256 1132 1575 1201 τρέμοντες,
1605 1124 1818 1187 καὶτὰς
1839 1123 1997 1183 σκιὰς
2018 1120 2116 1173 αύ-

419 1223 522 1286 τάς
549 1222 971 1285 ὑποπτεύοντες,
1004 1221 1099 1274 καὶ
1126 1221 1225 1291 τὴν
1252 1218 1347 1272 τοῦ
1378 1218 1519 1271 Κάῖν
1550 1215 1787 1276 τίνοντες
1813 1211 1991 1279 δίκην,
2023 1208 2115 1259 καὶ

421 1309 489 1362 ἐκ
520 1309 689 1378 μέσου
722 1310 832 1363 τῶν
867 1309 1053 1363 ὑπνων
1082 1306 1465 1378 ἀναπηδῶντες
1494 1316 1519 1344 ﬁ
1558 1302 1667 1356 ἀπὸ
1700 1301 1798 1371 τῆς
1831 1293 2115 1367 διηνεκοῦς

422 1396 682 1465 ἀγωνίας·
706 1396 846 1450 ὥστε
870 1400 916 1449 εί
939 1398 1034 1451 καὶ
1066 1395 1501 1467 παρωργίσαμεν
1526 1393 1617 1445 τὸν
1645 1390 1797 1452 Θεὸν,
1824 1383 2115 1449 ἐξιλεωσά-

426 1484 564 1554 μεθα
584 1484 679 1537 νῦν
702 1484 975 1556 τοσαύτην
1004 1483 1400 1553 ὑπομείναντες
1428 1480 1527 1551 τὴν
1548 1477 1840 1549 τιμωρίαν.
1870 1470 1979 1526 Καὶ
2005 1470 2116 1539 γὰρ

422 1572 473 1623 εί
506 1571 603 1625 καὶ
634 1571 709 1642 μή
751 1571 861 1625 τῶν
902 1568 1320 1641 ἁμαρτημάτων
1357 1568 1514 1633 ἀξίαν
1541 1565 1825 1634 ἐδώκαμεν
1859 1565 1909 1602 ι·
1936 1561 2113 1629 δίκην,

422 1658 538 1711 ἀλλ’
564 1658 844 1728 ἀρκοῦσαν
870 1662 939 1729 τῇ
972 1658 1066 1712 τοῦ
1089 1657 1225 1711 Θεοῦ
1252 1655 1651 1725 φιλανθρωπία.

496 1743 558 1814 β’.
577 1746 693 1799 Οὐκ
708 1745 957 1798 ἐντεῦθεν
969 1745 1026 1798 δὲ
1046 1745 1227 1816 μόνον,
1244 1742 1378 1796 ἀλλά
1392 1744 1486 1795 καὶ
1503 1738 1769 1811 ἑτέρωθεν
1787 1734 2116 1806 πολλαχόθεν

423 1831 651 1903 θαρρεῖν
680 1834 810 1903 χρή·
848 1832 970 1886 οὑδὲ
990 1833 1101 1903 7&9
1131 1832 1290 1901 ὀλίγα
1317 1832 1448 1900 ἡμῖν
1478 1829 1710 1899 ἐνέχυρα
1734 1826 1841 1879 τῶν
1866 1822 2118 1894 χρηστῶν

423 1920 658 1974 ἐλπίδων
684 1918 883 1974 έδῖυκεν
906 1923 935 1974 ό
957 1920 1091 1985 Θεὸς
1272 1921 1380 1972 Καὶ
1410 1918 1626 1990 πρῶτον
1656 1918 1753 1988 μὲν
1782 1917 2041 1970 ἀπάντων
2069 1918 2118 1968 οί

420 2008 521 2079 τὴν
560 2010 806 2082 πονηρὰν
839 2011 1161 2081 κομίζοντες
1192 2009 1456 2078 ἀγγελίαν
1476 2048 1490 2071 ,
1528 2006 1838 2073 ἐξελθόντες
1868 2005 2117 2059 ἐντεῦθεν

424 2096 637 2155 καθάπε
646 2114 677 2167 ρ
690 2097 836 2162 τινὲς
854 2098 1153 2169 ὑπόπτεροι
1174 2098 1267 2151 καὶ
1280 2097 1448 2149 πάλαι
1466 2094 1746 2167 καταλήψε
1755 2094 1879 2148 σθαι
1900 2110 2004 2166 προ
2011 2093 2123 2146 σδο-

424 2188 693 2253 κήσαντες
707 2184 770 2236 τὸ
792 2185 1177 2256 στρατόπεδον,
1202 2182 1345 2237 κατά
1366 2184 1538 2254 μέσην
1559 2182 1640 2234 ἐτι
1662 2180 2000 2252 διατρίϐουσι
2023 2182 2121 2252 τὴν

421 2270 564 2323 ὁδόν·
592 2270 834 2324 τοσαῦτα
856 2273 1042 2335 αὐτοῖς
1069 2271 1372 2342 κωλύματα
1400 2272 1493 2323 καὶ
1516 2270 1748 2340 ἐμπόδια
1777 2269 1968 2336 γέγονε
1990 2309 2004 2331 ,
2029 2272 2123 2322 καὶ

422 2358 549 2421 τοὺς
568 2358 771 2422 ἵππους
793 2359 1025 2426 ἀφέντες
1044 2360 1297 2429 ὀχήματα
1320 2358 1601 2410 ἐλαύνουσι
1623 2355 1739 2417 νῦν,
1764 2355 1886 2407 ὃθεν
1908 2355 2122 2426 ἀνάγκη

426 2445 579 2498 πᾶσα
625 2444 964 2515 βραδυτέραν
1006 2447 1193 2509 αὑτοῖς
1240 2444 1495 2513 γενέσθαι
1542 2444 1637 2513 τὴν
1689 2444 1867 2494 ἐκεῖσε
1916 2440 2120 2510 ἄφιξιν.

424 2532 646 2603 Ἐπειδὴ
681 2533 790 2602 7&9
820 2534 917 2586 τὸν
954 2534 1104 2602 ἱερέα
1141 2534 1234 2587 τὸν
1274 2533 1544 2603 ἡμέτερον
1579 2531 1672 2584 καὶ
1703 2531 1880 2583 κοινὸν
1912 2522 2124 2601 πατέρα

423 2618 723 2690 ἀνέστησεν
741 2623 770 2674 6
788 2620 921 2685 Θεὸς
942 2620 1216 2684 ἐντεῦθεν,
1241 2621 1337 2673 καὶ⁵
1362 2620 1580 2672 ἔπεισεν
1604 2619 1883 2681 ἀπελθεῖν,
1910 2621 2004 2671 καὶ
2024 2622 2125 2689 τῆς

425 2707 722 2774 πρεσϐείας
770 2698 1183 2781 συνεφάψασθαι
1219 2708 1426 2779 ταύτης
1452 2750 1465 2774 ,
1498 2709 1729 2776 κατέσχε
1760 2706 1947 2759 λοιπὸν
1980 2707 2125 2759 ἐκεί-

424 2811 549 2858 νους
593 2797 734 2849 κατά
777 2797 953 2867 μέσην
997 2797 1095 2867 τὴν
1141 2795 1279 2857 ὁδὸν,
1331 2797 1417 2848 ῖνα
1467 2795 1542 2867 μὴ
1583 2795 1890 2864 φθάσαντες
1922 2794 1984 2847 τὸ
2012 2794 2125 2864 πῦρ

423 2882 694 2951 ἀνάψωσι,
737 2884 830 2937 καὶ
863 2884 941 2955 τῷ
983 2884 1293 2954 διδασκάλῳ
1336 2883 1521 2935 λοιπὸν
1559 2884 1818 2952 ἀνόνητον
1858 2882 2126 2952 ποιήσωσι

425 2970 525 3039 τὴν
551 2970 862 3043 διόρθωσιν.
902 2973 1003 3035 τάς
1039 2972 1328 3043 βασιλικὰς
1361 2973 1749 3043 ἐμπρήσαντες
1781 2970 1971 3034 ἀκοάς.
2006 2972 2125 3023 Ὅτι

426 3060 536 3130 γάρ
568 3060 670 3113 οὑκ
705 3060 835 3114 ἄνευ
871 3059 1008 3113 Θεοῦ
1053 3062 1116 3114 τὸ
1162 3059 1393 3131 κώλυμα
1435 3060 1648 3129 γέγονε,
1692 3058 1852 3128 δῆλον
1886 3058 2120 3111 ἐκεῖθεν·

430 3149 743 3219 Ἄνθρωποι
790 3151 884 3205 τὸν
926 3151 1144 3205 ἅπαντα
1183 3153 1376 3222 χρόνον
1412 3149 1694 3212 τοιαύταις
1728 3148 2126 3221 συντραφέντες

431 3236 758 3306 ἀποδημίαις
778 3278 793 3299 ,
832 3239 925 3294 καὶ
951 3239 1113 3292 τοῦτο
1147 3241 1175 3280 b
1212 3240 1373 3310 ἔργον
1407 3238 1623 3307 ἔχοντες
1653 3238 1853 3299 ἵππους
1880 3235 2126 3289 ἐλαύνειν

426 3322 723 3392 διηνεκῶς,
768 3325 864 3377 νῦν
905 3325 998 3379 ὑπ’
1044 3326 1216 3397 αὑτῆς
1269 3327 1369 3396 τῆς
1415 3325 1683 3387 ἱππασίας
1748 3322 2127 3394 συντριϐέντες

428 3410 769 3483 ὑστέρησαν,
813 3414 909 3465 καὶ
945 3413 1170 3482 γέγονεν
1216 3415 1312 3467 ἀπ’
1368 3414 1618 3477 ἐναντίας
1663 3416 1776 3476 τοῖς
1833 3410 1929 3463 τοῦ
1973 3412 2129 3466 Ἰωνᾶ

425 3499 719 3570 πράγμασι
749 3500 820 3553 τά
846 3500 1132 3570 συμϐάντα
1158 3499 1273 3555 νῦν.
1302 3502 1539 3554 Ἐκεῖνον
1564 3501 1663 3571 μὲν
1687 3501 1796 3571 γὰρ
1832 3499 1907 3570 μὴ
1941 3498 2128 3569 βουλό-

430 3604 593 3657 μενον
621 3587 878 3641 ἀπελθεῖν
905 3588 1124 3658 ήπειγε·
1152 3592 1373 3651 τούτους
1400 3589 1456 3641 δὲ
1480 3589 1840 3658 βουλομένους
1873 3587 2127 3640 ἀπελθεῖν

427 3674 723 3728 ἐκώλυσεν.
759 3676 834 3727 ‘0'
851 3676 1043 3729 καινοῦ
1070 3677 1162 3728 καὶ
1192 3676 1497 3746 παραδόξου
1528 3676 1883 3745 πράγματοςῑ
1920 3676 2128 3737 ἐκεῖνος

426 3762 529 3815 οὑκ
549 3760 805 3815 ἐϐούλετο
836 3762 1073 3833 κηρῦξαι
1107 3752 1525 3832 καταστροφὴν,
1590 3764 1683 3815 καὶ
1724 3762 1928 3816 ἄκοντα
1965 3759 2127 3815 αὑτὸν

427 3847 747 3916 ἀνέστησεν·
786 3840 933 3901 οὗτοι
986 3849 1125 3919 μετὰ
1175 3849 1373 3903 πολλοῦ
1419 3848 1515 3901 τοῦ
1558 3850 1757 3918 τάχους
1806 3845 2127 3900 σπεύδουσιν

428 3933 765 4002 ἀπαγγεῖλαι
821 3926 1231 4007 καταστροφὴν,
1284 3938 1378 3989 καὶ
1429 3936 1662 3998 ἄκοντας
1714 3935 1914 3997 αὑτοὺς
1968 3933 2130 3985 πάλιν

429 4022 693 4077 ἐκώλυσε.
727 4025 793 4076 Τί
821 4024 1059 4096 δήποτε;
1088 4028 1210 4079 ’Ότι
1240 4025 1474 4079 ἐνταῦθα
1510 4026 1608 4094 μὲν
1642 4025 1702 4077 τὸ
1721 4026 1887 4094 τάχος
1911 4022 2125 4093 βλάϐος,

431 4111 549 4163 ἐκεῖ
574 4110 631 4163 δὲ
657 4112 720 4164 τὸ
742 4111 909 4182 τάχος
934 4114 1125 4184 κέρδος
1145 4112 1331 4184 {(9595-
1356 4114 1443 4166 διά
1468 4113 1627 4165 τοῦτο
1659 4113 1911 4165 κάκεῖνον
1939 4110 2128 4179 ήπειξε

429 4198 519 4253 διά
546 4197 641 4252 τοῦ
668 4200 888 4272 κήτους,
913 4202 1009 4254 κα)⁸
1035 4201 1125 4255 διά
1146 4201 1257 4255 τῶν
1287 4202 1472 4254 ῖππων
1498 4201 1724 4262 τούτους
1754 4186 2126 4261 συνεπόδισεν.

442 4285 607 4357 Ὁρᾷς
657 4285 795 4339 Θεοῦ
842 4290 1068 4357 σοφίαν;
1116 4288 1206 4342 διὰ
1249 4288 1358 4342 τῶν
1411 4289 1754 4359 πραγμάτων
1801 4287 2003 4347 αὐτῶν,
2054 4279 2131 4337 ὧν

432 4371 664 4436 ἕκαστος
704 4374 933 4444 ἤλπισεν
981 4376 1168 4445 ἀνύειγ
1206 4376 1267 4429 τὸ
1314 4378 1677 4446 προκείμενον
1702 4386 1750 4439 ο,
1797 4374 1889 4427 διά
1927 4373 2131 4427 τούτων

435 4461 899 4532 συνεποδίσθησαν
923 4463 1171 4527 ἕκαστος.
1211 4465 1448 4527 Ἐκεῖνος
1476 4464 1566 4516 διὰ
1592 4463 1687 4515 τοῦ
1732 4462 1919 4516 πλοίου
1955 4478 2129 4533 προσ-

435 4547 663 4621 εδόκησε
701 4550 1027 4621 πτήσεσθαι,
1051 4551 1227 4605 καὶτὸ
1260 4552 1443 4604 πλοῖον
1479 4550 1629 4622 αὑτῷ
1661 4550 1861 4621 δεσμὸς
1890 4550 2129 4618 ἐγένετο·

432 4634 523 4689 διά
549 4636 661 4691 τῶν
695 4638 878 4692 ἵππων
923 4632 1068 4693 οῦτοι
1108 4638 1519 4710 προσεδόκησαν
1564 4638 1863 4708 ταχύτερον
1900 4638 2131 4707 ὄψεσθαι

432 4722 525 4775 τὸν
565 4723 816 4793 βασιλέα,
850 4726 948 4779 καὶ
976 4727 1030 4780 of.
1058 4726 1215 4780 ἵπποι
1239 4727 1530 4795 γεγόνασιν
1553 4726 1803 4796 κώλυμα”
1840 4726 2043 4795 μᾶλλον
2075 4728 2133 4780 δὲ

432 4809 530 4881 οὑχ
562 4813 611 4864 οί
642 4811 821 4873 ἵπποι,
852 4813 1043 4885 ὥσπερ
1074 4809 1168 4867 οὑν
1209 4814 1318 4867 οὐδ’
1366 4814 1561 4884 ἐκείνῳ
1598 4815 1659 4867 τὸ
1702 4814 1905 4879 πλοῖον,
1943 4814 2059 4867 ἀλλ’
2102 4817 2134 4886 ἡ

433 4898 665 4970 πρόνοια
692 4899 787 4953 τοῦ
816 4900 953 4953 Θεοῦ
986 4901 1264 4972 πανταχοῦ
1299 4902 1477 4954 πάντα
1508 4902 1646 4971 μετὰ
1676 4903 1775 4972 τῆς
1814 4902 2021 4965 οἰκείας
2053 4905 2133 4955 οἰ-

434 4987 746 5055 κονομοῦσα
773 4990 987 5058 σοφίας.
1014 4990 1127 5044 Καὶ
1151 4990 1343 5043 σκόπει
1368 4990 1717 5061 κηδεμονίαν.
1745 4990 1863 5054 πῶς
1888 4992 1984 5044 καὶ
2010 4993 2137 5059 ἐφό-

328 5132 331 5133 ,
435 5077 570 5151 ϐησε
597 5078 693 5131 καὶ
721 5079 1085 5149 παρεκάλεσε.
1121 5081 1282 5154 Παρὰ
1316 5081 1413 5152 μὲν
1436 5080 1546 5152 γὰρ
1570 5080 1741 5151 αὑτὴν
1767 5080 1867 5151 τὴν
1897 5080 2136 5151 ήμέραν,

434 5164 523 5218 ὅτε
548 5164 618 5218 τά
651 5166 948 5237 παράνομα
988 5168 1259 5240 ἐτολμήθη
1293 5169 1471 5221 πάντα
1507 5171 1708 5234 ἐκεῖνα,
1743 5170 1902 5236 ἀφεὶς
1935 5172 2135 5233 αὐτοὺς

437 5250 672 5317 ἐξελθεῖν
701 5253 777 5315 ὼς
804 5254 1255 5324 ἀπαγγελοῦντας
1285 5255 1365 5327 τῷ
1400 5256 1611 5326 βασιλεῖ
1642 5256 1710 5310 τά
1746 5257 2135 5329 συμϐεϐηκότα

438 5337 675 5399 ἅπαντα,
704 5339 784 5411 τῷ
817 5342 974 5412 τάχει
1017 5344 1118 5415 τῆς
1155 5344 1337 5409 ἐξόδου
1381 5346 1590 5408 πάντας
1625 5344 1914 5415 ἐφόϐησεν⁹
1949 5347 2134 5419 ἐπειδὴ

436 5425 493 5478 δὲ
516 5426 780 5498 ἀπῆλθον,
810 5430 905 5483 καὶ
929 5430 1022 5484 δύο
1043 5433 1138 5485 καὶ
1157 5436 1308 5504 τρεῖς
1329 5432 1615 5503 ἀνήλωσαν
1638 5435 1872 5505 ἡμέρας,
1902 5436 1997 5488 καὶ
2024 5435 2135 5489 λοι-

441 5514 542 5568 πὺν
577 5516 813 5585 ματαίαν
843 5514 979 5572 εἶναι
1016 5518 1341 5590 ἐνομίζομεν
1376 5520 1470 5573 τοῦ
1510 5522 1701 5592 ἱερέως
1733 5522 1829 5575 τοῦ
1862 5524 2132 5595 ήμετέρου

441 5600 539 5673 τὴν
567 5602 905 5677 ἀποδημίαν,
940 5604 1080 5679 [76]
1109 5607 1185 5671 ὡς
1215 5608 1520 5679 ὑστερίζειν
1544 5608 1865 5679 μέλλοντος,
1895 5610 2017 5664 τότε
2039 5612 2132 5665 τὸν

502 5775 640 5842 {sic
661 5777 974 5842 Savil.Vulg.
1000 5781 1150 5831 ἀποπ.
1180 5782 1316 5832 Enn.

506 5837 724 5903 f°_Sav1|.
764 5837 947 5903 ξδομινῖ

504 5899 650 5974 {Adi
661 5899 947 5974 χρόνον’τῆς
964 5908 1091 5974 ςωῆς
1112 5906 1512 5974 αὑτῶν-τοιαῦτα,
1536 5910 1616 5974 καὶ
1636 5908 1780 5959 τοῦτο
1806 5911 1981 5974 μόνοις.
2016 5911 2130 5962 Mox

444 5962 637 6036 quidam
657 5962 811 6036 ἔργον,
836 5974 896 6036 el_
906 5967 1028 6036 inflfa
1053 5962 1248 6024 τούτους
1277 5962 1677 6036 δέ-ἐπειγομένους
1694 5974 1777 6021 ἀπ.

510 6024 535 6055 °
558 6024 667 6074 δον.
680 6024 1167 6094 τὸπροσδοκώμινον,
1182 6040 1233 6080 el
1253 6044 1323 6081 su;
1335 6024 1521 6094 ιςεῐδὲε
1540 6024 1734 6084 γωείυτ
1747 6037 2013 6097 interpres.
2030 6036 2118 6086 E0.

2219 506 2382 576 φόϐον
2417 508 2636 573 ἐξέλυσε
2674 510 2768 562 καὶ
2806 508 3257 580 παρεμυθήσατο,
3309 506 3550 568 ἐκείνους
3599 520 3679 567 τε,
3722 501 3913 572 ὥσπερ

2209 596 2366 663 ἔφην,
2396 598 2538 649 κατά
2577 600 2751 666 μέσην
2788 596 3077 667 κατασχὼν
3103 597 3201 666 τὴν
3237 595 3376 659 ὁδὸν,
3423 594 3516 646 καὶ
3548 592 3673 654 τοὺς
3700 589 3915 643 ἐκεῖθεν

2214 682 2644 752 ἀφικνουμένους
2673 685 2804 754 πρὸς
2830 686 2975 755 ἡμᾶς
2994 683 3082 737 διά
3104 684 3201 753 τῆς
3234 682 3406 751 αὐτῆς
3433 679 3554 733 ὀδοῦ
3590 678 3661 731 τὰ
3686 675 3916 731 ἐκείνων

2202 768 2362 837 ,πάθη
2392 772 2556 822 πᾶσιν
2585 773 2715 839 ἡμῖν
2750 772 3069 839 ἀναγγεῖλαι
3099 769 3559 841 παρασκευάσας,
3592 766 3680 818 ἵνα
3718 764 3917 835 μικρὸν

2213 856 2665 928 ἀναπνεύσωμενο
2686 860 2824 928 ὅπερ
2842 854 2936 912 οὗν
2967 860 3062 911 καὶ
3083 858 3321 925 ἐγένετο,
3354 856 3448 908 καὶ
3472 855 3609 907 πολὺ
3641 851 3743 922 τῆς
3768 853 3918 919 ἀγω-

2204 922 2333 1007 iam;
2377 922 2693 1013 ἀπεθέμεθα
2744 922 2931 1015 μέρος.
2972 922 3159 997 Ταῦτα
3202 943 3557 1005 ἀκούσαντες,
3606 941 3698 993 τὸν
3739 937 3918 993 ταῦτα

2216 1033 2522 1102 ποιήσαντα
2565 1018 3057 1103 προσεκυνήσαμεν
3102 1032 3235 1085 Θεὸν
3274 1031 3350 1094 ὡς
3394 1030 3652 1101 πατέρων
3695 1027 3919 1081 πάντων

2217 1119 2717 1190 φιλοστοργότερον·
2752 1121 2847 1173 καὶ
2872 1120 2966 1173 νῦν
2994 1122 3063 1174 τὰ
3086 1120 3207 1173 καθ’
3228 1120 3376 1190 ἡμᾶς
3396 1118 3648 1187 διέθηκεν
3679 1115 3915 1175 ἅπαντα.

2216 1208 2434 1277 ἀοράτῳ
2466 1209 2572 1260 τινὶ
2605 1209 2833 1278 δυνάμει
2867 1211 2993 1271 τοὺς
3045 1208 3316 1277 πονηροὺς
3359 1205 3584 1268 τούτους
3628 1201 3921 1273 κατασχὼν
3968 1260 3973 1262 Ἴ

2218 1296 2506 1363 ἀγγέλους,
2543 1297 2635 1348 καὶ
2674 1297 2956 1367 μονονουχὶ
2980 1297 3179 1365 λέγων’
3214 1296 3280 1349 Τί
3302 1292 3670 1357 σπεύδετε;τί
3691 1292 3747 1345 δὲ
3770 1291 3904 1343 ἐπεί-

2217 1384 2380 1451 γεσθε
2414 1383 2568 1435 πόλιν
2596 1382 2854 1454 τοιαύτην
2892 1382 3310 1448 καταποντίζειν
3352 1382 3676 1453 μέλλοντες;
3711 1380 3786 1452 μὴ
3812 1379 3922 1451 7&9

2219 1470 2514 1538 εὐαγγέλια
2546 1470 2805 1541 κομίζετε
2848 1472 2926 1541 τῷ
2966 1470 3208 1541 βασιλεῖ;
3254 1472 3463 1524 Μένετε
3492 1469 3684 1529 αὑτοῦ,
3723 1467 3831 1530 ἓως
3860 1461 3923 1518 οὑ

2219 1557 2311 1609 τὸν
2342 1557 2367 1593 α
2404 1557 2712 1628 θεράποντα
2740 1558 2833 1611 τὸν
2858 1558 3011 1626 ἐμὸν,
3035 1558 3289 1628 καθάπερ
3321 1556 3507 1627 ἰατρὸν
3536 1555 3782 1626 ἄριστον,
3810 1569 3923 1606 παι

2223 1645 2549 1716 ρασκευάσω
2576 1644 2781 1713 φθάσαι
2816 1646 2908 1697 καὶ
2929 1644 3021 1697 τὸν
3046 1645 3311 1716 ὑμέτερον
3334 1641 3777 1713 προκαταλαϐεῖν
3797 1639 3923 1711 δρό-

2225 1747 2345 1801 μον.
2379 1730 2443 1785 Εί
2470 1730 2527 1783 δὲ
2556 1733 2614 1783 ἐν
2643 1734 2786 1804 ἀρχῇ
2827 1732 2921 1785 τοῦ
2954 1733 3054 1803 τῆς
3090 1732 3440 1804 παρανομίας
3464 1730 3658 1794 ἕλκους
3687 1726 3924 1797 τοσαύτη

2224 1817 2453 1883 πρόνοια
2496 1816 2711 1886 γέγονε,
2757 1817 2938 1889 πολλῷ
2989 1818 3190 1889 μᾶλλον
3246 1818 3387 1889 μετά
3436 1816 3535 1887 τὴν
3566 1814 3925 1888 ἐπιστροφὴν,

2226 1904 2365 1972 μετά
2400 1904 2500 1973 τὴν
2534 1905 2845 1974 μετάνοιαν,
2878 1906 3018 1975 μετὰ
3044 1906 3137 1959 τὸν
3166 1906 3422 1959 τοσοῦτον
3456 1903 3643 1972 φόϐον,
3679 1900 3821 1973 μετὰ
3859 1904 3926 1952 τὸ

2222 1992 2433 2064 δάκρυα
2461 1994 2557 2047 καὶ
2573 1994 2670 2057 τὰς
2692 1996 2859 2065 εύχάς
2883 1997 3130 2060 πλείονος
3152 1994 3579 2065 ἀπολαυσόμεθα
3600 1992 3701 2062 τῆς
3721 1990 3926 2051 ἀδείας.

2237 2080 2294 2133 '0
2326 2082 2423 2151 μὲν
2458 2081 2568 2153 7&9
2598 2083 2782 2146 Ἰωνᾶς
2824 2085 3051 2148 εἰκότως
3092 2081 3477 2153 συνηλαύνετο,
3522 2082 3609 2134 ἵνα
3646 2081 3728 2143 είς
3766 2078 3919 2149 μετά·

2223 2186 2373 2221 νοιαν
2402 2168 2637 2242 ἐμϐάλῃ,
2673 2171 2834 2241 ὑμεῖς
2872 2172 2927 2225 δέ
2962 2172 3064 2242 ήδη
3106 2171 3206 2241 τήν
3249 2171 3541 2243 μετάνοιαν
3576 2166 3929 2232 ἐπεδείξασθε

2226 2258 2319 2310 καὶ
2350 2254 2695 2330 πολλὴντὴν
2736 2262 3097 2331 ἐπιστροφήν·
3144 2260 3225 2313 διὸ
3268 2260 3364 2313 καὶ
3407 2257 3812 2329 παρακλήσεως
3847 2254 3932 2306 δεῖ

2224 2346 2431 2411 λοιπὸν,
2461 2349 2562 2399 οὐκ
2587 2347 2849 2416 ἀγγελίας
2874 2347 3103 2418 ἀπειλὴν
3127 2346 3379 2419 ἐχόύσης.
3410 2346 3512 2399 Διά
3530 2342 3692 2398 τοῦτο
3716 2344 3811 2398 καὶ
3838 2344 3932 2396 τὸν

2227 2434 2407 2486 κοινὸν
2442 2433 2699 2487 ἐντεῦθεν
2733 2435 3000 2506 ἀνέστησε
3030 2435 3265 2506 πατέρα,
3305 2434 3485 2511 καίτοι
3518 2431 3730 2485 πολλῶν
3760 2429 3933 2484 ὄντων

2224 2519 2335 2572 τῶν
2371 2521 2712 2574 κωλυόντων·
2745 2524 2793 2575 εί
2823 2522 2880 2574 δέ
2916 2521 2989 2594 μὴ
3016 2523 3262 2593 ἐφείδετο
3305 2523 3404 2593 τῆς
3442 2533 3466 2560 ε
3508 2519 3788 2592 σωτηρίας
3833 2518 3933 2589 τῆς

2225 2609 2524 2679 ήμετέρας,
2560 2610 2660 2663 οὑκ
2696 2611 2761 2662 ἂν
2794 2610 3001 2663 ἐκεῖνον
3028 2610 3270 2677 ἔπεισεν,
3308 2609 3445 2663 ἀλλά
3477 2608 3574 2663 καὶ
3608 2607 3935 2679 βουλόμενον

2227 2697 2464 2763 ἐξελθεῖν
2497 2698 2771 2752 ἐκώλυσεν
2802 2701 2887 2755 ἀν.

2302 2794 2367 2855 γ’.
2407 2789 2557 2857 Ἐχω
2586 2806 2639 2841 τι
2666 2790 2762 2841 καὶ
2810 2788 2995 2860 τρίτον
3028 2791 3204 2843 εἰπεῖν
3239 2790 3540 2860 δυνάμενον
3564 2787 3710 2861 ὑμᾶς
3749 2789 3935 2842 πεῖσαι

2228 2874 2473 2946 θαρρεῖν,
2494 2877 2592 2948 τὴν
2618 2878 2901 2955 παροῦσαν
2925 2879 3141 2948 ἐορτὴν,
3168 2878 3235 2949 ἢν
3262 2879 3355 2931 καὶ
3389 2878 3612 2932 ἄπιστοι
3656 2876 3936 2930 αίδοῦνται

2229 2963 2415 3033 σχεδὸν
2448 2965 2669 3028 πάντες,
2693 2968 2759 3035 ήν
2787 2964 2882 3018 καὶ
2915 2966 3079 3028 αὑτὸς
3104 2968 3132 3019 ό
3165 2966 3421 3038 θεοφιλὴς
3469 2967 3725 3036 βασιλεὺς
3757 2964 3935 3028 οὑτως

2227 3052 2426 3124 ᾐδέσθη
2463 3056 2557 3107 καὶ
2584 3054 2866 3124 ἐτίμησεν,
2896 3054 2972 3117 ῶς
2996 3054 3243 3118 ἅπαντας
3288 3057 3415 3118 τοὺς
3453 3055 3561 3127 πρὸ
3601 3054 3769 3107 αὑτοῦ
3813 3055 3935 3125 μετ’

2227 3140 2512 3206 εὐσεϐείας
2566 3144 2950 3213 κρατήσαντας
3005 3142 3413 3213 ὑπερϐαλέσθαι
3479 3142 3770 3213 βασιλέας.
3845 3142 3937 3194 Ἐν

2227 3230 2456 3293 ταύταις
2484 3229 2617 3299 γοῦν
2645 3232 2766 3293 ταῖς
2796 3231 3033 3301 ήμέραις
3075 3230 3297 3300 πέμψας
3342 3231 3633 3301 ἐπιστολὴν
3662 3233 3742 3294 εἰς
3768 3230 3901 3301 τιμὴ
3920 3252 3937 3281 ι

2226 3316 2327 3387 τῆς
2386 3319 2604 3390 ἑορτῆς,
2655 3320 2783 3381 τοὺς
2849 3318 2911 3371 τὸ
2965 3319 3343 3390 δεσμωτήριον
3404 3320 3691 3382 οἰκοῦντας
3744 3318 3935 3389 σχεδὸν

2229 3405 2443 3476 ἀφῆκεν
2486 3405 2764 3468 ἀπαντας’
2817 3407 2910 3459 καὶ
2972 3406 3178 3478 ταύτην
3239 3410 3267 3460 ὁ
3334 3408 3512 3476 ἱερεὺς
3572 3409 3600 3460 6
3662 3406 3935 3478 ἡμέτερος

2228 3491 2489 3546 εἰσελθὼν
2518 3494 2892 3561 ἀναγνώσεται
2926 3495 3027 3564 τὴν
3058 3494 3349 3565 ἐπιστολὴν
3384 3496 3521 3564 πρὸς
3554 3495 3645 3547 τὸν
3679 3493 3932 3564 βασιλέα,

2228 3581 2326 3633 καὶ
2351 3581 2459 3633 τῶν
2487 3582 2704 3634 οἰκείων
2733 3584 2895 3635 αὑτὸν
2936 3584 3245 3654 ἀναμνήσει
3288 3584 3492 3656 νόμιον,
3526 3587 3617 3636 καὶ
3651 3583 3769 3653 ἐρεῖ
3795 3582 3935 3654 πρὸς

2229 3670 2415 3731 αὑτὸν,
2474 3671 2557 3723 ὅτι
2616 3671 2688 3723 Σὺ
2744 3670 2939 3723 σαυτὸν
2988 3670 3405 3741 παρακάλεσον,
3465 3676 3560 3724 καὶ
3608 3670 3679 3723 τά
3732 3669 3933 3724 σαυτοῦ

2233 3757 2512 3828 μέμνησο’
2555 3757 2768 3811 οἴκοθεν
2805 3758 2949 3829 ἔχεις
2982 3759 3042 3810 τὸ
3083 3758 3437 3829 παράδειγμα
3480 3758 3583 3827 τῆς
3624 3756 3935 3829 φιλανθρω-

2231 3846 2392 3908 πίας·
2430 3845 2638 3898 δίκαιον
2667 3846 2765 3915 οὑχ
2795 3847 2940 3898 εἵλου
2970 3846 3194 3916 ποιῆσαι
3228 3846 3409 3913 φόνον,
3447 3845 3541 3897 καὶ
3576 3844 3761 3898 ἄδικον
3796 3846 3932 3897 ὑπο-

2233 3934 2417 4002 μενεῖς
2475 3932 2855 4003 ἐργάσασθαι;
2919 3934 3046 3997 τοὺς
3103 3932 3504 4003 ἐληλεγμένους
3572 3933 3666 3985 καὶ
3715 3932 3935 3986 καταδι-

2231 4020 2535 4084 κασθέντας
2585 4022 2685 4091 τὴν
2740 4022 2936 4093 ἑορτὴν
2996 4021 3268 4085 αἰδεσθεὶς
3327 4022 3584 4092 ἀφῆκας,
3647 4024 3740 4075 καὶ
3804 4023 3936 4085 τοὺς

2232 4108 2559 4171 ἀνευθύνους
2596 4110 2691 4161 καὶ
2724 4109 2892 4179 μηδὲν
2933 4109 3341 4182 τετολμηκότας
3389 4113 3765 4181 κατακρινεῖς,
3806 4111 3934 4163 είπὲ

2236 4214 2347 4265 μοι,
2378 4196 2471 4250 καὶ
2496 4195 2671 4249 ταῦτα
2704 4198 2803 4266 τῆς
2837 4197 3032 4267 ἑορτῆς
3074 4198 3386 4267 παρούσης;
3431 4199 3736 4268 Μηδαμῶς,
3774 4200 3933 4269 βασι-

2231 4285 2346 4337 λεῦ.
2384 4286 2456 4338 Σὺ
2502 4285 2592 4339 διά
2629 4287 2729 4356 τῆς
2772 4286 3061 4356 ἐπιστολῆς
3112 4286 3316 4357 ταύτης
3368 4286 3756 4356 διαλεγόμενος
3811 4290 3934 4351 ταῖς

2234 4372 2424 4425 πόλεσι
2469 4372 2670 4436 πάσαις
2701 4372 2887 4441 ἔλεγες
2914 4389 2931 4403 ·
2984 4370 3112 4443 Εἴθε
3170 4390 3259 4444 μοι
3311 4373 3539 4428 δυνατὸν
3572 4370 3641 4445 ἦν
3683 4376 3934 4441 καὶτοὺς

2234 4461 2464 4531 νεκροὺς
2494 4460 2801 4528 ἀναστῆσαι
2845 4461 2890 4515 ί.
2946 4461 3163 4531 Ταύτης
3209 4461 3443 4532 δεόμεθα
3486 4463 3583 4534 τῆς
3626 4463 3936 4535 φιλανθρω-

2237 4551 2386 4615 πίας,
2427 4549 2633 4603 τούτων
2660 4549 2893 4621 δεόμεθα
2924 4550 3033 4604 τῶν
3075 4551 3338 4622 ῥημάτων
3380 4552 3495 4607 νῦν.
3538 4553 3650 4621 υὺχ
3685 4552 3830 4606 οὕτω
3871 4554 3935 4607 τὸ

2237 4640 2514 4709 κρατῆσαι
2548 4638 2824 4709 πολεμίων
2854 4638 3142 4711 λαμπροὺς
3182 4643 3327 4693 ποιεῖ
3358 4642 3484 4702 τοὺς
3522 4639 3934 4709 βασιλεύοντας,

2236 4728 2311 4789 ὡς
2353 4727 2414 4779 τὸ
2462 4728 2734 4799 κρατῆσαι
2774 4727 2948 4798 θυμοῦ
2988 4729 3083 4781 καὶ
3126 4728 3324 4799 ὀργῆςο
3372 4731 3487 4780 ἐκεῖ
3528 4729 3627 4798 μὲν
3670 4729 3780 4801 γάρ
3825 4730 3935 4783 edn

2237 4816 2419 4869 ὅπλων
2451 4818 2544 4870 καὶ
2575 4816 2685 4869 τῶν
2717 4816 3067 4887 στρατιωτῶν
3102 4817 3165 4869 τὸ
3206 4817 3539 4889 κατόρθωμα
3574 4818 3806 4887 γίνεται,
3842 4820 3933 4872 ἐν-

2238 4905 2412 4958 ταῦθα
2449 4906 2505 4959 δὲ
2536 4906 2741 4976 γυμνὸν
2768 4907 2860 4959 σόν
2883 4909 3001 4960 ἐστι
3028 4907 3091 4959 τὸ
3114 4906 3395 4977 τρόπαιον,
3434 4909 3526 4959 καὶ
3558 4907 3751 4961 οὑδένα
3789 4908 3933 4979 ἔχεις

2239 4993 2330 5046 τὸν
2364 4992 2721 5065 μεριζόμενον
2772 4994 2910 5063 μετά
2957 4993 3052 5046 σοῦ
3097 4993 3197 5064 τὴν
3239 4995 3337 5065 τῆς
3385 4994 3707 5063 φιλοσοφίας
3749 4995 3929 5062 δόξαν.

2251 5082 2594 5153 Ἐκράτησας
2626 5081 2869 5152 πολέμου
2919 5081 3280 5154 βαρϐαρικοῦ,
3316 5083 3592 5153 κράτησον
3632 5086 3727 5137 καὶ
3758 5084 3932 5156 θυμοῦ

2242 5170 2523 5241 βασιλικοῦ
2544 5187 2557 5200 ο
2600 5170 2921 5241 μαθέτωσαν
2949 5174 2999 5224 οἱ
3040 5172 3259 5225 ἄπιστοι
3278 5172 3497 5236 πάντες
3524 5173 3606 5225 ὃτι
3634 5176 3663 5225 ό
3684 5172 3778 5226 τοῦ
3804 5175 3935 5245 Χρι-

2240 5260 2369 5314 στοῦ
2397 5260 2561 5329 φόϐος
2582 5261 2765 5315 πᾶσαν
2786 5261 3035 5328 ἐξουσίαν
3056 5260 3281 5315 δύναται
3318 5261 3599 5332 χαλινοῦνυ
3636 5262 3751 5335 [7η
3782 5263 3935 5328 δόξα·

2240 5350 2333 5403 σόν
2360 5367 2451 5403 σου
2484 5351 2576 5402 τὸν
2604 5351 3036 5421 Δεσπότην,τοῖς
3058 5350 3364 5415 συνδούλοις
3396 5352 3559 5420 ἀφεὶς
3589 5354 3656 5405 τὰ
3687 5354 3933 5425 ἁμαρτή-

2242 5456 2407 5509 ματα,
2439 5439 2527 5491 ἵνα
2558 5440 2653 5493 καὶ
2677 5439 2841 5501 αὑτός
2873 5456 2933 5491 σε
2961 5437 3162 5511 δοξάσῃ
3190 5437 3473 5509 μειζόνως.
3504 5440 3591 5493 ἵνα
3615 5440 3824 5511 ἥμερόν
3848 5459 3932 5496 σοι

2238 5528 2381 5580 κατά
2408 5530 2508 5597 τὴν
2536 5528 2634 5597 τῆς
2658 5528 2892 5599 κρίσεως
2924 5526 3138 5598 ἡμέραν
3171 5525 3316 5599 δείξῃ
3351 5527 3413 5580 τὸ
3438 5526 3594 5597 ὄμμα
3625 5529 3721 5581 καὶ
3757 5529 3931 5602 γαλη-

2236 5616 2345 5681 νὸν,
2388 5616 2593 5685 ταύτης
2621 5616 2970 5686 μεμνημένος
3012 5633 3106 5669 σου
3144 5614 3249 5686 τῆς
3281 5615 3717 5687 φιλανθρωπίας.
3742 5618 3932 5673 Ταῦτα

2236 5707 2331 5759 καὶ
2365 5704 2589 5757 πλείονα
2620 5704 2828 5757 τούτων
2854 5706 2988 5775 ἐρεῖ,
3018 5704 3114 5758 καὶ
3148 5704 3366 5767 πάντως
3404 5706 3552 5775 ἡμᾶς
3583 5705 3929 5779 ἐξαιρήσεται

2299 5842 2324 5881 ἀ
2352 5845 2449 5893 Alii
2473 5846 2565 5899 ἕως
2584 5844 2641 5892 ἂν
2661 5844 2757 5891 τὸν.

2306 5909 2325 5927 ⁸
2348 5907 2449 5956 Alii
2473 5908 2513 5955 εί
2538 5908 2591 5955 δέ
2616 5908 2678 5965 μὴ
2705 5905 2903 5961 emam
2930 5913 3029 5962 τῆς.

2304 5968 2319 6003 ί
2350 5967 2501 6017 Savil.
2530 5975 2583 6015 et
2606 5981 2779 6029 magna
2802 5980 2911 6028 pars
2934 5981 3049 6029 mss:
3075 5971 3185 6028 τοὺς
3205 5972 3489 6025 ἀπελθόντας
3510 5970 3676 6018 inor.
3694 5968 3802 6018 Mox
3825 5969 3909 6017 ain

2236 6031 2417 6079 τούτων
2443 6030 2604 6092 καιρὸς
2626 6027 2721 6076 τῶν
2742 6027 2980 6092 ,ῥημάτων
3000 6027 3097 6077 νῦν.
