4196 6316
319 393 391 452 85
1143 394 1215 449 S.‘
1242 390 1531 448 JOANNIS
1566 390 1976 450 οιιιιγευετο

2095 393 2422 452 ΛΒΟΙΙΙΕΡ.
2462 387 3017 450 CONSTANTINOP.
3698 387 3772 444 8G

313 510 417 584 τῆς
431 509 619 580 ὀργῆς.
642 509 757 563 Οὐκ
789 510 871 573 είς
901 507 962 561 τὸ
1003 508 1188 561 πεῖσαι
1220 507 1279 561 δέ
1319 506 1600 578 μόνον’τδν
1635 504 1856 578 βασιλέα
1887 523 1985 577 με-

314 597 474 665 γίστη
503 595 773 668 παρὰτῆς
794 594 1046 668 νηστείας
1066 593 1271 666 ταύτης
1295 596 1430 665 ἡμῖν
1459 595 1491 663 ή
1519 593 1824 664 συμμαχία,
1851 593 1988 646 ἀλλά

315 681 408 736 καὶ
443 683 524 746 είς
562 683 622 735 τὸ
652 682 912 750 γενναίως
940 682 1182 750 ἐνεγκεῖν
1213 680 1285 734 τά
1313 679 1677 752 συμϐαίνοντα
1699 695 1716 710 ο
1752 679 1846 734 καὶ
1877 679 1988 752 γὰρ

313 768 668 840 παράκλησινΙ
684 768 746 821 οὑ
765 767 866 838 τὴν
886 767 1157 837 τυχοῦσαν
1181 767 1290 820 ἀπὸ
1308 766 1403 820 τοῦ
1426 767 1621 838 καιροῦ
1645 766 1836 820 τούτου
1861 783 1989 838 καρ-

312 853 585 926 πούμεθα.
622 854 765 908 Αὐτὸ
803 855 910 926 γάρ
943 855 1006 907 τὸ
1040 853 1164 907 καθ’
1210 855 1446 923 ἐκάστην
1489 852 1702 924 ἡμέραν
1735 853 1988 922 συλλέγε-

313 942 459 1006 σθαι,
488 945 581 996 καὶ
607 943 706 1014 τῆς
729 941 836 995 τῶν
874 942 1034 995 θείων
1070 941 1302 1013 Γραφῶν
1329 940 1646 1012 ἀκροάσεως
1669 939 1983 1007 ἀπολαύειν,

311 1031 405 1084 καὶ
452 1030 716 1102 ἀλλήλους
764 1030 1010 1100 βλέπειν,
1051 1029 1147 1083 καὶ
1187 1029 1325 1100 πρὸς
1369 1028 1633 1099 ἀλλήλους
1674 1026 1982 1099 ὀδύρεσθαι,

311 1118 404 1168 καὶ
433 1117 757 1188 εὐχομένους
785 1117 882 1170 καὶ
914 1116 1166 1185 εὐλογίας
1205 1115 1549 1187 δεχομένους.
1590 1115 1763 1178 οὑτως
1799 1114 1986 1169 οἴκαδε

307 1203 552 1270 ἀπιέναι,
598 1205 659 1257 τὸ
695 1205 854 1258 πλέον
892 1206 1029 1276 ἡμῖν
1076 1194 1440 1274 ὑποτέμνεται
1487 1204 1587 1272 τῆς
1638 1202 1852 1273 ὀδύνης.
1891 1202 1984 1273 Μὴ

307 1290 486 1344 τοίνυν
519 1292 941 1362 καταπέσωμεν,
982 1291 1118 1362 μηδὲ
1155 1289 1441 1362 προδῶμεν
1475 1291 1703 1352 ἑαυτοὺς
1744 1287 1851 1342 ὑπὸ
1885 1291 1985 1360 τῆς

306 1377 568 1445 ἀγωνίας,
609 1377 747 1432 ἀλλά
791 1379 1044 1448 μένωμεν
1075 1378 1144 1430 τά
1173 1373 1388 1448 χρηστά
1427 1375 1853 1449 προσδοκῶντες,
1889 1375 1979 1429 καὶ

307 1463 664 1535 προσέχωμεν
695 1465 809 1526 τοῖς
843 1463 1175 1534 ῥηθήσεσθαι
1208 1463 1482 1534 μέλλουσι.
1513 1465 1625 1519 Καὶ
1656 1464 1766 1534 7&9
1798 1462 1984 1533 βούλοο

309 1566 408 1620 μαι
433 1552 670 1622 σήμερον
704 1551 834 1622 περὶ
859 1550 1158 1622 ὑπεροψίας
1188 1551 1417 1605 θανάτου
1446 1552 1796 1623 διαλεχθῆναι
1819 1564 1846 1593 ι
1880 1551 1984 1605 πά-

305 1636 408 1692 λιν.
454 1633 624 1692 Εἶπον
655 1639 783 1709 χθὲς
823 1640 951 1709 ὑμῖν
989 1639 1073 1692 ὅτι
1107 1638 1200 1692 τὸν
1246 1639 1474 1694 θάνατον
1505 1639 1846 1711 δεδοίκαμεν,
1881 1640 1983 1692 οὑκ

305 1725 492 1796 ἐπειδὴ
523 1725 750 1796 φοϐερός
779 1726 928 1778 ἐστιν
949 1726 1178 1786 ἐκεῖνος,
1205 1724 1318 1778 ἀλλ’
1350 1726 1539 1796 ἐπειδὴ
1564 1725 1675 1779 οὔθ’
1697 1727 1726 1780 6
1750 1726 1850 1795 τῆς
1885 1725 1982 1796 βα-

304 1810 508 1874 σιλείας
531 1813 677 1886 ἡμᾶς
707 1810 847 1881 ἔρως
871 1810 1095 1881 ἀνῆψεν,
1119 1809 1242 1864 οὑτε
1262 1815 1291 1865 6
1307 1812 1408 1882 τῆς
1427 1811 1652 1882 γεέννης
1667 1811 1831 1881 φόϐος
1851 1829 1982 1865 κατε

301 1897 481 1968 έσχεν,
522 1899 616 1950 καὶ
651 1899 790 1968 πρὸς
835 1898 1068 1961 τούτοις,
1105 1897 1186 1951 ὅτι
1230 1898 1293 1951 τὸ
1333 1899 1572 1962 συνειδὸς
1635 1899 1737 1952 οὑκ
1784 1898 1981 1970 ἔχομεν

302 1983 527 2052 ἀγαθόν.
553 1984 816 2038 Βούλεσθε
844 1986 939 2039 καὶ
963 1985 1232 2058 τετάρτην
1261 1985 1402 2040 εἴπω
1422 1986 1602 2040 αίτίαν
1627 1987 1727 2057 τῆς
1749 1987 1979 2058 ἀκαίρου

299 2070 501 2142 ταύτης
531 2071 768 2141 ἀγωνίας
803 2072 904 2126 οὑκ
935 2072 1212 2136 ἐλάττονα,
1247 2073 1356 2127 τῶν
1385 2075 1665 2146 προτέρων
1686 2073 1979 2145 ἀληθεστέ-

305 2174 435 2228 ραν;
474 2159 549 2212 Οὑ
580 2159 761 2230 ζῶμεν
798 2161 936 2231 μετά
962 2161 1064 2230 τῆς
1087 2161 1471 2232 προσηκούσης
1499 2165 1612 2225 τοῖς
1634 2164 1980 2234 Χριστιανοῖς

300 2245 746 2316 σκληραγωγίας,
780 2248 918 2302 ἀλλά
948 2247 1040 2300 τὸν
1072 2249 1238 2318 ὑγρὸν
1266 2247 1456 2302 τοῦτον
1478 2250 1570 2302 καὶ
1596 2248 1978 2320 διαλελυμένον

300 2334 392 2385 καὶ
419 2333 616 2403 χαῦνον
641 2333 991 2404 ἐζηλώσαμεν
1029 2334 1171 2404 βίον·
1199 2335 1279 2388 διὸ
1305 2336 1400 2390 καὶ
1429 2336 1657 2400 εἰκότως
1683 2339 1798 2401 τοῖς
1835 2353 1978 2407 παρ-

295 2418 448 2472 οῦσιν
480 2420 962 2492 ἐμφιλοχωροῦμεν
987 2421 1331 2492 πράγμασιν.

378 2507 465 2568 Ὡς
504 2508 563 2560 εί
599 2524 662 2575 γε
707 2508 766 2560 ἐν
807 2507 1081 2576 νηστείαις
1120 2509 1218 2561 καὶ
1265 2509 1555 2580 παννυχίσι
1609 2511 1705 2563 καὶ
1733 2509 1980 2581 εὐτελείᾳ

292 2593 506 2665 διαίτης
532 2595 631 2664 τὴν
657 2595 801 2667 ζωὴν
821 2594 1110 2666 διηνύομεν
1130 2595 1357 2666 ταύτην,
1379 2595 1478 2660 τὰς
1502 2595 1798 2666 ἐπιθυμίας
1817 2597 1978 2667 ήμῶν

293 2682 651 2744 ἐκκόπτοντες
691 2682 789 2746 τὰς
822 2681 1078 2747 ἀτόπους,
1118 2683 1215 2746 τὰς
1247 2681 1442 2752 ήδονάς
1492 2682 1812 2748 κωλύοντες,
1852 2672 2008 2746 τοὺς“

296 2767 527 2837 ἱδρῶτας
558 2768 658 2838 τῆς
693 2770 894 2838 ἀρετῆς
923 2770 1308 2840 ὑπομένοντες,
1351 2770 1493 2823 κατά
1520 2770 1611 2823 τὸν
1637 2771 1850 2824 Παύλου
1887 2771 1976 2823 λό-

298 2871 394 2922 γον
429 2861 478 2895 ι⁶
515 2857 902 2920 ὑποπιέζοντες
930 2857 989 2909 τὸ
1025 2857 1184 2926 σῶμα
1225 2856 1319 2909 καὶ
1358 2856 1852 2925 δουλαγωγοῦντες,
1879 2859 1979 2928 τῆς

294 2943 496 3013 σαρκὸς
521 2944 776 3014 πρόνοιαν
811 2946 884 3016 μὴ
912 2943 1222 3014 ποιούμενοι
1262 2946 1342 3007 είς
1374 2943 1695 3014 ἐπιθυμίας,
1724 2944 1822 3015 τὴν
1856 2962 1978 2997 στε-

292 3029 388 3101 νὴν
429 3031 522 3084 καὶ
568 3029 940 3101 τεθλιμμένην
994 3032 1112 3084 όδὸν
1160 3030 1457 3096 ὁδεύοντες,
1507 3032 1719 3102 ταχέως
1767 3032 1833 3085 ἂν
1869 3033 1977 3085 τῶν

294 3116 595 3186 μελλόντων
628 3117 1078 3188 ἐπεθυμήσαμεν,
1110 3116 1219 3169 τῶν
1250 3117 1537 3187 παρόντων
1587 3117 1765 3172 πόνων
1801 3118 1974 3171 ἀπαλ-

289 3203 522 3275 λαγῆναι
551 3204 892 3268 σπεύδοντες.
924 3204 1032 3257 Καὶ
1057 3206 1139 3257 ὅτι
1171 3205 1230 3257 οὑ
1267 3204 1467 3276 ψευδὴς
1495 3208 1523 3257 6
1544 3205 1699 3272 λόγος
1727 3206 1754 3257 6
1777 3207 1976 3276 ἡμέτε-

218 3295 222 3298 ’
294 3307 406 3361 ρος,
437 3289 668 3361 ἀνάϐηθι
704 3291 841 3362 πρὸς
878 3291 975 3353 τὰς
1013 3291 1257 3360 κορυφὰς
1294 3291 1400 3344 τῶν
1432 3293 1627 3361 ὀρέων,
1673 3293 1768 3346 καὶ
1803 3294 1974 3346 κατά-

294 3379 436 3448 μαθε
495 3379 620 3440 τοὺς
680 3380 796 3430 ἐκεῖ
853 3378 1143 3448 μοναχοὺς,
1203 3379 1331 3440 τοὺς
1376 3379 1433 3430 ἐν
1480 3379 1688 3450 σάκκῳ,
1739 3380 1866 3443 τοὺς
1917 3381 1976 3433 ἐν

288 3465 527 3534 δεσμοῖς,
573 3467 698 3528 τοὺς
741 3465 798 3515 ἐν
846 3464 1144 3534 νηστείαις,
1195 3465 1322 3526 τοὺς
1380 3467 1436 3516 ἐν
1499 3466 1677 3536 σκότῳ
1739 3484 1976 3520 κατακε-

288 3551 662 3620 κλεισμένους,
694 3552 786 3602 καὶ
811 3550 928 3618 ὄψει
962 3551 1166 3612 πάντας
1198 3537 1396 3613 αὐτοὺς
1433 3551 1530 3620 τῆς
1559 3552 1820 3620 τελευτῆς
1856 3554 1974 3605 ἐπι-

287 3637 617 3701 θυμοῦντας,
638 3640 732 3691 καὶ
750 3638 1060 3690 ἀνάπαυσιν
1087 3637 1147 3688 τὸ
1173 3638 1406 3707 πρᾶγμα
1435 3637 1751 3701 καλοῦντας.
1784 3640 1971 3694 Καθάα

290 3740 396 3794 περ
445 3724 553 3793 γὰρ
597 3724 625 3773 6
671 3723 955 3775 πυκτεύων
1005 3725 1284 3790 ἐπείγεται
1334 3725 1426 3775 τοῦ
1465 3725 1676 3777 σταδίου
1711 3727 1969 3793 ἐξελθεῖν,

292 3814 378 3865 ἵνα
406 3812 693 3880 ἀπαλλαγῇ
727 3811 834 3862 τῶν
855 3813 1198 3882 τραυμάτων
1223 3814 1316 3864 καὶ
1350 3816 1377 3863 ὁ
1415 3811 1650 3883 ἀθὶῗητὴς
1678 3817 1973 3885 ἀναστῆναι

287 3902 347 3952 τὸ
375 3901 598 3969 θέατρον
623 3899 902 3968 ἐπιθυμεῖ,
938 3900 1025 3952 ἶνα
1063 3900 1398 3969 ἐλευθερωθῇ
1440 3901 1548 3951 τῶν
1589 3903 1795 3954 πόνων’
1832 3903 1974 3954 οὑτω

288 3990 380 4040 καὶ
407 3991 434 4040 ὁ
464 3991 519 4040 ἐν
557 3986 777 4058 σκληρῷ
807 3988 900 4040 καὶ
934 3989 1256 4058 τραχυτάτῳ
1298 3987 1397 4056 βίῳ
1437 3988 1543 4050 ξῶν
1596 3991 1713 4059 μετ’
1749 3992 1970 4061 ἀρετῆς,

286 4078 544 4145 ἐπιθυμεῖ
572 4077 672 4146 τῆς
700 4077 977 4146 τελευτῆς,
1159 4078 1252 4127 καὶ
1296 4077 1405 4129 τῶν
1458 4078 1636 4129 πόνων
1681 4080 1970 4150 ἀπαλλαγῇ

286 4165 396 4217 τῶν
432 4166 734 4235 παρόντων,
766 4167 858 4217 καὶ
893 4164 1033 4235 ὑπὲρ
1066 4163 1173 4217 τῶν
1209 4166 1587 4236 ἀποκειμένων
1629 4166 1726 4238 ἔχῃ
1776 4170 1973 4235 στεφά-

287 4273 391 4306 νων
432 4255 651 4324 θαρρεῖν
687 4255 819 4323 πρὸς
858 4254 944 4305 τὸν
981 4251 1154 4305 εῦδιον
1203 4253 1584 4317 καταπλεύσας
1613 4254 1826 4324 λιμένα,
1878 4258 1969 4308 καὶ

287 4343 404 4392 ἐκεῖ
432 4340 725 4408 μεταστὰς,
768 4339 894 4390 ἔνθα
929 4339 1112 4391 λοιπὸν
1151 4339 1250 4390 οὑκ
1288 4340 1431 4390 ἐστιν
1476 4342 1812 4394 ὑποπτεῦσαι
1846 4360 1970 4394 ναυ-

287 4428 460 4494 άγιον.
491 4427 588 4480 Διὰ
613 4427 770 4479 τοῦτο
804 4429 896 4479 καὶ
919 4430 947 4479 ό
973 4427 1105 4489 Θεὸς
1136 4427 1389 4480 ἐπίπονον
1432 4429 1590 4497 φύσει
1631 4433 1725 4482 καὶ
1761 4431 1967 4500 μοχθη-

288 4517 378 4583 ρὸν
412 4516 501 4567 τὸν
539 4515 653 4584 βίον
690 4515 848 4585 ἡμῶν
877 4515 1300 4579 κατεσκεύασεν,
1339 4517 1424 4569 ἵνα
1453 4518 1556 4569 ὑπὸ
1599 4518 1697 4588 τῆς
1735 4518 1968 4571 ἐνταῦθα

289 4603 688 4673 συνωθούμενοι
713 4603 967 4672 θλίψεως,
1003 4604 1301 4673 ἐπιθυμίαν
1327 4604 1432 4654 τῶν
1467 4604 1765 4673 μελλόντων
1796 4606 1969 4660 λάϐω-

290 4706 405 4756 μεν.
442 4691 501 4740 Εί
533 4690 638 4758 γὰρ
667 4689 761 4739 νῦν
791 4691 1060 4742 τοσούτων
1086 4691 1254 4742 ὄντων
1282 4692 1388 4742 τῶν
1423 4691 1703 4762 λυπηρῶν,
1739 4695 1830 4745 καὶ
1861 4711 1969 4747 κιν-

286 4777 475 4835 δύνων,
515 4777 606 4829 καὶ
647 4776 827 4843 φόϐων
866 4779 959 4830 καὶ
993 4778 1287 4849 φροντίδων
1324 4779 1587 4830 πάντοθεν
1633 4781 1780 4849 ἡμᾶς
1816 4799 1968 4852 περιη-

289 4864 738 4939 στοιχιζομένων,
793 4863 966 4927 οὕτως
1021 4865 1505 4934 ἐμφιλοχωροῦμεν
1574 4871 1639 4937 τῇ
1717 4870 1965 4941 παρούσῃ

288 4953 418 5021 ζωῇ,
447 4950 559 5022 [78]
594 4953 638 5003 εἰ
681 4951 844 5021 μηδὲν
874 4953 1075 5004 τούτων
1102 4949 1187 5022 ἦν,
1221 4954 1331 5005 ἀλλ’
1359 4955 1560 5017 ἄλυπός
1589 4973 1672 5013 τις
1704 4959 1798 5009 καὶ
1833 4961 1965 5010 ἀτα-

286 5040 557 5111 λαίπωρος
591 5043 617 5092 6
654 5040 764 5108 βίος
799 5043 927 5110 ἡμῖν
968 5041 1112 5103 ἀπας
1145 5041 1374 5107 ἐγίνετο,
1417 5041 1545 5093 πότε
1585 5043 1649 5094 ἂν
1691 5045 1968 5116 ἐπεθυμή-

289 5145 458 5197 σαμεν
491 5128 597 5179 τῶν
636 5128 972 5197 μελλόντων;

356 5215 417 5269 δ’.
449 5215 602 5268 Οὕτω
633 5217 724 5268 καὶ
766 5216 1032 5278 Ἰουδαίοις
1057 5217 1308 5286 ἐποίησεν
1338 5217 1539 5280 όθεός·
1567 5218 1658 5270 καὶ
1690 5218 1796 5290 γὰρ
1827 5219 1966 5270 ἐκεί-

285 5322 408 5367 νους
447 5304 768 5374 βουλόμενος
800 5307 880 5366 εἰς
914 5305 1206 5373 ἐπιθυμίαν
1252 5305 1508 5374 ἐμϐαλεῖν
1550 5306 1648 5375 τῆς
1683 5306 1965 5369 ἐπανόδου,

289 5393 378 5443 καὶ
414 5394 596 5445 πεῖσαι
633 5393 859 5462 μισῆσαι
889 5392 985 5462 τὴν
1015 5393 1308 5459 Αἴγυπτον,
1339 5392 1680 5464 συνεχώρησε
1708 5394 1786 5464 τῷ
1814 5395 1968 5465 πηλῷ

288 5481 382 5531 καὶ
416 5483 480 5548 τῇ
524 5480 772 5551 πλινθεία
819 5481 1306 5550 ταλαιπωρεῖσθαι,
1347 5482 1431 5533 ἵνα
1476 5481 1552 5549 τῷ
1589 5483 1810 5550 μεγέθει
1858 5484 1967 5536 τῶν

287 5569 466 5620 πόνων
489 5568 582 5620 καὶ
607 5569 706 5636 τῆς
739 5568 1114 5636 ταλαιπωρίας
1149 5569 1364 5637 ἐκείνης
1401 5570 1693 5638 ἀγχόμενοι
1730 5570 1965 5640 βοήσωσι

287 5644 424 5724 πρός
463 5655 554 5709 τὸν
590 5656 721 5708 Θεὸν
767 5655 895 5726 περὶ
941 5657 1040 5726 τῆς
1078 5656 1358 5708 ἐπανόδου.
1402 5657 1463 5708 Εἰ
1507 5657 1615 5728 γὰρ
1653 5656 1718 5726 δὴ
1763 5660 1966 5713 τούτων

287 5743 593 5812 γενομένων
630 5743 932 5808 ἐξελθόντες
978 5742 1138 5796 πάλιν
1187 5745 1493 5814 ἐμέμνηντο
1531 5745 1628 5814 τῆς
1669 5745 1964 5813 Αἰγύπτου,

353 5899 658 5963 έγὸᾓοζβιινὶι.
685 5900 1038 5963 ιιιιιὶιίιιεᾲιμιιηη
1058 5902 1190 5963 Vulg.
1217 5904 1313 5948 ἷια)
1327 5905 1550 5963 εχθὼμεν.
1579 5904 1713 5953 Enn.

355 5961 403 5991 δ’
427 5958 525 6010 Alii
549 5977 667 6007 κατα
693 5962 771 6008 τὸν
796 5961 1000 6008 Παῦλον.
1031 5962 1149 6011 Ibid.
1178 5964 1261 6011 ΒΑΗ
1279 5966 1327 6012 ιΙ.
1350 5958 1713 6022 ὑπερέπιαζοντες.

2095 509 2311 578 καὶτῆς
2335 507 2579 580 χαλεπῆς
2597 492 2839 569 δουλείας
2863 506 2958 559 καὶ
2983 504 3119 573 πρὸς
3140 505 3240 576 τὴν
3269 503 3544 577 προτέραν
3571 516 3771 573 τυραν·

2093 595 2214 649 νίδα
2244 594 2607 667 ὑποστρέφειν
2635 593 2944 664 ἠπείγοντο,
2981 595 3029 646 εί
3070 594 3147 663 μὴ
3185 592 3442 644 τοιούτων
3475 589 3772 659 ἐπειράθη-

2096 693 2197 734 σαν
2229 681 2340 735 τῶν
2395 681 2706 753 βαρϐάρων,
2765 681 2897 732 πότε
2946 678 3013 732 ἂν
3067 681 3285 748 ἀφεῖναι
3337 677 3434 750 τὴν
3482 675 3771 748 ἀλλοτρίαν

2094 766 2398 839 ὴθέλησαν;
2433 769 2550 822 Ἱνα
2591 764 2685 821 οὖν
2717 767 2814 821 καὶ
2845 767 3009 837 ἡμεῖς
3041 765 3116 837 μὴ
3147 767 3210 837 τῇ
3241 768 3312 836 γῇ
3357 763 3770 836 προσηλωμένοι

2093 854 2348 926 καὶπρὸς
2378 854 2447 908 τά
2478 856 2723 926 παρόντα
2761 853 3048 924 κεχηνότες
3089 852 3367 923 ἀλγῶμεν,
3408 852 3502 905 καὶ
3543 849 3770 905 ἐπιλαν-

2093 937 2384 1011 θανώμεθα
2434 941 2545 994 τῶν
2595 939 2929 1011 μελλόντων,
2993 939 3269 1011 μοχθηρὸν
3323 940 3456 1010 ήμῖν
3513 938 3607 991 τδν
3655 935 3769 1007 βίον

2091 1026 2349 1096 ἐποίησεν
2381 1028 2411 1080 6
2446 1026 2599 1090 Θεός.
2648 1025 2740 1098 Μὴ
2777 1025 2955 1080 τοίνυν
3007 1024 3394 1097 περιεχώμεθα
3432 1026 3462 1066 1³
3496 1025 3642 1097 πέρα
3670 1021 3768 1078 τοῦ

2089 1114 2299 1178 δέοντος
2323 1116 2424 1186 τῆς
2447 1115 2729 1186 παρούσης
2756 1113 2924 1184 ζωῆς.
2950 1112 3016 1168 Τί
3049 1114 3160 1185 7&9
3187 1113 3380 1184 ϐφελος
3402 1114 3572 1184 ήμῖν;
3613 1113 3768 1166 ποῖον

2089 1201 2147 1255 δέ
2187 1203 2379 1273 κέρδος
2421 1206 2486 1256 ἐκ
2519 1203 2613 1257 τοῦ
2646 1201 3031 1274 προσηλῶσθαι
3071 1203 3191 1274 μεθ’
3219 1190 3528 1272 ὑπερϐολῆς
3565 1202 3635 1271 τῇ
3672 1199 3770 1254 τοῦ

2092 1288 2360 1358 παρόντος
2391 1289 2506 1358 βίου
2546 1288 2840 1362 ἐπιθυμίας
2881 1288 3072 1343 Βούλει
3111 1289 3303 1360 μαθεῖν
3329 1288 3418 1342 διά
3452 1289 3504 1340 τί
3545 1285 3711 1339 καλὸν
3733 1288 3778 1356 ή

2097 1375 2344 1447 παροῦσα
2378 1375 2526 1448 (cui);
2559 1377 2684 1431 Ὅτι
2707 1378 2805 1449 τῆς
2838 1376 3141 1448 μελλούσης
3180 1375 3327 1447 ζωῆς
3351 1377 3487 1446 ἡμῖν
3515 1372 3772 1432 ὑπόθεσις

2088 1461 2300 1529 γίνεται
2333 1464 2427 1515 καὶ
2455 1462 2698 1535 ἀφορμὴ,
2731 1464 2822 1519 καὶ
2858 1465 3092 1536 σκάμμα
3121 1463 3218 1519 καὶ
3263 1462 3475 1517 στάδιον
3505 1461 3615 1514 τῶν
3653 1462 3773 1512 ἐκεῖ

2091 1549 2370 1618 στεφάνων
2411 1549 2587 1603 ἐστίν’
2631 1551 2708 1614 ὼς
2753 1554 2802 1604 εί
2848 1551 2922 1622 μὴ
2959 1551 3119 1605 τοῦτο
3157 1551 3431 1622 παράσχοι
3475 1550 3630 1619 ἡμῖν,
3665 1565 3769 1618 μυ·

2091 1636 2221 1706 ρίων
2260 1635 2505 1690 θανάτων
2551 1638 2700 1690 ἐστὶν
2725 1637 3092 1709 ἐλεεινοτέρα.
3121 1636 3185 1690 Et
3227 1635 3337 1707 7&9
3384 1633 3459 1706 μὴ
3502 1633 3768 1705 μέλλομεν

2089 1723 2292 1787 ζῶντες
2323 1723 2579 1796 ἀρέσκειν
2607 1723 2748 1795 Θεῷ,
2790 1723 2996 1794 βέλτιον
3027 1723 3325 1778 ἀποθανεῖν
3368 1733 3416 1778 α.
3458 1721 3524 1774 Τί
3565 1720 3673 1793 γάρ
3704 1720 3769 1772 τό

2089 1811 2282 1878 πλέον,
2321 1813 2376 1865 τί
2409 1812 2470 1865 τὸ
2517 1812 2808 1883 περιττόν;
2845 1812 2981 1882 Οὑχὶ
3014 1811 3106 1864 τὸν
3144 1810 3308 1865 αὑτὸν
3345 1810 3500 1880 ἥλιον
3534 1809 3629 1862 καὶ
3669 1806 3767 1878 τῆν

2088 1899 2258 1970 αὑτὴν
2290 1900 2523 1972 σελήνην
2563 1900 2686 1953 καθ’
2719 1901 2956 1969 ἐκάστην
2981 1899 3196 1980 ἡμέραν
3223 1898 3474 1970 όρῶμενς
3518 1897 3640 1968 οὑχ).
3677 1897 3771 1949 τὸν

2089 1987 2250 2042 αὑτὸν
2281 1988 2527 2060 χειμῶνα
2551 2005 2566 2053 ;
2601 1987 2724 2058 οὑχὶ
2747 1988 2808 2040 τὸ
2840 1987 2973 2042 αὐτὸ
2996 1987 3184 2058 θέρος;
3211 1987 3333 2057 οὑχὶ
3365 1988 3436 2039 τά
3457 1985 3600 2039 αὑτά
3628 1985 3774 2056 πρά⁴

2086 2089 2309 2144 γματα;
2360 2076 2422 2130 Τί
2459 2075 2524 2128 τὸ
2566 2075 2852 2144 γεγονός-ξ
2894 2073 3043 2128 αὐτὸ
3096 2073 3163 2127 τὸ
3213 2073 3766 2143 γενησόμενον.,Τί

2085 2159 2154 2213 τὸ
2181 2159 2623 2231 πεποιημένον;
2650 2161 2799 2215 αὐτὸ
2829 2159 2898 2214 τὸ
2931 2160 3435 2229 ποιηθησόμενον.
3466 2159 3559 2228 Μὴ
3587 2157 3777 2212 τοίνυν

2089 2249 2226 2318 μήτε
2273 2250 2398 2312 τοὺς
2446 2249 2654 2314 ζῶντας
2709 2247 2896 2312 ἁπλῶς
2962 2247 3387 2320 μακαρίζωμεν,
3449 2248 3587 2317 μήτε
3642 2247 3772 2308 τοὺς

2086 2334 2530 2406 ἀποθνήσκοντας
2563 2335 2872 2406 θρηνῶμεν·
2905 2335 3044 2389 ἀλλά
3075 2337 3204 2398 τοὺς
3243 2335 3344 2406 μὲν
3375 2337 3435 2387 ἐν
3472 2333 3769 2404 ἁμαρτίαις

2085 2420 2264 2484 ὂντας,
2303 2422 2406 2475 κᾶν
2439 2421 2573 2484 ζῶσι
2611 2422 2638 2462 ά
2661 2464 2676 2487 ,
2726 2423 2838 2478 κάν.
2873 2422 3322 2494 τετελευτηκότες
3357 2415 3526 2486 ὦσιν,
3547 2418 3770 2490 ’όδυρώ-

2090 2508 2230 2578 μεθα
2250 2527 2263 2540 ·
2292 2511 2420 2573 τοὺς
2447 2511 2504 2564 δέ
2535 2512 2592 2564 ἐν
2623 2509 2935 2582 δικαιοσύνῃ
2970 2508 3362 2580 μακαρίξωμεν
3394 2509 3574 2567 πάλιν,
3606 2507 3771 2560 ὄπου-

2087 2610 2194 2665 περ
2225 2593 2290 2647 ἂν
2319 2594 2555 2664 τύχωσιν
2580 2595 2752 2659 ὄντες,
2777 2597 2849 2650 Σὺ
2881 2596 2980 2668 μὲν
3005 2591 3098 2649 οὖν
3125 2595 3224 2650 ἕνα
3241 2595 3486 2658 δέδοικας
3517 2595 3769 2657 θάνατον,

2087 2679 2181 2732 καὶ
2211 2680 2450 2751 θρηνεῖς⁶
2476 2683 2504 2734 ό
2528 2681 2741 2746 Παῦλος
2769 2681 2826 2736 δέ
2851 2681 2974 2736 καθ’
3010 2683 3248 2752 ἑκάστην
3278 2681 3494 2752 ἡμέραν
3526 2679 3768 2750 ἀποθνή-

2088 2785 2232 2820 σκων
2260 2769 2322 2820 οὑ
2355 2768 2514 2837 μόνον
2545 2769 2646 2821 οὑκ
2679 2769 2916 2840 ἐδάκρυε.
2949 2768 3042 2823 διά
3075 2767 3252 2830 τοῦτο,
3290 2767 3427 2821 ἀλλά
3456 2768 3552 2821 καὶ
3579 2767 3767 2839 ἔχαιρε

2088 2855 2179 2907 καὶ
2206 2856 2490 2925 ἠγάλλετο.
2514 2856 2639 2909 Εἴθε
2662 2857 2819 2926 κάγὼ
2843 2857 2931 2911 διά
2955 2857 3047 2910 τὸν
3067 2855 3200 2910 Θεὸν
3221 2855 3581 2917 ἐκινδύνευον,
3609 2855 3768 2925 φησὶ.

2088 2941 2181 2994 καὶ
2210 2943 2310 2994 οὑκ
2339 2943 2403 2996 ἂν
2431 2944 2744 3014 ἐφρόντισα.
2801 2943 2962 2998 Ἀλλά
2984 2944 3117 3016 μηδὲ
3137 2944 3231 2997 νῦν
3270 2943 3586 3014 καταπέσῃς
3605 2942 3768 2996 ὀύδέ

2087 3028 2194 3099 γὰρ
2233 3029 2395 3098 μόνον
2427 3031 2456 3082 6
2486 3031 2575 3084 διὰ
2617 3031 2710 3083 τὸν
2758 3030 2891 3084 Θεόν
2928 3046 3002 3089 τι]
3030 3032 3256 3102 πάσχων
3296 3032 3594 3102 εὐδοκιμεῖ,
3631 3030 3770 3084 ἀλλά

2086 3117 2178 3168 καὶ
2209 3118 2237 3170 6
2264 3116 2463 3180 ἀδίκως
2499 3135 2550 3170 τι
2597 3118 2845 3188 πάσχων,
2878 3119 2972 3172 καὶ
3017 3119 3198 3190 φέρων
3224 3119 3510 3187 γενναίως,
3543 3118 3637 3173 καὶ
3679 3117 3769 3170 εύ-

2084 3203 2357 3273 χαριστῶν
2381 3203 2458 3274 τῷ
2491 3205 2861 3278 συγχωροῦντι
2895 3206 3036 3278 Θεῷ,
3059 3208 3160 3260 οὑκ
3183 3207 3420 3260 ἐλάττων
3445 3205 3541 3259 τοῦ
3565 3205 3768 3258 διάιτὸν

2084 3291 2216 3343 Θεὸν
2257 3291 2433 3346 ταῦτα
2470 3294 2772 3363 πάσχοντός
2793 3283 3148 3348 ἐστιν.²⁵Επεὶ
3163 3295 3303 3348 καὶὸ
3341 3293 3609 3365 μακάριος
3645 3291 3766 3345 Ἰὼϐ

2083 3380 2182 3438 τὰς
2203 3379 2405 3443 πολλὰς
2438 3382 2531 3433 καὶ
2557 3382 2863 3452 ἀφορήτους
2888 3381 3104 3445 ἐκείνας
3158 3383 3374 3454 πληγὰς
3401 3381 3640 3445 ἐδέξατο,
3667 3379 3764 3433 τοῦ

2083 3466 2329 3521 διαϐόλου
2361 3466 2535 3536 μάτην
2564 3469 2657 3520 καὶ
2676 3468 2798 3538 εἰκῆ
2831 3467 2924 3522 καὶ
2952 3469 3136 3528 ἁπλῶς
3163 3469 3626 3532 ἐπιϐουλεύοντος,
3650 3467 3767 3521 ἀλλ’

2084 3555 2234 3626 ὅμως
2251 3553 2439 3625 ἐπειδὴ
2465 3555 2728 3623 γενναίως
2744 3557 2966 3626 ῆνεγκε,
2995 3559 3090 3610 καὶ
3113 3557 3486 3629 ηὑχαρίστησε
3500 3556 3578 3625 τῷ
3594 3555 3768 3610 ταῦτα

2084 3641 2456 3712 συγχωροῦντι
2493 3641 2634 3712 Θεῷ,
2669 3642 2969 3714 ὁλόκληρον
2996 3644 3088 3697 τὸν
3135 3645 3402 3713 στέφανον
3443 3644 3762 3714 ἀνεδήσατο.

2153 3730 2243 3798 Μὴ
2274 3729 2454 3781 τοίνυν
2484 3727 2654 3781 λυποῦ
2685 3729 2776 3782 διά
2815 3730 2907 3781 τὸν
2935 3729 3195 3784 θάνατον’
3235 3730 3450 3799 φύσεως
3481 3731 3589 3800 γάρ
3614 3730 3764 3780 ἐστι⁸

2082 3813 2252 3866 λυποῦ
2291 3813 2356 3866 δι’
2395 3815 2702 3885 ἁμαρτίανο
2746 3816 3120 3886 προαιρέσεως
3154 3817 3265 3889 7&9
3296 3818 3359 3870 τὸ
3390 3817 3662 3886 ἔγκλημα.
3700 3816 3765 3868 El

2081 3901 2136 3951 δέ
2163 3901 2306 3970 λυπῇ
2340 3901 2429 3953 διὰ
2460 3902 2587 3964 τοὺς
2618 3900 3012 3966 ἀποθανόντας,
3055 3903 3210 3972 ἄλγει
3246 3904 3339 3958 καὶ
3377 3904 3463 3956 διὰ
3492 3904 3615 3966 τοὺς
3648 3919 3764 3970 γεν-

2082 3989 2383 4055 νωμένους·
2414 3988 2604 4058 ὥσπερ
2632 3989 2740 4060 γὰρ
2773 3988 2932 4044 τοῦτο
2962 3991 3198 4061 φύσεως,
3229 3992 3373 4044 οὑτω
3403 3993 3622 4044 κάκεῖνο
3657 3989 3763 4059 φύ-

2085 4092 2240 4138 σεως.
2278 4079 2374 4130 Ἀν
2403 4077 2580 4128 τοίνυν
2626 4077 2897 4150 ἀπειλήσῃ
2935 4097 3018 4142 τις
3059 4079 3308 4141 θάνατον,
3354 4080 3477 4132 είπέ
3510 4079 3647 4149 πρὸς
3668 4079 3766 4132 αὑο

2081 4163 2190 4214 τόν*
2243 4163 2596 4230 Ἐπαιδεύθην
2637 4165 2787 4237 παρά
2805 4165 2900 4218 τοῦ
2941 4166 3180 4239 Χριστοῦ
3221 4169 3296 4237 μὴ
3339 4165 3622 4234 φοϐεῖσθαι
3654 4166 3764 4218 ἀπὸ

2080 4250 2187 4300 τῶν
2212 4252 2637 4304 ἀποκτεινόντων
2654 4253 2715 4304 τὸ
2741 4241 2919 4322 σῶμα,
2951 4254 3048 4323 τὴν
3071 4253 3125 4305 δὲ
3149 4253 3326 4325 ψυχὴν
3356 4253 3429 4323 μὴ
3448 4252 3763 4323 δυναμένων

2082 4337 2416 4390 ἀποκτεῖναι.
2449 4338 2563 4409 [79]
2595 4340 2908 4410 Ἂνάπειλῇ
2936 4341 3203 4409 δήμευσιν
3233 4340 3442 4403 οὐσίας,
3471 4340 3592 4393 είπὲ
3626 4339 3762 4412 πρὸς

2081 4426 2279 4477 αὐτόν’
2345 4426 2587 4493 Γυμνὸς
2635 4427 2901 4494 ἐξῆλθον
2944 4430 3012 4481 ἐκ
3062 4430 3296 4494 κοιλίας
3336 4428 3564 4496 μητρός
3602 4446 3760 4496 μου,

2080 4514 2305 4581 γυμνὸς
2344 4514 2443 4565 καὶ
2489 4516 2917 4583 ἀπελεύσομαι·
2983 4516 3175 4568 Οὐδὲν
3215 4499 3651 4584 είσηνέγίκαμεν
3674 4519 3762 4582 είς

2081 4600 2185 4653 τὸν
2222 4602 2455 4670 κόσμον
2497 4603 2730 4666 τοῦτον,
2777 4602 2970 4670 δῆλον
3019 4604 3108 4656 ὅτι
3151 4603 3294 4656 οὐδὲ
3339 4604 3678 4672 ἐξενεγκεῖν
3707 4623 3762 4660 τι

2077 4689 2496 4757 δυνησόμεθα·
2557 4690 2657 4743 κάν
2712 4690 2786 4761 μὴ
2854 4693 2917 4743 σὺ
2977 4690 3170 4764 λάϐῃς,
3230 4693 3460 4758 θάνατος
3513 4695 3761 4751 ἐπελθὼν

2078 4778 2336 4848 λήψεται·
2398 4779 2499 4831 κᾶν
2557 4779 2629 4849 μὴ
2674 4780 2736 4830 σὺ
2780 4779 3026 4850 σφάξῃς,
3084 4784 3109 4833 6
3174 4783 3273 4854 τῆς
3326 4783 3542 4850 φύσεως
3603 4787 3764 4838 ἐπελυ

2079 4865 2185 4919 θὼν
2216 4868 2377 4937 νόμος
2418 4868 2552 4918 οἴσει
2587 4868 2683 4936 τὴν
2712 4867 2987 4938 τελευτήν.
3030 4869 3216 4939 Μηδὲν
3249 4872 3429 4925 τοίνυν
3464 4873 3762 4943 φοϐώμεθα

2076 4954 2186 5005 τῶν
2213 4955 2322 5008 ἀπὸ
2367 4955 2464 5022 τῆς
2498 4953 2710 5020 φύσεως
2745 4957 2875 5023 ἡμῖν
2906 4956 3282 5026 ἐπαγομένων,
3325 4960 3438 5012 ἀλλ’
3479 4963 3662 5014 ἐκεῖνα
3690 4964 3762 5016 τά

2077 5045 2140 5094 ἐκ
2169 5044 2411 5111 πονηρᾶς
2447 5045 2578 5112 ἡμῖν
2615 5044 2939 5111 ἐγγινόμενά
2978 5047 3378 5116 προαιρέσεως
3427 5050 3613 5103 ἐκεῖνα
3651 5051 3760 5122 γὰρ

2076 5131 2207 5198 ἡμῖν
2233 5131 2404 5181 τίκτει
2428 5130 2523 5198 τὴν
2555 5130 2797 5182 κόλασιν.
2834 5131 2874 5181 Τ
2878 5130 3002 5184 οῦτο
3027 5133 3082 5186 δὲ
3111 5133 3459 5205 λογιζώμεθα
3494 5139 3760 5208 διηνεκῶς

2078 5217 2169 5267 ἐπὶ
2205 5217 2311 5268 τῶν
2359 5217 2765 5286 συμϐαινόντων
2806 5219 2940 5288 ἡμῖν
2981 5220 3282 5291 ἀδοκήτως,
3321 5225 3401 5276 ὅτι
3435 5225 3496 5277 οὑ
3535 5224 3764 5296 διορθώ-

2079 5319 2241 5371 σομεν
2275 5304 2410 5356 αὑτὰ
2460 5303 2768 5370 ἀλγοῦντες,
2805 5307 2897 5358 καὶ
2939 5307 3260 5378 παυσόμεθα
3297 5309 3614 5378 ἀλγοῦντες·
3661 5315 3758 5365 κά-

2079 5392 2223 5441 κεῖνο
2263 5390 2401 5458 μετὰ
2441 5391 2629 5444 τούτου
2673 5389 2864 5455 πάλιν,
2918 5396 2998 5448 δτι
3040 5395 3134 5448 ἐάν
3177 5396 3439 5465 πάθωμέν
3480 5414 3532 5449 τι
3583 5397 3759 5451 δεινὸν

2077 5475 2216 5529 κατά
2261 5479 2349 5529 τὸν
2391 5478 2632 5549 παρόντα
2668 5481 2780 5550 βίον
2826 5482 3044 5546 ἀδίκως,
3097 5483 3386 5552 διαλύομιν
3430 5483 3602 5537 πολλὰ
3647 5484 3759 5537 τῶν

2076 5565 2509 5636 ἁμαρτημάτων.
2568 5569 2660 5644 Διὸ
2718 5569 2858 5639 μέγα
2915 5571 3119 5639 ἀγαθὸν
3171 5571 3407 5624 ἐνταῦθα
3455 5573 3757 5628 ἀπολαϐεῖν

2077 5651 2469 5724 ἁμαρτήματα,
2502 5657 2596 5708 καὶ
2631 5655 2705 5726 μὴ
2739 5661 2872 5710 ἐκεῖ⁸
2897 5661 2989 5712 καὶ
3014 5660 3121 5731 γὰρ
3147 5663 3176 5714 ό
3201 5660 3453 5724 πλούσιος
3486 5661 3641 5714 οὐδὲν
3672 5664 3757 5714 ἐν-

2076 5737 2247 5793 ταῦθα
2272 5740 2442 5794 δεινὸν
2464 5742 2725 5808 ἀπέλαϐε,
2750 5744 2844 5797 καὶ
2867 5745 2954 5799 διὰ
2974 5748 3132 5802 τοῦτο
3155 5750 3272 5802 ἐκεῖ
3298 5748 3752 5821 ἀπετηγανίζετο.

2139 5844 2166 5910 ξ’
2191 5846 2286 5910 ᾼιὶί
2297 5847 2539 5910 ἐχώμεθα.

2140 5909 2164 5972 'f
2194 5906 2420 5972 Sgyilfci
2442 5913 2637 5972 quidam
2661 5911 2745 5962 alii
2763 5912 2996 5963 ἀπελθεῖν.

2138 5965 2165 6006 ἀ
2184 5967 2284 6020 Alii
2308 5971 2394 6019 κᾶν
2419 5965 2600 6031 ζῶντες.
