4196 6316
406 353 478 411 85
1351 345 1444 401 AD
1482 343 1804 401 POPULUM
1842 340 2334 399 ANTIOCHENUM
2398 341 2627 399 IIOMIL.
2671 340 2758 397 Vl.
3637 348 3708 403 86

412 469 635 540 quillum
670 466 881 522 oculum
905 462 957 517 in
980 459 1164 531 iudicii
1191 459 1277 513 die
1300 457 1604 514 clementiae
1626 464 1728 511 tua:
1754 455 2004 511 recorda-

416 573 501 615 tus
525 556 802 615 exhibeat.
838 553 963 608 lltrc
999 560 1053 606 et
1081 551 1166 605 his
1207 551 1356 620 plura
1390 549 1555 615 dicet,
1595 557 1649 603 et
1678 561 1777 603 nos
1820 546 1890 602 ab
1927 545 2005 600 ira

412 655 627 724 penitus
652 648 863 718 eripiet.
890 645 1007 700 Non
1030 652 1233 698 tantum
1255 650 1434 696 autem
1462 641 1528 695 ad
1553 638 1865 709 Imperatori
1891 652 2008 706 pero

412 736 742 798 suadendum
762 737 1054 793 maximum
1081 749 1148 790 ex
1176 734 1279 788 hoc
1303 732 1513 802 jejunio
1542 730 1699 785 nobis
1739 740 1822 785 est
1848 728 2006 783 auxi-

416 838 568 899 lium,
595 830 692 888 sed
729 830 890 886 etiam
916 828 982 882 ad
1013 839 1171 881 casus
1190 836 1453 895 generose
1480 819 1733 877 ferendos
1763 837 1777 874 :
1808 819 2006 873 etenim

412 922 838 982 consolationem
859 933 965 972 non
987 916 1264 972 minimam
1275 928 1344 968 ex
1365 912 1467 967 hoc
1487 921 1730 979 tempore
1741 910 2003 979 capimus.

419 1017 520 1070 l'er
544 1010 787 1081 singulos
808 1008 953 1063 enim
981 1005 1099 1062 dies
1111 1001 1456 1073 congregari,
1493 1010 1549 1056 et
1581 1000 1883 1055 divinarum
1909 1013 2008 1052 au-

414 1108 529 1162 ditu
568 1104 961 1173 Scripturarum
992 1097 1118 1164 frui,
1139 1105 1195 1152 et
1233 1096 1460 1151 invicem
1488 1109 1586 1150 nos
1606 1093 1921 1163 conspicere
1954 1099 2011 1145 et

417 1195 718 1260 lamentari,
745 1187 801 1248 ei
818 1201 1054 1253 orantes,
1094 1204 1157 1244 ac
1188 1188 1616 1244 benedictionem
1645 1184 1970 1255 accipientes
1990 1223 2005 1247 ,

416 1290 496 1343 sic
525 1287 746 1342 domum
773 1283 943 1345 abire,
976 1279 1029 1335 id
1058 1278 1262 1335 doloris
1289 1277 1582 1349 plurimum
1612 1275 1769 1330 nobis
1809 1271 2002 1327 aufert.

415 1378 494 1433 Ne
515 1376 674 1447 igitur
699 1387 1034 1437 corruamus,
1061 1386 1235 1441 neque
1279 1384 1377 1424 nos
1403 1370 1550 1439 ipsos
1584 1382 1696 1437 prae
1737 1365 2009 1421 anxietate

418 1467 731 1537 prodamus,
765 1464 860 1520 sed
888 1476 1199 1517 maneamus
1220 1467 1600 1529 exspectantes
1620 1458 1760 1513 bona
1782 1497 1797 1521 ,
1841 1466 1895 1510 et
1924 1457 2008 1509 di-

423 1559 610 1613 cendis
634 1565 869 1612 mentem
897 1553 1246 1610 adhibeamus
1271 1552 1505 1607 :etenim
1528 1551 1650 1605 volo
1676 1560 1732 1605 et
1756 1548 1913 1603 hodie
1942 1548 2012 1603 de

419 1652 611 1708 mortis
636 1657 948 1719 contemptu
977 1648 1172 1702 iterum
1197 1645 1464 1700 disserere
1487 1646 1528 1697 ¹.
1552 1643 1668 1697 Dixi
1694 1642 1845 1696 vobis
1872 1640 2006 1705 heri,

423 1758 523 1799 nos
557 1749 787 1797 mortem
816 1740 1036 1803 timere,
1081 1752 1187 1792 non
1214 1734 1431 1807 quidem
1459 1734 1585 1804 quia
1610 1731 1864 1787 terribilis
1902 1738 2006 1795 est,

421 1835 516 1890 sed
542 1834 797 1904 quoniam
827 1845 1000 1899 neque
1022 1828 1252 1884 ctelestis
1277 1827 1429 1897 regni
1467 1839 1620 1879 amor
1664 1838 1763 1878 nos
1790 1837 2011 1876 succen-

419 1926 519 1990 d'rt,
560 1937 735 1995 neque
760 1921 1017 1993 gehennae
1044 1922 1205 1975 timor
1232 1933 1331 1974 nos
1355 1918 1635 1987 occupavit
1660 1934 1673 1970 :
1700 1927 1753 1970 et
1776 1915 1843 1969 ad
1873 1914 2009 1979 haec,

420 2015 673 2085 quoniam
700 2012 1082 2069 conscientiam
1112 2025 1221 2065 non
1246 2008 1505 2065 habemus
1527 2008 1742 2062 bonam.
1762 2005 1932 2060 Vultis
1958 2014 2015 2060 et

420 2117 662 2177 quartam
691 2105 849 2176 hujus
875 2105 1194 2173 importuna:
1213 2100 1500 2156 anxietatis
1528 2114 1745 2153 causam
1773 2110 2014 2151 comme-

422 2212 646 2261 morem,
681 2212 785 2249 non
808 2195 984 2249 minus
1005 2192 1373 2262 superioribus
1396 2190 1615 2245 veram?
1644 2189 1759 2243 Non
1784 2188 2016 2242 vivimus

424 2292 477 2346 in
504 2290 795 2360 asperitate
821 2285 1146 2343 Christianis
1182 2298 1453 2354 congrua,
1486 2281 1583 2338 sed
1622 2281 1833 2337 facilem
1877 2280 2015 2333 hanc

421 2392 475 2438 et
498 2381 728 2437 solutam
755 2388 810 2434 et
835 2377 1051 2432 mollem
1082 2390 1324 2430 amamus
1354 2375 1513 2428 vitam
1547 2391 1560 2428 :
1586 2373 1785 2427 idcirco
1824 2370 2017 2427 verisi-

424 2471 619 2526 militer
653 2479 709 2524 et
740 2467 1091 2538 praesentibus
1117 2465 1451 2520 oblectamur
1478 2463 1661 2517 rebus.

494 2560 580 2616 Ea:
629 2559 969 2613 maceratione
1012 2556 1284 2611 cwlestium
1324 2553 1627 2609 desiderium
1675 2552 1920 2607 nascitur.
1946 2581 2018 2592 —

422 2653 574 2721 Quod
614 2652 661 2708 si
702 2651 884 2720 utique
930 2651 982 2704 in
1018 2647 1236 2718 jejuniis
1261 2657 1315 2702 et
1340 2645 1832 2717 pernoctationibus
1852 2652 1908 2697 et
1935 2642 2018 2697 vi-

424 2756 540 2801 ctus
570 2743 850 2808 tenuitate,
883 2741 1021 2795 hanc
1044 2740 1209 2793 vitam
1244 2738 1681 2807 transigeremus,
1702 2735 2021 2803 cupiditates

427 2846 636 2891 nostras
653 2833 1000 2904 pracidentes
1017 2832 1300 2897 absurdas,
1323 2832 1628 2899 voluptates
1643 2838 1913 2895 arcentes,
1932 2844 2022 2883 su-

428 2926 588 2981 dores
615 2924 825 2979 virtutis
851 2924 1202 2987 sustinentes,
1252 2921 1548 2976 secundum
1580 2921 1803 2975 Paulum
1824 2932 2023 2987 corpus

428 3016 751 3085 eastigantes
776 3023 833 3068 et
854 3014 906 3067 in
929 3012 1241 3068 servitutem
1271 3011 1576 3081 redigentes
1606 3011 1654 3080 (l
1683 3009 1799 3064 Cor.
1830 3009 1882 3063 9.
1901 3008 2018 3078 27),

428 3106 605 3161 carnis
622 3103 1015 3174 providentiam
1029 3102 1094 3157 ad
1111 3098 1374 3156 desideria
1401 3115 1510 3155 non
1533 3099 1811 3166 facientes,
1856 3113 2023 3168 angu-

428 3208 563 3251 stam
588 3205 641 3251 et
657 3193 1024 3264 confragosam
1051 3201 1293 3247 tenentes
1314 3191 1476 3253 viam,
1500 3192 1608 3244 cito
1628 3190 1800 3244 futura
1818 3204 2020 3243 concu-

432 3288 777 3353 pisceremus,
790 3282 1144 3354 przesentibus
1162 3280 1374 3335 liberari
1396 3281 1667 3335 laboribus
1684 3280 2021 3334 festinantes.

434 3375 499 3429 Et
522 3374 664 3445 quod
685 3390 791 3429 non
816 3373 981 3427 falsus
1006 3372 1075 3426 sit
1097 3386 1277 3427 sermo
1299 3379 1500 3436 noster,
1520 3370 1585 3424 ad
1615 3372 1871 3425 montium
1906 3386 2024 3424 ver-

436 3468 566 3522 tices
591 3465 842 3528 ascende,
866 3464 1148 3519 considera
1198 3463 1310 3516 illic
1346 3470 1618 3516 morantes
1649 3462 1943 3516 monachos
1970 3462 2025 3515 in

435 3572 611 3624 sacco,
645 3558 698 3612 in
727 3556 980 3622 vinculis,
1013 3556 1065 3609 in
1091 3554 1332 3624 jejuniis,
1363 3555 1415 3608 in
1445 3555 1682 3609 tenebris
1717 3555 2023 3619 conclusos,

434 3660 487 3702 ιιι
513 3663 703 3703 omnes
730 3648 935 3701 videbis
964 3656 1191 3701 mortem
1217 3655 1613 3714 exoptantes,et
1642 3662 1755 3700 rem
1780 3646 1925 3699 illam
1939 3660 2026 3699 re-

440 3742 616 3810 quiem
647 3740 998 3809 appellantes.
1028 3738 1179 3793 Sicut
1203 3737 1345 3791 enim
1369 3738 1621 3792 ca-stibus
1649 3752 1887 3809 pugnans
1916 3746 2028 3791 sta-

437 3833 526 3885 dio
550 3832 700 3886 exire
730 3830 967 3897 festinat,
1001 3838 1059 3884 ut
1094 3829 1407 3883 vulneribus
1445 3829 1720 3897 liberetut,
1743 3838 1798 3884 et
1826 3828 2030 3883 athleta

438 3929 766 3990 spectatores
781 3933 1070 3989 exsurgere
1089 3919 1499 3986 coneupiscit,ut
1512 3918 1781 3972 laboribus
1796 3919 2032 3972 absolva.

442 4020 526 4066 tur
554 4028 568 4060 :
600 4011 680 4065 sic
720 4019 776 4065 et
820 4010 912 4079 qui
952 4009 1007 4062 in
1049 4007 1219 4078 rigida
1245 4019 1300 4062 et
1333 4022 1524 4075 aspera
1550 4008 1654 4061 vita
1690 4022 1811 4060 cum
1838 4009 2034 4062 virtute

440 4102 586 4167 vivit,
620 4100 779 4154 ﬁnem
809 4098 1111 4163 desiderat,
1141 4106 1197 4151 ut
1223 4098 1576 4166 praesentibus
1600 4098 1855 4166 eripiatur
1883 4097 2032 4151 labo-

443 4191 610 4254 ribus,
637 4199 693 4244 et
740 4203 838 4258 pro
876 4188 1127 4257 repositis
1159 4187 1332 4240 valeat
1372 4188 1586 4241 coronis
1629 4170 1923 4251 confidere,
1965 4187 2033 4242 ad

442 4280 787 4348 tranquillum
838 4279 1099 4348 navigans
1143 4286 1382 4346 portum,
1412 4288 1465 4332 et
1493 4278 1584 4332 illo
1614 4281 2031 4349 transmigrans,

445 4373 533 4427 ubi
559 4387 667 4425 non
689 4382 774 4424 est
800 4370 1030 4439 amplius
1060 4367 1351 4423 timendum
1379 4369 1733 4439 naufragium.
1780 4369 2033 4439 Propter-

441 4477 504 4517 ea
555 4463 699 4515 Deus
736 4470 921 4513 natura
953 4459 1278 4513 laboriosam
1325 4466 1382 4513 et
1430 4475 1646 4524 gravem
1690 4460 1843 4514 nobis
1874 4460 2035 4514 vitam

444 4554 670 4622 paravit,
700 4561 758 4605 ut
778 4549 1025 4619 praesenti
1060 4548 1403 4603 tribulatione
1426 4550 1707 4617 compulsi,
1738 4549 2036 4605 futurorum

446 4642 774 4698 desiderium
804 4640 1097 4710 capiamus.
1131 4639 1187 4693 Si
1216 4640 1357 4693 enim
1377 4654 1498 4693 cum
1523 4643 1630 4694 sint
1658 4650 1736 4695 tot
1756 4642 1923 4695 tristia
1941 4682 1956 4706 ,
1984 4622 2059 4697 et‘

449 4732 687 4801 pericula
709 4742 762 4785 et
784 4733 1036 4795 timores,
1084 4737 1141 4784 et
1184 4743 1327 4784 curae
1355 4745 1454 4786 nos
1510 4732 1742 4802 undique
1806 4735 2037 4789 cireum-

445 4829 654 4885 euntes,
713 4831 818 4874 tam
862 4821 1092 4876 libenter
1137 4821 1385 4888 praesenti
1415 4821 1760 4877 immoramur
1786 4824 1939 4890 vitm;
1995 4829 2037 4881 si

450 4911 578 4963 nihil
604 4910 794 4963 horum
812 4919 973 4974 esset,
997 4918 1052 4962 et
1072 4909 1272 4978 absque
1291 4910 1501 4964 tristitia
1552 4921 1606 4964 et
1651 4914 1906 4967 aerumnis
1934 4925 2057 4969 tota.

450 5001 583 5055 foret
626 5001 732 5053 vita
768 5007 980 5067 nostra,
1021 4999 1235 5069 quando
1263 5016 1513 5070 umquam
1548 5001 1720 5056 futura
1763 5006 2039 5061 desidera-

450 5108 628 5147 remus
644 5093 670 5145 ’ἶ

523 5184 579 5238 4.
600 5183 690 5237 Sic
715 5192 770 5237 et
792 5181 993 5237 Judaeis
1022 5181 1159 5237 Deus
1185 5183 1329 5238 fecit.
1362 5183 1561 5240 Valens
1590 5188 1731 5241 enim
1760 5198 1815 5242 et
1843 5190 1960 5246 illos
1987 5193 2039 5246 in

456 5274 657 5329 reditus
677 5273 1021 5342 cupiditatem
1037 5273 1310 5340 inducere,
1342 5285 1395 5329 et
1419 5276 1778 5347 utEgyptum
1802 5282 2043 5339 odissent

458 5364 794 5434 persuadere,
828 5365 1068 5433 permisit
1089 5380 1184 5419 eos
1227 5366 1458 5421 lateritio
1488 5383 1649 5435 Opere
1678 5380 1730 5424 et
1759 5371 1869 5425 luto
1895 5374 2043 5428 labo-

458 5471 575 5511 rare
596 5454 793 5526 (Exod.
820 5456 871 5508 1.
901 5455 1011 5527 μ),
1043 5465 1098 5508 ut
1118 5456 1361 5511 laborum
1384 5466 1438 5511 et
1475 5474 1726 5513 (erumna:
1756 5461 1896 5516 illius
1930 5480 2044 5517 ma-

458 5547 729 5617 gnitudine
753 5545 996 5611 cruciati,
1024 5547 1088 5599 ad
1107 5547 1275 5602 Deum
1296 5549 1621 5603 reversionis
1664 5566 1824 5606 causa
1846 5553 2043 5607 clama-

524 5661 537 5690 ¹
571 5656 981 5729 Morel...‘omissis
1005 5658 1238 5729 multis...
1262 5662 1348 5729 sed
1373 5664 1433 5729 de
1458 5663 1629 5729 mortis
1653 5669 1920 5727 mntemptu
1944 5666 2051 5716 dis-

467 5731 680 5768 seramus
709 5720 851 5784 (ἀλλὰ
872 5721 977 5782 περὶ
999 5722 1260 5784 ὑπεροψίας
1287 5724 1484 5773 Θανάτου
1509 5726 1605 5772 δια)
1618 5720 1863 5787 albente/tv.

2111 461 2251 508 rent.
2271 452 2325 509 Si
2343 455 2485 509 enim
2503 453 2725 525 egressi,
2743 450 2986 521 quamvis
3003 450 3116 506 hmo
3131 451 3472 517 accidissent,
3488 451 3707 524 Δίκῃ)ιὶ

2113 545 2304 600 iterum
2323 546 2746 601 memineruntet
2767 544 3002 613 pristina:
3017 544 3311 610 servitutis,
3330 552 3385 598 et
3399 544 3467 598 ad
3491 556 3709 615 gramm

2112 632 2447 704 tyrannidem
2475 633 2653 689 redire
2676 632 3001 688 festinabant
3025 630 3220 703 (Exod.
3246 632 3334 687 16.
3367 630 3423 704 5)
3453 650 3468 687 :
3495 633 3596 688 nisi
3627 644 3711 687 ta-

2113 724 2195 779 les
2229 723 2455 779 fuissent
2485 723 2689 793 experti
2728 722 3017 787 barbaros,
3044 721 3261 791 quando
3294 738 3548 792 umquam
3580 723 3714 777 alie-

2114 830 2237 869 nam
2278 813 2547 869 dimittere
2599 824 2797 867 terram
2826 811 3161 866 voluissent?
3198 811 3277 866 Ne
3318 811 3479 882 igitur
3514 821 3571 867 et
3617 827 3717 866 nos

2115 917 2272 962 terra:
2302 906 2471 968 aflixi.
2493 915 2549 960 et
2579 902 2932 975 praesentibus
2958 902 3225 957 inhiantes
3275 911 3606 972 torpeamus.
3663 912 3722 957 et

2112 997 2415 1051 futurorum
2442 995 2849 1057 obliviscamur,
2880 993 3042 1047 vitam
3065 993 3226 1048 nobis
3251 993 3377 1048 fecit
3403 993 3545 1047 Deus
3568 993 3719 1048 labo-

2112 1081 2332 1134 riosam.
2387 1078 2504 1134 Non
2551 1078 2713 1148 igitur
2746 1077 2886 1131 ultra
2915 1091 3075 1146 quam
3107 1085 3191 1130 est
3214 1090 3351 1145 opus
3394 1083 3718 1144 praesentem

2112 1172 2277 1225 vitam
2328 1154 2735 1239 amplmtamur.
2761 1168 2894 1236 Qua:
2915 1168 3074 1222 nobis
3102 1156 3344 1221 utilitas?
3365 1229 3368 1232 ,
3392 1165 3537 1236 quod
3585 1180 3717 1221 vero

2111 1261 2533 1315 emolumentum
2582 1274 2650 1313 ex
2694 1257 2857 1312 nimia
2888 1256 3171 1326 praesentis
3220 1256 3343 1310 vitae
3389 1253 3721 1322 cupiditate!

2118 1352 2209 1406 Vis
2229 1351 2439 1405 discere
2457 1365 2627 1419 quare
2640 1350 2839 1404 bonum
2858 1349 2925 1402 sit
2945 1362 3185 1417 presens
3204 1346 3349 1401 vita?
3369 1345 3503 1413 Quia
3526 1346 3718 1400 futura:

2115 1444 2271 1499 nobis
2294 1446 2417 1498 vita:
2442 1443 2665 1498 materia
2695 1440 2945 1508 efficitur,
2973 1448 3029 1494 et
3056 1440 3269 1494 occasio
3288 1448 3343 1494 et
3369 1439 3601 1493 stadium
3631 1446 3718 1493 est

2119 1551 2217 1604 pro
2241 1535 2461 1589 coronis
2506 1534 2616 1587 illic
2650 1531 3009 1600 adipiscendis
3040 1548 3053 1584 :
3087 1530 3229 1601 quod
3260 1530 3361 1584 nisi
3406 1514 3512 1585 hoc
3558 1528 3716 1583 nobis

2116 1628 2400 1697 prmberet,
2438 1625 2732 1680 innumeris
2755 1622 3013 1677 mortibus
3036 1632 3180 1677 esset
3201 1621 3579 1676 miserabilior.
3603 1619 3716 1673 Nisi

2116 1719 2259 1773 enim
2286 1719 2530 1773 viventes
2560 1717 2674 1771 Deo
2698 1716 2866 1769 simus
2890 1714 3158 1785 placituri,
3192 1712 3389 1769 melius
3417 1722 3501 1768 est
3545 1712 3716 1768 obire.

2116 1809 2254 1875 Quid
2280 1810 2420 1864 enim
2449 1816 2530 1863 est
2558 1805 2972 1876 amplius?quid
3001 1804 3303 1873 reliquum?
3331 1818 3437 1858 non
3466 1802 3714 1857 eumdem

2116 1899 2286 1953 solem
2342 1906 2397 1954 et
2436 1897 2681 1952 eamdem
2730 1896 2911 1950 lunam
2956 1895 3192 1964 quotidie
3243 1894 3551 1948 cernimus?
3603 1908 3711 1947 non

2118 1988 2360 2043 eamdem
2401 1981 2713 2051 hiemem,et
2735 2000 2839 2039 non
2865 1985 3106 2040 eamdem
3124 1985 3392 2038 aestatem?
3411 1999 3514 2038 non
3533 1982 3721 2037 eadem

2121 2078 2370 2150 negotia?
2400 2079 2537 2145 Quid
2586 2087 2657 2131 est
2695 2078 2832 2147 quod
2858 2076 2997 2146 fuit?
3043 2075 3098 2129 id
3124 2076 3259 2145 quod
3297 2075 3409 2128 erit.
3468 2073 3607 2139 Quid
3646 2082 3720 2125 est

2118 2170 2253 2241 quod
2274 2180 2347 2223 est
2375 2169 2604 2240 factum?
2621 2167 2939 2238 ipsumquod
2967 2167 3194 2234 futurum
3217 2173 3288 2217 est
3318 2163 3540 2236 (Etcles.
3564 2165 3616 2216 1.
3639 2160 3716 2231 9).

2122 2261 2197 2315 Ne
2227 2262 2388 2330 igitur
2422 2259 2614 2313 beatos
2643 2265 2890 2328 putemus
2919 2258 3179 2322 viventes,
3205 2271 3381 2325 neque
3432 2254 3724 2308 morientes

2121 2352 2428 2423 lugeamus;
2461 2349 2558 2405 sed
2583 2351 2635 2404 in
2664 2350 2896 2419 peccatis
2933 2346 3275 2411 constitutos,
3316 2345 3435 2400 sive
3463 2344 3723 2403 viventes,

2122 2444 2237 2496 sive
2258 2449 2496 2496 mortuos
2522 2439 2905 2508 deploremus;
2940 2436 2993 2489 in
3020 2435 3228 2504 justitia
3251 2449 3379 2488 vero
3406 2432 3727 2500 ubicumque

2123 2536 2260 2600 sint,
2304 2534 2491 2587 beatos
2521 2532 2909 2587 existimemus.
2938 2529 3021 2583 Tu
3050 2527 3264 2598 quidem
3304 2541 3465 2580 uuam
3498 2535 3726 2578 mortem

2125 2626 2383 2681 formidas
2413 2633 2469 2679 et
2494 2625 2681 2694 luges;
2714 2630 2773 2676 at
2801 2621 2996 2676 Paulus
3021 2634 3117 2689 per
3162 2618 3401 2689 singulos
3447 2616 3565 2671 dies
3613 2630 3729 2669 mo-

2126 2717 2290 2782 riens,
2319 2732 2422 2769 non
2447 2722 2652 2769 tantum
2684 2728 2791 2767 non
2842 2712 3194 2782 lacrymabat,
3247 2709 3339 2763 sed
3362 2717 3417 2763 et
3446 2706 3730 2761 lmtabatur

2125 2819 2178 2863 et
2197 2807 2516 2862 exsultabat.
2548 2805 2762 2861 Utinam
2790 2812 2846 2858 et
2865 2816 2968 2872 ego
2998 2811 3218 2870 pr0pter
3245 2801 3411 2854 Deum
3452 2797 3724 2868 periclita-

2126 2916 2233 2962 rer,
2264 2898 2455 2968 inquit,
2475 2905 2528 2951 et
2546 2895 2678 2949 nihil
2699 2908 2971 2950 curarem.
3001 2893 3107 2946 Sed
3130 2906 3305 2960 neque
3324 2904 3467 2943 nunc
3485 2897 3730 2943 conster-

2128 2992 2446 3045 nerisznon
2494 2987 2637 3041 enim
2688 2993 2892 3039 tantum
2939 2982 3028 3052 qui
3056 2990 3275 3051 propter
3319 2980 3485 3035 Deum
3516 2978 3734 3047 patitur,

2128 3080 2339 3135 laudem
2367 3082 2641 3141 meretur;
2663 3075 2758 3130 sed
2782 3083 2838 3129 et
2856 3075 2944 3144 qui
2976 3073 3171 3141 injuste
3190 3071 3481 3141 quidquam
3513 3070 3732 3140 patitur,

2128 3183 2184 3226 et
2209 3184 2471 3242 generose
2503 3169 2626 3232 fert,
2653 3176 2707 3221 et
2739 3167 2847 3218 Deo
2877 3162 3206 3234 permittenti
3235 3162 3433 3231 gratias
3458 3162 3601 3230 agit,
3624 3160 3732 3213 alio

2130 3262 2245 3316 haec
2276 3268 2494 3330 propter
2515 3258 2681 3312 Deum
2702 3256 2936 3325 patiente
2965 3268 3069 3307 non
3093 3262 3176 3307 est
3197 3250 3441 3306 inferior.
3470 3249 3731 3316 Quoniam

2132 3364 2184 3407 et
2237 3352 2427 3406 beatus
2466 3347 2569 3404 Job
2622 3346 2815 3401 multas
2858 3352 2915 3400 et
2943 3342 3304 3397 intolerabiles
3353 3341 3470 3395 illas
3500 3340 3734 3409 plagasa

2129 3442 2346 3507 diabolo
2371 3440 2564 3493 frustra
2595 3446 2649 3491 et
2674 3445 2879 3490 temere
2904 3444 2958 3489 et
2985 3436 3101 3489 sine
3126 3447 3285 3487 causa
3316 3431 3601 3485 insidiante
3629 3445 3727 3484 ex-

2131 3533 2305 3602 cepit;
2337 3528 2432 3583 sed
2458 3538 2637 3581 tamen
2675 3526 2926 3595 quoniam
2955 3537 3216 3593 generose
3240 3521 3377 3586 tulit,
3408 3528 3464 3574 et
3490 3520 3600 3574 Deo
3617 3519 3735 3573 h:ec

2134 3620 2461 3690 permittenti
2482 3619 2680 3687 gratias
2701 3616 2826 3685 egit,
2858 3615 3119 3682 integram
3136 3611 3431 3681 reportavit
3450 3624 3729 3664 coronam.

2200 3710 2339 3764 Mors
2369 3726 2469 3763 non
2497 3707 2817 3762 timenda.—
2860 3704 2937 3758 Ne
2962 3704 3122 3773 igitur
3137 3712 3352 3771 propter
3378 3710 3604 3755 mortem
3632 3703 3733 3753 tri-

2135 3804 2316 3866 steris,
2368 3810 2572 3855 natura:
2602 3799 2744 3853 enim
2772 3806 2857 3852 est
2891 3814 2904 3850 :
2937 3796 3150 3849 tristare
3182 3802 3397 3863 propter
3421 3801 3697 3861 peccatum
3717 3833 3732 3853 ,

2136 3896 2422 3949 voluntatis
2449 3893 2591 3947 enim
2622 3898 2707 3945 est
2732 3890 2910 3959 culpa.
2939 3888 2993 3945 Si
3032 3904 3158 3943 vero
3198 3896 3415 3956 propter
3450 3886 3733 3940 defunctos

2146 3985 2397 4049 tristaris,
2428 3991 2481 4038 et
2510 3990 2730 4053 propter
2760 3988 3047 4033 nascentes
3067 3978 3190 4031 dole
3220 3994 3233 4029 :
3269 3978 3405 4030 sicut
3445 3977 3590 4031 enim
3639 3975 3740 4029 hoc

2139 4088 2222 4133 est
2252 4086 2476 4140 naturm,
2506 4076 2583 4129 sic
2610 4083 2662 4128 et
2692 4072 2841 4126 illud.
2875 4071 2929 4126 Si
2955 4071 3077 4138 quis
3109 4070 3271 4139 igitur
3297 4076 3525 4121 mortem
3560 4067 3739 4121 mine-

2141 4180 2247 4234 tur,
2276 4168 2361 4221 dic
2388 4167 2488 4236 ipsi
2516 4165 2826 4219 :lnstitutus
2842 4179 2958 4217 sum
2977 4176 3007 4215 a
3029 4160 3242 4215 Christo
3263 4175 3367 4213 non
3389 4160 3507 4213 illos
3522 4159 3739 4223 timere,

2140 4261 2448 4327 quicorpus
2491 4255 2840 4317 interimunt,
2889 4252 3122 4304 animam
3171 4264 3303 4303 vero
3354 4249 3601 4304 occidere
3649 4263 3744 4302 ne-

2140 4357 2345 4418 queunt
2396 4345 2609 4414 (Matth.
2646 4344 2732 4397 10.
2776 4343 2891 4411 28).
2945 4339 2999 4395 Si
3024 4340 3396 4393 rvifamiliaris
3421 4339 3741 4408 publicatio-

2143 4458 2265 4495 nem
2320 4440 2573 4504 minetur,
2601 4435 2867 4507 responde
2898 4452 2911 4487 :
2939 4432 3125 4486 Nudus
3152 4433 3281 4486 exivi
3312 4433 3375 4485 de
3396 4441 3539 4484 utero
3565 4431 3746 4485 matris

2142 4546 2285 4594 mvaz,
2341 4543 2389 4583 et
2431 4528 2600 4582 nudus
2655 4536 2876 4579 revertar
2911 4525 3036 4577 illuc
3075 4521 3197 4593 (Job
3232 4524 3284 4576 1.
3315 4522 3379 4576 21
3412 4520 3648 4593 ):Niltil
3690 4522 3743 4573 iu

2143 4621 2276 4672 hunc
2302 4618 2546 4671 mundum
2567 4618 2866 4680 intulimus;
2890 4615 3061 4684 palam
3090 4624 3163 4667 est
3194 4615 3331 4683 quod
3361 4630 3452 4666 nec
3475 4622 3745 4683 exportare

2142 4711 2415 4780 quidquam
2443 4710 2714 4778 poterimus
2757 4708 2829 4775 (1.
2851 4705 2987 4759 Tim.
3013 4707 3065 4759 ti.
3091 4703 3146 4775 '7)
3178 4722 3190 4757 :
3225 4704 3347 4758 etsi
3383 4716 3435 4756 tu
3468 4719 3572 4758 non
3614 4704 3742 4759 abs-

2146 4805 2356 4863 tuleris,
2412 4816 2558 4855 mors
2601 4800 2988 4868 superveniens
3022 4796 3248 4861 auferet,
3278 4806 3331 4848 ct
3350 4797 3393 4849 si
3426 4806 3478 4849 tu
3506 4811 3612 4850 non
3653 4795 3745 4863 ju-

2143 4895 2430 4963 gulaveris,
2457 4901 2658 4945 naturrc
2682 4892 2763 4944 lex
2792 4890 2955 4943 finem
2982 4888 3193 4941 afferet.
3219 4887 3357 4940 Nihil
3377 4886 3534 4956 igitur
3556 4902 3743 4940 eorum

2148 4989 2451 5049 timeamus,
2476 5001 2594 5053 qua:
2626 4984 2781 5037 nobis
2808 4991 2998 5035 natura
3037 4979 3358 5041 afferuntur,
3390 4978 3485 5032 sed
3508 4978 3594 5031 illa
3625 4993 3743 5047 qua)

2146 5096 2209 5151 ex
2241 5080 2377 5132 mala
2419 5078 2572 5132 nobis
2609 5076 2928 5147 proveniunt
2953 5073 3224 5125 voluntate
3254 5089 3267 5124 :
3292 5071 3379 5124 illa
3418 5072 3561 5125 enim
3591 5071 3748 5125 nobis

2150 5188 2360 5242 pmnam
2384 5170 2595 5240 pariunt
2620 5186 2633 5223 :
2659 5168 2866 5236 hocque
2892 5165 3188 5233 cogitemus
3203 5163 3455 5215 continue
3474 5162 3523 5215 in
3541 5162 3604 5215 iis
3624 5177 3744 5229 qum

2150 5265 2300 5318 nobis
2329 5265 2683 5330 inexspectata
2714 5258 2977 5321 accidunt,
3006 5255 3145 5325 quod
3179 5270 3282 5309 non
3311 5256 3638 5323 corrigemus
3657 5254 3743 5307 illa

2148 5356 2423 5417 dolentes,
2456 5363 2510 5407 et
2534 5352 2719 5406 dolere
2764 5350 3069 5403 desinemus
3100 5362 3113 5399 ι
3148 5357 3200 5399 et
3252 5357 3442 5409 praeter
3472 5348 3573 5401 hoc
3613 5346 3743 5399 illud

2148 5464 2380 5516 quoque,
2415 5462 2509 5497 nos
2534 5446 2574 5497 si
2606 5445 2729 5512 quid
2757 5442 2949 5511 injuste
2978 5442 3026 5493 in
3062 5438 3308 5507 przesemi
3360 5443 3583 5506 patimur
3612 5440 3740 5501 vita,

2149 5539 2311 5590 multa
2339 5548 2550 5605 peccata
2590 5534 2901 5589 dissolvere.
2931 5531 3130 5584 Idcirco
3157 5544 3406 5597 maguum
3440 5530 3637 5581 bonum
3664 5539 3744 5581 cst

2150 5630 2235 5682 hic
2268 5632 2413 5682 lue-re
2442 5636 2677 5696 peccata,
2708 5635 2760 5679 et
2790 5639 2893 5677 non
2916 5623 3023 5677 illic
3050 5619 3277 5675 :etenim
3306 5619 3453 5672 dives
3474 5620 3561 5673 ille
3582 5634 3743 5687 grave

2156 5721 2281 5774 nihil
2304 5721 2522 5787 recepit,
2552 5726 2603 5770 et
2637 5727 2914 5785 propterea
2964 5713 3069 5768 illic
3100 5709 3459 5781 torquebatur.
3506 5709 3568 5761 lit
3606 5712 3751 5777 quod
