4196 6316
501 349 565 402 8⁷
1232 349 1288 406 S.
1329 349 1604 405 JOANNIS
1628 348 2097 408 CHRYSOSTOMI
2127 349 2447 407 ARCHIEP.
2474 350 3002 411 CONSTANTINOP.
3696 365 3762 418 88

501 460 603 512 hoc
626 467 763 512 esset
790 458 838 510 in
861 473 1016 512 causa
1049 474 1114 513 ne
1137 459 1236 513 ulla
1269 461 1377 513 illic
1404 460 1669 515 frueretur
1688 461 2067 525 consolatione,

497 549 616 601 andi
648 549 771 616 quid
800 540 938 602 dicat
970 549 1232 602 Abraham
1268 567 1282 604 :
1319 549 1461 616 Fili,
1497 553 1726 621 recepisti
1770 552 1898 605 bona
1941 561 2024 605 tua
2053 567 2072 604 :

497 649 760 708 propterea
775 641 1013 694 cruciaris
1032 639 1180 709 (Luc.
1211 642 1296 695 16.
1325 640 1439 712 9.5).
1463 641 1615 709 Quod
1635 652 1809 696 autem
1833 641 1952 696 ideo
1967 642 2070 694 La-

496 744 622 782 zaro
653 731 788 783 bona
805 731 923 783 data
949 733 1073 796 sint,
1091 737 1210 800 quia
1233 731 1319 785 hic
1339 748 1459 787 cum
1487 735 1676 786 virtute
1697 732 1926 789 inﬁnitas
1947 747 2070 802 pas-

494 833 586 872 sus
602 830 716 873 erat
735 822 1022 886 molestias,
1048 822 1397 889 patriarcham
1419 833 1471 878 et
1499 824 1600 878 hoc
1628 824 1888 878 dicentem
1923 825 2066 878 audi.

493 907 626 963 Cum
657 911 797 964 enim
823 912 1041 965 dixisset
1064 911 1212 965 diviti
1247 929 1260 965 :
1294 914 1545 980 Recepisti
1566 915 1794 967 bonatua
1818 931 1836 968 :
1870 915 2064 979 intulit,

498 999 565 1052 Et
588 997 812 1054 Lasam
826 1001 978 1064 mala,
1006 1011 1054 1055 et
1079 1014 1342 1073 propterea
1364 1005 1751 1059 consolationem
1769 1007 1920 1074 capit.
1945 1007 2066 1067 Sic-

493 1095 553 1140 ut
583 1090 723 1142 enim
766 1089 815 1140 in
859 1090 1050 1149 virtute
1079 1091 1321 1146 viventes
1343 1102 1396 1146 et
1425 1093 1654 1147 tribulati
1677 1094 1869 1164 duplex
1896 1112 1925 1149 a
1958 1096 2066 1150 Deo

493 1178 1116 1236 habentemolumentum
1149 1198 1163 1234 :
1189 1185 1266 1255 sic
1281 1191 1334 1236 et
1358 1185 1410 1238 in
1436 1186 1561 1238 vitio
1581 1186 1763 1238 vivens
1788 1195 1842 1240 et
1861 1187 2066 1242 deliciis

488 1270 670 1324 fruens
710 1271 972 1338 duplicem
1004 1273 1219 1328 habebit
1258 1290 1488 1343 poenam.
1534 1276 1763 1330 Rursum
1810 1277 1930 1332 dico
1957 1295 2061 1334 non

487 1357 748 1427 fugientes
769 1376 1023 1416 accusans
1051 1381 1064 1416 :
1089 1364 1318 1416 Animam
1345 1366 1826 1424 enim‘humiliatam
1855 1387 1917 1423 ne
1944 1388 2061 1440 pcr-

493 1448 657 1500 tnrbes
676 1448 861 1514 (Eccli.
881 1453 928 1502 4.
947 1451 1023 1520 5),
1041 1453 1235 1520 inquit;
1260 1469 1363 1507 non
1382 1457 1656 1524 increpare
1677 1460 1877 1525 volens,
1893 1476 2063 1530 aegro-

488 1547 605 1591 tans
637 1541 776 1592 enim
807 1543 1185 1598 consolationis
1231 1547 1429 1614 indiget
1458 1565 1471 1600 :
1501 1551 1594 1603 sed
1636 1553 1901 1620 corrigere
1944 1564 2060 1609 stu-

486 1626 618 1681 dens
648 1647 661 1682 :
692 1645 758 1681 ne
797 1629 912 1699 fuga
939 1635 1162 1686 salutem
1192 1646 1425 1689 nostram
1453 1647 1723 1707 petamus;
1757 1642 1849 1694 sed
1888 1642 2058 1714 fugia-

486 1730 604 1768 mus
620 1728 849 1784 peccata,
866 1728 917 1772 ct
938 1737 964 1773 a
980 1723 1058 1774 via
1073 1724 1203 1775 mala
1219 1727 1544 1780 recedamus.
1566 1729 1621 1781 Si
1636 1729 1748 1783 haec
1769 1732 2077 1801 fugerimus,

485 1808 692 1860 etiamsi
727 1811 862 1863 inter
885 1813 1186 1868 innumeros
1232 1818 1485 1871 fuerimus
1514 1821 1726 1884 milites,
1766 1839 1922 1878 nemo
1958 1842 2056 1880 nos

485 1893 676 1949 lzedere
699 1901 917 1965 poterit;
945 1903 988 1955 si
1024 1903 1135 1958 haec
1163 1921 1270 1958 non
1309 1907 1618 1976 ingerimus,
1653 1914 1749 1966 etsi
1788 1917 1854 1967 ad
1882 1916 2054 1984 ipsum

480 1986 737 2039 montium
763 1992 1012 2044 verticem
1037 1994 1454 2062 ascenderimus,
1488 1999 1668 2054 hostes
1693 2012 1743 2056 et
1766 2005 1871 2058 illic
1895 2021 2052 2073 repe-

480 2074 676 2128 riemus
715 2079 1143 2134 innumerabiles.
1186 2084 1496 2140 Recorderis
1535 2091 1690 2156 igitur
1714 2093 1904 2147 iterum
1933 2096 2051 2148 illo-

478 2182 593 2218 rum
616 2170 770 2222 trium
785 2186 1093 2239 puerorum,
1114 2177 1367 2243 quierant
1389 2181 1520 2231 intra
1537 2182 1824 2249 fornacem,
1850 2193 1904 2238 et
1922 2186 2050 2239 nihil

478 2269 635 2321 grave
665 2261 999 2323 patiebantur
1030 2274 1119 2317 :et
1147 2281 1327 2320 eorum
1356 2269 1444 2336 qui
1482 2271 1623 2336 ipsos
1668 2273 1962 2342 injecerant
1998 2285 2052 2330 et

474 2357 623 2398 extra
665 2348 933 2405 fornacem
963 2358 1271 2420 manebant,
1294 2370 1561 2428 quotquot
1599 2365 2008 2420 circumstabant
2032 2409 2046 2433 ,

476 2451 664 2490 omnes
707 2447 1001 2510 consumpti
1034 2458 1174 2499 sunt.
1212 2447 1347 2514 Quid
1393 2450 1491 2505 hoc
1541 2455 1864 2510 mirabilius?
1905 2460 2049 2531 Quos

471 2527 776 2581 continebat
794 2531 942 2597 ignis,
958 2535 1182 2588 exsolvit
1204 2555 1216 2589 :
1235 2553 1366 2606 quos
1385 2556 1486 2594 non
1504 2545 1827 2608 continebat,
1843 2527 2044 2616 rapuit:

472 2622 528 2665 nt
561 2616 735 2669 discas
772 2636 874 2673 non
906 2623 1098 2685 locum,
1129 2628 1220 2680 sed
1250 2645 1454 2683 morum
1485 2635 1790 2701 qualitatem
1824 2639 2043 2695 salutem

471 2713 523 2756 ct
549 2721 756 2773 poenam
785 2709 1018 2765 afferre:
1049 2716 1326 2770 interiores
1367 2719 1659 2788 effugerunt
1690 2766 1704 2788 ,
1754 2729 2046 2784 exteriores

473 2798 735 2867 absumpti
751 2811 890 2854 sunt.
913 2805 1105 2858 Eadem
1125 2822 1345 2874 corpora
1368 2823 1418 2864 et
1440 2812 1520 2866 his
1540 2830 1658 2881 quae
1683 2817 1803 2881 illis,
1828 2819 1922 2872 sed
1939 2836 2044 2874 non

469 2887 626 2940 iidem
648 2905 838 2946 sensus
860 2910 872 2944 :
890 2904 1164 2961 propterea
1182 2913 1279 2952 nec
1295 2903 1494 2955 ecedem
1513 2905 1802 2971 passiones.
1821 2907 2044 2963 anum

465 2978 606 3030 enim
623 2981 721 3032 etsi
739 2981 1075 3050 circumjacet
1091 2995 1261 3052 extra,
1282 2991 1526 3046 celeriter
1555 2996 1889 3050 accenditur:
1910 3000 2047 3053 sicut

464 3076 649 3121 contra
670 3085 877 3135 aurum,
903 3073 1023 3128 licet
1060 3076 1200 3132 intus
1248 3091 1479 3146 maneat,
1507 3085 1674 3152 magis
1700 3086 2041 3155 splendescit.

538 3162 588 3212 5.
622 3161 721 3215 Ubi
750 3179 894 3217 nunc
933 3176 1057 3219 sunt
1085 3169 1173 3235 qui
1217 3170 1420 3237 dicunt,
1451 3172 1640 3241 Capiat
1667 3178 1843 3231 omnia
1873 3179 2044 3247 lmpc~

467 3259 630 3314 ηδιον,
653 3261 707 3304 et
735 3268 929 3320 corpus
972 3251 1210 3312 nostrum
1242 3261 1328 3314 det
1361 3262 1620 3317 liberum?
1650 3264 1787 3331 Quid
1825 3269 2041 3322 tandem

467 3338 554 3398 sit,
583 3355 701 3393 esse
730 3355 954 3410 corpore
985 3345 1231 3412 liberum,
1255 3349 1482 3404 discant.
1515 3352 1630 3407 Non
1666 3356 1806 3408 enim
1847 3358 2042 3414 immu-

464 3429 600 3482 nitas
625 3446 653 3483 a
682 3435 940 3500 supplicio
974 3452 1176 3505 corpus
1215 3439 1338 3493 facit
1385 3443 1630 3507 liberum,
1675 3448 1768 3500 sed
1798 3448 1852 3502 in
1889 3450 2041 3517 justi-

465 3519 531 3569 tia
564 3521 813 3575 continue
849 3526 1042 3579 vivere.
1077 3529 1274 3582 Horum
1316 3533 1474 3599 igitur
1497 3550 1782 3603 puerorum
1820 3551 2042 3608 cerpora

463 3605 816 3677 liberaera-nt,
840 3616 999 3667 etiam
1037 3619 1233 3670 fornaci
1266 3623 1453 3675 tradita
1491 3642 1502 3676 :
1541 3628 1738 3690 peccati
1768 3605 2045 3684 enim—ser-

464 3698 682 3752 vitntem
716 3702 822 3767 jam
869 3705 1070 3770 pridem
1111 3707 1485 3776 deposuerant.
1527 3715 1732 3770 Etenim
1774 3719 1889 3773 hmo
1930 3723 2040 3776 sola

466 3799 548 3840 est
575 3787 812 3854 libertas,
847 3810 948 3845 non
979 3798 1290 3862 supplicimu
1317 3800 1567 3869 etfugerc,
1603 3822 1700 3860 nec
1724 3823 1882 3874 grave
1911 3811 2039 3864 nihil

465 3878 591 3942 pati.
623 3877 700 3930 Tn
733 3895 858 3933 vero
881 3881 1147 3938 fornacem
1181 3889 1422 3954 audiens,
1457 3894 1738 3948 recordare
1764 3896 2048 3954 fluviorum

465 3968 600 4032 ignis
629 3969 715 4023 die
763 3972 855 4023 illo
902 3977 1196 4030 tremendo.
1232 3979 1380 4031 Sicut
1423 3983 1562 4034 enim
1593 3983 1678 4038 hic
1708 3984 1803 4039 hos
1824 3989 2037 4056 quidem

465 4061 633 4128 rapuit
674 4064 826 4130 ignis,
856 4066 973 4120 illos
1007 4078 1180 4122 autem
1225 4074 1483 4127 reveritus
1513 4087 1592 4128 est
1624 4095 1635 4130 :
1671 4080 1747 4132 sic
1774 4090 1826 4132 et
1855 4082 1902 4132 in
1937 4084 2039 4136 illis

461 4151 562 4203 erit
589 4152 760 4205 ﬂuviis
794 4174 804 4206 :
836 4163 889 4208 et
915 4157 958 4208 si
990 4161 1105 4225 quis
1129 4160 1318 4214 haheat
1361 4165 1517 4231 ligna,
1553 4167 1747 4220 {mnum
1772 4180 1825 4222 et
1870 4173 2036 4239 stipu-

463 4241 584 4302 lam,
635 4243 675 4292 is
721 4244 890 4311 ignem
940 4251 1177 4301 accendit
1210 4267 1220 4300 :
1254 4251 1297 4303 si
1342 4268 1467 4304 vero
1509 4256 1626 4322 quis
1669 4257 1824 4311 habet
1850 4276 2034 4316 aurum

464 4341 515 4382 et
553 4342 848 4398 argentum,
893 4336 949 4387 lit
979 4339 1319 4402 splendidior.
1378 4341 1522 4394 lianc
1566 4345 1720 4411 igitur
1763 4355 2033 4403 materiam

462 4433 861 4487 congregemus,
885 4433 936 4474 et
959 4427 1235 4490 przesentia
1253 4443 1508 4495 generose
1529 4430 1778 4499 feramus,
1807 4438 2035 4492 scientes

463 4507 602 4572 quod
631 4509 698 4561 ab
728 4510 811 4562 illa
846 4527 997 4578 paena
1031 4530 1264 4582 praesens
1290 4533 1387 4570 nos
1419 4519 1684 4573 tribulatio
1711 4522 1970 4590 liberavit,
1992 4529 2035 4580 si

465 4595 819 4665 philosophari
851 4603 1100 4665 sciamus,
1125 4613 1177 4656 et
1208 4605 1290 4659 hic
1312 4609 1556 4662 meliores
1577 4610 1787 4675 efﬁciet,
1819 4629 1915 4668 nec
1942 4631 2047 4682 nos

462 4693 686 4747 tantum,
715 4688 804 4738 sed
829 4699 878 4739 et
907 4705 998 4742 eos
1028 4706 1187 4759 sape,
1225 4695 1310 4760 qui
1360 4711 1456 4750 nos
1497 4700 1751 4762 cruciant,
1781 4702 1824 4754 si
1851 4703 2033 4771 vigile-

462 4789 615 4839 mus;
648 4787 785 4828 tanta
819 4780 895 4830 vis
925 4792 1006 4833 est
1049 4782 1201 4850 hujus
1245 4787 1586 4855 philosophiae
1633 4792 1770 4858 quod
1799 4802 1853 4845 et
1875 4793 2034 4863 inty-

465 4883 632 4920 ranno
680 4877 805 4924 tunc
849 4871 1039 4925 factum
1082 4885 1183 4928 est.
1207 4877 1484 4946 Postquam
1545 4883 1685 4935 enim
1730 4884 1858 4938 vidit
1906 4887 2033 4939 nihil

461 4970 618 5021 grave
640 4973 842 5026 passos,
872 4963 989 5013 audi
1018 4965 1283 5031 quomodo
1325 4977 1553 5023 mutatus
1599 4982 1680 5024 est
1713 4991 1726 5025 :
1757 4973 1902 5027 Servi
1938 4974 2034 5028 Dei

461 5046 712 5110 altissimi,
744 5053 887 5114 erile,
919 5055 1108 5123 inquit,
1132 5066 1177 5108 et
1204 5059 1379 5112 venite.
1410 5063 1598 5115 Annon
1632 5066 1784 5132 paulo
1809 5077 1931 5121 ante
1952 5069 2033 5120 di-

459 5139 637 5202 cebas,
667 5140 732 5191 Et
754 5143 862 5208 quis
886 5155 956 5197 est
991 5147 1111 5199 deus
1146 5150 1226 5215 qui
1249 5165 1332 5202 vos
1358 5168 1420 5203 ex
1443 5155 1668 5207 manibus
1696 5160 1817 5210 meis
1843 5160 2034 5227 eripere

462 5230 613 5296 possit
633 5229 794 5297 (Dan.
819 5234 869 5284 5.
898 5235 983 5288 93.
1012 5237 1136 5304 15)?
1163 5240 1296 5302 Quid
1326 5240 1516 5295 factum
1548 5247 1664 5298 est?
1692 5248 1827 5301 unde
1857 5260 2029 5303 mnta-

462 5319 571 5370 tio?
607 5323 838 5375 exterius
881 5326 1081 5393 positos
1126 5328 1434 5396 absumptos
1481 5334 1672 5396 vidisti,
1713 5347 1763 5389 et
1811 5337 2030 5393 interius

459 5417 658 5462 stantes
701 5413 898 5465 vocas?
949 5415 1087 5467 unde
1137 5417 1227 5470 tibi
1268 5422 1444 5475 evenit
1488 5424 1607 5476 talia
1643 5426 1918 5480 meditari?
1944 5428 2032 5480 Vi-

459 5499 580 5550 disti
607 5512 797 5566 quanta
825 5503 933 5571 regi
959 5506 1178 5558 mutatio
1228 5506 1360 5562 facta
1404 5512 1517 5564 est?
1545 5514 1754 5581 quando
1797 5517 2029 5571 nondum

460 5589 602 5655 ipsas
629 5598 885 5657 tenuerat,
901 5593 1320 5666 blasphemabat;
1344 5611 1619 5670 postquam
1639 5620 1768 5659 vero
1787 5611 1838 5661 in
1857 5608 2030 5676 ignem

463 5678 607 5744 ipsos
642 5683 887 5752 conjecit,
935 5688 1422 5760 philosophabatur.
1475 5693 1757 5766 Propterea
1801 5708 1853 5752 et
1894 5699 2030 5755 Deus

2190 460 2428 528 permisit
2457 464 2630 516 omnia
2661 465 2792 529 ﬁcri,
2823 483 3167 540 quaecumque
3193 479 3447 541 tyrannus
3491 474 3674 541 voluit,
3704 493 3760 532 ut

2183 547 2570 605 demonstraret
2595 568 2623 606 a
2652 568 2709 606 se
2747 557 3038 611 custoditos
3084 558 3355 617 oﬂ'endere
3400 577 3555 632 posse
3587 572 3754 622 nemi-

2181 654 2302 693 nem
2329 656 2343 693 :
2367 645 2425 696 et
2443 642 2581 710 quod
2615 643 2664 696 in
2693 643 2794 699 Job
2823 647 2966 711 fecit,
3011 647 3110 703 hoc
3138 661 3192 704 et
3239 651 3323 706 hic
3359 665 3608 722 operatus
3651 669 3756 720 est,

2183 727 2390 784 Etenim
2417 730 2527 785 illic
2557 735 2792 799 permisit
2819 735 3086 790 diabolum
3118 754 3330 795 omnem
3375 758 3524 797 suam
3566 758 3752 815 ῃυιθιι..

2179 820 2303 874 tiam
2349 823 2628 879 ostendere
2655 843 2668 879 :
2699 839 2747 880 et
2779 837 3053 896 postquam
3095 845 3282 886 omnes
3313 833 3490 889 hausit
3515 842 3751 909 sagittas,

2176 923 2228 967 et
2257 913 2429 968 nullus
2453 915 2757 970 insidiarum
2789 920 2974 979 modus
2999 921 3232 992 reliquus
3277 924 3444 980 factus
3480 940 3582 993 est,
3633 941 3755 984 tunc

2176 1021 2207 1059 e
2231 1006 2402 1062 stadio
2438 1009 2664 1074 pugilem
2704 1011 2906 1074 eduxit.
2939 1021 2994 1066 ut
3021 1013 3163 1069 clara
3190 1024 3245 1069 et
3274 1016 3564 1073 indubitata
3604 1021 3754 1076 ﬁeret

2175 1095 2392 1150 victoria
2420 1115 2432 1149 :
2456 1105 2511 1152 et
2529 1097 2613 1152 hic
2636 1098 2920 1168 hocipsum
2946 1102 3088 1158 fecit.
3117 1104 3295 1160 Voluit
3313 1107 3545 1176 ipsorum
3565 1111 3753 1166 urbem

2173 1197 2444 1258 evertere,
2477 1197 2533 1242 et
2573 1204 2678 1242 non
2723 1191 2990 1259 prohibuit
3021 1211 3036 1246 :
3063 1196 3228 1249 voluit
3255 1194 3493 1264 captivos
3531 1198 3751 1269 ducere,

2171 1285 2223 1325 et
2249 1256 2354 1327 nan
2383 1277 2654 1345 impedivit
2683 1297 2696 1330 :
2723 1256 2891 1333 voluit
2933 1281 3114 1348 ligare,
3143 1286 3408 1338 concessit
3436 1303 3452 1341 :
3481 1288 3532 1341 in
3575 1286 3757 1343 forna-

2171 1376 2286 1416 cem
2315 1363 2551 1434 injicere,
2575 1369 2854 1434 permisit:
2885 1370 3151 1424 ﬂammam
3197 1373 3335 1427 ultra
3373 1378 3588 1430 modum
3631 1393 3751 1434 suc-

2170 1453 2418 1520 cendere,
2451 1465 2505 1510 et
2534 1457 2632 1510 hoc
2659 1459 2899 1526 permisit
2927 1478 2940 1514 :
2971 1470 3026 1515 et
3069 1462 3279 1530 quando
3322 1464 3449 1518 nihil
3489 1468 3750 1536 reliquum

2169 1543 2358 1612 fuerat,
2385 1548 2478 1600 sed
2508 1563 2720 1603 omnem
2761 1551 2866 1602 vim
2911 1567 3059 1624 suam
3108 1563 3363 1623 tyrannus
3406 1557 3747 1624 exhauserat,

2169 1643 2295 1687 tunc
2338 1651 2485 1689 suam
2539 1639 2675 1692 Deus
2700 1641 2946 1694 virtutem
2984 1621 3367 1698 demonstravit
3393 1657 3444 1699 et
3469 1663 3748 1714 puerorum

2169 1724 2496 1790 patientiam.
2528 1726 2685 1782 Vides
2725 1729 2920 1784 idcirco
2968 1732 3132 1786 Deum
3173 1748 3341 1801 usque
3367 1735 3418 1788 in
3453 1735 3611 1790 ﬁnem
3654 1740 3750 1792 tri-

2165 1813 2464 1870 bulationcs
2488 1820 2813 1886 permisisse,
2839 1830 2896 1874 ut
2921 1822 3290 1878 insidiantibus
3329 1835 3384 1880 et
3414 1827 3748 1882 circumven-

2166 1912 2336 1957 tormn
2383 1905 2802 1976 philosophiam,
2849 1921 2903 1965 et
2946 1928 3096 1967 suam
3142 1914 3532 1972 demonstraret
3574 1921 3750 1987 provi-

2163 1995 2434 2048 dentiam?
2463 1998 2592 2063 Quae
2620 2011 2842 2069 utraque
2869 2011 2923 2056 et
2948 2003 3036 2057 ille
3059 2014 3181 2058 tunc
3196 2004 3409 2060 discens
3435 2008 3697 2073 clamabat
3728 2029 3742 2063 :

2163 2083 2305 2137 Servi
2334 2085 2428 2138 Dei
2465 2089 2717 2155 altissimi,
2747 2091 2896 2157 exite,
2928 2103 2975 2145 et
3001 2101 3162 2148 venite
3198 2096 3313 2148 huc.
3343 2097 3422 2151 Tu
3451 2115 3576 2153 vero
3617 2102 3745 2154 mihi

2159 2175 2434 2228 considera
2496 2194 2775 2245 puerorum
2819 2183 3303 2250 magnanimitatem
3335 2202 3349 2238 :
3381 2204 3555 2257 neque
3599 2192 3743 2245 enim

2160 2274 2281 2316 ante
2311 2281 2492 2319 vocem
2519 2268 2855 2333 exsilierunt,
2887 2288 2952 2323 ne
2977 2273 3095 2339 quis
3135 2285 3344 2342 putaret
3389 2277 3532 2345 ipsos
3571 2279 3745 2349 ignem

2162 2353 2398 2407 timuisse
2433 2374 2446 2410 :
2477 2373 2646 2424 neque
2694 2362 2862 2412 vocati
2906 2362 3045 2414 intus
3087 2376 3426 2430 manserunt,
3468 2383 3536 2423 ne
3576 2371 3748 2424 ambi-

2160 2444 2281 2496 tiosi
2308 2459 2427 2497 esse
2453 2457 2506 2498 et
2534 2451 2847 2501 conteuziosi
2875 2451 3200 2506 viderentur.
3235 2454 3517 2524 Postquam
3557 2458 3746 2514 didici-

2157 2532 2245 2596 sti,
2274 2533 2535 2601 inqttiuut,
2559 2537 2707 2603 cujus
2740 2552 2921 2591 sumus
2949 2540 3110 2602 servi,
3155 2553 3430 2612 postquam
3459 2546 3739 2604 Dominum

2158 2630 2396 2674 nostrum
2425 2625 2705 2690 agnovisti,
2722 2635 2846 2680 tunc
2869 2629 3094 2692 eximus,
3121 2633 3756 2697 pra-sentibusomnibus.

2156 2707 2312 2762 futuri
2339 2710 2529 2764 divina:
2582 2717 2827 2779 potentia:
2859 2731 3150 2782 praecones.
3187 2718 3296 2772 Imo
3340 2737 3466 2775 vero
3513 2740 3615 2776 tum
3645 2727 3743 2803 ipsi

2159 2813 2385 2870 tantum,
2406 2806 2496 2858 sed
2515 2815 2566 2859 et
2589 2806 2753 2860 hostis
2775 2811 2983 2876 propria
3007 2825 3133 2864 voce
3149 2822 3204 2866 et
3223 2812 3398 2882 lingua
3413 2824 3466 2870 et
3487 2831 3580 2884 per
3600 2817 3742 2873 litte-

2156 2907 2242 2945 ras
2268 2894 2511 2947 omnibus
2546 2904 2656 2948 tum
2687 2898 2916 2965 pugilum
2956 2902 3330 2966 constantiam,
3376 2913 3487 2957 tum
3540 2921 3742 2975 agona-

2139 2983 2318 3059 _theta:
2362 2984 2606 3039 virtutem
2639 2988 2976 3054 praedicabat.
3013 2989 3078 3044 Et
3107 2990 3242 3044 sicut
3271 3007 3545 3061 praecones
3571 2997 3744 3052 athle-

2157 3079 2236 3124 tas
2267 3073 2494 3127 victores
2525 3076 2575 3128 in
2606 3077 2781 3129 medio
2809 3077 3015 3131 theatro
3040 3083 3466 3146 pronuntiantes,
3497 3086 3735 3153 ipsorum

2153 3178 2362 3232 quoque
2386 3165 2626 3220 civitates
2650 3166 2851 3228 dicunt,
2877 3168 2968 3222 Ille
2988 3167 3054 3221 de
3077 3170 3164 3222 tali
3191 3171 3437 3226 civitate:
3459 3175 3528 3228 ita
3551 3184 3604 3228 et
3627 3175 3733 3240 hic,

2152 3252 2379 3304 civitatis
2396 3253 2530 3313 loco,
2561 3257 2792 3323 ipsorum
2823 3257 3100 3311 Dominum
3130 3260 3455 3328 praedicavit,
3486 3263 3747 3332 Sedrach,

2154 3341 2374 3407 Misach,
2407 3355 2451 3397 et
2482 3347 2771 3417 Abdenago,
2800 3351 2927 3401 servi
2953 3349 3050 3404 Dei
3071 3353 3325 3419 altissimi,
3350 3357 3550 3418 exite,“
3579 3361 3741 3414 venite

2153 3434 2272 3484 huc.
2295 3433 2430 3500 Quid
2473 3444 2644 3487 actum
2691 3446 2791 3500 est,
2837 3440 2976 3506 quod
3027 3441 3169 3508 ipsos
3197 3442 3291 3496 Dei
3329 3460 3514 3499 servos
3541 3450 3737 3503 vocas?

2153 3539 2328 3577 nonne
2374 3526 2448 3577 tui
2487 3537 2640 3580 erant
2681 3529 2986 3582 servi?Scd
3037 3547 3277 3600 regnum,
3326 3535 3514 3603 inquit,
3557 3555 3734 3594 meum

2151 3613 2526 3680 dissolverunt,
2548 3618 2851 3684 superbiam
2872 3635 3044 3673 meam
3067 3624 3528 3688 conculcaverunt,
3548 3644 3732 3684 verum

2152 3719 2244 3772 per
2268 3721 2428 3773 opera
2478 3724 2628 3760 suum
2676 3709 3105 3766 demonstravere
3145 3713 3444 3770 Dominum.
3474 3717 3529 3771 Si
3563 3720 3733 3774 homi-

2151 3811 2274 3848 num
2307 3796 2528 3850 fuissent
2557 3800 2717 3864 servi,
2738 3816 2839 3852 non
2859 3803 3160 3868 expavisset
3181 3805 3332 3873 ignis,
3362 3823 3465 3860 non
3483 3811 3735 3866 cessisset

2155 3882 2364 3936 ﬂamma
2394 3903 2406 3936 ε
2439 3886 2710 3939 Ιιθηιίιιυίη
2737 3889 2878 3941 enim
2905 3906 3091 3944 servos
3128 3903 3371 3947 creatura
3416 3901 3648 3954 revereri
3677 3914 3732 3957 οι

2150 3973 2411 4028 honorare
2442 3992 2545 4029 non
2579 3979 2739 4030 novit.
2772 3980 3055 4048 Propterea
3075 3998 3257 4036 rursus
3277 3986 3444 4054 inquit
3469 4008 3480 4042 :
3509 3989 3730 4044 Benedi—

2148 4074 2254 4117 ctus
2272 4062 2409 4118 Deus
2426 4065 2674 4131 Sedrac/t,
2692 4068 2908 4135 .llisaclt,
2924 4081 2969 4124 et
2986 4074 3254 4142 Abdenago
3273 4076 3435 4142 (Dan.
3453 4081 3504 4132 5.
3522 4081 3633 4149 95).
3650 4083 3729 4136 Tn

2148 4167 2321 4208 autem
2351 4157 2477 4210 mihi
2523 4163 2884 4228 contemplare
2926 4167 3193 4231 quomodo
3225 4169 3449 4235 primum
3483 4188 3730 4227 remune-

2146 4237 2372 4299 ratorem
2421 4251 2667 4316 praedicat
2700 4272 2711 4305 :
2741 4253 3040 4307 Benedictus
3071 4256 3202 4310 Deus
3233 4263 3316 4325 qui
3338 4264 3470 4315 misit
3492 4268 3728 4334 angelum

2143 4351 2310 4400 suum,
2336 4350 2382 4392 et
2411 4343 2539 4393 eruit
2587 4360 2765 4410 pueros
2793 4361 2912 4398 suos
2934 4345 2984 4412 (1
2993 4346 3143 4418 bid.).
3174 4350 3285 4404 [loc
3312 4357 3562 4419 potentia:
3587 4359 3677 4412 Dei
3710 4378 3724 4414 :

2145 4425 2228 4478 dic
2253 4437 2304 4478 et
2347 4428 2662 4483 athletarum
2712 4435 2957 4488 virtutem
2993 4455 3004 4489 :
3043 4438 3289 4502 Quoniam
3328 4446 3643 4510 conﬁdet-unt
3674 4450 3726 4502 in

2144 4532 2221 4578 eo,
2248 4529 2294 4568 et
2318 4519 2516 4572 verbum
2545 4526 2673 4592 regis
2709 4527 3114 4591 inmutaverunt,
3159 4542 3206 4582 et
3249 4536 3570 4590 tradiderunt
3608 4555 3722 4592 cor-

2145 4620 2268 4672 pora
2294 4624 2404 4674 sua,
2425 4626 2484 4661 ne
2513 4616 2748 4665 servirent
2777 4617 2875 4668 diis
2895 4619 3071 4671 alienis
3098 4619 3306 4688 (lbid.).
3330 4624 3435 4678 Sed
3462 4628 3588 4693 quid
3613 4630 3723 4681 vir-

2147 4696 2242 4748 tuti
2289 4712 2384 4765 par
2429 4714 2548 4754 esse
2590 4707 2798 4768 posset?
2826 4708 2991 4758 Antea
3039 4711 3250 4777 quando
3296 4713 3571 4781 dixerunt,
3616 4718 3723 4771 Diis

2145 4788 2240 4839 tuis
2267 4804 2364 4840 non
2387 4792 2628 4844 servimus
2660 4793 2764 4861 (Ib.
2796 4810 2846 4847 v.
2881 4797 3209 4863 18),l'urnace
3239 4804 3434 4858 saevius
3462 4821 3722 4862 accensus

2143 4885 2223 4928 est
2255 4896 2266 4927 :
2299 4889 2568 4946 postquam
2606 4898 2732 4934 vero
2769 4899 2862 4950 per
2891 4888 2998 4953 ipsa
3031 4903 3189 4954 opera
3223 4890 3324 4944 hoc
3351 4895 3720 4962 ostenderunt,

2143 4986 2246 5023 non
2295 4983 2492 5026 tantum
2536 4991 2639 5027 non
2683 4977 2979 5045 indignatus
3007 4985 3220 5044 est,scd
3268 4985 3498 5039 laudavit
3527 4999 3581 5041 et
3628 4991 3724 5042 ad-

2145 5065 2365 5118 miratus
2394 5081 2497 5132 csr,
2523 5071 2660 5136 quod
2693 5071 2789 5123 sibi
2821 5089 2923 5126 non
2953 5075 3274 5128 obedissent.
3299 5077 3524 5132 Tantum
3556 5082 3722 5135 virtus

2143 5155 2367 5219 bonum,
2424 5169 2478 5211 ut
2525 5170 2579 5214 ct
2624 5162 2766 5229 ipsos
2812 5163 2993 5217 hostes
3040 5165 3230 5220 haheat
3277 5168 3629 5227 admiratores
3667 5185 3719 5228 et

2143 5246 2458 5301 laudatores.
2487 5249 2562 5302 Illi
2597 5264 2976 5319 pugnaverunt,
3003 5268 3404 5322 superaverunt,
3428 5269 3483 5312 et
3511 5261 3622 5327 ipse
3645 5263 3720 5316 vi-

2140 5347 2256 5390 ctus
2282 5340 2474 5404 gratias
2501 5343 2701 5408 agebat.
2731 5344 2870 5411 quod
2896 5359 2997 5396 non
3027 5346 3167 5409 ipsos
3191 5348 3466 5407 terruisset
3492 5349 3716 5404 ﬂamma.-

2139 5439 2405 5497 aspectus,
2454 5431 2545 5484 sed
2593 5448 2712 5500 spes
2742 5435 2790 5488 in
2824 5435 3100 5489 Dominum
3143 5440 3411 5492 consulam
3462 5451 3625 5504 esset,
3667 5453 3721 5497 et

2141 5520 2420 5575 Dominum
2450 5523 2595 5578 orbis
2621 5533 2880 5579 terrarum
2903 5541 2967 5580 ex
2993 5527 3162 5581 tribus
3185 5530 3361 5594 pueris
3390 5542 3579 5594 vocat,
3608 5547 3714 5586 non

2140 5612 2302 5680 ipsius
2327 5613 2607 5681 imperium
2638 5615 2742 5671 ﬁne
2770 5618 2878 5672 ullo
2907 5619 3248 5681 concludens,
3269 5619 3361 5673 sed
3389 5622 3529 5688 quod
3551 5621 3716 5677 instar

2138 5703 2282 5758 orbis
2330 5715 2587 5761 terrarum
2621 5709 2766 5777 pueri
2817 5718 2924 5763 tres
2961 5719 3183 5763 essent:
3218 5719 3499 5782 propterea
3527 5721 3600 5767 tot
3624 5723 3744 5784 ty-.
