4196 6316
266 359 329 417 se
1193 362 1283 416 an
1324 344 1644 417 eorum.“
1685 356 2173 415 ANTIOCHENUM
2239 318 2468 414 noun.
2512 358 2601 412 vr.
3496 357 3565 412 se

267 487 481 540 rannos,
502 488 661 545 reges
688 482 743 528 et
772 474 1038 543 principes
1061 474 1474 543 przntcrmittens
1516 476 1603 541 qui
1628 472 1725 527 sibi
1759 489 1855 541 pa-

269 574 631 627 ruerant,trcs
662 566 902 634 captivos
931 574 984 619 et
1005 579 1207 628 servos,
1239 564 1326 633 qui
1349 563 1681 635 tyrannidem
1709 579 1857 617 suam

265 669 718 727 contempserant,
748 658 1037 713 admiratus
1083 668 1184 713 est.
1216 658 1329 712 Non
1361 658 1501 711 enim
1533 642 1862 711 contenden-

265 755 378 812 tes,
431 750 525 804 sed
576 750 1016 819 philosophantes
1060 749 1175 804 haec
1224 748 1489 818 agebant,
1542 763 1714 817 neque
1768 762 1861 816 per

262 843 646 910 arrogantiam,
685 841 779 896 sed
829 858 921 910 per
968 842 1322 910 religionem:
1357 855 1463 894 non
1510 839 1756 909 superbia
1781 840 1860 893 ia-

262 931 391 994 ilati,
420 932 516 987 sed
544 932 666 986 zelo
698 932 865 1001 igniti.
895 932 1139 1001 Magnum
1164 933 1358 985 ctenim
1382 932 1578 985 bonum
1609 932 1658 984 in
1689 932 1855 985 Deum

262 1038 481 1091 sperare
513 1041 527 1076 :
587 1023 737 1093 quod
763 1023 974 1092 quidem
996 1033 1051 1078 et
1074 1022 1333 1077 barbarus
1380 1022 1775 1084 animadvertit,
1804 1032 1859 1077 et

246 1098 639 1166 demonstrans
668 1127 763 1166 eos
790 1112 911 1167 inde
940 1112 1225 1166 imminens
1254 1110 1503 1181 eil‘ugisse
1540 1112 1853 1181 periculum,

260 1202 611 1272 proclamavit
642 1220 656 1257 :
689 1203 938 1270 Quoniam
964 1203 1284 1273 conﬁderunt
1309 1203 1360 1256 in
1388 1219 1464 1257 eo.

329 1294 383 1349 6.
417 1294 544 1349 llaec
572 1302 750 1349 autem
784 1309 923 1348 nunc
957 1294 1096 1359 dico,
1130 1302 1183 1348 et
1211 1308 1399 1348 omnes
1434 1307 1663 1361 excerpo
1693 1293 1855 1348 histo-

259 1387 388 1452 rias,
421 1387 472 1440 in
498 1388 690 1457 quibus
733 1388 1052 1440 tentationes
1097 1394 1151 1440 et
1177 1400 1449 1451 rerumntr,
1474 1395 1525 1439 et
1556 1400 1739 1455 regum
1764 1387 1855 1439 ira:

258 1487 313 1530 et
341 1476 546 1531 insidia:
574 1485 734 1539 sunt,
774 1487 829 1531 ut
858 1476 987 1530 nihil
1021 1477 1322 1543 timeamus,
1357 1476 1457 1529 nisi
1487 1477 1854 1531 tantummodo

260 1568 427 1622 Deum
450 1569 743 1623 offendere.
775 1570 981 1624 Etenim
1007 1578 1061 1624 et
1090 1579 1215 1624 tunc
1246 1569 1428 1624 fornax
1452 1584 1673 1624 accensa
1702 1580 1850 1633 erat;

260 1658 332 1712 illi
360 1674 492 1713 vero
518 1660 655 1713 hanc
684 1660 900 1730 quidem
943 1669 1399 1730 contempserunt,
1438 1670 1712 1730 peccatum
1761 1676 1853 1715 an-

262 1758 366 1802 tem
399 1750 688 1804 timuerunt
721 1768 734 1803 :
766 1759 1023 1804 noverant
1060 1752 1202 1805 enim
1244 1765 1303 1805 se
1344 1752 1595 1805 incensos
1636 1752 1851 1820 quidem

260 1841 393 1895 nihil
422 1856 583 1911 grave
622 1856 875 1911 passuros
921 1858 1061 1908 esse,
1104 1842 1263 1913 impie
1298 1857 1425 1898 vero
1462 1853 1710 1913 agentes,
1754 1860 1852 1898 ex-

258 1941 427 1987 trema
455 1933 750 1987 subituros.

329 2022 610 2077 Peccatum
652 2026 822 2095 ipsum
862 2043 1100 2098 magnum
1146 2028 1473 2099 supplicium.
1502 2058 1573 2069 -—
1604 2027 1849 2097 Magnum

256 2114 400 2169 enim
435 2116 758 2185 supplicium
796 2131 1054 2186 peccare,
1101 2119 1262 2173 etiam
1303 2119 1347 2173 si
1376 2135 1481 2173 non
1526 2120 1846 2187 puniamur:

256 2206 391 2261 sicut
415 2217 471 2260 et
508 2208 772 2262 maximus
804 2209 1008 2274 honor,
1055 2210 1285 2265 maxima
1331 2212 1686 2281 tranquillitas
1727 2226 1847 2266 cum

256 2297 453 2352 virtute
482 2297 695 2365 vivere,
729 2300 937 2354 etiamsi
967 2301 1270 2369 puniamur.
1298 2302 1521 2357 Peccata
1567 2301 1707 2356 enim
1753 2316 1850 2355 nos

254 2399 282 2438 tt
313 2386 426 2441 Deo
461 2397 737 2456 separant,
770 2389 910 2444 sicut
956 2398 1013 2444 et
1049 2390 1163 2460 ipse
1205 2392 1375 2446 dicit:
1424 2391 1606 2445 Nonne
1646 2372 1850 2461 peccata

255 2488 423 2533 uestra
459 2491 700 2551 separant
729 2482 859 2535 inter
899 2497 985 2535 vos
1011 2491 1058 2536 et
1096 2499 1176 2536 me
1223 2480 1372 2549 (luti.
1406 2483 1497 2539 59.
1537 2482 1633 2553 2)?
1674 2498 1848 2553 poenae

254 2583 382 2623 vero
410 2584 510 2625 nos
536 2571 602 2625 ad
630 2571 797 2626 Deum
830 2573 1124 2641 perducunt
1154 2590 1167 2625 :
1204 2573 1373 2642 inquit
1400 2572 1565 2633 enim,
1598 2571 1679 2625 Da
1706 2574 1848 2627 nobis

255 2674 449 2725 pacem,
496 2660 667 2715 omnia
712 2662 845 2714 enim
883 2662 1157 2715 rctribuisti
1193 2662 1337 2716 nobis
1361 2661 1625 2737 (lsaiﬂti.
1649 2663 1754 2726 νεὶ).
1788 2661 1845 2718 Si

254 2752 371 2819 quis
400 2751 598 2807 vulnus
629 2752 843 2819 habeat,
875 2752 1002 2823 quid
1039 2754 1231 2808 timere
1256 2763 1488 2823 Oportet,
1519 2754 1745 2817 saniem,
1778 2768 1846 2807 an

254 2841 447 2897 medici
489 2842 818 2898 sectionem?
852 2843 1077 2909 ferrum,
1110 2859 1177 2899 an
1220 2845 1412 2900 ulceris
1439 2844 1845 2915 depastionem?

255 2930 536 2988 Peccatum
566 2934 745 2990 sanies
770 2943 852 2990 est
880 2957 892 2989 :
920 2950 1078 3003 poena
1110 2935 1309 2991 ferrum
1330 2934 1667 2990 medicinale.
1697 2933 1847 2991 Sient

250 3016 412 3085 igitur
430 3025 521 3093 qui
546 3025 749 3080 saniem
779 3027 957 3093 habet,
982 3023 1081 3080 etsi
1102 3042 1209 3081 non
1230 3035 1461 3093 secetur,
1490 3029 1630 3083 male
1650 3027 1843 3084 habet:

182 3124 183 3129 ‘
252 3127 302 3168 et
335 3128 459 3169 cum
487 3130 594 3170 non
622 3125 857 3182 secatur,
891 3125 1016 3171 tunc
1046 3125 1129 3172 est
1153 3117 1207 3172 in
1232 3117 1526 3187 majoribus
1553 3119 1746 3173 malis:
1775 3121 1846 3174 ita

252 3207 338 3274 qui
368 3215 580 3276 peccat,
624 3207 731 3262 etsi
772 3221 878 3261 non
909 3208 1183 3277 puniatur,
1210 3209 1449 3262 omnium
1480 3217 1564 3262 est
1607 3210 1847 3264 miserri-

254 3311 411 3351 mus:
454 3304 511 3352 et
542 3307 669 3353 tunc
702 3300 941 3355 maxime
981 3298 1167 3366 miser,
1216 3313 1338 3354 cum
1384 3314 1488 3354 non
1529 3301 1770 3371 punitur,
1793 3310 1848 3357 et

252 3400 415 3457 grave
440 3385 575 3441 nihil
606 3388 826 3456 patitur.
857 3388 922 3443 Et
949 3389 1086 3444 sicut
1114 3388 1301 3459 splene
1324 3397 1381 3445 et
1408 3390 1672 3445 intercute
1694 3390 1844 3444 labo-

252 3483 466 3537 rantes.
491 3492 609 3531 cutn
637 3478 779 3549 larga
804 3477 1052 3534 fruuntur
1073 3494 1281 3547 mensa,
1309 3487 1365 3536 et
1389 3477 1578 3550 frigida
1607 3479 1843 3549 potione,

250 3578 304 3624 et
346 3568 597 3623 delicatis
636 3568 940 3640 sapidisque
989 3569 1228 3636 ferculis,
1266 3578 1393 3625 tunc
1432 3570 1699 3640 praecipue
1730 3584 1848 3625 om-

256 3659 397 3715 nium
423 3668 555 3715 sunt
593 3659 914 3726 miserrimi,
944 3659 1155 3717 deliciis
1183 3659 1430 3716 morbum
1471 3670 1729 3731 augentes
1754 3677 1768 3713 :
1800 3659 1849 3716 si

258 3767 384 3808 vero
422 3751 514 3807 siti
557 3759 614 3807 et
656 3750 798 3808 fame
822 3751 1116 3808 secundum
1163 3751 1493 3807 medicorum
1539 3751 1683 3822 leges
1724 3766 1850 3808 cru-

254 3844 491 3909 cientur,
517 3843 752 3913 aliquam
782 3842 972 3899 salutis
996 3856 1149 3914 Spem
1176 3843 1377 3898 habent
1405 3860 1420 3896 :
1448 3843 1527 3897 sic
1567 3851 1624 3897 et
1653 3841 1706 3897 in
1743 3840 1848 3896 ini-

251 3936 458 4006 quitate
491 3933 754 4003 viventes,
795 3933 840 3991 si
869 3933 1156 4006 puniantur
1182 3934 1423 4007 quidem,
1460 3931 1655 3989 bonam
1695 3947 1849 4004 spem

253 4027 489 4092 habent,
542 4026 589 4081 si
628 4042 763 4082 vero
808 4042 927 4082 cum
964 4027 1243 4098 iniquitate
1285 4028 1500 4083 licentia
1542 4037 1598 4083 et
1645 4027 1850 4083 deliciis

252 4121 526 4187 fruantur,
574 4120 819 4193 bydrope
852 4121 1222 4176 laborantibus
1264 4120 1424 4176 simul
1473 4129 1528 4176 et
1563 4119 1848 4188 crapulan-

255 4211 397 4267 tibus
427 4218 556 4266 sunt
580 4211 747 4266 multo
775 4211 1104 4277 miseriores,
1136 4221 1190 4267 et
1238 4220 1387 4267 tanto
1433 4214 1623 4283 magis,
1649 4222 1850 4282 quanto

254 4315 485 4373 corpore
512 4301 704 4356 melior
730 4311 814 4357 est
836 4304 1033 4358 anima.
1065 4302 1123 4359 Si
1153 4303 1361 4374 aliquos
1392 4304 1551 4374 igitur
1579 4304 1631 4359 in
1662 4303 1849 4358 iisdem

254 4407 376 4449 esse
403 4394 641 4464 peccatis
670 4392 899 4459 videris,
933 4403 989 4449 et
1015 4394 1113 4449 hos
1137 4394 1355 4464 quidem
1394 4394 1535 4465 fame
1574 4396 1847 4459 continua,

257 4493 312 4539 ct
340 4482 641 4538 innumeris
688 4485 844 4538 malis
886 4484 1226 4551 laborantes,
1274 4485 1374 4540 hos
1399 4500 1528 4541 vero
1571 4485 1848 4551 ebriosos,

253 4577 583 4647 gaudentes,
614 4585 670 4632 et
698 4579 1039 4649 crapulantes
1058 4620 1073 4643 ,
1114 4594 1211 4635 eos
1235 4579 1325 4651 qui
1355 4581 1534 4650 gravia
1556 4581 1853 4662 “patiantur

256 4666 525 4723 beatiores
546 4674 693 4738 puta.
723 4668 936 4724 Etenim
962 4667 1334 4725 delectationis
1362 4660 1575 4725 ﬂamma
1605 4672 1686 4728 bis
1714 4688 1854 4726 aeru-

253 4757 397 4812 mnis
411 4756 770 4825 interciditutz,
787 4768 842 4815 et
860 4759 998 4831 apud
1019 4760 1252 4816 futurum
1272 4762 1531 4832 judicium
1547 4772 1603 4818 et
1618 4764 1855 4819 terribile

256 4846 491 4903 tribunal
514 4846 645 4903 illud
678 4864 787 4904 non
821 4865 1006 4919 parum
1035 4852 1421 4907 consolationis
1453 4853 1726 4925 capientes
1754 4855 1854 4909 mi-

252 4938 561 5010 grant,quia
575 4939 737 4994 multa
751 4950 969 5012 peccata
981 4941 1105 4997 vitae
1117 4943 1274 5013 hujus
1284 4945 1538 4999 :crnmnis
1548 4946 1849 5015 expiarunt.

326 5031 589 5109 Adversus
606 5033 905 5103 juramenta
929 5051 1021 5106 pro
1038 5051 1178 5091 more
1200 5034 1637 5107 (equitatu—Sed
1658 5053 1852 5094 conso-

254 5122 472 5178 lationis
499 5124 673 5179 satis:
700 5123 812 5195 jam
850 5127 1007 5183 nobis
1033 5127 1287 5199 deinceps
1314 5139 1527 5200 tempus
1559 5139 1642 5187 est
1674 5130 1741 5187 ad
1769 5131 1852 5185 fu-

253 5212 577 5282 giendorum
596 5215 943 5272 monitionem
967 5216 1393 5288 juramentorum
1426 5221 1733 5274 transeundi
1754 5263 1769 5289 ,
1798 5232 1854 5276 et

254 5302 477 5358 tollendi
510 5307 911 5363 excusationem
930 5348 947 5373 ,
979 5324 1099 5380 quae
1119 5309 1427 5380 jurantibus
1454 5325 1577 5367 esse
1602 5312 1848 5380 videtur,

256 5394 507 5465 frigidam
535 5405 591 5450 ct
618 5396 888 5455 inutilem.
918 5400 1132 5456 Etenim
1161 5416 1283 5456 cum
1320 5402 1467 5472 ipsos
1500 5417 1851 5470 accusamus,

256 5489 390 5543 alios
419 5488 579 5544 nobis
604 5488 748 5546 idem
796 5490 1054 5548 facientes
1091 5492 1385 5563 objiciunt,
1412 5501 1467 5548 et
1494 5495 1679 5549 dicunt
1709 5511 1724 5548 :
1756 5494 1852 5551 Ille

256 5592 311 5637 et
327 5583 418 5638 ille
431 5582 639 5653 jurant.
668 5583 918 5640 Dicamus
942 5585 1102 5656 igitur
1121 5585 1290 5656 ipsis:
1318 5586 1429 5643 Sed
1449 5587 1539 5642 ille
1558 5602 1666 5642 non
1680 5586 1846 5657 jurat,

258 5673 399 5730 licus
421 5682 605 5730 autem
622 5688 811 5731 eorum
839 5676 933 5747 qui
958 5687 1105 5734 recte
1124 5688 1368 5751 egerunt,
1393 5681 1846 5752 comparationem

259 5765 397 5822 inter
432 5764 785 5848 iudicandum
826 5767 1073 5839 profert:
1105 5785 1231 5826 nam
1259 5779 1572 5842 peccatores
1615 5785 1709 5828 eos
1754 5770 1846 5842 qui

580 5864 848 5925 ΡΑτιοι.
895 5864 1012 5926 Gtt.
1064 5865 1283 5926 XLIX.

1973 476 2197 539 peceant
2224 470 2542 525 delictorum
2574 469 3065 525 communicatione
3095 484 3199 522 non
3225 468 3446 537 juvant,
3475 468 3568 535 qui

1969 577 2096 616 vero
2128 570 2273 617 recte
2314 563 2531 625 vivunt,
2573 571 2887 632 peccatores
2931 561 3312 615 condemnant.
3356 560 3567 613 Etenim

1966 652 2058 720 qui
2115 650 2389 707 Christum
2446 667 2553 706 non
2612 652 2955 714 cibaverant,
3009 666 3181 721 neque
3252 659 3568 719 putaverant

1967 744 2180 809 (Matth.
2226 743 2315 800 25.
2371 746 2485 815 55),
2529 743 2682 798 multi
2734 752 2890 797 erant
2935 760 2949 796 :
3005 741 3103 797 sed
3156 741 3286 797 nihil
3325 740 3428 795 sibi
3478 740 3565 793 in-

1965 834 2135 889 vicem
2199 838 2510 905 profuerttnt
2561 852 2574 888 :
2630 837 2769 889 sicut
2818 849 2991 904 neque
3038 835 3273 905 virgines
3326 835 3565 905 quinque

1963 925 2130 979 altera
2183 926 2252 980 ab
2318 927 2487 981 altera
2552 926 2713 980 ullam
2778 926 3096 979 invenerunt
3158 924 3411 991 veniam,
3466 925 3561 979 sed

1963 1034 2073 1088 pne
2116 1021 2201 1086 iis,
2246 1022 2334 1090 qui
2381 1029 2526 1075 recte
2570 1035 2629 1075 se
2662 1028 2967 1089 gesserunt,
3011 1028 3068 1073 et
3105 1017 3189 1072 ha:
3234 1026 3289 1097 et
3326 1018 3399 1072 illi
3422 1031 3556 1071 con-

1961 1111 2197 1167 demnati
2223 1124 2276 1167 et
2305 1114 2474 1183 puniti
2501 1121 2647 1172 sunt.
2684 1112 2766 1166 Ab
2805 1112 2905 1167 hac
2933 1112 3091 1181 igitur
3122 1108 3307 1180 frigida
3336 1124 3560 1164 excusa-

1963 1196 2109 1257 tione
2130 1204 2360 1265 liberati.
2386 1220 2453 1259 ne
2480 1205 2659 1273 lapsos
2681 1203 3057 1272 respiciamus,
3090 1200 3186 1255 sed
3214 1210 3358 1255 recte
3385 1216 3443 1253 se
3464 1214 3559 1269 ge-

1964 1303 2168 1361 rentes,
2202 1304 2252 1349 et
2284 1295 2591 1349 Studeamus
2632 1292 2911 1364 praesentis
2936 1292 3123 1363 jejunii
3151 1301 3558 1344 monumentum

1960 1385 2181 1440 referre.
2227 1386 2293 1439 Et
2330 1387 2468 1440 sicut
2512 1398 2886 1454 saepenumero
2926 1386 3307 1437 vestimentum
3354 1380 3556 1450 adepti,

1960 1477 2044 1530 vel
2088 1491 2323 1542 servum,
2365 1477 2449 1532 vel
2479 1491 2573 1531 vas
2604 1476 2919 1545 pretiosum,
2959 1474 3215 1541 temporis
3258 1472 3557 1526 reminisci-

1959 1582 2111 1633 mur,
2142 1578 2196 1622 et
2225 1577 2409 1622 mutuo
2439 1568 2705 1622 dicimus:
2745 1566 2971 1621 Servum
3014 1563 3165 1618 illum
3215 1562 3307 1616 tali
3353 1562 3554 1643 solem-

1960 1662 2123 1715 nitate
2140 1662 2266 1725 emi,
2292 1663 2667 1716 vestimentum
2701 1659 2803 1715 hoc
2829 1661 2915 1713 tali
2942 1656 3251 1725 comparavi
3273 1665 3514 1723 tempore
3539 1672 3552 1706 :
3584 1704 3587 1707 λ

1958 1748 2029 1803 ita
2058 1766 2269 1821 quoque
2306 1753 2347 1806 si
2389 1752 2560 1823 legem
2615 1753 2751 1805 hanc
2794 1750 3226 1819 impleverimus,
3272 1747 3551 1802 dicemus:

1957 1840 2327 1896 Juramentum
2384 1843 2483 1896 hac
2526 1843 2738 1897 correxi
2788 1841 3242 1910 Quadragesima;
3290 1837 3553 1892 hactenus

1956 1933 2097 1987 enim
2136 1933 2402 2001 jurabam,
2433 1941 2489 1987 et
2525 1934 2637 1987 sola
2676 1932 3041 1987 admonitione
3080 1928 3297 1992 audita,
3336 1939 3556 1997 peccato

1957 2026 2206 2079 abstinui.
2234 2025 2339 2079 Sed
2393 2040 2476 2079 res
2521 2035 2603 2078 est
2642 2031 2886 2078 correetu
2929 2020 3162 2075 difficilis
3196 2018 3548 2074 consuetudo.

1956 2119 2087 2174 Novi
2107 2130 2162 2175 et
2186 2135 2306 2189 ego,
2336 2127 2389 2174 et
2416 2127 2695 2188 propterea
2725 2116 2920 2171 festino
2948 2130 3043 2169 vos
3074 2114 3303 2167 inaliam
3327 2125 3554 2165 consue-

1914 2258 1915 2261 η
1957 2210 2192 2265 tudinem
2212 2210 2415 2264 bonam
2446 2220 2502 2264 et
2541 2210 2746 2264 lucrum
2784 2208 3068 2263 habentem
3109 2204 3385 2259 inducere.
3413 2202 3549 2257 Cum

1954 2302 2099 2357 enim
2163 2302 2403 2367 dixeris,
2475 2301 2695 2356 difficile
2752 2316 2783 2354 a
2849 2296 3241 2355 consuetudine
3310 2293 3543 2354 desisto,

1954 2393 2561 2463 proptereadesistere
2627 2393 2845 2458 labora,
2897 2398 3047 2445 certo
3108 2389 3324 2453 sciens,
3404 2384 3548 2455 quod

1953 2484 1997 2538 si
2045 2484 2138 2538 tibi
2180 2483 2337 2538 aliam
2392 2499 2499 2538 non
2561 2481 2778 2552 jurandi
2839 2479 3285 2535 consuetudinem
3340 2476 3550 2530 indixe-

1952 2573 2063 2640 ris,
2115 2572 2315 2628 nullius
2360 2573 2560 2628 laboris
2602 2571 2834 2642 amplius
2887 2570 3169 2640 indigebis.
3222 2567 3359 2636 Quid
3405 2566 3549 2622 difli-

1951 2666 2129 2731 cilius,
2168 2680 2273 2719 non
2300 2665 2503 2735 jnrare,
2536 2680 2602 2718 an
2632 2680 2728 2734 per
2767 2675 2935 2718 totum
2963 2663 3105 2717 diem
3156 2662 3389 2716 inediam
3440 2660 3550 2730 pati

1952 2764 2006 2809 et
2032 2770 2183 2825 aqua:
2226 2765 2351 2825 potu
2378 2764 2433 2810 et
2467 2756 2611 2810 tenui
2650 2756 2789 2809 victu
2832 2752 3060 2809 siccari?
3084 2751 3304 2808 Certum
3328 2760 3411 2805 est
3446 2750 3550 2805 hoc

1951 2845 2044 2899 illo
2071 2846 2284 2915 gravius
2310 2861 2465 2912 esse;
2494 2846 2587 2902 sed
2624 2855 2801 2901 tamen
2841 2844 3172 2900 consuetudo
3215 2859 3302 2899 res
3332 2852 3415 2899 est
3442 2852 3549 2898 tam

1950 2934 2121 2991 facilis
2150 2946 2203 2991 et
2230 2937 2495 3005 expedita,
2525 2948 2583 2993 ut
2611 2937 2931 2992 adveniente
2952 2937 3191 3006 jejunio,
3224 2937 3324 2993 etsi
3356 2937 3551 2991 millies

1951 3026 2070 3094 quis
2095 3026 2441 3093 exhortetnr,
2482 3036 2537 3083 et
2569 3036 2725 3097 cogat
2766 3027 2946 3080 vinum
2988 3025 3251 3093 delibare,
3284 3026 3369 3082 vel
3404 3012 3550 3079 aliud

1950 3114 2075 3186 quid
2097 3115 2286 3185 jejunii
2317 3113 2433 3186 lege
2461 3132 2566 3172 non
2595 3130 2909 3172 concessum
2935 3126 3173 3186 gustare,
3216 3115 3395 3170 omnia
3432 3130 3552 3184 quis

1949 3206 2135 3261 mallet
2162 3206 2291 3275 pati,
2323 3220 2481 3279 quam
2512 3206 2836 3276 prohibitum
2863 3220 3076 3260 sumere
3118 3206 3507 3260 nutrimentum
3535 3221 3549 3257 :

1950 3306 2006 3352 et
2041 3297 2146 3351 hoc
2168 3312 2289 3352 cum
2312 3312 2419 3353 non
2449 3298 2717 3351 illibenter
2738 3311 2863 3368 erga
2885 3312 3127 3352 mensam
3157 3296 3335 3351 allecti
3358 3295 3550 3359 simus,
3622 3286 3631 3295 “

1951 3397 2128 3444 tamen
2162 3398 2382 3459 prepter
2423 3388 2867 3444 consuetudinem
2910 3403 2975 3444 ex
3002 3389 3328 3443 conscientia
3368 3387 3551 3441 omnia

1950 3479 2459 3550 generoseferimus
2481 3479 2791 3535 laborando.
2837 3479 2947 3534 Hoc
2968 3479 3217 3533 nimirum
3235 3488 3290 3534 et
3322 3478 3374 3533 in
3400 3477 3552 3548 jura-

1951 3571 2148 3627 mentis
2175 3572 2316 3625 erit:
2346 3580 2403 3626 et
2437 3571 2578 3627 sicut
2606 3587 2783 3639 nunc,
2815 3570 2862 3626 si
2896 3572 3017 3641 quis
3058 3572 3219 3625 etiam
3264 3570 3552 3625 maximam

1951 3663 2328 3719 necessitatem
2354 3664 2631 3735 imponat,
2656 3678 2939 3734 permancs
2972 3662 3413 3718 consuetudinem
3438 3677 3555 3717 ser-

1950 3767 2083 3809 vans
2121 3770 2137 3807 :
2165 3754 2245 3810 sic
2283 3762 2339 3810 et
2364 3764 2514 3822 tunc,
2546 3756 2592 3811 si
2629 3756 2751 3826 quis
2785 3756 2949 3810 etiam
2984 3753 3182 3809 millies
3217 3754 3552 3817 exbortetur,

1951 3860 1981 3901 a
2008 3844 2397 3902 consuetudine
2420 3861 2525 3902 non
2548 3846 2795 3901 absistes.

2030 3937 2083 3991 7.
2112 3936 2341 3993 Domum
2384 3937 2545 4010 igitur
2592 3936 2881 4007 profectus,
2915 3936 3166 3991 omnibus
3202 3935 3320 3992 hac
3364 3938 3552 3993 dome-

1952 4029 2103 4086 sticis
2126 4030 2347 4099 loquere
2377 4048 2391 4084 :
2421 4039 2478 4085 et
2506 4032 2643 4085 sicut
2668 4044 2814 4100 sa‘pe
2834 4029 2987 4083 multi
3015 4043 3086 4084 ex
3120 4037 3273 4099 prato
3299 4028 3557 4083 receden-

1953 4129 2059 4185 tes,
2090 4134 2266 4176 rosam
2298 4120 2385 4175 vel
2427 4120 2618 4174 violam
2662 4121 2745 4174 vel
2783 4121 3088 4189 quempiam
3135 4120 3319 4174 talium
3360 4120 3556 4175 ﬂorum

1954 4212 2194 4281 capiunt,
2221 4218 2277 4265 et
2302 4211 2485 4281 digitis
2512 4211 2951 4265 circumferentes
2978 4209 3239 4264 recedunt
3269 4228 3282 4264 :
3312 4210 3403 4264 alii
3430 4226 3555 4264 vero

1954 4318 2023 4357 ex
2045 4302 2297 4357 viridario
2318 4302 2537 4357 domum
2559 4302 2838 4367 abeuntes,
2863 4302 3116 4355 arborum
3139 4316 3320 4356 ramos
3350 4299 3556 4355 fructus

1957 4393 2217 4450 habentes
2267 4402 2546 4463 reportant
2592 4411 2605 4447 :
2660 4393 2748 4446 alii
2808 4407 3019 4447 rursum
3071 4408 3101 4446 a
3156 4392 3317 4447 lautis
3362 4394 3554 4457 C(Bttis,

1956 4500 2157 4539 mensa:
2185 4484 2439 4555 reliquias
2461 4484 2778 4539 necessariis
2808 4484 2919 4537 suis
2949 4481 3225 4537 referunt:
3259 4482 3336 4538 sic
3373 4483 3559 4552 utique

1956 4587 2012 4633 et
2053 4586 2110 4631 tu
2152 4576 2280 4632 hinc
2332 4576 2612 4639 recedens,
2655 4574 3077 4629 adinonitimiem
3127 4582 3342 4645 reporta
3398 4574 3557 4637 filiis,

1959 4670 2133 4735 uxori,
2166 4669 2490 4726 necessariis
2515 4667 2784 4723 omnibus.
2820 4667 2947 4721 Htec
2981 4668 3125 4722 enim
3156 4665 3471 4729 admonitio,
3506 4675 3560 4720 et

1958 4770 2132 4833 prato,
2158 4770 2215 4817 et
2251 4761 2530 4828 viridario,
2577 4770 2632 4815 et
2662 4775 2847 4815 mensa
2886 4760 3070 4815 utilior
3114 4768 3234 4815 est:
3278 4760 3361 4814 ba:
3398 4776 3557 4814 num-

1957 4870 2119 4925 quam
2137 4869 2277 4910 rosze
2295 4863 2654 4920 marcescunt,
2685 4853 2738 4909 hi
2759 4868 3048 4923 numquam
3068 4852 3311 4908 deﬂuunt
3332 4851 3559 4919 fructus,

1958 4945 2077 5001 hcce
2100 4959 2388 5015 numquam
2416 4944 2614 5000 fercula
2645 4952 3062 5013 corrumpuntur
3086 4960 3099 4996 :
3127 4952 3183 4998 et
3204 4958 3279 4998 ex
3309 4943 3414 4997 illis
3443 4944 3564 5012 qui-

1959 5037 2081 5092 dem
2113 5036 2423 5107 temporalis
2459 5036 2766 5098 delectatio,
2792 5050 2857 5090 ex
2900 5034 2984 5089 bis
3008 5048 3137 5090 vero
3165 5034 3419 5089 continua
3448 5034 3560 5088 uti-

1959 5126 2112 5193 litas,
2153 5141 2262 5181 non
2300 5134 2503 5180 tantum
2542 5135 2821 5195 postquam
2866 5124 3155 5193 adimpleta
3199 5123 3420 5191 fuerint,
3465 5125 3595 5179 sed

1959 5220 2123 5274 etiam
2149 5218 2274 5274 dum
2312 5218 2688 5287 adimplentur.
2720 5215 2903 5287 Cogita
2943 5218 3089 5272 enim
3131 5218 3289 5287 quale
3328 5226 3432 5283 est,
3470 5232 3560 5270 re-

1963 5309 2122 5380 liquis
2142 5309 2391 5364 omnibus
2417 5308 2631 5363 omissis
2658 5308 2884 5378 publicis
2906 5317 2961 5363 et
2987 5308 3231 5378 privatis.
3265 5307 3334 5363 de
3361 5306 3560 5361 divinis

1961 5415 2176 5470 semper
2204 5400 2409 5472 legibus
2446 5400 2744 5467 disserere,
2772 5409 2827 5455 et
2855 5400 2920 5455 ad
2949 5414 3212 5466 mensam,
3246 5411 3299 5455 et
3333 5399 3386 5454 in
3420 5399 3557 5467 foro,

1958 5504 2013 5550 et
2052 5495 2106 5549 in
2131 5494 2253 5550 aliis
2291 5494 2699 5550 conventiculis.
2728 5493 2784 5549 Si
2815 5494 2899 5548 his
2936 5501 3214 5556 vacemus.
3245 5492 3378 5548 nihil
3403 5492 3555 5547 dico-

1955 5603 2077 5643 mus
2102 5588 2489 5667 periculqwm,
2520 5587 2653 5643 nihil
2688 5588 2929 5653 noxium,
2962 5602 3064 5643 nec
3109 5586 3261 5641 inviti
3304 5582 3557 5658 peccabi-

1955 5693 2111 5745 mus;
2139 5680 2237 5735 sed
2262 5688 2317 5735 et
2340 5679 2655 5735 imminente
2679 5678 2888 5734 tristitia
2909 5677 3347 5733 sermocinationi
3377 5675 3446 5730 de
3467 5672 3552 5729 his

1957 5778 2230 5840 vacantes,
2253 5771 2487 5828 animam
2515 5771 2744 5828 liberare
2764 5771 3082 5841 poterimus,
3104 5769 3268 5823 missa
3288 5782 3417 5824 cura
3443 5765 3557 5831 illa,
