4196 6316
544 332 604 385 iii
1273 329 1331 383 8.
1373 327 1654 385 JO.\N.\'lS
1692 323 2173 387 CIIBYSOSTOMI
2210 317 2529 382 ARCIIIEP.
2555 321 3101 384 CONS'I'ANTINOI’.
3798 331 3869 387 93

549 458 654 512 qua
698 440 913 497 solliciti
960 448 1145 495 mutuo
1195 432 1641 497 sciscitabamur:
1684 438 1953 510 Numquid
2001 445 2150 509 gesta

553 532 848 602 Imperator
876 530 1117 585 audivit?
1146 546 1213 584 an
1257 531 1497 587 irritatus
1531 531 1660 586 est?
1690 530 1815 601 quid
1861 543 1991 584 vero
2025 542 2152 583 sen-

554 624 734 680 tentia:
780 623 1184 693 pronuntiavit?
1232 623 1490 694 numquid
1535 624 1709 695 ipsum
1755 622 2018 694 quispiam
2062 636 2157 675 ex-

555 714 764 770 oravit?
780 714 1036 785 numquid
1063 729 1192 770 vero
1216 714 1348 769 feret
1373 714 1487 784 ipse
1514 724 1621 769 tam
1643 729 1888 786 magnam
1911 721 1966 769 et
1991 727 2156 782 popu-

558 808 728 862 losam
768 805 1008 862 funditus
1048 806 1317 861 civitatem
1365 805 1628 876 perdere?
1668 805 1793 861 llmc
1838 803 2054 875 quidem
2103 812 2159 858 et

545 897 729 953 omnia
761 898 885 952 talia
918 898 981 951 iu'
993 898 1161 953 Deum
1186 898 1556 968 projicientes,
1584 896 1753 969 ipsius
1771 904 1977 951 tantum
2001 909 2155 950 man-

547 989 667 1044 data
681 1004 932 1046 curemus
953 1007 966 1043 :
992 991 1070 1045 sic
1087 990 1229 1045 enim
1255 999 1315 1046 et
1328 990 1416 1045 illa
1429 991 1608 1046 omnia
1625 990 1983 1045 dissolvemus
2003 1004 2018 1053 ;
2039 996 2094 1043 et
2113 987 2158 1043 si

547 1084 632 1140 vel
650 1083 834 1139 decem
849 1092 1053 1139 tantum
1071 1083 1123 1138 in
1142 1082 1293 1140 nobis
1310 1092 1457 1139 recte
1471 1083 1700 1153 egerint,
1716 1081 1864 1138 brevi
1880 1081 1954 1136 illi
1971 1079 2159 1135 decem

549 1174 735 1245 viginti
772 1173 932 1241 ﬂent;
961 1174 1144 1245 viginti
1176 1174 1559 1246 quinquaginta
1584 1173 2000 1244 ,quinquaginta
2032 1186 2162 1227 cen-

550 1273 685 1328 tum,
713 1272 926 1330 centum
948 1265 1116 1332 mille,
1149 1265 1296 1320 mille
1322 1273 1432 1321 tota
1467 1254 1937 1321 civitas.‘Et‘sicut
1972 1261 2159 1318 decem

547 1353 792 1409 accensis
836 1354 1069 1409 lucernis
1092 1369 1312 1410 onmem
1344 1354 1566 1411 domum
1603 1354 1808 1410 lumine
1842 1353 2001 1409 facile
2038 1352 2162 1424 quis

554 1444 783 1515 implere
826 1445 1024 1515 poterit
1063 1463 1077 1499 :
1120 1446 1200 1500 sic
1239 1455 1297 1501 et
1339 1446 1394 1501 in
1434 1445 1629 1501 ofﬁciis
1668 1444 2067 1516 spirituahbus,
2114 1443 2160 1498 si

555 1533 741 1590 decem
769 1535 871 1591 soli
891 1544 1046 1591 recte
1075 1535 1320 1607 egerint,
1347 1550 1532 1606 pyram
1562 1550 1659 1606 per
1690 1544 1855 1591 totam
1886 1537 2158 1590 civitatem

554 1623 905 1681 incendemus
926 1626 1213 1682 habentem
1238 1626 1440 1691 lumen,
1460 1636 1515 1682 et
1535 1628 1876 1682 securitatem
1902 1626 2058 1683 nobis
2077 1624 2161 1680 al“-

552 1713 839 1771 ferentem.
864 1714 981 1771 Non
1011 1718 1156 1772 enim
1188 1718 1268 1772 sic
1298 1717 1529 1773 ﬂamma:
1566 1726 1756 1773 natura
1786 1718 1839 1773 in
1878 1720 2161 1774 materiam

557 1809 776 1881 delapsa
815 1811 989 1871 vicina
1030 1828 1245 1884 semper
1284 1814 1427 1885 ligna
1472 1816 1733 1883 incendit,
1770 1817 1910 1872 sicut
1950 1817 2163 1872 virtutis

553 1901 705 1958 zelus
744 1903 799 1958 in
828 1917 1025 1974 paucas
1066 1905 1528 1975 lapsusanimas,
1573 1908 1775 1963 sensim
1818 1907 2162 1979 procedendo

553 2007 769 2049 omnem
804 1994 1031 2065 implere
1072 1996 1343 2053 civitatem
1377 1998 1597 2067 poterit.
1641 1998 1771 2055 Date
1817 1999 1999 2069 itaque
2030 2000 2160 2055 mihi

551 2094 610 2139 ιιι
645 2082 713 2138 de
749 2084 908 2139 vobis
932 2085 1168 2155 glorier,
1195 2097 1248 2143 et
1281 2088 1333 2143 in
1364 2091 1616 2159 praesenti
1644 2091 1775 2157 vita,
1805 2099 1861 2145 et
1889 2091 1944 2145 in
1973 2090 2163 2146 futuro

551 2172 661 2236 die,
688 2188 798 2244 quo
828 2175 1031 2231 talenta
1055 2176 1314 2234 habentes
1338 2178 1541 2236 credita
1571 2180 1982 2237 introducentur
2004 2199 2018 2237 :
2043 2182 2159 2238 sui-

554 2263 741 2318 licicns
768 2264 897 2319 mihi
924 2266 1171 2322 laborum
1203 2283 1411 2326 merces
1428 2278 1605 2327 vestra
1633 2273 1873 2339 claritas,
1902 2284 1956 2329 et
1987 2274 2031 2329 si
2058 2289 2155 2328 vos

563 2372 687 2413 cum
725 2359 921 2429 pietate
962 2362 1205 2417 viventes
1250 2364 1467 2431 videro,
1517 2373 1687 2420 totum
1728 2366 1929 2435 recepi.
1975 2366 2157 2422 Facite

554 2467 3527 2493 .—__—_________..___________________________

552 2563 723 2617 QUOD
754 2566 1092 2611 TRISTITIE
1134 2570 1458 2614 AFFECTUS
1499 2571 1763 2614 TANTUM
1798 2573 1884 2615 ΔΙ)
1926 2572 2191 2616 PECCATI
2237 2573 2771 2618 DESTRUCTIONEM
2816 2575 2919 2617 SIT
2962 2575 3168 2619 UTILIS

2262 437 2423 508 igitur
2445 436 2592 509 quod
2616 445 2671 493 et
2698 436 2814 492 heri
2840 437 3133 509 admonui,
3162 447 3219 495 et
3240 436 3404 495 hodie
3428 435 3626 505 dicam,
3657 453 3759 496 nec
3786 441 3874 495 di-

2259 541 2389 583 cens
2410 528 2683 598 quiescam
2715 545 2729 582 :
2755 537 2943 583 contra
2966 529 3209 599 iurantes
3232 528 3489 585 mulctam
3515 528 3870 597 deﬁnientes,

2260 620 2517 674 mulctam
2546 620 2773 683 lucrum,
2810 635 2916 675 non
2946 622 3201 676 damnum
3236 620 3564 678 habentem:
3596 637 3871 693 praepara-

2261 710 2392 764 mini
2418 709 2529 780 jam
2569 718 2840 781 tamquam
2877 712 3033 767 nobis
3061 711 3335 781 profectus
3371 712 3746 783 probationem
3776 713 3874 768 da-

2262 801 2388 857 turi.
2418 800 2668 856 Conabor
2692 802 2891 857 etenim
2919 802 3060 873 apud
3087 819 3356 873 quemque
3383 814 3622 859 vestrum
3652 805 3873 876 longum

2262 893 2579 962 protrahere
2618 907 2923 948 sermonem
2964 892 3188 949 dimissa
3233 893 3337 951 hac
3379 896 3676 964 concione,
3726 906 3785 951 ut
3820 897 3873 949 in

2263 984 2552 1038 verborum
2600 982 2932 1054 longitudine
2970 984 3289 1041 emendatos
3329 986 3602 1042 inveniam
3627 989 3686 1041 ις
3731 996 3788 1043 et
3828 988 3873 1043 si

2262 1089 2420 1144 quem
2443 1074 2718 1145 jurantem
2746 1074 2955 1141 videro,
2980 1076 3235 1133 omnibus
3256 1077 3559 1133 emendatis
3581 1079 3757 1148 ipsum
3779 1078 3876 1133 de-

2264 1166 2487 1231 clarem,
2519 1175 2577 1221 ut
2604 1167 2967 1237 increpantes,
2996 1177 3305 1239 arguentes,
3331 1170 3691 1241 corrigentes,
3723 1172 3873 1225 brevi

2266 1256 2441 1326 ipsum
2460 1258 2598 1312 mala
2623 1257 2918 1313 liberemus
2937 1260 3348 1316 consuetudine.
3370 1261 3561 1317 Melius
3574 1270 3659 1317 est
3672 1263 3874 1317 etenim

2265 1346 2354 1411 hic
2381 1347 2767 1416 exprobratum
2797 1349 3018 1420 corrigi,
3051 1364 3211 1420 quam
3248 1349 3340 1406 die
3369 1351 3457 1406 illa
3499 1352 3710 1422 palam,
3734 1368 3877 1423 prae-

2265 1451 2420 1496 sente
2460 1450 2573 1496 toto
2617 1441 2849 1509 mundo,
2894 1443 3155 1497 confundi
3184 1454 3348 1514 atque
3392 1446 3594 1515 puniri,
3637 1446 3877 1515 peccatis

2266 1531 2470 1587 nostris
2499 1532 2602 1587 sub
2628 1532 2868 1587 omnium
2913 1544 3134 1603 aspectu
3166 1535 3442 1590 revelatis.
3474 1535 3580 1591 Sed
3612 1535 3789 1601 absit,
3819 1547 3879 1590 ut

2264 1626 2549 1695 quisquam
2580 1641 2647 1680 ex
2677 1625 2778 1681 hac
2827 1624 3055 1682 honesta
3084 1629 3347 1683 concione
3377 1628 3501 1682 talia
3529 1628 3735 1697 patiens
3765 1629 3876 1683 illic

2267 1725 2542 1786 appareat,
2573 1732 2759 1771 verum
2783 1726 3093 1772 sanctorum
3122 1728 3335 1789 patrum
3368 1719 3618 1788 precibus
3648 1730 3872 1789 peccata

2267 1809 2604 1879 corrigentes
2644 1810 2856 1874 omnia,
2888 1811 3222 1879 multumque
3254 1812 3471 1865 virtutis
3510 1810 3741 1866 fructum
3782 1826 3880 1866 ex-

2267 1898 2535 1965 hibentes,
2562 1913 2684 1953 cum
2710 1900 2877 1954 multa
2906 1900 3030 1956 hinc
3059 1900 3251 1955 ﬁducia
3278 1903 3592 1972 migremus,
3621 1900 3793 1972 gratia
3819 1909 3876 1957 et

2263 2000 2320 2047 et
2346 1992 2677 2064 benignitate
2709 1992 2919 2047 Domini
2960 1994 3131 2049 nostri
3162 1994 3290 2049 Iesu
3316 1994 3557 2063 Christi,
3588 2012 3684 2066 per
3712 2010 3877 2065 quem

2264 2092 2469 2140 etcum
2496 2100 2605 2156 quo
2650 2084 2791 2140 Patri
2831 2086 3001 2157 gloria
3028 2102 3134 2142 uua
3170 2103 3294 2143 cum
3340 2097 3529 2144 sancto
3570 2088 3777 2160 Spiritu
3818 2088 3876 2144 in

2269 2177 2464 2241 saecula
2489 2177 2833 2233 sat-culorum.
2868 2179 3059 2235 Amen.

2335 2334 2351 2364 ι
2387 2330 2529 2383 savii.
2554 2331 2707 2393 addit,
2729 2339 2774 2384 et
2798 2345 2891 2383 non
2912 2336 3212 2386 cataractas.

3529 2479 3865 2495 -ῌ

3215 2577 3230 2617 :
3280 2576 3362 2619 m-
3406 2575 3610 2619 sursn
3655 2577 3875 2635 ILLUD,

632 2663 699 2707 IN
740 2664 1060 2710 PRINCIPIO
1104 2667 1291 2711 FECIT
1333 2669 1495 2713 DEUS
1536 2670 1767 2715 CELUH
1811 2671 1893 2714 ET
1936 2672 2223 2730 TERIIAM,
2305 2673 2387 2715 ET
2454 2673 2627 2725 QUOD
2692 2674 2953 2718 ΜΔΧΙΜΔ
3025 2675 3523 2722 CONSOLATIONIS
3584 2678 3878 2724 ΠΔΤΕΒῙΑ

631 2764 1006 2812 CREATIONIS
1053 2770 1415 2815 APPAMTUS
1460 2775 1476 2813 ἶ
1526 2774 1608 2816 ΕΤ
1643 2774 1851 2819 SUPER
1881 2775 2095 2831 ILLUD,
2143 2789 2156 2819 λ

2264 2776 2346 2827 .M,
2396 2774 2501 2818 um
2547 2760 2663 2820 ns?
2704 2776 2785 2819 ET
2826 2776 2910 2818 Ds
2956 2776 3081 2820 non
3124 2777 3419 2823 acuum
3464 2764 3505 2797 “

2113 2896 2377 2953 ωδ

1171 3046 1390 3087 IIOIIIJA
1429 3048 1520 3087 VII.

544 3212 551 3215 '
626 3206 676 3259 Ι.
716 3204 877 3259 Multa
917 3205 1133 3276 quidem
1170 3215 1225 3264 et
1264 3206 1332 3262 de
1374 3208 1559 3264 multis
1590 3208 1705 3265 heri
1736 3210 1876 3280 apud
1917 3222 2152 3267 vestram

552 3292 781 3351 disserui
823 3297 1275 3353 charitatem:de
1295 3298 1476 3353 multis
1520 3314 1650 3355 vero
1689 3300 1735 3355 si
1779 3303 1957 3356 omnia
2002 3302 2156 3357 vobis

560 3383 794 3440 retinere
833 3386 975 3441 naud
1014 3397 1098 3443 est
1137 3387 1320 3455 facile,
1356 3388 1486 3445 illud
1520 3390 1759 3445 omnium
1798 3392 2155 3449 maxime'vos

552 3473 863 3529 meminisse
908 3491 1039 3547 rogo
1060 3517 1079 3543 ,
1107 3478 1248 3546 quod
1288 3480 1555 3535 tristitiam
1600 3481 1753 3536 nobis
1784 3482 1923 3537 Deus
1951 3498 2055 3537 non
2086 3478 2156 3538 ob

552 3564 696 3621 aliud
724 3565 972 3623 indiderit
993 3608 1008 3635 ,
1035 3568 1138 3624 nisi
1166 3580 1386 3640 propter
1411 3572 1586 3626 solum
1620 3583 1893 3643 peccatum
1919 3615 1934 3637 ,
1964 3585 2018 3629 et
2048 3574 2151 3630 hoc

560 3669 659 3725 per
684 3656 852 3727 ipsam
884 3674 1062 3739 rerum
1090 3661 1478 3730 experientiam
1507 3662 1947 3719 manifestaverit.
1974 3663 2032 3719 in
2060 3681 2155 3735 pe-

555 3747 832 3802 cuniarum
859 3750 1005 3803 enim
1038 3749 1234 3805 mulcta
1260 3792 1275 3817 ,
1313 3760 1367 3807 et
1395 3763 1569 3807 morte
1588 3794 1604 3819 ,
1635 3763 1689 3809 et
1713 3755 2029 3824 aegritudine
2054 3797 2068 3822 ,
2102 3766 2157 3811 et

558 3837 679 3892 aliis
706 3838 858 3893 nobis
888 3839 1255 3909 ingruentibus
1282 3842 1543 3898 molestiis
1568 3843 1816 3900 dolentes
1843 3854 1897 3900 et
1922 3861 2159 3902 niteren-

556 3936 659 3997 tes,
677 3944 781 3985 non
803 3938 1007 3985 tantum
1026 3932 1223 3987 nullam
1241 3932 1663 3990 consolationem
1681 3937 1920 4006 capimus
1936 3978 1951 4003 ,
1969 3953 2154 3993 verum

556 4028 609 4073 et
637 4020 911 4076 molestias
937 4036 1226 4092 augemus;
1265 4024 1319 4078 in
1354 4025 1595 4095 peccatis
1634 4041 1763 4082 vero
1794 4027 1840 4082 si
1879 4027 2156 4085 doleamus

554 4120 613 4167 et
647 4114 1058 4181 contristemur,
1078 4116 1285 4185 peccati
1316 4118 1733 4187 magnitudinem
1765 4120 2075 4185 minuimus.
2104 4133 2156 4178 et

556 4202 698 4272 quod
726 4213 844 4259 erat
871 4220 1118 4275 magnum
1140 4248 1157 4272 ,
1190 4206 1464 4263 reddimus
1489 4224 1747 4279 parvum;
1779 4225 1921 4280 saepe
1952 4227 2079 4267 vero
2102 4222 2158 4269 et

553 4294 791 4351 funditus
808 4299 982 4367 ipsum
1003 4308 1169 4353 totum
1193 4300 1453 4355 delemus.
1475 4300 1588 4355 lloc
1609 4301 1738 4356 mihi
1757 4302 1969 4359 assidue
1984 4320 2157 4362 recor-

552 4387 770 4453 damini,
791 4399 848 4444 ut
866 4390 937 4445 ob
954 4400 1230 4461 peccatum
1257 4402 1459 4447 tantum
1483 4392 1730 4461 deleatis,
1751 4394 1950 4449 nullam
1976 4406 2154 4451 autem

552 4477 623 4531 ob
652 4492 764 4533 rem
791 4490 1047 4550 praeterea
1076 4490 1165 4536 :et
1202 4493 1399 4552 praner
1434 4484 1536 4539 hoc
1572 4484 1699 4539 illud
1735 4501 1948 4556 quoque
1972 4526 1987 4552 ,
2013 4488 2155 4557 quod

554 4579 781 4625 mortem
824 4579 879 4625 et
908 4572 1177 4627 tristitiam
1214 4574 1267 4629 in
1300 4574 1459 4629 vitam
1495 4584 1731 4629 nostram
1754 4554 2047 4645 peccatum
2068 4554 2155 4633 in-

554 4659 734 4717 ferens
758 4703 773 4728 ,
816 4661 885 4716 ab
924 4661 1009 4717 his
1048 4664 1309 4720 ambobus
1352 4666 1584 4721 vicissim
1628 4666 1926 4722 destruitur
1964 4687 1978 4722 :
2013 4669 2156 4740 quod

553 4752 765 4819 quidem
798 4754 971 4823 ipsum
1006 4755 1341 4811 manifestius
1370 4767 1423 4812 et
1451 4768 1605 4814 antea
1644 4760 2151 4819 demonstravimus.

558 4843 701 4899 Nihil
729 4846 888 4915 igitur
917 4847 996 4901 sic
1024 4848 1327 4915 timeamus,
1360 4858 1417 4903 ut
1445 4862 1717 4919 peccatum
1749 4862 1803 4907 et
1822 4855 2154 4921 -pr.evarica-

561 4935 785 4990 tionem.
818 4936 896 4991 Ne
924 4939 1206 4993 timeamus
1231 4955 1464 5009 pmnam,
1487 4950 1542 4996 et
1562 4958 1776 5012 pmnam
1798 4944 2113 5016 ell‘ugiemus
2139 4965 2152 5001 :

555 5028 693 5084 sicut
713 5037 767 5083 et
790 5038 899 5085 tres
920 5031 992 5085 illi
1015 5033 1161 5101 pueri
1181 5048 1286 5088 non
1308 5033 1597 5089 timuerunt
1613 5036 1965 5104 fornacem,et
1981 5024 2159 5093 forna-

555 5134 672 5173 cem
706 5119 1006 5191 eﬂ‘ugerunt
1034 5140 1046 5176 :
1078 5125 1211 5179 tales
1236 5141 1356 5182 esse
1380 5128 1536 5182 decet
1559 5127 1650 5182 Dei
1676 5143 1881 5185 servos.
1932 5131 1987 5187 Si
2011 5132 2154 5187 enim

556 5222 615 5265 tn
642 5215 811 5269 veteri
841 5214 1184 5273 Testamento
1213 5218 1422 5276 educati
1446 5260 1463 5289 ,
1503 5220 1715 5292 quando
1744 5221 1979 5278 nondum
2007 5239 2155 5281 mors

623 5372 639 5401 '
675 5371 883 5443 Titulus:
899 5376 971 5425 sic
993 5374 1205 5443 eﬂ'erunt
1221 5385 1325 5443 Sav.
1348 5386 1401 5430 et
1416 5379 1513 5430 duo
1531 5379 1756 5431 codices:
1780 5380 2007 5442 Ejusdem
2026 5394 2158 5431 com-

560 5438 841 5505 memoratio
864 5450 1030 5487 rerum
1059 5438 1170 5501 jam
1191 5443 1268 5505 _ab
1289 5441 1395 5505 ipso
1415 5449 1558 5493 antea
1597 5438 1840 5493 dictarunt
1862 5455 2156 5505 consequen-

564 5498 636 5567 ter
665 5498 833 5567 {quod
856 5498 1108 5567 peccatum
1128 5498 1579 5567 return,'po,stquam
1618 5512 1821 5554 mortem
1842 5510 1888 5554 et
1910 5498 2158 5556 tristitiam

569 5566 622 5629 tn
646 5561 798 5629 vitam
812 5561 1104 5629 introduxit,
1133 5576 1221 5629 per
1243 5561 1357 5629 illa;
1377 5561 1509 5629 ipsa:
1532 5579 1703 5616 rursus
1723 5567 1984 5629 aufertur;
2007 5574 2053 5617 et
2074 5582 2158 5618 su-

563 5628 651 5691 ger
674 5618 798 5669 illud
826 5633 844 5671 :
876 5639 899 5668 ι
924 5630 983 5691 In_
1003 5618 1242 5691 principio
1263 5626 1378 5689 fecit
1396 5618 1619 5691 'Deus....
1657 5618 1875 5691 terrain;
1896 5644 1917 5673 ι
1952 5618 2007 5691 et
2028 5634 2156 5691 quod

568 5684 712 5757 9.392
752 5684 1014 5757 Τίονυηοάά
1035 5684 1360 5757 honoriﬁce
1380 5700 1466 5740 ηοε
1489 5696 1537 5742 ει
1560 5684 1865 5757 δωρείαςίεηέ
2069 5690 2157 5743 sed

565 5745 710 5855 ειηῗέ
734 5746 1008 5813 castigans,
1046 5761 1183 5813 teque
1204 5745 1279 5805 sit
1314 5749 1462 5804 bona:
1478 5765 1499 5817 ;
1531 5758 1579 5805 et
1609 5745 1688 5809 ἄρ’
1706 5751 1994 5807 abstinentia
2011 5745 2157 5817 jura-

2268 3046 2383 3094 erat
2406 3038 2744 3106 mortiﬁcata,
2761 3053 2859 3095 nec
2878 3053 3034 3095 :ercze
3056 3047 3224 3109 porta:
3245 3039 3555 3105 conl’ractaz,
3574 3053 3674 3094 nec
3694 3049 3878 3095 vectes

2267 3126 2428 3183 ferrei
2455 3130 2706 3195 contriti,
2741 3140 2848 3185 tam
2878 3144 3195 3202 generosam
3226 3140 3412 3187 contra
3444 3140 3673 3186 mortem
3702 3132 3876 3187 auda-

2264 3220 2403 3274 ciam
2434 3236 2546 3291 pra:
2573 3238 2633 3278 se
2662 3222 2831 3278 tulere
2859 3239 2874 3277 :
2901 3237 3061 3290 quam
3097 3236 3195 3277 nos
3222 3222 3538 3277 habebimus
3565 3222 3875 3277 excusatio-

2264 3329 2387 3368 nem
2413 3356 2430 3381 ,
2462 3325 2553 3369 aut
2585 3331 2753 3386 quam
2798 3316 3008 3371 veniam
3037 3355 3052 3380 ,
3088 3324 3286 3370 tantam
3333 3315 3476 3369 nacti
3520 3314 3744 3386 gratiam
3769 3355 3785 3378 ,
3816 3324 3877 3371 et

2264 3421 2437 3476 neque
2467 3422 2623 3477 pares
2654 3407 2760 3463 illis
2785 3407 3003 3462 virtutis
3030 3406 3228 3477 gradus
3255 3420 3399 3462 nunc
3424 3407 3720 3477 assequuti,
3747 3422 3873 3462 cum

2265 3514 2413 3553 mors
2439 3516 2635 3555 nomen
2665 3500 2934 3555 solumsit
2960 3516 3018 3554 re
3044 3499 3359 3569 privatum?
3389 3498 3529 3552 Nihil
3558 3499 3702 3553 enim
3727 3498 3874 3554 aliud

2266 3606 2413 3648 mors
2436 3604 2543 3660 'est,
2574 3609 2734 3663 quam
2761 3608 3005 3659 somnus,
3032 3590 3087 3648 et
3112 3592 3377 3661 migratio,
3406 3602 3460 3648 et
3488 3593 3784 3658 translatio,
3816 3603 3877 3648 et

2266 3686 2509 3755 requies,
2537 3694 2591 3741 et
2623 3685 2943 3757 tranquillus
2969 3695 3175 3756 portus,
3206 3695 3261 3740 et
3290 3684 3705 3755 perturbationis
3732 3686 3874 3741 libe—

2266 3775 2403 3829 ratio
2428 3816 2443 3841 ,
2476 3786 2530 3830 et
2556 3791 2588 3830 a
2618 3777 2739 3831 vita:
2767 3775 2913 3831 curis
2940 3775 3334 3831 absolutio.Sed
3362 3775 3457 3831 hic
3482 3777 3872 3833 consolationis

2264 3881 2569 3923 sermonem
2617 3868 2888 3924 solvamus
2918 3888 2931 3923 :
2960 3868 3159 3924 etenim
3190 3868 3430 3938 quintam
3472 3868 3616 3924 diem
3660 3870 3874 3940 agimus

2263 3970 2499 4017 vestram
2528 3963 2869 4018 consolantes
2890 3961 3237 4028 ebaritatem,
3255 3973 3309 4019 et
3322 3962 3434 4032 jam
3475 3963 3687 4018 molesti
3717 3963 3873 4019 vide-

2264 4068 2403 4108 mur.
2434 4054 2667 4110 Attentis
2693 4055 2835 4109 enim
2867 4054 3007 4110 dicta
3033 4054 3305 4109 sul'llciunt
3330 4097 3344 4121 ,
3377 4055 3737 4126 pusillanimis
3767 4071 3875 4111 au-

2265 4154 2372 4199 tem
2396 4188 2410 4212 ,
2440 4146 2650 4201 etiamsi
2694 4146 2853 4201 dictis
2883 4145 3033 4216 plura
3082 4145 3344 4201 addamus
3371 4186 3387 4211 ,
3420 4134 3554 4200 nihil
3584 4144 3869 4217 profuerit.

2265 4233 2500 4306 Tempus
2520 4252 2650 4292 vero
2671 4237 2825 4291 nobis
2839 4237 2948 4305 jam
2966 4236 3033 4291 ad
3054 4236 3451 4305 Scripturarum
3475 4236 3871 4305 expositionem

2264 4338 2583 4384 convertere
2623 4327 2922 4383 doctrinam
2957 4345 2971 4381 :
3004 4325 3455 4397 quemadmodum
3487 4328 3631 4382 enim
3661 4328 3705 4383 si
3734 4328 3874 4384 nihil

2265 4418 2331 4473 de
2358 4418 2458 4473 hac
2484 4434 2722 4473 :erumna
2751 4418 2955 4492 loquuti
2984 4432 3247 4483 essemus,
3276 4417 3608 4473 crudelitatis
3633 4427 3688 4474 et
3714 4418 3871 4475 inhu-

2265 4512 2534 4566 manitatis
2561 4528 2659 4566 nos
2687 4512 2880 4582 aliquis
2904 4511 3318 4566 condemnasset
3344 4530 3357 4565 :
3382 4511 3460 4565 sic
3487 4512 3531 4566 si
3559 4527 3775 4583 semper
3799 4512 3873 4571 de

2266 4602 2378 4671 ipsa
2406 4602 2759 4668 disseramus,
2794 4603 3243 4671 pusillanimitatis
3265 4602 3386 4672 jure
3414 4618 3513 4657 nos
3540 4603 3871 4659 condemna-

2266 4703 2368 4747 ret.
2410 4692 2583 4748 Corda
2628 4694 2784 4765 igitur
2826 4703 3001 4749 vestra
3037 4694 3153 4749 Deo
3183 4694 3622 4750 commendantes
3646 4736 3660 4760 ,
3692 4697 3779 4766 qui
3812 4696 3860 4752 ir.

2266 4794 2446 4839 mente
2474 4794 2649 4840 vestra
2685 4786 2825 4856 loqui
2860 4796 3033 4856 potest
3057 4828 3071 4851 ,
3101 4794 3158 4841 et
3187 4800 3402 4842 omnem
3430 4802 3494 4840 ex
3530 4796 3748 4856 pectore
3776 4791 3869 4843 tri-

2266 4875 2462 4929 stitiam
2494 4877 2771 4946 expellere
2798 4920 2811 4943 ,
2844 4888 3157 4933 consuetam
3199 4877 3497 4933 doctrinam
3530 4895 3672 4934 nunc
3709 4881 3869 4934 attin-

2263 4980 2453 5036 gamus
2476 5009 2491 5032 ,
2536 4969 2769 5023 maxime
2805 4967 3019 5037 quando
3057 4968 3235 5023 omnis
3272 4968 3565 5038 Scriptura:
3600 4972 3872 5040 expositio

2265 5060 2567 5115 exhortatio
2594 5069 2676 5115 est
2705 5070 2760 5117 et
2788 5061 3103 5117 consolatio.
3140 5062 3321 5131 itaque
3355 5062 3455 5116 etsi
3481 5076 3512 5117 a
3536 5064 3871 5118 consolando

2264 5152 2528 5209 absistere
2556 5154 2833 5222 videmur,
2861 5170 3071 5209 rursum
3099 5168 3199 5225 per
3225 5154 3620 5224 Seripturarum
3648 5160 3870 5226 exposi-

2267 5245 2466 5301 tionem
2510 5247 2561 5299 in
2603 5246 2847 5301 eamdem
2885 5246 3165 5300 materiam
3205 5246 3505 5301 incidimus.
3540 5247 3694 5312 Quod
3722 5244 3869 5304 enim

2267 5348 2502 5395 mentem
2541 5340 2920 5395 adhibentibus
2964 5348 3072 5393 tota
3115 5339 3390 5408 Scriptura
3423 5340 3723 5395 consolatio
3752 5344 3823 5394 sit
3853 5383 3868 5405 ,

2262 5431 2373 5503 jam
2398 5449 2538 5487 nunc
2560 5431 2711 5487 vobis
2734 5433 2907 5503 palam
2932 5432 3139 5487 faciam.
3164 5431 3280 5487 Non
3304 5432 3445 5487 enim
3467 5431 3869 5499 Scripturarum

2268 5525 2549 5580 historiam
2578 5526 2918 5591 circumiens,
2953 5525 3211 5595 quosdam
3240 5524 3632 5579 consolatorios
3656 5539 3870 5579 sermo-

2266 5633 2362 5674 nes
2388 5632 2629 5688 qumrere
2654 5616 2918 5682 conabor;
2949 5616 3040 5672 sed
3069 5626 3128 5671 ut
3150 5617 3469 5686 apertiorem
3494 5613 3871 5687 promissionis

2266 5708 2780 5767 demonstrationem
2830 5708 3134 5780 praebeam,
3177 5707 3338 5764 hodie
3384 5705 3581 5763 lectum
3628 5707 3874 5764 tractabo

2265 5804 2460 5862 librum
2492 5821 2505 5860 :
2539 5809 2594 5860 et
2619 5800 2851 5874 silibet,
2880 5802 3046 5875 ipsius
3071 5802 3391 5874 principium
3420 5812 3475 5860 et
3498 5800 3819 5870 proemium
3843 5841 3860 5868 ,
