4196 6316
472 350 541 405 93
1322 341 1375 396 S.
1429 337 1722 399 JOANNIS
1756 339 2145 398 Ε’1111Ὑ505Τε

2255 340 2257 393 ἱ
2292 308 2610 396 Ancum.
2649 338 3202 396 c—oxsmmmov.
3541 389 3557 406 ,
3885 341 3958 398 οι

467 463 698 518 καθόλου
737 457 1166 536 παρακλητικῶν
1200 458 1616 529 ἐιλλοτριοῦσθαι
1643 457 1839 527 λόγων,
1865 459 1942 522 εἰς
1981 458 2152 529 μέσον

466 552 724 624 προθεὶς,
758 551 786 603 6
820 549 962 617 λέγω
1006 547 1216 617 ποιήσω
1249 547 1507 617 φανερόν.
1546 545 1610 598 Τί
1660 548 1777 599 ποτ’
1808 541 1900 600 οὖν
1948 547 2061 597 ἐστι
2090 545 2151 597 τὸ

467 642 784 714 προοίμιον;
822 640 916 691 Ἐν
959 634 1116 705 ἀρχῇ
1167 636 1455 700 ἐποίησεν
1495 638 1529 688 ό
1569 633 1711 700 Θεὸς
1742 632 1850 687 τὸν·
1889 633 2149 700 στεφανόν

464 732 561 784 καὶ
602 729 717 798 τὴν
753 727 900 797 τῆν’
921 726 958 793 ἠ
991 724 1058 776 δὲ
1081 717 1163 794 ’γῆ
1193 720 1271 793 ἦν
1303 723 1557 790 ἀόρατος
1589 722 1684 775 καὶ
1733 720 2149 776 ἀκατασκεύα-

464 834 633 883 στος,
679 815 776 884 καί
808 814 1030 877 σκότος
1056 810 1254 864 ἐπάνω
1278 809 1385 879 τῆς
1413 809 1708 884 ἀϐύσσου.
1731 804 1873 880 Ἃρα
1900 805 1974 876 μὴ
2003 805 2150 859 δοκεί

463 922 603 958 τισιν
629 901 780 974 ὐμῶν
814 899 1158 970 παράκλησιν
1187 896 1330 968 ἔχειν
1365 897 1603 967 ἀθυμίας
1623 896 1691 949 τὰ
1719 895 1986 967 εἰρημένα
2009 911 2021 957 ;
2047 895 2146 964 οὐχ

464 992 697 1064 ἱστορίας
717 987 967 1060 διήγησίς
992 988 1106 1039 ἐστι
1135 986 1228 1039 καὶ
1257 982 1620 1056 δημιουργίας
1647 981 1998 1046 διδασκαλία;

533 1080 597 1151 β’.
624 1077 888 1132 Βούλεσθε
907 1073 1000 1129 οὖν
1019 1073 1270 1139 ἐπιδείξω
1285 1072 1380 1142 τὴν
1401 1071 1860 1142 ἐγκεκρυμμένην
1893 1073 1958 1140 τῇ
1991 1071 2145 1140 ῥήσει

460 1168 628 1238 ταύτῃ
659 1163 1042 1237 παράκλησιν;
1082 1159 1416 1228 Διανάστητε
1451 1157 1653 1221 τοίνυν,
1697 1158 1791 1211 καὶ
1821 1157 1962 1228 μετά
1987 1157 2144 1227 ἀκρι-

461 1256 612 1318 ϐείας
639 1254 934 1325 προσέχετε
968 1253 1080 1310 τοῖς
1115 1245 1446 1318 ῥηθήσεσθαι
1491 1244 1798 1315 μέλλουσιν.
1831 1245 1997 1297 Ὅταν
2035 1245 2145 1316 γάρ

460 1343 726 1416 ἀκούσῃς,
755 1342 835 1394 ὅτι
873 1339 964 1392 τὸν
995 1335 1246 1407 οὐρανὸν,
1287 1333 1385 1405 τὴν
1418 1334 1542 1400 γῆν,
1581 1333 1680 1403 τὴν
1705 1331 1979 1386 θάλατταν
2000 1371 2015 1395 ,
2053 1329 2145 1385 τὸν

461 1435 619 1505 ἀέρα,
649 1433 717 1484 τά
757 1429 947 1490 ὕδατα,
990 1427 1117 1488 τοὺς
1161 1423 1399 1502 ἀστέρας
1442 1422 1570 1485 τούς
1613 1421 1860 1485 πολλοὺς,
1891 1420 2018 1484 τοὺς
2049 1420 2144 1475 δύο

461 1520 756 1590 φωστῆρας
787 1517 913 1578 τοὺς
964 1514 1261 1586 μεγάλους,
1288 1511 1369 1564 τὰ
1405 1510 1568 1579 φυτά,
1609 1509 1677 1562 τά
1711 1508 2040 1580 τετράποδα,
2075 1508 2143 1561 τά

461 1609 655 1681 νηκτὰ,
686 1607 755 1660 τά
784 1605 1057 1675 πετόμενα
1088 1601 1222 1666 ζῶα,
1254 1601 1433 1654 πάντα
1461 1598 1646 1662 ἁπλῶς
1675 1597 1743 1651 τά
1771 1596 2023 1669 ὁρώμενα
2053 1596 2142 1650 διά

464 1698 521 1749 σὲ
556 1696 652 1750 καὶ
690 1693 788 1765 τὴν
839 1692 938 1763 σὴν
972 1689 1249 1760 σωτηρίαν
1293 1689 1388 1742 καὶ
1425 1688 1591 1758 τιμὴν
1630 1687 1886 1756 ἐποίησεν
1915 1689 1942 1739 6
1989 1685 2140 1751 Θεὸς,

459 1787 557 1854 οὐχ
585 1783 775 1852 ἱκανὴν
801 1781 1002 1843 εὐθέως
1034 1777 1337 1847 λαμϐάνεις
1370 1775 1734 1846 παράκλησιν,
1760 1775 1852 1827 καὶ
1882 1775 1980 1843 τῆς
2000 1773 2139 1841 ἀγά-

460 1889 569 1942 πης
603 1869 697 1922 τοῦ
742 1866 878 1920 Θεοῦ
934 1865 1199 1936 μεγίστην
1246 1863 1378 1934 δέχῃ
1417 1861 1624 1932 ταύτην
1677 1860 1971 1925 ἀπόδειξιν,
2008 1861 2137 1913 ὅταν

461 1959 752 2028 ἐννοήσῃς,
785 1957 868 2009 ὅτι
916 1951 1170 2006 τοσοῦτον
1224 1951 1317 2002 καὶ
1364 1948 1686 2020 τηλικοῦτον
1719 1949 1920 2017 κόσμον
1945 1987 1958 2011 ,
1993 1947 2136 2000 οὕτω

459 2045 642 2110 καλὸν,
685 2042 778 2098 καὶ
811 2041 1007 2113 μέγαν,
1035 2040 1129 2092 καὶ
1159 2037 1475 2109 θαυμαστὸν
1500 2037 1589 2090 διὰ
1621 2037 1678 2090 σὲ
1704 2037 1794 2090 τὸν
1829 2036 2034 2108 βραχὺν
2061 2037 2140 2098 είς

462 2135 626 2205 μέσον
665 2133 1025 2203 παρήγαγεν;
1073 2128 1241 2181 Ὅταν
1287 2121 1380 2179 οὖν
1409 2123 1685 2197 ἀκούσῃς,
1719 2125 1802 2177 ὅτι
1853 2124 1956 2177 Ἐν
1983 2120 2142 2191 ἀρχῇ

460 2222 748 2290 ἐποίησεν
773 2224 804 2273 ὀ
827 2218 971 2282 Θεὸς
1000 2215 1106 2269 τὸν
1133 2212 1396 2283 οὐρανὸν
1425 2212 1524 2267 καί
1547 2211 1661 2279 τὴν
1692 2210 1828 2282 γῆν,
1861 2210 1935 2280 μὴ
1959 2208 2140 2271 ἁπλῶς

463 2308 830 2379 παραδράμῃς
874 2303 935 2358 τὸ
972 2301 1285 2374 εἰρημένον,
1333 2300 1449 2354 ἀλλ’
1503 2298 1698 2353 ἔπελθε
1734 2302 1802 2370 τῇ
1835 2298 2043 2368 διανοίᾳ
2081 2297 2141 2349 τὸ

462 2395 620 2468 εὖρος
666 2397 766 2466 τῆς
801 2395 923 2465 γῆς,
958 2393 1048 2446 καὶ
1081 2391 1400 2458 ἀναλόγισαι
1435 2389 1552 2452 πῶς
1587 2391 1720 2459 ἡμῖν
1752 2387 2014 2457 πολυτελῆ
2049 2386 2141 2439 καὶ

459 2487 656 2556 δαψιλῆ
695 2482 977 2555 τράπεζαν
1018 2482 1210 2550 ἀνῆκε,
1252 2479 1345 2531 κα)⁵
1387 2475 1588 2548 πολλὴν
1623 2475 1953 2546 πολλαχόθεν
1998 2492 2139 2546 παρ-

460 2577 620 2646 έσχεν
665 2575 795 2645 ἡμῖν
847 2569 1218 2642 εὐφροσύνηνο
1270 2565 1365 2620 καὶ
1392 2565 1454 2618 τὸ
1503 2564 1568 2635 δὴ
1629 2565 1906 2634 μέγιστον,
1949 2563 2030 2615 ὅτι
2079 2563 2139 2616 οὐ

461 2666 642 2718 πόνων
678 2659 914 2732 ἀμοιϐὴν
948 2659 1182 2720 ἔδωκεν,
1232 2654 1354 2708 οὐδὲ
1391 2652 1840 2724 κατορθωμάτων
1875 2651 2142 2706 ἀντίδοσιν

460 2753 551 2805 τὸν
583 2749 833 2805 τοσοῦτον
861 2748 956 2802 καὶ
981 2744 1297 2816 τηλικοῦτον
1340 2743 1564 2813 κόσμον,
1607 2740 1722 2794 ἀλλ’
1741 2740 1878 2812 ὁμοῦ
1911 2756 1970 2800 τε
1998 2739 2143 2811 ἡμᾶς

463 2835 690 2903 ἔπλασε,
713 2834 807 2888 καὶ
836 2837 904 2905 τῇ
939 2831 1187 2904 βασιλεία
1223 2829 1396 2900 ταύτῃ
1433 2829 1491 2882 τὸ
1515 2829 1672 2898 γένος
1710 2828 1866 2898 ἡμῶν
1893 2827 2141 2899 ἐτίμησε.

464 2925 816 2995 Ποιήσωμεν
835 2922 944 2993 γὰρ
960 2918 1455 2989 ἀνθρωπον,φησ“ι,
1483 2916 1610 2970 κατ’
1626 2918 1829 2970 εἰκόνα
1854 2915 2146 2984 ἡμετέραν

466 3014 566 3068 καὶ
595 3014 723 3066 καθ’
747 3010 1055 3080 ὁμοίωσιν,
1075 3006 1139 3059 Τί
1169 3009 1307 3072 ἐστι,
1334 3005 1474 3059 Κατ’
1495 3005 1700 3058 εἰκόνα
1728 3004 2023 3074 ἡμετέραν
2046 3003 2147 3058 καὶ

463 3103 589 3156 καθ’
635 3100 952 3169 ὀμοίωσιν;
989 3096 1099 3166 Τῆς
1149 3094 1326 3166 ἀρχῆς
1373 3092 1559 3146 εἰκόνα
1603 3092 1759 3164 φησὶ,
1805 3092 1900 3145 καὶ
1955 3091 2144 3164 ὥσπερ

463 3189 640 3253 οὐδεὶς
667 3184 935 3257 άνὼτερος
958 3181 1093 3236 Θεοῦ
1123 3183 1182 3236 ἐν
1204 3179 1441 3252 οὐρανῷ,
1459 3179 1602 3232 οὕτω
1627 3178 1815 3251 μηδεὶς
1845 3177 1986 3232 ἔστω
2007 3177 2146 3232 ἀνώ-

461 3294 619 3350 τερος
649 3272 942 3346 ἀνθρώπου
975 3272 1069 3324 ἐπὶ
1129 3270 1229 3340 τῆς
1276 3268 1400 3340 γῆς.
1440 3267 1554 3321 Ἑνὶ
1586 3268 1684 3339 μὲν
1719 3263 1811 3322 οῦν
1847 3267 2022 3337 τούτῳ
2051 3269 2146 3322 καὶ

465 3362 667 3434 πρώτῳ
699 3360 984 3431 τετίμηκε,
1008 3356 1086 3429 τῷ
1124 3358 1244 3411 κατ’
1285 3354 1472 3410 εἰκόνα
1517 3354 1681 3409 αὐτὸν
1716 3354 1980 3425 ποιῆσαιο
2023 3354 2146 3408 δευ-

462 3452 607 3522 τέρῳ
657 3449 716 3503 δὲ
762 3447 841 3520 τῷ
893 3447 968 3519 μὴ
1013 3446 1194 3500 πόνων
1238 3444 1475 3516 ἀμοιϐὴν
1504 3446 1635 3516 ἡμῖν
1688 3438 1994 3516 παρασχεῖν
2045 3443 2144 3515 τὴν

466 3539 666 3612 ἀρχὴν,
702 3537 842 3592 ἀλλά
887 3534 1104 3607 γυμνὴν
1125 3535 1224 3605 τῆς
1254 3532 1422 3587 αὐτοῦ
1474 3532 1885 3604 φιλανθρωπίας
1918 3531 2144 3601 ποιῆσαι

463 3628 565 3697 τὴν
593 3626 752 3697 χάριν
774 3641 788 3654 ’
829 3623 998 3694 τρίτῳ
1033 3621 1112 3692 τῷ
1143 3619 1380 3692 φυσικὴν
1410 3621 1543 3692 ἡμῖν
1592 3619 1920 3691 χαρίσασθαι
1950 3619 2142 3690 αὐτήν.

466 3712 589 3765 τῶν
610 3713 719 3782 γὰρ
739 3709 920 3784 ἀρχῶν
951 3709 1008 3761 αἱ
1041 3709 1138 3780 μὲν
1157 3707 1264 3761 εἰσὶ
1294 3708 1543 3776 φυσικαὶ,
1569 3708 1628 3760 αἰ
1651 3707 1709 3761 δὲ
1734 3706 2108 3778 χειροτονηταί
2128 3721 2140 3734 ·

473 3800 702 3870 φυσικαὶ
726 3797 844 3867 μὲν,
876 3795 951 3860 ὡς
977 3797 1012 3866 ἡ
1037 3795 1131 3850 τοῦ
1164 3795 1377 3859 λέοντος
1406 3796 1500 3848 ἐπὶ⁹
1534 3794 1643 3865 τῶν
1672 3797 2039 3866 τετραπόδων,
2070 3797 2146 3860 ὡς

475 3885 695 3941 ἐπὶτῶν
722 3883 950 3957 ὀρνίθων
978 3884 1013 3954 ἡ
1045 3881 1140 3936 τοῦ
1167 3881 1327 3936 ἀετοῦ
1351 3899 1365 3913 ·
1399 3881 1777 3954 χειροτονηταὶ
1803 3881 1861 3934 δὲ
1882 3882 1957 3944 ὡς
1986 3884 2019 3952 ἡ
2051 3881 2146 3934 τοῦ

474 3973 743 4047 βασιλέως
787 3969 882 4024 τοῦ
916 3971 1039 4024 καθ’
1071 3970 1242 4041 ἡμᾶς’
1273 3961 1430 4034 οὗτος
1463 3970 1574 4042 γάρ
1603 3971 1725 4041 οὐχὶ
1756 3969 1916 4038 φύσει
1957 3973 2150 4040 κρατεῖ

467 4063 577 4116 τῶν
607 4059 948 4132 ὁμοδούλων·
973 4058 1056 4112 διὸ
1088 4059 1184 4111 καὶ
1206 4058 1507 4112 ἀποϐάλλει
1537 4057 1795 4120 πολλάκις
1825 4057 1924 4128 τὴν
1947 4057 2144 4128 ἀρχήν.

470 4150 710 4205 Τοιαῦτα
755 4149 864 4221 γάρ
894 4147 964 4201 τά
1015 4145 1090 4219 μὴ
1144 4145 1306 4215 φύσει
1353 4146 1662 4217 προσόνταο
1695 4145 1883 4218 ῥᾳδίαν
1933 4145 2148 4215 δέχεται

471 4243 570 4311 τὴν
626 4237 928 4310 μεταϐολὴν
990 4236 1087 4290 καὶ
1135 4235 1234 4306 τὴν
1275 4236 1655 4306 μετάπτωσιν⁹
1689 4234 1718 4287 6
1762 4233 1821 4286 δὲ
1859 4233 1998 4286 λέων
2049 4235 2149 4306 οὐχ

471 4325 665 4389 οὕτως,
697 4324 834 4379 ἀλλά
867 4323 1030 4393 φύσει
1057 4325 1252 4394 κρατεῖ
1286 4321 1395 4376 τῶν
1432 4320 1804 4394 τετραπόδων,
1837 4319 2029 4396 ῶσπερ
2054 4318 2148 4377 οὖν

472 4416 568 4469 καὶ
595 4414 702 4468 τῶν
723 4412 952 4482 ὀρνίθων
976 4414 1004 4466 6
1034 4414 1211 4476 ἀετός.
1253 4413 1366 4466 Ἀεὶ
1403 4412 1535 4480 γοῦν
1555 4409 1633 4482 τῷ
1664 4411 1810 4480 γένει
1836 4413 2146 4484 συγκεκλή-

475 4520 644 4576 ρωται
672 4503 733 4557 τὸ
760 4504 858 4574 τῆς
893 4501 1173 4574 βασιλείας
1221 4496 1387 4566 εῐδος,
1425 4500 1522 4553 καὶ
1555 4499 1748 4553 οὐδένα
1800 4501 1866 4555 ἄν
1919 4518 2003 4564 τις
2048 4502 2146 4556 ἴδοι

471 4592 662 4644 λέοντά
688 4606 820 4643 ποτε
863 4589 962 4660 τὴν
1004 4588 1178 4660 ἀρχὴν
1223 4587 1568 4642 ἀποϐαλόντα
1608 4585 1832 4658 ταύτην.
1876 4585 2146 4659 Τοιαύτην

473 4679 566 4733 καὶ
591 4680 722 4750 ἡμῖν
746 4677 845 4749 τὴν
879 4675 1153 4746 βασιλείαν
1185 4673 1244 4739 ἐξ
1270 4675 1445 4747 ἀρχῆς
1479 4676 1508 4728 6
1541 4673 1673 4738 Θεὸς
1705 4673 2019 4746 ἐχαρίσατο,
2053 4677 2149 4730 καὶ

472 4767 641 4820 πᾶσιν
688 4766 837 4835 ἡμᾶς
872 4763 1184 4833 ἐπέστησεο
1231 4777 1326 4816 και
1357 4764 1417 4815 οὐ
1463 4761 1638 4834 τούτῳ
1685 4763 1845 4834 μόνον
1887 4763 2149 4836 ἐτίμησεν

471 4855 629 4925 ἡμῶν
649 4854 747 4926 τὴν
779 4853 961 4924 φύσιν,
996 4851 1131 4906 ἀλλὰ
1165 4852 1256 4904 καὶ
1278 4852 1417 4923 αὐτῇ
1445 4851 1540 4904 τοῦ
1565 4852 1766 4923 χωρίου
1788 4855 1854 4924 τῇ
1886 4853 2148 4927 προεδρίᾳ

474 4942 752 5016 ἐξαίρετον
795 4944 1109 5014 οἰκητήριον
1161 4939 1440 5006 ἀποτάξας
1479 4939 1614 5013 ἡμῖν
1656 4940 1751 4996 τὸν
1797 4940 2145 5016 παράδεισον,

477 5029 572 5080 καὶ
603 5028 759 5097 λόγον
782 5029 905 5093 δοὺς
931 5030 1028 5084 καὶ
1055 5030 1232 5103 ψυχὴν
1267 5032 1535 5087 ἀθάνατον
1564 5034 1956 5106 χαρισάμενος.

548 5113 664 5188 [87]
708 5115 868 5170 Ἀλλά
898 5116 973 5188 μὴ
993 5117 1130 5172 εἴπω
1157 5119 1330 5175 ταῦτα
1351 5136 1365 5150 ο
1393 5120 1504 5190 ἐγὼ
1519 5121 1628 5194 γὰρ
1639 5121 1910 5193 τοσαύτην
1937 5137 2158 5192 περιου-

489 5203 606 5257 σίαν
632 5199 771 5257 εἷναί
803 5222 946 5276 φημι
976 5209 1076 5274 τῆς
1109 5205 1202 5260 τοῦ
1242 5206 1376 5262 Θεοῦ
1409 5209 1754 5280 κηδεμονίας,
1780 5210 1856 5275 ὡς
1898 5208 2156 5280 μὴμόνον

485 5291 575 5346 ἀν’
591 5285 666 5344 ὢν
684 5291 965 5363 ἐτίμησεν,
988 5292 1126 5346 ἀλλά
1141 5294 1234 5346 καὶ
1261 5294 1355 5363 ἀφ’
1384 5288 1459 5349 ὧν
1479 5296 1758 5359 ἐκόλασεν,
1785 5298 1987 5367 ὁμοίως
2011 5299 2158 5365 ἡμᾶς

481 5370 740 5424 δύνασθαι
762 5373 861 5443 τὴν
886 5373 1196 5445 άγαθότητα
1230 5375 1393 5430 αὐτοῦ
1419 5377 1690 5433 δεικνύναι
1719 5381 1814 5434 καὶ
1834 5383 1934 5454 τὴν
1964 5384 2152 5452 ιριλαν⁴

485 5459 751 5531 θρωπίαν.
787 5463 896 5516 Καὶ
932 5461 1086 5516 τοῦτο
1134 5462 1367 5534 μάλιστα
1421 5466 1637 5524 πάντων
1665 5469 1813 5540 ὑμᾶς
1845 5472 2151 5543 παρακαλῶ

485 5548 627 5618 μετά
654 5548 940 5619 ἀκριϐείας
983 5551 1210 5617 εἰδέναι,
1240 5549 1324 5606 ὅτι
1348 5554 1377 5605 6
1412 5553 1542 5618 Θεὸς
1582 5555 1702 5626 οὐχὶ
1746 5558 1922 5629 τιμῶν
1956 5561 2147 5630 μόνον,

479 5636 598 5689 οὐδὲ
641 5635 969 5708 εὐεργετῶν,
999 5637 1134 5693 ἀλλά
1164 5640 1259 5696 καὶ
1304 5639 1570 5705 κολάζων,
1614 5645 1707 5697 καὶ⁴
1738 5646 2149 5718 τιμωρούμενος

475 5719 676 5791 ὁμοίως
721 5725 871 5778 ἐστὶν
916 5726 1119 5796 ἀγαθὸς
1142 5744 1155 5758 ο
1200 5725 1302 5782 κάν
1333 5727 1471 5800 πρὸς
1519 5729 1817 5801 Ἕλληνας,
1866 5733 1970 5788 κᾶν
2011 5737 2150 5808 πρὸς

479 5815 784 5883 αἱρετικοὺς
817 5814 1026 5884 ἀγῶνες
1058 5817 1192 5888 ἡμῖν
1235 5817 1328 5871 καὶ
1376 5818 1547 5890 μάχαι
1582 5820 1840 5876 κινῶνται
1881 5825 2010 5895 περὶ
2048 5827 2149 5898 τῆς

480 5901 574 5956 τοῦ
603 5901 741 5955 Θεοῦ
785 5901 1190 5974 φιλανθρωπίας
1220 5903 1314 5959 καὶ
1355 5904 1712 5978 ἀγαθότητος,
1744 5907 1819 5980 μὴ
1861 5909 2022 5980 μόνον
2053 5913 2146 5982 ἀφ’

482 5983 559 6045 ῶν
583 5989 858 6064 ἐτίμησεν,
893 5991 1030 6046 ἀλλὰ
1054 5994 1145 6047 καῖ
1178 5993 1271 6064 ἀφ’
1303 5987 1378 6051 ὧν
1413 5996 1816 6070 ἐτιμωρήσατο,
1844 5999 2147 6058 ἐπιδείκνυ-

2268 474 2370 528 μεν
2411 455 2577 510 αὐτοῦ
2623 456 2723 527 τὴν
2765 455 3100 526 ἀγαθότητα.
3141 459 3202 510 Εἰ
3245 457 3350 526 γὰρ
3382 457 3557 528 τιμῶν
3597 456 3758 526 μόνον
3804 457 3956 512 ἐστὶν

2257 543 2482 612 ἀγαθὸς,
2531 543 2778 606 κολάζων
2819 543 2874 596 δὲ
2907 544 3007 597 οὐκ
3058 543 3206 596 ἐστιν
3250 544 3484 612 ἀγαθὸς,
3531 544 3590 608 ἐξ
3637 543 3894 614 ἡμισείας
3926 555 3955 585 ι

2259 630 2464 702 ἀγαθὸς
2495 631 2561 685 ἂν
2595 633 2681 702 εἴη
2705 647 2718 662 ⁸
2762 631 2878 685 ἀλλ’
2921 632 3020 684 οὐκ
3057 631 3173 685 ἔστι
3207 630 3401 685 τοῦτο·
3442 633 3517 702 μὴ
3553 632 3780 701 γένοιτο.
3825 631 3956 683 Ἐπὶ

2257 697 2562 789 ἀνθρώπων
2594 697 2691 790 μὲν
2716 719 2826 790 γάρ
2851 719 3000 782 εἰκὸς
3029 717 3188 772 τοῦτο
3216 697 3766 791 συμϐαίνεινξέπειδὴ
3791 717 3956 788 θυμῷ

2257 809 2353 859 καὶ
2391 807 2555 861 πάθει
2600 807 2698 869 τὰς
2729 807 3004 877 τιμωρίας
3035 807 3366 875 ἐπάγουσιν·
3404 809 3432 861 6
3462 808 3518 861 δὲ
3567 807 3703 870 Θεὸς
3732 805 3956 878 ἀπαθὴς

2256 893 2365 958 ὣν,
2401 896 2507 949 κάν
2555 896 2817 966 εὐεργετῇ
2841 937 2855 960 ,
2892 894 2993 948 κᾶν
3029 895 3252 966 κολάζῃ,
3285 897 3490 966 ὁμοίως
3522 896 3671 949 ἐστὶν
3719 895 3954 963 ἀγαθὸς,

2255 982 2478 1052 καὶτῆς
2532 983 2808 1054 βασιλείας
2846 985 2945 1037 οὐκ
2993 984 3214 1058 ἔλαττον
3241 985 3274 1052 ἡ
3330 984 3431 1055 τῆς
3476 984 3706 1055 γεέννης
3748 983 3955 1053 ἀπειλὴ

2251 1069 2528 1124 δείκνυσιν
2573 1070 2740 1124 αὐτοῦ
2785 1072 2884 1142 τὴν
2913 1071 3261 1142 ἀγαθότητα·
3307 1073 3402 1125 καὶ
3450 1072 3602 1136 πῶςς
3638 1071 3746 1141 ἐγὼ
3781 1071 3954 1138 λέγω.

2251 1159 2316 1211 Εἰ
2351 1159 2425 1230 μὴ
2463 1159 2691 1226 γέενναν
2719 1159 3041 1230 ⁴ἠπείλησεν,
3068 1161 3115 1211 εἰ
3148 1160 3222 1231 μὴ
3245 1159 3469 1213 κόλασιν
3499 1160 3818 1230 ἡτοίμασεν,
3846 1158 3955 1210 οὐκ

2253 1246 2320 1299 ἂν
2353 1247 2538 1301 πολλοὶ
2563 1248 2664 1317 τῆς
2699 1247 2978 1318 βασιλείας
3011 1245 3295 1316 ἐπέτυχον.
3325 1248 3398 1300 Οὐ
3431 1248 3540 1316 γὰρ
3568 1246 3741 1310 οὕτως
3774 1247 3806 1317 η
3838 1245 3956 1297 τῶν

2251 1333 2468 1401 ἀγαθῶν
2517 1335 2809 1406 ὑπόσχεσις
2853 1335 2989 1406 πρὸς
3016 1335 3218 1405 ἀρετὴν
3268 1334 3583 1388 ἐκκαλεῖται
3631 1335 3758 1397 τοὺς
3807 1333 3950 1386 πολ-

2249 1420 2395 1485 λοὺς,
2439 1422 2570 1493 ὼςή
2623 1423 2732 1475 τῶν
2767 1422 2950 1477 κακῶν
3003 1422 3200 1492 ἀπειλὴ
3240 1422 3318 1492 τῷ
3371 1422 3522 1493 φόϐῳ
3556 1421 3804 1484 συνωθεῖ,
3850 1422 3952 1474 καὶ

2249 1509 2550 1581 διανίστησι
2577 1511 2712 1582 πρὸς
2739 1511 2837 1580 τὴν
2871 1512 2969 1581 τῆς
2991 1511 3171 1580 ψυχῆς
3208 1511 3545 1580 ἐπιμέλειαν..
3576 1512 3737 1562 Ὥστε
3768 1511 3812 1563 εί
3853 1511 3955 1564 καὶ

2248 1598 2489 1650 ἐναντίον
2514 1598 2708 1666 γέεννα
2739 1601 2805 1668 τῇ
2847 1598 3095 1667 βασιλεία
3126 1597 3154 1637 δ
3195 1597 3301 1650 τῶν
3330 1599 3598 1669 οὐρανῶν,
3631 1597 3768 1652 ἀλλὰ
3804 1598 3949 1668 πρὸς

2248 1681 2305 1736 ἓν
2332 1686 2592 1756 ἑκάτερον
2617 1685 2808 1756 βλέπει
2839 1685 3011 1748 τέλος,
3040 1685 3139 1754 τὴν
3161 1684 3267 1738 τῶν
3300 1685 3610 1758 ἀνθρώπων
3636 1685 3950 1756 σωτηρίανο

2248 1775 2430 1844 ἐκείνη
2461 1775 2559 1843 μὲν
2578 1774 2942 1844 ἐπισπωμένη
2966 1772 3103 1844 πρὸς
3125 1773 3346 1845 ἑαυτὴν,
3366 1773 3509 1844 αῦτη
3537 1773 3596 1826 δὲ
3627 1772 3953 1826 συνωθοῦσα

2248 1861 2384 1932 πρὸς
2435 1863 2673 1932 ἐκείνην,
2708 1862 2800 1914 καὶ
2831 1861 2909 1930 τῷ
2961 1859 3114 1932 φόϐῳ
3155 1861 3517 1932 διορθουμένη
3564 1862 3694 1924 τούς
3739 1861 3946 1929 ἀμελέ-

2251 1965 2439 2018 στερον
2484 1949 2882 2019 διακειμένους.

2321 2035 2604 2103 γ’.Τοῦτον
2634 2037 2691 2090 δὲ
2709 2037 2806 2105 οὐχ
2842 2035 3026 2100 ἀτελῶς
3061 2036 3288 2107 μηκύνω
3304 2036 3393 2089 τὸν
3421 2036 3597 2104 λόγον,
3625 2035 3950 2106 ἀλλ’έπειδὴ

2249 2123 2506 2191 πολλάκις
2532 2125 2706 2194 λιμῶν
2740 2127 2834 2178 καὶ
2868 2126 3098 2196 αὐχμῶν
3135 2126 3504 2196 γιγνομένων,
3543 2124 3637 2177 καὶ
3669 2123 3950 2194 πολέμων,

2249 2212 2344 2264 καὶ
2385 2211 2557 2283 ὀργῆς
2608 2211 2892 2284 βασιλικῆς
2931 2213 3353 2284 ἐμπιπτούσης,
3393 2213 3489 2266 καὶ
3537 2212 3741 2282 ἐτέρων
3781 2211 3950 2264 τινῶν

2247 2298 2506 2355 τοιούτων
2536 2299 2818 2372 ἀδοκήτων
2856 2301 3226 2373 πραγμάτων,
3270 2299 3455 2353 πολλοὶ
3489 2301 3617 2362 τοὺς
3645 2299 3948 2369 ἀφελεστέ-

2251 2404 2378 2457 ρους
2410 2387 2728 2460 ἀπατῶντες
2760 2389 3012 2458 λέγουσιν
3033 2430 3048 2454 ,
3082 2391 3164 2443 ὅτι
3197 2391 3296 2442 οὐκ
3343 2388 3472 2452 ἀξια
3509 2387 3684 2442 ταῦτα
3717 2389 3813 2458 τῆς
3847 2385 3950 2441 τοῦ

2249 2476 2385 2545 Θεοῦ
2412 2479 2686 2549 προνοίας.
2725 2481 2822 2532 ’1ν’
2857 2475 2949 2533 οὖν
2980 2479 3055 2552 μὴ
3088 2478 3588 2549 παραλογιζώμεθα
3613 2519 3626 2542 ,
3666 2478 3782 2532 ἀλλ’
3818 2478 3948 2530 ἴδω-

2253 2581 2352 2634 μεν
2379 2565 2624 2636 ἀκριϐῶς
2648 2605 2663 2630 ,
2719 2567 2801 2619 ὅτι
2833 2569 2936 2620 κᾶν
2982 2565 3141 2636 λιμὸν
3169 2606 3182 2629 ,
3226 2565 3328 2618 κᾶν
3359 2565 3595 2635 πόλεμον
3615 2606 3629 2629 ,
3666 2564 3768 2618 κᾶν
3813 2563 3949 2618 ἄλλο

2248 2653 2427 2706 ὁτιοῦν
2471 2656 2728 2726 ἐπαγάγῃ
2757 2657 2946 2720 δεινὸν,
3011 2654 3120 2708 ἀπὸ
3159 2654 3573 2726 φιλανθρωπίας
3607 2654 3764 2707 τοῦτο
3803 2653 3949 2708 ποιεῖ

2250 2742 2344 2795 καὶ
2379 2742 2581 2813 πολλῆς
2622 2745 2721 2814 τῆς
2767 2727 3096 2814 κηδεμονίας
3123 2781 3136 2806 ,
3187 2743 3551 2814 ἠναγκάσθην
3601 2741 3948 2813 ἐνδιατρίψαι

2250 2829 2426 2900 τούτῳ
2454 2829 2532 2899 τῷ
2555 2829 2718 2900 λόγῳ.
2758 2828 2912 2882 Ἐπεὶ
2946 2829 3042 2883 καὶ
3071 2830 3119 2882 οἱ
3154 2829 3395 2900 πατέρες
3417 2869 3432 2890 ,
3465 2830 3513 2882 οί
3545 2828 3783 2900 μάλιστα
3809 2829 3952 2883 πάν·

2250 2933 2359 2970 των
2387 2915 2455 2970 τά
2489 2916 2688 2984 ἔκγονα
2723 2915 3007 2984 φιλοῦντες
3034 2958 3048 2981 ,
3084 2917 3180 2970 καὶ
3215 2915 3499 2988 τραπέζης
3529 2916 3777 2988 εἴργουσι
3802 2958 3816 2981 ,
3851 2921 3951 2973 καὶ

2251 3003 2468 3071 πληγὰς
2513 3003 2804 3070 ἐπάγουσι,
2842 3002 2939 3055 καὶ
2992 3003 3189 3075 ἀτιμίᾳ
3243 3004 3568 3069 κολάζουσι,
3609 3007 3705 3059 καὶ⁹
3738 3008 3951 3077 ἑτέροις

2255 3090 2469 3161 μυρίοις
2504 3089 2783 3153 ,τοιούτοις
2816 3090 3238 3158 ἀσελγαίνοντας
3266 3091 3612 3162 διορθοῦνται
3657 3094 3785 3158 τοὺς
3812 3097 3950 3148 παῖ-

2249 3175 2373 3240 δας⁹
2425 3176 2538 3231 ἀλλ’
2568 3177 2718 3248 ὅμως
2761 3177 2998 3248 πατέρες
3029 3179 3195 3246 ,εἰσιν
3221 3218 3236 3243 ,
3282 3180 3403 3250 οὐχὶ
3451 3181 3724 3251 τιμῶντες
3760 3183 3950 3252 μόνον,

2249 3264 2386 3319 ἀλλὰ
2418 3264 2514 3318 καὶ
2547 3264 2720 3318 ταῦτα
2755 3264 3072 3330 ποιοῦντες,
3105 3266 3202 3318 καὶ
3240 3266 3360 3320 τότε
3397 3268 3636 3338 μάλιστα
3682 3269 3948 3343 πατέρες,

2250 3352 2380 3405 ὅταν
2413 3352 2639 3407 τοιαῦτα
2671 3352 2918 3407 ποιῶσιν.
2960 3353 3022 3406 Εἰ
3051 3353 3108 3406 δὲ
3148 3352 3454 3425 ἄνθρωποι,
3494 3354 3653 3426 θυμῷ
3679 3357 3777 3411 καὶ
3803 3357 3950 3432 ὀργῇ

2254 3439 2513 3503 πολλάκις
2542 3438 2638 3494 τοῦ
2663 3481 2666 3485 .
2695 3440 3071 3512 συμφέροντος
3103 3442 3466 3513 ἐκφερόμενοι
3493 3482 3508 3504 ,
3552 3445 3654 3498 οὐκ
3685 3445 3951 3522 ,ὠμότητι

2254 3531 2345 3581 καὶ
2384 3527 2784 3600 ἀπανθρωπία,
2813 3529 2950 3583 ἀλλά
2983 3530 3280 3601 κηδεμονίᾳ
3323 3533 3419 3585 καὶ
3470 3533 3828 3607 φιλοστοργίᾳ
3858 3552 3952 3591 νο-

2257 3615 2506 3688 μίζονται
2535 3616 2784 3682 κολάζειν
2811 3617 2907 3682 οὓς
2932 3617 3146 3688 φιλοῦσι
3165 3659 3179 3682 ,
3213 3618 3394 3689 πολλῷ
3443 3621 3644 3691 μᾶλλον
3671 3625 3802 3697 περὶ
3844 3625 3948 3681 τοῦ

2254 3703 2390 3758 Θεοῦ
2419 3705 2560 3758 οὕτω
2605 3705 2909 3759 διακεῖσθαι
2951 3706 3058 3777 χρὴ
3084 3747 3099 3772 ,
3134 3706 3228 3760 τοῦ
3264 3708 3448 3761 πᾶσαν
3482 3711 3758 3782 πατρικὴν
3795 3711 3952 3782 φιλο-

2256 3795 2511 3867 στοργίαν
2536 3794 2952 3863 ὑπερϐαίνοντος
2973 3798 3040 3867 τῇ
3063 3793 3162 3865 τῆς
3183 3795 3391 3858 οἰκείας
3414 3797 3752 3870 ἀγαθότητος
3780 3800 3951 3874 ὑπερ·

2255 3883 2406 3954 ϐολῇ.
2432 3880 2540 3934 Καὶ
2575 3883 2662 3936 ἵνα
2699 3881 2774 3953 μὴ
2809 3884 3059 3954 νομίσῃς,
3100 3885 3184 3937 ὅτι
3212 3884 3518 3954 στοχασμὸς
3547 3886 3664 3943 ἐστι
3696 3887 3767 3942 τὰ
3796 3890 3951 3962 εἰρη-

2259 3971 2414 4040 μένα.
2445 3971 2576 4042 φέρε
2605 3971 2691 4023 ἐπ’
2723 3970 2892 4042 αὐτὴν
2918 3972 3016 4042 τὴν
3057 3971 3282 4042 Γραφὴν
3307 3973 3400 4026 τὸν
3433 3972 3593 4042 λόγον
3620 3975 3948 4048 ἀγάγωμεν.

2269 4057 2487 4130 Ἐπειδὴ
2516 4059 2625 4131 γὰρ
2660 4060 2918 4131 ἠπατήθη
2952 4060 3045 4112 καὶ
3076 4061 3444 4134 παρελογίσθη
3476 4063 3627 4136 παρὰ
3656 4065 3748 4119 τοῦ
3779 4085 3952 4140 πονη-

2258 4145 2355 4216 ροῦ
2389 4146 2642 4217 δαίμονος
2670 4147 2698 4198 6
2727 4146 3018 4216 ἄνθρωπος
3041 4187 3055 4213 ,
3094 4145 3294 4218 ἴδωμεν
3328 4149 3445 4214 πῶς
3471 4151 3752 4223 ἁμαρτίαν
3794 4155 3951 4228 αὐτῷ

2254 4233 2511 4304 τοιαύτην
2545 4233 2848 4306 ἁμαρτόντι
2881 4234 3004 4288 τότε
3037 4235 3310 4306 ἐχρήσατο
3346 4237 3375 4288 6
3421 4237 3574 4302 Θεός.
3603 4234 3752 4312 Ἆρα
3801 4245 3952 4315 ἠφά-

2255 4339 2399 4377 νισεν
2449 4322 2611 4378 αὐτὸν
2663 4321 2977 4393 παντελῶς;
3014 4323 3192 4381 καίτρι
3237 4340 3302 4397 γε
3335 4327 3363 4382 ὁ
3406 4326 3501 4385 τθῧ
3533 4328 3742 4389 δικαίου
3785 4332 3951 4408 λόγος

2255 4412 2411 4466 τοῦτο
2443 4415 2642 4486 ἀπῄτει
2675 4427 2722 4478 ο,
2755 4415 2846 4469 τὸν
2870 4415 3026 4468 οὐδὲν
3056 4415 3154 4485 μὲν
3190 4416 3304 4489 [88]
3341 4419 3550 4488 ἀγαθὸν
3591 4423 3949 4498 ἐπιδειξάμε-

2253 4517 2342 4554 νον
2367 4541 2382 4565 ,
2435 4501 2706 4574 τοσαύτης
2741 4502 2797 4556 δὲ
2843 4503 3233 4558 ἀπολαύσαντα
3272 4505 3372 4576 τῆς
3419 4509 3672 4577 εὐνοίας,
3724 4506 3845 4568 εἶτα
3878 4516 3947 4571 ἐκ

2255 4590 2556 4661 προοιμίων
2579 4591 3086 4662 ἀποσκιρτήσαντα,
3123 4592 3355 4665 ἀρθῆναι
3395 4597 3460 4650 ἐκ
3503 4597 3599 4652 τοῦ
3651 4601 3820 4671 μέσου
3847 4606 3948 4662 καὶ

2253 4677 2621 4750 ἀφανισθῆναι
2670 4679 2877 4734 τέλεον.
2933 4679 3073 4733 Ἀλλ’
3107 4681 3208 4734 οὐκ
3252 4683 3474 4755 ἐποίησε
3528 4685 3690 4741 τοῦτο
3726 4690 3757 4742 6
3786 4689 3944 4761 Θεὸς,

2253 4766 2374 4821 οὐδὲ
2421 4766 2745 4834 ὲϐδελύξατο
2789 4767 2885 4821 καὶ
2915 4768 3244 4840 ἀπεστράφη
3289 4770 3381 4824 τὸν
3433 4771 3609 4839 οὕτως
3650 4776 3949 4848 ἀγνώμονα

2255 4854 2385 4925 περί⁹
2415 4853 2504 4908 τὸν
2537 4854 2834 4926 εὐεργέτην
2860 4855 3170 4926 γενόμενον,
3200 4857 3314 4911 ἀλλ’
3343 4856 3561 4931 ἔρχεται
3583 4862 3722 4934 πρὸς
3755 4864 3943 4939 αὐτὸν,

2254 4941 2505 5031 καθάπερ
2550 4943 2689 5014 πρὸς
2725 4943 3006 5015 ἄρρωστον
3053 4945 3256 5017 ῑιπιττρόςο
3307 4949 3417 5002 Καὶ
3450 4949 3526 5022 μὴ
3573 4939 3948 5031 παραδράμῃς

2253 5030 2441 5094 ἁπλῶς
2465 5032 2528 5085 τὸ
2553 5031 2846 5104 εἰρημένον
2865 5073 2881 5099 ,
2910 5034 3162 5104 ἀγαπητὲ
3181 5073 3196 5098 ,
3224 5035 3340 5089 ἀλλ’
3375 5037 3632 5112 ἐννόησον
3662 5041 3850 5113 ἡλίκον
3881 5030 3949 5101 τὸ

2256 5121 2392 5192 μήτε
2441 5119 2672 5189 ἄγγελον
2705 5120 2954 5201 πέμψαι,
2996 5123 3133 5194 μήτε
3163 5124 3507 5196 ἀρχάγγελον
3529 5167 3545 5192 ,
3593 5129 3734 5201 μήτε
3780 5132 3947 5190 ἄλλον

2250 5209 2374 5263 τινὰ
2398 5207 2507 5262 τῶν
2538 5209 2839 5263 συνδούλων
2876 5197 2985 5263 τῶν
3014 5211 3247 5278 ἐκείνου,
3277 5213 3394 5267 ἀλλ’
3425 5197 3711 5273 αὐτὸν-τὸν
3735 5221 3946 5276 Δεσπό-

2253 5314 2351 5367 την
2378 5297 2684 5368 καταϐῆναι
2714 5296 2850 5368 πρὸς
2885 5295 2977 5350 τὸν
3014 5301 3518 5370 παραπεπτωκότα,
3554 5307 3651 5360 καὶ
3687 5307 3945 5380 κείμενον

2253 5383 2582 5454 ἀναστῆσαι,
2612 5385 2710 5438 καὶ⁹
2737 5384 2897 5455 μόνον
2948 5385 3086 5458 πρὸς
3111 5387 3272 5457 μόνον
3298 5429 3314 5454 ,
3344 5389 3598 5464 καθάπερ
3628 5393 3784 5462 φίλον
3804 5398 3946 5470 πρὸς

2255 5471 2406 5539 φίλον
2434 5473 2620 5536 κακῶς
2652 5473 2980 5543 πράττοντα,
3023 5475 3119 5528 καὶ
3147 5475 3206 5529 ἐν
3240 5474 3407 5548 πολλῇ
3436 5481 3785 5537 καταστάντα
3812 5485 3942 5542 δυσ-

2251 5560 2458 5632 ημερία
2490 5561 2912 5631 παραγενέσθαι.
2943 5564 3066 5616 ’Ὀτι
3099 5563 3208 5634 γὰρ
3237 5561 3397 5617 τοῦτο
3443 5566 3507 5618 ἐκ
3539 5565 3743 5639 πολλῆς
3781 5571 3944 5642 κηδε-

2257 5648 2447 5719 μονίας
2475 5650 2720 5719 ἐποίησε,
2741 5650 2834 5703 καὶ
2857 5651 2995 5706 αὐτὰ
3016 5650 3087 5704 τά
3111 5652 3354 5723 ῥήματα,
3381 5651 3417 5706 ἀ
3445 5654 3584 5724 πρὸς
3606 5656 3771 5712 αὐτὸν
3788 5654 3940 5728 εἷπε,

2255 5735 2523 5793 δείκνυσιν
2552 5739 2717 5794 αὐτοῦ
2744 5739 2842 5812 τὴν
2871 5740 3078 5811 ἄφατον
3118 5743 3522 5814 φιλοστοργίαν.
3555 5745 3666 5799 Καὶ
3706 5747 3761 5801 τί
3795 5747 3941 5818 λέγω

2316 5857 2343 5929 _‘
2365 5860 2517 5929 ξυνῇ.
2541 5865 2594 5911 εἰ
2614 5862 2812 5929 quidam
2835 5874 2950 5913 mss.
2974 5863 3191 5929 κολάζων
3213 5865 3266 5915 δὲ
3287 5865 3466 5929 οὐκέτι,
3489 5865 3538 5918 ἐξ
3553 5867 3790 5929 ἡμισείας.

2314 5920 2344 5998 ξ)
2369 5922 2521 5973 Savil.
2551 5930 2604 5974 et
2629 5920 2828 5987 Quidam
2863 5939 2979 5975 mss.
3002 5932 3087 5984 τῆς
3112 5920 3372 5991 βασιλείας.
3409 5920 3520 5978 Mox
3554 5920 3703 5978 iidem
3736 5920 3853 5998 πρὸς
3887 5932 3938 5982 εν

2255 5982 2452 6042 ἑκάστη.

2317 6046 2341 6075 ⁸
2368 6047 2515 6096 SaviI.
2541 6053 2591 6096 el
2619 6049 2815 6104 quidam
2836 6062 2934 6098 mss
2979 6050 3186 6101 ἀπαιτεῖ.
