4196 6316
258 414 325 472 93
708 460 719 469 ,
1196 400 1288 456 AD
1326 394 1651 455 POPULUM
1690 388 2189 451 ANTIOCHENUM
2251 390 2486 447 HOMIL.
2527 389 2637 449 VH.
3511 396 3583 453 οι

265 524 398 598 quod
429 519 673 577 maxime
707 516 922 578 videtur
962 528 1134 584 neque
1163 508 1546 568 consolationis
1582 504 1866 577 vestigium

265 618 660 675 demonstrare,
693 609 791 666 sed
819 624 848 663 a
879 604 1253 663 consolatoriis
1283 598 1702 684 penitusqverbis
1732 598 1867 653 alie-

266 723 388 763 num
416 721 539 764 esse
560 747 576 770 ,
605 703 665 759 in
695 702 929 759 medium
961 712 1295 770 proponens,
1324 694 1467 765 quod
1492 693 1616 749 dico
1642 690 1870 747 manife-

264 810 404 855 stum
453 796 672 851 faciam.
718 792 869 862 Quod
900 790 1111 847 tandem
1144 797 1227 844 est
1268 786 1371 841 hoc
1409 785 1773 857 prooemium?
1802 782 1869 837 In

263 888 513 959 principio
545 888 666 959 fecit
696 884 830 939 Deus
858 883 1039 937 caelum
1072 889 1118 935 et
1149 890 1333 934 terram
1358 895 1377 933 :
1408 888 1542 931 terra
1566 886 1733 931 autem
1762 887 1868 929 erat

261 977 529 1031 invisibilis
557 984 603 1029 et
630 974 965 1042 incomposita
985 1013 1001 1037 ,
1029 980 1078 1026 et
1102 970 1315 1025 tenebrat
1338 978 1481 1023 erant
1505 984 1657 1039 super
1685 968 1868 1038 faciem

260 1070 429 1140 abyssi
459 1067 618 1139 (Gen.
649 1068 701 1122 l.
731 1068 784 1122 1.
814 1065 893 1137 2).
923 1064 1193 1135 Numquid
1220 1063 1336 1118 hinc
1361 1063 1626 1133 aliquibus
1654 1078 1686 1118 e
1713 1062 1864 1119 vobis

260 1161 517 1216 videntur
544 1159 774 1215 tristitia:
797 1158 1219 1215 consolationem
1242 1156 1479 1212 habere?
1505 1171 1684 1211 nonne
1708 1156 1870 1211 histo-

259 1256 357 1309 ria:
387 1254 626 1307 narratio
652 1262 733 1306 est
754 1294 768 1315 ,
795 1261 850 1307 et
875 1251 940 1307 de
968 1251 1240 1306 creatione
1264 1250 1545 1305 doctrina?

330 1346 387 1399 2.
422 1345 599 1399 Vultis
642 1344 803 1414 igitur
844 1344 1207 1399 demonstrem
1234 1342 1655 1400 consolationem
1682 1346 1733 1400 in
1766 1345 1867 1399 hac

262 1436 505 1491 dictione
543 1435 953 1491 absconditam?
981 1434 1262 1504 Exsurgite
1290 1435 1479 1505 igitur,
1511 1443 1565 1492 et
1591 1450 1712 1491 cum
1739 1438 1864 1492 dili-

258 1530 438 1599 gentia
463 1506 728 1583 advertite
748 1544 865 1598 qugr.
880 1526 1104 1582 dicenda
1132 1538 1272 1581 sunt.
1295 1527 1429 1582 Cum
1446 1529 1586 1583 enim
1610 1530 1865 1597 audieris,

260 1622 401 1691 quod
451 1622 642 1677 raalum
668 1664 682 1687 ,
710 1631 905 1675 terram
928 1662 943 1685 ,
976 1635 1121 1673 mare
1146 1659 1162 1685 ,
1190 1634 1373 1673 aerem
1394 1662 1408 1687 ,
1440 1635 1606 1690 aquas
1634 1662 1648 1686 ,
1681 1622 1867 1679 stellas

261 1714 483 1777 inultas,
513 1712 621 1767 duo
655 1711 936 1766 luminaria
958 1724 1173 1780 magna,
1206 1710 1434 1779 plantas,
1466 1710 1861 1780 quadrupedes,

261 1805 503 1859 natatilia
547 1812 603 1859 et
632 1801 865 1858 volatilia
908 1801 1157 1855 animalia
1182 1841 1197 1866 ,
1230 1800 1516 1871 omniaque
1544 1802 1867 1871 generaliter

259 1910 380 1964 quae
403 1894 670 1956 videntur,
694 1901 911 1963 prepter
934 1901 984 1946 te
1008 1902 1258 1960 tuamque
1283 1891 1510 1947 salutem
1529 1902 1581 1947 et
1604 1892 1863 1950 honorem

264 1983 407 2038 Deus
433 1983 723 2049 creaverit,
756 1997 933 2036 nonne
964 1995 1210 2051 magnam
1240 1983 1388 2051 capis
1416 1982 1860 2053 consolationem,

258 2087 312 2134 et
351 2078 644 2133 maximam
693 2075 996 2131 dilectionis
1040 2075 1135 2130 Dei
1179 2074 1694 2155 demonstrationem
1724 2077 1864 2135 hanc

257 2172 507 2242 suscipis,
531 2186 653 2225 cum
679 2169 1016 2240 cogitaveris,
1039 2168 1182 2239 quod
1210 2177 1413 2227 tantum
1436 2179 1492 2225 et
1520 2170 1682 2227 talem
1708 2187 1863 2227 mun-

256 2261 384 2317 dum
416 2302 432 2326 ,
478 2272 587 2319 tam
638 2259 917 2329 pulchrum
973 2268 1026 2313 et
1082 2273 1334 2328 magnum
1389 2267 1444 2314 et
1490 2258 1861 2318 admirabilem

255 2361 481 2423 propter
506 2360 560 2407 te
588 2350 838 2421 pusillum
867 2350 919 2405 in
944 2349 1177 2405 medium
1209 2350 1681 2421 protulerit?Cum
1703 2353 1864 2424 igitur

256 2444 516 2511 audieris,
549 2442 616 2497 In
648 2442 899 2513 principio
937 2442 1057 2514 fecit
1099 2440 1239 2497 Deus
1268 2441 1449 2497 calum
1473 2452 1519 2497 et
1546 2452 1767 2510 tenam,
1792 2458 1863 2502 ne

256 2534 575 2605 simpliciter
602 2532 803 2589 dictum
834 2542 1216 2603 praetercurras
1239 2573 1254 2598 ,
1276 2531 1373 2588 sed
1406 2540 1566 2589 terrm
1595 2533 1864 2606 magnitu-

255 2624 435 2680 dinem
468 2632 650 2678 mente
678 2636 933 2693 percurre
953 2664 967 2688 ,
994 2632 1050 2678 et
1076 2630 1262 2693 reputa
1293 2636 1453 2692 quam
1478 2623 1679 2678 lautam
1706 2623 1862 2681 nobis

254 2726 307 2770 et
331 2715 570 2785 opimam
596 2712 847 2783 produxit
866 2727 1129 2777 mensam,
1157 2719 1213 2768 et
1238 2712 1459 2768 multam
1484 2713 1681 2784 passim
1702 2714 1858 2771 nobis

254 2806 668 2863 delectationem
699 2804 925 2875 prabuit
943 2822 959 2860 :
977 2813 1029 2859 et
1047 2804 1190 2876 quod
1210 2805 1426 2876 quidem
1444 2814 1529 2862 est
1543 2807 1857 2877 maximum,

256 2899 307 2953 iu
336 2898 611 2953 nullorum
636 2897 880 2952 laborum
907 2897 1318 2954 retributionem
1343 2898 1510 2967 dedit,
1538 2916 1638 2957 nec
1665 2902 1718 2957 in
1746 2918 1862 2959 me-

254 2989 479 3043 ritorum
535 2987 816 3057 premium
868 2997 1074 3042 tantum
1124 2995 1181 3043 et
1233 2988 1395 3045 talem
1443 2990 1733 3059 mundum;
1763 2993 1857 3049 sed

252 3081 453 3152 pariter
475 3094 577 3135 nos
604 3079 780 3146 ﬁnxit,
803 3088 858 3134 et
885 3079 988 3135 hoc
1013 3096 1182 3151 regno
1208 3096 1377 3153 genus
1406 3091 1649 3139 nostrum
1682 3084 1856 3140 hono-

251 3173 391 3229 tavit
421 3191 435 3226 :
468 3172 643 3244 inquit
673 3172 818 3229 enim
843 3214 858 3241 ,
894 3170 1171 3243 Faciamus
1209 3174 1464 3229 hominem
1491 3176 1561 3241 ad
1585 3176 1857 3247 imaginem

180 3256 183 3259 ’
244 3282 293 3323 et
324 3268 741 3324 similitudinem
774 3280 1015 3324 nostram
1040 3267 1193 3341 (Gen.
1218 3268 1272 3326 1.
1306 3268 1423 3342 26).
1450 3270 1595 3338 Quid
1620 3278 1728 3339 est,
1769 3271 1855 3324 Ad

244 3362 539 3431 imaginem
553 3370 604 3414 st
619 3361 1029 3416 similitudinem
1055 3370 1296 3417 nostram
1311 3360 1696 3435 IPrincipatus
1720 3362 1859 3416 ima-

248 3446 427 3516 ginem
458 3445 614 3507 dixit.
641 3445 854 3499 utsicut
881 3444 1057 3499 nullus
1086 3444 1140 3499 in
1160 3444 1293 3499 ezelo
1321 3454 1405 3501 est
1434 3446 1545 3501 Deo
1570 3451 1849 3517 superior,

249 3538 329 3592 sic
352 3551 517 3607 super
539 3545 737 3591 terram
756 3535 931 3591 nullus
952 3536 1019 3591 sit
1041 3535 1259 3592 homine
1282 3539 1545 3607 superior.
1567 3538 1686 3595 Uno
1707 3542 1851 3596 enim

251 3626 351 3681 hoc
375 3637 431 3681 et
456 3625 630 3695 primo
658 3625 959 3691 honoravit,
982 3625 1126 3695 quod
1146 3626 1213 3681 ad
1239 3625 1525 3698 imaginem
1551 3642 1701 3685 suam
1728 3646 1850 3686 eum

250 3715 437 3772 fecerit
461 3733 477 3771 :
501 3715 774 3791 secundo,
805 3718 949 3785 quod
982 3732 1086 3771 non
1113 3717 1356 3773 laborum
1386 3720 1665 3787 praemium
1696 3724 1851 3778 nobis

249 3809 533 3879 imperium
564 3809 869 3879 praebuerit,
893 3808 986 3864 sed
1007 3810 1178 3864 solam
1216 3809 1851 3883 exhibueritbenignita-

247 3902 315 3958 tis
344 3918 459 3959 sua:
486 3902 712 3973 gratiam
744 3920 756 3957 :
790 3902 950 3958 tertio
992 3911 1173 3964 autem
1218 3902 1362 3972 quod
1411 3904 1651 3960 naturale
1694 3906 1849 3962 nobis

246 3994 376 4049 illud
415 3994 673 4065 elargitus
715 3995 803 4049 sit.
831 3994 1059 4064 Imperia
1095 3992 1239 4048 enim
1280 4001 1371 4047 aut
1402 3995 1663 4049 naturalia
1692 4008 1846 4063 sunt,

245 4096 334 4142 aut
353 4087 621 4143 electione
646 4087 817 4150 ﬁunt;
847 4086 1107 4141 naturalia
1147 4094 1305 4151 sunt,
1341 4094 1399 4141 ut
1422 4086 1592 4141 leonis
1622 4087 1675 4141 in
1714 4105 1846 4159 qua-

244 4178 537 4249 drupedes,
557 4188 612 4233 et
637 4176 690 4233 in
720 4192 848 4233 aves
875 4177 1100 4249 aquilae;
1124 4163 1391 4233 electione
1414 4177 1566 4247 ﬁunt,
1591 4180 1727 4235 sicut
1753 4197 1850 4235 no-

243 4271 341 4326 atri
378 4264 747 4341 Imperatoris.
779 4268 874 4324 llic
899 4268 1043 4323 enim
1084 4282 1193 4323 non
1220 4278 1407 4325 natura
1436 4270 1713 4327 conservis
1744 4274 1847 4327 im-

245 4370 414 4431 perat,
441 4361 564 4419 ideo
589 4374 734 4432 saape
764 4360 1047 4431 imperium
1076 4360 1295 4415 amittit.
1327 4359 1475 4416 Talia
1507 4362 1652 4417 enim
1682 4372 1845 4428 sunt,

242 4467 361 4522 qua:
384 4467 493 4506 non
521 4460 727 4506 natura:
753 4450 1019 4506 inhazrent
1041 4491 1057 4516 ,
1089 4460 1144 4506 ut
1170 4450 1323 4506 facile
1355 4451 1640 4508 admittant
1670 4465 1847 4508 muta-

242 4544 467 4598 tionem.
512 4543 583 4597 At
627 4557 736 4597 non
783 4542 855 4597 ita
906 4542 991 4597 leo
1016 4582 1032 4609 ,
1056 4541 1151 4596 sed
1191 4550 1380 4597 natura
1415 4542 1848 4613 quadrupedibus

241 4633 588 4699 dominatur,
618 4633 759 4688 sicut
796 4632 981 4687 itidem
1034 4641 1086 4687 et
1129 4632 1346 4689 alitibus
1388 4633 1590 4703 aquila.
1621 4633 1849 4704 Semper

244 4725 404 4794 igitur
449 4739 572 4779 cum
620 4738 821 4793 genere
848 4724 1137 4793 conjuncta
1180 4732 1265 4779 est
1292 4726 1441 4794 regni
1472 4724 1685 4794 species
1707 4768 1721 4793 ,
1749 4744 1848 4783 nec

244 4816 408 4869 ullum
439 4816 561 4884 quis
588 4814 736 4869 videt
773 4816 985 4870 leonem
1028 4830 1280 4884 umquam
1326 4815 1470 4870 hunc
1509 4817 1845 4873 emittentem

244 4906 619 4975 principatum.
649 4904 780 4960 Tale
829 4906 984 4961 nobis
1027 4906 1312 4976 imperium
1346 4907 1485 4961 Deus
1513 4921 1543 4960 a
1584 4910 1847 4979 principio

245 4997 465 5067 largitus
492 5007 596 5063 est,
626 5007 681 5053 et
707 5012 805 5052 nos
830 4998 1081 5053 omnibus
1111 4999 1402 5067 prmposuit
1432 5016 1445 5052 :
1475 5014 1577 5054 nec
1604 4999 1707 5054 hoc
1731 5002 1847 5055 solo

246 5103 487 5145 naturam
521 5100 760 5147 nostram
789 5090 1083 5159 decoravit,
1116 5091 1210 5146 sed
1238 5100 1291 5146 et
1312 5091 1425 5161 ipsa
1457 5090 1560 5145 loci
1590 5102 1848 5161 praestan-

244 5184 349 5248 tia,
378 5184 649 5252 egregium
691 5184 847 5238 nobis
894 5182 1256 5239 habitaculum
1300 5183 1591 5253 designans
1630 5184 1845 5253 paradi-

241 5289 382 5342 sum,
410 5284 465 5328 ct
492 5274 754 5329 rationem
778 5274 932 5341 dans,
962 5286 1016 5330 et
1041 5274 1275 5330 animam
1306 5274 1538 5345 largiens
1564 5274 1846 5330 immorta-

241 5362 365 5417 lem.

310 5442 453 5509 Dein
486 5470 589 5508 non
620 5462 814 5509 tantum
852 5474 967 5510 cum
996 5458 1243 5529 benefacit
1268 5498 1283 5524 ,
1316 5458 1404 5513 sed
1429 5458 1579 5511 etiam
1618 5474 1731 5511 cum
1760 5476 1847 5512 ca-

242 5546 411 5617 Etigal,
440 5548 601 5601 bonus
644 5558 735 5601 est.
765 5579 837 5588 ——
857 5548 962 5604 Sed
1012 5566 1119 5604 non
1167 5552 1281 5604 haec
1327 5550 1499 5604 dicam
1528 5567 1541 5603 :
1571 5565 1670 5619 ego
1701 5552 1844 5606 enim

239 5649 439 5695 tantam
482 5640 583 5695 Dei
622 5639 921 5697 dilectionis
952 5642 1495 5712 superabundantiam
1535 5657 1655 5698 esse
1685 5644 1802 5698 dico
1828 5687 1841 5708 ,

237 5746 425 5789 utnon
460 5742 669 5788 tantum
718 5750 781 5788 ex
824 5736 886 5790 iis
934 5738 1126 5805 quibus
1177 5752 1274 5791 nos
1318 5738 1639 5802 honoravit,
1670 5738 1761 5790 sed
1794 5745 1847 5791 et

236 5828 428 5899 quibus
483 5826 762 5898 caStigavit
794 5870 807 5895 ,
857 5828 1101 5885 similiter
1158 5830 1424 5899 possimus
1478 5831 1841 5887 demonstrare

1986 503 2154 573 ipsius
2196 502 2491 560 bonitatem
2540 513 2595 561 et
2637 503 3041 577 benignitatem.
3076 505 3145 561 Et
3196 506 3301 564 hoc
3350 508 3585 566 maxime

1981 598 2221 651 omnium
2271 611 2365 653 vos
2408 611 2531 653 cum
2576 598 2853 671 diligentia
2895 600 3241 657 considerare
3290 601 3580 669 cohortor,

1981 688 2147 742 Deum
2198 704 2307 743 non
2352 698 2557 744 tantum
2610 704 2739 749 cum
2773 691 3005 747 honorat
3047 701 3101 748 et
3143 690 3444 759 benefacit,
3488 700 3583 750 sed

1978 786 2033 832 et
2060 792 2181 833 cum
2210 780 2433 849 castigat
2456 789 2509 835 et
2536 782 2708 852 punit,
2731 783 3127 839 similiteresse
3140 785 3337 839 bonum
3359 803 3373 840 :
3395 794 3450 840 et
3468 785 3582 841 sive

1979 878 2164 925 contra
2191 871 2437 941 gentiles,
2457 872 2575 929 sive
2594 883 2782 929 contra
2804 875 3088 933 hzeretieos
3117 879 3271 934 nobis
3287 881 3579 934 certamina

1979 970 2314 1025 moveantur,
2345 972 2399 1018 et
2428 977 2616 1035 pugnae
2644 964 2711 1020 de
2739 964 2836 1021 Dei
2864 966 3208 1038 benignitate,
3237 984 3341 1023 nou
3373 978 3579 1025 tantum

1978 1066 2043 1105 ex
2064 1052 2258 1122 quibus
2281 1069 2379 1110 nos
2406 1054 2710 1124 honoravit,
2734 1058 2827 1114 sed
2849 1068 2901 1113 et
2926 1060 3204 1130 exquibus
3225 1075 3324 1116 nos
3350 1061 3577 1132 punivit,

1976 1142 2146 1213 ipsius
2175 1147 2465 1201 bonitatem
2495 1148 3004 1207 demonstrabimus.
3039 1154 3095 1209 Si
3125 1157 3269 1210 enim
3302 1156 3577 1215 honorans

1980 1246 2183 1291 tantum
2214 1238 2388 1295 bonus
2416 1251 2579 1309 esset,
2604 1243 2832 1311 puniens
2857 1260 2993 1301 vero
3014 1262 3121 1302 non
3147 1258 3308 1317 esset,
3336 1249 3406 1306 ex
3430 1252 3581 1308 dimi-

1977 1330 2065 1385 dio
2092 1332 2266 1388 bonus
2289 1342 2462 1401 esset;
2491 1336 2585 1392 sed
2613 1352 2720 1391 non
2752 1338 2820 1393 ita
2851 1348 2934 1394 est
2957 1382 2970 1406 ,
2999 1341 3155 1395 absit.
3192 1343 3247 1397 In
3277 1341 3579 1403 hominibus

1975 1424 2191 1493 quidem
2223 1426 2324 1482 hoc
2351 1427 2568 1483 evenire
2600 1431 2889 1486 verisimile
2928 1444 3045 1501 est,
3070 1437 3321 1505 quoniam
3344 1453 3465 1494 cum
3491 1441 3578 1497 fu-

1977 1530 2099 1571 rore
2139 1526 2195 1572 et
2234 1533 2299 1573 ex
2339 1519 2530 1575 affectu
2558 1536 2742 1590 poenas
2773 1523 3041 1592 inferunt;
3078 1526 3218 1583 Deus
3248 1542 3425 1585 autem
3454 1546 3578 1589 cum

1976 1608 2136 1664 nullis
2160 1609 2229 1664 sit
2253 1610 2530 1669 affectibus
2550 1613 2833 1681 obnoxius,
2862 1617 2976 1672 sive
3004 1618 3320 1688 benefaciat,
3345 1625 3457 1679 sive
3478 1637 3580 1695 pu-

1977 1698 2088 1752 niat
2110 1740 2124 1763 ,
2155 1700 2403 1757 similiter
2426 1712 2509 1757 est
2541 1704 2749 1759 bonus:
2780 1721 2879 1762 nec
2908 1724 3073 1778 regno
3099 1710 3277 1767 minus
3319 1714 3580 1783 gehennae

1974 1792 2321 1847 comminatio
2352 1793 2519 1865 ipsius
2544 1795 2838 1853 bonitatem
2861 1799 3197 1857 demonstrat
3226 1820 3239 1856 :
3270 1811 3327 1858 et
3348 1820 3455 1875 quo
3481 1821 3578 1877 pa-

1972 1890 2063 1936 cto
2089 1882 2139 1937 id
2166 1882 2276 1951 fiat,
2306 1884 2407 1957 ego
2431 1886 2626 1942 dicam.
2656 1887 2765 1943 Nisi
2793 1888 3091 1960 gehennam
3113 1894 3343 1951 minatus
3366 1897 3577 1964 fuisset,

1975 1973 2074 2029 nisi
2120 1990 2331 2045 poenam
2366 1990 2754 2048 praeparassct,
2784 1996 2889 2036 non
2927 1983 3081 2039 multi
3111 2000 3333 2056 regnum
3364 2003 3579 2059 assequi

1974 2066 2295 2135 potuissent.
2323 2068 2439 2125 Non
2467 2072 2610 2126 enim
2639 2073 2707 2127 ita
2736 2072 3000 2130 bonorum
3048 2080 3333 2146 promissio
3372 2083 3439 2137 ad
3469 2085 3579 2138 vir-

1974 2166 2138 2213 tutem
2185 2161 2383 2218 multos
2422 2172 2643 2229 evocat,
2677 2174 2735 2220 ut
2778 2167 3043 2223 malorum
3074 2170 3356 2228 intentatio
3383 2175 3579 2233 timore

1972 2248 2280 2319 compellit,
2311 2260 2365 2306 et
2415 2251 2481 2306 ad
2523 2253 2717 2309 animai
2764 2268 2948 2311 curam
2995 2261 3211 2315 excitat.
3244 2260 3427 2333 Itaque
3473 2268 3576 2321 etsi

1970 2339 2225 2413 czelorurn
2253 2356 2421 2413 regno
2435 2342 2677 2413 gehenna
2697 2349 2963 2403 contraria
2988 2358 3091 2418 est,
3115 2351 3181 2406 ad
3202 2368 3365 2408 unum
3396 2362 3575 2412 tamen

1971 2433 2130 2487 ambo
2161 2420 2322 2489 finem
2351 2436 2666 2507 resiiiciunt,
2697 2438 2974 2497 hominum
3004 2444 3232 2502 salutem
3263 2447 3429 2504 :illud
3456 2451 3574 2522 qui-

1970 2522 2091 2579 dem
2118 2523 2185 2579 ad
2214 2540 2275 2582 se
2302 2527 2564 2596 alliciens,
2599 2529 2714 2585 hazc
2741 2540 2925 2588 autem
2955 2533 3023 2589 ad
3050 2534 3183 2593 illud
3203 2540 3537 2610 compellens
3554 2585 3571 2613 ,

1970 2626 2025 2672 et
2048 2618 2462 2690 negligentiores
2493 2622 2686 2679 timore
2714 2629 3011 2699 corrigens.

2040 2709 2094 2763 5.
2128 2708 2281 2765 Hunc
2305 2712 2485 2767 autem
2514 2728 2619 2768 non
2647 2715 2917 2773 incassum
2954 2733 3259 2777 sermonem
3292 2727 3570 2795 protraho;

1968 2799 2062 2855 sed
2089 2802 2342 2872 quoniam
2369 2816 2519 2874 saepe
2533 2803 2675 2862 fame
2702 2814 2756 2862 et
2783 2808 3113 2868 siccitatibus
3135 2815 3494 2885 venientibus,
3517 2831 3573 2876 et

1967 2891 2119 2949 bellis
2138 2902 2241 2960 ,‘et
2266 2894 2343 2950 ira
2370 2896 2517 2967 regia
2545 2898 2783 2957 irruente
2807 2943 2823 2969 ,
2847 2911 2901 2957 et
2926 2903 3047 2960 aliis
3086 2906 3385 2965 istiusmodi
3416 2912 3573 2969 inex-

1964 2985 2221 3053 spectatis
2238 2985 2427 3057 rebus,
2454 2989 2607 3045 multi
2636 2991 2993 3063 simpliciores
3022 2995 3299 3068 decipiunt
3317 2999 3568 3070 dicendo,

1964 3090 2071 3129 non
2099 3075 2259 3147 digna
2292 3075 2409 3134 htec
2450 3093 2571 3137 esse
2610 3080 2706 3138 Dei
2754 3085 3108 3153 providentia.
3134 3087 3213 3145 Ne
3237 3089 3402 3162 igitur
3426 3094 3573 3151 deci-

1966 3165 2204 3235 piamur,
2234 3168 2330 3225 sed
2370 3178 2523 3227 certo
2564 3172 2835 3243 sciamus,
2864 3177 3011 3248 quod
3047 3179 3166 3238 sive
3208 3181 3427 3253 famem,
3455 3186 3571 3246 sive

1964 3255 2184 3346 bellum,
2208 3259 2323 3316 sive
2351 3261 2498 3318 aliud
2523 3263 2899 3339 quodcumque
2923 3270 3210 3328 molestum
3234 3274 3473 3346 inducat,
3501 3296 3569 3336 ex

1891 3352 1898 3359 '
1963 3343 2293 3418 benignitate
2316 3359 2373 3406 et
2401 3352 2567 3408 multa
2596 3354 2885 3414 dilectione
2910 3358 3015 3416 hoc
3043 3362 3270 3433 efﬁciat,
3296 3364 3421 3423 huic
3446 3343 3565 3425 ser-

1963 3438 2110 3492 moui
2136 3450 2355 3516 coactus
2382 3458 2502 3499 sum
2532 3445 2829 3504 immorari.
2857 3449 2995 3508 Nam
3034 3461 3091 3509 et
3115 3464 3295 3526 patres
3324 3461 3568 3517 omnium

1961 3532 2195 3588 maxime
2223 3533 2360 3591 ﬁlios
2384 3546 2630 3595 amantes
2655 3548 2709 3597 et
2731 3556 2917 3599 mensa
2947 3545 3256 3617 prohibent,
3278 3560 3334 3607 et
3353 3550 3564 3624 ﬂagella

1960 3618 2224 3691 inﬂigunt,
2248 3633 2300 3680 et
2321 3625 2557 3683 afﬁciunt
2576 3628 2885 3701 ignominia,
2904 3640 2961 3689 et
2986 3635 3106 3692 aliis
3126 3637 3349 3696 infinitis
3373 3618 3568 3703 talibus

1961 3708 2298 3768 lascivientes
2324 3729 2524 3785 pueros
2548 3720 2825 3792 corrigunt
2849 3740 2862 3777 :
2886 3724 2982 3780 sed
3004 3732 3183 3783 tamen
3212 3740 3390 3799 patres
3415 3747 3562 3802 sunt,

1961 3816 2067 3857 non
2099 3812 2301 3861 tantum
2332 3806 2458 3861 dum
2486 3808 2753 3867 honorant
2776 3853 2793 3879 ,
2824 3812 2917 3869 sed
2944 3822 2999 3870 et
3018 3815 3146 3874 dum
3178 3818 3293 3876 hate
3324 3822 3523 3879 faciunt
3546 3867 3562 3892 ,

1958 3903 2013 3951 et
2062 3905 2187 3952 tunc
2225 3900 2459 3956 maxime
2488 3911 2702 3972 patres,
2734 3918 2855 3960 cum
2884 3904 3000 3963 haec
3024 3908 3243 3966 faciunt.
3276 3912 3333 3967 Si
3383 3925 3565 3972 autem

1960 3988 2223 4057 homines,
2242 3992 2332 4062 qui
2349 3992 2529 4051 furore
2557 4005 2609 4051 et
2640 3996 2716 4051 ira
2739 4012 2882 4069 saepe
2906 3999 2975 4055 ab
3001 4001 3113 4056 utili
3135 4003 3422 4073 declinant,
3454 4024 3563 4066 non

1958 4081 2273 4138 crudelitate
2300 4093 2354 4139 et
2381 4084 2791 4157 inhumanitate,
2813 4091 3565 4170 sedcuraetcharitate,quos

1957 4182 2176 4239 amant,
2210 4176 2399 4244 punire
2445 4186 2745 4246 putantur:
2778 4181 2946 4237 multo
2997 4185 3167 4255 magis
3216 4186 3285 4242 de
3334 4187 3448 4246 Deo
3484 4192 3565 4248 sic

1956 4266 2159 4321 sentire
2186 4276 2421 4338 oportet,
2445 4271 2535 4341 qui
2561 4270 2816 4328 bonitatis
2845 4289 2956 4331 suae
2980 4278 3196 4335 cumulo
3216 4296 3432 4338 omnem
3461 4299 3570 4340 ex-

1956 4358 2099 4412 cedit
2130 4368 2405 4429 paternam
2419 4364 2759 4423 charitatem.
2777 4366 2844 4424 Et
2861 4383 2929 4423 ne
2956 4369 3149 4427 credas
3174 4371 3287 4429 haec
3307 4391 3405 4446 per
3432 4392 3565 4435 con.

1950 4448 2213 4519 jecturam
2240 4468 2362 4509 esse
2386 4454 2546 4520 dicta,
2576 4470 2675 4526 age
2700 4456 2765 4512 ad
2793 4458 2961 4528 ipsam
2988 4459 3320 4533 Scriptorum
3346 4483 3561 4526 sermo-

1957 4557 2024 4598 ne
2046 4555 2396 4601 revertamur.
2418 4547 2703 4619 Postquam
2731 4552 2873 4607 enim
2904 4552 3067 4610 homo
3082 4556 3152 4612 ab
3176 4559 3424 4629 improbo
3453 4563 3567 4621 die-

1957 4650 2114 4694 mone
2156 4638 2414 4711 deceptus
2454 4650 2510 4696 et
2552 4642 2773 4697 allectus
2816 4654 2931 4710 est,
2966 4628 3564 4721 vi‘deamusiqiiomodo

1956 4727 2128 4797 ipsum
2160 4730 2262 4785 tale
2289 4740 2567 4801 operatum
2595 4733 2798 4789 crimen
2827 4734 2967 4790 Deus
2996 4740 3261 4795 tractavit.
3292 4742 3559 4813 Numquil

1956 4822 2131 4891 ipsum
2167 4824 2387 4878 omnino
2418 4824 2681 4894 perdidit?
2703 4836 2756 4881 et
2781 4828 2994 4897 quidem
3035 4829 3256 4899 justitize
3295 4837 3432 4891 ratio
3460 4837 3563 4891 hoc

1956 4916 2239 4987 exigebat,
2262 4919 2393 4973 nihil
2436 4918 2651 4989 quidem
2689 4919 2814 4975 boni
2850 4933 3128 4993 operatum
3157 4966 3172 4991 ,
3205 4937 3405 4983 tantam
3434 4945 3565 4989 vero

1956 5008 2385 5065 benevolentiam
2429 5022 2815 5083 assequutum,
2841 5030 2965 5071 mox
3005 5032 3035 5071 a
3071 5020 3380 5087 primordiis
3404 5028 3565 5079 lasci-

1957 5099 2191 5155 vientem
2222 5102 2289 5157 de
2334 5102 2509 5159 medio
2536 5105 2683 5171 tolli,
2711 5114 2765 5160 et
2794 5105 3034 5163 funditUs
3060 5110 3249 5167 deleri.
3297 5114 3405 5171 Sed
3456 5130 3562 5172 non

1956 5193 2082 5249 fecit
2112 5194 2213 5250 hoc
2242 5195 2401 5259 Dens,
2434 5213 2534 5252 nec
2562 5197 2901 5256 abominatus
2929 5212 3032 5269 est,
3063 5219 3163 5259 nec
3188 5220 3310 5260 eum
3340 5222 3563 5263 aversa~

1958 5296 2045 5340 tus
2069 5328 2082 5353 ,
2114 5288 2203 5358 qui
2236 5303 2295 5343 se
2329 5299 2434 5371 tam
2462 5290 2730 5360 ingratum
2763 5292 2814 5346 in
2845 5294 3247 5353 benefactorem
3274 5298 3519 5356 exhibui:
3550 5345 3564 5364 .

1957 5382 2051 5436 sed
2094 5383 2159 5437 ad
2202 5383 2374 5452 ipsum
2403 5384 2585 5451 venit,
2612 5386 2752 5441 sicut
2794 5388 2861 5441 ad
2908 5399 3170 5459 aegrotum
3203 5392 3465 5449 medicus.
3495 5395 3561 5450 Et

1958 5476 2067 5529 noli
2096 5476 2384 5531 oscitanter
2410 5476 2612 5532 dictum
2642 5490 3080 5555 praztereurrcre,
3098 5485 3447 5551 charissime,
3468 5487 3560 5542 sed

1956 5569 2127 5637 cogita
2156 5570 2312 5639 quale
2344 5579 2446 5636 est,
2478 5586 2577 5626 nec
2600 5574 2872 5641 angelum,
2906 5590 3005 5630 nec
3037 5578 3436 5648 archangelum,
3463 5598 3563 5638 nec

1959 5660 2120 5715 ullum
2149 5661 2309 5713 alium
2335 5662 2477 5717 illius
2497 5679 2881 5719 conservorum
2908 5667 3136 5729 misisse,
3160 5670 3252 5724 sed
3275 5686 3558 5737 ipsummet

1959 5742 2239 5808 Dominum
2283 5756 2347 5809 ad
2378 5757 2673 5827 collapsum
2706 5760 3371 5831 descendisse,jacentem
3423 5774 3557 5823 relc-

1966 5868 2135 5921 vasse,
2170 5862 2219 5908 et
2249 5840 2419 5910 solum
2453 5854 2517 5909 ad
2543 5856 2713 5911 solum
2740 5866 3005 5927 tamquam
3040 5856 3101 5911 ad
3136 5860 3363 5915 amicum
3398 5862 3563 5915 intor-
