4196 6316
2335 251 2386 292 \

643 395 714 455 se
1381 391 1439 450 s
1476 389 1750 448 JOANNIS
1786 364 2248 445 c‘nnrsosrom
2283 379 2602 438 ARCtIlEP.
2641 379 3173 438 consumatur.
3851 379 3928 434 se

647 518 887 568 tnnatnm
926 515 982 562 et
1012 505 1068 562 in
1091 517 1279 577 magna
1314 503 1662 560 commntum
1690 499 2009 571 adversitatc
2034 510 2216 561 acces-

646 596 799 650 sisse.
823 589 974 658 Quod
999 590 1144 647 enim
1170 604 1236 645 ex
1257 588 1420 647 multa
1442 585 1818 642 hoccharitate
1829 579 2221 648 fecerit,etipsa

648 685 827 746 verba.
849 697 969 753 qua:
988 680 1056 735 ad
1079 680 1248 751 ipsum
1269 677 1421 744 dixit,
1436 676 1614 747 ipsius
1639 673 1958 730 ineﬂabilem
1981 682 2220 724 amorem

645 775 1029 827 demonstrant.
1053 770 1121 825 Et
1139 768 1265 839 quid
1279 782 1412 837 opus
1435 776 1536 832 est,
1569 776 1624 820 ut
1645 764 1822 819 omnia
1841 760 2001 817 verba
2022 756 2223 813 dicam?

645 867 813 934 prima
869 860 1107 934 profecto
1131 859 1293 916 dictio
1320 858 1497 912 statim
1539 856 1704 927 ipsius
1734 865 1972 908 amorem
1995 849 2220 906 demon-

641 953 852 1009 stravit.
881 953 994 1008 Non
1025 953 1167 1007 enim
1196 950 1368 1015 dixit,
1397 947 1534 1001 sicut
1560 960 1654 1016 par
1676 951 1794 1006 erat
1819 942 2065 1011 injuriam
2097 953 2220 1007 pas-

639 1059 759 1098 sum
787 1045 966 1098 dicere
989 1041 1070 1097 :0
1094 1040 1352 1096 scelerate
1372 1045 1425 1092 et
1445 1035 1847 1101 scelestissitne,
1871 1032 1958 1087 tali
1986 1045 2102 1086 mea
2131 1029 2222 1083 be-

587 1133 590 1136 ’
641 1133 942 1189 net-olentia
991 1131 1187 1202 potitus
1211 1168 1226 1192 ,
1250 1138 1399 1182 tanto
1427 1126 1710 1181 decorat-ns
1749 1137 1914 1194 regno
1931 1161 1949 1188 ,
1975 1119 2222 1175 omnibus

641 1224 982 1280 terrestribus
998 1221 1143 1276 nullo
1168 1230 1258 1274 tuo
1273 1219 1462 1274 merito
1484 1215 1825 1287 przehabitus,
1846 1221 1900 1269 et
1924 1227 2056 1266 mea:
2078 1223 2223 1265 cura:

642 1317 861 1385 pignora
890 1328 982 1381 per
1007 1326 1168 1381 opera
1192 1318 1247 1365 et
1273 1324 1451 1364 veram
1481 1305 1826 1382 providentia:
1855 1301 2220 1372 probationem

637 1412 992 1474 asseqnutus,
1015 1402 1314 1472 improbum
1351 1393 2073 1466 dzemoncm-etpestiierum
2116 1401 2220 1446 tum

643 1493 830 1547 salutis
855 1491 1125 1556 inimicum
1151 1529 1166 1554 ,
1196 1487 1422 1542 Domino
1463 1497 1519 1542 et
1564 1496 1739 1541 tutore
1761 1527 1776 1553 ,
1806 1486 1890 1541 cui
1928 1483 2180 1540 crederes
2202 1523 2218 1548 ,

639 1583 933 1654 digniorem
976 1578 1205 1636 duxisti?
1229 1578 1357 1649 quid
1387 1576 1477 1634 ille
1505 1578 1607 1632 tale
1637 1585 1723 1632 tua
1749 1591 1909 1631 causa
1937 1574 2219 1646 prmstitit,

639 1675 794 1743 quale
820 1689 920 1744 ego
944 1672 968 1727 ’ἒ
997 1685 1173 1726 nonne
1198 1671 1387 1725 cailum
1422 1679 1642 1740 propter
1665 1677 1716 1724 te
1741 1667 1952 1722 creari?
1978 1675 2172 1721 terram
2201 1705 2218 1730 ,

637 1780 807 1829 mare,
838 1765 1026 1828 solem,
1055 1763 1254 1824 lunam,
1283 1770 1338 1816 et
1365 1759 1544 1814 stellas
1571 1757 1797 1814 omnes?
1822 1771 1929 1812 non
1958 1757 2101 1810 enim
2128 1754 2219 1809 ulli

637 1854 810 1925 angeli
851 1853 1005 1922 hujus
1030 1859 1288 1918 creatura:
1333 1849 1669 1920 indigebant,
1702 1847 1797 1905 sed
1828 1849 2045 1919 propter
2073 1855 2128 1901 te
2165 1853 2221 1898 et

641 1945 875 2014 requiem
909 1956 1048 1998 tuam
1074 1985 1090 2010 ,
1119 1943 1276 1998 talem
1303 1949 1360 1997 et
1398 1951 1598 1996 tantum
1628 1939 1730 1996 feci
1758 1940 2011 1996 mundum
2038 1957 2051 1992 :
2081 1947 2134 1993 et
2164 1947 2218 1992 tu

639 2037 779 2094 nuda
808 2037 967 2091 verba
985 2077 1001 2102 ,
1030 2046 1083 2090 et
1103 2034 1514 2106 promissionem
1545 2032 1734 2087 falsam
1757 2073 1773 2097 ,
1803 2040 1857 2087 et
1883 2029 2221 2102 pollicitatio-

638 2147 759 2186 nem
792 2128 977 2184 fraude
1007 2128 1238 2198 plenam,
1262 2127 1456 2182 collata
1483 2123 1737 2194 operibus
1761 2123 1893 2194 ipsis
1918 2121 2224 2177 beneﬁcen-

639 2226 708 2275 tia
734 2230 788 2277 et
807 2220 1158 2292 providentia,
1187 2219 1288 2274 ﬁde
1313 2217 1606 2288 digniorem
1633 2231 1754 2272 esse
1781 2223 1949 2282 ratus,
1973 2225 2024 2270 te
2044 2212 2218 2285 ipsum

638 2314 710 2368 illi
739 2311 1026 2380 tradidisti,
1054 2325 1304 2381 measque
1324 2310 1469 2377 leges
1491 2307 1850 2364 conculcasti?

708 2403 802 2457 Dei
839 2420 957 2472 erga
982 2403 1198 2472 primum
1233 2401 1484 2455 hominem
1513 2398 1795 2453 clementia.
1825 2427 1897 2437 —
1925 2395 2049 2452 litec
2074 2396 2218 2450 enim

637 2507 688 2550 et
712 2493 792 2549 his
817 2493 962 2562 plura
997 2492 1180 2546 lzrsum
1207 2506 1302 2560 par
1322 2498 1437 2544 erat
1455 2488 1634 2544 dicere
1659 2506 1671 2540 :
1695 2487 1790 2543 sed
1818 2501 1933 2555 non
1954 2488 2026 2541 ita
2056 2486 2216 2552 Deus,

634 2599 822 2638 verum
846 2582 1063 2638 omnino
1085 2590 1290 2635 contra.
1323 2582 1360 2633 A
1392 2580 1560 2649 prima
1583 2579 1722 2634 enim
1748 2593 1877 2632 voce
1902 2576 2073 2646 ipsum
2105 2585 2219 2631 sta-

639 2674 734 2727 tim
761 2673 971 2736 erexit,
995 2686 1058 2726 ac
1091 2670 1387 2740 jacentem,
1418 2677 1576 2739 atque
1609 2669 1879 2723 timentem
1907 2676 1961 2722 et
1989 2675 2219 2721 tremen-

636 2775 743 2818 tem
770 2762 1043 2818 conlidere
1071 2762 1214 2828 fecit,
1249 2761 1394 2831 prior
1422 2775 1543 2815 cum
1573 2773 1770 2815 vocans
1797 2759 1909 2828 ipse
1936 2777 1948 2812 :
1979 2758 2218 2828 quinimo

636 2869 743 2910 non
786 2861 989 2908 tantum
1034 2853 1177 2919 prior
1200 2865 1396 2905 vocans
1420 2840 1447 2918 ,'
1465 2850 1558 2904 sed
1593 2850 1755 2904 etiam
1803 2865 1866 2903 ex
1915 2863 2014 2902 suo
2043 2848 2215 2916 ipsum

634 2945 851 3000 nomine
869 2942 1163 3013 appellem,
1187 2949 1239 2996 et
1259 2939 1443 2996 dicens
1470 2958 1484 2994 :
1509 2939 1671 2994 Adam
1692 2939 1774 2994 ubi
1798 2955 1849 2994 cs
1871 2937 2025 3009 (Gen.
2053 2938 2106 2992 3.
2131 2937 2219 3007 9)?

633 3049 870 3092 antorem
890 3048 1065 3099 suum,
1087 3042 1142 3088 et
1162 3032 1379 3087 multant
1403 3030 1541 3086 circa
1565 3032 1737 3101 ipsum
1757 3045 1940 3086 curam
1962 3028 2214 3083 ostendit.

639 3123 751 3184 iam
779 3125 922 3180 enim
950 3137 1137 3177 omnes
1178 3123 1349 3176 nostis
1397 3120 1499 3177 hoc
1542 3136 1662 3176 esse
1692 3120 1939 3192 legitima:
1967 3117 2215 3175 amicitiae

633 3217 910 3272 indicium.
938 3215 1030 3270 Sic
1054 3213 1232 3270 facere
1260 3221 1652 3268 consueverunt
1677 3214 1766 3284 qui
1794 3222 2032 3268 mortuos
2062 3226 2217 3266 revo-

634 3317 797 3374 cant,
842 3305 1146 3376 frequenter
1185 3305 1420 3374 ipsorum
1464 3303 1680 3359 nomina
1727 3313 2046 3358 versantes:
2080 3303 2218 3368 sicut

631 3398 866 3457 vicissim
909 3396 1000 3468 qui
1035 3396 1159 3452 odio
1185 3395 1421 3459 habent,
1449 3406 1503 3450 et
1537 3396 1752 3465 inimice
1789 3410 1912 3466 erga
1939 3394 2215 3466 quospiam

632 3489 806 3545 allecti
835 3497 957 3544 sunt
976 3527 992 3554 ,
1020 3502 1118 3543 nec
1144 3487 1356 3542 nomina
1382 3501 1566 3550 eorum
1590 3485 1680 3558 qui
1709 3500 1772 3541 se
1797 3486 2006 3552 lzesere,
2038 3483 2216 3540 ferunt

640 3593 1083 3636 commemorare.
1123 3577 1249 3633 ldeo
1289 3577 1416 3634 Sail]
1461 3579 1658 3633 nullam
1705 3576 1919 3647 quidem
1967 3576 2212 3646 injuriam

616 3685 824 3742 passus
845 3708 864 3738 ,
887 3668 1082 3724 multas
1099 3683 1227 3724 vero
1252 3677 1308 3723 ct
1335 3681 1554 3739 magnas
1581 3667 1805 3738 injurias
1828 3668 1881 3722 in
1911 3667 2072 3722 David
2100 3682 2216 3722 ma-

633 3762 901 3824 chinatus,
930 3767 1208 3830 postquam
1238 3757 1411 3828 ipsum
1441 3756 1787 3812 aversabatur
1810 3765 1864 3811 et
1884 3757 2088 3823 oderat,
2113 3772 2213 3831 nec

633 3851 776 3906 illius
813 3848 1224 3921 appellationem
1267 3861 1691 3902 commemorare
1738 3847 2078 3912 sustinebat,
2118 3846 2214 3902 sed

630 3939 1039 3998 considentibus
1067 3938 1318 3995 omnibus
1347 3947 1627 4009 postquam
1658 3953 1766 3993 non
1798 3938 2009 3992 venisse
2038 3936 2166 3991 vidit
2194 3979 2210 4003 ,

631 4031 760 4101 quid
798 4031 1001 4102 inquit?
1027 4029 1145 4085 Non
1186 4029 1355 4094 dixit,
1381 4028 1472 4084 ubi
1507 4037 1591 4085 est
1627 4027 1984 4094 Davidised,
2019 4027 2118 4083 Ubi
2141 4037 2215 4081 est

635 4123 773 4188 ﬁlius
802 4119 948 4175 Iesse
968 4124 1041 4190 (Ι.
1073 4122 1194 4194 Reg.
1212 4119 1653 4194 20,27)?apatre
1689 4120 1867 4192 ipsum
1901 4133 2118 4172 vocans.
2149 4117 2216 4172 Et

633 4213 826 4269 iterum
851 4211 1017 4268 ,ιιιάωί
1045 4212 1110 4267 tle
1135 4212 1348 4268 Christo
1373 4197 1510 4266 idem
1533 4210 1765 4266 faciunt:
1794 4211 2042 4282 quoniam
2071 4210 2216 4265 enim

635 4303 809 4373 ipsum
831 4302 1215 4358 aversabantur
1234 4312 1288 4358 et
1312 4307 1554 4366 oderant,
1583 4318 1688 4356 non
1715 4302 1986 4368 dixerunt,
2012 4301 2112 4365 Ubi
2134 4311 2216 4356 est

634 4391 903 4457 Christus.
933 4392 1048 4456 sed.
1087 4391 1185 4448 Ubi
1209 4403 1280 4447 est
1308 4393 1395 4446 ille
1422 4390 1597 4463 (Joan.
1629 4393 1679 4446 7.
1711 4391 1840 4463 ll)?

706 4485 762 4539 4.
791 4483 897 4539 Sed
928 4483 1069 4540 Deus
1097 4495 1148 4538 et
1197 4484 1250 4537 in
1290 4483 1390 4538 hoc
1419 4483 1786 4537 demonstrare
1824 4483 2041 4549 volens,
2073 4483 2215 4554 quod

637 4589 737 4631 nec
766 4581 1040 4645 peccatum
1067 4589 1304 4628 amorem
1341 4575 1693 4636 exstinxerit,
1728 4588 1826 4627 nec
1865 4573 2215 4628 inobedicntia

634 4681 786 4722 suam
819 4665 1071 4735 in.ipsum
1103 4664 1524 4719 benevolentiam
1567 4664 1838 4717 sustulerit
1862 4705 1875 4727 ,
1909 4663 2001 4718 sed
2044 4663 2219 4718 adhuc

637 4754 911 4826 provideat
935 4763 989 4809 et
1013 4769 1192 4808 curam
1215 4763 1364 4822 gerat
1391 4753 1541 4822 lapsi,
1574 4754 1741 4822 inquit
1771 4771 1783 4807 :
1819 4755 1980 4806 Adam
2009 4753 2091 4806 ubi
2120 4771 2170 4807 es
2194 4754 2220 4806 ?

638 4857 746 4902 non
775 4843 1023 4912 ignorans
1048 4842 1136 4896 ubi
1161 4842 1398 4912 degeret,
1427 4842 1520 4896 sed
1550 4844 1800 4911 quoniam
1829 4843 1893 4896 iis
1916 4843 2003 4912 qui
2031 4858 2217 4910 pecea-

636 4941 834 4988 verunt
855 4946 920 4986 os
942 4941 1220 4988 consutum
1245 4941 1358 4997 est,
1391 4944 1610 5001 peccato
1649 4933 1875 5002 linguam
1906 4942 2178 4986 avertente
2201 4972 2215 4993 .

636 5033 693 5078 et
721 5022 1042 5078 conscientia
1072 5023 1236 5092 ipsam
1266 5023 1574 5088 cohibente,
1607 5025 1905 5093 stupidique
1932 5024 2006 5076 illi
2050 5037 2222 5076 rema-

638 5123 785 5179 nent,
817 5113 1030 5169 silentio
1055 5123 1323 5183 tamquam
1351 5115 1580 5185 quodam
1611 5117 1818 5168 vinculo
1848 5115 2084 5170 coerciti.
2111 5112 2221 5168 Vo-

639 5206 754 5258 lens
786 5206 964 5274 itaque
1000 5205 1139 5260 Deus
1193 5205 1362 5274 ipsum
1415 5207 1480 5260 ad
1531 5207 1775 5262 ﬁduciam
1822 5218 1874 5262 et
1921 5208 2219 5263 libertatem

641 5296 887 5366 loquendi
911 5296 1200 5366 provocare
1225 5337 1240 5360 .
1271 5307 1325 5350 ct
1346 5298 1399 5350 in
1426 5312 1609 5352 eorum
1635 5314 1753 5369 qua:
1779 5299 2065 5354 admiserat
2091 5316 2220 5371 pur-

639 5388 904 5455 gationcnt
936 5385 1188 5441 inducere
1220 5427 1235 5450 ,
1263 5397 1318 5440 ut
1343 5387 1518 5458 aliqua
1548 5388 1813 5444 frueretur
1842 5391 2013 5456 venia,
2047 5391 2220 5461 ipsum

645 5475 788 5550 prior
841 5476 953 5548 ipse
997 5477 1233 5539 vocavit,
1269 5478 1548 5531 anxietatis
1605 5481 1827 5536 multum
1871 5482 2223 5552 appellatione

643 5567 886 5621 recidens
911 5609 925 5633 ,
955 5577 1006 5622 et
1032 5569 1302 5637 expellens
1331 5571 1597 5633 timorem,
1629 5587 1794 5643 osque
1823 5574 2064 5630 vocando
2093 5591 2221 5645 ape—

646 5660 806 5714 riens.
832 5659 1058 5729 ideoque
1075 5661 1300 5725 dicebat,
1320 5663 1480 5716 Adam
1498 5663 1582 5716 ubi
1601 5664 1688 5717 es?
1705 5667 1839 5720 Alibi
1858 5676 1906 5720 te
1924 5668 2129 5739 reliqui,
2152 5669 2225 5725 in-

645 5752 776 5823 quit,
795 5762 847 5806 et
868 5751 990 5809 alibi
1009 5768 1147 5810 nunc
1163 5751 1372 5812 invenio
1391 5755 1604 5828 :reliqui
1625 5765 1672 5815 te
1693 5757 1742 5813 in
1764 5759 1948 5817 ﬁducia
1968 5771 2015 5816 et
2030 5762 2219 5836 gloria,

2326 507 2470 549 nunc
2497 502 2676 548 autem
2702 491 2913 548 invenio
2939 491 2993 546 in
3020 490 3334 547 confusione
3359 500 3414 547 et
3450 491 3682 547 silentio.
3707 489 3774 546 Et
3800 504 3928 561 eon-

2324 584 2502 640 sidera
2543 598 2729 640 curam
2774 583 2869 639 Dei
2901 599 2917 639 :
2949 597 3056 639 non
3097 582 3264 638 Evam
3309 583 3552 650 vocavit,
3582 598 3687 638 nou
3716 581 3926 640 vocavit

2325 685 2630 747 serpentem
2654 717 2670 741 ,
2700 674 2797 732 sed
2839 676 2931 746 qui
2959 675 3198 730 omnium
3241 674 3511 731 levissime
3558 684 3918 746 peccaverat,

2325 765 2470 821 hunc
2509 765 2577 821 ad
2609 764 2870 836 judicium
2911 764 3140 835 primum
3178 764 3437 831 accersit,
3471 772 3528 819 ut
3573 763 3641 820 ab
3686 779 3753 818 eo
3781 763 3924 819 inci-

2326 857 2476 926 piens
2501 897 2517 920 ,
2547 856 2638 926 qui
2677 855 2854 926 aliqua
2880 863 3090 926 poterat
3118 855 3275 911 venia
3303 855 3481 926 potiri,
3512 855 3670 911 etiam
3718 854 3770 908 in
3797 869 3924 909 eam

2324 965 2442 1020 qua:
2473 949 2700 1003 multum
2730 957 3064 1020 peccaverat,
3097 949 3366 1003 mitiorem
3410 947 3544 1020 ferat
3573 946 3923 1002 sententiam.

2329 1040 2399 1096 Et
2422 1039 2631 1110 iudices
2655 1039 2870 1111 quidem
2895 1053 3186 1096 conservos
3211 1053 3359 1102 suos,
3387 1045 3444 1094 et
3469 1037 3707 1108 ejusdem
3738 1051 3924 1092 secum

2327 1140 2533 1186 naturae
2563 1130 2877 1200 participes.
2914 1144 3015 1202 per
3043 1129 3249 1198 seipsos
3277 1127 3569 1184 examinati
3612 1143 3717 1182 non
3755 1128 3927 1182 susti-

2325 1229 2488 1286 nent,
2517 1221 2612 1275 sed
2645 1219 3013 1275 ministrorum
3038 1219 3343 1289 quempiam
3386 1219 3485 1274 sibi
3516 1218 3750 1274 medium
3797 1232 3924 1287 pro-

2326 1318 2623 1377 ponentes,
2653 1307 3095 1378 niterrogationes
3137 1308 3286 1362 illum
3320 1323 3446 1364 suas
3487 1307 3555 1362 ad
3599 1323 3751 1363 reum
3793 1321 3925 1376 pro-

2324 1403 2463 1460 ferre
2481 1402 2670 1473 jubeat
2692 1442 2709 1470 ,
2735 1411 2792 1458 et
2812 1417 2908 1472 per
2935 1402 3110 1472 ipsum
3150 1416 3499 1472 quaecumque
3527 1401 3714 1467 velint,
3735 1398 3926 1454 dicunt

2323 1505 2378 1549 et
2413 1493 2672 1558 audiunt,
2703 1491 2830 1547 dum
2878 1506 3000 1548 reos
3028 1491 3333 1547 examinant
3359 1507 3374 1554 ;
3405 1490 3546 1546 Deus
3589 1502 3768 1545 autem
3796 1505 3924 1544 mc-

2323 1582 2531 1638 diatore
2561 1583 2709 1636 nullo
2734 1581 2802 1637 ad
2837 1581 3108 1638 hominem
3138 1596 3272 1651 opus
3299 1579 3517 1648 habuit,
3549 1580 3643 1635 sed
3685 1580 3799 1649 ipse
3827 1595 3926 1649 per

2322 1674 2555 1742 seipsum
2581 1673 2785 1744 judicat
2806 1715 2823 1740 ,
2853 1682 2908 1728 et
2950 1672 3284 1727 consolatur.
3315 1671 3424 1727 Nec
3465 1672 3566 1727 hoc
3607 1680 3810 1727 tantum
3835 1680 3924 1727 est

2324 1763 2639 1819 admirabile
2661 1805 2677 1830 ,
2720 1763 2816 1818 sed
2842 1764 3002 1819 etiam
3028 1762 3171 1833 quod
3200 1763 3486 1818 commissa
3512 1763 3764 1833 corrigat.
3813 1760 3914 1817 Ju-

2323 1854 2472 1909 dices
2492 1855 2634 1910 enim
2660 1868 2782 1909 cum
2822 1854 3057 1909 latrones
3098 1854 3338 1923 ceperint
3362 1863 3417 1908 et
3453 1853 3778 1922 sacrilegos,
3804 1867 3914 1907 non

2322 1943 2591 2014 quomodo
2641 1944 2786 2014 ipsos
2825 1942 3054 1999 reddant
3089 1942 3340 1997 meliores
3384 1945 3771 2009 considerant,
3817 1942 3917 1998 sed

2324 2033 2593 2102 quomodo
2618 2033 2688 2088 ab
2731 2033 2862 2104 ipsis
2899 2041 3236 2106 peccatorum
3265 2047 3453 2103 pinnas
3478 2035 3730 2104 exigant;
3775 2032 3920 2090 Deus

2320 2133 2499 2179 autem
2528 2132 2737 2190 contra,
2765 2137 2888 2178 cum
2914 2125 3145 2194 aliquem
3173 2122 3376 2193 ceperit
3405 2134 3738 2193 peccatorem
3759 2164 3774 2188 ,
3804 2137 3912 2177 non

2321 2212 2625 2270 considerat
2649 2212 2918 2283 quomodo
2945 2222 3118 2266 sumat
3149 2211 3496 2281 supplicium,
3521 2212 3615 2266 sed
3648 2211 3919 2282 quomodo

2323 2305 2495 2376 ipsum
2519 2304 2786 2375 corrigat,
2815 2313 2869 2359 et
2887 2305 3164 2359 meliorem
3209 2304 3366 2358 faciat
3392 2312 3446 2359 et
3473 2304 3527 2359 in
3557 2302 3794 2358 futurum
3834 2305 3917 2358 in-

2321 2397 2748 2468 expugnabilem.
2777 2397 2957 2466 Itaque
2984 2406 3038 2451 et
3069 2395 3236 2466 judex
3270 2395 3468 2465 pariter
3487 2435 3504 2464 ,
3534 2404 3589 2452 ct
3625 2393 3871 2450 medicus
3895 2435 3913 2462 ,

2320 2499 2374 2546 et
2403 2490 2656 2560 magister
2681 2498 2764 2543 est
2794 2489 2934 2544 Deus
2956 2505 2971 2541 :
2992 2488 3189 2543 etenim
3221 2496 3492 2558 tamquam
3514 2487 3679 2558 judex
3698 2488 3910 2542 exami-

2321 2591 2434 2645 nat,
2466 2589 2521 2642 et
2547 2589 2814 2650 tamquam
2859 2578 3099 2635 medicus
3132 2579 3392 2650 corrigit,
3419 2589 3474 2634 et
3499 2589 3767 2650 tamquam
3797 2593 3917 2633 ma-

2317 2671 2483 2741 gister
2510 2669 2688 2734 docet,
2719 2671 3095 2739 pmvaricaws
3123 2668 3175 2722 in
3203 2683 3415 2723 omnem
3451 2668 3787 2738 disciplinam
3829 2669 3914 2723 in-

2320 2762 2544 2817 ducens.
2576 2761 2633 2816 Si
2674 2774 2799 2816 vero
2833 2775 2994 2814 unum
3032 2767 3086 2814 et
3116 2759 3278 2814 breve
3319 2759 3540 2814 verbum
3571 2768 3771 2813 tantam
3820 2759 3915 2816 Dei

2319 2869 2503 2910 curam
2533 2852 2939 2918 demonstravit,
2961 2852 3088 2922 quid
3117 2853 3163 2907 si
3203 2862 3366 2907 totam
3394 2853 3544 2907 vobis
3586 2853 3734 2908 litem
3763 2854 3914 2922 lege-

2324 2959 2529 3010 remus,
2558 2953 2612 2999 et
2638 2943 2842 3013 integra
2867 2944 3257 3012 explicaremus
3285 2953 3630 3000 monumenta
3656 2944 3679 2996 ?
3721 2942 3914 2999 Cernis

2320 3033 2590 3102 quomodo
2621 3042 2728 3085 tota
2755 3031 3028 3100 Scriptura
3058 3032 3353 3087 consolatio
3379 3040 3459 3086 est
3488 3042 3540 3086 et
3567 3032 3912 3087 exhortatio?

2319 3123 2388 3179 Et
2413 3124 2514 3179 hoc
2537 3123 2751 3194 quidem
2780 3137 3016 3194 congruo
3055 3134 3295 3192 tempore
3322 3122 3562 3177 dicemus
3593 3140 3606 3176 :
3634 3133 3760 3177 ante
3799 3121 3913 3178 hanc

2317 3225 2496 3270 autem
2527 3214 2886 3269 necessarium
2915 3223 2996 3270 est
3024 3213 3206 3268 dicere
3229 3254 3246 3280 ,
3271 3213 3484 3283 quando
3512 3209 3648 3267 liber
3673 3213 3759 3267 hic
3791 3213 3938 3269 edi-.
3983 3247 3985 3249 ι

2320 3317 2405 3364 tus
2453 3307 2551 3364 fuit
2581 3325 2595 3361 :
2627 3324 2733 3363 non
2780 3309 2922 3362 enim
2971 3307 3022 3362 in
3064 3307 3359 3377 principio,
3408 3321 3513 3360 non
3561 3307 3740 3360 statim
3791 3299 3912 3375 post

2318 3399 2501 3454 Adam.
2536 3399 2651 3452 lucc
2695 3398 2891 3467 scripta
2919 3407 3042 3453 sunt
3065 3436 3083 3463 ,
3112 3396 3208 3452 sed
3235 3405 3352 3466 post
3380 3397 3574 3451 tuultas
3601 3395 3907 3467 generatio-

2319 3505 2416 3546 nes
2445 3507 2457 3542 :
2486 3499 2541 3544 et
2572 3503 2751 3557 operae
2789 3488 3012 3558 pretium
3039 3496 3117 3543 est
3140 3502 3383 3558 quaerere
3401 3529 3416 3552 ,
3451 3502 3547 3541 cur
3573 3496 3687 3556 post
3716 3487 3912 3542 multas

2319 3580 2728 3653 generationes,
2769 3586 2825 3631 et
2879 3593 2974 3632 cur
3010 3577 3224 3633 tandem
3271 3575 3471 3633 Juda-is
3514 3577 3828 3643 dumtaxat,
3855 3585 3912 3631 et

2321 3687 2426 3726 non
2453 3670 2700 3725 omnibus
2745 3669 3090 3725 hominibus?
3130 3683 3226 3724 cur
3262 3667 3520 3725 Hebraica
3567 3669 3740 3738 lingua
3765 3707 3780 3730 .
3814 3684 3913 3723 cur

2319 3763 2374 3818 in
2403 3761 2616 3823 deserto
2647 3762 2772 3816 Sina
2798 3762 2822 3814 ἲ
2847 3760 3029 3832 Neque
3053 3762 3196 3817 enim
3225 3761 3537 3832 simpliciter
3549 3761 3740 3816 'locum
3764 3765 3910 3830 Apo-

2319 3852 2490 3908 stolus
2520 3853 2900 3921 praetercurrit,
2927 3852 3022 3906 sed
3045 3863 3100 3907 et
3121 3852 3173 3906 in
3205 3851 3304 3906 hoc
3331 3867 3574 3922 magnam
3599 3851 3756 3906 nobis
3781 3866 3913 3906 con-

2321 3942 2718 4012 templationem
2745 3941 3103 4005 demonstrat,
3126 3942 3204 3995 sic
3227 3941 3447 3996 dicens:
3484 3940 3609 3995 ﬂare
3636 3943 3768 3994 enim
3806 3942 3913 3995 duo

2320 4030 2965 4101 Testametttasuttt,unttnt
2992 4049 3023 4084 α
3063 4041 3231 4086 monte
3269 4031 3398 4088 Sina
3427 4033 3478 4087 in
3507 4033 3794 4087 servitutem
3818 4049 3910 4104 ge-

2322 4140 2503 4178 rmana
2533 4121 2687 4195 (Gal.
2715 4124 2768 4178 .i.
2793 4123 2909 4194 24).

2394 4217 2447 4271 5.
2477 4212 2728 4266 Contacta
2748 4215 2814 4266 ad
2830 4215 3120 4284 juramenta
3150 4213 3352 4267 vitanda
3375 4215 3757 4269 exltortatio.—
3772 4213 3912 4282 Quin

2323 4313 2377 4358 et
2403 4305 2502 4358 alia
2545 4305 2693 4372 plura
2719 4321 2960 4374 quatrere
3001 4307 3361 4361 necessarium
3405 4319 3588 4373 esset;
3633 4306 3726 4361 sed
3757 4308 3916 4363 video

2325 4404 2532 4463 tempus
2561 4397 2712 4450 nobis
2755 4413 2859 4450 non
2887 4400 3197 4467 permittere
3222 4408 3279 4452 ut
3303 4413 3607 4454 sermonem
3640 4409 3786 4453 tanto
3811 4414 3912 4469 ιτε-

2324 4485 2442 4552 lagn
2470 4489 2898 4543 cnnnnittamus:
2932 4489 3052 4543 ideo
3077 4489 3158 4543 his
3184 4490 3245 4543 'in
3272 4505 3562 4559 congruum
3588 4499 3798 4559 tempus
3823 4491 3914 4545 di-

2324 4576 2463 4640 latis,
2495 4576 2684 4634 iterum
2714 4578 2779 4632 de
2803 4578 3020 4648 jurandi
3041 4581 3360 4637 abstinentia
3384 4584 3535 4637 vobis
3563 4583 3917 4650 disseremus,

2322 4677 2375 4722 et
2402 4665 2712 4736 rogabimus
2727 4674 3383 4739 charitatemvestram,ut
3407 4674 3578 4728 multo
3612 4675 3755 4729 circa
3782 4673 3920 4729 hanc

2323 4774 2442 4812 retn'
2486 4761 2669 4818 studio
2712 4773 2906 4816 utatur.
2937 4764 3216 4830 Quomodo
3243 4765 3386 4818 enim
3435 4781 3541 4820 non
3584 4765 3872 4819 absurdum
3898 4805 3918 4832 ,

2322 4865 2538 4908 servum
2584 4853 2796 4922 quidem
2841 4869 2945 4907 non
2981 4855 3178 4909 audere
3215 4855 3491 4910 dominum
3523 4859 3836 4912 nominatim
3864 4868 3924 4914 et

2325 4941 2446 4998 sine
2491 4944 2708 5000 honoris
2754 4944 3059 5013 prmfatione
3099 4949 3401 5016 appellare,
3431 4952 3743 5019 angelnrutn
3790 4967 3926 5008 vero

2327 5031 2612 5088 Dominum
2643 5042 2844 5088 temere
2886 5044 2940 5088 et
2981 5038 3324 5109 contemptim
3357 5039 3552 5110 ubique
3594 5041 3838 5111 jactare?
3865 5053 3926 5099 et

2328 5124 2376 5178 si
2401 5124 2737 5194 Evangelium
2764 5126 2975 5194 quidem
3003 5143 3198 5198 capere
3223 5139 3467 5196 oporteat
3496 5131 3740 5187 manibus
3773 5132 3923 5202 lotis,

2330 5223 2526 5271 etcum
2558 5217 2723 5270 multa
2760 5219 3057 5272 reverentia
3094 5229 3148 5275 et
3183 5220 3440 5291 religione
3481 5233 3720 5278 tremens
3752 5231 3809 5278 et
3854 5224 3926 5279 ti-

2330 5321 2482 5360 mens
2507 5309 2704 5374 sumis,
2742 5309 3013 5380 Evangelii
3041 5327 3171 5368 vero
3203 5314 3484 5368 Dominum
3513 5324 3714 5370 temere
3743 5317 3927 5386 lingua

2332 5396 2528 5464 passim
2557 5400 2784 5453 versas?
2815 5399 2905 5454 Vis
2951 5402 3158 5457 discere
3199 5405 3468 5473 quomodo
3511 5405 3685 5474 ipsum
3735 5406 3926 5476 appel-

2333 5487 2443 5540 lant
2481 5503 2723 5557 superna:
2745 5489 2982 5547 Virtutes
3005 5533 3022 5560 ,
3043 5508 3164 5547 cum
3193 5504 3392 5564 quanto
3419 5504 3654 5551 tremore
3672 5538 3687 5561 ,
3718 5507 3924 5566 quanto

2331 5577 2555 5632 horrore
2580 5619 2594 5643 ,
2621 5590 2812 5648 quanta
2850 5583 3205 5639 admiratione
3230 5585 3254 5638 ?
3291 5585 3406 5639 Vidi
3435 5585 3710 5639 Dominum
3751 5587 3926 5642 sedato

2331 5680 2451 5737 tem,
2485 5671 2674 5741 inquit,
2701 5673 2754 5725 in
2783 5676 2965 5731 throno
2989 5679 3096 5731 alto
3123 5687 3170 5731 et
3195 5678 3415 5746 elevato,
3449 5689 3496 5733 et
3527 5679 3799 5749 Serapltim
3824 5690 3937 5735 sta-

2334 5763 2452 5821 bant
2482 5766 2616 5820 circa
2659 5765 2842 5837 ipsum,
2870 5778 2915 5821 et
2949 5769 3233 5826 clamabant
3262 5773 3391 5828 alter
3413 5777 3482 5826 ad
3507 5773 3740 5838 alterum,
3772 5781 3820 5828 et
3843 5771 3935 5829 di-
