4232 6320
1399 289 1407 328 ι

244 405 306 464 91
418 339 428 352 ι
1146 392 1238 446 AD
1277 388 1602 447 POPULUM
1645 387 2146 446 ANTIOCHENUM
2208 385 2445 444 HOMIL.
2486 388 2623 444 Vill.
3496 395 3568 453 98

247 515 408 572 about
458 529 478 566 :
533 512 771 568 Sanctus
796 551 811 576 ,
861 517 1064 564 sanctus
1087 549 1101 574 ,
1149 517 1355 562 sanctus
1408 505 1659 560 Dominus
1713 502 1851 558 Deus

245 603 685 675 Sabaoth:plena
715 603 883 658 omnis
915 611 1050 657 terra
1079 601 1242 672 gloria
1276 602 1385 671 eius
1419 599 1586 671 (Iani.
1621 597 1676 653 6.
1711 596 1849 662 1-5).

252 697 433 751 Vidisti
456 710 580 751 cum
605 703 811 766 quanto
842 695 1034 749 timore
1052 734 1068 759 ,
1093 704 1293 763 quanto
1318 692 1544 747 horrore
1572 690 1855 743 nominant

251 803 366 843 sum
395 786 762 857 glorificantes
791 797 848 841 et
889 785 1168 840 laudantes
1187 784 1212 838 ?
1231 785 1312 839 Tu
1352 797 1480 838 vero
1523 783 1572 837 in
1603 782 1854 852 precibus

246 877 459 947 quidem
492 889 546 934 et
570 878 1054 948 supplicationibus
1082 893 1200 932 cum
1228 878 1398 931 multo
1424 880 1643 937 invocas
1679 877 1853 946 ipsum

248 975 487 1038 torpore,
515 971 734 1039 quando
765 972 1079 1024 horrescere
1107 969 1410 1038 Oportebat,
1441 976 1496 1022 et
1522 969 1772 1038 vigilare,
1803 976 1858 1024 et

248 1060 491 1115 sobrium
548 1076 670 1117 esse
701 1081 714 1114 :
752 1063 804 1115 in
837 1061 1066 1129 jurando
1115 1077 1245 1115 vero
1268 1104 1281 1125 ,
1314 1075 1436 1116 cum
1494 1075 1593 1115 nec
1637 1061 1858 1115 omnino

248 1150 519 1206 adducere
570 1152 888 1207 admirabile
935 1167 1130 1206 nomen
1181 1153 1502 1221 Oportebat,
1536 1155 1680 1206 varia
1710 1169 1859 1222 qum-

248 1243 372 1298 dam
401 1254 454 1299 et
483 1245 587 1297 alia
610 1258 774 1312 super
799 1244 902 1297 alia
927 1246 1205 1299 connectis
1233 1245 1556 1311 iuramenta.
1597 1245 1658 1298 Et
1684 1245 1860 1312 qualis

248 1335 438 1400 venia,
471 1350 590 1404 qua:
632 1351 761 1388 vero
807 1333 960 1389 nobis
1000 1338 1101 1390 erit
1143 1336 1454 1400 excusatio,
1499 1335 1625 1390 licet
1666 1336 1864 1390 millies

249 1409 701 1481 consuetudinem
755 1425 1070 1494 objiciamus
1104 1427 1128 1466 7
1183 1427 1398 1480 Dicitur
1441 1425 1583 1496 quod
1643 1425 1860 1496 quidam

252 1525 604 1571 externorum
634 1525 908 1571 oratorum
940 1515 1014 1586 (α)
1057 1532 1166 1585 pra:
1190 1517 1418 1586 quadam
1449 1518 1609 1571 stulta
1636 1532 1866 1572 consue-

256 1607 441 1661 tudine
468 1607 750 1662 dexterum
782 1606 959 1660 eundo
1011 1607 1289 1661 humerum
1329 1607 1547 1663 assidue
1579 1609 1858 1670 movebat,

254 1697 346 1750 sed
391 1710 575 1753 tamen
622 1697 1068 1752 consuetudinem
1118 1698 1282 1764 vicit,
1334 1707 1388 1752 et
1431 1697 1639 1768 gladios
1680 1709 1866 1756 acutos

253 1789 530 1856 utrimque
555 1788 792 1842 humeris
823 1789 1094 1858 imposuit,
1130 1800 1186 1842 ut
1209 1791 1445 1845 vulneris
1474 1790 1666 1847 timore
1697 1807 1867 1846 mem-

255 1881 410 1934 brum
435 1880 616 1949 inepte
645 1894 707 1935 se
741 1894 962 1935 movens
1001 1880 1334 1950 corrigeret:
1368 1880 1471 1936 hoc
1497 1891 1550 1936 et
1581 1889 1636 1936 tu
1676 1882 1868 1952 linguae

255 1968 450 2035 facias,
485 1977 541 2025 et
573 1969 674 2041 ipsi
706 1985 804 2040 pro
830 1970 1006 2040 gladio
1039 1971 1234 2025 divina:
1277 1986 1453 2042 poena:
1493 1973 1740 2028 timorem
1770 1973 1872 2029 im-

257 2075 431 2130 pone,
462 2072 520 2117 et
563 2062 788 2117 omnino
834 2064 1131 2133 superabis.
1168 2063 1504 2135 impossibile
1547 2068 1729 2131 enim,
1765 2067 1870 2121 itii-

260 2154 553 2224 possibile,
600 2155 820 2225 inquam
847 2196 860 2220 ,
902 2167 986 2211 est
1035 2156 1359 2213 meditantes
1386 2169 1442 2213 et
1487 2158 1767 2215 studentes
1817 2170 1874 2216 et

259 2260 395 2314 opus
439 2245 542 2301 hoc
591 2246 855 2302 facientes
904 2263 1156 2317 umquam
1209 2249 1478 2320 superari.
1523 2249 1673 2320 Dicta
1728 2267 1873 2306 nunc

262 2335 487 2391 laudatis
507 2377 522 2402 ,
556 2337 656 2392 sed
688 2353 812 2392 cum
842 2339 1070 2394 correcti
1092 2339 1329 2406 fueritis,
1355 2341 1526 2412 magis
1554 2340 1874 2414 laudabitis,

323 2517 393 2580 (α)
425 2517 820 2568 Demosthenes.

1961 519 2067 558 non
2095 513 2299 560 tantum
2331 521 2431 560 nos
2450 547 2464 573 ,
2489 505 2585 562 sed
2609 514 2663 562 et
2689 521 2788 562 vos
2816 510 2961 578 ipsos
2982 549 2998 572 ,
3016 516 3071 565 et
3101 523 3224 565 cum
3252 509 3459 581 majore
3484 530 3571 569 vo-

1960 595 2164 662 luptate
2183 595 2412 652 audietis
2436 612 2556 666 qua:
2584 597 2835 664 dicentur
2853 642 2869 668 ,
2894 607 3095 656 etcum
3123 615 3254 672 pura
3283 603 3568 661 conscien-

1963 686 2032 740 tia
2067 687 2231 742 Deum
2256 688 2594 756 invocabitis,
2627 691 2717 761 qui
2745 701 2952 746 tantum
2980 691 3074 748 tibi
3105 684 3296 762 parcit,
3322 705 3377 750 ut
3405 697 3569 761 dicat,

1969 778 2148 849 Neque
2184 797 2273 850 per
2297 791 2449 852 caput
2475 791 2615 835 tuum
2631 783 2835 852 jurabis
2858 783 3075 857 (Matth.
3099 785 3154 840 5.
3187 785 3327 856 36);
3357 797 3412 841 tu
3444 803 3571 843 vero

1963 872 2041 926 sic
2071 872 2242 942 ipsum
2270 875 2574 932 contemnis
2593 916 2610 942 ,
2638 885 2694 929 ut
2729 886 2783 931 et
2814 892 2913 946 per
2947 877 3113 947 ipsius
3140 877 3368 948 gloriam
3395 881 3569 950 jures.

1966 962 2032 1017 Et
2058 964 2183 1033 quid
2215 964 2405 1020 faciam
2433 1008 2448 1034 ,
2488 966 2693 1037 inquiet
2735 968 2929 1037 aliquis
2956 1009 2969 1031 ,
3002 968 3262 1024 adversus
3302 985 3398 1026 eos
3421 1013 3435 1038 ,
3484 975 3572 1043 qui

1968 1056 2341 1110 necessitatem
2409 1058 2710 1112 inducunt?
2771 1057 2995 1126 Qualem
3069 1061 3488 1126 necessitatem,
3544 1080 3576 1118 o

1968 1145 2173 1200 homo?
2211 1147 2427 1225 Discant
2471 1163 2659 1204 omnes
2704 1158 2757 1204 te
2803 1151 2982 1204 omnia
3028 1151 3189 1207 malle
3241 1153 3379 1223 pati,
3411 1169 3575 1226 quam

1970 1235 2063 1289 Dei
2085 1235 2255 1306 legem
2273 1239 2597 1308 transgredi,
2616 1249 2669 1295 et
2695 1239 2762 1296 ab
2788 1240 3062 1297 inferenda
3092 1245 3414 1300 necessitate
3437 1245 3580 1301 desi-

1969 1337 2131 1382 stcut.
2162 1327 2313 1394 Quod
2335 1330 2477 1384 enim
2509 1346 2615 1386 non
2641 1332 3008 1400 juramentum
3033 1333 3139 1390 ﬁde
3159 1335 3378 1406 dignum
3402 1337 3581 1392 horni-

1971 1434 2092 1472 nem
2124 1419 2310 1485 faciat,
2339 1421 2434 1475 sed
2482 1423 2606 1476 vita:
2638 1425 3034 1492 testimonium,
3067 1435 3124 1481 et
3151 1429 3582 1486 conversationis

1972 1509 2248 1578 integritas
2269 1552 2283 1576 ,
2310 1522 2365 1565 et
2394 1528 2547 1568 mens
2578 1513 2713 1569 bona
2735 1557 2750 1581 ,
2781 1531 2927 1586 smpe
2957 1519 3107 1572 multi
3133 1518 3377 1589 jurantes
3403 1521 3584 1576 disru-

1974 1602 2048 1668 pti
2095 1613 2258 1667 sunt,
2288 1612 2342 1657 et
2386 1619 2490 1657 non
2539 1617 2953 1674 persuaserunt;
2985 1610 3075 1664 alii
3119 1627 3252 1665 vero
3281 1623 3583 1668 annuentes

1974 1700 2214 1758 tantum,
2261 1696 2431 1749 multo
2473 1695 2667 1764 iuratis
2717 1698 2821 1754 fide
2871 1701 3143 1770 digniores
3195 1715 3584 1774 apparuerunt.

1975 1783 2102 1840 [iam
2135 1785 2293 1856 igitur
2339 1789 2518 1843 omnia
2563 1791 2794 1846 scientes
2817 1834 2830 1858 ,
2859 1801 2913 1846 et
2943 1807 3155 1863 poenam
3195 1795 3503 1865 jurantibus
3531 1807 3587 1850 et

1977 1877 2340 1946 pejerantibus
2391 1891 2647 1936 statutam
2702 1894 2827 1939 ante
2877 1887 3065 1941 oculos
3117 1901 3428 1958 ponentes,
3478 1891 3586 1944 im-

1978 1969 2144 2036 proba
2176 1972 2568 2028 consuetudine
2589 1974 2933 2042 absistamus,
2960 1987 3016 2032 ut
3045 1977 3172 2033 hinc
3201 1989 3255 2033 et
3283 1981 3350 2033 ad
3381 1980 3587 2049 reliqua

1978 2059 2291 2129 gradientes
2320 2064 2534 2119 virtutis
2564 2080 2749 2136 Opera,
2777 2082 3175 2140 consequamur
3197 2071 3338 2126 bona
3369 2071 3548 2126 futura
3573 2091 3588 2128 :

1978 2164 2101 2218 qua:
2130 2166 2230 2207 nos
2259 2167 2450 2208 omnes
2483 2158 2695 2228 assequi
2735 2158 2928 2226 detur,
2955 2161 3124 2231 gratia
3161 2171 3218 2218 et
3261 2162 3590 2232 benignitate

1980 2239 2190 2296 Domini
2231 2246 2399 2300 nostri
2435 2245 2561 2302 Jesu
2602 2248 2838 2316 Christi,
2869 2266 2968 2320 per
3005 2267 3166 2324 quem
3212 2263 3270 2310 et
3312 2269 3437 2310 cum
3480 2269 3591 2326 quo

1983 2331 2127 2387 Patri
2171 2350 2274 2390 una
2320 2352 2443 2392 eum
2498 2337 2704 2410 Spiritu
2756 2353 2946 2398 sancto
2994 2343 3205 2415 gloria,
3259 2345 3547 2417 imperium
3576 2388 3593 2415 ,

1982 2421 2362 2490 honor,nuuc
2403 2439 2458 2485 et
2506 2445 2755 2503 semper,
2784 2444 2838 2491 et
2887 2436 2942 2492 in
2996 2437 3194 2493 saecula
3246 2439 3590 2497 seculorum.

1983 2518 2174 2574 Amen.

267 2640 3595 2678 Ἢ

265 2716 344 2759 ΑΒ
386 2715 727 2760 νιιιτυτεω
774 2713 1326 2783 ΕΧΗΟΒΤΔΤιίξζ-ΕΤ
1367 2713 1435 2783 ΠΣ
1478 2713 1669 2783 ιμω)
1709 2715 1995 2773 GENESIS,
2021 2720 2497 2768 DEAMBULABAT
2537 2725 2700 2772 DEUS
2743 2728 2810 2773 IN
2856 2731 3134 2776 MERIDIR
3177 2733 3245 2779 IN
3287 2735 3600 2783 PARLDISO

1169 2772 1351 2853 (Gen.
1397 2773 1459 2836 3.
1503 2773 1594 2851 8),
1649 2794 1732 2839 nr
1773 2796 1860 2838 DE
1906 2772 2249 2846 FUGIENDIS
2277 2802 2702 2852 JURAMBNTIB.

897 3059 1120 3102 IIOIILIA
1158 3059 1247 3100 VII]
1255 3082 1270 3098 ο

342 3182 394 3236 1.
425 3178 670 3235 Audistis
697 3193 892 3249 nuper,
923 3175 1199 3249 quomodo
1223 3176 1403 3234 omnis
1427 3176 1708 3249 Scriptura
1746 3192 1881 3233 con-

268 3272 591 3328 solationem
636 3269 827 3325 atterat
854 3279 909 3326 et
936 3269 1271 3340 refrigerium
1295 3311 1312 3336 ,
1356 3267 1486 3325 licet
1513 3268 1772 3325 historica
1816 3270 1888 3326 sit

271 3365 530 3418 narratio.
563 3361 774 3416 Etenim
802 3359 932 3416 illud
959 3383 972 3420 :
995 3359 1065 3414 In
1090 3359 1348 3431 principio
1384 3359 1505 3429 fecit
1531 3357 1671 3416 Deus
1704 3361 1888 3416 calum

270 3464 318 3510 ε
363 3466 553 3508 terram
595 3450 770 3524 (Gen.
802 3454 854 3509 Ι.
884 3453 909 3507 1
936 3451 983 3524 ),
1020 3449 1264 3508 historiae
1301 3452 1568 3522 expositio
1610 3461 1725 3508 erat
1751 3471 1764 3506 :
1793 3453 1888 3509 sed

275 3543 673 3600 demonstravit
716 3543 891 3599 oratio
937 3553 992 3598 et
1040 3543 1208 3597 multa
1253 3542 1470 3614 plenam
1517 3543 1891 3600 consolatione

272 3635 566 3692 dictionem
595 3650 718 3692 esse
751 3653 767 3690 :
796 3635 956 3706 quale
983 3643 1086 3703 est,
1113 3634 1255 3706 quod
1278 3635 1546 3705 duplicem
1571 3635 1713 3690 Deus
1734 3651 1891 3690 men-

274 3743 391 3783 sam
419 3728 642 3793 fecerit,
674 3739 876 3783 terram
903 3737 959 3783 et
989 3741 1141 3783 mare
1170 3727 1328 3783 simul
1358 3734 1567 3798 pauens
1596 3744 1610 3782 :
1643 3735 1698 3783 et
1725 3727 1889 3783 lumi-

278 3820 425 3874 naria
453 3820 692 3891 gemina,
725 3818 897 3874 solem
922 3826 978 3874 et
996 3819 1178 3874 lunam
1210 3832 1444 3888 superne
1472 3818 1773 3874 accendens
1801 3825 1894 3874 :et

276 3911 509 3981 duplicis
548 3925 740 3966 cursus
780 3919 1028 3982 tempus,
1060 3909 1205 3965 diem
1251 3917 1306 3964 et
1353 3917 1565 3965 noctem
1598 3917 1890 3980 operatus:

279 4002 430 4059 illum
457 4002 678 4073 quidem
710 4001 764 4056 in
793 4002 1192 4073 operationem,
1229 4000 1367 4056 hanc
1393 4001 1446 4056 in
1469 4001 1733 4072 requiem.

349 4095 538 4150 Noctis
585 4093 892 4148 utilitas.—
918 4093 1038 4148 Non
1080 4093 1224 4148 enim
1272 4092 1451 4148 minus
1493 4093 1852 4148 ministerium
1877 4133 1895 4158 ,

278 4203 440 4258 quam
472 4187 590 4242 dies
621 4177 779 4242 nobis
817 4201 925 4242 nox
964 4185 1152 4252 aﬂ'ert;
1196 4186 1292 4242 sed
1339 4185 1477 4240 sicut
1519 4185 1572 4240 in
1616 4185 1898 4241 arboribus

281 4281 428 4345 dixi,
458 4279 603 4349 quod
632 4279 921 4335 fructuosis
956 4279 1304 4335 infructuosae
1343 4280 1589 4334 aemulam
1624 4280 1900 4348 praebeant

284 4373 592 4439 utilitatem,
628 4371 885 4427 facientes
915 4387 984 4426 ne
1007 4384 1264 4442 cogamur
1288 4371 1356 4426 ad
1387 4370 1612 4426 aadificia
1633 4371 1899 4428 domesti-

284 4477 378 4518 cas
407 4461 635 4516 arbores
655 4462 917 4531 attingere
940 4478 956 4516 :
977 4471 1031 4517 et
1050 4460 1430 4517 mansuefactis
1448 4461 1772 4518 animalibus
1791 4477 1898 4518 non

285 4559 552 4612 minorem
585 4555 742 4610 nobis
769 4557 1056 4611 utilitatem
1099 4557 1380 4628 sylvestria
1417 4564 1473 4612 et
1514 4557 1737 4612 immitia
1763 4558 1901 4614 aﬂ’e-

283 4656 435 4709 runt.
468 4660 590 4716 qua:
621 4645 816 4701 timore
844 4646 927 4701 sui
956 4662 1058 4701 nos
1083 4647 1136 4701 in
1164 4649 1326 4702 urbes
1355 4642 1719 4717 compellunt,
1768 4648 1900 4704 red-

284 4737 421 4791 dunt
465 4736 774 4800 cautiores,
820 4745 876 4791 et
921 4752 1021 4792 nos
1066 4746 1253 4792 mutuo
1299 4738 1708 4814 constringunt,
1740 4749 1902 4810 atque

287 4829 482 4882 horum
511 4827 728 4897 quidem
755 4837 1012 4883 exercent
1043 4831 1317 4894 virtutem,
1351 4830 1564 4885 illorum
1595 4845 1723 4886 vero
1750 4847 1898 4887 mor-

289 4923 392 4974 bos
422 4921 683 4987 Solvunt;
727 4922 893 4976 multa
923 4922 1066 4976 enim
1094 4939 1162 4978 ex
1192 4925 1257 4978 iis
1287 4923 1674 4980 medicamenta
1708 4928 1901 4982 medici

287 5012 621 5078 coniiciunt;
666 5013 871 5083 antiqui
930 5015 1058 5068 item
1119 5028 1216 5068 nos
1269 5016 1475 5086 peccati
1531 5029 1900 5074 commonent.

289 5104 426 5157 Cum
455 5104 602 5158 enim
631 5103 853 5158 audiero
875 5148 889 5168 ,
924 5104 1096 5159 Timor
1125 5115 1285 5159 vester
1322 5107 1415 5159 erit
1444 5123 1594 5176 super
1622 5125 1794 5163 omnes
1821 5111 1906 5163 be-

291 5196 416 5249 stias
448 5205 598 5249 term
615 5194 769 5267 (Gen.
796 5195 849 5251 9.
871 5196 948 5268 Ξ),
977 5207 1030 5251 et
1059 5207 1238 5266 postea
1267 5198 1525 5252 honorem
1555 5199 1695 5254 hunc
1721 5202 1904 5255 subla-

294 5296 406 5339 tum
457 5285 686 5353 videro,
729 5288 932 5356 peccati
985 5288 1324 5356 reminiscar,
1371 5289 1512 5357 quod
1558 5298 1611 5344 et
1655 5292 1902 5348 timorem

298 5375 469 5429 nostri
502 5373 767 5435 dissolvit,
797 5387 850 5431 et
882 5379 1238 5447 principatum
1283 5379 1550 5432 imminuit
1576 5421 1590 5444 ,
1619 5391 1672 5434 et
1703 5382 1906 5436 cfﬁciar

296 5465 489 5518 melior
515 5475 569 5520 ct
596 5466 930 5534 prudentior,
960 5467 1216 5522 damnum
1240 5485 1302 5524 cx
1340 5479 1558 5538 peccato
1591 5471 1745 5525 nobis
1778 5473 1899 5526 illa-

297 5566 411 5607 tum
441 5554 853 5623 contemplatus.
897 5557 1048 5611 Sicut
1092 5560 1251 5628 igitur
1276 5600 1289 5623 ,
1322 5560 1461 5627 quod
1492 5571 1545 5612 et
1573 5570 1726 5614 antea
1759 5562 1868 5616 dixi
1892 5607 1906 5630 ,

298 5644 371 5697 ad
398 5646 558 5698 vitam
590 5646 750 5700 nobis
771 5649 952 5701 omnia
979 5649 1265 5704 conferunt
1290 5652 1403 5706 luee-
1433 5668 1553 5721 qure
1580 5652 1720 5706 dicta
1747 5665 1905 5723 sunt,

303 5747 363 5789 et
392 5737 492 5792 alia
526 5738 605 5793 his
638 5740 785 5808 plura
807 5782 820 5807 ,
844 5758 961 5809 quae
991 5743 1078 5809 qui
1110 5727 1243 5797 fecit‘
1264 5743 1404 5796 Deus
1429 5785 1443 5808 ,
1479 5744 1588 5811 ipse
1617 5747 1762 5799 novit
1794 5767 1804 5796 :
1838 5749 1905 5801 ita

303 5828 520 5895 quidem
570 5840 627 5888 et
675 5847 780 5888 nox
837 5847 940 5888 non
987 5834 1284 5901 minorem,
1327 5850 1483 5904 quan:
1535 5837 1648 5891 dies
1681 5876 1694 5903 ,
1755 5856 1904 5892 unus

1993 3046 2167 3115 atfert,
2196 3064 2319 3106 cum
2347 3052 2594 3110 laborum
2623 3057 2694 3112 sit
2721 3058 2958 3130 requies.
2991 3071 3047 3117 et
3076 3063 3390 3120 morborum
3428 3067 3601 3124 medlv

1988 3137 2132 3194 cina.
2174 3140 2332 3211 Saepe
2373 3144 2518 3198 enim
2567 3147 2759 3204 medici
2800 3150 2968 3207 multa
3012 3153 3242 3223 operati,
3287 3165 3345 3211 et
3385 3156 3595 3214 inlinita

1991 3230 2349 3290 medicamina
2378 3235 2570 3302 moliti,
2599 3253 2632 3293 a
2659 3240 2849 3296 morbo
2875 3257 3078 3313 ingruat
3107 3243 3338 3302 liberare
3372 3261 3479 3302 non
3508 3263 3604 3319 po-

1994 3333 2252 3393 tuerunt;
2297 3344 2519 3386 somnus
2562 3341 2744 3390 autem
2793 3345 2990 3404 sponte
3039 3338 3356 3407 adveniens,
3386 3355 3604 3399 omnem

1993 3419 2156 3474 solvit
2179 3421 2551 3498 aegritudinem
2573 3465 2588 3492 ,
2621 3433 2678 3481 et
2715 3425 2940 3483 infinitis
2967 3429 3073 3484 illis
3103 3429 3375 3487 laboribus
3405 3431 3604 3490 libera-

1995 3511 2108 3566 vit:
2139 3528 2237 3568 nec
2264 3515 2466 3572 morbis
2506 3526 2710 3574 tantum
2741 3523 2984 3591 corporis
3006 3562 3022 3589 ,
3054 3523 3148 3579 sed
3176 3533 3232 3580 et
3258 3527 3453 3580 anima:
3494 3544 3602 3583 nox

1996 3611 2082 3658 est
2109 3604 2398 3673 medicina,
2423 3608 2670 3665 dolentes
2689 3612 2898 3669 animas
2922 3601 3138 3670 sedans.
3162 3615 3318 3688 Saepe
3339 3620 3606 3690 quispiam

1998 3705 2282 3768 postquam
2309 3699 2475 3755 filium
2501 3704 2715 3770 amisit,
2748 3708 3046 3764 innumeris
3087 3710 3163 3765 illi
3209 3713 3609 3771 consolationes

2002 3788 2363 3858 efferentibus,
2397 3807 2426 3846 a
2454 3792 2667 3850 fletibus
2690 3805 2744 3852 et
2763 3798 2962 3868 gemitu
2985 3801 3245 3858 desistere
3269 3819 3378 3859 non
3406 3805 3607 3872 valuit;

2002 3889 2163 3937 nocte
2188 3897 2316 3938 vero
2339 3887 2778 3954 superveniente,
2809 3891 2982 3945 somni
3005 3893 3170 3948 cessit
3195 3893 3424 3964 imperio
3445 3912 3608 3967 supe-

2003 3983 2153 4030 ratus
2177 4018 2193 4038 ,
2223 3975 2508 4046 palpebras
2532 3979 2599 4033 ad
2636 3996 2884 4037 somnum
2916 3987 3248 4053 composuit,
3279 3996 3336 4042 et
3364 3991 3609 4060 exiguam

2004 4066 2307 4137 quampiam
2334 4067 2651 4124 diurnorum
2681 4071 2825 4142 cepit
2867 4073 3130 4129 malorum
3161 4077 3607 4134 consolationem.

2006 4157 2119 4227 Age
2141 4172 2269 4213 vero
2291 4157 2400 4228 jam
2426 4159 2494 4213 ad
2520 4162 2798 4217 materiam
2823 4177 3010 4218 eamus
3036 4165 3179 4221 unde
3203 4170 3466 4236 processit
3493 4185 3618 4224 ora-

2007 4250 2098 4305 tio.
2125 4249 2258 4306 Nam
2281 4251 2450 4322 probe
2472 4255 2593 4309 novi
2617 4269 2712 4310 vos
2738 4255 2864 4312 huic
2891 4271 3078 4313 omnes
3098 4259 3327 4329 inhiare,
3352 4271 3407 4317 et
3427 4278 3616 4332 quem-

2008 4358 2115 4415 que
2163 4345 2379 4402 discere
2424 4359 2680 4417 exoptare
2729 4367 2833 4418 qua
2876 4350 2946 4405 de
2992 4367 3154 4408 causa
3197 4368 3305 4409 non
3351 4355 3420 4410 ab
3466 4356 3619 4410 initio

2007 4437 2185 4493 editus
2211 4437 2282 4492 sit
2311 4438 2397 4493 hic
2423 4439 2561 4495 liber
2590 4458 2603 4492 :
2633 4441 2728 4495 sed
2761 4457 2936 4513 neque
2962 4459 3104 4498 nunc
3132 4447 3484 4515 expositionis
3512 4447 3612 4501 hu-

2002 4531 2092 4602 jus
2135 4547 2256 4587 esse
2303 4542 2515 4604 tempus
2557 4535 2735 4590 video.
2765 4536 2904 4605 Quid
2946 4537 3017 4594 ita
3065 4539 3428 4596 tandem‘lAd
3457 4541 3617 4598 tinem

2011 4625 2168 4680 nobis
2197 4625 2314 4681 hazc
2340 4627 2554 4682 devenit
2586 4628 2913 4692 hcbdomas,
2947 4639 3003 4684 et
3043 4631 3324 4687 materiam
3356 4633 3620 4704 attingere

2013 4729 2234 4786 metuo,
2273 4719 2470 4776 deinde
2517 4722 2696 4777 statim
2750 4723 3146 4794 expositionem
3198 4726 3616 4797 intercepturos.

2011 4810 2190 4867 Multis
2239 4813 2383 4867 enim
2431 4813 2622 4869 diebus
2667 4830 2800 4884 opus
2852 4815 3015 4872 habet
3056 4816 3158 4872 hoc
3204 4829 3578 4889 argumentum
3610 4864 3624 4886 ,

2011 4905 2236 4974 ejusque
2285 4907 2487 4960 mentio
2538 4909 2846 4977 frequenter
2899 4909 3142 4963 habenda
3191 4929 3204 4964 :
3243 4910 3363 4966 ideo
3405 4928 3620 4968 rursum

2013 4995 2185 5065 ipsum
2231 4995 2559 5051 differamus.
2587 4997 2691 5052 Sed
2724 5015 2790 5053 ne
2817 5016 2960 5070 :egre
2999 5000 3181 5056 feratis
3202 5045 3216 5069 ,
3250 5017 3372 5057 cum
3414 5003 3623 5060 faenero

2012 5086 2165 5142 vobis
2193 5087 2412 5141 omnino
2442 5089 2677 5143 debitum
2707 5091 2996 5146 reddemus
3021 5112 3034 5147 ε
3062 5094 3141 5149 sic
3169 5094 3314 5148 enim
3346 5103 3397 5149 et
3427 5096 3619 5151 nobis'

2013 5181 2101 5249 qui
2147 5182 2502 5249 persolvimus
2529 5183 2780 5252 expedit:
2813 5201 2953 5238 nunc
3006 5199 3183 5241 autem
3225 5187 3442 5242 interitu
3473 5189 3624 5242 diee-

2017 5287 2136 5324 mus
2163 5272 2301 5337 quod
2327 5274 2438 5326 heri
2465 5274 2708 5328 relictum
2739 5274 2853 5328 fuit.
2874 5277 3009 5344 Quid
3034 5286 3210 5332 autem
3235 5278 3347 5333 heri
3378 5280 3619 5334 relictum

2015 5361 2151 5415 fuit?
2185 5361 2572 5429 Deombului‘iat,
2607 5365 2794 5434 inquit.
2833 5365 2966 5420 (Irus
2995 5370 3046 5420 in
3075 5370 3315 5440 paradiso
3338 5372 3390 5424 in
3417 5369 3622 5426 meridie

2019 5452 2250 5536 (Gem/'5.
2285 5457 2359 5523 8).
2385 5456 2522 5522 Quid
2554 5456 2651 5520 ais,
2685 5456 3059 5512 Dt'ambuiubut
3091 5460 3267 5514 Deus?
3287 5461 3406 5516 Non
3441 5462 3626 5517 deam—

2017 5545 2230 5599 bulabat
2262 5563 2274 5599 :
2307 5547 2578 5615 quomodo
2627 5550 2770 5603 enim
2826 5550 3019 5619 ubique
3072 5567 3309 5621 praesens
3348 5563 3402 5607 et
3445 5555 3624 5607 omnia

2017 5642 2276 5710 impletis?
2311 5645 2404 5697 sed
2451 5645 2501 5699 in
2549 5647 2716 5700 Adam
2758 5655 2918 5701 tatem
2946 5664 3161 5703 sensum
3193 5648 3400 5718 posuit,
3440 5659 3497 5701 ut
3534 5665 3621 5703 se-

2020 5735 2192 5801 ipsuin
2221 5736 2546 5803 corriperet,
2583 5753 2648 5791 ne
2675 5739 2966 5792 dissolutus
2997 5749 3136 5795 esset
3157 5784 3170 5806 ,
3204 5749 3259 5795 ut
3289 5739 3540 5810 fugiendo
3571 5753 3622 5793 et

2089 5857 2098 5881 '
2143 5857 2188 5897 ltt
2221 5860 2317 5897 ~‘Iiv.
2348 5851 2446 5914 ius.
2481 5869 2491 5901 ;
2524 5859 2575 5903 El
2596 5853 2721 5902 vobis,
2749 5865 2790 5902 εἰ
2817 5853 2965 5902 θζ.“.ι⁷ῖ.“.
