4232 6320
700 391 771 448 99

696 503 1168 575 latendo-aliquam
1189 499 1549 558 excusationis
1573 511 1779 572 partem
1802 499 2174 571 praetenderet,
2196 500 2280 556 vel

695 604 823 650 ante
867 590 1202 666 ipsa-verba.
1229 589 1394 648 'Sicut
1438 593 1528 663 qui
1577 596 1630 646 in
1656 589 1663 593 ’
1678 592 1936 663 judicium
1986 590 2287 647 adducendi

689 695 837 743 sunt.
868 684 1276 739 commissorum
1309 698 1495 754 ptenas
1515 683 1760 748 subituri,
1790 681 2039 752 squalidi,
2062 681 2286 737 sorden-

706 795 808 836 μδ,
851 775 1067 837 tristes,
1094 774 1385 845 contempti
1408 773 1771 843 judicantihus
1809 781 2095 843 apparent,
2129 782 2185 826 ut
2210 788 2278 827 ex

697 869 873 918 ltuittltt
903 868 1045 934 ipsos
1066 857 1142 918 ad
1173 864 1556 919 humanitatem
1594 873 1648 917 et
1672 863 1881 917 veniam
1904 870 1961 917 et
1981 863 2284 919 misericor-

690 957 832 1009 diam
867 959 1080 1008 trahant
1107 974 1122 1010 :
1152 939 1229 1011 sic
1253 963 1309 1009 et
1333 954 1388 1009 in
1419 954 1587 1009 Adam
1628 953 1826 1008 factum
1853 963 1958 1009 est.
1991 954 2283 1023 ﬂportcbat

689 1048 834 1103 enim
881 1049 1166 1104 demissum
1215 1047 1266 1101 in
1310 1046 1568 1113 judicium
1622 1046 1723 1102 hoc
1771 1046 1949 1111 trahi;
2004 1056 2280 1114 propterea

696 1140 956 1209 prtevenit
1000 1139 1170 1207 ipsum
1202 1138 1375 1204 Deus,
1403 1146 1459 1192 et
1485 1137 1758 1208 corripuit.
1793 1138 1895 1193 Sed
1923 1136 2061 1206 quod
2093 1137 2281 1206 aliquis

694 1230 1060 1286 deambularet
1102 1229 1310 1285 sensit:
1339 1229 1481 1284 unde
1507 1244 1635 1285 vero
1672 1230 1923 1299 cogitavit
1957 1228 2100 1299 quod
2141 1229 2281 1283 Deus

691 1322 1093 1379 deambularet?
1115 1321 1260 1376 Talis
1289 1330 1373 1377 est
1401 1321 1734 1391 peccantium
1764 1318 2131 1376 consuetudo:
2164 1334 2281 1374 om-

687 1415 773 1469 nia
802 1422 1046 1481 sustiecta
1074 1411 1291 1477 habent,
1324 1412 1542 1465 umbras
1566 1418 1817 1475 tremunt,
1841 1424 2055 1464 omnem
2082 1409 2277 1477 strepi-

710 1515 799 1557 ιιιιι
830 1505 1036 1566 timent,
1061 1515 1325 1571 quemque
1353 1509 1538 1570 putant
1563 1508 1749 1555 contra
1780 1515 1839 1554 se
1861 1500 2061 1555 venire.
2085 1499 2277 1556 Multos

689 1593 849 1664 igitur
869 1608 1010 1661 saepe
1029 1592 1319 1661 conspicati
1340 1592 1406 1645 ad
1431 1591 1571 1646 aliud
1598 1593 1949 1647 ministerium
1977 1602 2271 1658 currentes,

688 1685 754 1739 ad
782 1700 840 1738 se
870 1686 1052 1737 venire
1082 1685 1448 1752 cogitaverunt
1474 1693 1782 1752 peccatores
1808 1700 1822 1737 :
1853 1693 1909 1738 et
1927 1684 2044 1738 aliis
2065 1682 2168 1738 alia
2195 1683 2271 1737 in-

686 1786 769 1831 ter
791 1789 852 1829 se
876 1760 1286 1839 disserentibus,
1319 1774 1523 1846 peccati
1542 1774 1653 1830 sibi
1684 1775 1813 1847 ipsis
1842 1774 2045 1832 conscii
2086 1783 2271 1847 putant

681 1866 803 1920 illos
831 1863 898 1919 de
920 1878 979 1918 se
1004 1865 1370 1920 sermocinari.

746 1948 800 2001 Ξ.
844 1948 988 2003 Talis
1011 1951 1152 2003 enim
1185 1965 1271 2004 res
1296 1958 1571 2020 peccatum
1598 1962 1721 2019 est,
1768 1957 1917 2010 nullo
1957 1962 2133 2025 prodit
2176 1972 2270 2011 ar-

676 2046 870 2104 guente
896 2079 911 2100 .
940 2039 1086 2093 nullo
1114 2039 1443 2096 condemnat
1477 2052 1763 2117 accusante
1787 2083 1804 2110 ,
1846 2044 2095 2113 pavidum
2146 2046 2273 2101 facit.

676 2136 734 2183 ct
780 2129 1023 2183 timidum
1066 2141 1401 2200 peccatorem
1428 2174 1446 2199 ,
1492 2133 1631 2189 sicut
1670 2133 1877 2204 justitia
1923 2138 2269 2193 contrarium.

678 2220 818 2275 Audi
848 2220 1008 2291 igitur
1032 2223 1305 2292 quomodo
1332 2234 1388 2279 et
1417 2224 1574 2295 hujus
1599 2240 1852 2296 pavorem
1880 2268 1894 2291 ,
1935 2236 1990 2282 et
2026 2228 2171 2283 illius
2208 2231 2274 2283 li-

675 2300 941 2357 bertatem
975 2305 1257 2374 Scriptura
1280 2310 1617 2383 designavit:
1638 2312 1802 2385 Fugit
1822 2316 2021 2387 impius

668 2405 1011 2462 persequente
1046 2394 1232 2465 (Prov.
1271 2399 1363 2456 28.
1395 2401 1474 2470 i),
1512 2403 1710 2474 inquit.
1753 2404 2041 2471 Quomodo
2076 2426 2263 2479 perse-

669 2493 866 2550 quente
894 2487 1106 2540 nemine
1139 2487 1266 2557 fugit
1291 2494 1315 2543 ‘t
1355 2490 1500 2547 Intus
1526 2493 1685 2550 habet
1712 2508 1958 2567 agentem
1988 2503 2270 2557 conscien-

670 2570 759 2623 tia:
809 2585 1176 2631 accusatorem
1203 2619 1217 2644 ,
1269 2588 1322 2633 et
1371 2579 1513 2635 hunc
1558 2584 1755 2655 ubique
1796 2587 2106 2644 circumfert
2150 2610 2164 2646 :
2212 2603 2266 2647 et

669 2660 808 2715 sicut
835 2664 1069 2733 seipsmu
1101 2682 1205 2722 non
1234 2679 1411 2737 potest
1436 2672 1621 2742 fugere
1644 2712 1663 2738 ,
1685 2676 1765 2730 sic
1795 2692 1892 2731 nec
1918 2694 2040 2734 eum
2067 2683 2157 2750 qui
2186 2681 2267 2736 in-

670 2759 755 2804 tus
781 2751 953 2822 ipsum
986 2756 1188 2825 agitat;
1222 2760 1315 2814 sed
1344 2777 1679 2834 quocumque
1703 2766 1861 2823 abeat
1885 2811 1902 2833 ,
1934 2771 1968 2825 tl
1990 2774 2261 2843 =gellatur,

668 2849 726 2896 et
754 2843 943 2897 vulnus
976 2846 1133 2900 habet
1175 2848 1585 2909 immedicabile.
1632 2856 1702 2909 At
1742 2873 1846 2913 non
1894 2861 2013 2916 lal?s
2047 2864 2259 2932 justus;

669 2931 763 2985 sed
790 2933 961 3003 qualis
987 2977 1002 3003 ,
1033 2937 1156 2991 audi
1190 2956 1204 2993 :
1230 2938 1415 2997 Justus
1445 2952 1704 3013 tamquam
1729 2947 1807 3002 leo
1824 2990 1839 3011 ,
1868 2931 2075 3022 inquit,
2101 2956 2261 3024 conﬁ-

673 3024 749 3077 dit
776 3023 950 3096 (Ibid.
988 3033 1022 3091 ).
1053 3027 1198 3085 Talis
1224 3042 1339 3087 erat
1370 3033 1547 3090 Helias
1576 3056 1591 3092 :
1628 3038 1761 3094 vidit
1800 3041 1959 3111 igitur
1988 3060 2166 3115 regem
2193 3023 2261 3104 ad

668 3130 726 3169 se
757 3118 1059 3174 venientem
1093 3132 1189 3177 :et
1215 3123 1428 3181 dicente
1458 3127 1548 3182 illo
1575 3170 1590 3195 ,
1623 3128 1691 3184 Ut
1733 3131 1857 3201 quid
1900 3137 2138 3202 pervertis
2173 3136 2263 3192 ls-

669 3208 778 3261 reel
802 3206 831 3261 2
858 3206 981 3262 Non
1008 3225 1099 3280 ego
1127 3225 1350 3280 perverto
1381 3213 1549 3272 Israel
1567 3261 1583 3285 ,
1609 3220 1816 3290 inquit,
1847 3225 1936 3277 sed
1978 3234 2032 3279 tu
2073 3235 2121 3281 et
2160 3227 2255 3283 do-

664 3316 777 3354 nius
811 3304 971 3382 patris
999 3307 1074 3358 tui
1108 3306 1127 3379 (
1155 3308 1207 3362 5.
1237 3308 1366 3379 Reg.
1400 3311 1486 3365 l8.
1526 3312 1613 3365 17.
1647 3313 1713 3367 18
1734 3319 1779 3385 ).
1811 3314 1950 3371 Vere
1982 3318 2157 3388 justus
2202 3332 2258 3376 ut

658 3661 747 3717 illa
765 3668 1154 3741 venerabilius.

734 3754 950 3813 Elisams
999 3760 1189 3829 dttplea'.
1249 3762 1397 3819 Elius
1448 3771 1722 3823 secundum
1788 3772 2248 3843 interpretationem

654 3844 1017 3918 Chrysostomi.
1065 3882 1138 3894 -—
1188 3854 1423 3926 Purpura
1484 3861 1626 3915 enim
1684 3864 1769 3917 illa
1833 3865 2024 3923 famem
2082 3886 2246 3940 pepe-

656 3938 725 3992 rit
780 3956 1032 4009 gravem;
1098 3946 1293 4002 mclote
1349 3959 1524 4004 autem
1585 3953 1701 4008 haec
1748 3957 2075 4014 calamitates
2132 3938 2243 4015 dis-

651 4032 855 4098 cnssit,
900 4033 1015 4090 haec
1054 4035 1341 4093 Jurdanem
1373 4040 1589 4108 divisit;
1634 4046 1748 4101 haec
1786 4049 2033 4105 Elismum
2073 4052 2245 4122 dupli-

647 4134 764 4175 cem
797 4123 965 4179 Eliam
996 4125 1120 4183 fecit
1149 4129 1167 4200 (
1194 4131 1246 4184 4.
1282 4130 1408 4203 Reg.
1439 4135 1491 4188 2.
1519 4132 1571 4187 8.
1598 4134 1675 4207 9).
1699 4136 1744 4193 Ο
1781 4150 1979 4207 quanta
2024 4158 2242 4201 sancto-

650 4229 765 4267 rum
798 4217 1001 4273 virtus!
1033 4236 1137 4274 non
1168 4223 1280 4275 Sola
1314 4225 1549 4291 ipsorum
1579 4229 1738 4283 verba
1769 4240 1823 4284 et
1849 4246 2070 4303 corpora
2096 4276 2110 4299 ,
2141 4237 2239 4293 sed

647 4312 701 4356 ct
731 4304 839 4371 ipsa
874 4307 1177 4363 indumenta
1200 4322 1457 4368 creatum
1477 4317 1622 4371 omni
1648 4332 1899 4391 perpetuo
1927 4335 2047 4379 sunt
2069 4342 2234 4384 vene-

546 4464 553 4473 .
646 4395 851 4447 rabilin.
883 4396 1049 4465 Hujus
1077 4401 1272 4456 molete
1302 4403 1586 4459 Jordancm
1617 4408 1793 4464 divisit
1824 4428 1837 4464 :
1868 4413 2229 4474 ealceamenta

648 4485 802 4537 trium
851 4476 1132 4553 puerorum
1184 4493 1359 4561 ignem
1404 4498 1895 4556 concult-avcrunt:
1944 4502 2123 4561 Elismi
2165 4509 2230 4563 li-

643 4589 806 4642 gnum
837 4578 853 4606 ¹
904 4593 1069 4647 aquas
1124 4585 1365 4650 mutavit,
1412 4597 1466 4640 et
1516 4598 1572 4640 ιιι
1610 4588 1806 4643 ferrum
1852 4592 1902 4646 in
1951 4597 2233 4665 superﬁcie

642 4677 915 4734 portarent
939 4671 1151 4725 eﬂ'ecit:
1182 4674 1340 4731 Musis
1370 4677 1518 4747 virga
1546 4696 1692 4735 mare
1722 4682 1962 4739 Rubrum
2004 4688 2180 4743 divisit
2206 4732 2221 4757 ,

1405 386 1464 444 s.
1501 383 1781 444 JOANNIS
1814 382 2287 443 cnavsosrout
2324 387 2643 450 ARCHIEP.
2684 362 3243 457 cousrsnrtnoe.‘

2056 2317 2270 2377 nemine
2286 2356 2302 2381 .

3884 416 3990 477 100

2390 520 2511 578 gem
2523 505 2625 566 sibi
2638 521 2860 567 eernere
2874 514 3305 590 videbatur.Qu:e
3319 522 3463 581 enim
3478 528 3758 589 exterioris
3768 537 3991 606 opulen-

2391 603 2512 659 tie‘
2540 607 2759 673 utilitas,
2778 622 2899 665 cum
2924 609 3065 667 intus
3084 621 3167 667 est
3192 621 3336 670 tanta
3358 619 3676 688 pauperies?
3707 603 3826 696 qua:
3855 642 3989 683 vero

2389 697 2717 764 paupertatis
2747 713 2881 754 noxa
2905 739 2922 765 ,
2951 716 3071 757 cum
3115 703 3256 759 intus
3292 717 3453 763 tanta:
3479 714 3728 782 repositae
3752 728 3875 771 sunt
3905 718 3987 773 dio

2388 785 2529 840 vitite
2547 786 2573 840 ἲ
2593 786 2736 843 Talis
2758 800 2876 846 erat
2898 791 2985 847 leo
3005 802 3058 849 et
3077 794 3263 850 beatus
3284 796 3482 855 Paulus
3505 818 3519 855 :
3544 818 3813 861 carcerem
3836 810 3983 864 enim

2387 874 2657 946 ingressus
2676 919 2691 944 ,
2710 879 2830 934 solo
2849 881 3085 964 clamore
3102 886 3282 942 omnia
3309 888 3651 948 fundamenta
3674 902 3980 968 concussit,
4008 960 4017 962 _

2384 964 2596 1020 vincula
2627 970 2758 1023 rosit
2789 969 2808 1038 (
2832 957 2946 1025 Aet.
2979 974 3067 1031 i6.
3095 975 3167 1032 26
3193 975 3236 1045 )',
3262 993 3368 1034 non
3406 979 3654 1039 dentibus
3675 1027 3689 1050 ,
3723 987 3818 1042 sed
3852 957 3977 1046 ver;

2383 1054 2466 1110 bis
2490 1075 2503 1111 :
2530 1070 2809 1128 propterea
2840 1079 2944 1117 non
2973 1064 3155 1121 leones
3180 1065 3334 1137 ipsos
3364 1079 3569 1139 tantum
3589 1117 3605 1141 ,
3639 1077 3732 1133 sed
3760 1086 3814 1134 et
3833 1080 3979 1137 aliud

2381 1146 2509 1215 quid
2537 1148 2781 1206 leonibus
2810 1154 2982 1223 majus
3021 1164 3234 1226 oportet
3271 1163 3564 1232 appellare.
3601 1165 3711 1223 Leo
3739 1170 3883 1227 enim
3920 1172 3977 1228 lu

2382 1238 2514 1294 retia
2540 1256 2686 1311 stupe
2702 1243 2880 1314 lapsus
2895 1248 3104 1318 capitur
3125 1291 3141 1317 ,
3173 1255 3347 1309 sancti
3374 1270 3504 1312 vero
3545 1274 3667 1315 cum
3702 1261 3972 1334 ligantur,

2382 1326 2507 1383 hinc
2534 1329 2786 1389 fortiores
2826 1334 3001 1392 ﬁunt:
3036 1338 3175 1395 sicut
3208 1352 3264 1399 et
3307 1343 3394 1400 hic
3433 1346 3619 1404 beatus
3659 1352 3713 1407 in
3741 1326 3976 1414 carcere

2382 1426 2507 1475 tunc
2532 1418 2659 1476 fecit
2676 1464 2692 1489 ,
2724 1424 2937 1482 solvens
2963 1432 3294 1500 compeditos
3318 1478 3332 1500 ,
3360 1438 3591 1508 parietes
3619 1446 3971 1516 concutiens,

2377 1511 2612 1576 carceris
2634 1514 2909 1570 custodem
2936 1517 3160 1589 alligans
3187 1532 3242 1577 et
3267 1523 3482 1595 pietatis
3519 1529 3688 1586 verbo
3727 1511 3971 1601 capiens.

2377 1598 2488 1655 Leo
2513 1601 2749 1675 clamat,
2781 1613 2837 1661 et
2863 1622 3052 1664 omnes
3074 1610 3273 1668 bestias
3296 1613 3474 1685 fugat;
3502 1632 3719 1696 sanctus
3738 1598 3969 1696 clamat,

2374 1701 2430 1745 et
2453 1691 2726 1751 diemones
2752 1696 2983 1769 undique
3011 1696 3251 1770 expetit.
3278 1703 3476 1763 Leonis
3500 1694 3650 1767 arma
3674 1757 3686 1777 ,
3715 1691 3970 1784 iubarum

2376 1780 2604 1852 horror,
2659 1789 2912 1858 unguium
2958 1807 3144 1847 mucro
3168 1835 3182 1859 ,
3223 1803 3280 1851 et
3318 1796 3509 1856 dentes
3547 1806 3690 1860 acuti
3716 1780 3756 1862 τε
3814 1824 3969 1867 arma

2366 1872 2499 1944 justi
2523 1916 2539 1943 ,
2572 1877 2908 1952 philosophia
2928 1921 2945 1948 ,
2973 1889 3329 1957 temperantia
3354 1932 3369 1958 ,
3402 1894 3656 1961 patientia
3681 1939 3698 1965 ,
3729 1914 3973 1969 praesen-

2376 1970 2504 2015 tium
2535 1980 2874 2037 contemptus
2890 1971 3151 2026 omnium.
3178 1973 3302 2028 litec
3320 1990 3471 2031 arma
3496 1979 3740 2049 quisquis
3766 1981 3971 2055 habet,

2376 2070 2477 2107 non
2512 2054 2757 2114 homines
2786 2069 2993 2117 tantum
3025 2062 3299 2134 improbos
3322 2108 3339 2133 ,
3371 2068 3465 2125 sed
3495 2080 3552 2126 et
3592 2073 3735 2142 ipsas
3774 2076 3970 2133 adver-

2372 2147 2541 2201 sarias
2572 2155 2865 2216 potestates
2902 2152 3192 2211 deridebit.‘
3241 2156 3410 2216 Stude
3447 2162 3609 2232 igitur
3632 2207 3647 2229 ,
3688 2180 3723 2220 o
3763 2166 3929 2222 homo
3951 2211 3968 2237 ,

2371 2239 2667 2321 secundum
2700 2243 2867 2298 Deum
2903 2246 3080 2302 vivere
3106 2290 3122 2315 ,
3161 2258 3218 2306 et
3257 2266 3419 2307 nemo
3445 2262 3498 2309 te
3525 2271 3774 2326 umquam
3804 2274 3967 2329 supe-

2371 2329 2541 2396 rabit;
2700 2336 2861 2390 etiam
2892 2338 2936 2391 si
2962 2341 3202 2395 omnium
3233 2343 3525 2399 vilissimus
3553 2362 3673 2402 esse
3700 2348 3964 2420 videaris,

2368 2423 2609 2478 omnium
2638 2412 2747 2482 eris
2776 2431 3221 2498 potentissimus;
3252 2435 3391 2491 sicut
3421 2438 3466 2490 si
3508 2439 3671 2492 animi
3713 2412 3960 2498 virtutem

2368 2516 2675 2586 neglexeris
2696 2562 2711 2584 ,
2738 2523 2900 2576 etiam
2930 2523 2974 2578 si
3001 2526 3239 2581 omnium
3270 2528 3347 2582 sis
3376 2530 3778 2598 potentissimus
3803 2574 3818 2594 .
3847 2549 3977 2589 om-

2368 2604 2527 2660 nibus
2572 2606 2948 2667 insidiantibus
2981 2615 3090 2669 eris
3129 2616 3285 2673 facile
3320 2621 3711 2691 expugnabilis.
3748 2624 3816 2678 Et
3861 2625 3958 2680 hor

2366 2698 2578 2767 quidem
2601 2699 2742 2756 dicta
2765 2702 3267 2763 demonstraverunt
3285 2712 3529 2780 exempla
3554 2730 3568 2777 ;
3592 2728 3635 2766 si
3656 2713 3737 2769 vis
3756 2723 3958 2783 autem,

2365 2796 2420 2842 et
2452 2804 2546 2857 per
2575 2805 2738 2859 opera
2772 2803 2821 2849 te
2849 2794 3044 2851 docere
3070 2799 3307 2855 conabor
3330 2843 3344 2867 ,
3378 2798 3481 2856 vim
3506 2804 3773 2872 justorum
3805 2806 3958 2863 inex~

2366 2881 2752 2953 puguahilem,
2807 2896 2861 2942 et
2911 2886 3121 2944 facilem
3182 2906 3519 2961 peccatorum
3573 2897 3957 2965 captivitatem.

2362 2968 2500 3023 Audi
2531 2972 2689 3041 igitur
2707 2978 2975 3045 quomodo
3007 2979 3121 3035 htrc
3152 2984 3311 3034 ambo
3330 2983 3595 3052 Propheta
3626 2986 3950 3053 insinuavit;

2366 3058 2489 3114 Non
2529 3062 2604 3117 sic
2645 3064 2825 3135 impii,
2872 3086 2971 3121 non
2994 3070 3103 3135 sic,
3147 3070 3234 3123 sed
3275 3080 3529 3140 tamquam
3572 3075 3768 3145 pulvis,
3809 3095 3960 3145 queui

2363 3153 2566 3225 projieit
2591 3168 2763 3212 ventus
2785 3175 2816 3211 a
2843 3161 2972 3229 [acie
2996 3170 3143 3216 term
3171 3163 3189 3234 (
3221 3162 3366 3219 Psal.
3399 3166 3449 3219 1.
3482 3166 3577 3238 4).
3623 3170 3771 3226 Sicut
3809 3172 3956 3227 enim

2358 3241 2452 3298 ille
2490 3253 2771 3301 ventorum
2805 3247 3102 3305 incursibus
3131 3252 3284 3307 facile
3312 3254 3674 3325 projieiendus
3707 3263 3945 3331 proposi-

2359 3340 2445 3388 tus
2470 3344 2553 3389 est
2578 3355 2590 3388 :
2621 3337 2698 3391 sic
2728 3346 2783 3391 et
2813 3350 3060 3406 peccator
3089 3342 3157 3397 ab
3184 3345 3330 3398 omni
3362 3348 3655 3403 teutatioue
3683 3350 3956 3407 subverti-

2352 3704 2546 3759 henti?
2584 3705 2689 3761 Sed
2720 3723 2823 3761 non
2858 3708 2973 3763 talis
2994 3709 3189 3779 justus.
3214 3710 3398 3778 Qualis
3421 3715 3593 3783 ergo?
3614 3717 3748 3772 Audi
3773 3719 3946 3787 ipsum

2342 3793 2665 3864 Prophetam
2713 3798 2979 3854 dicentem
3028 3820 3042 3856 :
3090 3801 3194 3868 Qui
3244 3805 3506 3872 conﬁdunt
3565 3808 3618 3861 in
3689 3807 3942 3877 Domino,

2350 3884 2494 3939 Sicut
2535 3904 2678 3941 mons
2727 3889 2853 3944 Sion
2898 3889 3085 3963 (Psal.
3132 3892 3295 3965 124).
3344 3895 3479 3962 Quid
3531 3898 3761 3953 tamdem
3811 3910 3939 3967 est,

2347 3976 2476 4029 sicut
2498 3993 2640 4030 mons
2659 3977 2817 4033 Sion?
2836 3978 2956 4034 Non
2977 3984 3364 4038 commovebitur
3385 3986 3436 4039 in
3462 3999 3703 4042 internum
3728 3987 3939 4062 (Ibid.),

2348 4070 2537 4140 inquit.
2582 4073 2941 4146 Quacumque
2992 4079 3134 4131 enim
3178 4078 3486 4135 adhibueris
3543 4083 3941 4139 machinamen-

2346 4171 2438 4230 ta,
2498 4156 2846 4234 quascumque
2897 4168 3215 4238 jaculaveris
3275 4172 3378 4226 tela
3447 4183 3683 4230 montem
3752 4177 3939 4233 demo—

2343 4254 2429 4308 liri
2466 4256 2649 4311 volens
2671 4298 2686 4322 ,
2721 4257 2868 4312 illum
2907 4259 3123 4329 quidem
3163 4276 3450 4332 numquam
3496 4266 3773 4334 superahis
3804 4285 3817 4321 :
3845 4269 3934 4340 qui

2343 4347 2489 4400 enim
2542 4347 2792 4417 poteris?
2840 4350 3263 4407 machinamenta
3317 4367 3443 4409 vero
3492 4356 3667 4410 solves
3712 4360 3931 4429 omnia,

2338 4435 2498 4492 etiam
2524 4447 2674 4500 tuam
2696 4438 2943 4495 destrues
2965 4440 3350 4499 fortitudinem.
3374 4446 3519 4501 Talis
3538 4457 3619 4502 est
3645 4459 3699 4503 et
3720 4450 3932 4518 justus:

2336 4540 2687 4596 quaecumque
2729 4528 2953 4584 vulnera
2997 4534 3309 4603 exceperit,
3364 4534 3479 4605 ipse
3518 4537 3936 4610 quidem-grave

2336 4619 2533 4685 patitur
2571 4620 2742 4687 nihil,
2793 4622 2887 4675 sed
2930 4623 3297 4679 insidiantium
3339 4627 3444 4680 vim
3501 4628 3783 4696 dissolvit,
3834 4648 3932 4689 nec

2336 4724 2464 4763 vero
2493 4711 2796 4765 mortalium
2825 4713 2986 4767 modo
3010 4757 3025 4778 ,
3054 4715 3147 4769 scd
3194 4717 3430 4786 ipsorum
3474 4734 3684 4788 quoque
3724 4720 3931 4775 daemo-

2408 4762 2415 4763 ,
2560 4762 2596 4764 ρ
2825 4762 2981 4767 ___-_-
3010 4762 3025 4778 ,
3054 4762 3147 4769 η-
3194 4762 3206 4768 -
3235 4762 3430 4772 ._-......
3475 4762 3595 4786 .,.-ν.
3621 4762 3684 4774 ..ν
3726 4762 3901 4775 ...νων

641 4769 843 4825 Ρθιηιηι
890 4762 1091 4878 simil“:
1139 4765 1286 4867 9.3"“
1331 4772 1643 4878 νεδιίίξιεηῑδ
1686 4774 1968 4846 ¹ε¹¹¹8υο¹⁹θ³
2011 4783 2228 4851 οιιηιιθ·
2332 4817 2480 4855 ιιιιιιι.
2514 4803 2721 4858 Audisti
2753 4820 2983 4876 namque
3014 4762 3248 4878 salpiusl,
3283 4819 3415 4878 quot
3443 4762 3691 4867 diahoius
3722 4815 3928 4869 machi-

638 4858 765 4964 l‘llll':
791 4868 804 4903 τ
834 4853 1015 4907 umbra
1044 4854 1185 4964 Ρεξτί
1211 4867 1446 4964 ,ιηοηθῐη
1486 4861 1704 4964 r“Silvii.
1764 4955 1796 4964 ἑ
2331 4902 2579 4946 namenta
2606 4893 2710 4949 Joh
2730 4853 3035 4953 adhibincrit
3057 4941 3072 4964 ,
3093 4853 3195 4953 lnec
3217 4853 3389 4954 sol‘um
3416 4910 3589 4954 tamen
3609 4902 3753 4957 illum
3777 4919 3932 4959 mon-

701 4939 986 5012 Martyrum
1002 4948 1176 5017 [at-illa
1188 4948 1445 5004 damonaa
1462 4954 2075 5031 expellit—Sanctorum
2094 4977 2225 5017 mar-

635 5041 806 5102 tyrum
824 5033 996 5090 favilla
1011 5038 1267 5109 malignos
1278 5043 1493 5114 expellit
1505 5045 2083 5122 dmmonas.Propterca
2099 5071 2217 5112 cum

631 5123 818 5178 fiducia
836 5129 1013 5181 omnia
1030 5128 1256 5195 faciunt,
1294 5134 1432 5188 sicut
1448 5143 1502 5190 et
1535 5137 1709 5191 Elias:
1733 5155 1837 5193 non
1854 5144 1994 5197 enim
2012 5156 2221 5214 specta-

629 5217 716 5271 bat
738 5217 1003 5283 diadema,
1030 5230 1085 5275 et
1100 5226 1423 5279 exteriorem
1443 5229 1584 5296 regis
1596 5229 1933 5300 splendorem
1956 5251 1971 5299 ;
1988 5236 2079 5289 sed
2098 5238 2184 5292 ani
2198 5266 2217 5277 ο

626 5324 764 5359 tuam
782 5324 1093 5378 pannosam,
1113 5315 1466 5385 squalentem,
1483 5319 1772 5386 sordidam,
1790 5326 1995 5379 etomni
2015 5342 2107 5381 reo
2126 5329 2218 5384 mi-

622 5400 790 5454 serius
821 5401 1064 5457 affectam
1092 5406 1383 5473 respiciens
1404 5449 1420 5473 ,
1448 5419 1503 5463 et
1529 5410 1705 5480 ipsum
1755 5412 1898 5467 intus
1940 5418 2207 5486 captivum

629 5502 760 5552 esse,
784 5505 846 5545 ac
862 5493 1106 5549 vitiorum
1125 5509 1360 5564 servum,
1379 5498 1545 5568 ipsius
1581 5502 1928 5571 principatum
1966 5516 2210 5563 contem-

624 5579 755 5649 psit:
780 5584 976 5637 etenim
1006 5593 1276 5656 tamquam
1294 5587 1347 5642 in
1364 5603 1545 5657 scena,
1565 5591 1658 5645 sed
1685 5607 1787 5648 non
1810 5594 1861 5653 in
1884 5597 2103 5654 veritate
2124 5615 2211 5656 re-

2332 4993 2439 5039 tem
2482 5001 2589 5039 non
2637 4991 3054 5057 conquassavit,
3096 4991 3191 5046 sed
3228 5000 3281 5046 et
3327 5004 3612 5048 enervatus
3660 4999 3929 5068 recessit,

2326 5077 2534 5147 sagittis
2562 5078 2691 5147 ipsis
2715 5079 3002 5136 confractis
3022 5123 3037 5148 ,
3068 5092 3123 5138 et
3163 5084 3605 5140 machinamentis
3650 5087 3931 5146 inutilibus

2325 5183 2389 5223 ex
2421 5170 2511 5223 illo
2539 5170 2741 5227 inflictu
2768 5172 3009 5227 redditis.

2396 5259 2449 5315 5.
2494 5260 2618 5315 llzec
2647 5261 2822 5331 itaque
2852 5263 3113 5331 scientes,
3159 5264 3321 5320 vitam
3356 5281 3606 5322 curemus
3635 5277 3874 5326 nostram
3913 5293 3926 5305 -

2324 5365 2496 5419 neque
2522 5351 2661 5407 circa
2694 5354 2943 5422 pecunias
2976 5355 3285 5410 stndeamus
3312 5399 3328 5423 ,
3358 5374 3476 5426 qua:
3507 5373 3732 5427 pereunt
3774 5376 3787 5414 ε
3834 5379 3903 5419 ne

2320 5457 2425 5510 que
2451 5442 2589 5497 circa
2622 5444 2841 5513 gloriam
2871 5487 2886 5507 ,
2915 5463 3034 5515 qua:
3062 5449 3418 5517 exstinguitur
3446 5466 3460 5503 :
3496 5466 3599 5505 non
3621 5452 3762 5506 circa
3794 5468 3917 5509 cur-

2320 5545 2455 5600 pus,
2486 5532 2628 5601 quod
2668 5535 2937 5601 senescit,
2972 5553 3076 5591 non
3123 5538 3262 5591 circa
3294 5539 3764 5607 pulchritudinem.
3801 5561 3921 5612 qttzt-

2317 5622 2638 5693 marcescit,
2690 5641 2795 5681 non
2852 5628 2993 5682 circa
3037 5628 3295 5697 delicias,
3340 5646 3462 5701 quae
3494 5632 3761 5700 deﬂuunt;
3816 5636 3909 5690 sed

684 5712 821 5791 LSie
840 5715 981 5791 sas-il.
1031 5723 1084 5791 e_t
1104 5731 1277 5791 omnes
1312 5734 1445 5791 pene
1490 5730 1592 5791 Mss.
1620 5724 1786 5791 Morel.
1812 5740 1826 5775 :
1853 5726 1996 5791 Ligna
2020 5731 2203 5785 Etistei.

623 5770 745 5826 infra
761 5774 856 5827 duo
876 5785 980 5829 Mss.
1008 5770 1608 5851 :sancturum'etnegre'gie
1620 5770 2203 5859 ᾐυῖὲῶἰιὶιιῖᾜνῖάῖῖῖἡί
2377 5800 2392 5832 ι
2415 5800 2486 5851 sic
2509 5798 2649 5852 εικῆ.
2678 5807 2730 5853 et
2750 5804 2959 5855 maxima
2990 5817 3103 5869 pars
3122 5812 3232 5859 uss.
3260 5817 3419 5861 recte.
3441 5812 3625 5877 Movet,
3641 5811 3846 5865 decoris.
