4232 6320
295 401 358 458 99
1331 401 1426 454 Αυ
1463 398 1790 455 ιιυρυιυιυ
1829 397 2336 454 ΔΝΙΙυωΙΕΝυΒ
2375 398 2614 456 1101111..
2648 401 2781 458 ιιιι.

294 517 402 570 τῶν
450 511 728 588 Καθάπερ
776 512 888 586 γάρ
928 513 980 569 οι
1020 512 1308 586 μέλλοντες
1349 516 1432 578 είς
1474 512 1826 584 δικαστήριον
1869 511 1986 564 είσο

294 600 542 670 έγεσθαι.
560 602 659 656 καὶ
683 599 916 664 εὐθύνας
933 599 1041 655 τῶν
1057 601 1238 673 πεπλη
1246 599 1425 674 μμελη
1432 600 1610 672 μένων
1625 597 1870 670 ὑπέχειν,
1895 598 1978 652 αὐ-

298 690 561 762 γμῶντες,
595 687 902 761 ρυπιῖιντες,
934 689 1176 760 στυγνοὶ,
1215 689 1650 762 κατεσταλμένοι
1679 691 1792 752 τοῖς
1825 687 1980 742 δικά-

293 778 445 843 ζουσι
474 776 781 849 φαίνονται.
810 777 953 832 ὥστε
981 777 1078 832 καὶ
1106 777 1218 832 ἁπδ
1240 773 1332 830 τοῦ
1363 778 1643 849 σχήματος
1673 775 1874 839 αὐτοὺς
1900 775 1983 838 είς

294 864 711 936 φιλανθρωπίαν
735 864 1146 936 ἐπισπάσασθαι
1184 864 1277 918 καὶ
1305 862 1456 918 έλεον
1481 863 1578 918 καὶ
1605 860 1940 932 συγγνώμην
1960 874 1974 888 ·

290 933 436 1008 οὕτω
459 933 557 1007 zeal
584 954 680 1007 επὶ
701 951 797 1007 τοῦ
835 933 1009 1024 Ἀδὰμ
1032 951 1244 1022 γέγονε.
1278 951 1388 1005 Kal
1413 949 1524 1022 γάρ
1548 950 1655 1004 ἔδει
1686 945 1982 1004 κατεσταλ-

292 1039 459 1108 μένον
490 1042 572 1104 είς
615 1038 678 1094 :6
707 1038 1059 1110 δικαστήριον
1105 1037 1428 1109 είσαχθῆνάι
1464 1036 1626 1091 τοῦτο
1646 1053 1660 1067 ·
1699 1035 1790 1090 διὰ
1819 1033 1980 1088 τοῦτο

290 1125 583 1204 προλαϐὼν
613 1129 642 1180 6
674 1127 829 1189 Θεὸς.
860 1125 1027 1182 αὑτὸν
1061 1126 1423 1180 συνέστειλεν.
1471 1125 1611 1178 Ἀλλ’
1635 1126 1719 1180 ὅτι
1761 1123 1862 1194 μέν
1891 1139 1979 1186 τις

289 1215 617 1286 περιεπάτει
655 1213 886 1286 ᾔσθετο·
928 1213 1095 1268 πόθεν
1125 1213 1183 1267 δέ
1225 1212 1479 1284 ἐνόμισεν
1514 1212 1606 1266 ὅτι
1642 1213 1672 1265 6
1703 1210 1838 1274 Θεὸς
1873 1224 1977 1261 πεο

291 1306 584 1374 ριεπάτεις
627 1302 882 1359 Τοιοῦτον
925 1303 1036 1357 τῶν
1077 1302 1504 1373 ἁμαρτανόντων
1556 1299 1618 1355 :6
1661 1299 1785 1363 ἔθος
1827 1298 1974 1353 ἐστί·

287 1392 471 1446 πάντα
499 1390 890 1457 ὑποπτεύουσι,
925 1391 1026 1454 τὰς
1062 1392 1224 1453 σκιάς
1257 1388 1547 1461 τρέμουσι,
1587 1386 1767 1442 πάντα
1802 1385 1977 1456 ψόφον

284 1477 586 1544 δεδοίκασι,
627 1477 723 1532 καὶ
755 1478 987 1532 ὶκαστον
1030 1478 1117 1531 ἐπ’
1147 1477 1348 1541 αὐτοὺς
1379 1474 1620 1547 βαδίζειν
1666 1473 1972 1546 νομίζουσι.

284 1565 526 1630 Πολλοὺς
573 1563 707 1635 γοῦν
756 1563 1018 1629 πολλάκις
1065 1564 1267 1626 ίδόντες
1315 1563 1400 1633 ἐφ’
1438 1563 1632 1633 ἑτέραν
1678 1560 1975 1634 τρέχοντας

281 1651 586 1721 διακονίαν,
617 1653 876 1724 ἐνόμισαν
901 1655 988 1708 ἐπ’
1014 1654 1214 1717 αὐτοὺς
1236 1653 1394 1722 ῆκειν
1417 1655 1467 1706 οί
1487 1651 1898 1725 ἁμαρτάνοντες
1920 1663 1971 1717 ι,

281 1740 378 1794 καὶ
407 1741 590 1796 ἄλλων
624 1741 764 1796 ἄλλα
790 1742 928 1815 πρὸς
953 1742 1218 1814 ἀλλήλους
1255 1740 1682 1811 διαλεγομένων.
1712 1743 1763 1795 οί
1792 1757 1971 1794 συνει-

280 1829 435 1894 δότες
464 1831 685 1896 έαυτοίς
721 1831 1019 1904 ἁμαρτίαν,
1055 1830 1186 1902 περὶ
1228 1829 1410 1884 αὐτῶν
1443 1829 1687 1895 ἐκείνους
1730 1830 1975 1900 διαλέγε-

282 1917 411 1971 σθαι
447 1905 748 1989 νομίζωσι.
770 1945 773 1954 ι

355 2004 423 2076 β’.
445 2005 702 2061 τοιοῦτον
735 2007 846 2080 γὰρ
865 2009 900 2080 ή
926 2009 1041 2080 ἁμα
1049 2007 1191 2081 ρτία·
1214 2011 1430 2078 οὐδενὸς
1443 2012 1760 2084 ἐλέγχοντος
1780 2010 1969 2082 προδί-

280 2091 468 2156 δωσιν,
503 2093 719 2158 οὐδενὸς
741 2097 1180 2168 κατηγοροῦντος
1203 2099 1580 2165 καταδικάζει,
1609 2100 1706 2154 καὶ
1729 2099 1968 2171 ψοφοδεῆ

279 2183 430 2235 ποιεί
445 2182 543 2235 καὶ
566 2173 739 2236 δειλὸν
752 2183 844 2238 τὸν
859 2185 1219 2256 ἡμαρτηκότα
1234 2203 1247 2217 ·
1270 2187 1462 2261 ῶσπερ
1483 2183 1577 2243 οὖν
1597 2189 1630 2260 ή
1654 2186 1970 2258 δικαιοσύνη

277 2269 341 2323 :6
374 2270 640 2330 ἐναντίον.
671 2272 939 2327 ’Δκουσον
959 2273 1092 2342 γοῦν
1119 2274 1240 2338 πῶς
1265 2277 1362 2329 καὶ
1389 2276 1584 2330 τούτου
1613 2277 1714 2348 τὴν
1741 2275 1968 2340 δειλίαν,

279 2357 536 2410 κάκείνου
555 2357 657 2430 τὴν
696 2360 1009 2432 παρρησίαν
1042 2359 1361 2432 ὑπέγραψεν
1385 2364 1419 2434 ἡ
1452 2364 1642 2436 Γραφή
1661 2381 1676 2395 ο
1703 2363 1911 2432 Φεύγει
1936 2364 1972 2417 ὁ

276 2443 530 2512 ἀσεϐὴς,
551 2443 735 2516 φησὶν,
752 2446 1002 2515 οὐδενὸς
1013 2450 1357 2519 διώκοντος.
1375 2452 1502 2516 Πῶς
1519 2450 1732 2516 οὐδενὸς
1746 2451 1972 2504 διώκον-

276 2548 371 2596 τος
386 2531 582 2602 φεύγει
598 2549 614 2600 ;
632 2535 820 2590 Ἕνδον
835 2536 948 2607 εχει
965 2536 992 2575 δ
1012 2539 1103 2592 τὸν
1117 2537 1433 2606 ἐλαύνοντα,
1447 2540 1540 2592 τὸν
1556 2538 1653 2592 τοῦ
1666 2539 1970 2604 συνειδότος

276 2621 613 2692 κατήγορον,
632 2623 726 2677 καὶ
745 2623 933 2679 τοῦτον
963 2627 1241 2697 πανταχοῦ
1259 2629 1545 2700 περιφέρει
1563 2643 1578 2659 ο
1602 2627 1697 2682 καὶ
1715 2626 1968 2698 καθάπερ

277 2705 474 2760 ἑαυτὸν
497 2708 598 2762 οὐκ
632 2709 700 2762 ἂν
727 2709 982 2783 δυνηθείη
1008 2712 1256 2782 φεύγειν,
1288 2714 1462 2780 οῦτως
1497 2714 1619 2768 οὐδὲ
1640 2714 1731 2768 τὸν
1755 2713 1969 2768 ἔνδοθεν

275 2794 445 2847 αὐτὸν
488 2795 804 2860 ἐλαύνοντα,
846 2799 965 2854 ἀλλ’
1002 2800 1252 2873 ὅπουπερ
1289 2801 1357 2856 ἁν
1408 2802 1599 2874 ἀπῄει,
1645 2802 1968 2874 μαστίζεται

279 2880 398 2955 [95]
433 2884 529 2938 καὶ⁸
545 2884 769 2956 τραῦμα
798 2886 1018 2942 ἁνίατον
1049 2887 1162 2960 έχει
1183 2906 1197 2920 ·
1225 2889 1342 2944 ἀλλ’
1370 2891 1469 2962 οὐχ
1498 2891 1528 2942 6
1559 2891 1766 2955 δίκαιος
1789 2889 1967 2944 τοιοῦ-

277 2984 389 3035 τος,
432 2969 550 3024 ἀλλ’
597 2974 800 3040 ὁποῖος,
850 2974 1055 3030 ἁκουε·
1096 2979 1334 3045 Δίκαιος
1365 2980 1446 3046 ὡς
1490 2979 1649 3034 λέων
1695 2981 1964 3036 πέποιθε.

277 3057 539 3124 Τοιοῦτος
559 3055 628 3134 ἦν
648 3062 678 3116 6
721 3062 910 3127 Ἠλίας
930 3081 946 3096 ·
974 3059 1082 3119 εἶδε
1108 3065 1240 3135 γοῦν
1269 3066 1360 3121 τὸν
1391 3067 1617 3138 βασιλέα
1645 3069 1784 3140 πρὸς
1805 3068 1969 3123 αὐτὸν

277 3145 598 3217 ἰρχόμενον,
630 3149 726 3204 καὶ
759 3152 1006 3217 είπόντος
1046 3154 1280 3218 έκείνου,
1323 3155 1447 3210 ἰνα
1484 3156 1542 3209 τί
1586 3157 1969 3226 διαστρέφεις

276 3233 382 3286 τὸν
429 3234 717 3304 ἰσραήλς
767 3241 890 3292 οὐκ
917 3238 1033 3308 ἐγὼ
1060 3239 1421 3309 διαστρέφω,
1465 3241 1654 3311 φησιν,
1689 3243 1853 3297 ἀλλὰ
1884 3243 1967 3297 σὺ

277 3320 376 3373 καὶ
419 3325 454 3376 ὁ
484 3319 650 3391 οἶκος
672 3324 781 3386 τοῦ
801 3326 1028 3394 πατρός
1051 3341 1190 3382 σου.
1233 3327 1473 3400 Ἀληθῶς
1504 3329 1712 3393 δίκαιος
1733 3331 1809 3394 ὡς
1831 3330 1968 3385 λέων

279 3408 536 3465 πέποιθε.
555 3411 822 3484 καθάπερ
839 3413 950 3486 γὰρ
970 3413 1109 3468 λέων
1126 3415 1364 3469 κυνιδίου
1391 3417 1536 3480 τινὸς
1553 3416 1803 3481 εὐτελοῦς
1832 3436 1968 3474 κατ-

276 3495 547 3568 εξανέστη
586 3498 683 3552 τοῦ
729 3498 1031 3571 βασιλέως·
1078 3501 1256 3556 καίτοι
1293 3504 1602 3574 πορφυρίδα
1639 3499 1785 3575 εἶχεν
1819 3508 1967 3559 ἐκεῖ·

277 3599 391 3646 νος,
423 3583 540 3638 ἀλλ’
578 3581 696 3657 εἶχε
730 3587 988 3660 μηλωτήν
1027 3585 1207 3655 οὗτος.
1237 3591 1453 3664 ἱμάτιον
1494 3591 1597 3663 τῆς
1634 3594 1969 3665 πορφυρίδος

277 3669 497 3742 έκείνης
527 3673 870 3747 σεμνότερον.

363 3758 429 3811 Ἡ
469 3758 568 3829 μιν
606 3760 716 3833 γὰρ
744 3763 1023 3835 πορφυρὶς
1054 3764 1238 3837 ἐκείνη
1263 3765 1354 3821 τὸν
1384 3766 1546 3838 λιμὸν
1575 3767 1730 3823 ἔτεκε
1759 3769 1852 3824 τὸν
1874 3786 1969 3840 χα-

274 3843 465 3911 λεπδν,
505 3848 542 3919 ἡ
591 3848 815 3922 μηλωτή
851 3849 925 3904 δέ-
955 3851 1095 3924 αῦτη
1139 3851 1211 3906 τὰ
1249 3853 1398 3908 δεινά
1439 3856 1666 3910 ἐλυσενο
1697 3856 1836 3929 αῦτη
1873 3857 1968 3912 τὸν

287 3930 566 4006 Ἰορδάνην
595 3934 833 4005 ἔσχισεν,
873 3937 1014 4010 αὐτη
1049 3940 1143 3993 τὸν
1185 3940 1484 3995 Ἐλισσαῖον
1521 3943 1745 3997 διπλοῦν
1778 3945 1966 3999 Ἠλίαν

273 4020 559 4090 ἐποίησεν.
596 4023 661 4076 Ὠ
684 4025 825 4097 πόση
853 4026 962 4079 τῶν
993 4027 1164 4096 ἁγίων
1196 4031 1229 4100 ή
1255 4031 1425 4102 ἀρετή
1451 4031 1463 4084 ί
1490 4031 1612 4102 οὐχὶ
1643 4033 1713 4086 τά
1747 4033 1968 4105 ῥήματα

274 4108 462 4162 αὐτῶν
487 4111 647 4182 μόνα.
685 4113 811 4166 οὐδέ
838 4114 906 4168 τὰ
939 4114 1189 4186 σώματα,
1222 4117 1360 4170 ἀλλά
1385 4118 1482 4184 καὶ
1513 4119 1652 4172 αὐτὰ
1678 4120 1746 4188 τὰ
1773 4120 1966 4191 ἱμάτια

272 4197 343 4266 τῇ
375 4198 556 4253 κτίσει
576 4198 725 4272 πάσῃ
752 4201 986 4256 πάντοτέ
1016 4205 1165 4257 ἐστιν
1192 4192 1468 4274 αίδέσιμία.
1509 4205 1573 4258 Ἢ
1600 4206 1824 4277 μηλιιτὴ
1851 4208 1966 4263 τούο

272 4298 370 4336 του
398 4284 494 4338 τὸν
532 4286 804 4360 Ἰορδάνην
829 4288 1032 4361 ἔσχισε,
1066 4290 1136 4344 τὰ
1160 4292 1488 4362 ὑποδήματα
1508 4293 1618 4346 τῶν
1642 4294 1809 4364 τριῶν
1839 4297 1968 4350 παί-

275 4368 384 4422 δων
408 4369 472 4422 :6
497 4371 610 4443 πῦρ
639 4376 1050 4447 κατεπάτησαν.
1075 4377 1140 4430 :6
1179 4378 1336 4445 ξύλον
1364 4391 1388 4420 α
1418 4379 1514 4434 τοῦ
1556 4381 1861 4436 Ἐλισσαίου
1899 4382 1970 4438 τὰ

277 4454 450 4510 ῦδατα
483 4460 769 4530 μετέόαλε,
805 4463 900 4517 καὶ
929 4463 1167 4535 σιδήριον
1207 4467 1348 4537 ὑπὲρ
1385 4467 1484 4539 τὴν
1513 4469 1837 4537 ἐπιφάνειαν
1867 4469 1966 4540 βα-

276 4543 502 4609 στάζειν
550 4548 842 4619 ἐποίησενο
880 4551 914 4622 ἡ
976 4552 1172 4623 ῥάϐδος
1221 4555 1507 4619 Μωῦσέως
1557 4557 1656 4627 τὴν
1696 4558 1968 4629 Ἐρυθρὰν

278 4629 467 4703 ἔσχισε
497 4632 796 4701 Θάλασσαν,
825 4638 925 4708 τὴν
949 4638 1156 4713 πέτραν
1178 4641 1397 4713 ἔρρηξε,
1427 4643 1494 4696 τὰ
1524 4645 1717 4714 ἱμάτια
1749 4645 1967 4699 Παύλου

279 4721 569 4790 νοσήματα
596 4722 820 4794 ῆλασεν,
852 4727 886 4797 ή
918 4727 1047 4781 σκιὰ
1070 4727 1278 4797 Πέτρου
1303 4729 1534 4784 θάνατον
1572 4733 1964 4802 ἐφυγάδευσεν.

363 4807 434 4860 ’Π
458 4807 636 4881 τέφρα
670 4810 778 4865 τῶν
818 4813 990 4880 ἁγίων
1021 4814 1318 4886 μαρτύρων
1366 4821 1638 4890 πονηροὺς
1669 4820 1968 4876 ἀπελαύνει

275 4895 566 4965 δαίμονας.
616 4895 715 4951 Διὰ
745 4897 903 4952 τοῦτο
940 4903 1069 4970 μετκ
1088 4901 1338 4966 ἐξουσίας
1384 4904 1604 4960 ἁπαντα
1645 4907 1965 4978 πράττουσι,

279 4982 541 5054 καθάπερ
569 4985 665 5039 καὶ
694 4987 724 5039 6
768 4987 983 5051 Ἠλίας·
1009 4989 1071 5042 οὐ
1095 4990 1205 5062 γάρ
1235 4990 1299 5063 δὴ
1331 4991 1478 5064 ἑώρα
1508 4994 1571 5048 τὸ
1599 4995 1839 5067 διάδημα
1873 4998 1970 5050 καὶ

275 5069 382 5142 τὴν
412 5068 614 5135 ἔξωθεν
645 5074 948 5142 φαντασίαν
976 5076 1072 5130 τοῦ
1107 5076 1394 5148 βασιλέως,
1423 5079 1537 5134 ἀλλ’
1565 5081 1714 5154 ἐώρα
1753 5083 1852 5154 τὴν
1875 5084 1972 5154 ψυο

279 5159 386 5229 χὴν
427 5159 599 5229 ῥάκια
639 5161 1135 5236 περιϐεόλημένην,
1182 5167 1504 5238 αὐχμῶσαν,
1554 5170 1835 5239 ρυπῶσαν,
1874 5173 1970 5227 καὶ

281 5245 583 5300 καταδίκου
631 5249 833 5312 παντὸς
875 5251 1204 5325 ἀθλιώτερον
1251 5254 1638 5327 διακειμένην·
1695 5258 1788 5310 καὶ
1847 5258 1970 5313 ἰδὼν

281 5333 451 5387 αὐτὸν
475 5336 821 5405 αἰχμάλωτον
844 5340 938 5392 καὶ
960 5339 1146 5394 δοῦλον
1171 5341 1298 5396 ὄντα
1325 5343 1436 5397 τῶν
1466 5343 1677 5410 παθῶν,
1704 5347 1971 5418 κατεφρό-

283 5439 450 5492 νησεν
483 5421 652 5476 αὐτοῦ
675 5424 773 5494 τῆς
801 5425 995 5498 ἀρχῆς.
1036 5428 1304 5502 Καθάπερ
1335 5431 1446 5502 γὰρ
1479 5432 1571 5484 ἐπὶ
1600 5433 1702 5502 τῆς
1735 5435 1968 5505 σκηνῆς,

283 5509 403 5566 ἁλλ’
431 5509 536 5564 οὐκ
578 5511 671 5564 ἐπὶ
699 5511 798 5583 τῆς
838 5513 1098 5586 ἀληθείας
1141 5516 1318 5572 ἐδόκει
1350 5517 1578 5590 βασιλέα
1633 5521 1874 5593 βλέπειν.
1905 5524 1971 5577 Τί

349 5714 376 5780 .‘
404 5713 502 5780 Mi
523 5717 568 5762 οι
587 5717 890 5780 dli-1916"“.

339 5773 376 5849 Ρ
400 5773 739 5853 Aliqgollnégn
765 5773 955 5853 9:13“;
977 5784 1138 5853 ἐπειδὴ
1164 5786 1345 5853 ἔνδοθεν
1365 5788 1480 5853 ἔχει,
1507 5786 1636 5839 Infra
1658 5788 1806 5838 Savil.
1831 5791 1970 5850 δυνη-

283 5838 386 5930 θείέ
403 5838 584 5947 gmw.
614 5838 903 5904 Paulo'poét
925 5844 1076 5894 Savil.
1104 5838 1158 5895 εἰ
1179 5846 1376 5909 quidam
1388 5838 1482 5900 Elii
1508 5838 1718 5926 όπουπερ
1746 5854 1803 5926 ἂν
1830 5838 1968 5915 ἀπίῇ.

319 5960 344 5968 η
403 5962 414 5968 _
442 5911 487 5968 ιο
512 5898 666 5968 Savil1
695 5909 749 5950 et
772 5916 946 5968 omnes
971 5920 1102 5968 pene
1133 5922 1244 5957 mss.
1281 5909 1452 5960 Morel.
1481 5929 1540 5960 τα
1565 5916 1693 5968 ξύλα.
1730 5912 1858 5964 Ibid.
1882 5915 1968 5964 Sa-

283 5960 379 6041 vil:
537 5969 623 6019 τῆς
646 5962 933 6041 ἐπιφανείας.
962 5960 1133 6020 Morel.
1162 5972 1279 6040 ὑπὲρ
1300 5975 1385 6036 τήν
1410 5960 1696 6041 ἐπιξάνέιαν.
1873 5960 1970 6028 δύο

285 6040 400 6077 mss,
428 6025 581 6086 ἁγίων
609 6026 688 6073 καὶ
714 6027 994 6078 καλλινίκων
1034 6047 1174 6094 μαρτ.

3677 400 3780 459 1θο

2094 513 2207 585 γάρ
2233 512 2427 583 δφελος
2448 513 2546 586 τῆς
2577 513 2780 582 έξωθεν
2805 514 3072 588 εὐπορίας
3091 512 3146 582 ⁸,
3175 515 3306 572 δταν
3331 513 3482 582 ινδον
3510 515 3676 571 πενία
3692 533 3769 571 το

2092 600 2267 673 σαύτη
2304 597 2375 676 ᾗς
2407 592 2464 656 τί
2493 601 2551 657 δὲ
2585 601 2782 674 βλάϐος
2821 602 2923 673 τῆς
2966 601 3184 670 ῐεωθεν.
3205 601 3421 670 πενίας,
3454 603 3586 658 δταν
3629 601 3778 658 ἔνδον

2088 689 2345 755 τοσοῦτος
2389 690 2697 762 ἀποκέηται
2735 690 3004 758 πλοῦτοςς
3040 689 3298 756 Τοιοῦτος
3321 687 3392 765 ἦν
3435 691 3574 746 λέων
3616 693 3713 748 καὶ
3748 693 3779 746 6

2093 776 2363 850 μακάριος
2391 777 2603 844 Παῦλος
2629 795 2643 810 ’
2676 776 2934 832 είσελθὼν
2954 779 3065 850 γὰρ
3088 779 3170 843 είς
3192 777 3256 832 :6
3279 777 3660 852 δεσμωτήριον
3680 783 3776 836 καὶ

2089 863 2294 938 βοήσας
2323 865 2506 937 μόνον,
2537 865 2608 921 τὰ
2640 865 2868 938 θεμέλια
2902 867 3082 920 πάντα
3113 864 3314 931 ἔσεισε,
3343 864 3414 919 τὰ
3439 866 3615 938 δεσμὰ
3643 885 3776 923 κατ-

2087 949 2310 1020 έφαγεν,
2345 953 2446 1007 οὐκ
2481 953 2663 1007 ὀδοῦσι
2694 953 3064 1026 χρησάμενος,
3096 951 3237 1008 ἀλλὰ
3295 954 3545 1025 ῥήμασι·
3585 955 3777 1024 διόπερ

2086 1040 2210 1116 οὐχὶ
2247 1041 2469 1106 λέοντας
2505 1042 2704 1107 αὐτοὺς
2737 1043 2920 1114 μόνον,
2968 1041 3107 1097 ἀλλὰ
3155 1043 3251 1099 καὶ
3286 1041 3478 1116 έτερόν
3510 1060 3564 1098 τι
3612 1044 3778 1100 πλέον

2085 1114 2319 1184 λεόντων
2356 1129 2463 1202 χρὴ
2505 1131 2714 1186 καλεῖν.
2762 1129 2823 1184 '0
2861 1128 2961 1202 μὲν
2991 1129 3101 1203 γὰρ
3136 1127 3276 1185 λέων
3310 1114 3394 1194 είς
3420 1130 3614 1185 δίκτυα
3645 1132 3778 1186 πολ-

2085 1215 2244 1280 λάκις
2279 1215 2538 1286 ἐμπεσὼν
2591 1215 2906 1272 ἁλίσκεται·
2944 1218 2994 1270 οί
3040 1217 3100 1271 δὶ
3147 1215 3297 1283 ἁγιοι
3338 1216 3609 1284 δεθέντες,
3651 1219 3774 1274 τότε

2031 1325 2047 1342 υ
2088 1304 2426 1374 ίσχυρότεροι
2451 1303 2694 1373 γίνονται
2710 1320 2724 1336 ο
2751 1303 3006 1375 καθάπερ
3029 1303 3124 1359 καλ⁵
3152 1306 3181 1360 6
3207 1304 3478 1380 μακάριος
3501 1298 3660 1368 οὗτος
3680 1307 3776 1360 ἐπὶ

2082 1391 2180 1444 τοῦ
2218 1391 2598 1462 δεσμωτηρίου
2638 1391 2769 1445 τότε
2804 1392 3058 1463 ἐποίησε.
3089 1393 3219 1458 τοὺς
3254 1386 3542 1462 δεσμώτας
3581 1394 3770 1459 λύσας,

2082 1478 2211 1542 τοὺς
2236 1478 2452 1549 τοίχους
2477 1477 2764 1545 σσλεύσας,
2798 1478 2893 1534 τδν
2922 1479 3316 1551 δεσμοφύλακα
3337 1475 3532 1554 δήσας.
3565 1483 3661 1539 καὶ
3695 1481 3776 1554 τῷ

2081 1569 2184 1637 τῆς
2211 1565 2494 1631 εὐσεϐείας
2531 1568 2939 1638 χειρωσάμενος
2977 1567 3144 1645 λόγῳ.
3182 1568 3242 1623 '0
3276 1565 3414 1624 λέων
3449 1569 3774 1641 φθέγγεται,

2083 1653 2178 1705 καὶ
2203 1653 2274 1705 τά
2302 1652 2470 1722 θηρία
2497 1653 2794 1723 φυγαδεύει
2824 1654 3006 1708 πάντα
3025 1669 3039 1683 ·
3064 1656 3095 1707 6
3134 1653 3293 1723 ἁγιος
3322 1655 3641 1726 φθέγγεται.
3678 1658 3776 1711 καὶ

2080 1741 2208 1804 τοὺς
2241 1740 2506 1811 δαίμονας
2548 1740 2844 1796 ἀπελαύνει
2896 1741 3194 1796 πάντοθεν·
3227 1742 3371 1798 ὅπλα
3413 1742 3509 1798 τοῦ
3556 1743 3776 1810 λέοντος

2080 1828 2227 1899 κόμη
2260 1829 2487 1900 τριχῶν.
2533 1829 2742 1901 ὀνύχων
2786 1829 2963 1902 ἀκμή.
2999 1830 3095 1883 καὶ
3137 1828 3357 1896 ὀδόντες
3409 1831 3772 1906 ῆκονημένοιο

2081 1916 2224 1972 ὅπλα
2259 1917 2469 1972 δικαίου
2501 1917 2811 1988 φιλοσοφία,
2851 1918 3141 1992 καρτερία,
3193 1918 3466 1992 ὑπομονὴ.
3501 1919 3774 1994 ὑπεροψία

2078 2006 2188 2059 τῶν
2219 2007 2503 2078 παρόντων
2545 2007 2826 2062 ἁπάντων.
2853 2005 3042 2062 Ταῦτα
3074 2005 3143 2062 τὰ
3172 1997 3325 2060 ’δπλα
3356 2021 3442 2071 τις
3481 2006 3642 2078 ἔχων,
3670 2008 3774 2062 οὐκ

2079 2092 2384 2164 ἀνθρώπων
2417 2094 2578 2164 μόνον
2612 2093 2888 2166 πονηρῶν,
2912 2092 3050 2148 ἀλλὰ
3073 2091 3169 2154 καὶ
3189 2089 3371 2167 αὐτῶν
3398 2091 3772 2163 καταγελάσε-

2077 2197 2168 2234 ται
2207 2179 2319 2234 τῶν
2350 2180 2742 2252 ἀντικειμένων
2781 2179 3083 2252 δυνάμεων.
3114 2177 3406 2252 Φρόντισον
3449 2181 3630 2235 τοίνυν
3670 2181 3772 2252 τῆς

2079 2269 2221 2324 κατὰ
2254 2269 2388 2323 Θεὸν
2438 2269 2606 2341 ζωῆς,
2650 2269 2931 2344 ἄνθρωπε.
2957 2269 3053 2323 καὶ
3084 2269 3260 2334 οὐδεὶς
3305 2268 3626 2341 περιέσεται
3673 2267 3771 2343 σοῦ

2079 2374 2235 2421 ποτε,
2269 2356 2407 2412 ἀλλὰ
2434 2356 2537 2410 κᾶν
2567 2357 2827 2412 ἁπάντων
2847 2356 3233 2430 εὐτελέστερος
3261 2351 3404 2410 εἷναι
3427 2353 3616 2430 δοκῇς.
3641 2355 3772 2410 πάν-

2078 2463 2188 2500 των
2218 2444 2591 2518 δυνατώτερος
2641 2445 2743 2518 έσῃ
2763 2462 2778 2476 ·
2826 2444 3021 2517 ῶσπερ
3064 2443 3131 2500 av
3161 2438 3449 2517 ἀμελήσῃς
3485 2443 3583 2514 τῆς
3614 2444 3769 2498 κατὰ

2076 2532 2257 2604 ψυχὴν
2293 2533 2519 2606 ἀρετῆς,
2567 2533 2672 2587 κᾶν
2702 2533 2961 2588 ἁπάντων
2988 2532 3361 2605 δυνατώτερος
3386 2528 3476 2604 ᾖς,
3505 2531 3770 2603 εὐχείρω-

2076 2638 2169 2685 τος
2191 2621 2290 2695 ἐσῃ
2313 2625 2427 2685 τοῖς
2452 2621 2896 2676 ἐπιϐουλεύουσιν
2922 2621 3113 2676 ἁπασι.
3141 2618 3260 2693 [9ί]
3283 2621 3395 2676 Kal
3415 2617 3767 2697 τοῦτοέδειξε

2081 2709 2182 2779 μέν
2229 2709 2301 2763 τὰ
2347 2710 2614 2781 εἰρημένα
2665 2709 3120 2782 παραδείγματα·
3153 2710 3201 2763 εί
3245 2708 3302 2763 δέ
3341 2707 3521 2780 βούλει
3559 2707 3658 2762 καὶ
3698 2707 3767 2762 δι’

2076 2795 2256 2867 ἔργων
2283 2813 2344 2849 σε
2373 2795 2584 2861 διδάξαι
2625 2798 2960 2868 πειράσομαι
2991 2796 3099 2850 τῶν
3126 2796 3352 2852 δικαίων
3383 2795 3445 2851 :6
3477 2793 3769 2863 ἁκαταγώ-

2076 2900 2256 2938 νιστον
2273 2883 2365 2936 καὶ
2390 2885 2500 2938 τῶν
2524 2883 2867 2956 ἁμαρτωλῶν
2892 2883 2954 2937 :6
2974 2882 3324 2954 εὐχείρωτον.
3347 2883 3613 2936 Ἄκουσον
3633 2880 3769 2951 γοῦν

2079 2973 2197 3035 πῶς
2225 2969 2512 3043 ἀμφότερα
2539 2970 2714 3025 ταῦτα
2743 2974 2771 3026 6
2795 2973 3084 3042 προφήτης
3117 2971 3342 3043 ᾐνίξατο
3363 2988 3378 3002 ’
3421 2972 3547 3040 Οὐχ
3574 2970 3766 3036 οὕτως

2077 3062 2131 3112 ot
2158 3058 2418 3125 ἀσεϐεῖς,
2447 3059 2562 3128 οὐχ
2593 3057 2767 3121 οὕτω,
2805 3057 2991 3129 φησὶν,
3034 3057 3175 3112 ἀλλ’
3208 3056 3248 3127 ἢ
3281 3056 3424 3114 ὡσεὶ
3454 3056 3664 3127 χνοῦς,
3693 3056 3768 3111 ὃν

2075 3147 2341 3213 ἐκρίπτει
2375 3148 2408 3200 d
2433 3144 2653 3212 ἄνεμος
2682 3145 2804 3199 ἀπὸ
2833 3143 3160 3213 προσώπου
3191 3142 3303 3212 τῆς
3328 3141 3460 3214 γῆς.
3495 3144 3765 3219 Καθάπερ

2075 3233 2186 3301 γὰρ
2216 3233 2424 3294 ἐκεῖνος
2444 3233 2564 3295 ταῖς
2586 3231 2694 3283 τῶν
2719 3231 2937 3302 ἀνέμων
2967 3231 3228 3308 ἐμδολαῖς
3256 3231 3542 3302 πρόκειται
3567 3233 3766 3304 ῥᾳδίως

2076 3317 2593 3389 ἁναρῤιπιζόμενος,
2622 3315 2768 3370 οὕτω
2802 3316 2867 3389 δὴ
2897 3319 2992 3371 καὶ
3019 3319 3048 3372 6
3075 3317 3402 3390 ἁμαρτωλὸς
3428 3318 3533 3372 ὑπὸ
3561 3320 3765 3383 παντὸς

2076 3403 2391 3476 πειρασμοῦ
2429 3405 2835 3477 περιτρέπεται.
2872 3405 3044 3460 Ὅταν
3076 3405 3187 3478 γάρ
3232 3405 3396 3470 αὐτὸς
3447 3406 3625 3480 ἐαυτῷ
3666 3425 3768 3461 πο-

2075 3493 2238 3564 λεμῇ,
2274 3495 2368 3547 καὶ
2397 3494 2497 3564 τὴν
2543 3494 2724 3564 μάχην
2771 3493 3052 3565 πανταχοῦ
3094 3495 3388 3569 περιφέρῃ,
3435 3495 3562 3549 ποία
3613 3493 3764 3568 αὐτῷ

2079 3581 2354 3653 σωτηρίας
2376 3580 2530 3644 ἐλπὶς
2555 3580 2770 3635 οἴκοθεν
2796 3581 3194 3654 προδεδομένῳ,
3218 3583 3314 3636 καὶ
3343 3583 3567 3655 διηνεκῆ
3603 3584 3766 3638 πολέ-

2079 3686 2201 3740 μιον
2235 3670 2552 3741 περιάγοντι
2577 3668 2639 3724 :6
2672 3671 2948 3736 συνειδός;
2991 3672 3131 3726 Ἀλλ’
3168 3674 3268 3743 οὐχ
3301 3675 3330 3728 6
3354 3673 3560 3738 δίκαιος
3589 3673 3767 3728 τοιοῦ-

2074 3773 2188 3820 τος,
2228 3756 2367 3813 ἀλλά
2395 3758 2671 3823 ποταπός;
2713 3760 2983 3813 ’Δκουσον
3017 3759 3110 3814 τοῦ
3144 3759 3314 3815 αὐτοῦ
3353 3764 3639 3832 προφήτου
3673 3761 3756 3816 λέ-

2075 3860 2265 3912 γοντος
2290 3863 2301 3874 ·
2331 3848 2396 3899 Οί
2443 3846 2794 3912 πεποιθότες
2823 3845 2923 3901 ἐπὶ
2967 3839 3192 3917 Κύριον
3217 3849 3300 3916 ὡς
3327 3848 3465 3918 ὅρος
3491 3847 3662 3904 Σιών.
3697 3849 3765 3902 Τί

2077 3932 2195 3985 ποτ’
2225 3927 2318 3985 οῦν
2354 3934 2522 3997 ἐστιν,
2571 3933 2670 3998 Ὠς
2704 3931 2842 4000 ὅρος
2872 3932 3059 3998 Σιώνς
3091 3938 3176 3989 Οὐ
3198 3934 3646 4003 σαλευθήσεται
3676 3940 3766 4005 είς

2075 4018 2186 4072 τὸν
2209 4017 2416 4084 αἰῶνα,
2451 4017 2605 4090 φησί.
2636 4019 2746 4073 Καὶ
2769 4019 2880 4091 γάρ
2904 4021 3005 4074 ὅσα
3038 4021 3106 4074 ἂν
3131 4021 3506 4094 προσενέγκῃς
3531 4033 3556 4062 ο
3586 4040 3766 4094 μηχα-

2075 4104 2314 4176 νήματα,
2341 4105 2443 4160 δσα
2478 4104 2546 4160 ἂν
2568 4106 2860 4180 ἀκοντίσῃς
2900 4107 3053 4178 βέλη,
3077 4107 3202 4180 δρος
3231 4109 3608 4181 καταστρέψαι
3643 4109 3766 4185 βου-

2075 4192 2325 4264 λόμενος,
2359 4193 2571 4246 ἐκείνου
2617 4193 2718 4264 μέν
2750 4195 3008 4249 οὐδέποτε
3044 4196 3277 4269 περιέσῃ
3301 4195 3441 4268 (πῶς
3478 4198 3589 4274 γάρ
3603 4199 3671 4270 ς),
3692 4201 3764 4255 τά

2075 4280 2132 4334 δὲ
2166 4280 2539 4352 μηχανήματα
2565 4280 2840 4346 διαλύσεις
2871 4282 3109 4349 ἅπαντα,
3140 4285 3236 4338 καὶ⁵
3263 4284 3363 4356 τὴν
3395 4286 3628 4340 σεαυτοῦ
3658 4304 3763 4342 κα·-

2073 4368 2330 4433 ταλύσεις
2373 4367 2548 4440 ίσχύν.
2579 4368 2834 4434 Τοιοῦτός
2875 4371 2992 4423 ἐστι
3033 4371 3127 4425 καὶ
3172 4373 3202 4425 6
3247 4371 3496 4437 δίκαιοςο
3529 4376 3661 4439 ὅσας
3695 4374 3766 4430 ἂν

2075 4455 2297 4528 δέξηται
2319 4455 2555 4528 πληγὰς,
2572 4456 2749 4530 αὐτὸς
2757 4457 2856 4528 μὲν
2871 4457 3023 4511 οὐδὲν
3040 4457 3210 4512 ἔπαθε
3232 4459 3427 4525 δεινὸν,
3442 4461 3552 4514 τῶν
3573 4462 3630 4516 δέ
3651 4463 3769 4518 ἐπι-

2077 4543 2443 4598 ϐουλευόντων
2485 4543 2747 4598 καταλύει
2787 4544 2888 4614 τὴν
2927 4544 3180 4617 δύναμιν,
3211 4547 3314 4601 οὑκ
3365 4547 3676 4623 ἀνθρώπιον
3707 4550 3766 4605 δέ

2080 4632 2261 4701 μόνον,
2297 4631 2435 4685 ἀλλὰ
2467 4631 2562 4686 καὶ
2596 4631 2869 4702 δαιμόνων
2901 4633 3101 4686 αὐτῶν.
3142 4634 3426 4698 Ἤκουσας
3465 4635 3599 4704 γοῦν
3633 4637 3766 4691 πολ-

2076 4720 2234 4783 λάκις
2263 4720 2407 4773 πόσα
2439 4720 2763 4792 προσήγαγε
2790 4723 3160 4794 μηχανήματα
3183 4722 3262 4794 τῷ
3297 4722 3417 4777 Ἰὼδ
3447 4726 3475 4777 6
3495 4723 3762 4789 διάϐολος.

2077 4806 2174 4860 καὶ
2228 4807 2290 4860 οὐ
2329 4807 2489 4877 μόνον
2529 4807 2589 4860 οὐ
2629 4807 2948 4862 κατέσεισεν
2998 4811 3176 4863 ἐκεῖνο
3208 4811 3267 4864 :6
3304 4809 3450 4883 ὅρος,
3481 4810 3620 4865 ἀλλὰ
3669 4813 3766 4866 καὶ

2077 4895 2322 4961 ἐκλυθεδς
2347 4895 2688 4970 ἀνεχώρησε,
2718 4895 2829 4952 τῶν
2853 4895 3023 4967 βελῶν
3053 4899 3218 4953 αὐτοῦ
3249 4899 3763 4968 κατακλασθέντων,

2079 4985 2173 5039 καὶ
2223 4984 2336 5039 τῶν
2382 4984 2792 5057 μηχανημάτων
2837 4985 3148 5057 γενομένων
3187 4987 3478 5059 ἀχρήστων
3520 4989 3629 5043 ἀπὸ
3665 4989 3768 5062 τῆς

2077 5071 2385 5144 προσϐολῆς
2413 5071 2648 5144 ἐκείνης.

2148 5167 2218 5229 γ’.
2244 5160 2432 5214 Ταῦτα
2449 5155 2542 5214 οὖν
2567 5158 2942 5231 ἐπιστάμενοι,
2962 5158 3065 5226 τίς
3085 5159 3230 5230 ζωῆς
3259 5161 3649 5235 ἐπιμελώμεθα
3667 5165 3769 5237 τῆς

2078 5247 2374 5319 ήμετέρας,
2423 5247 2520 5301 καὶ
2570 5249 2709 5319 μήτε
2753 5248 2884 5321 περὶ
2937 5250 3201 5321 χρήματα
3253 5251 3654 5324 σπουδάσωμεν
3688 5255 3769 5314 ,τὰ

2077 5336 2450 5408 ἀπολλύμενα,
2497 5338 2636 5409 μήτε
2681 5337 2814 5410 περὶ
2857 5337 2982 5404 δόξα
3061 5337 3163 5410 τὴν
3195 5338 3595 5412 σϐεννυμένην,
3627 5341 3769 5414 μήτε

2078 5428 2211 5496 περὶ
2238 5427 2300 5480 :6
2326 5427 2486 5498 σῶμα
2504 5427 2566 5480 :6
2590 5426 2894 5498 γηράσκον,
2929 5445 2977 5499 μ·
3020 5444 3068 5480 τε
3092 5428 3222 5500 περὶ
3250 5428 3449 5494 κάλλος
3476 5432 3540 5483 :6
3568 5447 3770 5502 μαραιο

2077 5517 2326 5588 νόμενον,
2359 5517 2499 5588 μήτε
2526 5516 2654 5589 περὶ
2675 5517 2891 5589 τρυφὴν
2917 5517 2966 5571 τί
3048 5517 3432 5589 διαρρέουσαν,
3461 5518 3602 5574 ἀλλὰ
3638 5520 3772 5592 περὶ

2075 5602 2257 5678 ψυχὴν
2286 5606 2506 5660 ἃπασαν
2534 5603 2905 5679 ἀναλώσωμεν
2932 5604 2948 5644 ί
2988 5604 3086 5679 τὴν
3122 5605 3468 5678 ἐπιμέλειαν,
3508 5608 3605 5667 καὶ
3630 5606 3772 5662 ταύ-

2142 5787 2169 5853 ﬂ
2194 5789 2450 5853 SigSavil.
2475 5795 2532 5853 et,
2557 5791 2765 5853 maxima
2787 5803 2902 5853 pars
2923 5803 2956 5838 η
2994 5802 3041 5838 -s.
3079 5793 3239 5853 recte.
3267 5787 3442 5838 Morel.
3469 5787 3777 5853 εύπρπίσσ.

2120 5851 2169 5923 ,⁸
2194 5851 2296 5902 Alii
2318 5852 2642 5916 προσαγάγῃς.
2673 5850 2942 5917 Μοκ’ςυὶᾱε
2997 5865 3011 5900 1
3033 5864 3152 5902 mss.
3177 5852 3286 5915 δρος
3311 5850 3626 5914 κατασκάψαι
3656 5852 3776 5914 βου·

2081 5911 2349 6025 λοιῗδξέῗίι.
2379 5980 2430 6024 et
2451 5975 2640 6036 aliquot
2675 5989 2788 6025 mss.
2815 5963 2948 6025 ἀναλι
2991 5991 3165 6036 εωμεν,
3203 5973 3374 6023 Morel.
3401 5978 3455 6036 et
3472 5971 3554 6021 alii
3576 5973 3767 6036 ἁναλώ-

2083 6054 2258 6101 σωμεν.
2287 6037 2410 6088 Infra
2435 6037 2585 6088 Savil.
2617 6038 2694 6085 καὶ
2716 6040 2744 6096 ἡ
2765 6038 2851 6100 μὲν
2884 6054 2938 6086 το
2995 6035 3216 6101 σώματος
3239 6035 3480 6099 θεραπεία,
3511 6035 3590 6082 καὶ
3616 6050 3763 6098 φαρμ.
