4232 6320
464 323 562 382 101

457 452 560 507 την
593 434 754 491 παντὶ
789 432 1212 506 θεραπεύσωμεν
1244 436 1450 508 τρόπῳ.
1501 434 1735 508 Σὼματα
1766 436 1865 506 μὲν
1895 435 2001 506 γάρ
2028 436 2120 490 θε-

461 521 728 594 ραπεῦσαι
757 521 1080 593 νενοσηκότα
1109 523 1170 577 οὐ
1206 524 1369 578 παντί¹
1397 513 1600 594 ῥᾴδιον,
1635 521 1810 592 ψυχὴν
1857 522 1912 575 δὲ
1936 523 2122 593 ἀρρω-

460 606 687 662 στοῦσαν
723 608 970 662 ἰάσασθαι
1001 610 1181 680 ῥᾴδιον
1217 602 1369 662 πᾶσι·
1414 612 1506 664 καὶ
1538 611 1570 680 ἡ
1603 609 1701 677 μὲν
1734 608 1828 662 τοῦ
1873 606 2124 679 σώματος

456 695 739 767 ἀρρωστία
768 696 862 750 καὶ
893 698 1198 767 φαρμάκων
1219 697 1416 762 δεῖται,
1446 697 1540 748 καὶ
1575 695 1837 767 ἀργυρίου
1869 695 2120 767 πρὸςθε-

458 781 708 850 ραπείαν·
741 783 775 852 ἡ
795 782 854 836 δὲ
872 783 968 853 τῆς
990 782 1168 852 ψυχῆς
1197 782 1465 852 θεραπεία
1486 781 1684 846 εὖωνος
1713 784 1807 836 καὶ
1829 783 2119 845 ἀδάπανος·

457 868 551 920 καὶ
579 868 679 940 τῆς
709 867 808 938 μὲν
839 869 1039 939 σαρκὸς
1071 871 1103 939 ἡ
1130 869 1288 938 φύσις
1319 870 1456 939 μετά
1481 869 1674 921 πολλοῦ
1699 869 1792 922 τοῦ
1820 870 1982 921 πόνου
2015 869 2126 921 τῶν

456 953 816 1024 ἐνοχλούντων
841 954 1236 1008 ἀπαλλάττεται
1261 957 1610 1026 τραυμάτων·
1638 958 1729 1008 καὶ
1752 956 1858 1025 γὰρ
1884 955 2124 1026 σιδήριον

455 1041 754 1109 ἐπαγαγεῖν
773 1043 1067 1110 ἀναγκαῖον
1097 1043 1374 1106 πολλάκις,
1403 1045 1495 1095 καὶ
1518 1045 1687 1114 πικρὰ
1720 1043 2005 1114 φάρμακα·
2033 1044 2125 1096 ἐπὶ

455 1127 510 1180 δέ
535 1130 634 1199 τῆς
661 1128 841 1200 ψυχῆς
874 1131 1024 1184 οὐδὲν
1063 1130 1306 1184 τοιοῦτόν
1343 1133 1509 1193 ἐστιν,
1552 1131 1668 1184 ἀλλ’
1706 1133 1866 1202 ἀρκεῖ
1898 1131 2122 1201 θελῆσαι

453 1216 550 1266 καὶ
579 1214 902 1287 βουληθῆναι
926 1218 1104 1289 μόνον,
1128 1219 1218 1273 καὶ
1248 1219 1417 1272 πάντα
1443 1216 1819 1288 κατώρθωται.
1844 1218 1953 1271 Καὶ
1968 1218 2123 1270 τοῦτο
2155 1251 2160 1256 -

450 1301 550 1370 τῆς
588 1302 683 1355 τοῦ
715 1302 850 1365 Θεοῦ
885 1306 1138 1378 προνοίας
1180 1305 1339 1375 ἔργον
1382 1304 1625 1373 γέγονεν·
1663 1306 1850 1376 ἐπειδὴ
1879 1306 1987 1376 γάρ
2017 1305 2122 1357 ἀπὸ

455 1388 554 1455 μὲν
589 1392 686 1460 τῆς
723 1389 816 1442 τοῦ
848 1391 1095 1460 σώματος
1125 1390 1434 1461 ἀρρωστίας
1468 1392 1528 1443 οὐ
1569 1391 1736 1462 πολλὴ
1774 1392 1968 1460 γένοιτ’
1997 1390 2120 1461 ἂνή

451 1472 622 1544 βλάϐη
654 1476 778 1542 (κᾶν
797 1477 906 1548 γάρ
941 1477 1016 1548 μὴ
1044 1479 1380 1548 νοσήσωμεν,
1405 1477 1647 1530 ἐπελθὼν
1677 1478 1704 1528 6
1733 1478 1962 1540 θάνατος
1993 1478 2122 1531 αὐτό

448 1557 641 1629 φθερεῖ
676 1562 769 1613 καὶ
804 1555 1093 1614 καταλύσει
1132 1563 1391 1626 πάντως),
1418 1563 1476 1615 τὸ
1503 1563 1556 1614 δέ
1583 1565 1689 1616 πᾶν
1719 1565 1774 1615 ἐν
1796 1567 1859 1632 τῇ
1890 1565 1988 1632 τῆς
2021 1563 2122 1631 ψυ-

447 1645 548 1713 χῆς
581 1645 765 1716 ἡμῶνι
817 1649 974 1718 ὑγεία
1004 1651 1202 1710 κεῖται,
1238 1647 1330 1700 τοῦ
1367 1649 1545 1718 πολλῷ
1575 1649 1994 1720 χρησιμωτέρου
2026 1651 2121 1703 καὶ

446 1731 870 1804 ἀναγκαιοτέρου
908 1734 1093 1806 ῥᾳδίαν
1133 1735 1355 1805 ἐποίησε
1380 1735 1471 1788 καὶ
1502 1736 1776 1788 ἀδάπανον
1798 1735 1893 1788 καὶ
1915 1736 2119 1790 ἀνώδυ-

445 1834 535 1871 νον
565 1818 661 1891 τὴν
691 1821 1005 1890 θεραπείαν.
1031 1821 1164 1874 Τίνα
1187 1817 1280 1875 οῦν
1305 1820 1498 1890 ἕξομεν
1526 1822 1844 1891 ἀπολογίαν,
1881 1823 2040 1878 ποίαν
2064 1823 2120 1877 δὲ

447 1908 799 1979 συγγνώμην,
828 1911 953 1963 ὅταν
982 1909 1233 1980 σώματος
1265 1912 1363 1980 μὲν
1400 1910 1703 1975 νοσοῦντος,
1733 1911 1861 1966 ἔνθα
1895 1913 1989 1965 καὶ
2018 1914 2119 1984 ἀρα

443 1994 634 2067 γύριόν
658 1996 776 2048 ἐστι
810 1997 1160 2062 καταϐαλεῖν,
1192 1999 1287 2052 καὶ
1320 2001 1540 2071 ἰατροὺς
1563 2000 1983 2068 θπαρακαλέσαι,
2024 2001 2118 2054 καί⁴

441 2081 634 2153 ὀδύνην
667 2083 959 2155 ὑπομεῖναι
987 2085 1212 2157 πολλὴν,
1235 2085 1502 2157 τοσαύτην
1531 2085 1812 2156 ποιώμεθα
1834 2085 1951 2158 [95]
1985 2087 2118 2156 πρό-

440 2184 610 2235 νοιαν,
639 2171 734 2225 καὶ
752 2171 996 2225 ταῦταού
1017 2173 1214 2242 πολλῆς
1236 2175 1366 2243 ἡμῖν
1383 2173 1411 2212 δ
1429 2174 1527 2243 τῆς
1547 2172 1748 2243 βλάϐης
1770 2172 1877 2226 ἀπὸ
1895 2173 1993 2241 τῆς
2013 2174 2114 2244 ἀρ-

441 2257 681 2325 ρωστίας
717 2258 1010 2329 γινομένης
1050 2259 1282 2330 ἐκείνης·
1331 2260 1508 2329 ψυχῆς
1559 2260 1617 2313 δὲ
1659 2259 2114 2331 καταφρονῶμεν,

440 2343 735 2398 καὶταῦτα
769 2346 907 2417 μήτε
941 2345 1206 2417 ἀργύριον
1243 2347 1604 2400 καταϐάλλειν
1638 2346 1946 2417 μέλλοντες,
1979 2347 2116 2418 μήτε

437 2428 658 2501 ἐτέρους
679 2431 988 2502 διενοχλεῖν,
1016 2434 1153 2504 μήτε
1191 2433 1381 2496 ὀδύνας
1406 2433 1758 2504 ὑφίστασθαι,
1783 2433 1920 2496 ἀλλά
1945 2434 2115 2505 χωρὶς

435 2513 642 2569 τούτων
672 2517 929 2572 ἀπάντων
950 2518 1040 2573 διὰ
1059 2519 1152 2572 τοῦ
1172 2519 1500 2591 προελέσθαι
1534 2521 1629 2573 καὶ
1655 2520 1984 2591 βουληθῆναι
2013 2521 2112 2591 μό-

435 2618 546 2667 νον,
582 2605 764 2657 πάσαν
789 2605 956 2676 αὐτῆς
992 2606 1280 2676 δυνάμενοι
1314 2607 1642 2676 ποιήσασθαι
1673 2605 1769 2676 τὴν
1802 2606 2109 2681 διόρθωσιν,

436 2690 532 2745 καὶ
565 2691 808 2760 ἀκριϐῶς
850 2693 1070 2758 εἰδότες,
1101 2693 1177 2756 ὡς
1216 2696 1265 2747 εἰ
1311 2693 1386 2765 μὴ
1425 2693 1582 2748 τοῦτο
1625 2694 1974 2765 ποιήσαιμεν,
2011 2695 2131 2765 τὴν,

435 2779 674 2848 ἐσχάτην
707 2780 1127 2851 ὑποπησόμεθα
1148 2780 1323 2854 δίκην,
1352 2783 1446 2834 καὶ
1471 2782 1570 2844 τὰς
1589 2781 2000 2853 ἀπαραιτήτους
2023 2797 2116 2832 κο-

435 2866 622 2932 λάσεις
648 2868 743 2922 καὶ
761 2870 1029 2939 τιμωρίας
1049 2885 1065 2935 ς
1090 2870 1225 2922 Εἰπέ
1247 2869 1354 2941 γάρ
1383 2885 1496 2940 μοι,
1524 2869 1578 2923 εῖ
1593 2885 1675 2934 τις
1697 2869 1963 2939 ὑπέσχετο
1985 2885 2114 2922 παι-

432 2953 620 3008 δεῦσαί
650 2972 708 3008 σε
742 2956 939 3026 τέχνην
974 2955 1223 3029 ἰατρικὴν
1256 2959 1314 3010 ἐν
1348 2955 1579 3027 βραχείᾳ
1606 2955 1799 3027 καιροῦ
1836 2956 1976 3026 ῥοπῇ
2003 2972 2112 3025 χω-

436 3041 522 3108 ρὶς
545 3041 810 3112 ἀργυρίου
835 3043 927 3095 καὶ
955 3043 1142 3110 πόνου,
1169 3043 1270 3096 οὐκ
1295 3041 1361 3096 ἂν
1384 3042 1681 3114 εὐεργέτην
1701 3042 1989 3114 ἐνόμισας;
2011 3043 2112 3095 οὐκ

436 3126 504 3180 ἀν
536 3128 806 3196 κατεδέξω
831 3129 925 3183 καὶ
957 3129 1180 3201 ποιῆσαι
1209 3130 1303 3183 καὶ
1336 3128 1530 3182 παθεῖν
1565 3129 1782 3182 ἅπαντα
1821 3128 1964 3199 άπερ
1992 3127 2112 3180 ἐκέ-

436 3213 627 3268 λευσεν
657 3217 686 3268 ὀ
716 3214 890 3270 ταῦτα
917 3215 1412 3285 ἐπαγγειλάμενοςς
1466 3215 1596 3268 ’1δοὺ
1622 3214 1717 3268 νῦν
1743 3213 1917 3278 ἔξεστι
1942 3217 2112 3287 χωρὶς

437 3300 614 3355 πόνων
641 3302 764 3372 οὐχὶ
796 3301 1083 3374 σωμάτων,
1119 3303 1256 3357 ἀλλά
1291 3303 1399 3356 τῶν
1436 3303 1538 3374 τῆς
1572 3302 1751 3373 ψυχῆς
1781 3302 2110 3374 τραυμάτων

433 3387 504 3442 τά
536 3388 803 3460 φάρμακα
833 3390 1036 3458 εὑρεῖν,
1079 3392 1172 3445 καὶ
1209 3392 1376 3462 χωρὶς
1407 3390 1600 3460 ὀδύνης
1631 3389 1776 3453 τινὸς
1803 3392 1884 3452 εἰς
1923 3389 2110 3458 ὑγείαν

433 3475 602 3548 αὐτὴν
623 3480 1013 3546 ἐπαναγαγεῖν.
1047 3479 1138 3549 Μὴ
1158 3479 1338 3532 τοίνυν
1362 3477 1674 3548 ἀμελῶμεν.
1701 3477 1835 3532 Ποία
1858 3477 1966 3547 γὰρ
1992 3477 2109 3531 ὀδύ-

435 3580 525 3634 νη,
556 3565 677 3617 εἰπέ
712 3582 822 3636 μοι,
851 3565 1265 3638 ὀργὴν-ἀφεῖναι
1291 3565 1370 3637 τῷ
1392 3566 1754 3637 λελυπηκότι;
1795 3565 1983 3636 ὐδύνη
2010 3565 2108 3636 μὲν

437 3645 530 3704 οὖν
554 3652 672 3705 ἐστι
699 3651 760 3704 τὸ
789 3654 1164 3724 μνησικακεῖν,
1203 3653 1296 3707 καὶ
1325 3652 1400 3724 μὴ
1430 3651 1916 3707 καταλλάττεσθαι.
1951 3655 2108 3716 Ποῖος

436 3738 597 3801 πόνος
618 3738 879 3805 εὔξασθαι
904 3740 995 3794 καὶ
1019 3729 1240 3811 αἰτῆσαι
1277 3741 1446 3810 μυρία
1473 3740 1654 3812 ἀγαθά
1680 3739 1829 3812 παρὰ
1855 3739 1948 3793 τοῦ
1978 3758 2109 3811 προ-

437 3823 623 3895 θύμως
655 3825 891 3889 διδόντος
915 3825 1078 3890 Θεοῦ;
1106 3828 1256 3888 ποῖος
1277 3825 1439 3889 πόνος
1475 3824 1549 3896 μῆ
1581 3826 1769 3890 κακῶς
1802 3828 1975 3880 εἰπεῖν
2007 3845 2108 3897 μη-

434 3910 589 3979 am;
621 3910 748 3966 ποία
769 3911 1025 3966 δυσκολία
1043 3911 1420 3983 ἀπαλλαγῆναι
1440 3912 1633 3982 φθόνου
1656 3914 1749 3966 καὶ
1774 3911 2071 3983 βασκανίας
2091 3931 2106 3978 ;

441 3999 590 4062 ποῖος
623 3997 820 4069 μόχθος
844 4000 1064 4071 ἀγαπᾷν
1094 3998 1184 4052 τὸν
1211 3998 1466 4070 πλησίον;
1501 4000 1629 4051 ποία
1662 3999 2006 4071 ταλαιπωρία
2032 4000 2108 4072 μὴ

437 4085 770 4154 φθέγγεσθαι
817 4088 1017 4158 αἰσχρά
1065 4088 1305 4159 ῥήματα,
1364 4085 1500 4157 μηδὲ
1535 4085 1914 4158 λοιδορεῖσθαι,
1975 4087 2109 4158 μηδὲ

436 4173 709 4243 ὐϐρίζεινς
733 4177 884 4236 ποῖος
907 4176 1147 4245 κάματος
1179 4173 1252 4244 μὴ
1279 4173 1536 4244 ὀμνύναι;
1563 4174 1725 4228 πάλιν
1751 4174 1862 4245 γάρ
1890 4175 1984 4228 ἐπὶ
2010 4175 2109 4244 τὴν

438 4259 609 4329 αὐτὴν
638 4258 751 4328 ἥξω
782 4261 1117 4330 παραίνεσιν.
1155 4261 1322 4323 Πόνος
1356 4261 1452 4330 μὲν
1482 4257 1575 4314 οὖν
1608 4260 1864 4330 μέγιστος
1893 4262 1950 4314 τὺ
1979 4262 2109 4332 ὀμό-

442 4363 551 4399 σαι·
599 4345 857 4410 πολλάκις
896 4347 1023 4414 γοῦν
1066 4348 1170 4400 ὑπὸ
1210 4347 1384 4417 θυμοῦ
1417 4349 1509 4402 καὶ⁹
1544 4349 1713 4419 ὀργῆς
1754 4349 2107 4419 κατεχόμενοι

439 4433 819 4504 διωμοσάμεθα
846 4434 1111 4505 μηδέποτε
1127 4434 1536 4489 διαλλάττεσθαι
1557 4447 1578 4475 ο
1600 4439 1709 4498 τοῖς
1723 4436 2106 4507 λελυπηκόσιν,

437 4515 557 4572 εἶτα
584 4521 682 4589 τῆς
709 4522 877 4592 ὀργῆς
909 4522 1247 4593 σϐεσθείσης,
1279 4524 1371 4575 καὶ
1397 4523 1492 4575 τοῦ
1526 4522 1699 4593 θυμοῦ
1726 4524 2106 4593 χαλασθέντος.

437 4604 794 4677 βουληθέντες
839 4609 1263 4680 καταλλαγῆναι,
1304 4611 1398 4663 καὶ
1437 4609 1543 4662 ὑπὸ
1573 4609 1672 4678 τῆς
1707 4609 1951 4680 ἀνάγκης
1980 4629 2106 4664 κατ-

439 4694 686 4765 εχόμενοι
715 4695 824 4747 τῶν
847 4697 1046 4766 ὅρκων,
1081 4697 1396 4767 ὴλγήσαμεν
1426 4695 1574 4748 ὥσπε
1586 4712 1615 4764 ρ
1641 4696 1743 4749 τινὶ
1769 4698 1950 4765 παγίδι
1985 4716 2108 4751 κατ-

439 4781 706 4852 εχόμενοι,
728 4783 821 4836 καὶ
848 4784 1066 4854 δεσμοῖς
1091 4783 1303 4846 ἀλύτοις
1326 4783 1717 4854 συνδεδεμένοι.
1758 4786 1931 4856 Ὅπερ
1965 4787 2055 4839 καὶ
2079 4789 2108 4840 6

440 4867 683 4933 ’διάϐολος
715 4869 890 4934 εἰδὼς,
929 4871 1018 4924 καὶ
1051 4868 1294 4940 ἀκριϐῶς
1322 4871 1684 4941 ἐπιστάμενος
1713 4873 1794 4925 ὅτι
1826 4871 1935 4942 πῦρ
1959 4875 2104 4928 ἐστιν

436 4958 468 5006 ὁ
495 4954 683 5024 θυμὸς,
721 4960 811 5010 καὶ
843 4957 1036 5028 ῥαδίως
1071 4959 1377 5021 σϐέννυται,
1410 4961 1502 5011 καὶ
1532 4959 1624 5011 τοῦ
1657 4958 1829 5028 θυμοῦ
1863 4959 2110 5013 σϐεσθέν-

442 5053 547 5100 τος,
593 5040 900 5109 καταλλαγὴ
939 5042 1146 5108 γίνεται
1188 5045 1278 5095 καὶ
1320 5043 1492 5110 φιλία,
1539 5043 1857 5111 βουλόμενος
1895 5044 1956 5095 τὸ
1999 5046 2108 5114 πῦρ

438 5117 593 5170 τοῦτο
630 5120 810 5189 μένειν
845 5122 1123 5185 ἄσϐεστον,
1155 5124 1301 5194 ὅρκῳ
1329 5123 1588 5185 πολλάκις
1612 5127 1756 5194 ἡμᾶς
1789 5126 2104 5195 κατέδησεν,

439 5198 550 5265 ἵνα,
586 5203 741 5270 rivi;
774 5202 907 5272 ὀργῆ
936 5202 1095 5273 λήξῃ.
1187 5206 1398 5276 ἀνάγκη
1421 5205 1511 5258 τοῦ
1542 5207 1703 5277 ὅρκου
1740 5206 1974 5276 μένουσα
1997 5207 2100 5259 δια-

503 5359 530 5428 ς
733 5366 783 5409 ει
805 5334 999 5428 qfujdam
1027 5377 1138 5428 mss.
1166 5363 1291 5428 {zuin
1321 5364 1472 5413 More!
1518 5366 1671 5414 etalii
1699 5367 1852 5428 ἡμῶν.

731 5431 781 5469 et
802 5414 880 5471 alii
903 5426 954 5469 οὗ
981 5414 1331 5485 μεγάλης-ἡμῖν.

506 5481 528 5509 η
555 5481 622 5531 ιιι
645 5482 814 5531 Morel.
839 5481 1056 5535 eLSaﬁ'HI
1081 5481 1313 5545 rec|.e,'nt
1336 5487 1561 5535 videtur:
1586 5489 1770 5548 aliquot
1796 5493 1958 5536 autem
1985 5501 2098 5535 mss.

1305 319 1362 380 S.
1399 320 1689 380 JOANNIS
1723 320 2214 379 CHRYSOSTOMI
2253 318 3160 380 ARCHIEP.-CONSTANTINOP.

3798 315 3905 372 102

2229 440 2370 513 τηρῇ
2397 436 2498 508 τὴν
2526 435 2706 506 πυρὰν
2744 437 2802 488 ἐν
2836 435 2990 504 ἡμῖν,
3022 431 3117 510 καί
3150 432 3295 484 δυοῖν
3325 430 3552 502 θάτερον
3586 430 3828 498 γένηται,
3871 429 3906 497 ἢ

2230 521 2664 590 καταλλαγέντες
2699 521 3138 590 ἐπιορκήσωμεν,
3171 518 3203 588 ἡ
3237 516 3312 588 μὴ
3334 515 3760 584 καταλλαγέντες
3785 517 3906 567 τοῖς

2230 613 2328 682 τῆς
2365 607 2732 680 μνησικακίας
2774 605 3069 676 ἐπιτιμίοις
3111 603 3445 667 ὑπευθύνους
3473 603 3702 665 ἑαυτοὺς
3733 616 3904 654 κατα-

2228 698 2539 767 στήσωμεν.

2293 783 2353 838 δν.
2374 781 2558 834 Ταῦτα
2585 776 2677 834 οὖν
2703 778 2901 842 εἰδότες
2931 778 3219 849 φεύγωμεν
3246 776 3370 840 τοὺς
3385 777 3601 846 ὅρκους,
3625 776 3717 830 καὶ
3741 773 3904 846 μελε-

2223 869 2368 925 τάτω
2407 869 2467 921 τὸ
2507 869 2679 938 στόμα
2710 867 2866 938 ἡμῶν
2891 867 3072 933 λέγειν
3111 853 3369 934 συνεχῶς·
3404 864 3764 916 Πίστευσον·
3807 863 3900 914 καὶ

2223 955 2374 1007 ἔσται
2396 953 2553 1007 τοῦτο
2577 955 2756 1024 πάσης
2780 952 3067 1016 εὐλαϐείας
3091 951 3346 1014 ὑπόθεσις
3371 951 3524 1019 ἡμῖν.
3549 949 3771 1002 Γλῶττα
3793 947 3903 1016 γὰρ

2223 1042 2569 1096 παιδευθεῖσα
2604 1037 2763 1093 τοῦτο
2795 1040 2974 1108 λέγειν
3012 1040 3073 1092 τδ
3108 1040 3165 1092 ἒν
3189 1039 3214 1078 ἀ
3249 1039 3420 1110 ῥῆμα,
3451 1037 3767 1106 αἰσχύνεται
3806 1033 3910 1088 καὶ

2221 1129 2450 1200 ἐρυθριᾷ
2485 1131 2706 1199 ῥήματα
2734 1126 3038 1195 ἐξενεγκεῖν
3069 1125 3393 1195 αἰσχρὰ-καὶ
3423 1124 3617 1178 ἄτοπα·
3661 1123 3765 1176 κᾶν
3792 1120 3898 1175 ἀπό

2226 1215 2511 1287 συνηθείας
2537 1214 2785 1286 προαχθῇ
2820 1231 2971 1276 ποτε,
3007 1213 3239 1274 πολλοὺς
3267 1211 3467 1281 ἔχουσα
3498 1213 3624 1273 τοὺς
3657 1208 3902 1279 κατηγό-

2226 1319 2349 1374 ρους
2383 1301 2832 1370 ἀνασταλήσεται.
2871 1302 3039 1354 Ὀταν
3065 1299 3175 1370 γάρ
3202 1316 3286 1363 τις
3312 1298 3407 1370 -ῖδῃ
3437 1296 3529 1350 τὸν
3558 1296 3632 1366 μὴ
3661 1293 3903 1364 ὀμνύντα

2221 1389 2421 1459 αἰσχρά
2456 1389 2843 1459 φθεγγόμενον,
2879 1386 3253 1456 ἐπεμϐήσεται
3286 1385 3484 1456 ῥαδίως
3505 1381 3654 1452 αὐτῷ
3681 1381 3778 1434 καὶ
3803 1397 3905 1433 κα-

2220 1477 2600 1544 ταγελάσεται,
2631 1475 2725 1528 καὶ
2763 1473 3041 1544 κωμῳδῶν
3085 1474 3219 1544 ἐρεῖ·
3246 1473 3318 1525 Σὺ
3342 1475 3386 1524 -ὀ
3416 1471 3498 1537 τὸ,
3533 1473 3902 1536 Πίστευσον,

2221 1565 2315 1618 ἐπὶ
2345 1564 2711 1630 πᾶσολέγων,
2749 1562 2848 1614 οὐκ
2877 1561 3045 1632 ἀνέχῃ
3080 1561 3242 1630 ὅρκον
3280 1557 3564 1629 προέσθαι,
3595 1557 3691 1609 καὶ
3725 1556 3907 1626 ῥήμα-

2223 1668 2308 1705 σιν
2336 1653 2586 1721 αἰσχροῖς
2626 1648 3011 1719 καταισχύνεις
3047 1664 3141 1699 σου
3173 1647 3273 1717 τὴν
3299 1639 3582 1714 γλῶτταν;
3615 1645 3778 1696 Ὥστε
3808 1642 3906 1696 καὶ

2220 1741 2466 1801 ἄκοντες,
2494 1737 2599 1789 ὑπὸ
2624 1737 2733 1790 τῶν
2763 1735 3050 1806 παρόντων
3080 1733 3547 1803 συνελαυνόμενοι.
3580 1730 3717 1800 πρὸς
3745 1728 3906 1782 εὐλά-

2223 1827 2374 1879 ϐειαν
2406 1825 2768 1895 ἐπανήξομεν.
2799 1823 2864 1876 Τί
2887 1818 3002 1888 οὖν,
3035 1822 3130 1876 ἐὰν
3167 1815 3406 1892 ἀνάγκη.
3442 1819 3627 1892 φησιν,
3667 1816 3900 1888 ὀμόσαις

2223 1915 2399 1966 Ὀπου
2429 1912 2596 1983 νόμου
2639 1909 2951 1982 παράϐασις
2991 1909 3108 1982 [96]
3151 1912 3320 1971 ἐστιν,
3352 1909 3454 1961 οὐκ
3482 1907 3627 1960 ἐστιν
3661 1905 3904 1976 ἀνάγκη.

2219 2002 2331 2054 Καὶ
2355 1999 2600 2061 δυνατὸν,
2640 2000 2796 2070 φησὶ,
2837 1998 3071 2079 καθόλου
3105 1997 3182 2069 μὴ
3218 1995 3486 2068 ὀμνύναι;
3525 1994 3593 2047 Τί
3627 1993 3846 2061 λέγεις;
3876 1993 3906 2045 6

2215 2086 2349 2150 Θεὸς
2368 2087 2644 2153 ἐκέλευσε,
2671 2087 2766 2140 καὶ
2791 2085 2999 2157 τολμᾷς
3026 2085 3306 2156 ἐρωτῆσαι
3331 2086 3382 2138 εί
3410 2082 3648 2137 δυνατὸν
3663 2080 3903 2151 φυλάξαι

2214 2176 2307 2228 τὸν
2329 2175 2525 2246 νόμον;
2561 2174 2850 2228 Ἀδύνατον
2886 2174 2986 2245 μὲν
3013 2169 3107 2228 οὖν
3134 2174 3194 2227 τὸ
3223 2173 3302 2244 μὴ
3336 2170 3590 2241 φυλάξαι·
3625 2167 3904 2223 καὶτοῦτο

2215 2261 2325 2315 ἀπὸ
2359 2262 2467 2316 τῶν
2497 2261 2784 2334 παρόντων
2811 2262 2957 2332 ὑμᾶς
2989 2262 3177 2315 πεῖσαι
3211 2258 3499 2330 βούλομαι,
3529 2259 3615 2313 ὅτι
3645 2257 3707 2310 οὑ
3735 2256 3797 2310 τὸ
3824 2256 3902 2328 μὴ

2215 2348 2467 2419 ὀμνύναι,
2503 2349 2640 2403 ἀλλὰ
2666 2350 2726 2402 τὸ
2753 2349 2985 2420 ὀμνύναι
3018 2347 3302 2402 ἀδύνατον.
3344 2345 3482 2401 ’1δού
3515 2344 3648 2415 γοῦν
3675 2343 3903 2415 χρυσίον

2215 2437 2616 2508 ἐκελεύσθησαν
2653 2439 2984 2508 εἰσενεγκεῖν
3008 2437 3058 2490 οἰ
3093 2437 3195 2509 τὴν
3223 2434 3380 2490 πόλιν
3411 2434 3686 2497 οἰκοῦντες
3708 2431 3902 2487 δοκοῦν

2215 2523 2314 2596 τὴν
2329 2524 2436 2578 τῶν
2453 2525 2665 2579 πολλῶν
2685 2525 3036 2597 ὑπερϐαίνειν
3061 2524 3311 2596 δύναμιν,
3330 2524 3447 2590 καὶ,
3471 2523 3534 2577 τὸ
3551 2523 3714 2577 πλέον
3727 2523 3902 2575 εἰσενο

2217 2611 2463 2680 ἡνεκται,
2491 2612 2588 2665 καὶ
2611 2611 2722 2666 τῶν
2751 2612 3130 2667 ἀπαιτούντων
3159 2613 3308 2667 ἐστιν
3333 2610 3566 2666 ἀκοῦσαι
3605 2610 3897 2680 λεγόντων·

2217 2697 2284 2750 Τί
2311 2697 2547 2769 μέλλεις,
2582 2697 2869 2768 ἀνθρωπε;
2892 2698 2945 2751 τί
2972 2698 3030 2752 δέ
3059 2697 3278 2770 ἡμέραν
3295 2697 3353 2766 ἐξ
3382 2696 3596 2770 ἡμέρας
3621 2693 3900 2766 ἀναϐάλλῃ

2218 2784 2393 2853 ἡμᾶς
2431 2783 2505 2855 μὴ
2541 2784 2651 2855 γὰρ
2681 2785 2908 2840 δυνατὸν
2936 2784 3232 2853 ἐκφυγεῖν;
3271 2783 3534 2854 βασιλέως
3575 2782 3739 2854 νόμος
3781 2781 3900 2834 ἐστὶ

2219 2869 2532 2941 μελλήσεως
2559 2872 2660 2925 οὐκ
2699 2869 3045 2941 ἀνεχόμενος.
3079 2870 3146 2924 Τί
3185 2869 3390 2938 λέγεις,
3433 2868 3559 2923 εἰπέ
3597 2885 3718 2939 μοι;
3751 2867 3896 2939 βασι-

2213 2951 2340 3017 λεὺς
2392 2953 2650 3007 ἐκέλευσε
2695 2957 2955 3024 χρήματα
2999 2955 3354 3024 εἰσενεγκεῖν,
3398 2957 3495 3008 καὶ
3527 2954 3790 3010 ἀδύνατον
3822 2955 3898 3028 μὴ

2214 3039 2563 3109 εἰσενεγκεῖν·
2603 3041 2633 3093 ὀ
2669 3039 2802 3104 Θεὸς
2834 3039 3092 3094 ἐκέλευσε
3126 3041 3351 3111 φεύγειν
3382 3041 3511 3106 τούς
3549 3040 3766 3111 ὅρκους,
3803 3042 3898 3096 καὶ

2214 3127 2398 3197 λέγεις
2430 3128 2514 3181 ὅτι
2547 3125 2809 3182 ἀδύνατον
2840 3128 3066 3197 φεύγειν
3095 3128 3223 3193 τοὺς
3261 3129 3496 3200 δρκους;
3532 3129 3742 3201 Ἕκτην
3787 3129 3901 3201 ἔχω

2212 3214 2420 3287 ταύτην
2439 3216 2659 3286 ἡμέραν
2683 3215 2813 3286 περὶ
2837 3216 3044 3286 ταύτης
3068 3216 3197 3286 ὑμῖν
3221 3216 3506 3289 παραινῶν
3524 3216 3627 3286 τῆς
3650 3214 3894 3290 ἐντολῆς·

2213 3301 2398 3356 λοιπὸν
2424 3303 2552 3372 ὑμῖν
2582 3300 2950 3366 συντάξασθαι
2980 3301 3241 3374 βούλομαι
3275 3303 3352 3366 ὡς
3381 3303 3778 3376 ἀφιστάμενος,
3807 3306 3900 3360 ῖνα

2212 3388 2606 3461 ἀσφαλίζησθε.
2658 3389 2774 3443 Οὐκ
2817 3389 2898 3444 ἔτι
2933 3389 3201 3460 ἀπολογία
3249 3407 3334 3454 τις
3379 3391 3511 3462 ὑμῖν
3560 3392 3736 3456 ἐσται,
3776 3393 3898 3447 οὐδὲ

2214 3473 2536 3546 συγγνώμη·
2576 3475 2815 3547 μάλιστα
2846 3478 2944 3547 μὲν
2972 3477 3082 3548 γάρ
3119 3477 3169 3530 εἰ
3206 3477 3300 3531 καὶ
3334 3476 3501 3549 μηδὲν
3526 3476 3736 3549 εῖρητο,
3763 3481 3897 3550 παρ’

2214 3559 2369 3631 ὑμῶν
2403 3560 2584 3614 αὐτῶν
2613 3561 2719 3615 ἔδει
2746 3561 3106 3634 διορθωθῆναι
3133 3562 3315 3617 τοῦτο·
3355 3564 3480 3618 οὐδέ
3508 3563 3617 3636 γάρ
3652 3565 3899 3621 ποικίλον

2210 3649 2382 3708 ἐστὶν,
2424 3647 2547 3702 οὐδὲ
2579 3647 2784 3718 πολλῆς
2812 3649 3068 3720 δεόμενον
3098 3650 3468 3723 κατασκευῆς.
3511 3652 3681 3707 Ὅταν
3710 3650 3770 3706 δὲ
3797 3654 3895 3707 καὶ

2209 3731 2480 3803 τοσαύτης
2507 3729 2606 3804 ἦτε
2647 3736 3030 3806 παραινέσεως
3060 3738 3156 3791 καὶ
3188 3737 3503 3809 συμϐουλῆς
3533 3737 3898 3794 ἀπολελαυκὰ

2208 3838 2323 3900 τες,
2350 3821 2473 3875 τίνα
2507 3823 2806 3891 ἀπολογίαν
2838 3826 3012 3878 εἰπεῖν
3043 3824 3193 3890 ἕξετε
3232 3826 3645 3898 ἐγκαλούμενοι,
3679 3827 3775 3880 καὶ
3801 3827 3896 3880 ἐπὶ

2209 3907 2305 3962 τοῦ
2332 3907 2578 3980 βήματος
2606 3909 2841 3976 ἑστῶτες
2864 3910 2959 3964 τοῦ
2983 3912 3237 3984 φοϐεροῦ,
3259 3915 3352 3968 καὶ
3373 3913 3604 3978 εὐθύνας
3632 3913 3896 3969 ἀπαιτού-

2214 4012 2368 4066 μενοι
2394 3997 2497 4065 τῆς
2540 3997 2888 4068 παρανομίας
2918 3999 3160 4070 ταύτης;
3189 4001 3304 4055 Οὐκ
3342 4001 3491 4054 ἔστιν
3527 4001 3784 4073 οὐδεμίαν
3812 4003 3896 4056 εἰ-

2210 4087 2333 4138 πεῖν
2349 4085 2667 4153 ἀπολογίαν,
2695 4085 2810 4140 ἀλλ’
2829 4087 3066 4158 ἀνάγκη,
3087 4088 3121 4159 ἢ
3145 4088 3598 4160 κατορθώσαντας
3612 4089 3892 4154 ἀπελθεῖν,

2209 4169 2244 4240 ἡ
2285 4171 2358 4241 μὴ
2396 4170 2855 4244 κατορθώσαντας
2879 4173 3228 4240 κολάζεσθαι,
3257 4177 3353 4229 καὶ
3379 4175 3479 4247 τὴν
3501 4176 3736 4248 ἐσχάτην
3761 4176 3894 4230 ὑπο-

2213 4256 2396 4326 μένειν
2416 4257 2591 4328 δίκην.
2621 4257 2808 4312 Ταῦτα
2833 4256 2929 4315 οῦν
2953 4262 3305 4333 ἐννοήσαντες
3327 4263 3547 4318 ἅπαντα
3568 4274 3613 4326 ε,
3640 4263 3736 4317 καὶ
3755 4265 3894 4335 μετά

2211 4343 2409 4416 πολλῆς
2455 4346 2708 4402 ἐντεῦθεν
2752 4350 3214 4422 ἀναχωρήσαντες
3258 4352 3360 4424 τῆς
3393 4354 3695 4425 φροντίδος,
3736 4353 3892 4427 ἀλλὴο

2211 4431 2336 4497 λους
2365 4435 2812 4504 παρακελεύεσθε
2845 4439 2914 4492 τὰ
2946 4441 3003 4493 ἐν
3035 4439 3326 4504 τοσαύταις
3357 4442 3594 4513 ἡμέραις
3624 4444 3893 4516 εἰρημένα

2217 4518 2361 4602 μετὰ,
2383 4520 2563 4590 πάσης
2589 4523 2829 4593 τηρῆσαι
2865 4525 2967 4595 τῆς
2997 4525 3249 4597 φυλακῆς
3278 4530 3372 4581 ἐπὶ
3399 4530 3497 4600 τῆς
3523 4530 3764 4594 διανοίας
3790 4531 3892 4602 τῆς

2216 4601 2504 4673 ὑμετέρας,
2532 4605 2621 4657 ἵνα
2641 4607 2734 4659 καὶ
2754 4607 2911 4678 ἡμῶν
2933 4607 3210 4678 σιγώντων
3233 4612 3497 4682 ἀλλήλους
3518 4601 3891 4681 παιδεύοντες,

2210 4688 2642 4759 οἰκοδομοῦντες.
2678 4694 3152 4764 παρακαλοῦντες,
3183 4697 3387 4769 πολλὴν
3420 4698 3764 4770 ἐπιδείξησθε
3791 4701 3891 4773 τὴν

2209 4775 2473 4839 ἐπίδοσιν,
2503 4779 2594 4831 καὶ
2626 4781 2751 4843 τοὺς
2782 4781 3004 4844 λοιποὺς
3036 4783 3286 4848 ἅπαντας
3310 4785 3770 4857 ἐκπληρώσαντες
3799 4789 3890 4842 νό-

2215 4879 2370 4932 μους,
2402 4864 2747 4938 ἀπολαύσητε
2790 4870 2898 4922 τῶν
2942 4871 3175 4925 αίωνίων
3221 4873 3523 4939 στεφάνων,
3569 4868 3644 4928 ὧν
3684 4876 3894 4945 γένοιτο

2212 4951 2423 5015 πάντας
2463 4955 2608 5023 ἡμᾶς
2657 4958 2957 5025 ἐπιτυχεῖν,
3006 4959 3190 5030 χάριτι
3240 4961 3334 5015 καὶ
3385 4962 3765 5036 φιλανθρωπίᾳ
3793 4965 3890 5020 τοῦ

2211 5037 2419 5109 Κυρίου
2444 5042 2602 5110 ἡμῶν
2641 5045 2814 5114 Ἰησοῦ
2850 5047 3112 5115 Χριστοῦ,
3145 5048 3210 5101 δι’
3240 5043 3300 5102 οὗ
3327 5052 3420 5104 καὶ
3448 5051 3564 5122 μεθ’
3587 5047 3648 5106 οὐ
3671 5052 3748 5121 τῷ
3775 5053 3889 5106 Πα-

2211 5127 2302 5192 τρὶ
2336 5126 2369 5193 ἡ
2405 5127 2533 5192 δόξα
2577 5128 2694 5200 ἅμα
2731 5131 2808 5199 τῷ
2855 5133 2996 5205 ἁγίῳ
3035 5134 3334 5206 Πνεύματι,
3389 5137 3469 5201 εἰς
3518 5140 3643 5204 τούς
3687 5136 3892 5206 αἰῶνας

2212 5213 2318 5263 τῶν
2360 5214 2590 5267 αἰώνων.
2639 5217 2833 5288 Ἀμήν.

2216 5368 2519 5424 διαλέξεσθαι.

2276 5429 2629 5542 :in
2643 5437 2934 5496 quibusdam
2954 5454 3067 5492 mss.
3085 5441 3210 5493 Infra
3227 5444 3334 5495 Sav.
3350 5446 3443 5495 ὑπὸ
3457 5448 3612 5505 σννηθ-
3637 5463 3700 5510 πρ
3736 5447 3828 5494 πά)
3842 5466 3904 5503 “'-
