4232 6320
329 309 418 367 ποι
1271 314 1362 370 AD
1400 311 1720 371 coruum
1760 299 2250 370 ANTIOCHENUM
2315 313 2544 369 llOMlL.
2590 313 2714 370 vnt

328 439 466 480 circa
495 425 734 479 animam
764 440 977 480 onmem
1015 440 1196 480 curam
1240 427 1609 496 impendamus
1635 467 1649 492 ,
1691 435 1744 480 et
1788 425 1924 478 hanc

324 515 467 569 omni
495 515 660 570 modo
686 531 955 574 curemus.
990 518 1229 587 Corpora
1260 518 1456 587 quippe
1481 518 1788 588 languentia
1817 534 1921 571 non

325 605 577 660 omnibus
599 621 792 660 curare
825 607 976 661 facile
1000 616 1121 672 est,
1154 609 1387 660 animam
1419 623 1547 661 vero
1587 608 1922 661 laborantem

323 705 404 747 est
430 695 626 762 cuique
656 695 909 749 medicari
940 696 1244 751 facillimum
1273 717 1285 751 :
1318 708 1372 751 et
1414 698 1657 766 corporis
1703 698 1921 768 quidem

324 781 530 835 curatio
556 824 573 848 ,
599 792 654 837 et
681 785 1089 839 medicaminum
1117 795 1178 839 et-
1206 787 1408 855 argenti
1455 787 1654 856 indiget
1679 828 1694 851 ,
1732 787 1923 841 animae

324 886 450 926 vero
477 870 634 926 facile
667 875 918 942 parabilis
942 883 995 929 et
1027 878 1298 944 impendio
1336 891 1527 931 carens
1565 894 1577 930 :
1606 879 1784 931 carnis
1825 893 1922 932 na-

326 972 438 1018 tura
469 965 638 1018 multo
663 981 784 1019 cum
816 966 997 1020 labore
1024 967 1091 1020 ab
1123 966 1496 1021 infestantibus
1524 967 1780 1022 liberatur
1805 970 1918 1022 vul-

322 1058 546 1112 neribus
581 1076 596 1111 :
631 1059 828 1113 ctenim
863 1058 1062 1112 ferrum
1091 1074 1233 1128 saepe
1267 1070 1321 1114 et
1360 1075 1539 1113 amara
1570 1059 1920 1113 medicamina

324 1150 585 1206 adhibere
614 1152 975 1204 necessarium
1009 1161 1124 1217 est;
1169 1153 1220 1205 in
1267 1153 1438 1206 anima
1486 1167 1616 1207 vero
1663 1152 1791 1205 nihil
1841 1163 1922 1206 est

323 1242 428 1296 tale
458 1282 475 1306 ,
507 1241 602 1295 sed
637 1251 843 1295 tantum
878 1243 1008 1296 velle
1035 1252 1088 1297 et
1128 1258 1326 1313 cupere
1369 1244 1563 1297 sufﬁcit
1588 1286 1602 1309 ,
1644 1253 1700 1298 et
1744 1245 1919 1297 omnia

319 1341 566 1386 correcta
617 1342 760 1385 sunt.
808 1331 875 1386 Et
918 1334 1017 1388 hoc
1063 1332 1161 1387 fuit
1204 1349 1337 1401 opus
1389 1335 1483 1388 Dei
1528 1334 1917 1404 providentiae:

320 1422 577 1489 quoniam
626 1423 767 1476 enim
813 1438 878 1478 ex
923 1424 1164 1492 corporis
1201 1425 1507 1479 infirmitate
1548 1442 1652 1479 non
1696 1427 1919 1480 multum

320 1512 436 1567 ﬁeri
468 1524 850 1568 nocumentum
886 1525 1098 1584 potest:
1139 1533 1259 1570 nam
1287 1517 1448 1570 etiam
1480 1519 1524 1571 si
1558 1534 1664 1572 non
1694 1528 1920 1587 :egrote-

321 1619 441 1658 mus
466 1646 482 1670 ,
518 1619 664 1658 mors
693 1606 1076 1673 superveniens
1113 1606 1283 1676 ipsum
1328 1616 1636 1677 corrumpet
1659 1650 1672 1674 ,
1712 1621 1763 1663 et
1804 1625 1919 1662 om-

320 1698 450 1750 nino
476 1697 780 1752 dissolvet:
814 1706 982 1752 totum
1023 1713 1152 1752 vero
1190 1699 1344 1752 nobis
1395 1700 1446 1752 in
1490 1701 1650 1753 animi
1693 1702 1922 1755 sanitate

317 1790 479 1842 situm
507 1797 592 1844 est
624 1808 636 1842 :
681 1790 850 1845 multo
878 1790 1103 1844 utilioris
1133 1801 1186 1845 et
1213 1791 1379 1859 magis
1409 1777 1726 1845 necessariae
1755 1794 1921 1861 partis

317 1881 653 1934 curationem
683 1881 807 1934 fecit
831 1881 1036 1935 facilem
1064 1891 1118 1935 et
1149 1881 1419 1950 impendio
1441 1892 1493 1936 et
1515 1883 1699 1938 dolore
1729 1898 1920 1938 caren-

315 1979 446 2026 tem.
500 1971 670 2038 Quam
718 1973 876 2043 igitur
909 1974 1309 2028 excusationem
1365 1973 1724 2050 habebimus?
1759 1992 1917 2045 quam

314 2071 495 2117 autem
523 2067 734 2119 veniam
763 2108 777 2132 ,
805 2081 924 2120 cum
956 2068 1195 2136 corporis
1226 2067 1439 2137 quidem
1467 2109 1480 2132 ,
1517 2068 1603 2122 ubi
1631 2078 1910 2137 argentum

318 2163 618 2222 erogatur,
663 2165 719 2208 et
759 2156 949 2211 medici
992 2168 1379 2224 accersuntur,
1426 2165 1478 2212 et
1523 2158 1723 2212 multus
1769 2159 1925 2213 dolor

317 2244 655 2310 sustinetur,
691 2254 890 2300 tantam
932 2262 1181 2316 geramus
1221 2263 1403 2301 curam
1430 2287 1445 2312 ,
1489 2250 1755 2318 praecipue
1800 2265 1920 2303 eum

315 2349 424 2389 non
453 2350 710 2405 magnum
741 2337 811 2390 sit
840 2336 994 2392 nobis
1023 2337 1275 2392 damnum
1298 2352 1363 2392 ex
1391 2337 1536 2392 illius
1564 2339 1878 2408 aegritudine
1905 2359 1918 2403 ;

310 2424 552 2478 animam
582 2441 710 2480 vero
736 2435 1145 2482 contemnamus
1169 2469 1184 2494 ,
1216 2435 1273 2482 et
1310 2427 1413 2482 hoc
1440 2442 1562 2483 eum
1595 2444 1694 2484 nec
1731 2445 1922 2499 argen-

315 2527 429 2571 tum
459 2533 684 2588 erogare
708 2559 722 2583 ,
755 2533 853 2573 nec
894 2519 1030 2574 alios
1073 2519 1388 2588 perturbare
1411 2560 1428 2586 ,
1480 2534 1657 2588 neque
1697 2519 1911 2575 dolores

313 2610 586 2664 snstinere
613 2609 948 2676 debeamus;
977 2611 1070 2665 sed
1101 2611 1305 2680 absque
1333 2610 1414 2665 his
1443 2612 1693 2666 omnibus
1722 2626 1920 2682 propo-

314 2699 420 2753 sito
451 2699 626 2754 solum
657 2708 713 2754 et
753 2701 1028 2754 voluntate
1067 2714 1280 2755 omnem
1326 2700 1492 2770 ipsius
1530 2702 1918 2757 correCIionem

313 2789 493 2846 facere
524 2791 839 2860 possimus:
868 2800 924 2847 et
958 2793 1160 2861 optime
1204 2793 1436 2846 sciamus
1474 2807 1573 2847 nos
1602 2834 1617 2859 ,
1667 2792 1771 2847 nisi
1819 2793 1920 2849 hoc

316 2879 608 2938 fecerimus
637 2925 652 2950 ,
685 2891 978 2938 extremam
1011 2885 1283 2938 subituros
1312 2898 1521 2953 pmnam
1546 2925 1561 2950 ,
1600 2893 1656 2939 et
1697 2884 1921 2940 inevita-

316 2970 442 3027 bilia
471 2979 743 3028 tormenta
771 2981 931 3043 atque
961 2973 1267 3043 supplicia?
1297 2973 1391 3027 Dic
1416 2989 1647 3043 namque
1675 2974 1804 3030 mihi
1828 3014 1847 3042 ,
1875 2976 1918 3030 si

313 3062 433 3124 uuis
459 3072 633 3118 artem
657 3065 937 3119 medicinae.
968 3065 1116 3120 brevi
1140 3065 1399 3135 temporis
1424 3075 1696 3120 momento
1716 3066 1919 3138 absque

311 3162 540 3223 argento
568 3163 622 3209 et
648 3155 832 3211 labore
859 3169 920 3210 se
961 3155 1248 3210 ducturum
1297 3165 1349 3211 te
1387 3156 1726 3225 polliceretur
1750 3198 1765 3223 ,
1811 3174 1918 3213 non

311 3245 489 3314 ipsum
515 3254 738 3315 putares
782 3245 1224 3301 benefactoremi
1266 3260 1445 3301 nonne
1489 3246 1700 3302 subires
1738 3250 1917 3304 omnia

312 3335 492 3390 facere
519 3344 576 3391 et
602 3337 709 3406 pati
736 3379 752 3403 ,
782 3351 1135 3407 quaecumque
1165 3336 1282 3391 haec
1327 3337 1586 3406 pollicens
1623 3339 1918 3408 jusslsset?

314 3424 455 3479 Ecce
489 3439 636 3480 nunc
673 3424 791 3480 sine
826 3425 1098 3481 laboribus
1141 3426 1303 3492 licet,
1346 3441 1453 3481 non
1491 3428 1735 3496 corporis
1759 3470 1776 3495 ,
1821 3429 1917 3484 sed

314 3514 510 3570 anima:
542 3516 822 3570 vulnerum
869 3516 1112 3572 invenire
1151 3517 1385 3573 remedia
1409 3557 1427 3585 ,
1468 3528 1523 3574 et
1556 3534 1674 3574 eam
1713 3520 1917 3592 absque

315 3603 504 3661 dolore
533 3606 644 3660 ullo
669 3606 737 3661 ad
772 3609 1060 3663 sanitatem
1090 3609 1393 3665 reducere:
1436 3625 1506 3666 ne
1551 3611 1711 3680 igitur
1751 3614 1918 3683 negli-

310 3710 522 3764 gamus.
556 3695 687 3762 Quis
713 3698 856 3752 enim
886 3739 901 3762 ,
947 3697 1036 3754 dic
1080 3700 1210 3754 mihi
1235 3741 1252 3766 ,
1302 3700 1457 3756 dolor
1482 3741 1497 3765 ,
1539 3701 1673 3755 iram
1715 3703 1917 3759 ccutri-

310 3789 473 3842 stauti
503 3790 831 3845 remittere?
859 3790 1027 3846 Dolor
1067 3792 1283 3862 quidem
1330 3802 1414 3848 est
1462 3795 1683 3866 injurias
1726 3799 1913 3852 memi~

309 3878 455 3933 nisse
484 3920 500 3943 ,
535 3886 592 3933 et
618 3895 722 3933 non
747 3881 1044 3936 conciliari.
1072 3883 1204 3950 Quis
1233 3883 1387 3938 labor
1413 3899 1571 3940 orare
1593 3928 1607 3952 ,
1639 3897 1692 3941 et
1729 3902 1760 3941 a
1805 3888 1915 3944 Deo

311 3979 561 4040 prompte
583 3973 858 4042 praebente
876 4015 891 4039 ,
918 3974 1199 4029 innumera
1228 3977 1368 4032 bona
1391 3980 1611 4050 petere?
1628 3981 1746 4050 quis
1766 3981 1916 4036 labor

309 4061 601 4119 detrahere
633 4066 832 4121 nemini
855 4067 878 4119 ?
901 4084 1022 4143 qua:
1042 4067 1327 4128 difficultas
1347 4074 1417 4128 ab
1444 4075 1641 4130 invidia
1668 4084 1721 4129 et
1747 4077 1914 4133 livore

308 4155 570 4217 liberari?
614 4177 737 4232 qua:
806 4163 1050 4219 molestia
1121 4166 1425 4236 proximum
1477 4167 1742 4238 diligere?
1792 4186 1912 4240 qua:

311 4268 555 4308 mrumna
601 4270 708 4308 non
745 4256 919 4326 turpia
965 4257 1127 4312 verba
1179 4257 1366 4328 loqui,
1412 4273 1518 4314 non
1567 4260 1866 4316 convicium
1893 4302 1907 4326 ,

311 4359 419 4399 non
449 4344 698 4418 injuriam
728 4345 970 4402 inferre?
992 4363 1112 4417 qtne
1140 4347 1376 4420 fatigatio
1402 4365 1506 4405 non
1531 4351 1715 4420 jurare
1738 4353 1762 4405 τ
1789 4368 1909 4406 rur-

311 4449 433 4490 sum
460 4435 603 4489 enim
633 4434 700 4490 ad
730 4436 973 4492 eamdem
999 4436 1282 4494 deveniam
1310 4441 1753 4498 admonitionem.
1798 4444 1910 4499 lmo

311 4526 470 4581 labor
509 4526 778 4582 maximus
809 4527 1036 4597 jurare;
1087 4532 1282 4600 sazpius
1321 4533 1465 4587 enim
1514 4534 1591 4589 ira
1629 4543 1684 4590 et
1731 4535 1910 4593 furore

310 4616 518 4672 detenti
546 4658 562 4684 ,
591 4633 688 4672 nos
717 4618 1078 4675 infestantium
1105 4623 1336 4692 cuipiam
1381 4638 1487 4677 non
1534 4626 1913 4683 reconciliatu-

312 4723 405 4763 ros
426 4708 725 4778 juravimus
748 4752 764 4778 ,
789 4719 976 4780 postea
1004 4711 1080 4767 ira
1110 4715 1372 4770 exstincta
1399 4725 1453 4771 et
1478 4716 1657 4774 furore
1685 4719 1868 4774 sedato
1889 4763 1904 4789 ,

313 4797 654 4854 reconciliari
707 4802 990 4871 volentes,
1033 4812 1088 4858 et
1118 4803 1544 4875 juramentorum
1590 4813 1909 4868 necessitate

309 4889 531 4944 coerciti
557 4931 571 4952 ,
597 4889 863 4946 doluimus
892 4902 1162 4963 tamquam
1209 4895 1400 4967 laqueo
1441 4901 1671 4970 quodam
1702 4903 1908 4959 detenti

310 4988 366 5033 et
393 4979 624 5036 vinculis
653 4981 1025 5040 insolubilibus
1053 4983 1266 5042 irretiti.
1290 4988 1441 5057 Quod
1466 5001 1520 5045 et
1541 4990 1785 5050 diabolus
1808 5009 1908 5050 no-

309 5070 426 5139 vit,
458 5079 513 5128 et
538 5073 662 5143 quia
693 5073 848 5143 plane
873 5076 1021 5131 novit
1046 5077 1180 5132 iram
1225 5094 1344 5135 esse
1389 5082 1566 5152 ignem
1592 5125 1607 5151 ,
1653 5094 1706 5140 et
1750 5086 1908 5142 facile

310 5162 580 5233 exstingui
605 5204 620 5228 ,
649 5172 704 5219 et
729 5165 990 5225 exstincta
1017 5166 1097 5223 ira
1124 5172 1616 5229 reconciliationem
1645 5185 1700 5231 et
1728 5180 1910 5234 amici-

312 5247 439 5333 tiam
488 5249 682 5321 sequi,
727 5252 948 5321 cupiens
1004 5254 1182 5326 ignem
1233 5258 1375 5313 hunc
1418 5261 1904 5334 inexstinguibilem

310 5355 530 5398 manere
551 5383 569 5411 ,
596 5342 905 5414 juramento
935 5362 1033 5403 nos
1058 5351 1253 5422 sapius
1282 5353 1512 5410 irrctivit
1535 5398 1551 5426 ,
1577 5368 1637 5414 ut
1662 5368 1716 5415 et
1754 5361 1799 5416 si
1825 5361 1906 5418 ira

303 5429 603 5503 desiverit,
639 5433 933 5507 juramenti
960 5443 1252 5500 necessitas
1279 5460 1504 5509 manens
1527 5490 1542 5519 ,
1572 5449 1820 5509 ardorem
1848 5454 1902 5510 in

3533 311 3633 365 102

2035 425 2189 478 nobis
2215 435 2536 491 conservet,
2568 435 2618 479 et
2646 425 2872 478 duorum
2903 423 2992 476 fiat
3023 423 3245 476 alterum
3272 463 3287 489 ,
3316 423 3397 475 vel
3439 437 3624 476 recoxi-

2031 513 2194 567 ciliati
2234 514 2536 582 pejvremus
2561 554 2576 579 ,
2632 517 2713 567 vel
2763 529 2868 567 non
2916 512 3283 576 reconciliati,
3319 511 3427 566 odii
3462 514 3632 582 culpm

2039 614 2248 657 nosmet
2279 618 2401 657 reos
2426 604 2836 658 constituamus.

2103 695 2157 748 4.
2203 693 2418 749 Moralis
2465 695 2750 748 exhortatio
2793 694 2864 746 ad
2903 694 3208 763 'juramenta
3273 691 3510 747 uitanda.
3561 721 3628 733 -ο

2038 788 2163 840 ﬂmc
2211 788 2370 855 igitur
2420 788 2690 850 scientes,
2739 786 3042 856 juramenta
3092 785 3355 854 fugiamus
3395 793 3449 839 et
3500 785 3663 838 assi-'

2035 876 2138 931 duc
2186 877 2474 930 meditetur
2516 893 2577 931 os
2623 887 2862 930 nostrum
2919 876 3137 938 dicere,
3185 873 3388 928 Crede:
3433 882 3490 927 et
3533 873 3634 925 hoc

2027 968 2130 1021 orit
2203 967 2359 1021 nobis
2426 969 2588 1022 totius
2656 967 2870 1036 pietatis
2952 975 3344 1035 argumentum.
3429 963 3629 1033 Lingua

2029 1059 2172 1112 enim
2220 1060 2440 1113 verbum
2501 1060 2600 1112 hoc
2646 1060 2853 1112 unum‘
2901 1058 3093 1112 dicere
3125 1058 3301 1123 docta,
3347 1055 3631 1110 confundi—

2028 1158 2114 1204 tur
2170 1159 2226 1205 et
2289 1150 2563 1205 erubescit
2613 1152 2785 1220 turpia
2859 1160 2912 1205 et
2979 1147 3208 1204 absurda
3280 1148 3442 1221 verba
3506 1162 3630 1216 pro~

2030 1242 2168 1297 ferre
2200 1261 2212 1295 :
2243 1252 2297 1296 ct
2322 1244 2364 1296 si
2395 1259 2605 1297 rursum
2633 1259 2661 1295 a
2688 1242 3077 1297 consuetudine
3114 1242 3421 1296 retrahatur
3451 1281 3465 1301 ,
3495 1240 3627 1294 mul-

2031 1339 2113 1384 tos
2158 1331 2358 1386 habens
2399 1341 2739 1399 accusatores
2780 1332 3120 1398 corripietur.
3161 1335 3292 1384 Cum
3324 1333 3467 1385 enim
3507 1330 3628 1400 quis

2031 1421 2423 1490 nonjurantem
2455 1426 2625 1492 turpia
2671 1423 2867 1495 viderit
2893 1422 3056 1476 verba
3099 1422 3456 1490 proferentem
3487 1462 3501 1485 ,
3553 1420 3632 1473 in-

2031 1511 2250 1565 sultabit
2283 1512 2436 1567 facile
2462 1555 2476 1577 ,
2506 1514 2771 1568 deridebit
2801 1555 2816 1578 ,
2861 1523 2914 1567 et
2950 1528 3177 1582 carpens
3221 1513 3364 1567 dicet
3395 1531 3408 1567 :
3439 1514 3515 1567 Tu
3542 1513 3630 1582 qui

2028 1602 2082 1656 in
2113 1604 2366 1657 omnibus
2390 1606 2522 1658 dicis
2552 1646 2566 1670 ,
2597 1603 2757 1659 Crede
2777 1647 2791 1672 ,
2830 1606 3192 1673 juramentum
3239 1602 3478 1672 proferre
3524 1619 3631 1656 non

2028 1693 2231 1747 audens
2256 1736 2270 1755 ,
2306 1696 2577 1764 quomodo
2623 1698 2867 1765 turpibus
2907 1697 3137 1764 linguam
3186 1705 3328 1750 tuam
3371 1697 3634 1749 sermoni-

2029 1784 2128 1838 bus
2158 1788 2536 1841 contaminas?
2567 1789 2745 1856 lt-ique
2770 1798 2822 1840 ct
2865 1789 3014 1842 inviti
3047 1803 3074 1839 a
3104 1786 3458 1856 prmsentibus
3485 1803 3635 1841 com-

2029 1877 2162 1945 pulsi
2190 1919 2203 1943 ,
2238 1879 2303 1931 ad
2337 1881 2583 1948 pietatem
2609 1881 2920 1934 redibimus.
2948 1879 3085 1946 Quid
3129 1880 3289 1948 igitur
3331 1880 3374 1932 si
3413 1878 3628 1947 jurandi

2034 1969 2328 2023 necessitas
2350 1970 2465 2024 sit?
2494 1972 2665 2040 inquit
2693 1971 2900 2039 aliquis.
2933 1972 3026 2025 Ubi
3053 1979 3133 2025 est
3162 1971 3290 2040 legis
3319 1970 3633 2039 praevarica-

2035 2059 2107 2110 tio
2137 2100 2151 2125 ,
2175 2074 2282 2113 non
2314 2069 2394 2114 est
2422 2064 2735 2115 necessitas.
2770 2061 2836 2114 Et
2868 2061 3122 2130 possibile
3151 2071 3232 2115 est
3263 2061 3473 2128 penitus
3501 2101 3516 2124 ,
3547 2061 3631 2114 in-

2033 2151 2187 2218 quit,
2218 2166 2322 2204 non
2344 2152 2525 2221 jurare
2549 2152 2571 2204 ?
2597 2153 2734 2219 Quid
2777 2153 2897 2206 ais?
2947 2153 3086 2206 Dens
3130 2152 3330 2223 jussit,
3381 2164 3434 2205 et
3468 2151 3632 2206 audes

2033 2236 2408 2310 interrogare,
2488 2257 2552 2295 an
2619 2242 2791 2313 legem
2856 2242 3127 2296 custodire
3193 2243 3260 2295 sit
3327 2241 3631 2311 possibile?

2036 2331 2149 2384 lino
2205 2332 2534 2401 impossibile
2582 2350 2686 2386 non
2736 2333 3047 2399 custodire,
3101 2343 3155 2388 et
3205 2333 3306 2386 hoc
3359 2347 3452 2402 per
3493 2346 3635 2400 pra:-

2031 2425 2202 2477 sentia
2252 2423 2403 2478 vobis
2456 2425 2782 2494 persuadere
2849 2426 2972 2479 volo
3031 2424 3174 2495 quod
3247 2438 3351 2477 non
3433 2423 3635 2492 impos-

2032 2514 2189 2568 sibile
2235 2515 2305 2569 sit
2354 2531 2460 2569 non
2502 2516 2725 2584 jurare,
2779 2516 2870 2571 sed
2917 2516 3120 2584 jurare.
3154 2515 3290 2570 Ecce
3323 2515 3466 2568 enim
3493 2513 3633 2583 jussi

2027 2614 2151 2658 sunt
2181 2604 2369 2660 urbem
2403 2606 2722 2670 habitantes,
2750 2606 2890 2678 quod
2919 2607 3204 2661 multorum
3228 2607 3369 2661 vires
3391 2606 3627 2661 excede-

2027 2709 2087 2748 rc
2115 2694 2346 2757 videtur.
2373 2712 2562 2752 aurum
2589 2712 2832 2768 erogare,
2861 2710 2914 2754 et
2957 2697 3129 2767 major
3152 2713 3277 2767 pars
3294 2683 3413 2766 jam.
3432 2696 3628 2753 collata

2027 2795 2134 2852 est,
2162 2797 2324 2858 atque
2372 2801 2655 2846 exactores
2703 2790 2892 2846 audire
2948 2792 3109 2856 licet,
3163 2790 3450 2846 dicentes:
3493 2791 3634 2858 Quid

2025 2880 2210 2935 tardas
2236 2880 2434 2937 homo?
2463 2883 2588 2952 quid
2629 2898 2759 2938 vero
2789 2899 2888 2938 nos
2922 2883 2989 2938 de
3018 2883 3106 2938 die
3133 2884 3184 2938 in
3219 2883 3361 2940 diem
3407 2882 3632 2939 differs?

2031 2958 2307 3028 tion'enim
2335 2974 2568 3044 effugere
2601 2984 2796 3045 potes:
2827 2975 2912 3031 lex
2965 2975 3308 3045 Imperatoris
3361 2985 3461 3039 est,
3508 2991 3630 3045 qua:

2029 3077 2235 3118 moram
2273 3079 2380 3119 non
2435 3067 2654 3135 patitur.
2695 3066 2832 3135 Quid
2877 3082 3058 3136 quaeso
3112 3067 3285 3122 dicis?
3335 3067 3631 3138 Imperator

2021 3153 2186 3221 jussit
2204 3155 2460 3224 pecunias
2490 3156 2684 3224 pendi,
2703 3164 2755 3212 et
2779 3167 2836 3211 ut
2865 3173 2972 3211 non
3004 3156 3227 3226 pendas,
3260 3158 3371 3224 fieri
3392 3173 3497 3212 non
3528 3173 3629 3228 po-

2025 3251 2163 3309 test;
2197 3244 2339 3299 Deus
2385 3244 2687 3314 iuramenta
2747 3245 2930 3316 fugere
2964 3248 3144 3317 jussit,
3200 3255 3256 3302 et
3298 3247 3454 3314 dicis,
3506 3248 3623 3304 Non

2025 3349 2308 3403 possumus
2335 3337 2521 3407 fugere
2543 3338 2890 3406 juramenta?
2917 3338 3110 3393 Sextus
3142 3338 3230 3393 hic
3257 3338 3370 3394 dies
3388 3341 3629 3410 estquod

2027 3421 2096 3479 de
2123 3423 2225 3480 hoc
2245 3441 2340 3480 vos
2371 3437 2640 3498 praecepto
2661 3427 2927 3482 admoneo
2959 3444 2972 3479 :
3011 3428 3063 3482 in
3086 3427 3320 3484 futurum
3350 3428 3627 3484 vobiscum

2027 3515 2223 3583 pacisci
2262 3517 2406 3581 volo,
2442 3527 2712 3588 tamquam
2740 3518 3040 3584 desistens,
3097 3529 3155 3574 ut
3206 3521 3466 3575 caveatis.
3509 3519 3628 3575 Nor.

2021 3605 2248 3674 amplius
2269 3606 2421 3662 vobis
2439 3607 2540 3662 erit
2562 3609 2836 3662 excusatio
2853 3623 3026 3678 neque
3047 3608 3220 3675 venia,
3246 3610 3480 3664 maxime
3504 3625 3626 3665 cum

2022 3694 2231 3750 etiamsi
2253 3712 2281 3748 a
2311 3697 2465 3752 nobis
2480 3697 2679 3752 dictum
2701 3697 2887 3753 fuisset
2913 3699 3041 3753 nihil
3069 3741 3084 3765 ,
3113 3714 3142 3754 a
3174 3699 3329 3756 vobis
3356 3701 3486 3769 ipsis
3518 3701 3625 3758 hoc

2026 3787 2220 3856 corrigi
2270 3787 2515 3844 debuerit
2559 3805 2704 3844 :nec
2753 3791 2894 3844 enim
2940 3790 3143 3845 varium
3198 3798 3301 3856 est,
3355 3803 3407 3848 et
3460 3795 3626 3849 multa

2023 3877 2418 3945 praeparatione
2447 3878 2708 3949 indigens.
2757 3879 2890 3934 Cum
2940 3895 3070 3935 vero
3096 3890 3298 3936 tantum
3328 3883 3445 3938 suis
3487 3887 3626 3944 nacti

2022 3963 2404 4025 admonitionis
2423 3977 2478 4027 et
2503 3969 2734 4040 eonsiiii,
2762 3991 2921 4044 quam
2941 3970 3204 4030 habebitis
3222 3980 3625 4034 excusationem

2021 4059 2278 4124 accusati,
2307 4077 2402 4127 pro
2423 4063 2675 4117 tribunali
2698 4064 2970 4118 constituti
2991 4066 3290 4130 tremendo,
3308 4082 3428 4122 cum
3448 4083 3622 4138 pennae

2023 4150 2477 4215 praavaricationis
2531 4153 2691 4223 hujus
2747 4169 2774 4206 a
2825 4154 2976 4211 vobis
3029 4157 3310 4226 exigentur
3343 4159 3366 4213 i
3404 4159 3615 4216 Nullam

2021 4236 2214 4293 all‘erre
2258 4239 2437 4294 licebit
2482 4244 2885 4299 excusationem
2915 4286 2930 4304 .
2973 4246 3068 4301 sed
3121 4262 3344 4303 necesse
3392 4249 3496 4303 erit
3538 4253 3622 4306 vel

2020 4330 2334 4386 emendatos
2361 4332 2529 4399 abire,
2565 4336 2650 4389 vel
2680 4351 2786 4390 non
2814 4337 3128 4394 emendatos
3145 4339 3341 4411 puniri,
3359 4350 3413 4395 et
3439 4352 3622 4398 extrc~

2020 4436 2166 4475 mum
2211 4422 2392 4478 subire
2437 4425 2777 4494 supplicium.
2818 4426 2945 4484 Haec
2977 4428 3134 4499 igitur
3160 4432 3337 4485 omnia
3382 4432 3623 4503 cogitan-

2019 4518 2102 4567 tes
2126 4514 2169 4579 ’,
2201 4528 2321 4568 cum
2347 4517 2508 4571 multa
2537 4517 2660 4572 hinc
2695 4533 2820 4574 cura
2844 4521 3102 4591 digressi,
3144 4538 3263 4594 quae
3316 4533 3395 4580 tot
3431 4525 3621 4585 diebus

2018 4601 2157 4658 dicta
2179 4615 2305 4660 sunt
2329 4608 2476 4662 omni
2497 4611 2738 4665 custodia
2771 4612 2837 4666 in.
2862 4621 3045 4669 mente
3076 4622 3251 4670 vestra
3293 4631 3621 4683 conservare

2020 4695 2161 4751 inter
2185 4712 2281 4753 vos
2309 4700 2670 4757 exhortamini
2701 4720 2714 4756 :
2746 4719 2853 4774 quo
2895 4705 2979 4762 vel
3018 4707 3175 4762 nobis
3205 4711 3507 4767 tacentibus
3534 4714 3619 4767 al-

2019 4796 2103 4845 ter
2126 4791 2353 4847 alterum
2381 4793 2637 4850 docentes
2655 4837 2669 4861 ,
2702 4796 3050 4865 aedificantes,
3081 4799 3427 4858 exhortantes
3447 4845 3462 4870 ,
3481 4805 3622 4859 mul-

2020 4886 2131 4935 tum
2158 4881 2538 4940 demonstretis
2567 4886 2884 4956 profectum,
2915 4899 2971 4945 et
2998 4904 3187 4946 omnes
3213 4893 3448 4964 reliquas
3473 4895 3620 4967 leges

2016 4973 2323 5048 implentes,
2359 4981 2578 5036 aeternis
2623 4979 2872 5037 fruamini
2913 4985 3319 5056 coroniszquas
3345 4989 3624 5060 contingat

2019 5085 2118 5126 nos
2149 5087 2339 5127 omnes
2365 5075 2597 5144 assequi,
2629 5077 2798 5147 gratia
2821 5083 2878 5132 et
2899 5076 3227 5148 benignitate
3280 5079 3491 5136 Domini
3520 5098 3622 5138 no-

2015 5162 2116 5216 stri
2139 5158 2266 5218 Jesu
2291 5164 2512 5233 Christi,
2556 5182 2653 5237 per
2680 5183 2840 5239 quem
2869 5178 2924 5224 et
2962 5183 3085 5223 cum
3120 5184 3227 5241 quo
3267 5168 3411 5226 Patri
3446 5171 3617 5243 gloria

2020 5253 2284 5326 simulque
2301 5268 2487 5312 sancto
2501 5257 2740 5329 Spiritui,
2763 5260 2816 5314 in
2851 5261 3044 5316 smcula
3067 5261 3601 5321 smculorum.Ameii

2078 5407 2098 5474 ξ
2123 5413 2241 5474 vox,
2265 5421 2419 5474 unum
2433 5409 2577 5474 deest
2601 5411 2648 5458 in
2666 5411 2954 5474 quibusdam
2977 5419 3084 5464 Has.

2077 5466 2098 5500 ι
2122 5468 2208 5518 Alii
2228 5482 2241 5520 :
2267 5478 2384 5521 Haec
2402 5470 2549 5535 igitur
2570 5466 2731 5524 omnes
2753 5474 3028 5538 cogitantes.
