4232 6320
668 356 765 416 ιω
1438 352 1497 407 S.
1536 345 1814 408 JOANNIS
1837 345 2308 405 CHRYSOSTOMI
2347 349 2665 409 ARCHIEP.
2704 348 3240 409 CONSTA‘NTINOP.
3843 356 3951 415 1οι

676 489 793 506 ε...

796 484 3950 511 W

662 578 730 619 LA
752 578 992 624 CDATIO
1034 579 1253 624 Εοιιωι
1294 578 1403 632 QUI
1444 578 1720 623 JURANDI
1761 556 2296 622 CONSUETUDINEM
2339 576 2790 620 DEPOSUERANT
2821 579 2837 618 τ
2870 577 2950 620 ΒΤ
2991 576 3164 629 QUOD
3206 577 3382 621 NEHO
3450 577 3949 623 δυνιςιιετιτῐοκυ

750 678 986 722 TINBBI
1028 679 1258 733 DEBET,
1301 678 1384 729 NB
1425 676 1581 721 POST
1622 675 2066 719 IBFECTIONEM
2109 673 2360 717 DIVINOS
2402 673 2467 716 IN
2511 674 2804 718 ECCLESIA
2846 675 3175 718 SERIONES
3215 677 3457 720 AUDIAT
3486 680 3502 719 2
3536 678 3747 731 ρυΔΒις
3792 681 3940 725 POS'I

749 775 1021 823 nomon
1062 778 1310 823 TEIPDS
1354 776 1593 821 omne;
1634 774 1795 819 sum
1840 774 2137 818 rubrm
2180 772 2546 816 somnum:
2577 775 2593 815 :
2630 774 2710 816 ar
2753 774 2817 816 IN
2862 773 3071 829 ILLUD,
3104 773 3263 818 ccam
3293 775 3632 827 emanant
3659 778 3945 822 emtum

750 877 860 922 unt
891 858 1111 940 (Paul.
1158 857 1257 926 18.
1299 857 1381 937 2)
1415 874 1665 918 :umvm
1694 871 2041 918 annuus
2069 867 2440 913 DESCRIP'HO
2473 871 2488 911 :
2523 870 2605 913 er
2634 870 2699 914 IN
2743 872 2915 928 rtus,
2961 873 3044 915 ut:
3085 872 3212 917 non
3253 872 3571 917 JUBANDO.

2069 997 2484 1065 mm

1293 1150 1509 1192 ιιοΙιιιΑ
1548 1152 1621 1191 IX.

738 1255 789 1310 1.
830 1252 900 1309 Et
926 1267 1096 1323 nuper
1123 1250 1189 1307 ad
1217 1264 1315 1306 vos
1338 1291 1353 1315 ,
1382 1261 1437 1307 et
1475 1264 1616 1305 nunc
1644 1248 1712 1305 ad
1753 1265 1849 1305 vos
1873 1249 2033 1308 verba
2058 1249 2194 1305 facio
2227 1266 2241 1302 :

663 1347 865 1402 utinam
898 1358 1027 1399 vero
1058 1351 1113 1398 et
1144 1357 1360 1412 semper
1379 1341 1682 1408 vobiscum,
1714 1340 1821 1395 imo
1841 1342 2016 1411 potius
2033 1356 2246 1410 semper

663 1436 940 1491 vobiscum
963 1474 980 1502 ,
1008 1434 1110 1490 etsi
1141 1447 1244 1487 non
1271 1430 1511 1500 corporis
1541 1432 1820 1501 praesentia
1838 1431 2052 1496 ,saltem
2067 1430 2244 1484 chari-

662 1531 786 1581 tatis
811 1526 864 1581 vi
897 1543 910 1579 :
938 1540 1037 1581 nec
1062 1523 1202 1579 enim
1234 1523 1360 1577 milii
1389 1530 1474 1575 est
1508 1522 1610 1575 alia
1643 1523 1749 1577 vita
1772 1563 1787 1588 ,
1820 1521 1922 1575 nisi
1952 1536 2046 1575 vos
2072 1529 2129 1576 et
2161 1535 2245 1574 sa-

667 1617 792 1670 lutis
820 1627 1008 1671 vestrm
1028 1630 1172 1671 cura.
1201 1613 1352 1670 Sicut
1372 1614 1511 1669 enim
1533 1614 1756 1669 colonus
1777 1613 1906 1667 nihil
1928 1614 2067 1669 aliud
2092 1622 2245 1668 curat

666 1717 862 1777 praeter
887 1706 1087 1760 semina
1113 1713 1168 1759 et
1200 1713 1407 1774 segetes
1430 1742 1445 1767 ,
1477 1713 1531 1757 et
1557 1712 1712 1757 nauta
1745 1704 1912 1757 undas
1936 1714 1987 1758 et
2016 1712 2199 1772 portus
2226 1720 2240 1758 :

663 1798 743 1853 sic
765 1809 819 1852 et
852 1798 938 1866 qui
968 1795 1221 1866 loquitur,
1250 1794 1520 1849 auditores
1546 1806 1715 1859 curat,
1744 1802 1799 1848 et
1824 1794 2033 1849 illorum
2063 1794 2241 1864 profe-

661 1898 826 1954 ctum,
849 1888 985 1942 sicut
1008 1896 1063 1942 et
1086 1901 1185 1957 ego
1211 1900 1353 1942 nunc
1373 1888 1414 1939 ί.
1436 1885 1560 1941 ideo
1581 1894 1637 1941 et
1656 1902 1844 1942 omnes
1868 1903 1964 1943 vos
1986 1888 2038 1942 in
2066 1898 2242 1943 mente

662 1992 777 2033 mea
804 1975 1151 2044 circumfero,
1182 1992 1281 2033 nec
1306 1993 1433 2033 vero
1461 1977 1547 2034 hic
1588 1986 1787 2032 tantum
1811 2020 1826 2046 ,
1857 1980 1951 2035 sed
1993 1990 2047 2035 et
2075 1981 2236 2035 domi.

660 2068 773 2123 Etsi
803 2068 944 2123 enim
982 2067 1178 2123 multus
1216 2078 1299 2123 est
1336 2070 1587 2138 populus,
1615 2078 1669 2125 et
1707 2069 1885 2126 brevis
1918 2072 2095 2128 cordis
2134 2075 2238 2128 mei

661 2173 930 2222 mensura,
953 2159 1048 2213 sed
1069 2160 1170 2213 lata
1192 2160 1607 2227 estcharitas,et
1624 2160 1741 2220 Non
1754 2164 1806 2217 in
1824 2161 1965 2217 nobis
1981 2165 2240 2234 angustia—

659 2252 783 2304 mim'
809 2251 886 2323 (Ξ.
914 2249 1031 2306 Car.
1060 2251 1115 2307 ϐ.
1146 2251 1233 2322 12)
1259 2270 1271 2306 :
1296 2254 1569 2323 sequentia
1600 2269 1725 2308 vero
1751 2269 1856 2308 non
1882 2254 2106 2321 addam;
2141 2273 2236 2311 ne-

661 2354 765 2410 que
794 2340 935 2395 enim
973 2354 1071 2394 nos
1100 2340 1238 2410 apud
1269 2356 1361 2395 vos
1389 2343 1773 2411 augustiamur.
1816 2342 1965 2398 Unde
1994 2345 2093 2399 hoc
2121 2360 2237 2401 ma-

658 2432 942 2487 nifestum?
967 2432 1097 2487 Novi
1125 2432 1320 2488 multos
1348 2434 1661 2501 referentes,
1689 2435 1989 2490 Mandatum
2013 2436 2239 2494 fecimus

657 2521 800 2591 leges
828 2522 1091 2576 nobismet
1115 2531 1372 2591 ponentes
1401 2525 1442 2587 ',
1472 2534 1523 2578 et
1548 2524 1853 2593 jurantibus
1882 2541 2069 2596 pmnas
2098 2528 2232 2583 deti—

656 2613 883 2679 nientes,
902 2622 957 2668 et
976 2614 1143 2682 legem
1169 2615 1671 2685 transgredientibus
1690 2631 1898 2687 ponam
1919 2618 2228 2687 inferentes,

653 2718 865 2772 ptenam
897 2704 1045 2758 vobis
1081 2718 1389 2774 congruam,
1426 2705 1564 2774 quod
1598 2716 1683 2761 est
1706 2710 2232 2768 ιιιτιιὶιηειιίιιιειτὶιειιίε

610 2853 613 2863 η
657 2792 927 2847 indicium.
951 2792 1066 2847 Non
1088 2794 1227 2848 enim
1249 2810 1334 2848 mc
1354 2794 1518 2865 pudet
1539 2797 1662 2851 talia
1685 2806 1959 2869 satagere:
1982 2803 2231 2871 quoniam

655 2883 707 2936 in
735 2885 835 2938 hoc
859 2883 1176 2938 curiositatis
1204 2884 1332 2938 nihil
1371 2896 1451 2939 est
1474 2926 1489 2949 .
1520 2886 1614 2942 sed
1638 2890 1981 2957 providentia!
2011 2893 2125 2948 h:cc
2149 2902 2234 2949 est

651 2971 967 3027 sollicitudo.
997 2973 1053 3029 Si
1084 2975 1225 3029 enim
1269 2974 1478 3031 medico
1516 2993 1620 3030 non
1662 2989 1745 3033 est
1781 2982 2121 3050 opprobrium
2163 2984 2231 3040 de

649 3073 849 3133 a‘groto
869 3064 1146 3129 sciscitari,
1171 3080 1343 3133 neque
1364 3068 1727 3123 nobiscrimen
1742 3070 1806 3123 de
1825 3082 1998 3126 vestra
2019 3088 2230 3146 semper

650 3155 917 3225 inquirere
947 3158 1136 3212 salute.
1181 3157 1270 3213 Sic
1295 3159 1437 3214 enim
1466 3160 1649 3215 moniti
1678 3162 1803 3232 qu‘d
1832 3163 1984 3218 vobis
2013 3166 2223 3234 quidem

644 3245 947 3315 expeditum
976 3249 1059 3311 sit,
1086 3247 1207 3316 quid
1235 3262 1361 3303 vero
1383 3249 1644 3316 relictum,
1667 3266 1895 3323 congrua
1922 3269 2041 3309 cum
2064 3257 2224 3311 disci-

646 3335 786 3407 plina
816 3337 1015 3407 reliqua
1042 3336 1324 3393 al'fercmus
1353 3340 1608 3394 remedia.

715 3425 983 3481 Auditores
1009 3444 1040 3479 a
1060 3429 1365 3498 juramentis
1392 3430 1489 3482 cito
1517 3431 1785 3486 emendati.
1811 3462 1881 3473 —
1912 3434 2036 3491 Htrc
2064 3436 2223 3507 igitur

642 3516 855 3572 curiose
879 3518 1093 3571 scrutati
1123 3520 1463 3589 cognovimus
1490 3562 1505 3585 ,
1533 3533 1586 3576 et
1624 3523 1728 3578 Deo
1753 3526 1951 3594 gratias
1976 3529 2181 3597 egimus
2201 3569 2217 3595 ,

640 3608 780 3676 quod
806 3622 910 3662 nou
940 3608 993 3663 in
1026 3610 1186 3678 petris
1210 3610 1586 3667 seminavimus
1610 3653 1625 3677 ,
1656 3629 1755 3669 nec
1784 3615 1833 3668 in
1858 3616 2037 3686 spinas
2067 3620 2214 3673 misi-

642 3714 760 3752 mus
786 3701 1007 3766 semina,
1032 3716 1201 3770 neque
1228 3702 1393 3757 multo
1420 3712 1659 3775 tempore
1681 3708 1945 3778 multaque
1966 3710 2217 3768 dilatione

640 3786 957 3858 indiguimus
983 3830 997 3855 ,
1035 3799 1090 3843 ut
1120 3800 1323 3861 segetes
1350 3803 1689 3849 meteremus.
1729 3797 2010 3866 PrOptcrea
2039 3818 2129 3855 vos
2161 3804 2211 3857 in

637 3880 797 3933 corde
823 3894 942 3934 meo
961 3880 1175 3936 assidue
1198 3898 1346 3951 gero,
1370 3894 1643 3953 pmptcrea
1671 3901 1775 3940 non
1800 3889 1970 3942 sentio
1990 3890 2212 3946 duteudi

635 3966 867 4022 laborem
887 4008 904 4035 ,
935 3969 1231 4024 auditorum
1259 3972 1407 4026 lucro
1434 3973 1717 4029 revelatus.
1752 3976 1875 4033 "tl'c
1901 3979 2039 4033 enim
2068 3997 2210 4037 mer-

632 4070 723 4111 ces
759 4071 858 4111 nos
885 4072 1132 4126 reparare
1164 4069 1336 4128 potest
1366 4070 1420 4117 et
1457 4064 1692 4119 relevare
1716 4075 1770 4120 et
1797 4067 1998 4124 alacres
2028 4085 2208 4139 p'om-

632 4158 853 4218 ptosque
880 4149 1051 4203 facere
1073 4149 1137 4204 ad
1164 4166 1373 4205 onmem
1400 4169 1495 4221 pro
1516 4156 1664 4210 Vobis
1687 4156 1922 4213 laborem
1944 4163 2212 4215 sustinen-

630 4240 779 4293 dum.
827 4240 1087 4305 Quoniam
1137 4241 1293 4312 igitur
1337 4246 1499 4298 multa
1539 4261 1631 4300 vos
1666 4250 1800 4318 grati
1847 4252 2010 4307 animi
2058 4254 2204 4324 signa

630 4330 868 4395 dedistis,
902 4348 997 4400 age
1018 4332 1125 4399 jam
1155 4341 1208 4386 et
1234 4348 1329 4387 nos
1356 4334 1589 4390 debitum
1614 4352 1911 4408 erogemus,
1940 4346 2079 4413 quod
2110 4363 2206 4399 uu-

629 4437 726 4490 per
758 4422 1170 4488 promiserantus
1208 4441 1221 4477 :
1256 4424 1378 4479 licet
1408 4442 1515 4483 non
1542 4429 1744 4483 videam
1775 4442 2062 4500 prasentes
2084 4453 2204 4493 esse

627 4512 746 4565 illos
760 4527 965 4577 onmes,
982 4513 1091 4583 qui,
1108 4530 1228 4568 cum
1248 4516 1651 4584 promissionem
1671 4518 1789 4584 feci,
1809 4522 1910 4578 huc
1925 4538 2198 4581 venerant.

624 4602 753 4669 Quze
782 4603 991 4657 tandem
1017 4604 1193 4675 itaque
1217 4622 1373 4661 causa
1392 4608 1414 4663 i
1434 4610 1556 4678 quid
1584 4610 1725 4681 ipsos
1750 4630 1776 4665 a
1806 4625 1982 4671 nostra
2011 4622 2201 4689 repulit

624 4695 844 4749 mensa?
873 4695 972 4760 Qui
1002 4698 1331 4767 corporalem
1361 4701 1531 4770 attigit
1560 4718 1798 4759 mensam
1830 4746 1845 4770 ,
1880 4717 1936 4761 ut
1960 4710 2199 4781 videtur,

623 4788 893 4857 indignum
918 4803 1039 4844 esse
1068 4794 1288 4859 putavit,
1316 4803 1435 4862 post
1462 4797 1700 4865 corporis
1723 4800 2102 4857 nutrimentum
2130 4807 2195 4859 ad

620 4880 919 4935 divinorum
957 4882 1280 4938 auditionem
1321 4885 1648 4954 eloquiorum
1690 4892 1891 4946 venire.
1940 4893 2043 4948 Sed
2094 4911 2196 4950 non

620 4984 765 5026 recte
787 4973 837 5026 in
858 4972 959 5027 hoc
988 4974 1221 5028 sentiunt
1245 4993 1257 5028 :
1284 4992 1456 5045 neque
1476 4980 1637 5044 enim,
1660 4981 1703 5034 si
1726 4980 1830 5035 hoc
1849 4993 1987 5037 esset
2011 4984 2200 5039 absur-

618 5064 765 5130 dum,
789 5066 981 5119 multos
1008 5075 1062 5120 et
1085 5067 1271 5137 longos
1297 5056 1642 5138 impendisset
1663 5088 1935 5131 sermones
1957 5078 2197 5134 Chrisms

617 5163 737 5213 post
778 5154 918 5208 illam
958 5156 1233 5227 mysticam
1280 5174 1486 5214 orenam
1519 5179 1530 5211 :
1563 5148 1667 5216 non
1706 5166 1887 5235 utique
1912 5168 1957 5221 si
1988 5167 2090 5223 hoc
2118 5170 2197 5223 in-

617 5260 904 5315 congruum
934 5256 1099 5311 esset,
1130 5250 1323 5305 refecta
1354 5253 1549 5321 smpius
1578 5255 1629 5309 in
1659 5258 1872 5311 deserto
1903 5261 2196 5316 multitudi-

618 5352 682 5388 ne
701 5336 859 5390 etiam
882 5351 1157 5391 sermones
1179 5339 1305 5406 ipsis
1327 5351 1445 5409 post
1469 5358 1704 5399 mensam
1727 5348 2189 5407 communicasset.

614 5426 667 5480 Si
690 5427 828 5481 cnim
853 5428 929 5483 fas
953 5429 1248 5501 estaliquid
1271 5433 1426 5486 etiam
1452 5446 1641 5503 prteter
1661 5437 1962 5508 opinionem
1986 5442 2188 5513 dicere,

613 5524 738 5573 tunc
776 5519 1008 5587 profecto
1046 5521 1382 5577 utilissimum
1422 5535 1504 5580 est
1540 5526 1732 5584 divinis
1760 5529 1987 5602 eloquiis
2029 5548 2187 5590 aures

674 5652 690 5730 ἶ
725 5648 913 5730 ﬂii?!“
932 5660 1039 5730 λίθε-
1066 5668 1080 5705 ²
1100 5656 1229 5708 δίεπε
1240 5656 1472 5730 igitur.“
1491 5674 1594 5723 ego.

669 5715 691 5745 ι
722 5713 918 5773 quidam
943 5730 956 5765 :
985 5727 1147 5783 tegam
1169 5713 1305 5771 nobis
1326 5713 1789 5783 t'nvt'cctti'pomaztcs.

2359 1135 2781 1193 accommodare.
2810 1134 2941 1192 Cum
2961 1134 3103 1190 enim
3130 1135 3221 1191 tibi
3243 1134 3592 1205 persuaseris,
3624 1145 3742 1207 post
3763 1134 3943 1191 cibum

2351 1240 2406 1285 et
2433 1239 2616 1298 potum
2643 1236 2699 1283 et
2724 1228 2790 1281 ad
2817 1228 3059 1299 synaxim
3086 1227 3369 1281 convenire
3396 1242 3614 1282 necesse
3640 1242 3789 1293 esse,
3817 1242 3942 1281 om»

2352 1320 2477 1375 nino
2516 1321 2598 1375 vel
2630 1319 2824 1374 invitus
2860 1318 3079 1372 multam
3117 1332 3272 1388 geres
3301 1317 3605 1372 sobrietatis
3631 1332 3814 1372 curam
3836 1360 3852 1384 ,
3886 1325 3947 1371 et

2353 1429 2527 1484 neque
2557 1415 2608 1468 in
2638 1412 2949 1467 ebrietatem
2975 1426 3151 1482 neque
3178 1413 3232 1465 iu
3264 1409 3534 1479 crapulam
3566 1425 3814 1479 umquam
3841 1410 3943 1464 de-

2350 1504 2602 1559 duceris:
2630 1518 2756 1558 cura
2797 1502 2939 1557 enim
2983 1510 3039 1556 et
3078 1501 3403 1570 exspectatio
3442 1500 3496 1555 in
3536 1500 3762 1555 ecclesia
3806 1514 3941 1554 con-

2352 1597 2598 1653 veniendi
2631 1611 2750 1651 cum
2786 1594 3007 1650 honesta
3048 1608 3296 1649 mensura
3336 1594 3513 1651 cibum
3540 1601 3594 1647 et
3621 1602 3803 1661 potum
3843 1606 3940 1645 su-

2350 1707 2499 1746 mere
2535 1690 2722 1755 docet,
2766 1703 2834 1743 ne
2876 1688 3146 1758 ingressus
3184 1697 3239 1741 et
3281 1684 3535 1741 fratribus
3571 1684 3894 1740 commixtus
3920 1724 3940 1750 ,

2350 1792 2532 1852 postea
2564 1782 2744 1834 vinum
2782 1779 3069 1845 redolens,
3110 1789 3166 1833 et
3202 1778 3518 1833 immodeste
3555 1785 3838 1842 eructans,
3868 1774 3943 1829 ab

2346 1872 2595 1926 omnibus
2621 1870 2970 1939 praesentibus
2990 1867 3306 1924 deridearis.
3337 1867 3463 1922 Hmc
3487 1882 3590 1920 non
3620 1866 3770 1919 vobis
3797 1879 3942 1919 nunc

2351 1961 2734 2031 praesentibus,
2766 1959 2858 2015 sed
2890 1960 2956 2014 iis
2984 1960 3073 2027 qui
3097 1958 3294 2013 absunt
3318 1956 3468 2024 dico,
3497 1966 3554 2009 ut
3578 1954 3693 2009 haec
3723 1969 3818 2023 per
3842 1969 3941 2009 vos

2344 2052 2574 2107 discant.
2618 2050 2735 2105 Non
2780 2052 2923 2106 enim
2976 2049 3259 2105 comedere
3301 2047 3551 2103 audiendi
3596 2047 3935 2101 obstaculqu

2345 2142 2570 2213 praebet,
2598 2142 2690 2196 sed
2719 2150 2964 2211 torpere;
2997 2152 3051 2195 tu
3083 2155 3211 2196 vero
3234 2141 3436 2195 crimen
3463 2154 3582 2194 esse
3607 2148 3796 2208 putatis
3826 2154 3936 2193 non

2338 2235 2603 2304 jejunare,
2625 2236 2675 2289 in
2698 2234 2839 2288 aliud
2863 2232 3091 2287 incurris
3110 2233 3336 2297 crimen,
3361 2231 3526 2285 multo
3548 2230 3719 2300 majus
3740 2240 3792 2283 et
3812 2245 3937 2299 gra-

2342 2326 2479 2393 vius,
2505 2327 2645 2397 quod
2666 2341 2833 2380 sacrm
2855 2325 3011 2395 hujus
3031 2338 3230 2379 mensae
3249 2340 3355 2377 non
3379 2323 3641 2392 particeps
3660 2320 3932 2386 efficiaris,

2341 2426 2395 2473 et
2419 2416 2561 2487 quod
2590 2431 2785 2486 corpus
2812 2426 2956 2469 tuum
2988 2414 3159 2478 alens,
3192 2417 3422 2467 animam
3450 2411 3587 2466 fame
3611 2425 3933 2465 consumas:

2340 2517 2396 2565 et
2442 2522 2598 2578 quam
2646 2508 3047 2562 excusationem
3096 2505 3353 2560 habebis?
3401 2504 3456 2558 lu
3493 2504 3697 2574 jejunio
3732 2502 3929 2572 quippe

2339 2602 2581 2670 corporis
2599 2600 3008 2655 imbecillitatem
3032 2597 3361 2668 praetendere
3379 2599 3602 2652 fortasse
3621 2596 3819 2665 poteris
3836 2637 3852 2660 ,
3872 2600 3929 2648 tu

2337 2690 2602 2745 audiendo
2622 2700 2797 2745 autem
2819 2689 2943 2759 quid
2966 2688 3181 2743 tandem
3205 2688 3383 2742 dicere
3409 2687 3633 2755 pos.~es?
3654 2701 3758 2739 non
3781 2686 3928 2740 enim

2336 2782 2580 2851 corporis
2627 2782 2906 2835 inlirmitas
2952 2780 3254 2834 divinorum
3304 2778 3552 2848 prohibet
3592 2779 3926 2849 eloquiortnn

2337 2871 2644 2941 participem
2686 2870 2821 2925 fieri.
2865 2870 2920 2926 Si
2960 2871 3103 2926 enim
3144 2871 3395 2925 dixissem
3436 2888 3449 2923 :
3490 2870 3659 2925 Nemo
3700 2884 3927 2941 pransus

2335 2955 2453 3016 aliis
2484 2962 2788 3027 misceatur,
2817 2972 2935 3030 post
2961 2961 3139 3017 cibum
3165 2960 3344 3015 audiat
3371 2976 3548 3027 nemo,
3572 2962 3801 3030 aliquam
3827 2959 3927 3013 ba-

2335 3052 2540 3107 buisses
2569 3053 2810 3117 veniam;
2842 3066 2981 3107 nunc
3006 3066 3136 3107 vero
3160 3067 3283 3107 cum
3313 3067 3407 3106 vos
3438 3052 3732 3115 trahamus,
3760 3060 3816 3107 et
3837 3052 3921 3104 al-

2332 3141 2594 3206 iieiamus,
2623 3150 2676 3196 et
2705 3142 2770 3196 ad
2800 3157 2897 3197 nos
2928 3157 3202 3209 vocemus,
3233 3158 3391 3212 quam
3422 3143 3724 3198 resilientes
3747 3158 3918 3198 excu-

2329 3236 2589 3290 sationem
2632 3234 2932 3289 habebitis?
2959 3235 3168 3291 Etenim
3201 3252 3304 3290 non
3335 3237 3558 3291 idoneus
3587 3238 3798 3292 auditor
3826 3238 3919 3312 ille

2328 3337 2489 3393 esset,
2515 3343 2619 3381 non
2646 3328 2734 3395 qui
2765 3328 3086 3384 comedisset
3110 3340 3200 3383 aut
3232 3330 3474 3395 bibisset,
3502 3330 3595 3384 sed
3622 3330 3711 3400 Qui
3740 3331 3917 3385 verbis

2332 3433 2436 3471 non
2464 3417 2783 3481 attenderet,
2812 3419 3047 3474 oscitans
3075 3429 3129 3474 et
3152 3418 3463 3487 diss’olutus,
3490 3423 3579 3491 qui
3608 3436 3803 3491 corpus
3830 3421 3917 3475 hic

2329 3506 2553 3570 habens,
2578 3519 2754 3561 tuente
2783 3509 2890 3561 alio
2919 3521 3232 3579 vagaretur;
3262 3509 3348 3565 hic
3372 3512 3824 3581 etiamsijejuuet,
3846 3512 3912 3565 ad

2323 3598 2646 3652 audiendum
2680 3598 2876 3653 inutilis
2912 3609 2995 3653 est
3022 3618 3035 3652 :
3062 3600 3327 3657 excitatus
3354 3611 3536 3656 contra
3568 3611 3621 3656 et
3647 3603 3871 3673 vigilans
3896 3645 3911 3667 ,

2322 3700 2604 3757 menteque
2630 3688 2935 3755 attendens,
2967 3690 3081 3746 sive
3105 3690 3400 3747 comederit
3423 3693 3535 3747 sive
3566 3693 3778 3762 biberit,
3809 3710 3911 3748 no-

2321 3782 2402 3836 bis
2443 3776 2555 3836 erit'
2590 3783 2826 3837 omnium
2872 3784 3179 3853 aptissimus
3223 3787 3452 3842 auditor.
3504 3788 3559 3841 lu
3602 3804 3911 3845 exterarum

2319 3874 2460 3928 enim
2484 3875 2697 3945 judiciis
2729 3887 2783 3930 et
2819 3879 3054 3949 consiliis
3083 3894 3317 3949 congrue
3346 3881 3428 3935 lex
3457 3882 3553 3935 ista
3584 3882 3859 3951 praevaluit
3890 3901 3907 3938 ε

2321 3981 2417 4021 nec
2444 3968 2584 4021 enim
2617 3980 2813 4024 norunt
2838 3970 3217 4040 philosophari,
3253 3972 3372 4027 ideo
3402 3988 3506 4027 non
3535 3974 3821 4029 comedunt
3848 3986 3908 4031 ut

2320 4062 2621 4116 nutriantur
2643 4105 2656 4125 ,
2688 4063 2780 4117 sed
2822 4072 2877 4116 ut
2915 4062 3314 4133 disrum’pantur
3346 4082 3359 4119 :
3389 4080 3529 4135 saepe
3572 4067 3714 4120 enim
3744 4082 3905 4134 supra

2316 4154 2613 4209 satietatem
2652 4155 2834 4209 bibunt
2865 4174 2878 4210 :
2920 4166 3196 4226 propterea
3233 4158 3436 4229 seipsos
3467 4174 3645 4214 rerum
3672 4159 3891 4214 admint.

2316 4244 2556 4298 strationi
2587 4246 2791 4314 ineptos
2817 4247 3099 4302 reddentes
3118 4290 3133 4313 ,
3166 4263 3386 4319 vespere
3415 4259 3469 4304 et
3499 4251 3722 4305 meridie
3749 4268 3779 4305 a
3810 4266 3869 4307 se

2316 4342 2439 4387 natu
2468 4344 2521 4389 et
2545 4335 2759 4404 judiriis
2788 4339 3074 4392 abstinent.
3108 4338 3202 4393 llic
3230 4353 3404 4395 autem
3436 4358 3541 4396 non
3587 4346 3677 4408 ita,
3718 4344 3857 4398 absit
3896 4392 3899 4393 ν

2312 4427 2405 4480 sed
2432 4427 2518 4495 qui
2540 4429 2800 4493 comedit,
2828 4429 3013 4499 jejuno
3039 4430 3203 4485 animi
3232 4432 3489 4487 modestia
3514 4433 3612 4488 erit
3636 4436 3854 4506 :t-qualis
3880 4454 3895 4491 :

2311 4531 2415 4570 non
2456 4520 2595 4571 enim
2634 4528 2689 4570 ut
2729 4528 2969 4574 ventrem
3007 4520 3303 4590 disrumpat
3339 4533 3430 4577 aut
3459 4525 3719 4581 rationem
3746 4528 3898 4581 obte-

2311 4608 2528 4673 nebret,
2558 4609 2789 4663 comedit
2824 4620 2877 4664 et
2914 4610 3067 4679 bibit,
3103 4613 3196 4667 sed
3238 4624 3297 4668 ut
3327 4629 3523 4686 corpus
3559 4616 3893 4674 debilitatum

2306 4708 2541 4767 reparet.

2374 4790 2427 4843 2.
2469 4790 2576 4847 Sed
2615 4791 2728 4846 lucc
2756 4806 2850 4860 pro
2875 4792 3236 4850 admonitione
3263 4798 3426 4862 satis;
3450 4797 3559 4866 jam
3586 4814 3714 4853 vero
3752 4810 3895 4855 tem-

2306 4895 2404 4949 pus
2440 4892 2522 4936 cst
2546 4882 2612 4936 ad
2641 4895 3007 4952 argumentum
3043 4887 3388 4953 transeundi,
3427 4889 3548 4944 licet
3587 4890 3809 4960 refugiat
3837 4904 3892 4946 et

2305 4981 2510 5040 torpeat
2535 4974 2675 5028 circa
2702 4973 2995 5030 doctrinam
3029 4977 3162 5031 hanc
3189 4978 3439 5047 cogitatio
3464 4989 3642 5036 nostra
3672 4992 3890 5053 propter

2301 5076 2414 5127 eos,
2460 5066 2548 5132 qui
2592 5080 2695 5118 nou
2725 5075 3004 5120 venerunt.
3052 5068 3118 5121 Et
3145 5069 3279 5122 sicut
3322 5070 3406 5139 pia
3438 5083 3607 5128 mater
3645 5090 3887 5130 mensam

2302 5168 2574 5221 apponens
2597 5196 2612 5218 ,
2639 5158 2886 5212 omnibus
2929 5159 3051 5211 [iliis
3091 5174 3195 5213 non
3233 5164 3583 5230 praesentibus
3606 5206 3621 5229 ,
3653 5165 3797 5221 dolet
3832 5180 3888 5222 ct

2300 5246 2463 5313 gemit
2490 5263 2504 5299 :
2536 5248 2636 5303 hoc
2663 5259 2715 5303 et
2738 5266 2837 5320 ego
2868 5267 3007 5305 nunc
3035 5254 3223 5320 patior,
3252 5264 3307 5312 et
3331 5256 3551 5311 fratrum
3579 5272 3883 5314 nostrorum

2298 5338 2589 5393 absentiam
2606 5341 2865 5411 cogitans,
2880 5357 2907 5395 a
2930 5344 3192 5399 solutione
3212 5347 3457 5402 retrahor
3472 5354 3879 5417 promissorum;

2295 5428 2390 5482 sed
2420 5444 2515 5483 vos
2544 5430 2763 5498 potestis
2790 5433 2929 5487 hunc
2952 5433 3144 5503 ejicere
3176 5446 3467 5508 torporem.
3500 5437 3556 5494 Si
3586 5441 3728 5494 enim
3759 5444 3873 5511 pol-

2294 5520 2558 5576 liceamini
2587 5523 2714 5577 mihi
2741 5538 2834 5578 vos
2857 5526 3033 5579 omnia
3061 5526 3127 5581 ad
3156 5527 3275 5584 illos
3299 5545 3419 5583 cum
3447 5531 3716 5603 diligentia
3744 5541 3879 5588 reta-

2291 5620 2459 5678 turos,
2484 5629 2582 5668 nos
2605 5616 2754 5670 vobis
2776 5617 2951 5671 omnia
2973 5629 3215 5689 prompte
3235 5622 3573 5691 crogabimus
3599 5643 3612 5679 :
3636 5634 3712 5678 slc
3732 5641 3874 5681 enim

2291 5702 2395 5760 illis
2428 5705 2525 5759 erit
2553 5705 2809 5763 abscntim
2836 5708 3356 5778 εοηεοιειιὶο,γρειηρ
3370 5715 3642 5772 claritatis
3671 5716 3873 5771 docui-
