4232 6320
269 385 367 440 ιω

271 513 339 554 na
366 515 379 550 :
411 509 621 566 vosque
649 508 752 550 nos
791 495 1048 550 attentius
1080 490 1311 549 audietis
1332 531 1347 556 ,
1380 490 1616 546 scientes
1641 486 1711 542 ad
1737 485 1873 541 alios

271 588 422 645 vobis
452 589 572 645 haec
598 587 804 644 referre
836 586 1196 643 necessarium
1225 599 1365 639 esse.
1413 581 1484 639 Ut
1517 581 1676 652 igitur
1702 579 1874 634 mani-

272 684 457 740 festior
474 684 634 739 nobis
653 683 827 739 oratio
850 683 964 749 ﬂat,
985 695 1017 736 a
1041 675 1409 751 superioribus
1433 676 1602 746 ipsam
1625 683 1874 743 repeten-

269 787 351 834 tes
376 776 644 839 dicamus.

339 867 450 923 Cur
492 866 770 938 Scriptura
807 881 909 922 non
949 873 1173 934 tempore
1213 861 1380 917 Adam
1426 873 1587 929 neque
1632 854 1748 910 Noe
1794 853 1873 908 vel

263 961 491 1017 Alrth
515 962 639 1015 data
654 990 665 997 η
678 960 764 1014 sit.
790 987 865 1002 -—
887 957 1070 1028 Nuper
1105 955 1285 1026 itaque
1321 951 1696 1024 quatrehamus
1719 989 1735 1015 ,
1764 963 1867 1018 qua

261 1052 332 1107 de
371 1066 534 1106 causa
563 1060 688 1122 post
731 1058 808 1105 tot
849 1061 1020 1104 annos
1047 1046 1206 1103 edita:
1232 1054 1359 1100 sunt
1384 1037 1674 1113 scripturae
1712 1059 1727 1096 :
1759 1057 1865 1095 non

260 1143 408 1196 enim
432 1141 605 1197 Adam
631 1155 808 1210 neque
839 1140 950 1196 Noe
977 1146 1035 1194 et
1059 1137 1328 1194 Abraham
1351 1146 1615 1204 tempore,
1639 1131 1736 1189 sed
1757 1131 1869 1186 llo-

259 1234 339 1288 sis
361 1275 378 1299 ,
414 1232 552 1288 liber
580 1232 667 1288 hic
695 1232 921 1288 traditus
947 1240 1064 1296 est;
1090 1239 1144 1286 et
1173 1231 1371 1285 multos
1395 1218 1554 1284 audio
1580 1226 1822 1281 dicentes
1846 1265 1862 1292 ,

259 1325 409 1394 quod
441 1323 491 1378 si
525 1323 670 1378 utilis
696 1333 815 1380 erat
835 1363 853 1391 ,
885 1323 954 1380 ab
988 1322 1141 1378 initio
1166 1320 1349 1376 datum
1377 1334 1500 1377 esse
1527 1316 1805 1389 oportebat
1847 1332 1862 1370 :

261 1416 308 1470 si
337 1431 472 1470 vero
497 1415 700 1469 inutilis
722 1423 858 1481 erat,
880 1429 1056 1486 neque
1078 1423 1264 1487 postea
1287 1412 1569 1484 Oportebat
1591 1410 1730 1466 dari.
1755 1409 1864 1466 Sed

259 1519 396 1560 vana
429 1504 547 1560 hzec
570 1504 934 1565 ratiocinatio;
955 1502 1483 1566 nonenimomnino,
1499 1502 1545 1557 si
1565 1500 1695 1572 quid
1713 1508 1871 1570 post-‘

262 1609 326 1648 ea
368 1591 507 1648 utile
563 1603 648 1650 est
688 1592 922 1649 futurum
945 1629 964 1656 ,
993 1591 1064 1648 ab
1102 1592 1254 1647 initio
1285 1593 1418 1648 tradi
1449 1592 1612 1648 debet
1641 1610 1654 1645 :
1687 1609 1863 1663 neque

259 1680 306 1735 si
335 1679 468 1749 quid
509 1696 543 1735 a
583 1682 846 1752 principio
875 1681 1057 1737 datum
1081 1691 1167 1739 est
1189 1723 1205 1748 ,
1236 1681 1341 1738 hoc
1373 1682 1595 1738 omnino
1622 1683 1781 1738 debet
1810 1694 1865 1738 et

260 1782 449 1841 postea
480 1786 720 1828 manere.
748 1772 1009 1840 Quoniam
1032 1781 1089 1829 et
1113 1773 1200 1829 lac
1219 1773 1369 1840 utile,
1395 1788 1496 1828 nec
1521 1783 1700 1828 tamen
1722 1789 1864 1828 sem-

257 1877 357 1931 per
379 1903 396 1929 ,
431 1862 528 1918 sed
568 1864 748 1933 pueris
784 1872 989 1920 tantum
1005 1865 1173 1921 'nobis
1200 1865 1358 1921 datur
1384 1884 1398 1922 :
1427 1876 1482 1922 et
1507 1868 1735 1922 solidum
1766 1885 1865 1921 nu-

258 1955 574 2009 trimentum
601 1956 734 2012 utile
755 1995 771 2022 ,
805 1956 899 2011 sed
934 1971 1095 2012 nemo
1121 1957 1275 2012 nobis
1305 1957 1480 2028 ipsum
1512 1959 1562 2013 in
1598 1959 1863 2029 principio

257 2049 446 2112 tradit,
469 2048 564 2104 sed
590 2059 868 2119 postquam
892 2051 1148 2118 puerilem
1170 2049 1430 2106 fuerimus
1451 2061 1664 2107 tetatem
1687 2067 1862 2123 egres-

254 2143 322 2197 si.
357 2142 594 2198 Rursum
625 2153 785 2199 testas
812 2143 959 2199 utilis
977 2185 993 2210 ,
1021 2145 1116 2200 sed
1142 2161 1246 2200 non
1275 2160 1489 2215 semper
1511 2153 1735 2215 apparet
1763 2163 1778 2201 :
1806 2157 1863 2202 et

255 2231 450 2304 hyems
475 2233 794 2298 commoda,
825 2235 920 2290 sed
945 2244 1001 2290 et
1025 2234 1144 2290 haec
1167 2237 1378 2290 transit.
1404 2235 1541 2305 Quid
1567 2239 1747 2307 igitur,
1776 2238 1861 2293 di-

255 2332 342 2378 cet
356 2325 574 2395 aliquis,
594 2324 882 2395 Scriptum
897 2341 1005 2382 non
1025 2337 1152 2383 sunt
1167 2327 1358 2384 utiles?
1379 2329 1691 2387 Utilissimte
1705 2345 1856 2400 sane,

253 2423 312 2469 et
338 2415 635 2471 admodum
662 2418 999 2473 necessarias.
1039 2417 1111 2473 Et
1135 2419 1181 2474 si
1207 2419 1398 2486 utiles,
1425 2419 1632 2490 inquit,
1661 2436 1765 2492 qua
1789 2422 1860 2479 de

252 2521 417 2560 causa
449 2522 557 2562 non
587 2517 714 2562 stmt
740 2509 948 2566 traditae
974 2510 1130 2566 nobis
1153 2511 1222 2566 ab
1247 2512 1438 2567 initio?
1463 2512 1599 2580 Quia
1625 2529 1735 2569 non
1762 2531 1859 2584 per

254 2596 487 2662 litteras,
514 2599 609 2654 sed
639 2599 736 2670 per
760 2617 847 2656 res
875 2601 1017 2656 Detts
1045 2610 1288 2658 naturam
1319 2603 1606 2660 humanam
1660 2606 1856 2664 docere

251 2691 488 2746 volebat.
523 2691 663 2757 Quid
693 2694 906 2748 tandem
937 2701 1023 2748 est
1044 2735 1060 2760 ,
1093 2710 1186 2764 per
1212 2697 1341 2750 res?
1376 2696 1480 2752 Per
1508 2698 1677 2768 ipsam
1703 2713 1856 2754 crea-

254 2791 451 2836 turam.
488 2781 542 2835 ln
575 2783 715 2840 hanc
745 2783 888 2839 enim
913 2787 1234 2840 sententiam
1253 2785 1503 2842 incidens
1524 2789 1851 2859 Apostolus,

251 2885 306 2926 et
345 2875 400 2927 in
433 2875 661 2943 gentiles
685 2876 966 2930 intendens
985 2918 1001 2942 ,
1031 2876 1274 2931 dicentes
1295 2918 1311 2941 ,
1343 2875 1461 2932 Non
1485 2878 1554 2931 ab
1578 2877 1729 2931 initio
1758 2877 1850 2933 Dei

251 2966 619 3032 cognitionem
654 2979 719 3020 ex
747 2965 1040 3036 Scripturis
1067 2966 1349 3022 didicimus
1371 3007 1388 3032 ,
1426 2967 1548 3022 vide
1583 2969 1854 3037 queniodo

253 3058 551 3125 respondit.
580 3057 716 3112 Cum
745 3059 888 3112 enim
915 3058 1170 3125 dixisset,
1208 3056 1533 3112 Revelabitur
1558 3060 1638 3113 ira
1664 3058 1763 3113 Dei
1789 3061 1852 3113 de

252 3151 378 3201 certo
413 3165 568 3218 super
608 3165 807 3202 omnem
835 3149 1144 3217 impietatem
1176 3158 1224 3204 et
1264 3149 1567 3220 iniustitiam
1590 3149 1853 3204 hominum

253 3258 448 3304 eorum,
477 3242 566 3309 qui
594 3244 849 3297 ueritatem
872 3242 971 3297 Dei
996 3243 1050 3296 in
1071 3244 1324 3313 injustitia
1347 3243 1571 3297 detinent
1595 3241 1770 3313 (liam.
1797 3244 1849 3298 Ι.

255 3333 364 3407 18),
395 3343 451 3389 et
477 3335 702 3392 vidisset
722 3336 1077 3405 objectionem
1101 3335 1199 3391 sibi
1222 3344 1616 3400 occurrentem,
1640 3345 1696 3392 et
1718 3337 1854 3390 mul-

253 3434 334 3482 tos
375 3437 566 3482 contra
606 3438 940 3497 quaerentes,
981 3429 1122 3486 unde
1158 3429 1389 3500 gentiles
1435 3429 1529 3484 Dei
1569 3425 1851 3485 vé‘ritatem

251 3522 650 3590 cognovissent,
677 3522 853 3576 intulit
877 3522 1100 3578 dicens:
1128 3522 1262 3590 Quia
1281 3522 1416 3591 quod
1440 3534 1613 3577 notum
1637 3534 1710 3578 est
1734 3523 1848 3590 Dei,

253 3611 578 3678 manifestum
607 3621 681 3665 est
707 3612 759 3665 in
787 3613 891 3672 illis
915 3610 1102 3685 (lb.v.
1135 3612 1246 3683 l9).
1281 3611 1350 3666 Et
1377 3613 1646 3682 quomodo
1673 3615 1849 3667 maui-

254 3700 449 3755 l‘estum
477 3711 560 3755 est
588 3703 644 3756 in
682 3702 824 3757 illis?
849 3705 1118 3774 quomodo
1144 3721 1272 3761 vero
1313 3707 1480 3760 Deum
1508 3722 1667 3763 nosse
1700 3718 1852 3778 pote-

253 3786 412 3840 rant?
439 3787 561 3856 quis
585 3787 857 3845 ostendit?
880 3787 984 3843 dic.
1003 3787 1145 3845 Deus
1174 3792 1306 3844 enim
1330 3792 1436 3847 illis
1451 3796 1790 3864 manifestavit
1808 3796 1850 3858 ⁸,

255 3879 445 3948 inquit.
479 3880 599 3948 Quo
649 3880 838 3949 pacto?
865 3897 1024 3951 quem
1052 3883 1369 3954 prephetam
1422 3888 1660 3954 mittens,
1690 3903 1848 3958 quem

253 3971 637 4040 evangelistam
661 3973 686 4025 Υ
713 3987 870 4041 quem
902 3973 1200 4039 doctorem,
1232 3975 1277 4037 si
1301 3975 1591 4047 Scriptura:
1615 3979 1850 4033 nonduin

253 4062 448 4116 erant?
480 4060 765 4117 lnuisibilia
784 4065 912 4118 enim
938 4067 1120 4135 ipsius,
1151 4067 1340 4137 inquit,
1367 4085 1399 4121 a
1423 4079 1654 4123 creatura
1675 4070 1854 4123 mundi

255 4169 343 4220 per
365 4167 430 4205 ea
453 4169 567 4224 qua:
593 4153 728 4222 facta
757 4166 906 4220 sunt,
936 4149 1192 4212 intellecta
1218 4160 1600 4232 conspiciuntur
1618 4203 1633 4226 ,
1663 4163 1852 4232 sempi-

254 4255 498 4314 ternaque
520 4247 678 4300 virtus
699 4248 807 4319 ejus
827 4258 874 4302 et
893 4249 1135 4304 diuinitas
1152 4249 1256 4320 (lb.
1280 4267 1326 4305 υ.
1357 4252 1471 4321 20).
1496 4252 1648 4321 Quod
1674 4265 1853 4309 autem

254 4337 420 4404 dicit,
452 4338 559 4394 tale
599 4349 728 4395 est:
763 4341 902 4396 Ante
943 4342 1183 4396 omnium
1228 4344 1415 4399 oculos
1454 4354 1757 4401 creaturam
1799 4347 1855 4402 in

256 4429 438 4485 medio
487 4431 794 4499 proposuit,
840 4443 899 4487 ut
931 4449 1001 4488 ex
1048 4434 1300 4503 cperibus
1334 4449 1633 4492 creatorem
1679 4439 1852 4506 conji-

255 4521 398 4576 ciant
423 4539 436 4576 :
463 4522 606 4592 quod
631 4522 847 4593 quidem
876 4535 931 4580 et
959 4526 1096 4581 alius
1122 4526 1332 4582 dicebat
1357 4546 1370 4583 :
1400 4529 1484 4583 lia:
1506 4531 1856 4600 magnitudine

255 4615 390 4669 enim
441 4624 490 4669 et
537 4615 916 4685 pulchritudine
962 4627 1311 4673 creaturarum
1358 4621 1858 4690 proportionabiliter

255 4709 488 4777 ipsarum
521 4716 699 4760 auctor
725 4708 1078 4763 consideratur
1103 4709 1264 4781 (Sap.
1297 4712 1384 4767 15.
1415 4711 1495 4783 5).
1528 4712 1718 4768 Vidisti
1741 4729 1858 4769 ma-

254 4798 631 4870 gnitudinem?
654 4801 936 4857 considera
963 4805 1255 4871 potentiam
1281 4804 1587 4862 Conditoris
1612 4822 1734 4863 cum
1761 4809 1858 4864 ad-

256 4890 564 4946 miratione.
604 4890 793 4946 Vidisti
831 4893 1278 4964 pulchritudinem
1297 4897 1323 4950 ?
1349 4898 1666 4967 sapientiam
1693 4916 1857 4957 exor-

258 4980 464 5036 natoris
503 4981 825 5051 obstupesce
848 5025 864 5050 ,
909 4985 1051 5055 quod
1097 4994 1158 5042 et
1176 4983 1440 5062 Propheta
1479 4989 1856 5053 demonstrans

258 5075 474 5133 dicebat
504 5092 521 5130 :
547 5073 674 5131 Caeli
719 5089 960 5133 enarrant
997 5079 1214 5151 gloriam
1253 5079 1354 5135 Dei
1397 5081 1590 5152 (Psal.
1634 5086 1722 5142 18.
1759 5090 1855 5160 2).

258 5167 542 5238 Quomodo
566 5169 748 5242 igitur,
774 5186 984 5241 quasso,
1012 5175 1268 5228 narrant?
1295 5190 1478 5231 vocent
1505 5193 1609 5231 non
1636 5177 1855 5246 habent,

260 5277 318 5315 os
345 5276 454 5315 non
485 5261 790 5332 possident,
827 5279 931 5318 non
958 5274 1040 5319 est
1066 5266 1196 5334 ipsis
1223 5266 1398 5337 lingua
1429 5285 1442 5319 :
1468 5270 1737 5338 quomodo
1763 5272 1860 5341 igi-

261 5361 345 5405 tur
373 5352 633 5406 narrant?
664 5353 766 5407 Per
793 5353 964 5422 ipsum
996 5366 1291 5424 aspectum.
1324 5359 1458 5413 Cum
1487 5360 1629 5414 enim
1661 5361 1860 5417 videris

264 5441 738 5511 pulchritudinem,
766 5448 1206 5516 magnitudinem,
1237 5449 1634 5518 celsitudinem,
1667 5456 1854 5520 situm,

265 5534 489 5590 formam
530 5552 625 5605 per
667 5547 867 5592 tantum
913 5541 1168 5612 temporis
1203 5559 1519 5612 permanere
1542 5587 1556 5609 ,
1587 5556 1859 5618 tamquam

267 5643 447 5684 vocem
476 5627 724 5696 audiens,
756 5639 810 5684 et
837 5646 932 5700 per
956 5643 1232 5702 aspectum
1262 5636 1450 5690 dicens
1470 5679 1485 5702 ,
1513 5638 1706 5696 adoras
1733 5654 1859 5696 eum

327 5810 340 5843 ι
369 5813 479 5861 Sav.
511 5817 562 5860 et
585 5808 783 5865 quidam
799 5808 880 5859 alii
907 5825 922 5860 :
949 5820 1080 5864 Deus
1101 5819 1229 5870 enim
1248 5814 1350 5867 illis
1363 5813 1662 5865 monstravit.

565 5899 842 5963 PATROL.
890 5908 1006 5968 Gn.
1054 5910 1110 5970 Χ
1125 5908 1281 5969 LIX.

1255 377 1350 432 AD
1386 370 1711 432 POPULUM
1745 366 2239 428 ANTIOCIIENUM
2302 371 2531 429 llOillL.
2571 370 2661 432 IX.

3477 380 3579 434 106

1982 483 2073 555 qui
2097 494 2204 540 tam
2224 486 2506 558 pulchrum
2531 497 2585 542 et
2603 488 2920 545 admirabile
2941 503 3138 560 corpus
3160 492 3383 548 creavit.
3413 493 3581 550 Tacui.

1976 573 2204 642 cadum,
2248 576 2344 632 sed
2386 577 2553 648 ipsius
2595 591 2842 652 aspectus
2887 595 3073 636 vocem
3121 582 3244 638 tuba
3291 584 3576 642 clariorem

1976 665 2175 721 emittit
2196 707 2212 732 ,
2238 682 2339 739 per
2361 667 2550 724 oculos
2573 709 2588 733 .
2622 685 2727 725 non
2768 686 2861 739 per
2897 687 3058 727 aures
3084 687 3182 728 nos
3208 673 3412 731 docens
3442 693 3456 730 :
3491 675 3581 733 hic

1976 756 2121 810 enim
2152 771 2346 814 sensus
2382 774 2415 814 a
2458 770 2645 815 natura
2671 771 2756 816 est
2785 762 2881 818 illo
2907 764 3108 818 certior
3133 775 3188 820 et
3217 766 3576 824 titaniiestior.

1974 847 2030 902 Si
2055 855 2200 904 enim
2224 865 2319 920 per
2342 852 2507 906 libros
2525 852 2802 910 docuisset
2823 865 2879 910 et
2905 855 3433 922 litteras,litterarum
3457 864 3579 933 qui-

1973 939 2095 995 dem
2135 943 2336 1012 peritus
2370 946 2570 1016 scripta
2610 945 3223 1015 didicisset,illitteratus
3268 968 3399 1008 vero
3441 955 3576 1011 nihil

1974 1033 2100 1090 inde
2127 1035 2342 1106 adjutus
2371 1038 2594 1096 abiisset
2616 1082 2633 1108 ,
2666 1041 2711 1096 si
2749 1044 2872 1113 quis
2910 1045 3049 1099 alius
3087 1059 3195 1100 non
3225 1046 3526 1108 induxisset
3558 1091 3574 1107 .

1970 1125 2124 1182 dives
2160 1127 2355 1184 librum
2384 1131 2638 1198 emisset,
2673 1149 2880 1205 pauper
2904 1151 3088 1192 emere
3128 1153 3234 1194 non
3266 1141 3530 1209 potuisset
3557 1159 3572 1196 :

1973 1232 2187 1274 rursum
2213 1221 2305 1291 qui
2324 1221 2689 1281 sciretvocem
2704 1230 2849 1284 illam
2863 1242 2960 1296 per
2971 1229 3179 1288 litteras
3193 1230 3572 1302 signiﬁcatam,

1971 1306 2118 1364 intus
2137 1310 2307 1378 posita
2329 1322 2548 1378 nosset;
2571 1311 2770 1386 Scytha
2793 1331 2926 1371 vero
2951 1326 3005 1374 et
3025 1318 3312 1386 Barbarus,
3336 1333 3392 1379 et
3410 1321 3574 1380 Indus

1970 1409 2026 1455 et
2051 1400 2357 1474 Egyptius,
2387 1416 2442 1460 et
2464 1420 2653 1463 omnes
2675 1409 2856 1481 lingua
2878 1422 3123 1469 carentes
3147 1415 3259 1480 illa,
3285 1416 3418 1472 nihil
3442 1421 3575 1475 edo-

1967 1493 2038 1546 cti
2066 1494 2345 1552 abiissent.
2371 1496 2486 1553 Hoc
2506 1508 2686 1554 autem
2712 1501 2782 1557 de
2803 1504 2938 1559 caelo
2961 1505 3142 1562 dicere
3167 1523 3275 1564 non
3301 1509 3447 1578 licet,
3473 1514 3570 1568 sed

1968 1591 2024 1638 et
2043 1583 2240 1656 Scytha
2263 1594 2317 1640 et
2337 1587 2620 1653 Barbarus,
2647 1601 2698 1646 et
2726 1590 2888 1648 Indus
2905 1602 2962 1649 et
2982 1594 3289 1668 Egyptius,
3314 1610 3369 1655 et
3394 1603 3573 1658 omnis

1970 1674 2132 1731 homo
2177 1691 2342 1748 super
2369 1688 2565 1735 terram
2607 1683 2902 1753 incedens,
2934 1685 3074 1742 hanc
3112 1674 3300 1746 vocem
3341 1692 3567 1749 audiet:

1969 1783 2074 1822 non
2101 1768 2246 1824 enim
2274 1786 2374 1839 per
2399 1787 2559 1829 aures
2580 1817 2595 1840 ,
2625 1775 2720 1831 sed
2753 1792 2851 1846 per
2878 1779 3065 1834 oculos
3093 1781 3149 1836 in
3175 1793 3408 1840 mentem
3435 1785 3571 1842 inci-

1965 1858 2045 1913 dit
2066 1870 2329 1917 nostram.
2352 1863 2653 1920 Visibilium
2675 1878 2854 1923 autem
2879 1871 3217 1942 participatio
3239 1875 3427 1931 eadem
3453 1888 3566 1942 est,

1967 1965 2141 2023 neque
2179 1952 2433 2011 dill'erens
2459 1956 2600 2012 sicut
2637 1958 2939 2029 linguarum
2957 1980 2987 2028 _:
3019 1963 3072 2017 in
3102 1963 3247 2020 hunc
3272 1969 3474 2037 pariter
3498 1970 3566 2024 li-

1965 2040 2124 2096 brum
2153 2053 2207 2099 et
2232 2043 2393 2100 idiota
2417 2057 2474 2102 et
2497 2048 2716 2119 sapiens
2739 2050 2932 2107 intueri
2960 2064 3245 2123 poterunt,
3277 2067 3334 2114 et
3361 2074 3569 2132 pauper

1964 2145 2020 2190 et
2044 2135 2215 2202 dives,
2244 2151 2300 2194 et
2328 2155 2664 2213 quocumque
2690 2145 2808 2212 quis
2835 2148 3064 2215 venerit,
3094 2149 3148 2206 in
3171 2150 3365 2210 coelum
3396 2156 3568 2225 respi-

1963 2227 2153 2294 ciens,
2205 2228 2777 2305 snl'licientem'capiet
2821 2235 3122 2294 doctrinam
3168 2256 3237 2296 ex
3293 2253 3562 2313 aspectu:

1962 2318 2105 2388 quod
2124 2323 2344 2393 quidem
2353 2332 2404 2379 et
2421 2323 2535 2396 ipse
2549 2323 2815 2400 Propheta
2838 2329 3068 2386 innuens
3085 2342 3135 2386 et
3155 2331 3562 2406 demonstrans,

1961 2410 2106 2480 quod
2133 2426 2320 2468 vocem
2360 2425 2606 2471 creatura
2635 2427 2690 2473 et
2719 2417 2961 2476 barbaris
2987 2423 3197 2480 emittat
3225 2435 3280 2481 et
3311 2413 3522 2486 Grecis
3545 2472 3562 2495 ,

1961 2511 2015 2556 et
2034 2504 2282 2560 omnibus
2299 2507 2352 2561 in
2372 2508 2677 2564 universum
2703 2510 3011 2568 hominibus
3032 2515 3303 2573 intellectu
3325 2519 3562 2588 facilem,

1959 2596 2172 2654 diccbat
2210 2617 2224 2654 :
2257 2597 2380 2656 Non
2403 2588 2535 2656 ‘sunt
2575 2604 2788 2671 loquele
2824 2624 2983 2676 neque
3020 2626 3306 2678 sermones,
3346 2632 3566 2685 quorum

1959 2704 2061 2742 non
2089 2689 2365 2746 audiuntur
2389 2709 2532 2748 uoces
2558 2711 2732 2750 eorum
2757 2697 2934 2765 (Psal.
2967 2701 3056 2756 l8.
3086 2701 3163 2772 4).
3191 2704 3347 2770 Quod
3377 2717 3561 2764 autem

1957 2779 2108 2849 dicit,
2140 2783 2245 2838 tale
2272 2795 2358 2840 est
2389 2803 2402 2839 :
2432 2785 2550 2842 Non
2585 2798 2668 2842 est
2693 2798 2828 2859 gens
2859 2807 3033 2862 neque
3064 2794 3243 2865 lingua
3273 2813 3392 2867 qtae
3423 2799 3565 2855 hanc

1957 2885 2149 2929 vocem
2193 2876 2493 2948 intelligere
2538 2895 2645 2936 non
2677 2884 2877 2952 possit;
2911 2885 3007 2940 sed
3041 2888 3163 2942 talis
3196 2897 3280 2944 est
3318 2890 3560 2962 ipsorum

1957 2977 2081 3028 vox,
2110 2974 2167 3019 ut
2193 2966 2261 3020 ab
2285 2970 2536 3026 omnibus
2561 2971 2865 3031 hominibus
2890 2963 3064 3033 audiri
3089 2982 3255 3048 possit
3281 3000 3292 3034 :
3318 2999 3419 3039 nec
3443 2985 3562 3040 caeli

1960 3061 2166 3108 tantum
2193 3097 2208 3121 ,
2242 3059 2338 3112 sed
2376 3068 2432 3113 et
2468 3062 2574 3118 diei
2608 3074 2664 3118 et
2703 3069 2897 3122 noctis.
2946 3070 3014 3124 Et
3051 3073 3322 3138 quomodo
3357 3072 3466 3130 diei
3509 3088 3564 3133 et

1958 3146 2170 3238 noctis?
2199 3147 2332 3204 illud
2358 3152 2499 3206 cnim
2528 3163 2583 3210 et
2609 3172 2707 3226 per
2733 3160 3214 3230 pulchritudinem,
3243 3178 3301 3222 et
3327 3184 3423 3238 per
3448 3185 3561 3224 ma-

1956 3236 2287 3303 gnitudinem
2314 3281 2328 3303 ,
2359 3251 2415 3297 et
2444 3260 2556 3314 per-
2571 3248 2674 3302 alia
2704 3252 2886 3307 omnia
2913 3261 3244 3324 spectatores
3275 3236 3517 3329 percellit
3543 3306 3560 3328 ,

1957 3339 2012 3382 et
2055 3329 2109 3384 in
2153 3331 2318 3401 ipsius
2353 3335 2628 3395 Creatoris
2669 3341 3084 3402 admirationem
3133 3350 3397 3418 traducit;
3443 3354 3562 3410 dies

1956 3437 2086 3478 vero
2109 3433 2164 3478 et
2189 3442 2292 3480 nos
2322 3428 2448 3497 quid
2473 3432 2632 3486 nobis
2661 3444 2933 3492 ostentare
2966 3444 3221 3508 possent?
3243 3444 3562 3514 llnjusmodi

1956 3513 2171 3582 quidem
2203 3519 2358 3586 nihil,
2389 3520 2484 3575 sed
2515 3522 2617 3578 alia
2649 3525 2732 3579 his
2759 3542 2865 3581 non
2898 3529 3149 3586 inferiora
3187 3550 3200 3587 :
3232 3513 3562 3593 convenien-

1957 3605 2086 3659 tiam
2112 3648 2128 3671 ,
2157 3608 2400 3664 ordinem
2432 3628 2552 3667 cum
2592 3618 2738 3671 onmi
2781 3619 3052 3690 diligentia
3089 3635 3384 3682 servatum.
3422 3630 3561 3688 Cum

1956 3698 2102 3751 enim
2139 3702 2458 3769 cogitaveris
2483 3747 2497 3770 ,
2528 3709 2798 3776 quomodo
2829 3721 2995 3766 totum
3030 3732 3125 3783 per
3149 3734 3345 3774 annum
3377 3722 3562 3778 distri-

1959 3784 2222 3857 buuntur,
2251 3803 2306 3849 et
2337 3805 2604 3865 tamquam
2636 3799 2691 3853 in
2722 3800 2857 3855 libra
2889 3813 2944 3858 et
2973 3805 3182 3864 bilance
3209 3811 3370 3865 totius
3399 3815 3560 3881 spatii

1958 3878 2345 3949 longitudinem
2383 3885 2681 3943 diviserunt
2717 3908 2731 3944 :
2772 3908 2896 3947 emn
2937 3897 3030 3966 qui
3075 3900 3343 3957 ordinavit
3386 3878 3562 3960 admi-

1960 3972 2188 4026 raberis.
2217 3973 2380 4029 Velut
2409 3977 2552 4033 enim
2597 3997 2820 4039 sorores
2854 3987 3099 4056 quanlam
3144 4000 3420 4060 paternam
3444 4006 3553 4050 tne-

1960 4064 2242 4120 reditatem
2257 4069 2536 4135 partitatcu
2546 4088 2594 4124 ni
2609 4074 2870 4130 charitate
2885 4077 3067 4142 multa,
3082 4082 3231 4137 nullo
3241 4083 3406 4139 modo
3421 4083 3560 4139 inter

1958 4172 2018 4211 se
2037 4159 2450 4228 calumniantes,
2480 4162 2560 4217 sic
2585 4169 2640 4216 et
2663 4162 2779 4219 dies
2805 4175 2861 4219 et
2886 4181 2988 4220 nos
3017 4184 3137 4222 cunt
3159 4175 3306 4225 onmi
3329 4174 3557 4246 diligen-

1963 4251 2032 4306 tia
2071 4268 2271 4307 annutn
2303 4257 2607 4325 mqualitate
2643 4265 2788 4311 tanta
2818 4259 3184 4329 distribuunt,
3212 4275 3265 4319 et
3306 4267 3554 4336 proprios

1958 4357 2278 4400 conservant
2307 4346 2440 4402 lines
2466 4391 2480 4412 ,
2512 4364 2617 4404 nec
2646 4364 2898 4418 umquam
2931 4351 3154 4406 alteram
3184 4354 3351 4411 altera
3383 4360 3554 4428 pellit.

1959 4435 2256 4504 Numquam
2282 4437 2442 4506 igitur
2480 4437 2658 4493 hieme
2680 4441 2796 4494 dies
2824 4439 2920 4495 fuit
2945 4443 3122 4512 longa,
3153 4445 3289 4500 sicut
3312 4465 3415 4504 nec
3441 4435 3556 4506 um-

1960 4543 2119 4599 quam
2146 4539 2332 4583 aestate
2359 4529 2515 4601 longa
2545 4530 2643 4585 fuit
2670 4547 2796 4595 nox,
2827 4541 2908 4588 tot
2938 4536 3224 4602 praeteritis
3250 4543 3556 4607 generatio-

1961 4623 2118 4677 nibus
2142 4664 2158 4690 ,
2190 4623 2286 4678 sed
2315 4624 2367 4677 in
2397 4623 2591 4679 eodem
2629 4625 2909 4680 intervallo
2940 4636 2994 4682 et
3022 4627 3356 4697 longitudine
3383 4648 3559 4702 neque

1961 4713 2230 4768 modicum
2254 4729 2354 4769 nec
2373 4714 2649 4769 dimidiam
2666 4716 2858 4771 horam
2882 4733 2983 4772 nec
3001 4721 3144 4775 oculi
3165 4721 3368 4778 uictum
3393 4724 3560 4780 altera

1961 4820 2122 4876 quam
2150 4807 2316 4861 altera
2345 4806 2462 4876 plus
2490 4809 2694 4864 habuit.

2034 4900 2089 4954 5.
2114 4898 2212 4954 Dei
2227 4903 2478 4968 sapientia
2502 4904 2554 4955 in
2575 4920 2743 4955 rerum
2764 4906 3077 4958 naturalium
3104 4907 3377 4962 ordine.—
3424 4911 3561 4966 Pro-

1962 5000 2148 5059 pterea
2173 5001 2230 5046 et
2248 4986 2538 5045 Psalmista
2556 4989 2797 5057 ipsorum
2852 4995 3210 5064 aequalitatem
3242 4999 3561 5069 admiratus,

1962 5081 2224 5135 clamabat
2255 5082 2438 5136 dicens
2470 5098 2484 5134 :
2520 5082 2642 5136 Non:
2681 5086 2818 5138 nocti
2842 5089 3038 5141 indicat
3064 5091 3327 5145 scientiam
3353 5095 3373 5163 (
3412 5093 3562 5151 Psal.

1965 5173 2053 5228 18.
2077 5173 2113 5228 5
2137 5174 2180 5242 ).
2210 5171 2266 5227 Si
2301 5172 2414 5226 haec
2457 5174 2822 5244 philosophari
2879 5178 3040 5244 scias,
3080 5181 3159 5235 sic
3209 5183 3567 5241 admiraberis

1963 5278 2110 5324 eum,
2138 5263 2226 5333 qui
2258 5263 2326 5318 ab
2376 5264 2528 5318 initio
2571 5265 2668 5319 hos
2710 5267 3017 5325 immobiles
3046 5273 3311 5329 terminos
3351 5278 3561 5334 statuit.

1966 5355 2200 5410 Audiant
2243 5354 2361 5410 [nec
2406 5357 2552 5410 avari
2579 5367 2634 5410 et
2662 5357 2833 5413 aliena
2862 5362 3311 5432 concupiscentes
3331 5407 3345 5431 ,
3372 5378 3427 5422 et
3455 5367 3565 5425 dtet

1968 5449 2247 5517 noctisque
2293 5447 2652 5517 aequalitatem
2702 5449 2999 5506 imitentur.
3031 5455 3268 5510 Audiant
3315 5457 3482 5513 inﬂati
3513 5471 3566 5516 et

1966 5540 2074 5594 alta
2095 5541 2387 5608 sapientes,
2418 5549 2473 5594 et
2513 5543 2760 5596 nolentes
2789 5543 2988 5611 primas
3009 5556 3190 5614 partes
3215 5548 3338 5603 aliis
3363 5567 3564 5608 conce-

1966 5630 2118 5687 dere.
2141 5633 2260 5688 Dies
2280 5633 2419 5687 nocti
2443 5634 2582 5687 cedit
2601 5649 2700 5688 nec
2724 5635 2924 5690 alienos
2947 5637 3080 5692 lines
3107 5640 3330 5709 invadit;
3355 5651 3412 5698 tu
3438 5660 3570 5700 vero

1967 5737 2182 5794 semper
2226 5724 2432 5781 honore
2483 5723 2668 5780 fruens
2714 5728 2966 5784 tratribus
2994 5729 3137 5787 hunc
3163 5736 3568 5791 communicare

1972 5833 2080 5874 non
2112 5817 2395 5887 dignaris?
2419 5817 2489 5874 Et
2512 5818 2792 5875 considera
2837 5822 2965 5876 mihi
3007 5824 3327 5895 legislatorts
3357 5830 3570 5900 sapiew

3157 5926 3197 5984 7
