4232 6320
694 396 790 453 107

691 517 833 567 tiam.
867 512 921 567 lu
952 512 1143 584 hyeme
1185 511 1635 580 longumnoctem
1680 524 1798 563 esse
1821 508 2021 577 jussit,
2050 504 2267 576 quando

692 604 932 659 molliora
971 602 1173 659 semina
1209 609 1266 656 et
1297 602 1464 671 magis
1498 600 1785 671 frigescere
1821 598 2145 667 indigentia,
2171 610 2267 651 nec

686 695 995 749 calidiorem
1043 692 1249 747 radium
1303 692 1533 746 tolerant
1567 706 1580 747 :
1615 699 1893 761 postquam
1935 702 2066 741 vero
2111 673 2266 739 aucta

686 784 881 840 fuerint
906 825 920 847 ,
954 800 1057 839 una
1082 801 1203 840 cum
1236 785 1365 853 ipsis
1393 784 1584 838 crescit
1623 797 1833 836 rursum
1879 780 1996 835 dies
2017 819 2034 845 ,
2059 788 2113 832 et
2143 786 2268 832 tunc

695 876 753 929 fit
774 875 1005 945 longior,
1035 874 1249 945 quando
1271 873 1379 944 jam
1418 874 1560 943 viget
1606 872 1829 926 fructus.
1862 869 1972 923 [loc
1994 882 2124 922 vero
2161 882 2268 921 non

680 965 972 1021 seminibus
992 972 1214 1029 tantum,
1242 963 1335 1018 sed
1357 962 1516 1019 etiam
1543 960 1857 1036 corporibus
1883 966 2261 1028 opportunum.

680 1056 942 1125 Quoniam
991 1054 1183 1126 hyeme
1234 1064 1436 1119 nauta,
1466 1054 1789 1124 gubernator
1811 1061 1865 1105 et
1892 1050 2080 1113 viator,
2112 1049 2265 1102 miles

681 1159 735 1202 et
772 1146 1003 1217 agricola
1040 1147 1263 1201 multum
1313 1144 1457 1199 domi
1488 1143 1707 1210 sedent,
1730 1136 1851 1213 gelu
1882 1141 2265 1205 constricti,et

678 1240 773 1293 otii
807 1250 1015 1309 tempus
1058 1246 1139 1293 est
1187 1239 1240 1292 in
1270 1237 1467 1308 hyeme
1492 1278 1506 1301 ,
1551 1231 1671 1306 plus
1698 1234 1952 1303 temporis
1996 1233 2048 1286 in
2080 1242 2265 1287 noctes

676 1328 910 1399 impendi
938 1328 1077 1382 Deus
1113 1327 1408 1393 constituit,
1449 1341 1515 1381 ne
1551 1325 1654 1381 diei
1704 1322 1976 1394 longitudo
1994 1318 2263 1391 superflua

680 1422 770 1482 sit,
798 1418 929 1473 nihil
957 1417 1261 1473 hominibus
1292 1417 1467 1473 facere
1490 1415 1808 1471 valentibus.
1839 1414 1969 1481 Quis
1995 1414 2263 1482 anni-par-

675 1511 803 1563 tium
853 1509 1095 1563 ordinem
1147 1508 1329 1563 dicere
1382 1508 1547 1575 possit
1573 1508 1596 1559 ?
1622 1505 1890 1576 quomodo
1918 1504 2082 1560 ethre
2122 1514 2258 1558 tam-

676 1616 834 1669 quam
860 1601 1096 1670 virgines
1128 1599 1370 1670 quaedam
1404 1601 1457 1653 in
1492 1614 1626 1671 gyro
1646 1600 2061 1661 saltantes,cum
2094 1598 2257 1652 multa

675 1693 883 1746 ratione
913 1682 1023 1747 sibi
1041 1702 1224 1747 mutuo
1249 1692 1564 1756 succedunt,
1594 1701 1647 1746 et
1678 1691 1928 1760 paulatim
1961 1691 2077 1744 sine
2113 1698 2253 1743 stre-

676 1783 788 1850 pitu
819 1781 887 1837 ad
908 1784 1203 1838 contrarias
1224 1782 1415 1839 media:
1445 1782 1672 1844 transire
1702 1796 1807 1835 non
1835 1789 2047 1835 cessant
2070 1779 2093 1832 ?
2115 1780 2249 1834 Pro-

674 1883 850 1943 pterea
878 1890 980 1951 nec
1002 1875 1069 1930 ab
1115 1876 1307 1946 hyeme
1333 1891 1429 1929 nos
1468 1875 1665 1943 excipit
1693 1884 1872 1934 aestas.
1905 1888 2004 1928 nec
2046 1858 2113 1927 ab
2137 1875 2256 1943 ipsa

672 1968 851 2020 Statim
874 1964 1093 2038 hyems,
1122 1966 1215 2021 sed
1243 1966 1474 2021 medium
1509 1981 1607 2019 ver
1634 1964 2004 2034 interpositum
2033 1974 2146 2031 est,
2181 1968 2252 2022 ita

670 2068 726 2110 ut
753 2056 955 2113 sensim
982 2057 1315 2126 etpaulatim
1345 2055 1756 2111 succedentibus
1786 2055 2006 2110 densata
2024 2058 2249 2125 corpora

669 2159 850 2203 nostra
882 2148 1057 2203 testati
1095 2148 1211 2203 sine
1264 2148 1474 2202 tristitia
1525 2145 1792 2202 adducat:
1827 2148 2077 2216 quoniam
2109 2148 2251 2201 enim

668 2241 960 2297 subitanea:
990 2241 1041 2297 in
1072 2241 1404 2295 contrarium
1447 2239 1768 2293 mutationes
1794 2248 2170 2293 nocumentum
2199 2248 2253 2293 et

668 2334 913 2389 morbum
962 2332 1174 2402 pariunt
1226 2341 1565 2396 cxtrenwm,
1607 2330 1935 2400 dispensavit
1992 2329 2135 2384 Deus
2184 2329 2251 2383 ab

668 2427 858 2496 hyeme
880 2424 1091 2493 quidem
1117 2438 1211 2477 ver
1240 2438 1336 2476 nos
1361 2423 1611 2489 excipere
1633 2461 1649 2486 ,
1678 2437 1710 2475 a
1742 2437 1867 2476 vere
1893 2436 2055 2491 porro
2079 2430 2239 2476 (esta-

675 2528 801 2581 tem,
824 2515 892 2569 ab
913 2523 1098 2569 a‘state
1120 2525 1451 2577 autumnum,
1478 2522 1529 2566 et
1554 2514 1631 2568 sic
1650 2511 1829 2584 hyemi
1858 2513 2248 2567 transmittere:

666 2609 841 2677 itaque
872 2607 1116 2660 innocua:
1156 2614 1211 2660 et
1255 2603 1605 2675 procedentes
1636 2604 1899 2679 paulatim
1930 2604 2249 2659 mutationes

664 2716 727 2754 ex
753 2694 1032 2755 contrariis
1052 2698 1601 2768 anni'tempestatibus
1630 2713 1723 2765 per
1741 2697 1946 2754 medias
1971 2698 2123 2753 nobis
2148 2697 2246 2750 ad-

665 2792 901 2845 veniunt.
926 2790 1056 2857 Quis
1086 2790 1243 2859 igitur
1264 2798 1369 2843 tant
1397 2789 1559 2844 miser
1583 2796 1638 2843 et
1663 2802 2017 2853 terumnosus,
2033 2788 2123 2856 qui
2144 2803 2253 2843 etc-

666 2882 772 2934 lmn
804 2880 1023 2949 quidem
1048 2894 1278 2935 cernens
1298 2892 1571 2946 ,cernens
1602 2894 1730 2934 vero
1760 2893 1907 2933 mare
1949 2889 2002 2933 et
2024 2888 2245 2945 terram,

664 2975 1046 3039 tempestatum
1065 2972 1189 3026 anni
1220 2972 1530 3041 temperiem
1564 2980 1671 3025 tam
1693 2969 1976 3039 diligenter
2005 2969 2247 3024 modera-

666 3072 806 3126 tam,
831 3068 886 3116 et
928 3058 1298 3116 inconcussum
1344 3062 1449 3116 diei
1515 3069 1569 3115 et
1615 3062 1784 3116 noetis
1826 3061 2100 3128 ordinem,
2132 3061 2249 3116 haec

668 3162 857 3223 sponte
884 3151 997 3209 fieri
1030 3161 1176 3224 putet
1197 3196 1211 3219 ,
1244 3169 1342 3208 nec
1369 3154 1553 3209 adoret
1583 3169 1702 3209 eum
1729 3196 1741 3217 ,
1770 3154 1860 3223 qui
1904 3153 2024 3209 haec
2070 3154 2247 3213 omnia

662 3260 782 3300 eum
814 3245 1071 3315 sapientia
1109 3260 1340 3315 congrua
1361 3244 1665 3314 disposuit?
1692 3245 1872 3300 Habeo
1899 3244 2039 3314 quod
2067 3245 2263 3303 dicam.

664 3345 719 3389 et
766 3336 845 3388 his
885 3336 1055 3405 majus
1104 3352 1117 3389 :
1164 3352 1267 3389 non
1294 3335 1434 3389 enim
1483 3333 1791 3405 magnitudo
1818 3344 2017 3389 tantum
2048 3344 2099 3389 et
2130 3336 2246 3404 pul-

667 3426 935 3491 cltritudo,
964 3427 1057 3481 sed
1086 3434 1141 3480 et
1168 3427 1283 3496 ipse
1309 3427 1599 3490 creationis
1620 3424 1812 3479 modus
1840 3424 2079 3479 omnium
2108 3438 2242 3478 con-

662 3521 889 3574 ditorem
934 3519 1285 3575 demonstrat.
1337 3519 1601 3585 Quoniam
1664 3518 1809 3573 enim
1867 3517 2118 3572 condenti
2185 3525 2240 3571 et

665 3610 865 3664 creanti
908 3611 1083 3665 omnia
1124 3611 1191 3665 ab
1216 3610 1368 3665 initio
1396 3624 1501 3665 non
1522 3608 1822 3672 aderamus,
1853 3624 2044 3679 neque,
2075 3607 2119 3661 si
2148 3609 2244 3661 ad-

663 3703 965 3766 fuissemus,
995 3701 1262 3771 quomodo
1291 3700 1489 3755 ﬁebant
1529 3700 1669 3755 scire
1699 3712 2027 3769 peieramus,
2055 3698 2241 3752 invisi-

664 3794 754 3849 bili
808 3794 1001 3848 virtute
1042 3803 1230 3847 cuncta
1286 3802 1677 3861 componente,
1731 3793 1905 3860 ipsum
1959 3790 2244 3845 creationis

666 3883 878 3939 modum
908 3882 1167 3950 optimum
1194 3878 1346 3937 nobis
1375 3884 1686 3951 magistrum
1723 3878 1843 3935 esse
1883 3880 2027 3945 fecit,
2053 3895 2242 3949 super-

665 3974 887 4029 naturali
918 3975 1297 4045 consequentia
1332 3987 1658 4041 componens
1678 3973 1853 4026 omnia
1881 3988 1997 4042 quae
2029 3972 2240 4025 fiebant.

668 4060 823 4122 Forte
857 4066 999 4137 quod
1028 4048 1156 4120 dixi
1187 4065 1466 4120 obscurius
1501 4075 1584 4119 est
1623 4082 1636 4117 :
1686 4064 1849 4135 igitur
1872 4080 2109 4118 necesse
2145 4065 2246 4117 hoc

666 4173 876 4212 rursum
916 4158 1243 4211 manifestius
1284 4156 1485 4211 dicere.
1538 4156 1735 4210 Omnes
1763 4156 1942 4225 utique
1983 4154 2247 4208 fateantur

666 4259 864 4302 natura:
906 4249 1341 4318 consequentiam
1391 4262 1512 4302 eSSe
1537 4289 1551 4311 ,
1585 4256 1640 4300 ut
1692 4261 1829 4315 aqua
1861 4260 2020 4314 super
2047 4256 2243 4300 terram

664 4338 760 4393 sed
804 4354 907 4393 non
940 4348 1078 4392 terra
1132 4338 1198 4391 ab
1226 4339 1377 4407 aquis
1424 4329 1835 4391 feratur.i'l‘erra
1888 4336 2083 4404 quippe
2123 4350 2245 4388 cum

666 4428 732 4481 sit
762 4426 923 4481 densa
954 4470 968 4493 ,
998 4429 1129 4482 dura
1160 4438 1212 4482 et
1255 4443 1358 4481 non
1390 4428 1583 4481 cedens
1611 4468 1625 4490 ,
1658 4435 1819 4495 atque
1860 4426 2027 4480 solida
2052 4467 2065 4489 ,
2095 4425 2246 4480 facile

670 4525 840 4585 potest
880 4531 1135 4587 aquarum
1171 4530 1410 4570 naturam
1459 4520 1721 4570 sustinere
1753 4533 1766 4579 ;
1799 4531 1933 4584 aqua
1973 4532 2099 4569 vero
2122 4530 2244 4569 cum

668 4608 861 4677 liquida
886 4611 955 4662 sit
984 4619 1038 4663 et
1062 4610 1258 4673 mollis,
1295 4619 1581 4676 teneraque
1608 4618 1663 4662 ct
1686 4606 1953 4674 diffluens,
1985 4617 2039 4661 et
2068 4608 2243 4661 omni--

667 4702 766 4755 bus
793 4701 988 4755 cedens
1036 4702 1475 4767 occurrentibus,
1505 4700 1703 4754 nullum
1756 4715 1949 4769 corpus
1995 4716 2242 4770 umquam

665 4794 931 4847 sustinere
959 4793 1181 4857 valeret,
1206 4794 1410 4848 etiamsi
1442 4793 1765 4847 levissimmn
1812 4795 1880 4847 sit
1909 4811 1921 4846 :
1955 4810 2076 4849 nam
2104 4808 2247 4862 smpe

662 4885 839 4954 lapillo
870 4884 1117 4939 incidenti
1147 4900 1309 4955 parvo
1336 4885 1477 4939 cedit
1505 4894 1557 4939 et
1601 4885 1824 4955 refugit,
1874 4886 2151 4955 ipsumque
2179 4886 2245 4941 ad

664 4974 977 5043 profundum
1011 4974 1473 5030 transmittit.Cum
1499 4976 1693 5029 videris
1720 4977 1874 5044 igitur
1888 4994 1989 5029 non
2014 4978 2245 5046 lapillum

664 5082 882 5135 parvum
900 5108 915 5130 ,
935 5062 1031 5118 sed
1048 5072 1244 5118 terram
1278 5082 1489 5119 omnem
1532 5081 1691 5134 super
1714 5082 1876 5135 aquas
1901 5066 2046 5133 ferri,
2077 5084 2247 5137 neque

659 5156 948 5226 submergi.
973 5157 1232 5210 admirare
1258 5157 1543 5225 potentiam
1570 5170 1727 5225 supra
1752 5166 1989 5210 naturam
2018 5157 2130 5211 ham
2151 5158 2250 5211 mi-

663 5249 898 5304 rabiliter
919 5259 1245 5318 operantem.
1280 5249 1345 5303 Et
1398 5248 1537 5303 unde
1570 5249 1670 5303 hoc
1698 5248 2054 5313 manifestum,
2104 5249 2246 5317 quod

664 5351 801 5394 terra
828 5355 986 5407 sUper
1000 5354 1161 5408 aquas
1184 5338 1420 5393 feratur?
1445 5339 1707 5407 Propheta
1736 5340 1835 5393 hoc
1860 5338 2003 5393 dicit:
2031 5339 2147 5408 Ipse
2162 5356 2250 5393 su-

664 5447 752 5499 per
775 5432 933 5482 maria
956 5431 1185 5500 fundarit
1216 5447 1322 5485 eam
1340 5441 1382 5483 et
1404 5448 1555 5501 super
1580 5433 1791 5499 ﬂumina
1816 5433 2116 5499 pra’pararit
2138 5448 2247 5483 eant

664 5520 1004 5593 (Psalﬂﬁﬁ):
1024 5532 1073 5575 et
1102 5537 1330 5583 rursum,
1360 5522 1460 5587 Qui
1476 5523 1701 5588 fundavit
1722 5531 2067 5588 terramsuper
2088 5538 2246 5589 aquas

662 5612 834 5679 (Paul.
870 5613 990 5667 155.
1014 5612 1235 5681 6).Quid
1284 5612 1459 5667 dicis?
1491 5613 1723 5678 lapillum
1746 5613 1989 5680 exiguum
2030 5628 2162 5679 aqua
2191 5613 2243 5667 in

660 5702 941 5773 superficie
969 5703 1107 5758 ferre
1140 5720 1245 5758 non
1271 5713 1479 5774 potest,
1511 5713 1566 5758 et
1611 5713 1801 5757 terram
1836 5713 2029 5757 tantam
2059 5705 2194 5772 gerit
2223 5744 2238 5769 ,

661 5806 716 5851 et
741 5805 969 5862 montes,
1000 5804 1055 5852 et
1074 5796 1257 5864 colles,
1285 5804 1339 5851 et
1367 5794 1545 5864 urbes,
1568 5803 1622 5850 et
1645 5796 1872 5865 plantas,
1896 5803 1947 5850 et
1973 5795 2236 5862 homines,

1390 398 1448 451 S.
1488 396 1765 453 JOANNIS
1803 392 2275 451 CllRYSOSTO‘Jll
2319 394 2631 451 ARCIIIZJ‘.
2675 397 3206 457 CONSTANTINOI‘.

3864 408 3965 462 MS

2379 514 2431 559 et
2458 503 2630 571 bruta,
2655 515 2708 561 et
2736 523 2839 563 non
2877 510 3268 580 suluncrgitur?
3295 512 3359 566 Et
3387 514 3509 583 quid
3536 514 3677 583 dico,
3703 532 3805 570 nun
3834 519 3965 572 sub-

2380 597 2637 664 mergitur
2666 612 2680 661 ;
2710 600 2975 667 quomodo
3017 601 3235 657 inferius
3286 604 3667 660 circumstante
3690 606 3789 661 sibi
3820 624 3961 677 aqua
4056 628 4059 629 ν

2376 692 2522 739 tanto
2546 695 2786 757 tempore
2834 699 3054 743 nonest
3090 691 3348 746 dissoluta
3371 734 3386 757 ,
3436 711 3533 749 nec
3579 697 3744 750 lutum
3784 700 3965 752 omnia

2375 775 2508 829 facta
2531 772 2698 832 sunt?
2722 773 2776 833 Si
2804 780 2944 835 enim
2971 781 3235 851 lignorum
3263 796 3453 841 natura
3485 802 3667 855 parum
3700 791 3963 858 temporis

2373 869 2522 936 aquis
2543 870 2823 925 immorata
2849 876 3206 943 corrumpitur
3229 887 3283 931 et
3306 878 3651 945 dissolvitur;
3681 881 3806 952 quid
3834 881 3965 936 dico

2374 955 2642 1026 lignorum
2688 961 3073 1033 natura?quid
3117 962 3259 1020 ferro
3314 968 3544 1023 validius
3588 984 3707 1026 esse
3746 972 3963 1041 possit?

2372 1048 2463 1103 Sed
2493 1060 2545 1104 et
2577 1050 2678 1106 hoc
2703 1067 2845 1121 saepe
2872 1056 3137 1110 mollescit
3167 1099 3181 1122 ,
3214 1073 3333 1113 cum
3361 1075 3570 1129 semper
3594 1063 3645 1115 in
3670 1064 3822 1129 aquis
3849 1080 3959 1116 ma-
4018 1060 4019 1065 “
4072 1052 4085 1060 ’

2374 1152 2481 1206 net,
2510 1152 2567 1197 et
2588 1146 2791 1199 merito
2820 1163 2834 1199 :
2867 1148 3062 1217 quippe
3084 1158 3136 1203 et
3168 1149 3338 1219 ipsum
3360 1167 3390 1206 a
3422 1161 3565 1207 terra
3605 1153 3958 1209 substantiam

2370 1232 2547 1287 habet.
2591 1232 2879 1304 Propterea
2929 1238 3083 1293 multi
3130 1238 3472 1310 fugitivorum
3508 1257 3783 1299 servorum
3810 1255 3959 1314 post-

2366 1339 2524 1394 quam
2546 1323 2831 1395 compedes
2856 1338 2910 1384 et
2938 1340 3154 1386 catenas
3182 1334 3547 1403 pertralientes
3576 1334 3856 1405 fugerunt,
3887 1338 3956 1392 ad

2366 1416 2509 1469 rivos
2536 1431 2790 1486 aquarum
2823 1421 3097 1475 venientes
3141 1432 3195 1476 et
3240 1424 3447 1478 vinctos
3484 1425 3635 1496 aquis
3668 1425 3829 1493 pedes
3853 1429 3957 1481 int-

2365 1507 2634 1562 mittentes
2658 1550 2671 1573 ,
2699 1514 2753 1564 et
2790 1512 2867 1565 sic
2899 1514 3112 1567 mollius
3140 1512 3344 1568 ferrum
3388 1514 3664 1581 facientes,
3693 1519 3844 1573 facile
3866 1520 3951 1573 la-

2365 1598 2484 1665 pide
2532 1601 2901 1669 percutientes
2927 1603 3257 1673 diffringent.
3310 1606 3474 1677 Igitur
3508 1608 3708 1665 ferrum
3736 1612 3952 1680 quidem

2362 1689 2644 1757 mollescit,
2677 1692 2817 1763 ligna
2849 1694 3139 1763 putrefiunt
3161 1736 3177 1761 ,
3208 1706 3265 1751 et
3305 1698 3511 1767 lapides
3536 1712 3956 1770 corrumpuntur

2361 1774 2428 1833 ab
2455 1794 2710 1850 aquarum
2744 1792 2934 1838 natura
2959 1802 2974 1849 ;
3002 1795 3157 1841 terra:
3177 1803 3306 1843 vero
3329 1790 3637 1860 magnitudo
3657 1799 3803 1847 tanto
3823 1803 3953 1848 tem-

2363 1888 2493 1940 pore
2522 1875 2673 1944 aquis
2710 1877 2955 1945 imposita
2975 1919 2992 1945 ,
3043 1894 3148 1933 non
3176 1890 3259 1935 est
3286 1882 3564 1939 submersa
3586 1927 3600 1952 ,
3648 1901 3745 1941 nec
3775 1884 3951 1941 disso—

2364 1961 2491 2026 luta,
2523 1974 2624 2020 nec
2652 1966 2879 2034 perdita.

2428 2056 2480 2108 4.
2514 2053 2580 2108 Et
2604 2057 2722 2124 quis
2753 2056 2867 2111 haec
2897 2073 3000 2113 non
3030 2061 3374 2130 Obstupescat
3398 2074 3452 2117 et
3482 2064 3806 2129 admiretur,
3844 2082 3947 2123 nec

2358 2157 2477 2197 cum
2508 2144 2696 2199 fiducia
2726 2146 2885 2213 dicat,
2917 2164 3021 2202 non
3049 2165 3167 2205 esse
3199 2162 3401 2207 natura:
3428 2168 3589 2222 opera
3609 2158 3724 2222 ,sed
3742 2150 3943 2212 Provi—

2356 2233 2549 2288 dentia:
2589 2246 2829 2311 naturam
2858 2240 3209 2295 excedentis?
3257 2242 3377 2297 Ideo
3407 2244 3619 2314 quidam
3653 2248 3815 2301 dicit:
3843 2247 3945 2314 Qui

2353 2328 2615 2395 suspendit
2642 2339 2825 2381 terram
2854 2342 3004 2400 super
3046 2332 3206 2386 nihilo
3237 2333 3360 2403 (Job
3411 2335 3501 2389 26.
3532 2334 3586 2407 7)
3611 2356 3624 2391 :
3651 2339 3784 2392 alius
3812 2355 3945 2394 vero

2353 2417 2565 2487 quidam
2599 2439 2613 2471 :
2646 2417 2715 2473 In
2753 2437 2909 2475 manu
2958 2423 3117 2492 ipsius
3159 2425 3284 2492 ﬁnes
3326 2438 3475 2481 terra
3512 2425 3681 2495 (Ρεαι.
3726 2430 3815 2484 94.
3858 2432 3941 2500 4).

2353 2505 2523 2575 Item,
2572 2509 2741 2579 Super
2794 2514 2955 2566 maria
3002 2515 3234 2585 fundarit
3281 2520 3390 2570 eam
3440 2513 3607 2589 ('Psal.
3643 2516 3732 2575 23.
3762 2520 3840 2589 2).
3874 2523 3942 2576 Et

2355 2597 2470 2653 lucc
2501 2600 2714 2669 quidem
2744 2606 3010 2657 contraria
3038 2620 3157 2659 esse
3183 2606 3463 2673 videntur,
3510 2610 3727 2665 ηιιιίιωιι
3761 2624 3941 2670 tamen

2353 2688 2551 2743 habent
2577 2693 3001 2748 consonantiam.
3035 2694 3134 2769 Qui
3167 2697 3307 2751 enim
3351 2698 3519 2765 dixit,
3564 2696 3733 2769 Super
3777 2704 3942 2757 maria

2352 2781 2584 2849 fundavit
2609 2798 2749 2847 eam,
2786 2784 2923 2838 idem
2950 2784 3080 2839 dixit
3108 2796 3265 2856 atque
3305 2788 3350 2842 is
3390 2791 3480 2859 qui
3507 2790 3579 2844 ait
3606 2792 3747 2861 quod
3776 2808 3943 2863 super

2354 2870 2521 2924 nihilo
2564 2880 2757 2926 terram
2809 2876 3187 2943 suspenderit:
3219 2890 3382 2947 super
3420 2890 3583 2948 aquas
3626 2882 3767 2935 enim
3810 2898 3943 2936 eon-

2351 2960 2540 3015 sistere
2565 2963 2769 3031 :cquale
2789 2974 2870 3018 est
2892 2980 2953 3019 ac
2973 2979 3134 3035 super
3160 2967 3327 3022 nihilo
3351 2970 3625 3038 suspendi.
3655 2971 3753 3027 Ubi
3780 2974 3942 3044 igitur

2351 3066 2604 3121 suspensa
2635 3063 2689 3108 et
2718 3064 2909 3110 statuta
2938 3058 3054 3112 est?
3084 3058 3222 3113 Audi
3278 3062 3523 3116 eumdem
3549 3061 3809 3120 dicentem
3834 3084 3845 3118 :
3870 3065 3939 3119 1η

2351 3158 2504 3195 manu
2555 3143 2713 3213 ipsius
2761 3144 2887 3213 ﬁnes
2934 3155 3098 3201 terra.
3153 3147 3268 3202 Non
3316 3150 3456 3219 quod
3508 3166 3697 3207 manus
3744 3154 3940 3209 habent

2350 3231 2491 3286 Deus
2514 3272 2528 3295 ,
2560 3232 2652 3287 sed
2684 3240 2742 3287 ut
2768 3230 2976 3309 discas,
3026 3237 3194 3306 ipsius
3226 3240 3514 3307 potentiam
3544 3243 3790 3296 omnibus
3814 3260 3941 3314 pro-

2350 3323 2614 3379 videntem
2644 3341 2798 3394 esse,
2828 3343 2947 3397 qua:
2977 3337 3133 3383 terra:
3162 3346 3356 3400 corpus
3388 3335 3622 3388 continet
3648 3346 3701 3389 et
3737 3346 3935 3405 portat.

2350 3414 2406 3471 Si
2441 3417 2597 3472 dictis
2636 3434 2739 3473 non
2771 3421 2980 3485 credis,
3028 3422 3091 3476 iis
3120 3438 3237 3491 qua:
3268 3424 3415 3479 vides
3450 3427 3606 3480 crede
3632 3444 3643 3479 :
3668 3438 3721 3481 ct
3746 3426 3797 3481 in
3828 3429 3939 3481 alio

2349 3506 2543 3576 quippe
2559 3508 2829 3563 elemento
2845 3509 2981 3565 hanc
2999 3511 3292 3566 mirabilem
3311 3517 3671 3583 operationem
3698 3518 3939 3574 invenire

2350 3598 2492 3651 licet.
2522 3599 2661 3669 ignis
2684 3602 2824 3654 enim
2856 3612 3040 3657 natura
3070 3605 3174 3657 alta
3205 3606 3353 3673 petit,
3376 3617 3429 3661 et
3459 3609 3508 3661 in
3541 3610 3766 3665 sublime
3794 3626 3938 3665 sem-

2350 3704 2447 3756 per
2474 3690 2613 3754 salit,
2648 3701 2699 3745 et
2725 3708 2754 3745 a
2788 3704 2973 3747 natura
2995 3706 3061 3749 'ut
3088 3697 3324 3759 exsiliat,
3357 3699 3555 3755 habet:
3580 3709 3633 3755 et
3659 3702 3783 3757 licet
3812 3705 3936 3757 inti-

2349 3779 2456 3831 nita
2483 3794 2683 3849 cogant
2701 3795 2754 3837 et
2782 3796 3035 3855 urgeant,
3064 3788 3129 3840 ad
3161 3786 3410 3843 inferiora
3441 3790 3635 3846 deferri
3663 3809 3769 3848 non
3794 3797 3936 3864 pati-

2352 3879 2454 3924 tur.
2484 3870 2887 3944 Nonnumquam
2929 3877 3069 3931 enim
3114 3878 3280 3934 facem
3322 3896 3598 3936 accensam
3630 3886 3936 3953 capientes.

2349 3971 2404 4017 et
2432 3964 2482 4017 in
2508 3976 2665 4033 caput
2691 3966 3037 4035 inclinantes,
3086 3970 3222 4037 ignis
3261 3974 3513 4041 impetum
3548 3976 3766 4029 inferius
3810 3978 3935 4031 ferri

2351 4068 2457 4109 non
2499 4058 2739 4128 cogimus
2765 4078 2777 4115 :
2801 4060 2893 4113 sed
2922 4070 2975 4114 et
3001 4063 3076 4116 sic
3105 4064 3157 4115 in
3187 4066 3458 4132 superiora
3489 4068 3752 4133 recurrit,
3797 4077 3854 4123 et
3882 4070 3936 4123 in

2350 4151 2577 4205 sublime
2608 4150 2812 4205 inferne
2843 4151 3082 4215 festinat;
3134 4155 3183 4208 in
3229 4157 3342 4210 sole
3368 4172 3497 4211 vero
3528 4168 3691 4213 totum
3718 4170 3936 4214 eontra-

2350 4243 2487 4296 rium
2518 4243 2654 4297 Deus
2700 4242 2823 4297 fecit
2847 4261 2859 4296 :
2886 4244 3050 4312 ipsius
3087 4247 3226 4299 enim
3273 4248 3450 4301 radios
3483 4250 3546 4302 ad
3582 4260 3776 4303 terram
3806 4267 3939 4305 con-

2350 4334 2541 4399 vertit,
2583 4342 2637 4387 et
2674 4333 2845 4389 lucem
2895 4335 3019 4389 fecit
3058 4335 3278 4389 inferius
3312 4353 3563 4407 vergere;
3599 4348 3799 4393 tantum
3827 4357 3935 4395 non

2349 4418 2532 4478 dicens
2558 4424 2657 4492 ipsi
2689 4440 2781 4493 per
2806 4425 3047 4494 figuram,
3086 4423 3307 4479 Inferius
3334 4429 3597 4495 prospice,
3624 4438 3675 4481 et
3700 4429 3937 4483 homini-

2352 4517 2450 4567 bus
2491 4514 2875 4583 Iucezpropter
2914 4515 3032 4569 illos
3075 4516 3216 4569 enim
3266 4516 3439 4571 factus
3479 4533 3555 4573 es.
3600 4520 3664 4573 Et
3705 4508 3936 4577 lueerntn

2352 4604 2562 4671 quidem
2592 4602 2803 4657 flamma
2835 4605 2933 4657 hoc
2965 4605 3067 4672 pati
3101 4620 3205 4658 non
3250 4616 3454 4674 potest;
3487 4608 3633 4661 sidus
3659 4624 3788 4663 vero
3828 4618 3935 4663 tam

2352 4709 2597 4763 magnum
2626 4704 2681 4746 et
2708 4694 3018 4749 admirabile
3047 4696 3112 4749 ad
3140 4697 3389 4751 inferiora
3431 4699 3600 4767 vergit
3639 4708 3693 4753 et
3732 4700 3799 4753 ad
3831 4710 3938 4753 ter-

2352 4802 2464 4840 ram
2496 4786 2741 4855 reSpieit,
2793 4796 2974 4839 contra
3016 4802 3172 4855 quam
3220 4788 3388 4855 ignis,
3435 4798 3654 4860 propter
3692 4789 3809 4857 ejus
3844 4792 3935 4859 qui

2347 4876 2507 4945 jussit
2554 4877 2863 4945 potentiam.
2913 4876 3002 4931 Vis
3044 4886 3098 4930 et
3137 4877 3278 4931 aliud
3327 4879 3430 4931 tale
3477 4881 3939 4934 commemorent?

2354 4970 2518 5023 Dorsa
2540 4969 2652 5023 coeli
2682 4968 2835 5037 hujus
2861 4968 3012 5022 nobis
3041 4971 3312 5037 conspicui
3344 4984 3495 5038 aqua:
3523 4970 3756 5039 undique
3781 4985 3929 5025 com-

2354 5060 2704 5129 prehendunt,
2738 5069 2791 5112 et
2822 5075 2991 5128 neque
3019 5059 3257 5113 defluunt
3289 5074 3458 5127 neque
3488 5059 3788 5113 excedunt:
3813 5060 3938 5116 licet

2355 5167 2457 5205 non
2488 5152 2606 5206 talis
2628 5152 2696 5204 sit
2726 5166 2983 5219 aquarum
3014 5159 3221 5213 natura,
3253 5150 3346 5203 sed
3380 5151 3428 5201 in
3460 5165 3692 5203 concava
3718 5150 3935 5221 quidem

2355 5243 2504 5298 f..cile
2529 5253 2846 5297 concurrant
2870 5258 2884 5307 ;
2917 5256 3037 5296 cum
3082 5250 3259 5294 autem
3288 5242 3355 5295 sit
3380 5257 3573 5311 corpus
3599 5257 3937 5307 convexum,

2352 5336 2580 5404 undique
2600 5333 2857 5397 defluunt,
2881 5342 2935 5386 et
2956 5348 3125 5401 neque
3151 5332 3355 5386 modica
3383 5344 3564 5387 earum
3598 5348 3719 5403 pars
3748 5349 3801 5387 in
3847 5335 3936 5386 tali

2354 5435 2530 5496 posset
2572 5425 2687 5477 loco
2731 5424 3043 5477 subsistere.
3090 5422 3195 5476 Sed
3234 5437 3361 5476 ecce
3398 5422 3499 5477 hoc
3537 5423 3849 5477 miraculum
3884 5425 3935 5477 in

2348 5516 2493 5570 caelis
2522 5516 2715 5570 factum
2743 5525 2843 5575 est,
2876 5525 2929 5567 et
2956 5512 3057 5566 hoc
3083 5514 3253 5582 ipsum
3285 5528 3469 5567 rursus
3495 5508 3779 5572 insinuans
3800 5518 3932 5571 Pro-

2350 5610 2529 5679 pheta,
2562 5609 2769 5663 dicebat
2795 5627 2806 5660 :
2836 5607 3063 5660 Laudute
3091 5604 3364 5659 Dominum
3384 5647 3396 5669 ,
3430 5621 3604 5674 aquae,
3637 5621 3755 5675 qua:
3787 5621 3935 5671 super

2350 5704 2498 5756 caelos
2542 5703 2658 5756 estis
2710 5701 2879 5773 (Psat.
2929 5699 3053 5755 148.
3106 5701 3186 5765 4).
3244 5700 3311 5753 Et
3364 5713 3535 5767 neque
3582 5712 3717 5765 aqua
3767 5696 3933 5750 solent

2353 5797 2637 5865 exstinxit,
2682 5809 2851 5865 neque
2898 5794 2977 5848 sol
3022 5800 3166 5846 tanto
3206 5790 3391 5845 subtus
3421 5788 3618 5843 vadens
3659 5796 3935 5857 tempore,
