  <div class='ocr_page' id='page_1' title='image "/cluster/home/n/w/nwhite01/storage/ocr_20150623/49/pst.000005712465/111.png"; bbox 0 0 4232 6320; ppageno 0'>
   <div class='ocr_carea' id='block_1_1' title="bbox 483 370 588 428">
    <p class='ocr_par' dir='ltr' id='par_1_1' title="bbox 483 370 588 428">
     <span class='ocr_line' id='line_1_1' title="bbox 483 370 588 428; baseline 0.048 -5"><span class='ocrx_word' id='word_1_1' title='bbox 483 370 588 428; x_wconf 72' lang='grc' dir='ltr'><strong>ίθθ</strong></span> 
     </span>
    </p>
   </div>
   <div class='ocr_carea' id='block_1_2' title="bbox 487 475 2155 559">
    <p class='ocr_par' dir='ltr' id='par_1_2' title="bbox 487 475 2155 559">
     <span class='ocr_line' id='line_1_2' title="bbox 487 475 2155 559; baseline -0.009 -18"><span class='ocrx_word' id='word_1_2' title='bbox 487 502 650 558; x_wconf 88' lang='grc' dir='ltr'><strong>μενον</strong></span> <span class='ocrx_word' id='word_1_3' title='bbox 700 480 1028 553; x_wconf 81' lang='grc' dir='ltr'><strong>ἀνεξήρανεν</strong></span> <span class='ocrx_word' id='word_1_4' title='bbox 1076 478 1240 552; x_wconf 77' lang='grc' dir='ltr'><strong>ὕδωρ.</strong></span> <span class='ocrx_word' id='word_1_5' title='bbox 1281 479 1467 533; x_wconf 84' lang='grc' dir='ltr'><strong>Βούλει</strong></span> <span class='ocrx_word' id='word_1_6' title='bbox 1507 478 1763 559; x_wconf 42' lang='grc' dir='ltr'><strong>σεςπάλιν</strong></span> <span class='ocrx_word' id='word_1_7' title='bbox 1806 479 1887 541; x_wconf 91' lang='grc' dir='ltr'><strong>εἰς</strong></span> <span class='ocrx_word' id='word_1_8' title='bbox 1917 476 2019 548; x_wconf 77' lang='grc' dir='ltr'><strong>τὴν</strong></span> <span class='ocrx_word' id='word_1_9' title='bbox 2051 475 2155 546; x_wconf 89' lang='grc' dir='ltr'><strong>γῆν</strong></span> 
     </span>
    </p>
   </div>
   <div class='ocr_carea' id='block_1_3' title="bbox 482 563 2151 640">
    <p class='ocr_par' dir='ltr' id='par_1_3' title="bbox 482 563 2151 640">
     <span class='ocr_line' id='line_1_3' title="bbox 482 563 2151 640; baseline -0.008 -13"><span class='ocrx_word' id='word_1_10' title='bbox 482 571 902 640; x_wconf 79' lang='grc' dir='ltr'><strong>καταγάγωμεν,</strong></span> <span class='ocrx_word' id='word_1_11' title='bbox 952 566 1047 621; x_wconf 74' lang='grc' dir='ltr'><strong>καὶ</strong></span> <span class='ocrx_word' id='word_1_12' title='bbox 1098 567 1161 621; x_wconf 80' lang='grc' dir='ltr'><strong>τὸ</strong></span> <span class='ocrx_word' id='word_1_13' title='bbox 1190 566 1378 637; x_wconf 90' lang='grc' dir='ltr'><strong>θαῦμα</strong></span> <span class='ocrx_word' id='word_1_14' title='bbox 1419 565 1812 636; x_wconf 79' lang='grc' dir='ltr'><strong>ἰπιδείξωμεν;</strong></span> <span class='ocrx_word' id='word_1_15' title='bbox 1857 564 1970 634; x_wconf 71' lang='grc' dir='ltr'><strong>Οὐχ</strong></span> <span class='ocrx_word' id='word_1_16' title='bbox 2021 563 2151 635; x_wconf 80' lang='grc' dir='ltr'><strong>ὁρᾷς</strong></span> 
     </span>
    </p>
   </div>
   <div class='ocr_carea' id='block_1_4' title="bbox 478 652 2150 730">
    <p class='ocr_par' dir='ltr' id='par_1_4' title="bbox 478 652 2150 730">
     <span class='ocr_line' id='line_1_4' title="bbox 478 652 2150 730; baseline -0.007 -15"><span class='ocrx_word' id='word_1_17' title='bbox 478 659 701 728; x_wconf 75' lang='grc' dir='ltr'><strong>ταυτηνὶ</strong></span> <span class='ocrx_word' id='word_1_18' title='bbox 715 657 814 730; x_wconf 79' lang='grc' dir='ltr'><strong>τὴν</strong></span> <span class='ocrx_word' id='word_1_19' title='bbox 834 655 1128 722; x_wconf 83' lang='grc' dir='ltr'><strong>θάλατταν,</strong></span> <span class='ocrx_word' id='word_1_20' title='bbox 1154 654 1252 727; x_wconf 82' lang='grc' dir='ltr'><strong>τήν</strong></span> <span class='ocrx_word' id='word_1_21' title='bbox 1284 654 1544 726; x_wconf 78' lang='grc' dir='ltr'><strong>κυμάτων</strong></span> <span class='ocrx_word' id='word_1_22' title='bbox 1569 654 1843 725; x_wconf 73' lang='grc' dir='ltr'><strong>γέμουσαν</strong></span> <span class='ocrx_word' id='word_1_23' title='bbox 1872 652 1965 706; x_wconf 67' lang='grc' dir='ltr'><strong>καί⁵</strong></span> <span class='ocrx_word' id='word_1_24' title='bbox 1989 668 2150 705; x_wconf 87' lang='grc' dir='ltr'><strong>πνευ-</strong></span> 
     </span>
    </p>
   </div>
   <div class='ocr_carea' id='block_1_5' title="bbox 481 740 2154 821">
    <p class='ocr_par' dir='ltr' id='par_1_5' title="bbox 481 740 2154 821">
     <span class='ocr_line' id='line_1_5' title="bbox 481 740 2154 821; baseline -0.005 -19"><span class='ocrx_word' id='word_1_25' title='bbox 481 750 668 821; x_wconf 81' lang='grc' dir='ltr'><strong>μάτων</strong></span> <span class='ocrx_word' id='word_1_26' title='bbox 694 746 923 818; x_wconf 73' lang='grc' dir='ltr'><strong>βιαίωνς</strong></span> <span class='ocrx_word' id='word_1_27' title='bbox 963 746 1081 800; x_wconf 84' lang='grc' dir='ltr'><strong>ἀλλ’</strong></span> <span class='ocrx_word' id='word_1_28' title='bbox 1120 744 1260 815; x_wconf 80' lang='grc' dir='ltr'><strong>αὕτη</strong></span> <span class='ocrx_word' id='word_1_29' title='bbox 1292 746 1327 815; x_wconf 89' lang='grc' dir='ltr'><strong>ή</strong></span> <span class='ocrx_word' id='word_1_30' title='bbox 1358 743 1601 799; x_wconf 90' lang='grc' dir='ltr'><strong>θάλαττα</strong></span> <span class='ocrx_word' id='word_1_31' title='bbox 1646 744 1681 815; x_wconf 85' lang='grc' dir='ltr'><strong>ἡ</strong></span> <span class='ocrx_word' id='word_1_32' title='bbox 1714 740 2025 815; x_wconf 77' lang='grc' dir='ltr'><strong>εὐρύχωρος</strong></span> <span class='ocrx_word' id='word_1_33' title='bbox 2060 741 2154 793; x_wconf 79' lang='grc' dir='ltr'><strong>καὶ</strong></span> 
     </span>
    </p>
   </div>
   <div class='ocr_carea' id='block_1_6' title="bbox 479 828 2154 907">
    <p class='ocr_par' dir='ltr' id='par_1_6' title="bbox 479 828 2154 907">
     <span class='ocr_line' id='line_1_6' title="bbox 479 828 2154 907; baseline -0.006 -16"><span class='ocrx_word' id='word_1_34' title='bbox 479 835 689 907; x_wconf 84' lang='grc' dir='ltr'><strong>μεγάλη</strong></span> <span class='ocrx_word' id='word_1_35' title='bbox 719 836 815 890; x_wconf 79' lang='grc' dir='ltr'><strong>καὶ</strong></span> <span class='ocrx_word' id='word_1_36' title='bbox 851 832 1150 906; x_wconf 79' lang='grc' dir='ltr'><strong>μαινομένη</strong></span> <span class='ocrx_word' id='word_1_37' title='bbox 1182 830 1407 903; x_wconf 17' lang='grc' dir='ltr'><strong>ἀσθενεῖ,</strong></span> <span class='ocrx_word' id='word_1_38' title='bbox 1431 831 1647 902; x_wconf 80' lang='grc' dir='ltr'>ψάμμῳ</span> <span class='ocrx_word' id='word_1_39' title='bbox 1688 829 2008 900; x_wconf 83' lang='grc' dir='ltr'><strong>τειχίζεται.</strong></span> <span class='ocrx_word' id='word_1_40' title='bbox 2040 828 2154 882; x_wconf 72' lang='grc' dir='ltr'><strong>Καὶ</strong></span> 
     </span>
    </p>
   </div>
   <div class='ocr_carea' id='block_1_7' title="bbox 476 915 2153 991">
    <p class='ocr_par' dir='ltr' id='par_1_7' title="bbox 476 915 2153 991">
     <span class='ocr_line' id='line_1_7' title="bbox 476 915 2153 991; baseline -0.006 -12"><span class='ocrx_word' id='word_1_41' title='bbox 476 924 672 979; x_wconf 85' lang='grc' dir='ltr'><strong>σκόπει</strong></span> <span class='ocrx_word' id='word_1_42' title='bbox 717 923 851 978; x_wconf 85' lang='grc' dir='ltr'><strong>Θεοῦ</strong></span> <span class='ocrx_word' id='word_1_43' title='bbox 889 922 1106 991; x_wconf 83' lang='grc' dir='ltr'><strong>σοφίαν·</strong></span> <span class='ocrx_word' id='word_1_44' title='bbox 1134 921 1236 975; x_wconf 88' lang='grc' dir='ltr'><strong>οὐκ</strong></span> <span class='ocrx_word' id='word_1_45' title='bbox 1268 920 1480 991; x_wconf 87' lang='grc' dir='ltr'><strong>ἀφῆκεν</strong></span> <span class='ocrx_word' id='word_1_46' title='bbox 1518 918 1687 988; x_wconf 82' lang='grc' dir='ltr'><strong>αὐτὴν</strong></span> <span class='ocrx_word' id='word_1_47' title='bbox 1718 916 2012 990; x_wconf 79' lang='grc' dir='ltr'><strong>ἡσυχάζειν</strong></span> <span class='ocrx_word' id='word_1_48' title='bbox 2029 915 2153 969; x_wconf 74' lang='grc' dir='ltr'><strong>οὑδὲ</strong></span> 
     </span>
    </p>
   </div>
   <div class='ocr_carea' id='block_1_8' title="bbox 476 1001 2153 1083">
    <p class='ocr_par' dir='ltr' id='par_1_8' title="bbox 476 1001 2153 1083">
     <span class='ocr_line' id='line_1_8' title="bbox 476 1001 2153 1083; baseline -0.005 -18"><span class='ocrx_word' id='word_1_49' title='bbox 476 1012 728 1083; x_wconf 80' lang='grc' dir='ltr'><strong>ἠρεμεῖν,</strong></span> <span class='ocrx_word' id='word_1_50' title='bbox 783 1010 870 1063; x_wconf 89' lang='grc' dir='ltr'><strong>ῐνα</strong></span> <span class='ocrx_word' id='word_1_51' title='bbox 921 1011 995 1082; x_wconf 86' lang='grc' dir='ltr'><strong>μὴ</strong></span> <span class='ocrx_word' id='word_1_52' title='bbox 1020 1009 1118 1080; x_wconf 92' lang='grc' dir='ltr'><strong>τῆς</strong></span> <span class='ocrx_word' id='word_1_53' title='bbox 1147 1006 1363 1077; x_wconf 87' lang='grc' dir='ltr'><strong>φύσεως</strong></span> <span class='ocrx_word' id='word_1_54' title='bbox 1414 1006 1590 1077; x_wconf 89' lang='grc' dir='ltr'><strong>αὐτῆς</strong></span> <span class='ocrx_word' id='word_1_55' title='bbox 1618 1002 1760 1060; x_wconf 78' lang='grc' dir='ltr'><strong>εἶναι</strong></span> <span class='ocrx_word' id='word_1_56' title='bbox 1796 1004 2026 1076; x_wconf 80' lang='grc' dir='ltr'><strong>νομίσῃς</strong></span> <span class='ocrx_word' id='word_1_57' title='bbox 2051 1001 2153 1075; x_wconf 83' lang='grc' dir='ltr'><strong>τὴν</strong></span> 
     </span>
    </p>
   </div>
   <div class='ocr_carea' id='block_1_9' title="bbox 475 1092 2153 1168">
    <p class='ocr_par' dir='ltr' id='par_1_9' title="bbox 475 1092 2153 1168">
     <span class='ocr_line' id='line_1_9' title="bbox 475 1092 2153 1168; baseline -0.004 -16"><span class='ocrx_word' id='word_1_58' title='bbox 475 1100 749 1164; x_wconf 76' lang='grc' dir='ltr'><strong>εὐταξίαν,</strong></span> <span class='ocrx_word' id='word_1_59' title='bbox 784 1098 898 1154; x_wconf 60' lang='grc' dir='ltr'><strong>ἀλλ’</strong></span> <span class='ocrx_word' id='word_1_60' title='bbox 928 1098 1076 1152; x_wconf 73' lang='grc' dir='ltr'><strong>ἔνδον</strong></span> <span class='ocrx_word' id='word_1_61' title='bbox 1106 1096 1340 1168; x_wconf 86' lang='grc' dir='ltr'><strong>μένουσα</strong></span> <span class='ocrx_word' id='word_1_62' title='bbox 1370 1093 1489 1166; x_wconf 74' lang='grc' dir='ltr'><strong>βοᾷ,</strong></span> <span class='ocrx_word' id='word_1_63' title='bbox 1530 1096 1626 1148; x_wconf 74' lang='grc' dir='ltr'><strong>καὶ</strong></span> <span class='ocrx_word' id='word_1_64' title='bbox 1670 1092 2024 1165; x_wconf 80' lang='grc' dir='ltr'><strong>ταράττεται,</strong></span> <span class='ocrx_word' id='word_1_65' title='bbox 2056 1092 2153 1145; x_wconf 85' lang='grc' dir='ltr'><strong>καὶ</strong></span> 
     </span>
    </p>
   </div>
   <div class='ocr_carea' id='block_1_10' title="bbox 478 1180 2153 1258">
    <p class='ocr_par' dir='ltr' id='par_1_10' title="bbox 478 1180 2153 1258">
     <span class='ocr_line' id='line_1_10' title="bbox 478 1180 2153 1258; baseline -0.004 -17"><span class='ocrx_word' id='word_1_66' title='bbox 478 1187 692 1256; x_wconf 88' lang='grc' dir='ltr'><strong>μεγάλα</strong></span> <span class='ocrx_word' id='word_1_67' title='bbox 713 1188 853 1258; x_wconf 84' lang='grc' dir='ltr'><strong>ἡχεῖ,</strong></span> <span class='ocrx_word' id='word_1_68' title='bbox 880 1185 976 1239; x_wconf 69' lang='grc' dir='ltr'><strong>καὶ</strong></span> <span class='ocrx_word' id='word_1_69' title='bbox 994 1184 1064 1239; x_wconf 82' lang='grc' dir='ltr'><strong>τὰ</strong></span> <span class='ocrx_word' id='word_1_70' title='bbox 1089 1183 1309 1255; x_wconf 90' lang='grc' dir='ltr'><strong>κύματα</strong></span> <span class='ocrx_word' id='word_1_71' title='bbox 1326 1183 1460 1255; x_wconf 72' lang='grc' dir='ltr'><strong>πρὸς</strong></span> <span class='ocrx_word' id='word_1_72' title='bbox 1489 1182 1623 1253; x_wconf 79' lang='grc' dir='ltr'><strong>ὕψος</strong></span> <span class='ocrx_word' id='word_1_73' title='bbox 1648 1180 1984 1252; x_wconf 77' lang='grc' dir='ltr'><strong>διανίστησιν</strong></span> <span class='ocrx_word' id='word_1_74' title='bbox 2009 1180 2153 1250; x_wconf 80' lang='grc' dir='ltr'><strong>ἀφα-</strong></span> 
     </span>
    </p>
   </div>
   <div class='ocr_carea' id='block_1_11' title="bbox 473 1268 2152 1347">
    <p class='ocr_par' dir='ltr' id='par_1_11' title="bbox 473 1268 2152 1347">
     <span class='ocr_line' id='line_1_11' title="bbox 473 1268 2152 1347; baseline -0.004 -17"><span class='ocrx_word' id='word_1_75' title='bbox 473 1290 595 1330; x_wconf 74' lang='grc' dir='ltr'><strong>τονο</strong></span> <span class='ocrx_word' id='word_1_76' title='bbox 628 1274 847 1329; x_wconf 78' lang='grc' dir='ltr'><strong>έπειδάν</strong></span> <span class='ocrx_word' id='word_1_77' title='bbox 868 1273 926 1327; x_wconf 79' lang='grc' dir='ltr'><strong>δὲ</strong></span> <span class='ocrx_word' id='word_1_78' title='bbox 954 1273 1084 1347; x_wconf 68' lang='grc' dir='ltr'><strong>ἔλθῃ</strong></span> <span class='ocrx_word' id='word_1_79' title='bbox 1114 1274 1250 1345; x_wconf 80' lang='grc' dir='ltr'><strong>πρὸς</strong></span> <span class='ocrx_word' id='word_1_80' title='bbox 1265 1272 1391 1335; x_wconf 82' lang='grc' dir='ltr'><strong>τοὺς</strong></span> <span class='ocrx_word' id='word_1_81' title='bbox 1418 1271 1720 1341; x_wconf 85' lang='grc' dir='ltr'><strong>αἰγιαλοὺς,</strong></span> <span class='ocrx_word' id='word_1_82' title='bbox 1752 1271 1847 1325; x_wconf 70' lang='grc' dir='ltr'><strong>καὶ</strong></span> <span class='ocrx_word' id='word_1_83' title='bbox 1872 1269 1970 1342; x_wconf 82' lang='grc' dir='ltr'><strong>τὴν</strong></span> <span class='ocrx_word' id='word_1_84' title='bbox 2001 1268 2152 1340; x_wconf 82' lang='grc' dir='ltr'><strong>ψάμ-</strong></span> 
     </span>
    </p>
   </div>
   <div class='ocr_carea' id='block_1_12' title="bbox 477 1357 2152 1435">
    <p class='ocr_par' dir='ltr' id='par_1_12' title="bbox 477 1357 2152 1435">
     <span class='ocr_line' id='line_1_12' title="bbox 477 1357 2152 1435; baseline -0.004 -18"><span class='ocrx_word' id='word_1_85' title='bbox 477 1379 576 1434; x_wconf 87' lang='grc' dir='ltr'><strong>μον</strong></span> <span class='ocrx_word' id='word_1_86' title='bbox 611 1363 716 1435; x_wconf 85' lang='grc' dir='ltr'><strong>ίδῃ.</strong></span> <span class='ocrx_word' id='word_1_87' title='bbox 739 1360 1048 1416; x_wconf 75' lang='grc' dir='ltr'><strong>διαλυθεῖσα</strong></span> <span class='ocrx_word' id='word_1_88' title='bbox 1076 1360 1213 1432; x_wconf 81' lang='grc' dir='ltr'><strong>πρὸς</strong></span> <span class='ocrx_word' id='word_1_89' title='bbox 1241 1361 1440 1429; x_wconf 69' lang='grc' dir='ltr'><strong>ἑαυτήν</strong></span> <span class='ocrx_word' id='word_1_90' title='bbox 1468 1359 1630 1413; x_wconf 79' lang='grc' dir='ltr'><strong>πάλιν</strong></span> <span class='ocrx_word' id='word_1_91' title='bbox 1654 1357 1925 1422; x_wconf 64' lang='grc' dir='ltr'><strong>ἐπάνεισι,</strong></span> <span class='ocrx_word' id='word_1_92' title='bbox 1953 1357 2019 1411; x_wconf 81' lang='grc' dir='ltr'><strong>δι’</strong></span> <span class='ocrx_word' id='word_1_93' title='bbox 2042 1357 2152 1427; x_wconf 88' lang='grc' dir='ltr'><strong>ἀμ-</strong></span> 
     </span>
    </p>
   </div>
   <div class='ocr_carea' id='block_1_13' title="bbox 472 1443 2150 1521">
    <p class='ocr_par' dir='ltr' id='par_1_13' title="bbox 472 1443 2150 1521">
     <span class='ocr_line' id='line_1_13' title="bbox 472 1443 2150 1521; baseline -0.004 -17"><span class='ocrx_word' id='word_1_94' title='bbox 472 1450 713 1521; x_wconf 80' lang='grc' dir='ltr'><strong>φοτέρων</strong></span> <span class='ocrx_word' id='word_1_95' title='bbox 761 1467 821 1503; x_wconf 82' lang='grc' dir='ltr'><strong>σε</strong></span> <span class='ocrx_word' id='word_1_96' title='bbox 857 1448 1063 1503; x_wconf 87' lang='grc' dir='ltr'><strong>τούτων</strong></span> <span class='ocrx_word' id='word_1_97' title='bbox 1089 1448 1434 1510; x_wconf 86' lang='grc' dir='ltr'><strong>διδάσκουσα,</strong></span> <span class='ocrx_word' id='word_1_98' title='bbox 1467 1447 1551 1501; x_wconf 84' lang='grc' dir='ltr'><strong>ὃτι</strong></span> <span class='ocrx_word' id='word_1_99' title='bbox 1592 1446 1715 1517; x_wconf 80' lang='grc' dir='ltr'><strong>οὐχὶ</strong></span> <span class='ocrx_word' id='word_1_100' title='bbox 1748 1445 1965 1517; x_wconf 88' lang='grc' dir='ltr'><strong>φύσεως</strong></span> <span class='ocrx_word' id='word_1_101' title='bbox 1988 1443 2150 1517; x_wconf 74' lang='grc' dir='ltr'><strong>ῑργον</strong></span> 
     </span>
    </p>
   </div>
   <div class='ocr_carea' id='block_1_14' title="bbox 474 1530 2149 1609">
    <p class='ocr_par' dir='ltr' id='par_1_14' title="bbox 474 1530 2149 1609">
     <span class='ocr_line' id='line_1_14' title="bbox 474 1530 2149 1609; baseline -0.005 -18"><span class='ocrx_word' id='word_1_102' title='bbox 474 1538 589 1592; x_wconf 67' lang='grc' dir='ltr'><strong>ἐστὶ</strong></span> <span class='ocrx_word' id='word_1_103' title='bbox 622 1538 684 1591; x_wconf 62' lang='grc' dir='ltr'><strong>τι</strong></span> <span class='ocrx_word' id='word_1_104' title='bbox 718 1537 899 1609; x_wconf 86' lang='grc' dir='ltr'><strong>μένειν</strong></span> <span class='ocrx_word' id='word_1_105' title='bbox 930 1536 1099 1606; x_wconf 82' lang='grc' dir='ltr'><strong>αὐτὴν</strong></span> <span class='ocrx_word' id='word_1_106' title='bbox 1131 1534 1264 1589; x_wconf 76' lang='grc' dir='ltr'><strong>εἵσω</strong></span> <span class='ocrx_word' id='word_1_107' title='bbox 1290 1532 1400 1586; x_wconf 89' lang='grc' dir='ltr'><strong>τῶν</strong></span> <span class='ocrx_word' id='word_1_108' title='bbox 1442 1533 1663 1587; x_wconf 79' lang='grc' dir='ltr'><strong>οἰκείων</strong></span> <span class='ocrx_word' id='word_1_109' title='bbox 1686 1534 1848 1604; x_wconf 84' lang='grc' dir='ltr'><strong>ὅρων,</strong></span> <span class='ocrx_word' id='word_1_110' title='bbox 1884 1531 2024 1585; x_wconf 85' lang='grc' dir='ltr'><strong>ἀλλά</strong></span> <span class='ocrx_word' id='word_1_111' title='bbox 2048 1530 2149 1602; x_wconf 86' lang='grc' dir='ltr'><strong>τῆς</strong></span> 
     </span>
    </p>
   </div>
   <div class='ocr_carea' id='block_1_15' title="bbox 470 1612 2149 1696">
    <p class='ocr_par' dir='ltr' id='par_1_15' title="bbox 470 1612 2149 1696">
     <span class='ocr_line' id='line_1_15' title="bbox 470 1612 2149 1696; baseline -0.003 -20"><span class='ocrx_word' id='word_1_112' title='bbox 470 1624 565 1678; x_wconf 86' lang='grc' dir='ltr'><strong>τοῦ</strong></span> <span class='ocrx_word' id='word_1_113' title='bbox 627 1625 946 1696; x_wconf 79' lang='grc' dir='ltr'><strong>κατέχοντος</strong></span> <span class='ocrx_word' id='word_1_114' title='bbox 996 1622 1164 1695; x_wconf 79' lang='grc' dir='ltr'><strong>αὐτὴν</strong></span> <span class='ocrx_word' id='word_1_115' title='bbox 1220 1621 1527 1693; x_wconf 86' lang='grc' dir='ltr'><strong>δυνάμεως.</strong></span> <span class='ocrx_word' id='word_1_116' title='bbox 1560 1622 1660 1674; x_wconf 86' lang='grc' dir='ltr'><strong>Διά</strong></span> <span class='ocrx_word' id='word_1_117' title='bbox 1703 1620 1865 1675; x_wconf 89' lang='grc' dir='ltr'><strong>τοῦτο</strong></span> <span class='ocrx_word' id='word_1_118' title='bbox 1894 1618 2025 1688; x_wconf 88' lang='grc' dir='ltr'><strong>γοῦν</strong></span> <span class='ocrx_word' id='word_1_119' title='bbox 2052 1612 2149 1672; x_wconf 66' lang='grc' dir='ltr'><strong>καὶ</strong></span> 
     </span>
    </p>
   </div>
   <div class='ocr_carea' id='block_1_16' title="bbox 470 1706 2148 1784">
    <p class='ocr_par' dir='ltr' id='par_1_16' title="bbox 470 1706 2148 1784">
     <span class='ocr_line' id='line_1_16' title="bbox 470 1706 2148 1784; baseline -0.004 -18"><span class='ocrx_word' id='word_1_120' title='bbox 470 1712 694 1777; x_wconf 81' lang='grc' dir='ltr'><strong>ἀσθενὲς</strong></span> <span class='ocrx_word' id='word_1_121' title='bbox 717 1713 778 1767; x_wconf 84' lang='grc' dir='ltr'><strong>τδ</strong></span> <span class='ocrx_word' id='word_1_122' title='bbox 801 1712 1003 1784; x_wconf 77' lang='grc' dir='ltr'><strong>τειχίον</strong></span> <span class='ocrx_word' id='word_1_123' title='bbox 1040 1711 1286 1781; x_wconf 77' lang='grc' dir='ltr'><strong>ἐποίησε,</strong></span> <span class='ocrx_word' id='word_1_124' title='bbox 1316 1710 1411 1763; x_wconf 74' lang='grc' dir='ltr'><strong>καὶ</strong></span> <span class='ocrx_word' id='word_1_125' title='bbox 1444 1710 1505 1762; x_wconf 80' lang='grc' dir='ltr'><strong>οὐ</strong></span> <span class='ocrx_word' id='word_1_126' title='bbox 1530 1707 1662 1773; x_wconf 87' lang='grc' dir='ltr'><strong>ξύλα</strong></span> <span class='ocrx_word' id='word_1_127' title='bbox 1696 1709 1790 1761; x_wconf 75' lang='grc' dir='ltr'><strong>καὶ</strong></span> <span class='ocrx_word' id='word_1_128' title='bbox 1820 1706 2002 1770; x_wconf 83' lang='grc' dir='ltr'><strong>λίθους</strong></span> <span class='ocrx_word' id='word_1_129' title='bbox 2026 1706 2148 1759; x_wconf 75' lang='grc' dir='ltr'><strong>οὐδὲ</strong></span> 
     </span>
    </p>
   </div>
   <div class='ocr_carea' id='block_1_17' title="bbox 468 1793 2149 1871">
    <p class='ocr_par' dir='ltr' id='par_1_17' title="bbox 468 1793 2149 1871">
     <span class='ocr_line' id='line_1_17' title="bbox 468 1793 2149 1871; baseline -0.005 -18"><span class='ocrx_word' id='word_1_130' title='bbox 468 1801 570 1871; x_wconf 84' lang='grc' dir='ltr'><strong>δρη</strong></span> <span class='ocrx_word' id='word_1_131' title='bbox 619 1803 732 1864; x_wconf 81' lang='grc' dir='ltr'><strong>τοῖς</strong></span> <span class='ocrx_word' id='word_1_132' title='bbox 783 1800 1051 1869; x_wconf 78' lang='grc' dir='ltr'><strong>αἰγιαλοῖς</strong></span> <span class='ocrx_word' id='word_1_133' title='bbox 1100 1796 1390 1869; x_wconf 83' lang='grc' dir='ltr'><strong>περιέϐαλε</strong></span> <span class='ocrx_word' id='word_1_134' title='bbox 1432 1796 1664 1860; x_wconf 87' lang='grc' dir='ltr'><strong>τούτοις,</strong></span> <span class='ocrx_word' id='word_1_135' title='bbox 1694 1796 1783 1849; x_wconf 78' lang='grc' dir='ltr'><strong>ἵνα</strong></span> <span class='ocrx_word' id='word_1_136' title='bbox 1837 1793 1913 1866; x_wconf 77' lang='grc' dir='ltr'><strong>μὴ</strong></span> <span class='ocrx_word' id='word_1_137' title='bbox 1937 1794 2149 1859; x_wconf 84' lang='grc' dir='ltr'><strong>τούτοις</strong></span> 
     </span>
    </p>
   </div>
   <div class='ocr_carea' id='block_1_18' title="bbox 469 1880 2149 1963">
    <p class='ocr_par' dir='ltr' id='par_1_18' title="bbox 469 1880 2149 1963">
     <span class='ocr_line' id='line_1_18' title="bbox 469 1880 2149 1963; baseline -0.004 -23"><span class='ocrx_word' id='word_1_138' title='bbox 469 1888 657 1963; x_wconf 81' lang='grc' dir='ltr'><strong>λογίσῃ</strong></span> <span class='ocrx_word' id='word_1_139' title='bbox 685 1886 778 1941; x_wconf 89' lang='grc' dir='ltr'><strong>τοῦ</strong></span> <span class='ocrx_word' id='word_1_140' title='bbox 806 1886 1069 1959; x_wconf 86' lang='grc' dir='ltr'><strong>στοιχείου</strong></span> <span class='ocrx_word' id='word_1_141' title='bbox 1092 1886 1190 1957; x_wconf 83' lang='grc' dir='ltr'><strong>τὴν</strong></span> <span class='ocrx_word' id='word_1_142' title='bbox 1209 1884 1483 1949; x_wconf 77' lang='grc' dir='ltr'><strong>εὐταξίαν.</strong></span> <span class='ocrx_word' id='word_1_143' title='bbox 1507 1884 1679 1939; x_wconf 89' lang='grc' dir='ltr'><strong>Τοῦτο</strong></span> <span class='ocrx_word' id='word_1_144' title='bbox 1706 1881 1836 1953; x_wconf 87' lang='grc' dir='ltr'><strong>γοῦν</strong></span> <span class='ocrx_word' id='word_1_145' title='bbox 1866 1884 1959 1937; x_wconf 79' lang='grc' dir='ltr'><strong>καὶ</strong></span> <span class='ocrx_word' id='word_1_146' title='bbox 1984 1880 2149 1944; x_wconf 87' lang='grc' dir='ltr'><strong>αὑτός</strong></span> 
     </span>
    </p>
   </div>
   <div class='ocr_carea' id='block_1_19' title="bbox 469 1966 2149 2040">
    <p class='ocr_par' dir='ltr' id='par_1_19' title="bbox 469 1966 2149 2040">
     <span class='ocr_line' id='line_1_19' title="bbox 469 1966 2149 2040; baseline -0.002 -13"><span class='ocrx_word' id='word_1_147' title='bbox 469 1992 598 2029; x_wconf 81' lang='grc' dir='ltr'><strong>ποτε</strong></span> <span class='ocrx_word' id='word_1_148' title='bbox 627 1978 738 2038; x_wconf 86' lang='grc' dir='ltr'><strong>τοῖς</strong></span> <span class='ocrx_word' id='word_1_149' title='bbox 778 1973 1048 2037; x_wconf 81' lang='grc' dir='ltr'><strong>Ἰουδαίοις</strong></span> <span class='ocrx_word' id='word_1_150' title='bbox 1062 1971 1333 2037; x_wconf 76' lang='grc' dir='ltr'><strong>ὀνειδίζων</strong></span> <span class='ocrx_word' id='word_1_151' title='bbox 1360 1971 1578 2040; x_wconf 73' lang='grc' dir='ltr'><strong>ἔλεγεν·</strong></span> <span class='ocrx_word' id='word_1_152' title='bbox 1626 1971 1757 2040; x_wconf 82' lang='grc' dir='ltr'><strong>Ἐμὲ</strong></span> <span class='ocrx_word' id='word_1_153' title='bbox 1783 1973 1855 2026; x_wconf 83' lang='grc' dir='ltr'><strong>οὐ</strong></span> <span class='ocrx_word' id='word_1_154' title='bbox 1886 1966 2149 2040; x_wconf 72' lang='grc' dir='ltr'><strong>φοϐηθήο</strong></span> 
     </span>
    </p>
   </div>
   <div class='ocr_carea' id='block_1_20' title="bbox 466 2054 2146 2129">
    <p class='ocr_par' dir='ltr' id='par_1_20' title="bbox 466 2054 2146 2129">
     <span class='ocr_line' id='line_1_20' title="bbox 466 2054 2146 2129; baseline -0.004 -14"><span class='ocrx_word' id='word_1_155' title='bbox 466 2065 651 2116; x_wconf 86' lang='grc' dir='ltr'><strong>σεσθε</strong></span> <span class='ocrx_word' id='word_1_156' title='bbox 674 2061 781 2117; x_wconf 79' lang='grc' dir='ltr'><strong>τὸν</strong></span> <span class='ocrx_word' id='word_1_157' title='bbox 799 2060 1064 2127; x_wconf 76' lang='grc' dir='ltr'><strong>τάξαντα</strong></span> <span class='ocrx_word' id='word_1_158' title='bbox 1089 2058 1286 2129; x_wconf 75' lang='grc' dir='ltr'><strong>ἄμμον</strong></span> <span class='ocrx_word' id='word_1_159' title='bbox 1306 2058 1472 2127; x_wconf 79' lang='grc' dir='ltr'><strong>ὅριον</strong></span> <span class='ocrx_word' id='word_1_160' title='bbox 1485 2056 1558 2126; x_wconf 82' lang='grc' dir='ltr'><strong>τῇ</strong></span> <span class='ocrx_word' id='word_1_161' title='bbox 1584 2056 1891 2126; x_wconf 68' lang='grc' dir='ltr'><strong>θαλάσσῃ.</strong></span> <span class='ocrx_word' id='word_1_162' title='bbox 1918 2054 2017 2109; x_wconf 77' lang='grc' dir='ltr'><strong>καί</strong></span> <span class='ocrx_word' id='word_1_163' title='bbox 2033 2055 2146 2124; x_wconf 79' lang='grc' dir='ltr'><strong>οὐχ</strong></span> 
     </span>
    </p>
   </div>
   <div class='ocr_carea' id='block_1_21' title="bbox 464 2142 2144 2219">
    <p class='ocr_par' dir='ltr' id='par_1_21' title="bbox 464 2142 2144 2219">
     <span class='ocr_line' id='line_1_21' title="bbox 464 2142 2144 2219; baseline -0.007 -14"><span class='ocrx_word' id='word_1_164' title='bbox 464 2148 898 2219; x_wconf 67' lang='grc' dir='ltr'><strong>ὑπερϐήσεταις</strong></span> <span class='ocrx_word' id='word_1_165' title='bbox 936 2149 1013 2202; x_wconf 84' lang='grc' dir='ltr'><strong>Οὐ</strong></span> <span class='ocrx_word' id='word_1_166' title='bbox 1064 2146 1224 2201; x_wconf 88' lang='grc' dir='ltr'><strong>τοῦτο</strong></span> <span class='ocrx_word' id='word_1_167' title='bbox 1262 2146 1321 2200; x_wconf 79' lang='grc' dir='ltr'><strong>δὲ</strong></span> <span class='ocrx_word' id='word_1_168' title='bbox 1360 2145 1520 2217; x_wconf 90' lang='grc' dir='ltr'><strong>μόνον</strong></span> <span class='ocrx_word' id='word_1_169' title='bbox 1549 2145 1665 2198; x_wconf 81' lang='grc' dir='ltr'><strong>έστί</strong></span> <span class='ocrx_word' id='word_1_170' title='bbox 1702 2144 1764 2197; x_wconf 82' lang='grc' dir='ltr'><strong>τὺ</strong></span> <span class='ocrx_word' id='word_1_171' title='bbox 1808 2142 2144 2214; x_wconf 67' lang='grc' dir='ltr'><strong>θαυμαστὸν,</strong></span> 
     </span>
    </p>
   </div>
   <div class='ocr_carea' id='block_1_22' title="bbox 465 2230 2145 2309">
    <p class='ocr_par' dir='ltr' id='par_1_22' title="bbox 465 2230 2145 2309">
     <span class='ocr_line' id='line_1_22' title="bbox 465 2230 2145 2309; baseline -0.007 -16"><span class='ocrx_word' id='word_1_172' title='bbox 465 2241 549 2293; x_wconf 87' lang='grc' dir='ltr'><strong>δτι</strong></span> <span class='ocrx_word' id='word_1_173' title='bbox 584 2241 758 2309; x_wconf 87' lang='grc' dir='ltr'><strong>μέγαν</strong></span> <span class='ocrx_word' id='word_1_174' title='bbox 783 2237 876 2291; x_wconf 74' lang='grc' dir='ltr'><strong>καὶ</strong></span> <span class='ocrx_word' id='word_1_175' title='bbox 904 2234 1217 2306; x_wconf 81' lang='grc' dir='ltr'><strong>θαυμαστὸν</strong></span> <span class='ocrx_word' id='word_1_176' title='bbox 1260 2233 1350 2287; x_wconf 81' lang='grc' dir='ltr'><strong>τὸν</strong></span> <span class='ocrx_word' id='word_1_177' title='bbox 1379 2232 1585 2303; x_wconf 84' lang='grc' dir='ltr'><strong>κόσμον</strong></span> <span class='ocrx_word' id='word_1_178' title='bbox 1611 2232 1890 2302; x_wconf 79' lang='grc' dir='ltr'><strong>ἐποίησεν,</strong></span> <span class='ocrx_word' id='word_1_179' title='bbox 1918 2230 2028 2284; x_wconf 86' lang='grc' dir='ltr'><strong>οὐδ’</strong></span> <span class='ocrx_word' id='word_1_180' title='bbox 2061 2230 2145 2283; x_wconf 82' lang='grc' dir='ltr'><strong>ὃτι</strong></span> 
     </span>
    </p>
   </div>
   <div class='ocr_carea' id='block_1_23' title="bbox 467 2317 2145 2397">
    <p class='ocr_par' dir='ltr' id='par_1_23' title="bbox 467 2317 2145 2397">
     <span class='ocr_line' id='line_1_23' title="bbox 467 2317 2145 2397; baseline -0.007 -16"><span class='ocrx_word' id='word_1_181' title='bbox 467 2328 611 2397; x_wconf 76' lang='grc' dir='ltr'><strong>ὑπὲρ</strong></span> <span class='ocrx_word' id='word_1_182' title='bbox 644 2325 859 2396; x_wconf 88' lang='grc' dir='ltr'><strong>φύσεως</strong></span> <span class='ocrx_word' id='word_1_183' title='bbox 887 2322 1211 2378; x_wconf 77' lang='grc' dir='ltr'><strong>ἀκολουθίαν</strong></span> <span class='ocrx_word' id='word_1_184' title='bbox 1237 2320 1399 2373; x_wconf 76' lang='grc' dir='ltr'><strong>αὐτὸν</strong></span> <span class='ocrx_word' id='word_1_185' title='bbox 1424 2317 1748 2389; x_wconf 81' lang='grc' dir='ltr'><strong>συνέπηξεν,</strong></span> <span class='ocrx_word' id='word_1_186' title='bbox 1780 2319 1898 2372; x_wconf 87' lang='grc' dir='ltr'><strong>ἀλλ’</strong></span> <span class='ocrx_word' id='word_1_187' title='bbox 1935 2319 2017 2372; x_wconf 83' lang='grc' dir='ltr'><strong>ὅτι</strong></span> <span class='ocrx_word' id='word_1_188' title='bbox 2049 2318 2145 2372; x_wconf 75' lang='grc' dir='ltr'><strong>καὶ</strong></span> 
     </span>
    </p>
   </div>
   <div class='ocr_carea' id='block_1_24' title="bbox 465 2402 2143 2481">
    <p class='ocr_par' dir='ltr' id='par_1_24' title="bbox 465 2402 2143 2481">
     <span class='ocr_line' id='line_1_24' title="bbox 465 2402 2143 2481; baseline -0.005 -14"><span class='ocrx_word' id='word_1_189' title='bbox 465 2414 524 2481; x_wconf 68' lang='grc' dir='ltr'><strong>ἐξ</strong></span> <span class='ocrx_word' id='word_1_190' title='bbox 548 2414 805 2467; x_wconf 76' lang='grc' dir='ltr'><strong>ἐναντίων</strong></span> <span class='ocrx_word' id='word_1_191' title='bbox 824 2411 987 2465; x_wconf 83' lang='grc' dir='ltr'><strong>αὐτὸν</strong></span> <span class='ocrx_word' id='word_1_192' title='bbox 1012 2409 1328 2481; x_wconf 81' lang='grc' dir='ltr'><strong>συνέστησε,</strong></span> <span class='ocrx_word' id='word_1_193' title='bbox 1355 2406 1562 2479; x_wconf 84' lang='grc' dir='ltr'><strong>θερμοῦ</strong></span> <span class='ocrx_word' id='word_1_194' title='bbox 1588 2409 1685 2460; x_wconf 69' lang='grc' dir='ltr'><strong>καί⁸</strong></span> <span class='ocrx_word' id='word_1_195' title='bbox 1710 2402 1946 2477; x_wconf 84' lang='grc' dir='ltr'><strong>ψυχροῦ,</strong></span> <span class='ocrx_word' id='word_1_196' title='bbox 1974 2406 2143 2478; x_wconf 82' lang='grc' dir='ltr'><strong>ξηροῦ</strong></span> 
     </span>
    </p>
   </div>
   <div class='ocr_carea' id='block_1_25' title="bbox 465 2494 2143 2571">
    <p class='ocr_par' dir='ltr' id='par_1_25' title="bbox 465 2494 2143 2571">
     <span class='ocr_line' id='line_1_25' title="bbox 465 2494 2143 2571; baseline -0.006 -16"><span class='ocrx_word' id='word_1_197' title='bbox 465 2502 562 2556; x_wconf 76' lang='grc' dir='ltr'><strong>καὶ</strong></span> <span class='ocrx_word' id='word_1_198' title='bbox 577 2500 765 2571; x_wconf 81' lang='grc' dir='ltr'><strong>ὑγροῦ,</strong></span> <span class='ocrx_word' id='word_1_199' title='bbox 780 2499 951 2568; x_wconf 81' lang='grc' dir='ltr'><strong>πυρὸς</strong></span> <span class='ocrx_word' id='word_1_200' title='bbox 983 2496 1078 2551; x_wconf 74' lang='grc' dir='ltr'><strong>καὶ</strong></span> <span class='ocrx_word' id='word_1_201' title='bbox 1109 2494 1319 2559; x_wconf 78' lang='grc' dir='ltr'><strong>ὓδατος,</strong></span> <span class='ocrx_word' id='word_1_202' title='bbox 1336 2495 1440 2566; x_wconf 87' lang='grc' dir='ltr'><strong>γῆς</strong></span> <span class='ocrx_word' id='word_1_203' title='bbox 1459 2494 1554 2548; x_wconf 73' lang='grc' dir='ltr'><strong>καὶ</strong></span> <span class='ocrx_word' id='word_1_204' title='bbox 1575 2494 1760 2565; x_wconf 77' lang='grc' dir='ltr'><strong>ἀέρος’</strong></span> <span class='ocrx_word' id='word_1_205' title='bbox 1789 2494 1882 2547; x_wconf 73' lang='grc' dir='ltr'><strong>καὶ</strong></span> <span class='ocrx_word' id='word_1_206' title='bbox 1897 2494 1965 2547; x_wconf 83' lang='grc' dir='ltr'><strong>τὰ</strong></span> <span class='ocrx_word' id='word_1_207' title='bbox 1988 2496 2143 2547; x_wconf 85' lang='grc' dir='ltr'><strong>ὲναν-</strong></span> 
     </span>
    </p>
   </div>
   <div class='ocr_carea' id='block_1_26' title="bbox 464 2577 2142 2656">
    <p class='ocr_par' dir='ltr' id='par_1_26' title="bbox 464 2577 2142 2656">
     <span class='ocr_line' id='line_1_26' title="bbox 464 2577 2142 2656; baseline -0.006 -13"><span class='ocrx_word' id='word_1_208' title='bbox 464 2589 554 2643; x_wconf 89' lang='grc' dir='ltr'><strong>τία</strong></span> <span class='ocrx_word' id='word_1_209' title='bbox 578 2588 749 2642; x_wconf 84' lang='grc' dir='ltr'><strong>ταῦτα</strong></span> <span class='ocrx_word' id='word_1_210' title='bbox 790 2587 1048 2656; x_wconf 86' lang='grc' dir='ltr'><strong>στοιχεῖα,</strong></span> <span class='ocrx_word' id='word_1_211' title='bbox 1073 2584 1164 2653; x_wconf 77' lang='grc' dir='ltr'><strong>ἀφ’</strong></span> <span class='ocrx_word' id='word_1_212' title='bbox 1194 2577 1269 2637; x_wconf 82' lang='grc' dir='ltr'><strong>ὧν</strong></span> <span class='ocrx_word' id='word_1_213' title='bbox 1292 2582 1408 2635; x_wconf 86' lang='grc' dir='ltr'><strong>τόδε</strong></span> <span class='ocrx_word' id='word_1_214' title='bbox 1446 2582 1508 2635; x_wconf 86' lang='grc' dir='ltr'><strong>τδ</strong></span> <span class='ocrx_word' id='word_1_215' title='bbox 1534 2582 1642 2635; x_wconf 80' lang='grc' dir='ltr'><strong>πᾶν</strong></span> <span class='ocrx_word' id='word_1_216' title='bbox 1670 2581 2023 2650; x_wconf 78' lang='grc' dir='ltr'><strong>συνέστηκεν,</strong></span> <span class='ocrx_word' id='word_1_217' title='bbox 2046 2582 2142 2635; x_wconf 88' lang='grc' dir='ltr'><strong>ἀλ-</strong></span> 
     </span>
    </p>
   </div>
   <div class='ocr_carea' id='block_1_27' title="bbox 463 2668 2142 2748">
    <p class='ocr_par' dir='ltr' id='par_1_27' title="bbox 463 2668 2142 2748">
     <span class='ocr_line' id='line_1_27' title="bbox 463 2668 2142 2748; baseline -0.004 -20"><span class='ocrx_word' id='word_1_218' title='bbox 463 2675 647 2748; x_wconf 88' lang='grc' dir='ltr'><strong>λήλοις</strong></span> <span class='ocrx_word' id='word_1_219' title='bbox 677 2675 958 2747; x_wconf 84' lang='grc' dir='ltr'><strong>μαχόμενα</strong></span> <span class='ocrx_word' id='word_1_220' title='bbox 997 2673 1092 2727; x_wconf 84' lang='grc' dir='ltr'><strong>ὑπ’</strong></span> <span class='ocrx_word' id='word_1_221' title='bbox 1124 2671 1370 2741; x_wconf 89' lang='grc' dir='ltr'><strong>ἀλλήλων</strong></span> <span class='ocrx_word' id='word_1_222' title='bbox 1400 2670 1501 2723; x_wconf 88' lang='grc' dir='ltr'><strong>οὐκ</strong></span> <span class='ocrx_word' id='word_1_223' title='bbox 1546 2668 1822 2739; x_wconf 83' lang='grc' dir='ltr'><strong>ἀνηλώθη,</strong></span> <span class='ocrx_word' id='word_1_224' title='bbox 1852 2669 1914 2720; x_wconf 83' lang='grc' dir='ltr'><strong>οὑ</strong></span> <span class='ocrx_word' id='word_1_225' title='bbox 1938 2669 1999 2722; x_wconf 82' lang='grc' dir='ltr'><strong>τὸ</strong></span> <span class='ocrx_word' id='word_1_226' title='bbox 2029 2669 2142 2740; x_wconf 94' lang='grc' dir='ltr'><strong>πῦρ</strong></span> 
     </span>
    </p>
   </div>
   <div class='ocr_carea' id='block_1_28' title="bbox 463 2754 2139 2834">
    <p class='ocr_par' dir='ltr' id='par_1_28' title="bbox 463 2754 2139 2834">
     <span class='ocr_line' id='line_1_28' title="bbox 463 2754 2139 2834; baseline -0.004 -19"><span class='ocrx_word' id='word_1_227' title='bbox 463 2764 739 2834; x_wconf 75' lang='grc' dir='ltr'><strong>ἐπέδραμε</strong></span> <span class='ocrx_word' id='word_1_228' title='bbox 771 2762 865 2814; x_wconf 68' lang='grc' dir='ltr'><strong>κα)⁸</strong></span> <span class='ocrx_word' id='word_1_229' title='bbox 890 2760 1094 2831; x_wconf 80' lang='grc' dir='ltr'><strong>ἀνῆψεν</strong></span> <span class='ocrx_word' id='word_1_230' title='bbox 1128 2759 1365 2820; x_wconf 74' lang='grc' dir='ltr'><strong>ἅπαντα,</strong></span> <span class='ocrx_word' id='word_1_231' title='bbox 1402 2758 1463 2811; x_wconf 86' lang='grc' dir='ltr'><strong>οὐ</strong></span> <span class='ocrx_word' id='word_1_232' title='bbox 1514 2755 1579 2810; x_wconf 79' lang='grc' dir='ltr'><strong>τὺ</strong></span> <span class='ocrx_word' id='word_1_233' title='bbox 1609 2754 1754 2825; x_wconf 80' lang='grc' dir='ltr'><strong>ὓδωρ</strong></span> <span class='ocrx_word' id='word_1_234' title='bbox 1784 2754 2010 2809; x_wconf 76' lang='grc' dir='ltr'><strong>ἐπελθὸν</strong></span> <span class='ocrx_word' id='word_1_235' title='bbox 2039 2758 2139 2810; x_wconf 84' lang='grc' dir='ltr'><strong>ὲπ-</strong></span> 
     </span>
    </p>
   </div>
   <div class='ocr_carea' id='block_1_29' title="bbox 464 2842 2143 2919">
    <p class='ocr_par' dir='ltr' id='par_1_29' title="bbox 464 2842 2143 2919">
     <span class='ocr_line' id='line_1_29' title="bbox 464 2842 2143 2919; baseline -0.004 -16"><span class='ocrx_word' id='word_1_236' title='bbox 464 2850 658 2904; x_wconf 86' lang='grc' dir='ltr'><strong>έκλυσε</strong></span> <span class='ocrx_word' id='word_1_237' title='bbox 683 2849 781 2919; x_wconf 81' lang='grc' dir='ltr'><strong>τὴν</strong></span> <span class='ocrx_word' id='word_1_238' title='bbox 819 2848 1165 2918; x_wconf 90' lang='grc' dir='ltr'><strong>οἰκουμένην.</strong></span> <span class='ocrx_word' id='word_1_239' title='bbox 1198 2844 1337 2899; x_wconf 78' lang='grc' dir='ltr'><strong>Ἀλλ’</strong></span> <span class='ocrx_word' id='word_1_240' title='bbox 1362 2843 1455 2898; x_wconf 69' lang='grc' dir='ltr'><strong>ἐπὶ</strong></span> <span class='ocrx_word' id='word_1_241' title='bbox 1483 2845 1581 2915; x_wconf 86' lang='grc' dir='ltr'><strong>μὲν</strong></span> <span class='ocrx_word' id='word_1_242' title='bbox 1606 2843 1715 2897; x_wconf 90' lang='grc' dir='ltr'><strong>τῶν</strong></span> <span class='ocrx_word' id='word_1_243' title='bbox 1752 2842 2020 2913; x_wconf 85' lang='grc' dir='ltr'><strong>σωμάτων</strong></span> <span class='ocrx_word' id='word_1_244' title='bbox 2035 2844 2143 2897; x_wconf 91' lang='grc' dir='ltr'><strong>τῶν</strong></span> 
     </span>
    </p>
   </div>
   <div class='ocr_carea' id='block_1_30' title="bbox 462 2932 2142 3008">
    <p class='ocr_par' dir='ltr' id='par_1_30' title="bbox 462 2932 2142 3008">
     <span class='ocr_line' id='line_1_30' title="bbox 462 2932 2142 3008; baseline -0.004 -18"><span class='ocrx_word' id='word_1_245' title='bbox 462 2936 747 3008; x_wconf 77' lang='grc' dir='ltr'><strong>ἡμετέρων</strong></span> <span class='ocrx_word' id='word_1_246' title='bbox 758 2934 930 2989; x_wconf 88' lang='grc' dir='ltr'><strong>ταῦτα</strong></span> <span class='ocrx_word' id='word_1_247' title='bbox 952 2935 1185 3003; x_wconf 91' lang='grc' dir='ltr'><strong>γίνεται,</strong></span> <span class='ocrx_word' id='word_1_248' title='bbox 1205 2935 1299 2987; x_wconf 74' lang='grc' dir='ltr'><strong>καὶ</strong></span> <span class='ocrx_word' id='word_1_249' title='bbox 1324 2932 1489 3003; x_wconf 83' lang='grc' dir='ltr'><strong>χολῆς</strong></span> <span class='ocrx_word' id='word_1_250' title='bbox 1502 2932 1879 3003; x_wconf 81' lang='grc' dir='ltr'><strong>αὐξανομένης</strong></span> <span class='ocrx_word' id='word_1_251' title='bbox 1896 2933 2142 2985; x_wconf 87' lang='grc' dir='ltr'><strong>τίκτεται</strong></span> 
     </span>
    </p>
   </div>
   <div class='ocr_carea' id='block_1_31' title="bbox 462 3018 2142 3095">
    <p class='ocr_par' dir='ltr' id='par_1_31' title="bbox 462 3018 2142 3095">
     <span class='ocr_line' id='line_1_31' title="bbox 462 3018 2142 3095; baseline -0.003 -19"><span class='ocrx_word' id='word_1_252' title='bbox 462 3023 716 3095; x_wconf 73' lang='grc' dir='ltr'><strong>πυρετὸς,</strong></span> <span class='ocrx_word' id='word_1_253' title='bbox 744 3022 839 3075; x_wconf 79' lang='grc' dir='ltr'><strong>καὶ</strong></span> <span class='ocrx_word' id='word_1_254' title='bbox 874 3019 953 3092; x_wconf 84' lang='grc' dir='ltr'><strong>τῷ</strong></span> <span class='ocrx_word' id='word_1_255' title='bbox 978 3023 1141 3075; x_wconf 83' lang='grc' dir='ltr'><strong>παντί</strong></span> <span class='ocrx_word' id='word_1_256' title='bbox 1174 3020 1298 3091; x_wconf 85' lang='grc' dir='ltr'><strong>ζώῳ</strong></span> <span class='ocrx_word' id='word_1_257' title='bbox 1335 3020 1689 3089; x_wconf 88' lang='grc' dir='ltr'><strong>λυμαίνεται·</strong></span> <span class='ocrx_word' id='word_1_258' title='bbox 1714 3020 1807 3071; x_wconf 74' lang='grc' dir='ltr'><strong>καὶ</strong></span> <span class='ocrx_word' id='word_1_259' title='bbox 1829 3018 2142 3088; x_wconf 83' lang='grc' dir='ltr'><strong>φλέγματος</strong></span> 
     </span>
    </p>
   </div>
   <div class='ocr_carea' id='block_1_32' title="bbox 462 3104 2140 3178">
    <p class='ocr_par' dir='ltr' id='par_1_32' title="bbox 462 3104 2140 3178">
     <span class='ocr_line' id='line_1_32' title="bbox 462 3104 2140 3178; baseline -0.001 -16"><span class='ocrx_word' id='word_1_260' title='bbox 462 3110 845 3174; x_wconf 72' lang='grc' dir='ltr'><strong>πλεονάζοντος</strong></span> <span class='ocrx_word' id='word_1_261' title='bbox 880 3108 1049 3163; x_wconf 87' lang='grc' dir='ltr'><strong>πολλά</strong></span> <span class='ocrx_word' id='word_1_262' title='bbox 1076 3108 1361 3178; x_wconf 80' lang='grc' dir='ltr'><strong>νοσήματα</strong></span> <span class='ocrx_word' id='word_1_263' title='bbox 1391 3106 1609 3175; x_wconf 89' lang='grc' dir='ltr'><strong>φύεται,</strong></span> <span class='ocrx_word' id='word_1_264' title='bbox 1630 3106 1725 3159; x_wconf 77' lang='grc' dir='ltr'><strong>καὶ</strong></span> <span class='ocrx_word' id='word_1_265' title='bbox 1752 3104 2058 3178; x_wconf 82' lang='grc' dir='ltr'><strong>διαφθείρει</strong></span> <span class='ocrx_word' id='word_1_266' title='bbox 2079 3108 2140 3160; x_wconf 81' lang='grc' dir='ltr'><strong>τὸ</strong></span> 
     </span>
    </p>
   </div>
   <div class='ocr_carea' id='block_1_33' title="bbox 462 3193 2138 3265">
    <p class='ocr_par' dir='ltr' id='par_1_33' title="bbox 462 3193 2138 3265">
     <span class='ocr_line' id='line_1_33' title="bbox 462 3193 2138 3265; baseline -0.004 -14"><span class='ocrx_word' id='word_1_267' title='bbox 462 3197 619 3262; x_wconf 73' lang='grc' dir='ltr'><strong>ζῶον.</strong></span> <span class='ocrx_word' id='word_1_268' title='bbox 671 3196 795 3250; x_wconf 75' lang='grc' dir='ltr'><strong>Ἐπί</strong></span> <span class='ocrx_word' id='word_1_269' title='bbox 826 3197 883 3249; x_wconf 81' lang='grc' dir='ltr'><strong>δὲ</strong></span> <span class='ocrx_word' id='word_1_270' title='bbox 924 3196 1078 3249; x_wconf 87' lang='grc' dir='ltr'><strong>τοῦδε</strong></span> <span class='ocrx_word' id='word_1_271' title='bbox 1124 3194 1221 3248; x_wconf 87' lang='grc' dir='ltr'><strong>τοῦ</strong></span> <span class='ocrx_word' id='word_1_272' title='bbox 1256 3195 1455 3257; x_wconf 81' lang='grc' dir='ltr'><strong>παντὸς</strong></span> <span class='ocrx_word' id='word_1_273' title='bbox 1495 3194 1648 3247; x_wconf 83' lang='grc' dir='ltr'><strong>οὐδὲν</strong></span> <span class='ocrx_word' id='word_1_274' title='bbox 1680 3193 1885 3247; x_wconf 88' lang='grc' dir='ltr'><strong>τούτων</strong></span> <span class='ocrx_word' id='word_1_275' title='bbox 1916 3193 2138 3265; x_wconf 89' lang='grc' dir='ltr'><strong>συνέϐη,</strong></span> 
     </span>
    </p>
   </div>
   <div class='ocr_carea' id='block_1_34' title="bbox 462 3278 2138 3352">
    <p class='ocr_par' dir='ltr' id='par_1_34' title="bbox 462 3278 2138 3352">
     <span class='ocr_line' id='line_1_34' title="bbox 462 3278 2138 3352; baseline -0.004 -15"><span class='ocrx_word' id='word_1_276' title='bbox 462 3285 576 3337; x_wconf 84' lang='grc' dir='ltr'><strong>ἀλλ’</strong></span> <span class='ocrx_word' id='word_1_277' title='bbox 609 3284 838 3338; x_wconf 69' lang='grc' dir='ltr'><strong>ἕκαστον</strong></span> <span class='ocrx_word' id='word_1_278' title='bbox 873 3281 1022 3352; x_wconf 86' lang='grc' dir='ltr'><strong>μένει</strong></span> <span class='ocrx_word' id='word_1_279' title='bbox 1070 3281 1321 3351; x_wconf 90' lang='grc' dir='ltr'><strong>καθάπερ</strong></span> <span class='ocrx_word' id='word_1_280' title='bbox 1356 3281 1463 3347; x_wconf 77' lang='grc' dir='ltr'><strong>τινὶ</strong></span> <span class='ocrx_word' id='word_1_281' title='bbox 1494 3278 1700 3350; x_wconf 82' lang='grc' dir='ltr'><strong>χαλινῷ</strong></span> <span class='ocrx_word' id='word_1_282' title='bbox 1727 3280 1817 3333; x_wconf 71' lang='grc' dir='ltr'><strong>καὶ</strong></span> <span class='ocrx_word' id='word_1_283' title='bbox 1841 3279 2026 3349; x_wconf 84' lang='grc' dir='ltr'><strong>δεσμῷ</strong></span> <span class='ocrx_word' id='word_1_284' title='bbox 2061 3280 2138 3350; x_wconf 83' lang='grc' dir='ltr'><strong>τῷ</strong></span> 
     </span>
    </p>
   </div>
   <div class='ocr_carea' id='block_1_35' title="bbox 463 3367 2138 3444">
    <p class='ocr_par' dir='ltr' id='par_1_35' title="bbox 463 3367 2138 3444">
     <span class='ocr_line' id='line_1_35' title="bbox 463 3367 2138 3444; baseline -0.002 -19"><span class='ocrx_word' id='word_1_285' title='bbox 463 3372 763 3444; x_wconf 83' lang='grc' dir='ltr'><strong>βουλήματι</strong></span> <span class='ocrx_word' id='word_1_286' title='bbox 820 3369 914 3424; x_wconf 88' lang='grc' dir='ltr'><strong>τοῦ</strong></span> <span class='ocrx_word' id='word_1_287' title='bbox 959 3371 1283 3441; x_wconf 89' lang='grc' dir='ltr'><strong>ποιήσαντος</strong></span> <span class='ocrx_word' id='word_1_288' title='bbox 1340 3368 1467 3431; x_wconf 85' lang='grc' dir='ltr'><strong>τοὺς</strong></span> <span class='ocrx_word' id='word_1_289' title='bbox 1495 3368 1727 3430; x_wconf 84' lang='grc' dir='ltr'><strong>οἰκείους</strong></span> <span class='ocrx_word' id='word_1_290' title='bbox 1778 3367 2138 3437; x_wconf 84' lang='grc' dir='ltr'><strong>διαφυλάττον</strong></span> 
     </span>
    </p>
   </div>
   <div class='ocr_carea' id='block_1_36' title="bbox 460 3455 2140 3533">
    <p class='ocr_par' dir='ltr' id='par_1_36' title="bbox 460 3455 2140 3533">
     <span class='ocr_line' id='line_1_36' title="bbox 460 3455 2140 3533; baseline -0.005 -18"><span class='ocrx_word' id='word_1_291' title='bbox 460 3462 644 3533; x_wconf 84' lang='grc' dir='ltr'><strong>ὄρους,</strong></span> <span class='ocrx_word' id='word_1_292' title='bbox 694 3461 790 3513; x_wconf 74' lang='grc' dir='ltr'><strong>καί</strong></span> <span class='ocrx_word' id='word_1_293' title='bbox 825 3462 860 3530; x_wconf 86' lang='grc' dir='ltr'><strong>ἡ</strong></span> <span class='ocrx_word' id='word_1_294' title='bbox 912 3459 1059 3531; x_wconf 89' lang='grc' dir='ltr'><strong>μάχη</strong></span> <span class='ocrx_word' id='word_1_295' title='bbox 1097 3457 1303 3512; x_wconf 88' lang='grc' dir='ltr'><strong>τούτων</strong></span> <span class='ocrx_word' id='word_1_296' title='bbox 1362 3458 1583 3528; x_wconf 84' lang='grc' dir='ltr'><strong>εἰρήνης</strong></span> <span class='ocrx_word' id='word_1_297' title='bbox 1624 3456 1775 3511; x_wconf 87' lang='grc' dir='ltr'><strong>αἰτία</strong></span> <span class='ocrx_word' id='word_1_298' title='bbox 1812 3455 2022 3523; x_wconf 87' lang='grc' dir='ltr'><strong>γίνεται</strong></span> <span class='ocrx_word' id='word_1_299' title='bbox 2062 3456 2140 3527; x_wconf 82' lang='grc' dir='ltr'><strong>τῷ</strong></span> 
     </span>
    </p>
   </div>
   <div class='ocr_carea' id='block_1_37' title="bbox 460 3544 2140 3617">
    <p class='ocr_par' dir='ltr' id='par_1_37' title="bbox 460 3544 2140 3617">
     <span class='ocr_line' id='line_1_37' title="bbox 460 3544 2140 3617; baseline -0.005 -13"><span class='ocrx_word' id='word_1_300' title='bbox 460 3550 644 3604; x_wconf 87' lang='grc' dir='ltr'><strong>παντί.</strong></span> <span class='ocrx_word' id='word_1_301' title='bbox 698 3548 882 3603; x_wconf 88' lang='grc' dir='ltr'><strong>Ταῦτα</strong></span> <span class='ocrx_word' id='word_1_302' title='bbox 942 3548 1065 3617; x_wconf 76' lang='grc' dir='ltr'><strong>οὐχὶ</strong></span> <span class='ocrx_word' id='word_1_303' title='bbox 1116 3547 1210 3600; x_wconf 81' lang='grc' dir='ltr'><strong>καί</strong></span> <span class='ocrx_word' id='word_1_304' title='bbox 1240 3544 1427 3614; x_wconf 83' lang='grc' dir='ltr'><strong>τυφλῷ</strong></span> <span class='ocrx_word' id='word_1_305' title='bbox 1467 3544 1625 3613; x_wconf 83' lang='grc' dir='ltr'><strong>δῆλα,</strong></span> <span class='ocrx_word' id='word_1_306' title='bbox 1656 3546 1750 3597; x_wconf 77' lang='grc' dir='ltr'><strong>καὶ</strong></span> <span class='ocrx_word' id='word_1_307' title='bbox 1790 3547 1903 3607; x_wconf 88' lang='grc' dir='ltr'><strong>τοῖς</strong></span> <span class='ocrx_word' id='word_1_308' title='bbox 1932 3545 2140 3614; x_wconf 84' lang='grc' dir='ltr'><strong>σφόδρα</strong></span> 
     </span>
    </p>
   </div>
   <div class='ocr_carea' id='block_1_38' title="bbox 459 3625 2138 3709">
    <p class='ocr_par' dir='ltr' id='par_1_38' title="bbox 459 3625 2138 3709">
     <span class='ocr_line' id='line_1_38' title="bbox 459 3625 2138 3709; baseline -0.004 -17"><span class='ocrx_word' id='word_1_309' title='bbox 459 3639 707 3709; x_wconf 80' lang='grc' dir='ltr'><strong>ἀνοήτοις</strong></span> <span class='ocrx_word' id='word_1_310' title='bbox 739 3636 1062 3699; x_wconf 86' lang='grc' dir='ltr'><strong>εὐσύνοπτα,</strong></span> <span class='ocrx_word' id='word_1_311' title='bbox 1114 3636 1196 3688; x_wconf 85' lang='grc' dir='ltr'><strong>ὅτι</strong></span> <span class='ocrx_word' id='word_1_312' title='bbox 1226 3636 1289 3686; x_wconf 84' lang='grc' dir='ltr'><strong>ὲκ</strong></span> <span class='ocrx_word' id='word_1_313' title='bbox 1325 3625 1581 3703; x_wconf 67' lang='grc' dir='ltr'><strong>προνοίας</strong></span> <span class='ocrx_word' id='word_1_314' title='bbox 1608 3632 1754 3694; x_wconf 84' lang='grc' dir='ltr'><strong>τινὸς</strong></span> <span class='ocrx_word' id='word_1_315' title='bbox 1807 3632 1997 3700; x_wconf 89' lang='grc' dir='ltr'><strong>γέγονε</strong></span> <span class='ocrx_word' id='word_1_316' title='bbox 2045 3634 2138 3687; x_wconf 81' lang='grc' dir='ltr'><strong>καὶ</strong></span> 
     </span>
    </p>
   </div>
   <div class='ocr_carea' id='block_1_39' title="bbox 466 3719 2133 3793">
    <p class='ocr_par' dir='ltr' id='par_1_39' title="bbox 466 3719 2133 3793">
     <span class='ocr_line' id='line_1_39' title="bbox 466 3719 2133 3793; baseline -0.003 -14"><span class='ocrx_word' id='word_1_317' title='bbox 466 3726 857 3793; x_wconf 81' lang='grc' dir='ltr'><strong>συγκρατεῖται</strong></span> <span class='ocrx_word' id='word_1_318' title='bbox 884 3736 945 3787; x_wconf 66' lang='grc' dir='ltr'><strong>ες</strong></span> <span class='ocrx_word' id='word_1_319' title='bbox 974 3722 1071 3784; x_wconf 83' lang='grc' dir='ltr'><strong>Τίς</strong></span> <span class='ocrx_word' id='word_1_320' title='bbox 1104 3722 1212 3791; x_wconf 86' lang='grc' dir='ltr'><strong>γὰρ</strong></span> <span class='ocrx_word' id='word_1_321' title='bbox 1240 3719 1415 3783; x_wconf 81' lang='grc' dir='ltr'><strong>οὓτως</strong></span> <span class='ocrx_word' id='word_1_322' title='bbox 1447 3721 1637 3789; x_wconf 85' lang='grc' dir='ltr'><strong>άφρων</strong></span> <span class='ocrx_word' id='word_1_323' title='bbox 1657 3720 1752 3772; x_wconf 75' lang='grc' dir='ltr'><strong>καὶ</strong></span> <span class='ocrx_word' id='word_1_324' title='bbox 1787 3720 2133 3791; x_wconf 87' lang='grc' dir='ltr'><strong>ἀναίσθητος,</strong></span> 
     </span>
    </p>
   </div>
   <div class='ocr_carea' id='block_1_40' title="bbox 458 3806 2134 3883">
    <p class='ocr_par' dir='ltr' id='par_1_40' title="bbox 458 3806 2134 3883">
     <span class='ocr_line' id='line_1_40' title="bbox 458 3806 2134 3883; baseline -0.002 -17"><span class='ocrx_word' id='word_1_325' title='bbox 458 3812 520 3875; x_wconf 75' lang='grc' dir='ltr'><strong>ὃς</strong></span> <span class='ocrx_word' id='word_1_326' title='bbox 577 3811 720 3883; x_wconf 90' lang='grc' dir='ltr'><strong>ὀρῶν</strong></span> <span class='ocrx_word' id='word_1_327' title='bbox 766 3810 1020 3866; x_wconf 88' lang='grc' dir='ltr'><strong>τοσοῦτον</strong></span> <span class='ocrx_word' id='word_1_328' title='bbox 1070 3808 1336 3879; x_wconf 89' lang='grc' dir='ltr'><strong>σωμάτων</strong></span> <span class='ocrx_word' id='word_1_329' title='bbox 1388 3807 1573 3876; x_wconf 82' lang='grc' dir='ltr'><strong>δγκον,</strong></span> <span class='ocrx_word' id='word_1_330' title='bbox 1610 3806 1872 3875; x_wconf 69' lang='grc' dir='ltr'><strong>ςτοσοῦτον</strong></span> <span class='ocrx_word' id='word_1_331' title='bbox 1917 3810 2134 3874; x_wconf 87' lang='grc' dir='ltr'><strong>κάλλος,</strong></span> 
     </span>
    </p>
   </div>
   <div class='ocr_carea' id='block_1_41' title="bbox 456 3894 2139 3971">
    <p class='ocr_par' dir='ltr' id='par_1_41' title="bbox 456 3894 2139 3971">
     <span class='ocr_line' id='line_1_41' title="bbox 456 3894 2139 3971; baseline -0.009 -18"><span class='ocrx_word' id='word_1_332' title='bbox 456 3898 727 3971; x_wconf 82' lang='grc' dir='ltr'><strong>τοσαύτην</strong></span> <span class='ocrx_word' id='word_1_333' title='bbox 755 3898 1024 3958; x_wconf 88' lang='grc' dir='ltr'><strong>σύνθεσιν,</strong></span> <span class='ocrx_word' id='word_1_334' title='bbox 1052 3896 1310 3949; x_wconf 88' lang='grc' dir='ltr'><strong>τοιούτων</strong></span> <span class='ocrx_word' id='word_1_335' title='bbox 1363 3894 1644 3964; x_wconf 88' lang='grc' dir='ltr'><strong>στοιχείων</strong></span> <span class='ocrx_word' id='word_1_336' title='bbox 1672 3895 1850 3964; x_wconf 88' lang='grc' dir='ltr'><strong>μάχην</strong></span> <span class='ocrx_word' id='word_1_337' title='bbox 1875 3894 2024 3968; x_wconf 70' lang='grc'><strong>[104]</strong></span> <span class='ocrx_word' id='word_1_338' title='bbox 2058 3898 2139 3949; x_wconf 86' lang='grc' dir='ltr'><strong>δι-</strong></span> 
     </span>
    </p>
   </div>
   <div class='ocr_carea' id='block_1_42' title="bbox 458 3981 2137 4058">
    <p class='ocr_par' dir='ltr' id='par_1_42' title="bbox 458 3981 2137 4058">
     <span class='ocr_line' id='line_1_42' title="bbox 458 3981 2137 4058; baseline -0.002 -17"><span class='ocrx_word' id='word_1_339' title='bbox 458 3988 634 4058; x_wconf 87' lang='grc' dir='ltr'><strong>ηνεκῆ</strong></span> <span class='ocrx_word' id='word_1_340' title='bbox 662 3988 757 4041; x_wconf 76' lang='grc' dir='ltr'><strong>καὶ</strong></span> <span class='ocrx_word' id='word_1_341' title='bbox 787 3985 1121 4049; x_wconf 75' lang='grc' dir='ltr'><strong>ἐναντίωσιν,</strong></span> <span class='ocrx_word' id='word_1_342' title='bbox 1141 3984 1232 4038; x_wconf 70' lang='grc' dir='ltr'><strong>καὶ</strong></span> <span class='ocrx_word' id='word_1_343' title='bbox 1246 3981 1527 4054; x_wconf 83' lang='grc' dir='ltr'><strong>διαμονὴν,</strong></span> <span class='ocrx_word' id='word_1_344' title='bbox 1561 3983 1634 4052; x_wconf 82' lang='grc' dir='ltr'><strong>μὴ</strong></span> <span class='ocrx_word' id='word_1_345' title='bbox 1663 3982 1978 4049; x_wconf 79' lang='grc' dir='ltr'><strong>λογίσασθαι</strong></span> <span class='ocrx_word' id='word_1_346' title='bbox 2002 3986 2137 4056; x_wconf 85' lang='grc' dir='ltr'><strong>πρὸς</strong></span> 
     </span>
    </p>
   </div>
   <div class='ocr_carea' id='block_1_43' title="bbox 459 4064 2137 4145">
    <p class='ocr_par' dir='ltr' id='par_1_43' title="bbox 459 4064 2137 4145">
     <span class='ocr_line' id='line_1_43' title="bbox 459 4064 2137 4145; baseline -0.002 -17"><span class='ocrx_word' id='word_1_347' title='bbox 459 4074 651 4128; x_wconf 70' lang='grc' dir='ltr'><strong>ἑαυτὸν</strong></span> <span class='ocrx_word' id='word_1_348' title='bbox 690 4074 785 4128; x_wconf 72' lang='grc' dir='ltr'><strong>καὶ</strong></span> <span class='ocrx_word' id='word_1_349' title='bbox 817 4074 1108 4136; x_wconf 84' lang='grc' dir='ltr'><strong>εἰπεῖν,ὄτι</strong></span> <span class='ocrx_word' id='word_1_350' title='bbox 1142 4074 1190 4124; x_wconf 85' lang='grc' dir='ltr'><strong>εἰ</strong></span> <span class='ocrx_word' id='word_1_351' title='bbox 1220 4070 1294 4142; x_wconf 84' lang='grc' dir='ltr'><strong>μὴ</strong></span> <span class='ocrx_word' id='word_1_352' title='bbox 1319 4069 1549 4145; x_wconf 88' lang='grc' dir='ltr'><strong>πρόνοιά</strong></span> <span class='ocrx_word' id='word_1_353' title='bbox 1570 4086 1654 4131; x_wconf 88' lang='grc' dir='ltr'><strong>τις</strong></span> <span class='ocrx_word' id='word_1_354' title='bbox 1690 4064 1759 4139; x_wconf 82' lang='grc' dir='ltr'><strong>ἡν</strong></span> <span class='ocrx_word' id='word_1_355' title='bbox 1789 4071 1822 4139; x_wconf 93' lang='grc' dir='ltr'><strong>ἡ</strong></span> <span class='ocrx_word' id='word_1_356' title='bbox 1857 4070 1945 4123; x_wconf 82' lang='grc' dir='ltr'><strong>τὸν</strong></span> <span class='ocrx_word' id='word_1_357' title='bbox 1974 4070 2137 4140; x_wconf 74' lang='grc' dir='ltr'><strong>ὄγκον</strong></span> 
     </span>
    </p>
   </div>
   <div class='ocr_carea' id='block_1_44' title="bbox 458 4156 2136 4232">
    <p class='ocr_par' dir='ltr' id='par_1_44' title="bbox 458 4156 2136 4232">
     <span class='ocr_line' id='line_1_44' title="bbox 458 4156 2136 4232; baseline -0.001 -18"><span class='ocrx_word' id='word_1_358' title='bbox 458 4162 569 4215; x_wconf 89' lang='grc' dir='ltr'><strong>τῶν</strong></span> <span class='ocrx_word' id='word_1_359' title='bbox 603 4161 871 4232; x_wconf 88' lang='grc' dir='ltr'><strong>σωμάτων</strong></span> <span class='ocrx_word' id='word_1_360' title='bbox 903 4158 1287 4231; x_wconf 87' lang='grc' dir='ltr'><strong>διακρατοῦσα,</strong></span> <span class='ocrx_word' id='word_1_361' title='bbox 1314 4160 1409 4211; x_wconf 76' lang='grc' dir='ltr'><strong>καὶ</strong></span> <span class='ocrx_word' id='word_1_362' title='bbox 1460 4158 1534 4228; x_wconf 82' lang='grc' dir='ltr'><strong>μὴ</strong></span> <span class='ocrx_word' id='word_1_363' title='bbox 1567 4156 1929 4228; x_wconf 86' lang='grc' dir='ltr'><strong>συγχωροῦσα</strong></span> <span class='ocrx_word' id='word_1_364' title='bbox 1950 4158 2007 4211; x_wconf 77' lang='grc' dir='ltr'><strong>τὸ</strong></span> <span class='ocrx_word' id='word_1_365' title='bbox 2028 4162 2136 4213; x_wconf 81' lang='grc' dir='ltr'><strong>πᾶν</strong></span> 
     </span>
    </p>
   </div>
   <div class='ocr_carea' id='block_1_45' title="bbox 458 4246 2136 4318">
    <p class='ocr_par' dir='ltr' id='par_1_45' title="bbox 458 4246 2136 4318">
     <span class='ocr_line' id='line_1_45' title="bbox 458 4246 2136 4318; baseline 0 -16"><span class='ocrx_word' id='word_1_366' title='bbox 458 4250 755 4312; x_wconf 76' lang='grc' dir='ltr'><strong>διαπεσεῖν,</strong></span> <span class='ocrx_word' id='word_1_367' title='bbox 777 4250 877 4301; x_wconf 86' lang='grc' dir='ltr'><strong>οὐκ</strong></span> <span class='ocrx_word' id='word_1_368' title='bbox 906 4247 972 4301; x_wconf 76' lang='grc' dir='ltr'><strong>ἂν</strong></span> <span class='ocrx_word' id='word_1_369' title='bbox 1005 4247 1241 4317; x_wconf 74' lang='grc' dir='ltr'><strong>ἔμεινεν,</strong></span> <span class='ocrx_word' id='word_1_370' title='bbox 1256 4246 1358 4299; x_wconf 84' lang='grc' dir='ltr'><strong>οὑκ</strong></span> <span class='ocrx_word' id='word_1_371' title='bbox 1374 4246 1439 4299; x_wconf 82' lang='grc' dir='ltr'><strong>ἂν</strong></span> <span class='ocrx_word' id='word_1_372' title='bbox 1455 4246 1743 4315; x_wconf 84' lang='grc' dir='ltr'><strong>διήρκεσε;</strong></span> <span class='ocrx_word' id='word_1_373' title='bbox 1769 4246 2019 4317; x_wconf 87' lang='grc' dir='ltr'><strong>Τοσαύτη</strong></span> <span class='ocrx_word' id='word_1_374' title='bbox 2038 4248 2136 4318; x_wconf 83' lang='grc' dir='ltr'><strong>μὲν</strong></span> 
     </span>
    </p>
   </div>
   <div class='ocr_carea' id='block_1_46' title="bbox 459 4333 2133 4407">
    <p class='ocr_par' dir='ltr' id='par_1_46' title="bbox 459 4333 2133 4407">
     <span class='ocr_line' id='line_1_46' title="bbox 459 4333 2133 4407; baseline -0.001 -18"><span class='ocrx_word' id='word_1_375' title='bbox 459 4336 618 4407; x_wconf 85' lang='grc' dir='ltr'><strong>ὡρῶν</strong></span> <span class='ocrx_word' id='word_1_376' title='bbox 647 4336 889 4402; x_wconf 80' lang='grc' dir='ltr'><strong>εὐταξία,</strong></span> <span class='ocrx_word' id='word_1_377' title='bbox 918 4334 1157 4406; x_wconf 88' lang='grc' dir='ltr'><strong>τοσαύτη</strong></span> <span class='ocrx_word' id='word_1_378' title='bbox 1172 4334 1227 4387; x_wconf 86' lang='grc' dir='ltr'><strong>δὲ</strong></span> <span class='ocrx_word' id='word_1_379' title='bbox 1250 4333 1463 4405; x_wconf 84' lang='grc' dir='ltr'><strong>ἡμέρας</strong></span> <span class='ocrx_word' id='word_1_380' title='bbox 1490 4334 1585 4386; x_wconf 80' lang='grc' dir='ltr'><strong>καὶ</strong></span> <span class='ocrx_word' id='word_1_381' title='bbox 1611 4334 1805 4397; x_wconf 69' lang='grc' dir='ltr'><strong>νυκτὸς</strong></span> <span class='ocrx_word' id='word_1_382' title='bbox 1825 4335 2133 4404; x_wconf 80' lang='grc' dir='ltr'><strong>συμφωνία,</strong></span> 
     </span>
    </p>
   </div>
   <div class='ocr_carea' id='block_1_47' title="bbox 457 4412 2134 4495">
    <p class='ocr_par' dir='ltr' id='par_1_47' title="bbox 457 4412 2134 4495">
     <span class='ocr_line' id='line_1_47' title="bbox 457 4412 2134 4495; baseline -0.001 -19"><span class='ocrx_word' id='word_1_383' title='bbox 457 4424 726 4477; x_wconf 80' lang='grc' dir='ltr'><strong>τοσούτων</strong></span> <span class='ocrx_word' id='word_1_384' title='bbox 749 4424 806 4477; x_wconf 84' lang='grc' dir='ltr'><strong>δὲ</strong></span> <span class='ocrx_word' id='word_1_385' title='bbox 832 4412 1044 4491; x_wconf 81' lang='grc' dir='ltr'><strong>ἀλόγων</strong></span> <span class='ocrx_word' id='word_1_386' title='bbox 1070 4420 1224 4485; x_wconf 84' lang='grc' dir='ltr'><strong>ζώων</strong></span> <span class='ocrx_word' id='word_1_387' title='bbox 1249 4422 1405 4492; x_wconf 85' lang='grc' dir='ltr'><strong>γένη,</strong></span> <span class='ocrx_word' id='word_1_388' title='bbox 1432 4420 1528 4473; x_wconf 77' lang='grc' dir='ltr'><strong>καὶ</strong></span> <span class='ocrx_word' id='word_1_389' title='bbox 1545 4419 1748 4489; x_wconf 89' lang='grc' dir='ltr'><strong>φυτῶν,</strong></span> <span class='ocrx_word' id='word_1_390' title='bbox 1766 4422 1860 4474; x_wconf 77' lang='grc' dir='ltr'><strong>καὶ</strong></span> <span class='ocrx_word' id='word_1_391' title='bbox 1882 4426 2134 4495; x_wconf 77' lang='grc' dir='ltr'><strong>σπερμά-</strong></span> 
     </span>
    </p>
   </div>
   <div class='ocr_carea' id='block_1_48' title="bbox 458 4508 2135 4583">
    <p class='ocr_par' dir='ltr' id='par_1_48' title="bbox 458 4508 2135 4583">
     <span class='ocr_line' id='line_1_48' title="bbox 458 4508 2135 4583; baseline 0.002 -20"><span class='ocrx_word' id='word_1_392' title='bbox 458 4527 584 4578; x_wconf 88' lang='grc' dir='ltr'><strong>των,</strong></span> <span class='ocrx_word' id='word_1_393' title='bbox 624 4512 718 4565; x_wconf 77' lang='grc' dir='ltr'><strong>καὶ</strong></span> <span class='ocrx_word' id='word_1_394' title='bbox 747 4511 985 4581; x_wconf 80' lang='grc' dir='ltr'><strong>βοτανῶν</strong></span> <span class='ocrx_word' id='word_1_395' title='bbox 1015 4509 1119 4579; x_wconf 84' lang='grc' dir='ltr'><strong>ὀδῷ</strong></span> <span class='ocrx_word' id='word_1_396' title='bbox 1144 4508 1370 4578; x_wconf 87' lang='grc' dir='ltr'><strong>βαδίζει,</strong></span> <span class='ocrx_word' id='word_1_397' title='bbox 1400 4509 1495 4562; x_wconf 75' lang='grc' dir='ltr'><strong>καὶ</strong></span> <span class='ocrx_word' id='word_1_398' title='bbox 1515 4508 1669 4561; x_wconf 83' lang='grc' dir='ltr'><strong>οὐδὲν</strong></span> <span class='ocrx_word' id='word_1_399' title='bbox 1692 4511 1772 4572; x_wconf 88' lang='grc' dir='ltr'><strong>εἰς</strong></span> <span class='ocrx_word' id='word_1_400' title='bbox 1801 4510 1899 4581; x_wconf 80' lang='grc' dir='ltr'><strong>τὴν</strong></span> <span class='ocrx_word' id='word_1_401' title='bbox 1929 4513 2135 4583; x_wconf 83' lang='grc' dir='ltr'><strong>παροῦ-</strong></span> 
     </span>
    </p>
   </div>
   <div class='ocr_carea' id='block_1_49' title="bbox 461 4596 2039 4671">
    <p class='ocr_par' dir='ltr' id='par_1_49' title="bbox 461 4596 2039 4671">
     <span class='ocr_line' id='line_1_49' title="bbox 461 4596 2039 4671; baseline 0.001 -18"><span class='ocrx_word' id='word_1_402' title='bbox 461 4616 560 4654; x_wconf 89' lang='grc' dir='ltr'><strong>σαν</strong></span> <span class='ocrx_word' id='word_1_403' title='bbox 599 4600 813 4671; x_wconf 85' lang='grc' dir='ltr'><strong>ἡμέραν</strong></span> <span class='ocrx_word' id='word_1_404' title='bbox 859 4597 981 4651; x_wconf 75' lang='grc' dir='ltr'><strong>οὔτε</strong></span> <span class='ocrx_word' id='word_1_405' title='bbox 1014 4598 1281 4659; x_wconf 86' lang='grc' dir='ltr'><strong>διέπεσεν,</strong></span> <span class='ocrx_word' id='word_1_406' title='bbox 1320 4596 1445 4651; x_wconf 75' lang='grc' dir='ltr'><strong>οὔτε</strong></span> <span class='ocrx_word' id='word_1_407' title='bbox 1473 4596 1728 4669; x_wconf 85' lang='grc' dir='ltr'><strong>ἀνηλώθη</strong></span> <span class='ocrx_word' id='word_1_408' title='bbox 1764 4598 2039 4666; x_wconf 88' lang='grc' dir='ltr'><strong>καθάπαξ.</strong></span> 
     </span>
    </p>
   </div>
   <div class='ocr_carea' id='block_1_50' title="bbox 529 4684 2131 4758">
    <p class='ocr_par' dir='ltr' id='par_1_50' title="bbox 529 4684 2131 4758">
     <span class='ocr_line' id='line_1_50' title="bbox 529 4684 2131 4758; baseline 0.001 -17"><span class='ocrx_word' id='word_1_409' title='bbox 529 4694 590 4741; x_wconf 83' lang='grc' dir='ltr'><strong>ε’.</strong></span> <span class='ocrx_word' id='word_1_410' title='bbox 610 4689 685 4739; x_wconf 84' lang='grc' dir='ltr'><strong>Οὐ</strong></span> <span class='ocrx_word' id='word_1_411' title='bbox 712 4687 885 4740; x_wconf 83' lang='grc' dir='ltr'><strong>ταῦτα</strong></span> <span class='ocrx_word' id='word_1_412' title='bbox 908 4686 964 4739; x_wconf 82' lang='grc' dir='ltr'><strong>δὲ</strong></span> <span class='ocrx_word' id='word_1_413' title='bbox 993 4686 1171 4757; x_wconf 80' lang='grc' dir='ltr'><strong>μόνον,</strong></span> <span class='ocrx_word' id='word_1_414' title='bbox 1201 4684 1338 4739; x_wconf 89' lang='grc' dir='ltr'><strong>ἀλλά</strong></span> <span class='ocrx_word' id='word_1_415' title='bbox 1367 4686 1460 4738; x_wconf 83' lang='grc' dir='ltr'><strong>καὶ</strong></span> <span class='ocrx_word' id='word_1_416' title='bbox 1486 4685 1659 4739; x_wconf 83' lang='grc' dir='ltr'><strong>πολλὰ</strong></span> <span class='ocrx_word' id='word_1_417' title='bbox 1688 4686 1851 4758; x_wconf 78' lang='grc' dir='ltr'><strong>ἓτερα</strong></span> <span class='ocrx_word' id='word_1_418' title='bbox 1876 4687 1905 4727; x_wconf 72' lang='grc' dir='ltr'><strong>ιι</strong></span> <span class='ocrx_word' id='word_1_419' title='bbox 1926 4688 2131 4743; x_wconf 90' lang='grc' dir='ltr'><strong>τούτων</strong></span> 
     </span>
    </p>
   </div>
   <div class='ocr_carea' id='block_1_51' title="bbox 459 4770 2134 4848">
    <p class='ocr_par' dir='ltr' id='par_1_51' title="bbox 459 4770 2134 4848">
     <span class='ocr_line' id='line_1_51' title="bbox 459 4770 2134 4848; baseline 0.001 -18"><span class='ocrx_word' id='word_1_420' title='bbox 459 4775 680 4830; x_wconf 77' lang='grc' dir='ltr'><strong>πλείονα</strong></span> <span class='ocrx_word' id='word_1_421' title='bbox 704 4777 796 4829; x_wconf 70' lang='grc' dir='ltr'><strong>καὶ</strong></span> <span class='ocrx_word' id='word_1_422' title='bbox 825 4773 1100 4846; x_wconf 81' lang='grc' dir='ltr'><strong>βαθύτερα</strong></span> <span class='ocrx_word' id='word_1_423' title='bbox 1132 4770 1199 4844; x_wconf 80' lang='grc' dir='ltr'><strong>ἦν</strong></span> <span class='ocrx_word' id='word_1_424' title='bbox 1223 4776 1419 4841; x_wconf 85' lang='grc' dir='ltr'><strong>εἰπεῖν,</strong></span> <span class='ocrx_word' id='word_1_425' title='bbox 1448 4776 1541 4828; x_wconf 76' lang='grc' dir='ltr'><strong>καὶ</strong></span> <span class='ocrx_word' id='word_1_426' title='bbox 1566 4776 1697 4848; x_wconf 82' lang='grc' dir='ltr'><strong>περί</strong></span> <span class='ocrx_word' id='word_1_427' title='bbox 1728 4776 1898 4846; x_wconf 85' lang='grc' dir='ltr'><strong>αὐτῆς</strong></span> <span class='ocrx_word' id='word_1_428' title='bbox 1927 4778 2134 4845; x_wconf 88' lang='grc' dir='ltr'><strong>φιλοσο-</strong></span> 
     </span>
    </p>
   </div>
   <div class='ocr_carea' id='block_1_52' title="bbox 459 4862 2135 4935">
    <p class='ocr_par' dir='ltr' id='par_1_52' title="bbox 459 4862 2135 4935">
     <span class='ocr_line' id='line_1_52' title="bbox 459 4862 2135 4935; baseline 0.002 -18"><span class='ocrx_word' id='word_1_429' title='bbox 459 4863 630 4935; x_wconf 82' lang='grc' dir='ltr'><strong>φῆσαι</strong></span> <span class='ocrx_word' id='word_1_430' title='bbox 647 4865 743 4934; x_wconf 90' lang='grc' dir='ltr'><strong>τῆς</strong></span> <span class='ocrx_word' id='word_1_431' title='bbox 757 4864 1006 4927; x_wconf 70' lang='grc' dir='ltr'><strong>κτίσεωςο</strong></span> <span class='ocrx_word' id='word_1_432' title='bbox 1025 4862 1124 4917; x_wconf 84' lang='grc' dir='ltr'><strong>ἀλλ</strong></span> <span class='ocrx_word' id='word_1_433' title='bbox 1136 4862 1153 4885; x_wconf 90' lang='grc'>’</span> <span class='ocrx_word' id='word_1_434' title='bbox 1167 4865 1247 4925; x_wconf 88' lang='grc' dir='ltr'><strong>εἰς</strong></span> <span class='ocrx_word' id='word_1_435' title='bbox 1263 4863 1360 4934; x_wconf 78' lang='grc' dir='ltr'><strong>τὴν</strong></span> <span class='ocrx_word' id='word_1_436' title='bbox 1377 4862 1634 4919; x_wconf 73' lang='grc' dir='ltr'><strong>ἐπιοῦσαν</strong></span> <span class='ocrx_word' id='word_1_437' title='bbox 1643 4866 1823 4918; x_wconf 74' lang='grc' dir='ltr'><strong>ἐκεῖνα</strong></span> <span class='ocrx_word' id='word_1_438' title='bbox 1833 4867 2135 4934; x_wconf 86' lang='grc' dir='ltr'><strong>ταμιευσά-</strong></span> 
     </span>
    </p>
   </div>
   <div class='ocr_carea' id='block_1_53' title="bbox 462 4949 2133 5023">
    <p class='ocr_par' dir='ltr' id='par_1_53' title="bbox 462 4949 2133 5023">
     <span class='ocr_line' id='line_1_53' title="bbox 462 4949 2133 5023; baseline 0.001 -18"><span class='ocrx_word' id='word_1_439' title='bbox 462 4969 635 5021; x_wconf 82' lang='grc' dir='ltr'><strong>μενοι,</strong></span> <span class='ocrx_word' id='word_1_440' title='bbox 671 4952 1061 5021; x_wconf 88' lang='grc' dir='ltr'><strong>σπουδάσωμεν</strong></span> <span class='ocrx_word' id='word_1_441' title='bbox 1092 4949 1163 5003; x_wconf 79' lang='grc' dir='ltr'><strong>τά</strong></span> <span class='ocrx_word' id='word_1_442' title='bbox 1195 4950 1461 5021; x_wconf 84' lang='grc' dir='ltr'><strong>εἰρημένα</strong></span> <span class='ocrx_word' id='word_1_443' title='bbox 1491 4950 1627 5021; x_wconf 87' lang='grc' dir='ltr'><strong>μετά</strong></span> <span class='ocrx_word' id='word_1_444' title='bbox 1648 4950 1933 5023; x_wconf 87' lang='grc' dir='ltr'><strong>ἀκριϐείας</strong></span> <span class='ocrx_word' id='word_1_445' title='bbox 1963 4970 2133 5007; x_wconf 85' lang='grc' dir='ltr'><strong>κατα-</strong></span> 
     </span>
    </p>
   </div>
   <div class='ocr_carea' id='block_1_54' title="bbox 462 5036 2130 5113">
    <p class='ocr_par' dir='ltr' id='par_1_54' title="bbox 462 5036 2130 5113">
     <span class='ocr_line' id='line_1_54' title="bbox 462 5036 2130 5113; baseline 0.002 -20"><span class='ocrx_word' id='word_1_446' title='bbox 462 5044 633 5112; x_wconf 86' lang='grc' dir='ltr'><strong>σχεῖν,</strong></span> <span class='ocrx_word' id='word_1_447' title='bbox 657 5040 753 5093; x_wconf 77' lang='grc' dir='ltr'><strong>καὶ</strong></span> <span class='ocrx_word' id='word_1_448' title='bbox 784 5042 863 5104; x_wconf 90' lang='grc' dir='ltr'><strong>εἰς</strong></span> <span class='ocrx_word' id='word_1_449' title='bbox 890 5040 1109 5110; x_wconf 78' lang='grc' dir='ltr'><strong>ἐτέρους</strong></span> <span class='ocrx_word' id='word_1_450' title='bbox 1143 5038 1469 5107; x_wconf 76' lang='grc' dir='ltr'><strong>ἐξενεγκεῖν.</strong></span> <span class='ocrx_word' id='word_1_451' title='bbox 1506 5040 1615 5093; x_wconf 74' lang='grc' dir='ltr'><strong>Καὶ</strong></span> <span class='ocrx_word' id='word_1_452' title='bbox 1642 5036 1760 5094; x_wconf 77' lang='grc' dir='ltr'><strong>οἶδα</strong></span> <span class='ocrx_word' id='word_1_453' title='bbox 1793 5041 1891 5111; x_wconf 87' lang='grc' dir='ltr'><strong>μὲν</strong></span> <span class='ocrx_word' id='word_1_454' title='bbox 1917 5042 2001 5095; x_wconf 85' lang='grc' dir='ltr'><strong>ὃτι</strong></span> <span class='ocrx_word' id='word_1_455' title='bbox 2029 5044 2130 5113; x_wconf 85' lang='grc' dir='ltr'><strong>τὴν</strong></span> 
     </span>
    </p>
   </div>
   <div class='ocr_carea' id='block_1_55' title="bbox 457 5124 2130 5200">
    <p class='ocr_par' dir='ltr' id='par_1_55' title="bbox 457 5124 2130 5200">
     <span class='ocr_line' id='line_1_55' title="bbox 457 5124 2130 5200; baseline 0.001 -17"><span class='ocrx_word' id='word_1_456' title='bbox 457 5129 629 5200; x_wconf 81' lang='grc' dir='ltr'><strong>ἀκοὴν</strong></span> <span class='ocrx_word' id='word_1_457' title='bbox 675 5128 828 5197; x_wconf 88' lang='grc' dir='ltr'><strong>ὑμῶν</strong></span> <span class='ocrx_word' id='word_1_458' title='bbox 862 5126 1065 5192; x_wconf 75' lang='grc' dir='ltr'><strong>ἐξένισε</strong></span> <span class='ocrx_word' id='word_1_459' title='bbox 1108 5124 1216 5181; x_wconf 91' lang='grc' dir='ltr'><strong>τῶν</strong></span> <span class='ocrx_word' id='word_1_460' title='bbox 1244 5127 1531 5197; x_wconf 86' lang='grc' dir='ltr'><strong>νοημάτων</strong></span> <span class='ocrx_word' id='word_1_461' title='bbox 1572 5126 1631 5179; x_wconf 84' lang='grc' dir='ltr'><strong>τὸ</strong></span> <span class='ocrx_word' id='word_1_462' title='bbox 1663 5127 1843 5197; x_wconf 85' lang='grc' dir='ltr'><strong>βάθος,</strong></span> <span class='ocrx_word' id='word_1_463' title='bbox 1888 5130 2000 5182; x_wconf 82' lang='grc' dir='ltr'><strong>ἀλλ’</strong></span> <span class='ocrx_word' id='word_1_464' title='bbox 2034 5131 2130 5184; x_wconf 77' lang='grc' dir='ltr'><strong>ἐάν</strong></span> 
     </span>
    </p>
   </div>
   <div class='ocr_carea' id='block_1_56' title="bbox 457 5212 2130 5285">
    <p class='ocr_par' dir='ltr' id='par_1_56' title="bbox 457 5212 2130 5285">
     <span class='ocr_line' id='line_1_56' title="bbox 457 5212 2130 5285; baseline 0.001 -16"><span class='ocrx_word' id='word_1_465' title='bbox 457 5216 637 5284; x_wconf 77' lang='grc' dir='ltr'><strong>ὀλίγον</strong></span> <span class='ocrx_word' id='word_1_466' title='bbox 658 5214 938 5285; x_wconf 67' lang='grc' dir='ltr'><strong>νήφωμεν,</strong></span> <span class='ocrx_word' id='word_1_467' title='bbox 970 5215 1064 5267; x_wconf 79' lang='grc' dir='ltr'><strong>καὶ</strong></span> <span class='ocrx_word' id='word_1_468' title='bbox 1107 5215 1166 5267; x_wconf 85' lang='grc' dir='ltr'><strong>ὲν</strong></span> <span class='ocrx_word' id='word_1_469' title='bbox 1196 5212 1406 5277; x_wconf 88' lang='grc' dir='ltr'><strong>τούτοις</strong></span> <span class='ocrx_word' id='word_1_470' title='bbox 1436 5213 1705 5285; x_wconf 82' lang='grc' dir='ltr'><strong>ὲθίσωμεν</strong></span> <span class='ocrx_word' id='word_1_471' title='bbox 1750 5217 1999 5281; x_wconf 78' lang='grc' dir='ltr'><strong>ἑαυτοὺς,</strong></span> <span class='ocrx_word' id='word_1_472' title='bbox 2036 5220 2130 5272; x_wconf 80' lang='grc' dir='ltr'><strong>καὶ</strong></span> 
     </span>
    </p>
   </div>
   <div class='ocr_carea' id='block_1_57' title="bbox 456 5300 2127 5377">
    <p class='ocr_par' dir='ltr' id='par_1_57' title="bbox 456 5300 2127 5377">
     <span class='ocr_line' id='line_1_57' title="bbox 456 5300 2127 5377; baseline 0.002 -23"><span class='ocrx_word' id='word_1_473' title='bbox 456 5303 663 5373; x_wconf 79' lang='grc' dir='ltr'><strong>ἑτέροις</strong></span> <span class='ocrx_word' id='word_1_474' title='bbox 696 5300 893 5373; x_wconf 78' lang='grc' dir='ltr'><strong>ῥᾳδίως</strong></span> <span class='ocrx_word' id='word_1_475' title='bbox 909 5300 1149 5372; x_wconf 64' lang='grc' dir='ltr'><strong>ἐσόμεθα</strong></span> <span class='ocrx_word' id='word_1_476' title='bbox 1174 5300 1498 5354; x_wconf 86' lang='grc' dir='ltr'><strong>διδάσκαλοι.</strong></span> <span class='ocrx_word' id='word_1_477' title='bbox 1528 5301 1679 5364; x_wconf 86' lang='grc' dir='ltr'><strong>Τέως</strong></span> <span class='ocrx_word' id='word_1_478' title='bbox 1704 5302 1760 5355; x_wconf 77' lang='grc' dir='ltr'><strong>δὲ</strong></span> <span class='ocrx_word' id='word_1_479' title='bbox 1786 5305 1963 5358; x_wconf 80' lang='grc' dir='ltr'><strong>ἐκεῖνο</strong></span> <span class='ocrx_word' id='word_1_480' title='bbox 1989 5306 2127 5377; x_wconf 76' lang='grc' dir='ltr'><strong>πρὸς</strong></span> 
     </span>
    </p>
   </div>
   <div class='ocr_carea' id='block_1_58' title="bbox 456 5388 2128 5459">
    <p class='ocr_par' dir='ltr' id='par_1_58' title="bbox 456 5388 2128 5459">
     <span class='ocr_line' id='line_1_58' title="bbox 456 5388 2128 5459; baseline 0.002 -18"><span class='ocrx_word' id='word_1_481' title='bbox 456 5389 558 5459; x_wconf 84' lang='grc' dir='ltr'><strong>τὴν</strong></span> <span class='ocrx_word' id='word_1_482' title='bbox 578 5390 847 5458; x_wconf 84' lang='grc' dir='ltr'><strong>ὑμετέραν</strong></span> <span class='ocrx_word' id='word_1_483' title='bbox 864 5388 1085 5458; x_wconf 82' lang='grc' dir='ltr'><strong>ἀγάπην</strong></span> <span class='ocrx_word' id='word_1_484' title='bbox 1100 5389 1395 5456; x_wconf 90' lang='grc' dir='ltr'><strong>ἀναγκαῖον</strong></span> <span class='ocrx_word' id='word_1_485' title='bbox 1417 5390 1590 5441; x_wconf 86' lang='grc' dir='ltr'><strong>εἰπεῖν</strong></span> <span class='ocrx_word' id='word_1_486' title='bbox 1609 5404 1622 5417; x_wconf 87' lang='grc'><strong>·</strong></span> <span class='ocrx_word' id='word_1_487' title='bbox 1652 5390 1862 5459; x_wconf 84' lang='grc' dir='ltr'><strong>’Ὠσπερ</strong></span> <span class='ocrx_word' id='word_1_488' title='bbox 1878 5392 2128 5455; x_wconf 75' lang='grc' dir='ltr'><strong>ἐδόξασεν</strong></span> 
     </span>
    </p>
   </div>
   <div class='ocr_carea' id='block_1_59' title="bbox 456 5475 2124 5546">
    <p class='ocr_par' dir='ltr' id='par_1_59' title="bbox 456 5475 2124 5546">
     <span class='ocr_line' id='line_1_59' title="bbox 456 5475 2124 5546; baseline 0.003 -19"><span class='ocrx_word' id='word_1_489' title='bbox 456 5476 605 5545; x_wconf 79' lang='grc' dir='ltr'><strong>ἡμᾶς</strong></span> <span class='ocrx_word' id='word_1_490' title='bbox 637 5477 666 5528; x_wconf 87' lang='grc' dir='ltr'>ὁ</span> <span class='ocrx_word' id='word_1_491' title='bbox 696 5475 827 5538; x_wconf 83' lang='grc' dir='ltr'><strong>Θεὸς</strong></span> <span class='ocrx_word' id='word_1_492' title='bbox 855 5475 943 5529; x_wconf 81' lang='grc' dir='ltr'><strong>διὰ</strong></span> <span class='ocrx_word' id='word_1_493' title='bbox 972 5476 1073 5546; x_wconf 89' lang='grc' dir='ltr'><strong>τῆς</strong></span> <span class='ocrx_word' id='word_1_494' title='bbox 1102 5475 1367 5545; x_wconf 86' lang='grc' dir='ltr'><strong>τοσαύτης</strong></span> <span class='ocrx_word' id='word_1_495' title='bbox 1396 5476 1776 5546; x_wconf 86' lang='grc' dir='ltr'><strong>δημιουργίας,</strong></span> <span class='ocrx_word' id='word_1_496' title='bbox 1808 5477 1951 5531; x_wconf 73' lang='grc' dir='ltr'><strong>οὕτω</strong></span> <span class='ocrx_word' id='word_1_497' title='bbox 1974 5479 2124 5543; x_wconf 83' lang='grc' dir='ltr'><strong>δοξά-</strong></span> 
     </span>
    </p>
   </div>
   <div class='ocr_carea' id='block_1_60' title="bbox 459 5562 2123 5637">
    <p class='ocr_par' dir='ltr' id='par_1_60' title="bbox 459 5562 2123 5637">
     <span class='ocr_line' id='line_1_60' title="bbox 459 5562 2123 5637; baseline 0.004 -21"><span class='ocrx_word' id='word_1_498' title='bbox 459 5580 642 5633; x_wconf 87' lang='grc' dir='ltr'><strong>σωμεν</strong></span> <span class='ocrx_word' id='word_1_499' title='bbox 668 5563 828 5616; x_wconf 77' lang='grc' dir='ltr'><strong>αὐτον</strong></span> <span class='ocrx_word' id='word_1_500' title='bbox 865 5564 959 5616; x_wconf 78' lang='grc' dir='ltr'><strong>καὶ</strong></span> <span class='ocrx_word' id='word_1_501' title='bbox 987 5564 1149 5635; x_wconf 84' lang='grc' dir='ltr'><strong>ἡμεῖς</strong></span> <span class='ocrx_word' id='word_1_502' title='bbox 1173 5562 1264 5617; x_wconf 83' lang='grc' dir='ltr'><strong>διὰ</strong></span> <span class='ocrx_word' id='word_1_503' title='bbox 1295 5564 1392 5635; x_wconf 89' lang='grc' dir='ltr'><strong>τῆς</strong></span> <span class='ocrx_word' id='word_1_504' title='bbox 1424 5564 1699 5628; x_wconf 85' lang='grc' dir='ltr'><strong>πολιτείας</strong></span> <span class='ocrx_word' id='word_1_505' title='bbox 1728 5567 1827 5636; x_wconf 88' lang='grc' dir='ltr'><strong>τῆς</strong></span> <span class='ocrx_word' id='word_1_506' title='bbox 1860 5569 2123 5637; x_wconf 81' lang='grc' dir='ltr'><strong>καθαρᾶς,</strong></span> 
     </span>
    </p>
   </div>
   <div class='ocr_carea' id='block_1_61' title="bbox 463 5651 2122 5728">
    <p class='ocr_par' dir='ltr' id='par_1_61' title="bbox 463 5651 2122 5728">
     <span class='ocr_line' id='line_1_61' title="bbox 463 5651 2122 5728; baseline 0.005 -24"><span class='ocrx_word' id='word_1_507' title='bbox 463 5656 526 5705; x_wconf 84' lang='grc' dir='ltr'><strong>οι</strong></span> <span class='ocrx_word' id='word_1_508' title='bbox 553 5652 793 5719; x_wconf 78' lang='grc' dir='ltr'><strong>οὐρανοί</strong></span> <span class='ocrx_word' id='word_1_509' title='bbox 813 5651 1154 5722; x_wconf 72' lang='grc' dir='ltr'><strong>διηγοῦνται</strong></span> <span class='ocrx_word' id='word_1_510' title='bbox 1181 5653 1371 5718; x_wconf 79' lang='grc' dir='ltr'><strong>δόξαν</strong></span> <span class='ocrx_word' id='word_1_511' title='bbox 1400 5652 1569 5717; x_wconf 87' lang='grc' dir='ltr'><strong>Θεοῦ,</strong></span> <span class='ocrx_word' id='word_1_512' title='bbox 1608 5656 1921 5725; x_wconf 83' lang='grc' dir='ltr'><strong>φαινόμενοι</strong></span> <span class='ocrx_word' id='word_1_513' title='bbox 1944 5659 2122 5728; x_wconf 80' lang='grc' dir='ltr'><strong>μόνον’</strong></span> 
     </span>
    </p>
   </div>
   <div class='ocr_carea' id='block_1_62' title="bbox 458 5740 2126 5817">
    <p class='ocr_par' dir='ltr' id='par_1_62' title="bbox 458 5740 2126 5817">
     <span class='ocr_line' id='line_1_62' title="bbox 458 5740 2126 5817; baseline 0.005 -26"><span class='ocrx_word' id='word_1_514' title='bbox 458 5740 553 5791; x_wconf 80' lang='grc' dir='ltr'><strong>καί</strong></span> <span class='ocrx_word' id='word_1_515' title='bbox 580 5741 736 5809; x_wconf 87' lang='grc' dir='ltr'><strong>ἡμεῖς</strong></span> <span class='ocrx_word' id='word_1_516' title='bbox 779 5740 961 5795; x_wconf 88' lang='grc' dir='ltr'><strong>τοίνυν</strong></span> <span class='ocrx_word' id='word_1_517' title='bbox 991 5740 1376 5814; x_wconf 88' lang='grc' dir='ltr'><strong>διηγησώμεθα</strong></span> <span class='ocrx_word' id='word_1_518' title='bbox 1404 5741 1562 5806; x_wconf 84' lang='grc' dir='ltr'><strong>δόξαν</strong></span> <span class='ocrx_word' id='word_1_519' title='bbox 1584 5744 1741 5810; x_wconf 83' lang='grc' dir='ltr'><strong>Θεοῦ,</strong></span> <span class='ocrx_word' id='word_1_520' title='bbox 1772 5748 1845 5817; x_wconf 82' lang='grc' dir='ltr'><strong>μῆ</strong></span> <span class='ocrx_word' id='word_1_521' title='bbox 1879 5746 2126 5815; x_wconf 79' lang='grc' dir='ltr'><strong>λέγοντες</strong></span> 
     </span>
    </p>
   </div>
   <div class='ocr_carea' id='block_1_63' title="bbox 518 5916 2120 5987">
    <p class='ocr_par' dir='ltr' id='par_1_63' title="bbox 518 5916 2120 5987">
     <span class='ocr_line' id='line_1_63' title="bbox 518 5916 2120 5987; baseline 0.003 -20"><span class='ocrx_word' id='word_1_522' title='bbox 518 5916 534 5987; x_wconf 80' lang='lat'><strong>_°</strong></span> <span class='ocrx_word' id='word_1_523' title='bbox 564 5918 698 5987; x_wconf 59' lang='lat' dir='ltr'><strong>[Inus</strong></span> <span class='ocrx_word' id='word_1_524' title='bbox 716 5922 796 5969; x_wconf 82' lang='grc' dir='ltr'><strong>καὶ</strong></span> <span class='ocrx_word' id='word_1_525' title='bbox 823 5921 1082 5987; x_wconf 84' lang='grc' dir='ltr'><strong>σύγκειται.</strong></span> <span class='ocrx_word' id='word_1_526' title='bbox 1102 5920 1233 5987; x_wconf 64' lang='lat' dir='ltr'><strong>Infra</strong></span> <span class='ocrx_word' id='word_1_527' title='bbox 1257 5921 1407 5972; x_wconf 74' lang='lat' dir='ltr'><strong>Savll.</strong></span> <span class='ocrx_word' id='word_1_528' title='bbox 1435 5922 1657 5983; x_wconf 82' lang='grc' dir='ltr'><strong>τοιαύτην</strong></span> <span class='ocrx_word' id='word_1_529' title='bbox 1681 5924 1931 5987; x_wconf 85' lang='grc' dir='ltr'><strong>στοιχείων</strong></span> <span class='ocrx_word' id='word_1_530' title='bbox 1951 5924 2120 5986; x_wconf 78' lang='grc' dir='ltr'><strong>μάχην.</strong></span> 
     </span>
    </p>
   </div>
   <div class='ocr_carea' id='block_1_64' title="bbox 516 5984 1300 6044">
    <p class='ocr_par' dir='ltr' id='par_1_64' title="bbox 516 5984 1300 6044">
     <span class='ocr_line' id='line_1_64' title="bbox 516 5984 1300 6044; baseline 0.001 -16"><span class='ocrx_word' id='word_1_531' title='bbox 516 5984 548 6028; x_wconf 79' lang='lat' dir='ltr'><strong>b</strong></span> <span class='ocrx_word' id='word_1_532' title='bbox 573 5984 687 6031; x_wconf 67' lang='lat' dir='ltr'><strong>[rm</strong></span> <span class='ocrx_word' id='word_1_533' title='bbox 710 5997 821 6030; x_wconf 68' lang='lat' dir='ltr'><strong>mss.</strong></span> <span class='ocrx_word' id='word_1_534' title='bbox 854 5987 933 6031; x_wconf 74' lang='grc' dir='ltr'><strong>γνιὶ</strong></span> <span class='ocrx_word' id='word_1_535' title='bbox 959 5986 1042 6031; x_wconf 77' lang='grc' dir='ltr'><strong>πο)</strong></span> <span class='ocrx_word' id='word_1_536' title='bbox 1053 5985 1121 6044; x_wconf 57' lang='lat' dir='ltr'><strong>lc?»</strong></span> <span class='ocrx_word' id='word_1_537' title='bbox 1147 5986 1300 6034; x_wconf 69' lang='grc' dir='ltr'><strong>ἕτερα.</strong></span> 
     </span>
    </p>
   </div>
   <div class='ocr_carea' id='block_1_65' title="bbox 1306 357 3185 422">
    <p class='ocr_par' dir='ltr' id='par_1_65' title="bbox 1306 357 3185 422">
     <span class='ocr_line' id='line_1_65' title="bbox 1306 357 3185 422; baseline 0.003 -6"><span class='ocrx_word' id='word_1_538' title='bbox 1306 362 1361 416; x_wconf 83' lang='grc'><strong>5.</strong></span> <span class='ocrx_word' id='word_1_539' title='bbox 1404 357 1693 416; x_wconf 72' lang='lat' dir='ltr'><strong>JOANNIS</strong></span> <span class='ocrx_word' id='word_1_540' title='bbox 1730 358 2227 420; x_wconf 71' lang='grc' dir='ltr'><strong>ειιιιῑδοετυιιι</strong></span> <span class='ocrx_word' id='word_1_541' title='bbox 2264 359 2588 420; x_wconf 70' lang='lat' dir='ltr'><strong>ARCHIEP.</strong></span> <span class='ocrx_word' id='word_1_542' title='bbox 2628 360 3185 422; x_wconf 76' lang='lat' dir='ltr'><strong>CONSTANTINOP.</strong></span> 
     </span>
    </p>
   </div>
   <div class='ocr_carea' id='block_1_66' title="bbox 3839 368 3943 427">
    <p class='ocr_par' dir='ltr' id='par_1_66' title="bbox 3839 368 3943 427">
     <span class='ocr_line' id='line_1_66' title="bbox 3839 368 3943 427; baseline 0.01 -1"><span class='ocrx_word' id='word_1_543' title='bbox 3839 368 3943 427; x_wconf 87' lang='grc' dir='ltr'><strong>ιιο</strong></span> 
     </span>
    </p>
   </div>
   <div class='ocr_carea' id='block_1_67' title="bbox 2263 473 3944 558">
    <p class='ocr_par' dir='ltr' id='par_1_67' title="bbox 2263 473 3944 558">
     <span class='ocr_line' id='line_1_67' title="bbox 2263 473 3944 558; baseline 0.008 -30"><span class='ocrx_word' id='word_1_544' title='bbox 2263 473 2448 542; x_wconf 88' lang='grc' dir='ltr'><strong>μόνον,</strong></span> <span class='ocrx_word' id='word_1_545' title='bbox 2490 475 2627 531; x_wconf 87' lang='grc' dir='ltr'><strong>ἀλλά</strong></span> <span class='ocrx_word' id='word_1_546' title='bbox 2655 479 2749 533; x_wconf 78' lang='grc' dir='ltr'><strong>καὶ</strong></span> <span class='ocrx_word' id='word_1_547' title='bbox 2775 480 3057 550; x_wconf 83' lang='grc' dir='ltr'><strong>σιγῶντες,</strong></span> <span class='ocrx_word' id='word_1_548' title='bbox 3096 479 3194 534; x_wconf 75' lang='grc' dir='ltr'><strong>καὶ</strong></span> <span class='ocrx_word' id='word_1_549' title='bbox 3224 480 3293 552; x_wconf 77' lang='grc' dir='ltr'><strong>τῇ</strong></span> <span class='ocrx_word' id='word_1_550' title='bbox 3323 477 3419 533; x_wconf 85' lang='grc' dir='ltr'><strong>τοῦ</strong></span> <span class='ocrx_word' id='word_1_551' title='bbox 3456 477 3572 551; x_wconf 80' lang='grc' dir='ltr'><strong>βίου</strong></span> <span class='ocrx_word' id='word_1_552' title='bbox 3596 481 3944 558; x_wconf 85' lang='grc' dir='ltr'><strong>λαμπρότητι</strong></span> 
     </span>
    </p>
   </div>
   <div class='ocr_carea' id='block_1_68' title="bbox 2263 562 3947 639">
    <p class='ocr_par' dir='ltr' id='par_1_68' title="bbox 2263 562 3947 639">
     <span class='ocr_line' id='line_1_68' title="bbox 2263 562 3947 639; baseline 0.008 -26"><span class='ocrx_word' id='word_1_553' title='bbox 2263 562 2474 627; x_wconf 83' lang='grc' dir='ltr'><strong>πάντας</strong></span> <span class='ocrx_word' id='word_1_554' title='bbox 2504 564 2922 638; x_wconf 72' lang='grc' dir='ltr'><strong>ικπλήττοντες.</strong></span> <span class='ocrx_word' id='word_1_555' title='bbox 2969 566 3275 637; x_wconf 67' lang='grc' dir='ltr'><strong>Δαμψάτω</strong></span> <span class='ocrx_word' id='word_1_556' title='bbox 3295 566 3427 639; x_wconf 85' lang='grc' dir='ltr'><strong>γὰρ,</strong></span> <span class='ocrx_word' id='word_1_557' title='bbox 3466 569 3656 639; x_wconf 75' lang='grc' dir='ltr'><strong>φησὶν,</strong></span> <span class='ocrx_word' id='word_1_558' title='bbox 3678 567 3846 639; x_wconf 69' lang='grc' dir='ltr'><strong>ὑμῶν</strong></span> <span class='ocrx_word' id='word_1_559' title='bbox 3870 569 3947 627; x_wconf 86' lang='grc' dir='ltr'><strong>τὸ</strong></span> 
     </span>
    </p>
   </div>
   <div class='ocr_carea' id='block_1_69' title="bbox 2256 641 3949 726">
    <p class='ocr_par' dir='ltr' id='par_1_69' title="bbox 2256 641 3949 726">
     <span class='ocr_line' id='line_1_69' title="bbox 2256 641 3949 726; baseline 0.008 -27"><span class='ocrx_word' id='word_1_560' title='bbox 2256 645 2386 715; x_wconf 70' lang='grc' dir='ltr'><strong>φῶς</strong></span> <span class='ocrx_word' id='word_1_561' title='bbox 2430 648 2772 719; x_wconf 69' lang='grc' dir='ltr'><strong>ἔμπροσθεν</strong></span> <span class='ocrx_word' id='word_1_562' title='bbox 2796 651 2919 707; x_wconf 78' lang='grc' dir='ltr'><strong>τῶν</strong></span> <span class='ocrx_word' id='word_1_563' title='bbox 2958 652 3305 724; x_wconf 73' lang='grc' dir='ltr'><strong>ἀνθρώπων,</strong></span> <span class='ocrx_word' id='word_1_564' title='bbox 3336 641 3499 721; x_wconf 77' lang='grc' dir='ltr'><strong>ὅπως</strong></span> <span class='ocrx_word' id='word_1_565' title='bbox 3530 653 3742 710; x_wconf 77' lang='grc' dir='ltr'><strong>ῑδωσιν</strong></span> <span class='ocrx_word' id='word_1_566' title='bbox 3771 652 3949 726; x_wconf 66' lang='grc' dir='ltr'><strong>ὑμῶν</strong></span> 
     </span>
    </p>
   </div>
   <div class='ocr_carea' id='block_1_70' title="bbox 2255 736 3948 813">
    <p class='ocr_par' dir='ltr' id='par_1_70' title="bbox 2255 736 3948 813">
     <span class='ocr_line' id='line_1_70' title="bbox 2255 736 3948 813; baseline 0.006 -25"><span class='ocrx_word' id='word_1_567' title='bbox 2255 736 2328 789; x_wconf 79' lang='grc' dir='ltr'><strong>τὰ</strong></span> <span class='ocrx_word' id='word_1_568' title='bbox 2344 736 2504 792; x_wconf 78' lang='grc' dir='ltr'><strong>καλά</strong></span> <span class='ocrx_word' id='word_1_569' title='bbox 2520 738 2683 809; x_wconf 70' lang='grc' dir='ltr'><strong>ἔργα,</strong></span> <span class='ocrx_word' id='word_1_570' title='bbox 2712 740 2810 794; x_wconf 78' lang='grc' dir='ltr'><strong>καί</strong></span> <span class='ocrx_word' id='word_1_571' title='bbox 2834 740 3145 807; x_wconf 80' lang='grc' dir='ltr'><strong>δοξάσωσι</strong></span> <span class='ocrx_word' id='word_1_572' title='bbox 3171 740 3279 796; x_wconf 75' lang='grc' dir='ltr'><strong>τὸν</strong></span> <span class='ocrx_word' id='word_1_573' title='bbox 3305 738 3542 812; x_wconf 80' lang='grc' dir='ltr'><strong>Πατέρα</strong></span> <span class='ocrx_word' id='word_1_574' title='bbox 3556 742 3727 813; x_wconf 78' lang='grc' dir='ltr'><strong>ὑμῶν</strong></span> <span class='ocrx_word' id='word_1_575' title='bbox 3753 743 3948 799; x_wconf 73' lang='grc' dir='ltr'><strong>τόνέν</strong></span> 
     </span>
    </p>
   </div>
   <div class='ocr_carea' id='block_1_71' title="bbox 2254 823 3945 903">
    <p class='ocr_par' dir='ltr' id='par_1_71' title="bbox 2254 823 3945 903">
     <span class='ocr_line' id='line_1_71' title="bbox 2254 823 3945 903; baseline 0.008 -28"><span class='ocrx_word' id='word_1_576' title='bbox 2254 823 2381 890; x_wconf 83' lang='grc' dir='ltr'><strong>τοῖς</strong></span> <span class='ocrx_word' id='word_1_577' title='bbox 2410 827 2712 895; x_wconf 76' lang='grc' dir='ltr'><strong>οὐρανοῖς.</strong></span> <span class='ocrx_word' id='word_1_578' title='bbox 2754 828 2925 883; x_wconf 84' lang='grc' dir='ltr'><strong>Ὅταν</strong></span> <span class='ocrx_word' id='word_1_579' title='bbox 2963 829 3075 900; x_wconf 82' lang='grc' dir='ltr'><strong>γὰρ</strong></span> <span class='ocrx_word' id='word_1_580' title='bbox 3097 832 3127 884; x_wconf 93' lang='grc' dir='ltr'><strong>ὀ</strong></span> <span class='ocrx_word' id='word_1_581' title='bbox 3148 829 3375 893; x_wconf 77' lang='grc' dir='ltr'><strong>ἄπιστος</strong></span> <span class='ocrx_word' id='word_1_582' title='bbox 3410 829 3497 903; x_wconf 74' lang='grc' dir='ltr'><strong>ῖδη</strong></span> <span class='ocrx_word' id='word_1_583' title='bbox 3531 831 3593 884; x_wconf 65' lang='lat' dir='ltr'><strong>at</strong></span> <span class='ocrx_word' id='word_1_584' title='bbox 3619 829 3713 886; x_wconf 77' lang='grc' dir='ltr'><strong>τὸν</strong></span> <span class='ocrx_word' id='word_1_585' title='bbox 3750 829 3945 887; x_wconf 72' lang='grc' dir='ltr'><strong>πιστὸν</strong></span> 
     </span>
    </p>
   </div>
   <div class='ocr_carea' id='block_1_72' title="bbox 2255 911 3948 991">
    <p class='ocr_par' dir='ltr' id='par_1_72' title="bbox 2255 911 3948 991">
     <span class='ocr_line' id='line_1_72' title="bbox 2255 911 3948 991; baseline 0.007 -29"><span class='ocrx_word' id='word_1_586' title='bbox 2255 911 2711 985; x_wconf 85' lang='grc' dir='ltr'><strong>κατεσταλμένον,</strong></span> <span class='ocrx_word' id='word_1_587' title='bbox 2747 917 3152 989; x_wconf 85' lang='grc' dir='ltr'><strong>σωφρονοῦντα,</strong></span> <span class='ocrx_word' id='word_1_588' title='bbox 3175 918 3402 989; x_wconf 88' lang='grc' dir='ltr'><strong>κόσμιον</strong></span> <span class='ocrx_word' id='word_1_589' title='bbox 3420 917 3574 981; x_wconf 70' lang='grc' dir='ltr'><strong>ὄντα,</strong></span> <span class='ocrx_word' id='word_1_590' title='bbox 3604 918 3948 991; x_wconf 82' lang='grc' dir='ltr'><strong>έκπλαγήσε-</strong></span> 
     </span>
    </p>
   </div>
   <div class='ocr_carea' id='block_1_73' title="bbox 2254 1000 3944 1077">
    <p class='ocr_par' dir='ltr' id='par_1_73' title="bbox 2254 1000 3944 1077">
     <span class='ocr_line' id='line_1_73' title="bbox 2254 1000 3944 1077; baseline 0.007 -25"><span class='ocrx_word' id='word_1_591' title='bbox 2254 1014 2343 1053; x_wconf 88' lang='grc' dir='ltr'><strong>ται</strong></span> <span class='ocrx_word' id='word_1_592' title='bbox 2376 1000 2475 1054; x_wconf 77' lang='grc' dir='ltr'><strong>καὶ</strong></span> <span class='ocrx_word' id='word_1_593' title='bbox 2513 1003 2664 1073; x_wconf 77' lang='grc' dir='ltr'><strong>ἐρεῖ·</strong></span> <span class='ocrx_word' id='word_1_594' title='bbox 2712 1002 2954 1075; x_wconf 81' lang='grc' dir='ltr'><strong>’Δληθῶς</strong></span> <span class='ocrx_word' id='word_1_595' title='bbox 2990 1005 3167 1077; x_wconf 84' lang='grc' dir='ltr'><strong>μέγας</strong></span> <span class='ocrx_word' id='word_1_596' title='bbox 3198 1007 3227 1059; x_wconf 88' lang='grc' dir='ltr'><strong>ό</strong></span> <span class='ocrx_word' id='word_1_597' title='bbox 3272 1005 3755 1076; x_wconf 83' lang='grc' dir='ltr'><strong>τῶνΧριστιανῶν</strong></span> <span class='ocrx_word' id='word_1_598' title='bbox 3781 1008 3944 1076; x_wconf 81' lang='grc' dir='ltr'><strong>Θεὸς,</strong></span> 
     </span>
    </p>
   </div>
   <div class='ocr_carea' id='block_1_74' title="bbox 2253 1087 3945 1166">
    <p class='ocr_par' dir='ltr' id='par_1_74' title="bbox 2253 1087 3945 1166">
     <span class='ocr_line' id='line_1_74' title="bbox 2253 1087 3945 1166; baseline 0.006 -27"><span class='ocrx_word' id='word_1_599' title='bbox 2253 1087 2400 1152; x_wconf 79' lang='grc' dir='ltr'><strong>οἴους</strong></span> <span class='ocrx_word' id='word_1_600' title='bbox 2420 1090 2757 1161; x_wconf 76' lang='grc' dir='ltr'><strong>κατέστησεν</strong></span> <span class='ocrx_word' id='word_1_601' title='bbox 2784 1091 3127 1164; x_wconf 84' lang='grc' dir='ltr'><strong>ἀνθρώπους,</strong></span> <span class='ocrx_word' id='word_1_602' title='bbox 3146 1093 3292 1156; x_wconf 85' lang='grc' dir='ltr'><strong>οῖους</strong></span> <span class='ocrx_word' id='word_1_603' title='bbox 3311 1093 3371 1161; x_wconf 71' lang='grc' dir='ltr'><strong>ἐξ</strong></span> <span class='ocrx_word' id='word_1_604' title='bbox 3398 1093 3529 1147; x_wconf 85' lang='grc' dir='ltr'><strong>οῖων</strong></span> <span class='ocrx_word' id='word_1_605' title='bbox 3550 1094 3828 1166; x_wconf 72' lang='grc' dir='ltr'><strong>έποίησεν,</strong></span> <span class='ocrx_word' id='word_1_606' title='bbox 3847 1098 3945 1165; x_wconf 90' lang='grc' dir='ltr'><strong>άγ-</strong></span> 
     </span>
    </p>
   </div>
   <div class='ocr_carea' id='block_1_75' title="bbox 2253 1176 3941 1257">
    <p class='ocr_par' dir='ltr' id='par_1_75' title="bbox 2253 1176 3941 1257">
     <span class='ocr_line' id='line_1_75' title="bbox 2253 1176 3941 1257; baseline 0.006 -29"><span class='ocrx_word' id='word_1_607' title='bbox 2253 1176 2444 1244; x_wconf 87' lang='grc' dir='ltr'><strong>γέλους</strong></span> <span class='ocrx_word' id='word_1_608' title='bbox 2470 1179 2667 1243; x_wconf 84' lang='grc' dir='ltr'><strong>αὐτοὺς</strong></span> <span class='ocrx_word' id='word_1_609' title='bbox 2692 1178 2751 1246; x_wconf 85' lang='grc' dir='ltr'><strong>ὲξ</strong></span> <span class='ocrx_word' id='word_1_610' title='bbox 2788 1179 3094 1252; x_wconf 72' lang='grc' dir='ltr'><strong>ἀνθρώπιον</strong></span> <span class='ocrx_word' id='word_1_611' title='bbox 3117 1180 3434 1253; x_wconf 88' lang='grc' dir='ltr'><strong>εἰργάσατο.</strong></span> <span class='ocrx_word' id='word_1_612' title='bbox 3473 1183 3574 1237; x_wconf 73' lang='grc' dir='ltr'><strong>Ἂν</strong></span> <span class='ocrx_word' id='word_1_613' title='bbox 3594 1182 3795 1257; x_wconf 78' lang='grc' dir='ltr'><strong>ὑϐρίσῃ</strong></span> <span class='ocrx_word' id='word_1_614' title='bbox 3830 1202 3941 1251; x_wconf 88' lang='grc' dir='ltr'><strong>τις,</strong></span> 
     </span>
    </p>
   </div>
   <div class='ocr_carea' id='block_1_76' title="bbox 2251 1262 3942 1340">
    <p class='ocr_par' dir='ltr' id='par_1_76' title="bbox 2251 1262 3942 1340">
     <span class='ocr_line' id='line_1_76' title="bbox 2251 1262 3942 1340; baseline 0.007 -26"><span class='ocrx_word' id='word_1_615' title='bbox 2251 1263 2311 1315; x_wconf 91' lang='grc' dir='ltr'><strong>οὐ</strong></span> <span class='ocrx_word' id='word_1_616' title='bbox 2342 1262 2708 1334; x_wconf 88' lang='grc' dir='ltr'><strong>λοιδοροῦνται</strong></span> <span class='ocrx_word' id='word_1_617' title='bbox 2728 1280 2744 1297; x_wconf 74' lang='grc' dir='ltr'><strong>ο</strong></span> <span class='ocrx_word' id='word_1_618' title='bbox 2776 1266 2844 1320; x_wconf 78' lang='grc' dir='ltr'><strong>ἂν</strong></span> <span class='ocrx_word' id='word_1_619' title='bbox 2863 1269 3117 1340; x_wconf 84' lang='grc' dir='ltr'><strong>τυπτήσῃ</strong></span> <span class='ocrx_word' id='word_1_620' title='bbox 3141 1282 3246 1333; x_wconf 84' lang='grc' dir='ltr'><strong>τις,</strong></span> <span class='ocrx_word' id='word_1_621' title='bbox 3276 1268 3378 1323; x_wconf 88' lang='grc' dir='ltr'><strong>οὐκ</strong></span> <span class='ocrx_word' id='word_1_622' title='bbox 3405 1270 3840 1339; x_wconf 75' lang='grc' dir='ltr'><strong>ἀγανακτοῦσινο</strong></span> <span class='ocrx_word' id='word_1_623' title='bbox 3871 1272 3942 1327; x_wconf 82' lang='grc' dir='ltr'><strong>ἀν</strong></span> 
     </span>
    </p>
   </div>
   <div class='ocr_carea' id='block_1_77' title="bbox 2253 1350 3942 1431">
    <p class='ocr_par' dir='ltr' id='par_1_77' title="bbox 2253 1350 3942 1431">
     <span class='ocr_line' id='line_1_77' title="bbox 2253 1350 3942 1431; baseline 0.007 -28"><span class='ocrx_word' id='word_1_624' title='bbox 2253 1350 2486 1423; x_wconf 77' lang='grc' dir='ltr'><strong>ἀδικήσῃ</strong></span> <span class='ocrx_word' id='word_1_625' title='bbox 2502 1370 2608 1417; x_wconf 88' lang='grc' dir='ltr'><strong>τις,</strong></span> <span class='ocrx_word' id='word_1_626' title='bbox 2638 1353 3034 1427; x_wconf 86' lang='grc' dir='ltr'><strong>ὑπερεύχονται</strong></span> <span class='ocrx_word' id='word_1_627' title='bbox 3060 1355 3157 1410; x_wconf 85' lang='grc' dir='ltr'><strong>τοῦ</strong></span> <span class='ocrx_word' id='word_1_628' title='bbox 3183 1355 3556 1429; x_wconf 83' lang='grc' dir='ltr'><strong>λελυπηκότος</strong></span> <span class='ocrx_word' id='word_1_629' title='bbox 3572 1375 3588 1390; x_wconf 77' lang='grc' dir='ltr'><strong>ο</strong></span> <span class='ocrx_word' id='word_1_630' title='bbox 3624 1358 3820 1431; x_wconf 73' lang='grc' dir='ltr'><strong>ἐχθρὸν</strong></span> <span class='ocrx_word' id='word_1_631' title='bbox 3837 1361 3942 1415; x_wconf 84' lang='grc' dir='ltr'><strong>οὐκ</strong></span> 
     </span>
    </p>
   </div>
   <div class='ocr_carea' id='block_1_78' title="bbox 2253 1440 3940 1518">
    <p class='ocr_par' dir='ltr' id='par_1_78' title="bbox 2253 1440 3940 1518">
     <span class='ocr_line' id='line_1_78' title="bbox 2253 1440 3940 1518; baseline 0.006 -26"><span class='ocrx_word' id='word_1_632' title='bbox 2253 1440 2455 1510; x_wconf 79' lang='grc' dir='ltr'><strong>έχουσι,</strong></span> <span class='ocrx_word' id='word_1_633' title='bbox 2494 1445 2855 1515; x_wconf 88' lang='grc' dir='ltr'><strong>μνησικακεῖν</strong></span> <span class='ocrx_word' id='word_1_634' title='bbox 2881 1445 2984 1498; x_wconf 87' lang='grc' dir='ltr'><strong>οὐκ</strong></span> <span class='ocrx_word' id='word_1_635' title='bbox 3016 1446 3358 1509; x_wconf 71' lang='grc' dir='ltr'><strong>ἐπίστανται,</strong></span> <span class='ocrx_word' id='word_1_636' title='bbox 3388 1445 3650 1518; x_wconf 84' lang='grc' dir='ltr'><strong>φλυαρεῖν</strong></span> <span class='ocrx_word' id='word_1_637' title='bbox 3682 1448 3785 1502; x_wconf 86' lang='grc' dir='ltr'><strong>οὐκ</strong></span> <span class='ocrx_word' id='word_1_638' title='bbox 3813 1446 3940 1502; x_wconf 87' lang='grc' dir='ltr'><strong>ῐσα-</strong></span> 
     </span>
    </p>
   </div>
   <div class='ocr_carea' id='block_1_79' title="bbox 2253 1527 3936 1606">
    <p class='ocr_par' dir='ltr' id='par_1_79' title="bbox 2253 1527 3936 1606">
     <span class='ocr_line' id='line_1_79' title="bbox 2253 1527 3936 1606; baseline 0.005 -27"><span class='ocrx_word' id='word_1_639' title='bbox 2253 1543 2357 1591; x_wconf 91' lang='grc' dir='ltr'><strong>σιν,</strong></span> <span class='ocrx_word' id='word_1_640' title='bbox 2391 1528 2491 1581; x_wconf 90' lang='grc' dir='ltr'><strong>οὐκ</strong></span> <span class='ocrx_word' id='word_1_641' title='bbox 2529 1527 2735 1600; x_wconf 67' lang='grc' dir='ltr'><strong>ἔμαθον</strong></span> <span class='ocrx_word' id='word_1_642' title='bbox 2765 1530 3092 1601; x_wconf 83' lang='grc' dir='ltr'><strong>ψεύδεσθαι,</strong></span> <span class='ocrx_word' id='word_1_643' title='bbox 3139 1534 3418 1606; x_wconf 67' lang='grc' dir='ltr'><strong>ἐπιορκεῖν</strong></span> <span class='ocrx_word' id='word_1_644' title='bbox 3460 1535 3563 1588; x_wconf 89' lang='grc' dir='ltr'><strong>οὑκ</strong></span> <span class='ocrx_word' id='word_1_645' title='bbox 3605 1535 3936 1606; x_wconf 82' lang='grc' dir='ltr'><strong>ἀνέχονται,</strong></span> 
     </span>
    </p>
   </div>
   <div class='ocr_carea' id='block_1_80' title="bbox 2255 1616 3941 1697">
    <p class='ocr_par' dir='ltr' id='par_1_80' title="bbox 2255 1616 3941 1697">
     <span class='ocr_line' id='line_1_80' title="bbox 2255 1616 3941 1697; baseline 0.007 -28"><span class='ocrx_word' id='word_1_646' title='bbox 2255 1616 2456 1685; x_wconf 80' lang='grc' dir='ltr'><strong>μᾶλλον</strong></span> <span class='ocrx_word' id='word_1_647' title='bbox 2484 1618 2542 1672; x_wconf 70' lang='grc' dir='ltr'><strong>δέ</strong></span> <span class='ocrx_word' id='word_1_648' title='bbox 2567 1620 2690 1674; x_wconf 78' lang='grc' dir='ltr'><strong>οὐδὲ</strong></span> <span class='ocrx_word' id='word_1_649' title='bbox 2722 1620 2945 1691; x_wconf 84' lang='grc' dir='ltr'><strong>ὀμνύειν</strong></span> <span class='ocrx_word' id='word_1_650' title='bbox 2963 1638 2978 1654; x_wconf 78' lang='grc' dir='ltr'><strong>ο</strong></span> <span class='ocrx_word' id='word_1_651' title='bbox 3012 1622 3148 1676; x_wconf 89' lang='grc' dir='ltr'><strong>άλλά</strong></span> <span class='ocrx_word' id='word_1_652' title='bbox 3180 1624 3280 1696; x_wconf 83' lang='grc' dir='ltr'><strong>τήν</strong></span> <span class='ocrx_word' id='word_1_653' title='bbox 3312 1624 3562 1693; x_wconf 90' lang='grc' dir='ltr'><strong>γλῶτταν</strong></span> <span class='ocrx_word' id='word_1_654' title='bbox 3588 1626 3941 1697; x_wconf 70' lang='grc' dir='ltr'><strong>ἐκτμηθῆναι</strong></span> 
     </span>
    </p>
   </div>
   <div class='ocr_carea' id='block_1_81' title="bbox 2252 1704 3939 1784">
    <p class='ocr_par' dir='ltr' id='par_1_81' title="bbox 2252 1704 3939 1784">
     <span class='ocr_line' id='line_1_81' title="bbox 2252 1704 3939 1784; baseline 0.007 -27"><span class='ocrx_word' id='word_1_655' title='bbox 2252 1704 2319 1758; x_wconf 82' lang='grc' dir='ltr'><strong>ἂν</strong></span> <span class='ocrx_word' id='word_1_656' title='bbox 2369 1705 2572 1759; x_wconf 69' lang='grc' dir='ltr'><strong>ἕλοιντο</strong></span> <span class='ocrx_word' id='word_1_657' title='bbox 2618 1709 2907 1780; x_wconf 82' lang='grc' dir='ltr'><strong>πρότερον,</strong></span> <span class='ocrx_word' id='word_1_658' title='bbox 2947 1709 2982 1782; x_wconf 83' lang='grc' dir='ltr'>ἢ</span> <span class='ocrx_word' id='word_1_659' title='bbox 3020 1711 3185 1782; x_wconf 81' lang='grc' dir='ltr'><strong>ὅρκον</strong></span> <span class='ocrx_word' id='word_1_660' title='bbox 3231 1710 3353 1766; x_wconf 80' lang='grc' dir='ltr'><strong>τινὰ</strong></span> <span class='ocrx_word' id='word_1_661' title='bbox 3380 1711 3490 1765; x_wconf 80' lang='grc' dir='ltr'><strong>ἀπὸ</strong></span> <span class='ocrx_word' id='word_1_662' title='bbox 3520 1711 3615 1766; x_wconf 87' lang='grc' dir='ltr'><strong>τοῦ</strong></span> <span class='ocrx_word' id='word_1_663' title='bbox 3663 1714 3939 1784; x_wconf 81' lang='grc' dir='ltr'><strong>στόματος</strong></span> 
     </span>
    </p>
   </div>
   <div class='ocr_carea' id='block_1_82' title="bbox 2251 1793 3937 1872">
    <p class='ocr_par' dir='ltr' id='par_1_82' title="bbox 2251 1793 3937 1872">
     <span class='ocr_line' id='line_1_82' title="bbox 2251 1793 3937 1872; baseline 0.005 -26"><span class='ocrx_word' id='word_1_664' title='bbox 2251 1793 2537 1865; x_wconf 84' lang='grc' dir='ltr'><strong>προέσθαι.</strong></span> <span class='ocrx_word' id='word_1_665' title='bbox 2566 1796 2754 1851; x_wconf 88' lang='grc' dir='ltr'><strong>Ταῦτα</strong></span> <span class='ocrx_word' id='word_1_666' title='bbox 2784 1797 2966 1867; x_wconf 87' lang='grc' dir='ltr'><strong>δῶμεν</strong></span> <span class='ocrx_word' id='word_1_667' title='bbox 3016 1798 3203 1862; x_wconf 83' lang='grc' dir='ltr'><strong>αὐτοῖς</strong></span> <span class='ocrx_word' id='word_1_668' title='bbox 3230 1799 3433 1872; x_wconf 56' lang='grc' dir='ltr'><strong>περὶρὴ</strong></span> <span class='ocrx_word' id='word_1_669' title='bbox 3442 1798 3559 1870; x_wconf 90' lang='grc' dir='ltr'><strong>μῶν</strong></span> <span class='ocrx_word' id='word_1_670' title='bbox 3596 1798 3800 1870; x_wconf 88' lang='grc' dir='ltr'><strong>λέγειν,</strong></span> <span class='ocrx_word' id='word_1_671' title='bbox 3838 1802 3937 1855; x_wconf 77' lang='grc' dir='ltr'><strong>καὶ</strong></span> 
     </span>
    </p>
   </div>
   <div class='ocr_carea' id='block_1_83' title="bbox 2250 1880 3938 1957">
    <p class='ocr_par' dir='ltr' id='par_1_83' title="bbox 2250 1880 3938 1957">
     <span class='ocr_line' id='line_1_83' title="bbox 2250 1880 3938 1957; baseline 0.006 -24"><span class='ocrx_word' id='word_1_672' title='bbox 2250 1880 2349 1952; x_wconf 79' lang='grc' dir='ltr'><strong>τὴν</strong></span> <span class='ocrx_word' id='word_1_673' title='bbox 2398 1884 2643 1954; x_wconf 85' lang='grc' dir='ltr'><strong>πονηρὰν</strong></span> <span class='ocrx_word' id='word_1_674' title='bbox 2696 1883 2807 1937; x_wconf 90' lang='grc' dir='ltr'><strong>τῶν</strong></span> <span class='ocrx_word' id='word_1_675' title='bbox 2834 1885 3014 1956; x_wconf 81' lang='grc' dir='ltr'><strong>ὅρκων</strong></span> <span class='ocrx_word' id='word_1_676' title='bbox 3063 1885 3358 1957; x_wconf 87' lang='grc' dir='ltr'><strong>συνήθειαν</strong></span> <span class='ocrx_word' id='word_1_677' title='bbox 3395 1886 3785 1957; x_wconf 85' lang='grc' dir='ltr'><strong>ἀπελάσωμεν,</strong></span> <span class='ocrx_word' id='word_1_678' title='bbox 3838 1889 3938 1943; x_wconf 74' lang='grc' dir='ltr'><strong>καὶ</strong></span> 
     </span>
    </p>
   </div>
   <div class='ocr_carea' id='block_1_84' title="bbox 2250 1969 3937 2047">
    <p class='ocr_par' dir='ltr' id='par_1_84' title="bbox 2250 1969 3937 2047">
     <span class='ocr_line' id='line_1_84' title="bbox 2250 1969 3937 2047; baseline 0.007 -26"><span class='ocrx_word' id='word_1_679' title='bbox 2250 1969 2519 2042; x_wconf 91' lang='grc' dir='ltr'><strong>τοσαύτην</strong></span> <span class='ocrx_word' id='word_1_680' title='bbox 2546 1971 2727 2043; x_wconf 90' lang='grc' dir='ltr'><strong>δῶμεν</strong></span> <span class='ocrx_word' id='word_1_681' title='bbox 2750 1972 2830 2043; x_wconf 80' lang='grc' dir='ltr'><strong>τῷ</strong></span> <span class='ocrx_word' id='word_1_682' title='bbox 2852 1972 2973 2045; x_wconf 85' lang='grc' dir='ltr'><strong>Θεῷ</strong></span> <span class='ocrx_word' id='word_1_683' title='bbox 2994 1973 3181 2045; x_wconf 79' lang='grc' dir='ltr'><strong>τιμήν,</strong></span> <span class='ocrx_word' id='word_1_684' title='bbox 3208 1975 3340 2046; x_wconf 85' lang='grc' dir='ltr'><strong>ὅσην</strong></span> <span class='ocrx_word' id='word_1_685' title='bbox 3369 1978 3485 2039; x_wconf 88' lang='grc' dir='ltr'><strong>τοῖς</strong></span> <span class='ocrx_word' id='word_1_686' title='bbox 3520 1978 3759 2046; x_wconf 90' lang='grc' dir='ltr'><strong>ίματίοις</strong></span> <span class='ocrx_word' id='word_1_687' title='bbox 3774 1977 3937 2047; x_wconf 84' lang='grc' dir='ltr'><strong>ἡμῶν</strong></span> 
     </span>
    </p>
   </div>
   <div class='ocr_carea' id='block_1_85' title="bbox 2248 2061 3936 2137">
    <p class='ocr_par' dir='ltr' id='par_1_85' title="bbox 2248 2061 3936 2137">
     <span class='ocr_line' id='line_1_85' title="bbox 2248 2061 3936 2137; baseline 0.005 -26"><span class='ocrx_word' id='word_1_688' title='bbox 2248 2064 2363 2124; x_wconf 88' lang='grc' dir='ltr'><strong>τοῖς</strong></span> <span class='ocrx_word' id='word_1_689' title='bbox 2388 2062 2881 2135; x_wconf 78' lang='grc' dir='ltr'><strong>πολυτελεστέραις.</strong></span> <span class='ocrx_word' id='word_1_690' title='bbox 2922 2061 3047 2127; x_wconf 87' lang='grc' dir='ltr'><strong>Πῶς</strong></span> <span class='ocrx_word' id='word_1_691' title='bbox 3080 2063 3191 2135; x_wconf 85' lang='grc' dir='ltr'><strong>γὰρ</strong></span> <span class='ocrx_word' id='word_1_692' title='bbox 3224 2064 3326 2117; x_wconf 88' lang='grc' dir='ltr'><strong>οὐκ</strong></span> <span class='ocrx_word' id='word_1_693' title='bbox 3348 2063 3551 2118; x_wconf 79' lang='grc' dir='ltr'><strong>ἄτοπον</strong></span> <span class='ocrx_word' id='word_1_694' title='bbox 3580 2065 3797 2135; x_wconf 87' lang='grc' dir='ltr'><strong>ίμάτιον</strong></span> <span class='ocrx_word' id='word_1_695' title='bbox 3831 2065 3936 2137; x_wconf 83' lang='grc' dir='ltr'><strong>μὲν</strong></span> 
     </span>
    </p>
   </div>
   <div class='ocr_carea' id='block_1_86' title="bbox 2249 2145 3936 2224">
    <p class='ocr_par' dir='ltr' id='par_1_86' title="bbox 2249 2145 3936 2224">
     <span class='ocr_line' id='line_1_86' title="bbox 2249 2145 3936 2224; baseline 0.005 -27"><span class='ocrx_word' id='word_1_696' title='bbox 2249 2145 2469 2216; x_wconf 76' lang='grc' dir='ltr'><strong>ἔχοντας</strong></span> <span class='ocrx_word' id='word_1_697' title='bbox 2494 2149 2603 2203; x_wconf 88' lang='grc' dir='ltr'><strong>τῶν</strong></span> <span class='ocrx_word' id='word_1_698' title='bbox 2631 2148 2832 2203; x_wconf 90' lang='grc' dir='ltr'><strong>λοιπῶν</strong></span> <span class='ocrx_word' id='word_1_699' title='bbox 2858 2149 3064 2220; x_wconf 86' lang='grc' dir='ltr'><strong>βέλτιον</strong></span> <span class='ocrx_word' id='word_1_700' title='bbox 3092 2152 3167 2222; x_wconf 79' lang='grc' dir='ltr'><strong>μὴ</strong></span> <span class='ocrx_word' id='word_1_701' title='bbox 3196 2150 3486 2222; x_wconf 87' lang='grc' dir='ltr'><strong>ἀνέχεσθαι</strong></span> <span class='ocrx_word' id='word_1_702' title='bbox 3517 2151 3759 2222; x_wconf 88' lang='grc' dir='ltr'><strong>συνεχῶς</strong></span> <span class='ocrx_word' id='word_1_703' title='bbox 3781 2152 3936 2224; x_wconf 86' lang='grc' dir='ltr'><strong>αὑτῷ</strong></span> 
     </span>
    </p>
   </div>
   <div class='ocr_carea' id='block_1_87' title="bbox 2250 2236 3934 2309">
    <p class='ocr_par' dir='ltr' id='par_1_87' title="bbox 2250 2236 3934 2309">
     <span class='ocr_line' id='line_1_87' title="bbox 2250 2236 3934 2309; baseline 0.001 -19"><span class='ocrx_word' id='word_1_704' title='bbox 2250 2236 2648 2308; x_wconf 80' lang='grc' dir='ltr'><strong>καταχρᾶσθαι,</strong></span> <span class='ocrx_word' id='word_1_705' title='bbox 2666 2236 2726 2289; x_wconf 84' lang='grc' dir='ltr'><strong>τὸ</strong></span> <span class='ocrx_word' id='word_1_706' title='bbox 2746 2236 2803 2289; x_wconf 77' lang='grc' dir='ltr'><strong>δὲ</strong></span> <span class='ocrx_word' id='word_1_707' title='bbox 2825 2236 2920 2289; x_wconf 86' lang='grc' dir='ltr'><strong>τοῦ</strong></span> <span class='ocrx_word' id='word_1_708' title='bbox 2946 2236 3081 2289; x_wconf 85' lang='grc' dir='ltr'><strong>Θεοῦ</strong></span> <span class='ocrx_word' id='word_1_709' title='bbox 3109 2237 3282 2307; x_wconf 76' lang='grc' dir='ltr'><strong>ὄνομα</strong></span> <span class='ocrx_word' id='word_1_710' title='bbox 3311 2236 3589 2307; x_wconf 82' lang='grc' dir='ltr'><strong>πανταχοῦ</strong></span> <span class='ocrx_word' id='word_1_711' title='bbox 3612 2238 3934 2309; x_wconf 83' lang='grc' dir='ltr'><strong>περισύρειν</strong></span> 
     </span>
    </p>
   </div>
   <div class='ocr_carea' id='block_1_88' title="bbox 2250 2323 3934 2397">
    <p class='ocr_par' dir='ltr' id='par_1_88' title="bbox 2250 2323 3934 2397">
     <span class='ocr_line' id='line_1_88' title="bbox 2250 2323 3934 2397; baseline 0.001 -18"><span class='ocrx_word' id='word_1_712' title='bbox 2250 2323 2435 2388; x_wconf 89' lang='grc' dir='ltr'><strong>ἀπλῶς</strong></span> <span class='ocrx_word' id='word_1_713' title='bbox 2462 2325 2557 2378; x_wconf 73' lang='grc' dir='ltr'><strong>καὶ</strong></span> <span class='ocrx_word' id='word_1_714' title='bbox 2582 2324 2657 2389; x_wconf 86' lang='grc' dir='ltr'><strong>ὼς</strong></span> <span class='ocrx_word' id='word_1_715' title='bbox 2679 2323 2837 2395; x_wconf 74' lang='grc' dir='ltr'><strong>ἔτυχε</strong></span> <span class='ocrx_word' id='word_1_716' title='bbox 2857 2340 2872 2389; x_wconf 90' lang='lat'><strong>;</strong></span> <span class='ocrx_word' id='word_1_717' title='bbox 2894 2325 3007 2395; x_wconf 80' lang='grc' dir='ltr'><strong>Μὴ,</strong></span> <span class='ocrx_word' id='word_1_718' title='bbox 3033 2325 3225 2395; x_wconf 86' lang='grc' dir='ltr'><strong>δέομαι</strong></span> <span class='ocrx_word' id='word_1_719' title='bbox 3252 2326 3349 2378; x_wconf 69' lang='grc' dir='ltr'><strong>καὶ</strong></span> <span class='ocrx_word' id='word_1_720' title='bbox 3372 2325 3656 2391; x_wconf 88' lang='grc' dir='ltr'><strong>ἀντιϐολῶ,</strong></span> <span class='ocrx_word' id='word_1_721' title='bbox 3688 2324 3764 2397; x_wconf 80' lang='grc' dir='ltr'><strong>μὴ</strong></span> <span class='ocrx_word' id='word_1_722' title='bbox 3788 2326 3934 2381; x_wconf 77' lang='grc' dir='ltr'><strong>οὕτω</strong></span> 
     </span>
    </p>
   </div>
   <div class='ocr_carea' id='block_1_89' title="bbox 2248 2412 3931 2485">
    <p class='ocr_par' dir='ltr' id='par_1_89' title="bbox 2248 2412 3931 2485">
     <span class='ocr_line' id='line_1_89' title="bbox 2248 2412 3931 2485; baseline 0.001 -20"><span class='ocrx_word' id='word_1_723' title='bbox 2248 2412 2680 2484; x_wconf 89' lang='grc' dir='ltr'><strong>καταφρονῶμεν</strong></span> <span class='ocrx_word' id='word_1_724' title='bbox 2722 2412 2881 2483; x_wconf 89' lang='grc' dir='ltr'><strong>ἡμῶν</strong></span> <span class='ocrx_word' id='word_1_725' title='bbox 2910 2412 3014 2481; x_wconf 88' lang='grc' dir='ltr'><strong>τῆς</strong></span> <span class='ocrx_word' id='word_1_726' title='bbox 3061 2414 3332 2485; x_wconf 88' lang='grc' dir='ltr'><strong>σωτηρίας</strong></span> <span class='ocrx_word' id='word_1_727' title='bbox 3373 2413 3513 2468; x_wconf 86' lang='grc' dir='ltr'><strong>ἀλλά</strong></span> <span class='ocrx_word' id='word_1_728' title='bbox 3558 2413 3659 2484; x_wconf 82' lang='grc' dir='ltr'><strong>τὴν</strong></span> <span class='ocrx_word' id='word_1_729' title='bbox 3691 2414 3931 2484; x_wconf 81' lang='grc' dir='ltr'><strong>σπουδὴν</strong></span> 
     </span>
    </p>
   </div>
   <div class='ocr_carea' id='block_1_90' title="bbox 2248 2499 3931 2573">
    <p class='ocr_par' dir='ltr' id='par_1_90' title="bbox 2248 2499 3931 2573">
     <span class='ocr_line' id='line_1_90' title="bbox 2248 2499 3931 2573; baseline 0.002 -22"><span class='ocrx_word' id='word_1_730' title='bbox 2248 2500 2314 2570; x_wconf 72' lang='grc' dir='ltr'><strong>ἢν</strong></span> <span class='ocrx_word' id='word_1_731' title='bbox 2337 2499 2397 2563; x_wconf 72' lang='grc' dir='ltr'><strong>ἐξ</strong></span> <span class='ocrx_word' id='word_1_732' title='bbox 2420 2500 2596 2571; x_wconf 87' lang='grc' dir='ltr'><strong>ἀρχῆς</strong></span> <span class='ocrx_word' id='word_1_733' title='bbox 2627 2500 3006 2571; x_wconf 77' lang='grc' dir='ltr'><strong>ἐποιησάμεθα</strong></span> <span class='ocrx_word' id='word_1_734' title='bbox 3029 2511 3051 2537; x_wconf 71' lang='grc' dir='ltr'><strong>θ</strong></span> <span class='ocrx_word' id='word_1_735' title='bbox 3078 2502 3207 2572; x_wconf 82' lang='grc' dir='ltr'><strong>περί</strong></span> <span class='ocrx_word' id='word_1_736' title='bbox 3232 2500 3331 2572; x_wconf 77' lang='grc' dir='ltr'><strong>τὴν</strong></span> <span class='ocrx_word' id='word_1_737' title='bbox 3355 2500 3577 2572; x_wconf 74' lang='grc' dir='ltr'><strong>ἐντολὴν</strong></span> <span class='ocrx_word' id='word_1_738' title='bbox 3604 2501 3831 2573; x_wconf 78' lang='grc' dir='ltr'><strong>ταύτην,</strong></span> <span class='ocrx_word' id='word_1_739' title='bbox 3849 2504 3931 2567; x_wconf 85' lang='grc' dir='ltr'><strong>εἰς</strong></span> 
     </span>
    </p>
   </div>
   <div class='ocr_carea' id='block_1_91' title="bbox 2246 2585 3931 2658">
    <p class='ocr_par' dir='ltr' id='par_1_91' title="bbox 2246 2585 3931 2658">
     <span class='ocr_line' id='line_1_91' title="bbox 2246 2585 3931 2658; baseline 0.003 -21"><span class='ocrx_word' id='word_1_740' title='bbox 2246 2586 2400 2649; x_wconf 82' lang='grc' dir='ltr'><strong>τέλος</strong></span> <span class='ocrx_word' id='word_1_741' title='bbox 2421 2587 2743 2657; x_wconf 87' lang='grc' dir='ltr'><strong>ἀγάγωμεν.</strong></span> <span class='ocrx_word' id='word_1_742' title='bbox 2764 2587 2872 2639; x_wconf 80' lang='grc' dir='ltr'><strong>Καὶ</strong></span> <span class='ocrx_word' id='word_1_743' title='bbox 2892 2586 3001 2656; x_wconf 89' lang='lat'><strong>7&amp;9</strong></span> <span class='ocrx_word' id='word_1_744' title='bbox 3022 2586 3135 2654; x_wconf 75' lang='grc' dir='ltr'><strong>ἐγὼ</strong></span> <span class='ocrx_word' id='word_1_745' title='bbox 3153 2586 3242 2640; x_wconf 89' lang='grc' dir='ltr'><strong>διά</strong></span> <span class='ocrx_word' id='word_1_746' title='bbox 3259 2585 3420 2640; x_wconf 88' lang='grc' dir='ltr'><strong>τοῦτο</strong></span> <span class='ocrx_word' id='word_1_747' title='bbox 3441 2586 3643 2658; x_wconf 88' lang='grc' dir='ltr'><strong>συνεχῆ</strong></span> <span class='ocrx_word' id='word_1_748' title='bbox 3664 2587 3931 2658; x_wconf 87' lang='grc' dir='ltr'><strong>ποιοῦμαι</strong></span> 
     </span>
    </p>
   </div>
   <div class='ocr_carea' id='block_1_92' title="bbox 2244 2672 3933 2747">
    <p class='ocr_par' dir='ltr' id='par_1_92' title="bbox 2244 2672 3933 2747">
     <span class='ocr_line' id='line_1_92' title="bbox 2244 2672 3933 2747; baseline 0.002 -22"><span class='ocrx_word' id='word_1_749' title='bbox 2244 2673 2343 2743; x_wconf 80' lang='grc' dir='ltr'><strong>τήν</strong></span> <span class='ocrx_word' id='word_1_750' title='bbox 2374 2673 2722 2745; x_wconf 82' lang='grc' dir='ltr'><strong>παράκλησιν</strong></span> <span class='ocrx_word' id='word_1_751' title='bbox 2764 2672 2864 2743; x_wconf 87' lang='grc' dir='ltr'><strong>τὴν</strong></span> <span class='ocrx_word' id='word_1_752' title='bbox 2894 2674 3024 2744; x_wconf 87' lang='grc' dir='ltr'><strong>περί</strong></span> <span class='ocrx_word' id='word_1_753' title='bbox 3054 2673 3161 2727; x_wconf 89' lang='grc' dir='ltr'><strong>τῶν</strong></span> <span class='ocrx_word' id='word_1_754' title='bbox 3197 2674 3399 2744; x_wconf 87' lang='grc' dir='ltr'><strong>ὅρκων,</strong></span> <span class='ocrx_word' id='word_1_755' title='bbox 3436 2675 3538 2728; x_wconf 84' lang='grc' dir='ltr'><strong>οὑκ</strong></span> <span class='ocrx_word' id='word_1_756' title='bbox 3579 2674 3767 2747; x_wconf 73' lang='grc' dir='ltr'><strong>ἐπειδὴ</strong></span> <span class='ocrx_word' id='word_1_757' title='bbox 3797 2692 3933 2729; x_wconf 81' lang='grc' dir='ltr'><strong>κατ·</strong></span> 
     </span>
    </p>
   </div>
   <div class='ocr_carea' id='block_1_93' title="bbox 2246 2759 3931 2835">
    <p class='ocr_par' dir='ltr' id='par_1_93' title="bbox 2246 2759 3931 2835">
     <span class='ocr_line' id='line_1_93' title="bbox 2246 2759 3931 2835; baseline 0.003 -23"><span class='ocrx_word' id='word_1_758' title='bbox 2246 2761 2421 2828; x_wconf 91' lang='grc' dir='ltr'><strong>έγνων</strong></span> <span class='ocrx_word' id='word_1_759' title='bbox 2448 2760 2602 2830; x_wconf 86' lang='grc' dir='ltr'><strong>ὑμῶν</strong></span> <span class='ocrx_word' id='word_1_760' title='bbox 2633 2759 2927 2832; x_wconf 76' lang='grc' dir='ltr'><strong>ρᾳθυμίαν,</strong></span> <span class='ocrx_word' id='word_1_761' title='bbox 2947 2760 3062 2815; x_wconf 86' lang='grc' dir='ltr'><strong>ἀλλ’</strong></span> <span class='ocrx_word' id='word_1_762' title='bbox 3084 2761 3272 2831; x_wconf 81' lang='grc' dir='ltr'><strong>ἐπειδὴ</strong></span> <span class='ocrx_word' id='word_1_763' title='bbox 3300 2762 3362 2815; x_wconf 85' lang='grc' dir='ltr'><strong>τὸ</strong></span> <span class='ocrx_word' id='word_1_764' title='bbox 3388 2761 3551 2815; x_wconf 84' lang='grc' dir='ltr'><strong>πλέον</strong></span> <span class='ocrx_word' id='word_1_765' title='bbox 3581 2762 3931 2835; x_wconf 83' lang='grc' dir='ltr'><strong>κατορθωθὲν</strong></span> 
     </span>
    </p>
   </div>
   <div class='ocr_carea' id='block_1_94' title="bbox 2247 2844 3932 2923">
    <p class='ocr_par' dir='ltr' id='par_1_94' title="bbox 2247 2844 3932 2923">
     <span class='ocr_line' id='line_1_94' title="bbox 2247 2844 3932 2923; baseline 0.004 -24"><span class='ocrx_word' id='word_1_766' title='bbox 2247 2850 2374 2917; x_wconf 86' lang='grc' dir='ltr'><strong>ὑμῖν</strong></span> <span class='ocrx_word' id='word_1_767' title='bbox 2407 2844 2567 2913; x_wconf 80' lang='grc' dir='ltr'><strong>εἶδον,</strong></span> <span class='ocrx_word' id='word_1_768' title='bbox 2603 2850 2700 2902; x_wconf 72' lang='grc' dir='ltr'><strong>καί⁵</strong></span> <span class='ocrx_word' id='word_1_769' title='bbox 2726 2848 2941 2901; x_wconf 87' lang='grc' dir='ltr'><strong>σπεύδω</strong></span> <span class='ocrx_word' id='word_1_770' title='bbox 2970 2849 3064 2902; x_wconf 79' lang='grc' dir='ltr'><strong>καὶ</strong></span> <span class='ocrx_word' id='word_1_771' title='bbox 3107 2849 3402 2921; x_wconf 81' lang='grc' dir='ltr'><strong>ἐπείγομαι</strong></span> <span class='ocrx_word' id='word_1_772' title='bbox 3434 2849 3497 2902; x_wconf 77' lang='grc' dir='ltr'><strong>τὸ</strong></span> <span class='ocrx_word' id='word_1_773' title='bbox 3541 2851 3649 2903; x_wconf 81' lang='grc' dir='ltr'><strong>πᾶν</strong></span> <span class='ocrx_word' id='word_1_774' title='bbox 3672 2852 3932 2923; x_wconf 82' lang='grc' dir='ltr'><strong>ἀπαρτι-</strong></span> 
     </span>
    </p>
   </div>
   <div class='ocr_carea' id='block_1_95' title="bbox 2248 2932 3926 3005">
    <p class='ocr_par' dir='ltr' id='par_1_95' title="bbox 2248 2932 3926 3005">
     <span class='ocr_line' id='line_1_95' title="bbox 2248 2932 3926 3005; baseline 0.004 -18"><span class='ocrx_word' id='word_1_775' title='bbox 2248 2934 2443 3005; x_wconf 89' lang='grc' dir='ltr'><strong>σθῆναι</strong></span> <span class='ocrx_word' id='word_1_776' title='bbox 2478 2936 2574 2989; x_wconf 78' lang='grc' dir='ltr'><strong>καὶ</strong></span> <span class='ocrx_word' id='word_1_777' title='bbox 2604 2935 2758 2999; x_wconf 82' lang='grc' dir='ltr'><strong>τέλος</strong></span> <span class='ocrx_word' id='word_1_778' title='bbox 2786 2934 2991 2989; x_wconf 87' lang='grc' dir='ltr'><strong>λαϐεῖν.</strong></span> <span class='ocrx_word' id='word_1_779' title='bbox 3028 2934 3186 2990; x_wconf 79' lang='grc' dir='ltr'><strong>Οὕτω</strong></span> <span class='ocrx_word' id='word_1_780' title='bbox 3230 2938 3326 2989; x_wconf 79' lang='grc' dir='ltr'><strong>καὶ</strong></span> <span class='ocrx_word' id='word_1_781' title='bbox 3367 2932 3415 2989; x_wconf 87' lang='grc' dir='ltr'><strong>οἰ</strong></span> <span class='ocrx_word' id='word_1_782' title='bbox 3455 2935 3646 2990; x_wconf 81' lang='grc' dir='ltr'><strong>θεαταὶ</strong></span> <span class='ocrx_word' id='word_1_783' title='bbox 3690 2938 3926 3003; x_wconf 82' lang='grc' dir='ltr'><strong>ποιοῦσι,</strong></span> 
     </span>
    </p>
   </div>
   <div class='ocr_carea' id='block_1_96' title="bbox 2244 3021 3927 3099">
    <p class='ocr_par' dir='ltr' id='par_1_96' title="bbox 2244 3021 3927 3099">
     <span class='ocr_line' id='line_1_96' title="bbox 2244 3021 3927 3099; baseline 0.003 -24"><span class='ocrx_word' id='word_1_784' title='bbox 2244 3025 2369 3087; x_wconf 85' lang='grc' dir='ltr'><strong>τοὺς</strong></span> <span class='ocrx_word' id='word_1_785' title='bbox 2402 3024 2570 3091; x_wconf 81' lang='grc' dir='ltr'><strong>ὲγγὺς</strong></span> <span class='ocrx_word' id='word_1_786' title='bbox 2594 3022 2756 3087; x_wconf 75' lang='grc' dir='ltr'><strong>ὄντας</strong></span> <span class='ocrx_word' id='word_1_787' title='bbox 2781 3023 2891 3076; x_wconf 92' lang='grc' dir='ltr'><strong>τῶν</strong></span> <span class='ocrx_word' id='word_1_788' title='bbox 2931 3021 3201 3094; x_wconf 85' lang='grc' dir='ltr'><strong>βραϐείων</strong></span> <span class='ocrx_word' id='word_1_789' title='bbox 3223 3023 3551 3094; x_wconf 84' lang='grc' dir='ltr'><strong>διεγείρουσι</strong></span> <span class='ocrx_word' id='word_1_790' title='bbox 3584 3024 3805 3094; x_wconf 77' lang='grc' dir='ltr'><strong>μᾶλλον.</strong></span> <span class='ocrx_word' id='word_1_791' title='bbox 3832 3028 3927 3099; x_wconf 81' lang='grc' dir='ltr'><strong>Μὴ</strong></span> 
     </span>
    </p>
   </div>
   <div class='ocr_carea' id='block_1_97' title="bbox 2242 3109 3927 3184">
    <p class='ocr_par' dir='ltr' id='par_1_97' title="bbox 2242 3109 3927 3184">
     <span class='ocr_line' id='line_1_97' title="bbox 2242 3109 3927 3184; baseline 0.003 -23"><span class='ocrx_word' id='word_1_792' title='bbox 2242 3110 2420 3163; x_wconf 84' lang='grc' dir='ltr'><strong>τοίνυν</strong></span> <span class='ocrx_word' id='word_1_793' title='bbox 2456 3110 2833 3180; x_wconf 83' lang='grc' dir='ltr'><strong>ἀποκάμωμεν</strong></span> <span class='ocrx_word' id='word_1_794' title='bbox 2863 3110 2998 3180; x_wconf 81' lang='grc' dir='ltr'><strong>μηδὲ</strong></span> <span class='ocrx_word' id='word_1_795' title='bbox 3044 3111 3229 3179; x_wconf 89' lang='grc' dir='ltr'><strong>ἡμεῖς,</strong></span> <span class='ocrx_word' id='word_1_796' title='bbox 3270 3110 3366 3163; x_wconf 81' lang='grc' dir='ltr'><strong>καὶ</strong></span> <span class='ocrx_word' id='word_1_797' title='bbox 3400 3109 3510 3182; x_wconf 84' lang='grc' dir='ltr'><strong>γὰρ</strong></span> <span class='ocrx_word' id='word_1_798' title='bbox 3546 3111 3715 3179; x_wconf 75' lang='grc' dir='ltr'><strong>ἐγγὺς</strong></span> <span class='ocrx_word' id='word_1_799' title='bbox 3760 3113 3927 3184; x_wconf 78' lang='grc' dir='ltr'><strong>ἐστή-</strong></span> 
     </span>
    </p>
   </div>
   <div class='ocr_carea' id='block_1_98' title="bbox 2244 3193 3927 3271">
    <p class='ocr_par' dir='ltr' id='par_1_98' title="bbox 2244 3193 3927 3271">
     <span class='ocr_line' id='line_1_98' title="bbox 2244 3193 3927 3271; baseline 0.004 -22"><span class='ocrx_word' id='word_1_800' title='bbox 2244 3213 2418 3267; x_wconf 85' lang='grc' dir='ltr'><strong>καμεν</strong></span> <span class='ocrx_word' id='word_1_801' title='bbox 2447 3194 2541 3249; x_wconf 83' lang='grc' dir='ltr'><strong>τοῦ</strong></span> <span class='ocrx_word' id='word_1_802' title='bbox 2570 3197 2772 3259; x_wconf 78' lang='grc' dir='ltr'><strong>παντὸς</strong></span> <span class='ocrx_word' id='word_1_803' title='bbox 2804 3193 3246 3267; x_wconf 86' lang='grc' dir='ltr'><strong>κατορθώματος,</strong></span> <span class='ocrx_word' id='word_1_804' title='bbox 3282 3197 3377 3250; x_wconf 77' lang='grc' dir='ltr'><strong>καὶ</strong></span> <span class='ocrx_word' id='word_1_805' title='bbox 3411 3198 3444 3267; x_wconf 89' lang='grc' dir='ltr'><strong>ἡ</strong></span> <span class='ocrx_word' id='word_1_806' title='bbox 3476 3197 3738 3251; x_wconf 83' lang='grc' dir='ltr'><strong>δυσκολία</strong></span> <span class='ocrx_word' id='word_1_807' title='bbox 3770 3200 3927 3271; x_wconf 69' lang='grc' dir='ltr'><strong>παρὰ</strong></span> 
     </span>
    </p>
   </div>
   <div class='ocr_carea' id='block_1_99' title="bbox 2242 3274 3927 3358">
    <p class='ocr_par' dir='ltr' id='par_1_99' title="bbox 2242 3274 3927 3358">
     <span class='ocr_line' id='line_1_99' title="bbox 2242 3274 3927 3358; baseline 0.003 -23"><span class='ocrx_word' id='word_1_808' title='bbox 2242 3283 2339 3353; x_wconf 81' lang='grc' dir='ltr'><strong>τὴν</strong></span> <span class='ocrx_word' id='word_1_809' title='bbox 2382 3284 2559 3355; x_wconf 82' lang='grc' dir='ltr'><strong>ἀρχὴν</strong></span> <span class='ocrx_word' id='word_1_810' title='bbox 2605 3278 2695 3354; x_wconf 84' lang='grc' dir='ltr'><strong>ἦν.</strong></span> <span class='ocrx_word' id='word_1_811' title='bbox 2732 3280 2887 3354; x_wconf 77' lang='grc'><strong>[105]</strong></span> <span class='ocrx_word' id='word_1_812' title='bbox 2926 3282 3057 3337; x_wconf 84' lang='grc' dir='ltr'><strong>’Ὀτε</strong></span> <span class='ocrx_word' id='word_1_813' title='bbox 3101 3284 3159 3335; x_wconf 76' lang='grc' dir='ltr'><strong>δὲ</strong></span> <span class='ocrx_word' id='word_1_814' title='bbox 3200 3282 3261 3334; x_wconf 84' lang='grc' dir='ltr'><strong>τὸ</strong></span> <span class='ocrx_word' id='word_1_815' title='bbox 3292 3283 3455 3336; x_wconf 85' lang='grc' dir='ltr'><strong>πλέον</strong></span> <span class='ocrx_word' id='word_1_816' title='bbox 3505 3285 3603 3355; x_wconf 83' lang='grc' dir='ltr'><strong>τῆς</strong></span> <span class='ocrx_word' id='word_1_817' title='bbox 3637 3274 3927 3358; x_wconf 86' lang='grc' dir='ltr'><strong>συνηθείας</strong></span> 
     </span>
    </p>
   </div>
   <div class='ocr_carea' id='block_1_100' title="bbox 2244 3370 3927 3442">
    <p class='ocr_par' dir='ltr' id='par_1_100' title="bbox 2244 3370 3927 3442">
     <span class='ocr_line' id='line_1_100' title="bbox 2244 3370 3927 3442; baseline 0.002 -18"><span class='ocrx_word' id='word_1_818' title='bbox 2244 3372 2536 3442; x_wconf 85' lang='grc' dir='ltr'><strong>ὑπετμήθη</strong></span> <span class='ocrx_word' id='word_1_819' title='bbox 2576 3371 2692 3437; x_wconf 86' lang='grc' dir='ltr'><strong>νῦν,</strong></span> <span class='ocrx_word' id='word_1_820' title='bbox 2732 3371 2829 3424; x_wconf 73' lang='grc' dir='ltr'><strong>καὶ</strong></span> <span class='ocrx_word' id='word_1_821' title='bbox 2886 3372 3079 3441; x_wconf 86' lang='grc' dir='ltr'><strong>μικρὸν</strong></span> <span class='ocrx_word' id='word_1_822' title='bbox 3120 3370 3503 3424; x_wconf 84' lang='grc' dir='ltr'><strong>ὑπολέλειπται</strong></span> <span class='ocrx_word' id='word_1_823' title='bbox 3540 3372 3760 3437; x_wconf 85' lang='grc' dir='ltr'><strong>λοιπὸν,</strong></span> <span class='ocrx_word' id='word_1_824' title='bbox 3805 3375 3927 3429; x_wconf 76' lang='grc' dir='ltr'><strong>οὐδὲ</strong></span> 
     </span>
    </p>
   </div>
   <div class='ocr_carea' id='block_1_101' title="bbox 2247 3457 3927 3529">
    <p class='ocr_par' dir='ltr' id='par_1_101' title="bbox 2247 3457 3927 3529">
     <span class='ocr_line' id='line_1_101' title="bbox 2247 3457 3927 3529; baseline 0.002 -18"><span class='ocrx_word' id='word_1_825' title='bbox 2247 3460 2409 3511; x_wconf 85' lang='grc' dir='ltr'><strong>πόνου</strong></span> <span class='ocrx_word' id='word_1_826' title='bbox 2450 3458 2609 3529; x_wconf 88' lang='grc' dir='ltr'><strong>χρεία</strong></span> <span class='ocrx_word' id='word_1_827' title='bbox 2654 3457 2834 3522; x_wconf 75' lang='grc' dir='ltr'><strong>τινὸς,</strong></span> <span class='ocrx_word' id='word_1_828' title='bbox 2866 3457 3003 3511; x_wconf 87' lang='grc' dir='ltr'><strong>ἀλλά</strong></span> <span class='ocrx_word' id='word_1_829' title='bbox 3053 3460 3256 3529; x_wconf 80' lang='grc' dir='ltr'><strong>μικρᾶς</strong></span> <span class='ocrx_word' id='word_1_830' title='bbox 3304 3459 3781 3529; x_wconf 84' lang='grc' dir='ltr'><strong>παρατηρήσεως,</strong></span> <span class='ocrx_word' id='word_1_831' title='bbox 3831 3462 3927 3514; x_wconf 78' lang='grc' dir='ltr'><strong>καὶ</strong></span> 
     </span>
    </p>
   </div>
   <div class='ocr_carea' id='block_1_102' title="bbox 2246 3544 3924 3619">
    <p class='ocr_par' dir='ltr' id='par_1_102' title="bbox 2246 3544 3924 3619">
     <span class='ocr_line' id='line_1_102' title="bbox 2246 3544 3924 3619; baseline 0.002 -22"><span class='ocrx_word' id='word_1_832' title='bbox 2246 3545 2504 3615; x_wconf 87' lang='grc' dir='ltr'><strong>βραχείας</strong></span> <span class='ocrx_word' id='word_1_833' title='bbox 2536 3546 2681 3608; x_wconf 82' lang='grc' dir='ltr'><strong>τινὸς</strong></span> <span class='ocrx_word' id='word_1_834' title='bbox 2710 3544 2999 3615; x_wconf 88' lang='grc' dir='ltr'><strong>ἀκριϐείας</strong></span> <span class='ocrx_word' id='word_1_835' title='bbox 3043 3544 3295 3615; x_wconf 89' lang='grc' dir='ltr'><strong>δεόμεθα,</strong></span> <span class='ocrx_word' id='word_1_836' title='bbox 3332 3546 3419 3598; x_wconf 78' lang='grc' dir='ltr'><strong>ἵνα</strong></span> <span class='ocrx_word' id='word_1_837' title='bbox 3458 3546 3612 3599; x_wconf 77' lang='grc' dir='ltr'><strong>αὐτοὶ</strong></span> <span class='ocrx_word' id='word_1_838' title='bbox 3642 3546 3924 3619; x_wconf 89' lang='grc' dir='ltr'><strong>κατορθώ-</strong></span> 
     </span>
    </p>
   </div>
   <div class='ocr_carea' id='block_1_103' title="bbox 2246 3631 3927 3707">
    <p class='ocr_par' dir='ltr' id='par_1_103' title="bbox 2246 3631 3927 3707">
     <span class='ocr_line' id='line_1_103' title="bbox 2246 3631 3927 3707; baseline 0.002 -23"><span class='ocrx_word' id='word_1_839' title='bbox 2246 3650 2438 3697; x_wconf 89' lang='grc' dir='ltr'><strong>σαντες</strong></span> <span class='ocrx_word' id='word_1_840' title='bbox 2465 3634 2559 3686; x_wconf 81' lang='grc' dir='ltr'><strong>καί</strong></span> <span class='ocrx_word' id='word_1_841' title='bbox 2590 3633 2800 3703; x_wconf 76' lang='grc' dir='ltr'><strong>ἑτέροις</strong></span> <span class='ocrx_word' id='word_1_842' title='bbox 2822 3631 3110 3703; x_wconf 85' lang='grc' dir='ltr'><strong>γενώμεθα</strong></span> <span class='ocrx_word' id='word_1_843' title='bbox 3135 3632 3469 3696; x_wconf 88' lang='grc' dir='ltr'><strong>διδάσκαλοι,</strong></span> <span class='ocrx_word' id='word_1_844' title='bbox 3492 3634 3587 3688; x_wconf 77' lang='grc' dir='ltr'><strong>καὶ</strong></span> <span class='ocrx_word' id='word_1_845' title='bbox 3614 3635 3752 3703; x_wconf 75' lang='grc' dir='ltr'><strong>μετὰ</strong></span> <span class='ocrx_word' id='word_1_846' title='bbox 3781 3638 3927 3707; x_wconf 82' lang='grc' dir='ltr'><strong>παρ-</strong></span> 
     </span>
    </p>
   </div>
   <div class='ocr_carea' id='block_1_104' title="bbox 2246 3719 3925 3793">
    <p class='ocr_par' dir='ltr' id='par_1_104' title="bbox 2246 3719 3925 3793">
     <span class='ocr_line' id='line_1_104' title="bbox 2246 3719 3925 3793; baseline 0.001 -20"><span class='ocrx_word' id='word_1_847' title='bbox 2246 3720 2442 3791; x_wconf 77' lang='grc' dir='ltr'><strong>ρησίας</strong></span> <span class='ocrx_word' id='word_1_848' title='bbox 2480 3720 2543 3773; x_wconf 86' lang='grc' dir='ltr'><strong>τὸ</strong></span> <span class='ocrx_word' id='word_1_849' title='bbox 2595 3720 2739 3790; x_wconf 79' lang='grc' dir='ltr'><strong>ἱερὸν</strong></span> <span class='ocrx_word' id='word_1_850' title='bbox 2773 3719 2976 3789; x_wconf 71' lang='grc' dir='ltr'><strong>ἴδωμεν</strong></span> <span class='ocrx_word' id='word_1_851' title='bbox 3020 3720 3237 3790; x_wconf 84' lang='grc' dir='ltr'><strong>Πάσχα,</strong></span> <span class='ocrx_word' id='word_1_852' title='bbox 3270 3720 3366 3773; x_wconf 76' lang='grc' dir='ltr'><strong>καὶ</strong></span> <span class='ocrx_word' id='word_1_853' title='bbox 3398 3723 3537 3791; x_wconf 87' lang='grc' dir='ltr'><strong>μετά</strong></span> <span class='ocrx_word' id='word_1_854' title='bbox 3575 3721 3779 3793; x_wconf 82' lang='grc' dir='ltr'><strong>πολλῆς</strong></span> <span class='ocrx_word' id='word_1_855' title='bbox 3822 3724 3925 3792; x_wconf 87' lang='grc' dir='ltr'><strong>τῆς</strong></span> 
     </span>
    </p>
   </div>
   <div class='ocr_carea' id='block_1_105' title="bbox 2242 3807 3928 3879">
    <p class='ocr_par' dir='ltr' id='par_1_105' title="bbox 2242 3807 3928 3879">
     <span class='ocr_line' id='line_1_105' title="bbox 2242 3807 3928 3879; baseline 0.001 -19"><span class='ocrx_word' id='word_1_856' title='bbox 2242 3808 2437 3879; x_wconf 77' lang='grc' dir='ltr'><strong>ἡδονῆς</strong></span> <span class='ocrx_word' id='word_1_857' title='bbox 2480 3808 2798 3861; x_wconf 83' lang='grc' dir='ltr'><strong>διπλασίονα</strong></span> <span class='ocrx_word' id='word_1_858' title='bbox 2836 3808 2931 3859; x_wconf 78' lang='grc' dir='ltr'><strong>καὶ</strong></span> <span class='ocrx_word' id='word_1_859' title='bbox 2967 3807 3325 3877; x_wconf 88' lang='grc' dir='ltr'><strong>τριπλασίονα</strong></span> <span class='ocrx_word' id='word_1_860' title='bbox 3363 3808 3464 3877; x_wconf 84' lang='grc' dir='ltr'><strong>τῆς</strong></span> <span class='ocrx_word' id='word_1_861' title='bbox 3500 3808 3755 3871; x_wconf 86' lang='grc' dir='ltr'><strong>εἰωθυίας</strong></span> <span class='ocrx_word' id='word_1_862' title='bbox 3785 3826 3928 3879; x_wconf 77' lang='grc' dir='ltr'><strong>καρ-</strong></span> 
     </span>
    </p>
   </div>
   <div class='ocr_carea' id='block_1_106' title="bbox 2243 3891 3925 3964">
    <p class='ocr_par' dir='ltr' id='par_1_106' title="bbox 2243 3891 3925 3964">
     <span class='ocr_line' id='line_1_106' title="bbox 2243 3891 3925 3964; baseline 0.002 -20"><span class='ocrx_word' id='word_1_863' title='bbox 2243 3893 2556 3963; x_wconf 81' lang='grc' dir='ltr'><strong>πωσώμεθα</strong></span> <span class='ocrx_word' id='word_1_864' title='bbox 2586 3893 2683 3963; x_wconf 80' lang='grc' dir='ltr'><strong>τὴν</strong></span> <span class='ocrx_word' id='word_1_865' title='bbox 2715 3891 3075 3962; x_wconf 84' lang='grc' dir='ltr'><strong>εὐφροσύνην.</strong></span> <span class='ocrx_word' id='word_1_866' title='bbox 3105 3893 3181 3944; x_wconf 80' lang='grc' dir='ltr'><strong>Οὐ</strong></span> <span class='ocrx_word' id='word_1_867' title='bbox 3206 3892 3316 3964; x_wconf 90' lang='lat'><strong>7&amp;9</strong></span> <span class='ocrx_word' id='word_1_868' title='bbox 3348 3892 3493 3946; x_wconf 77' lang='grc' dir='ltr'><strong>οὓτω</strong></span> <span class='ocrx_word' id='word_1_869' title='bbox 3522 3894 3581 3945; x_wconf 81' lang='grc' dir='ltr'><strong>τὸ</strong></span> <span class='ocrx_word' id='word_1_870' title='bbox 3609 3892 3718 3945; x_wconf 90' lang='grc' dir='ltr'><strong>τῶν</strong></span> <span class='ocrx_word' id='word_1_871' title='bbox 3742 3896 3925 3948; x_wconf 87' lang='grc' dir='ltr'><strong>πόνων</strong></span> 
     </span>
    </p>
   </div>
   <div class='ocr_carea' id='block_1_107' title="bbox 2243 3978 3921 4053">
    <p class='ocr_par' dir='ltr' id='par_1_107' title="bbox 2243 3978 3921 4053">
     <span class='ocr_line' id='line_1_107' title="bbox 2243 3978 3921 4053; baseline -0.013 -7"><span class='ocrx_word' id='word_1_872' title='bbox 2243 3984 2389 4050; x_wconf 75' lang='grc' dir='ltr'><strong>ἡμᾶς</strong></span> <span class='ocrx_word' id='word_1_873' title='bbox 2423 3979 2802 4049; x_wconf 83' lang='grc' dir='ltr'><strong>ἀπαλλαγῆναι</strong></span> <span class='ocrx_word' id='word_1_874' title='bbox 2841 3979 2935 4033; x_wconf 76' lang='grc' dir='ltr'><strong>καὶ</strong></span> <span class='ocrx_word' id='word_1_875' title='bbox 2969 3980 3078 4033; x_wconf 91' lang='grc' dir='ltr'><strong>τῶν</strong></span> <span class='ocrx_word' id='word_1_876' title='bbox 3122 3978 3360 4053; x_wconf 80' lang='grc' dir='ltr'><strong>ἱδρώτων</strong></span> <span class='ocrx_word' id='word_1_877' title='bbox 3388 3981 3486 4050; x_wconf 87' lang='grc' dir='ltr'><strong>τῆς</strong></span> <span class='ocrx_word' id='word_1_878' title='bbox 3529 3980 3785 4051; x_wconf 85' lang='grc' dir='ltr'><strong>νηστείας</strong></span> <span class='ocrx_word' id='word_1_879' title='bbox 3823 3984 3921 4036; x_wconf 76' lang='grc' dir='ltr'><strong>εὐ-</strong></span> 
     </span>
    </p>
   </div>
   <div class='ocr_carea' id='block_1_108' title="bbox 2244 4066 3922 4140">
    <p class='ocr_par' dir='ltr' id='par_1_108' title="bbox 2244 4066 3922 4140">
     <span class='ocr_line' id='line_1_108' title="bbox 2244 4066 3922 4140; baseline 0.001 -19"><span class='ocrx_word' id='word_1_880' title='bbox 2244 4069 2482 4139; x_wconf 85' lang='grc' dir='ltr'><strong>φραίνει,</strong></span> <span class='ocrx_word' id='word_1_881' title='bbox 2518 4070 2594 4130; x_wconf 89' lang='grc' dir='ltr'><strong>ώς</strong></span> <span class='ocrx_word' id='word_1_882' title='bbox 2617 4067 2680 4119; x_wconf 85' lang='grc' dir='ltr'><strong>τὸ</strong></span> <span class='ocrx_word' id='word_1_883' title='bbox 2719 4067 2859 4138; x_wconf 88' lang='grc' dir='ltr'><strong>μετὰ</strong></span> <span class='ocrx_word' id='word_1_884' title='bbox 2888 4066 3317 4137; x_wconf 87' lang='grc' dir='ltr'><strong>κατορθώματος</strong></span> <span class='ocrx_word' id='word_1_885' title='bbox 3347 4068 3441 4121; x_wconf 78' lang='grc' dir='ltr'><strong>καὶ</strong></span> <span class='ocrx_word' id='word_1_886' title='bbox 3474 4066 3737 4136; x_wconf 78' lang='grc' dir='ltr'><strong>στεφάνου</strong></span> <span class='ocrx_word' id='word_1_887' title='bbox 3774 4068 3922 4140; x_wconf 82' lang='grc' dir='ltr'><strong>λαμ-</strong></span> 
     </span>
    </p>
   </div>
   <div class='ocr_carea' id='block_1_109' title="bbox 2241 4152 3921 4225">
    <p class='ocr_par' dir='ltr' id='par_1_109' title="bbox 2241 4152 3921 4225">
     <span class='ocr_line' id='line_1_109' title="bbox 2241 4152 3921 4225; baseline -0.001 -17"><span class='ocrx_word' id='word_1_888' title='bbox 2241 4154 2382 4225; x_wconf 88' lang='grc' dir='ltr'><strong>προῦ</strong></span> <span class='ocrx_word' id='word_1_889' title='bbox 2417 4156 2496 4216; x_wconf 90' lang='grc' dir='ltr'><strong>εἰς</strong></span> <span class='ocrx_word' id='word_1_890' title='bbox 2524 4153 2621 4224; x_wconf 87' lang='grc' dir='ltr'><strong>τὴν</strong></span> <span class='ocrx_word' id='word_1_891' title='bbox 2652 4154 2802 4224; x_wconf 75' lang='grc' dir='ltr'><strong>ἱερὰν</strong></span> <span class='ocrx_word' id='word_1_892' title='bbox 2830 4152 3043 4224; x_wconf 80' lang='grc' dir='ltr'><strong>ἐκείνην</strong></span> <span class='ocrx_word' id='word_1_893' title='bbox 3066 4153 3259 4223; x_wconf 79' lang='grc' dir='ltr'><strong>ἑορτὴν</strong></span> <span class='ocrx_word' id='word_1_894' title='bbox 3282 4152 3613 4223; x_wconf 86' lang='grc' dir='ltr'><strong>ἀπαντῆσαι,</strong></span> <span class='ocrx_word' id='word_1_895' title='bbox 3648 4153 3921 4222; x_wconf 88' lang='grc' dir='ltr'><strong>στεφάνου</strong></span> 
     </span>
    </p>
   </div>
   <div class='ocr_carea' id='block_1_110' title="bbox 2243 4240 3921 4313">
    <p class='ocr_par' dir='ltr' id='par_1_110' title="bbox 2243 4240 3921 4313">
     <span class='ocr_line' id='line_1_110' title="bbox 2243 4240 3921 4313; baseline 0 -18"><span class='ocrx_word' id='word_1_896' title='bbox 2243 4243 2513 4313; x_wconf 81' lang='grc' dir='ltr'><strong>μηδέποτε</strong></span> <span class='ocrx_word' id='word_1_897' title='bbox 2555 4241 2981 4312; x_wconf 89' lang='grc' dir='ltr'><strong>μαραινομένου.</strong></span> <span class='ocrx_word' id='word_1_898' title='bbox 3005 4241 3169 4293; x_wconf 83' lang='grc' dir='ltr'><strong>Ὥστε</strong></span> <span class='ocrx_word' id='word_1_899' title='bbox 3214 4240 3273 4293; x_wconf 83' lang='grc' dir='ltr'><strong>δὲ</strong></span> <span class='ocrx_word' id='word_1_900' title='bbox 3310 4242 3617 4312; x_wconf 81' lang='grc' dir='ltr'><strong>ταχυτέραν</strong></span> <span class='ocrx_word' id='word_1_901' title='bbox 3662 4242 3921 4309; x_wconf 87' lang='grc' dir='ltr'><strong>γενέσθαι</strong></span> 
     </span>
    </p>
   </div>
   <div class='ocr_carea' id='block_1_111' title="bbox 2239 4326 3922 4400">
    <p class='ocr_par' dir='ltr' id='par_1_111' title="bbox 2239 4326 3922 4400">
     <span class='ocr_line' id='line_1_111' title="bbox 2239 4326 3922 4400; baseline 0 -18"><span class='ocrx_word' id='word_1_902' title='bbox 2239 4329 2337 4400; x_wconf 79' lang='grc' dir='ltr'><strong>τὴν</strong></span> <span class='ocrx_word' id='word_1_903' title='bbox 2365 4327 2676 4399; x_wconf 88' lang='grc' dir='ltr'><strong>διόρθωσιν,</strong></span> <span class='ocrx_word' id='word_1_904' title='bbox 2722 4327 2880 4381; x_wconf 86' lang='grc' dir='ltr'><strong>τοῦτο</strong></span> <span class='ocrx_word' id='word_1_905' title='bbox 2915 4327 3140 4399; x_wconf 85' lang='grc' dir='ltr'><strong>ποίησον</strong></span> <span class='ocrx_word' id='word_1_906' title='bbox 3167 4327 3197 4380; x_wconf 86' lang='grc' dir='ltr'><strong>δ</strong></span> <span class='ocrx_word' id='word_1_907' title='bbox 3233 4326 3379 4396; x_wconf 87' lang='grc' dir='ltr'><strong>λέγω</strong></span> <span class='ocrx_word' id='word_1_908' title='bbox 3403 4345 3417 4357; x_wconf 89' lang='grc'><strong>·</strong></span> <span class='ocrx_word' id='word_1_909' title='bbox 3454 4326 3670 4399; x_wconf 81' lang='grc' dir='ltr'><strong>Γράψον</strong></span> <span class='ocrx_word' id='word_1_910' title='bbox 3706 4328 3798 4380; x_wconf 80' lang='grc' dir='ltr'><strong>ὲπί</strong></span> <span class='ocrx_word' id='word_1_911' title='bbox 3823 4328 3922 4382; x_wconf 82' lang='grc' dir='ltr'><strong>τὸν</strong></span> 
     </span>
    </p>
   </div>
   <div class='ocr_carea' id='block_1_112' title="bbox 2238 4412 3921 4485">
    <p class='ocr_par' dir='ltr' id='par_1_112' title="bbox 2238 4412 3921 4485">
     <span class='ocr_line' id='line_1_112' title="bbox 2238 4412 3921 4485; baseline 0 -18"><span class='ocrx_word' id='word_1_912' title='bbox 2238 4419 2417 4485; x_wconf 82' lang='grc' dir='ltr'><strong>τοῖχον</strong></span> <span class='ocrx_word' id='word_1_913' title='bbox 2449 4414 2550 4484; x_wconf 89' lang='grc' dir='ltr'><strong>τῆς</strong></span> <span class='ocrx_word' id='word_1_914' title='bbox 2590 4414 2765 4477; x_wconf 86' lang='grc' dir='ltr'><strong>οἰκίας</strong></span> <span class='ocrx_word' id='word_1_915' title='bbox 2806 4429 2921 4478; x_wconf 92' lang='grc' dir='ltr'><strong>σου,</strong></span> <span class='ocrx_word' id='word_1_916' title='bbox 2951 4414 3046 4465; x_wconf 82' lang='grc' dir='ltr'><strong>καὶ</strong></span> <span class='ocrx_word' id='word_1_917' title='bbox 3085 4414 3181 4465; x_wconf 75' lang='grc' dir='ltr'><strong>ἐπὶ</strong></span> <span class='ocrx_word' id='word_1_918' title='bbox 3220 4412 3312 4465; x_wconf 83' lang='grc' dir='ltr'><strong>τὸν</strong></span> <span class='ocrx_word' id='word_1_919' title='bbox 3340 4414 3518 4482; x_wconf 88' lang='grc' dir='ltr'><strong>τοῖχον</strong></span> <span class='ocrx_word' id='word_1_920' title='bbox 3559 4413 3660 4480; x_wconf 89' lang='grc' dir='ltr'><strong>τῆς</strong></span> <span class='ocrx_word' id='word_1_921' title='bbox 3689 4414 3921 4485; x_wconf 88' lang='grc' dir='ltr'><strong>καρδίας</strong></span> 
     </span>
    </p>
   </div>
   <div class='ocr_carea' id='block_1_113' title="bbox 2241 4498 3918 4572">
    <p class='ocr_par' dir='ltr' id='par_1_113' title="bbox 2241 4498 3918 4572">
     <span class='ocr_line' id='line_1_113' title="bbox 2241 4498 3918 4572; baseline 0.001 -18"><span class='ocrx_word' id='word_1_922' title='bbox 2241 4519 2334 4554; x_wconf 90' lang='grc' dir='ltr'><strong>σου</strong></span> <span class='ocrx_word' id='word_1_923' title='bbox 2372 4500 2471 4572; x_wconf 80' lang='grc' dir='ltr'><strong>τήν</strong></span> <span class='ocrx_word' id='word_1_924' title='bbox 2498 4499 2775 4572; x_wconf 90' lang='grc' dir='ltr'><strong>δρεπάνην</strong></span> <span class='ocrx_word' id='word_1_925' title='bbox 2804 4500 2904 4569; x_wconf 82' lang='grc' dir='ltr'><strong>τὴν</strong></span> <span class='ocrx_word' id='word_1_926' title='bbox 2933 4498 3244 4568; x_wconf 83' lang='grc' dir='ltr'><strong>πετομένην</strong></span> <span class='ocrx_word' id='word_1_927' title='bbox 3284 4498 3521 4569; x_wconf 74' lang='grc' dir='ltr'><strong>εκείνην,</strong></span> <span class='ocrx_word' id='word_1_928' title='bbox 3575 4500 3672 4553; x_wconf 85' lang='grc' dir='ltr'><strong>καί</strong></span> <span class='ocrx_word' id='word_1_929' title='bbox 3709 4500 3918 4572; x_wconf 88' lang='grc' dir='ltr'><strong>ταύτην</strong></span> 
     </span>
    </p>
   </div>
   <div class='ocr_carea' id='block_1_114' title="bbox 2238 4583 3919 4659">
    <p class='ocr_par' dir='ltr' id='par_1_114' title="bbox 2238 4583 3919 4659">
     <span class='ocr_line' id='line_1_114' title="bbox 2238 4583 3919 4659; baseline -0.001 -18"><span class='ocrx_word' id='word_1_930' title='bbox 2238 4591 2331 4641; x_wconf 69' lang='grc' dir='ltr'><strong>ἐπὶ</strong></span> <span class='ocrx_word' id='word_1_931' title='bbox 2359 4590 2457 4659; x_wconf 89' lang='grc' dir='ltr'><strong>τῆς</strong></span> <span class='ocrx_word' id='word_1_932' title='bbox 2479 4589 2619 4658; x_wconf 79' lang='grc' dir='ltr'><strong>ἀρᾶς</strong></span> <span class='ocrx_word' id='word_1_933' title='bbox 2659 4585 2916 4640; x_wconf 89' lang='grc' dir='ltr'><strong>πέτεσθαι</strong></span> <span class='ocrx_word' id='word_1_934' title='bbox 2948 4584 3158 4655; x_wconf 83' lang='grc' dir='ltr'><strong>νόμιζε,</strong></span> <span class='ocrx_word' id='word_1_935' title='bbox 3186 4584 3279 4636; x_wconf 78' lang='grc' dir='ltr'><strong>καὶ</strong></span> <span class='ocrx_word' id='word_1_936' title='bbox 3310 4583 3551 4653; x_wconf 88' lang='grc' dir='ltr'><strong>συνεχῶς</strong></span> <span class='ocrx_word' id='word_1_937' title='bbox 3579 4584 3750 4656; x_wconf 79' lang='grc' dir='ltr'><strong>αὐτὴν</strong></span> <span class='ocrx_word' id='word_1_938' title='bbox 3778 4588 3919 4641; x_wconf 85' lang='grc' dir='ltr'><strong>ἀνα-</strong></span> 
     </span>
    </p>
   </div>
   <div class='ocr_carea' id='block_1_115' title="bbox 2237 4673 3915 4746">
    <p class='ocr_par' dir='ltr' id='par_1_115' title="bbox 2237 4673 3915 4746">
     <span class='ocr_line' id='line_1_115' title="bbox 2237 4673 3915 4746; baseline -0.002 -16"><span class='ocrx_word' id='word_1_939' title='bbox 2237 4678 2452 4745; x_wconf 76' lang='grc' dir='ltr'><strong>λογίζου</strong></span> <span class='ocrx_word' id='word_1_940' title='bbox 2473 4696 2486 4708; x_wconf 85' lang='grc'><strong>·</strong></span> <span class='ocrx_word' id='word_1_941' title='bbox 2522 4677 2624 4729; x_wconf 78' lang='grc' dir='ltr'><strong>κᾶν</strong></span> <span class='ocrx_word' id='word_1_942' title='bbox 2654 4676 2840 4746; x_wconf 71' lang='grc' dir='ltr'><strong>ἕτερον</strong></span> <span class='ocrx_word' id='word_1_943' title='bbox 2876 4674 3147 4745; x_wconf 88' lang='grc' dir='ltr'><strong>ὀμνύοντα</strong></span> <span class='ocrx_word' id='word_1_944' title='bbox 3191 4673 3329 4746; x_wconf 75' lang='grc' dir='ltr'><strong>ἴδῃς,</strong></span> <span class='ocrx_word' id='word_1_945' title='bbox 3363 4674 3609 4743; x_wconf 77' lang='grc' dir='ltr'><strong>ἐπίσχες,</strong></span> <span class='ocrx_word' id='word_1_946' title='bbox 3649 4673 3915 4742; x_wconf 88' lang='grc' dir='ltr'><strong>κώλυσον,</strong></span> 
     </span>
    </p>
   </div>
   <div class='ocr_carea' id='block_1_116' title="bbox 2236 4758 3917 4832">
    <p class='ocr_par' dir='ltr' id='par_1_116' title="bbox 2236 4758 3917 4832">
     <span class='ocr_line' id='line_1_116' title="bbox 2236 4758 3917 4832; baseline -0.001 -15"><span class='ocrx_word' id='word_1_947' title='bbox 2236 4765 2331 4817; x_wconf 71' lang='grc' dir='ltr'><strong>καὶ</strong></span> <span class='ocrx_word' id='word_1_948' title='bbox 2361 4763 2467 4817; x_wconf 88' lang='grc' dir='ltr'><strong>τῶν</strong></span> <span class='ocrx_word' id='word_1_949' title='bbox 2492 4762 2722 4815; x_wconf 86' lang='grc' dir='ltr'><strong>οἰκετῶν</strong></span> <span class='ocrx_word' id='word_1_950' title='bbox 2764 4761 3127 4832; x_wconf 81' lang='grc' dir='ltr'><strong>ὲπιμελήθητι</strong></span> <span class='ocrx_word' id='word_1_951' title='bbox 3157 4760 3267 4813; x_wconf 88' lang='grc' dir='ltr'><strong>τῶν</strong></span> <span class='ocrx_word' id='word_1_952' title='bbox 3321 4758 3452 4814; x_wconf 90' lang='grc' dir='ltr'><strong>σῶν.</strong></span> <span class='ocrx_word' id='word_1_953' title='bbox 3483 4761 3581 4815; x_wconf 75' lang='grc' dir='ltr'><strong>Ἂν</strong></span> <span class='ocrx_word' id='word_1_954' title='bbox 3617 4760 3729 4832; x_wconf 83' lang='grc' dir='ltr'><strong>γάρ</strong></span> <span class='ocrx_word' id='word_1_955' title='bbox 3754 4761 3917 4815; x_wconf 86' lang='grc' dir='ltr'><strong>τοῦτο</strong></span> 
     </span>
    </p>
   </div>
   <div class='ocr_carea' id='block_1_117' title="bbox 2238 4836 3913 4921">
    <p class='ocr_par' dir='ltr' id='par_1_117' title="bbox 2238 4836 3913 4921">
     <span class='ocr_line' id='line_1_117' title="bbox 2238 4836 3913 4921; baseline 0.001 -18"><span class='ocrx_word' id='word_1_956' title='bbox 2238 4853 2607 4921; x_wconf 80' lang='grc' dir='ltr'><strong>σκοπήσωμεν</strong></span> <span class='ocrx_word' id='word_1_957' title='bbox 2641 4850 2860 4913; x_wconf 74' lang='grc' dir='ltr'><strong>ά,ὅπως</strong></span> <span class='ocrx_word' id='word_1_958' title='bbox 2911 4849 2985 4920; x_wconf 83' lang='grc' dir='ltr'><strong>μὴ</strong></span> <span class='ocrx_word' id='word_1_959' title='bbox 3030 4848 3190 4919; x_wconf 88' lang='grc' dir='ltr'><strong>μόνον</strong></span> <span class='ocrx_word' id='word_1_960' title='bbox 3232 4848 3387 4902; x_wconf 86' lang='grc' dir='ltr'><strong>αὐτοί</strong></span> <span class='ocrx_word' id='word_1_961' title='bbox 3425 4836 3913 4919; x_wconf 74' lang='grc' dir='ltr'><strong>κατορθώσωμεν,</strong></span> 
     </span>
    </p>
   </div>
   <div class='ocr_carea' id='block_1_118' title="bbox 2236 4934 3917 5009">
    <p class='ocr_par' dir='ltr' id='par_1_118' title="bbox 2236 4934 3917 5009">
     <span class='ocr_line' id='line_1_118' title="bbox 2236 4934 3917 5009; baseline 0.001 -18"><span class='ocrx_word' id='word_1_962' title='bbox 2236 4939 2372 4991; x_wconf 80' lang='grc' dir='ltr'><strong>ἀλλὰ</strong></span> <span class='ocrx_word' id='word_1_963' title='bbox 2416 4937 2508 4989; x_wconf 78' lang='grc' dir='ltr'><strong>καὶ</strong></span> <span class='ocrx_word' id='word_1_964' title='bbox 2537 4938 2756 5009; x_wconf 78' lang='grc' dir='ltr'><strong>ἐτέρους</strong></span> <span class='ocrx_word' id='word_1_965' title='bbox 2794 4939 2875 5000; x_wconf 89' lang='grc' dir='ltr'><strong>εἰς</strong></span> <span class='ocrx_word' id='word_1_966' title='bbox 2910 4936 3069 4989; x_wconf 86' lang='grc' dir='ltr'><strong>τοῦτο</strong></span> <span class='ocrx_word' id='word_1_967' title='bbox 3096 4934 3719 5007; x_wconf 83' lang='grc' dir='ltr'><strong>ὲναγάγοιμεν,ταχέως</strong></span> <span class='ocrx_word' id='word_1_968' title='bbox 3756 4937 3917 4992; x_wconf 71' lang='grc' dir='ltr'><strong>αὐτοὶ</strong></span> 
     </span>
    </p>
   </div>
   <div class='ocr_carea' id='block_1_119' title="bbox 2236 5020 3917 5096">
    <p class='ocr_par' dir='ltr' id='par_1_119' title="bbox 2236 5020 3917 5096">
     <span class='ocr_line' id='line_1_119' title="bbox 2236 5020 3917 5096; baseline 0.001 -20"><span class='ocrx_word' id='word_1_969' title='bbox 2236 5025 2373 5096; x_wconf 77' lang='grc' dir='ltr'><strong>πρὸς</strong></span> <span class='ocrx_word' id='word_1_970' title='bbox 2407 5024 2467 5076; x_wconf 84' lang='grc' dir='ltr'><strong>τὸ</strong></span> <span class='ocrx_word' id='word_1_971' title='bbox 2496 5024 2669 5095; x_wconf 88' lang='grc' dir='ltr'><strong>πέρας</strong></span> <span class='ocrx_word' id='word_1_972' title='bbox 2698 5023 2920 5094; x_wconf 68' lang='grc' dir='ltr'><strong>ἥξομεν.</strong></span> <span class='ocrx_word' id='word_1_973' title='bbox 2945 5023 3008 5076; x_wconf 86' lang='grc' dir='ltr'><strong>Οἱ</strong></span> <span class='ocrx_word' id='word_1_974' title='bbox 3034 5020 3144 5093; x_wconf 88' lang='lat'><strong>7&amp;9</strong></span> <span class='ocrx_word' id='word_1_975' title='bbox 3176 5022 3397 5093; x_wconf 77' lang='grc' dir='ltr'><strong>ἑτέρους</strong></span> <span class='ocrx_word' id='word_1_976' title='bbox 3429 5023 3710 5077; x_wconf 89' lang='grc' dir='ltr'><strong>παιδεύειν</strong></span> <span class='ocrx_word' id='word_1_977' title='bbox 3742 5041 3917 5078; x_wconf 80' lang='grc' dir='ltr'><strong>κατα-</strong></span> 
     </span>
    </p>
   </div>
   <div class='ocr_carea' id='block_1_120' title="bbox 2232 5110 3915 5185">
    <p class='ocr_par' dir='ltr' id='par_1_120' title="bbox 2232 5110 3915 5185">
     <span class='ocr_line' id='line_1_120' title="bbox 2232 5110 3915 5185; baseline 0 -19"><span class='ocrx_word' id='word_1_978' title='bbox 2232 5114 2533 5183; x_wconf 79' lang='grc' dir='ltr'><strong>δεξάμενοι,</strong></span> <span class='ocrx_word' id='word_1_979' title='bbox 2553 5113 2953 5185; x_wconf 81' lang='grc' dir='ltr'><strong>ὲρυθριάσομεν</strong></span> <span class='ocrx_word' id='word_1_980' title='bbox 2977 5112 3071 5164; x_wconf 79' lang='grc' dir='ltr'><strong>καὶ</strong></span> <span class='ocrx_word' id='word_1_981' title='bbox 3092 5110 3514 5181; x_wconf 85' lang='grc' dir='ltr'><strong>αἰσχυνούμεθα.</strong></span> <span class='ocrx_word' id='word_1_982' title='bbox 3543 5111 3579 5164; x_wconf 80' lang='grc' dir='ltr'><strong>ἃ</strong></span> <span class='ocrx_word' id='word_1_983' title='bbox 3600 5115 3710 5175; x_wconf 81' lang='grc' dir='ltr'><strong>τοῖς</strong></span> <span class='ocrx_word' id='word_1_984' title='bbox 3728 5112 3915 5178; x_wconf 79' lang='grc' dir='ltr'><strong>ἄλλοις</strong></span> 
     </span>
    </p>
   </div>
   <div class='ocr_carea' id='block_1_121' title="bbox 2235 5198 3916 5272">
    <p class='ocr_par' dir='ltr' id='par_1_121' title="bbox 2235 5198 3916 5272">
     <span class='ocr_line' id='line_1_121' title="bbox 2235 5198 3916 5272; baseline 0.001 -18"><span class='ocrx_word' id='word_1_985' title='bbox 2235 5201 2615 5272; x_wconf 81' lang='grc' dir='ltr'><strong>ἐπιτάττομεν,</strong></span> <span class='ocrx_word' id='word_1_986' title='bbox 2652 5201 2827 5253; x_wconf 87' lang='grc' dir='ltr'><strong>ταῦτα</strong></span> <span class='ocrx_word' id='word_1_987' title='bbox 2856 5199 3279 5266; x_wconf 84' lang='grc' dir='ltr'><strong>ὲλλιμπάνοντες</strong></span> <span class='ocrx_word' id='word_1_988' title='bbox 3314 5198 3470 5251; x_wconf 72' lang='grc' dir='ltr'><strong>αὐτοὶ</strong></span> <span class='ocrx_word' id='word_1_989' title='bbox 3496 5199 3749 5267; x_wconf 88' lang='grc' dir='ltr'><strong>φανῆναι.</strong></span> <span class='ocrx_word' id='word_1_990' title='bbox 3775 5200 3916 5256; x_wconf 65' lang='lat' dir='ltr'><strong>om</strong></span> 
     </span>
    </p>
   </div>
   <div class='ocr_carea' id='block_1_122' title="bbox 2233 5284 3913 5360">
    <p class='ocr_par' dir='ltr' id='par_1_122' title="bbox 2233 5284 3913 5360">
     <span class='ocr_line' id='line_1_122' title="bbox 2233 5284 3913 5360; baseline -0.002 -18"><span class='ocrx_word' id='word_1_991' title='bbox 2233 5291 2392 5359; x_wconf 87' lang='grc' dir='ltr'><strong>χρεία</strong></span> <span class='ocrx_word' id='word_1_992' title='bbox 2422 5288 2686 5342; x_wconf 90' lang='grc' dir='ltr'><strong>πλειόνων</strong></span> <span class='ocrx_word' id='word_1_993' title='bbox 2709 5287 2882 5354; x_wconf 89' lang='grc' dir='ltr'><strong>λόγων</strong></span> <span class='ocrx_word' id='word_1_994' title='bbox 2903 5304 2916 5316; x_wconf 77' lang='grc'><strong>’</strong></span> <span class='ocrx_word' id='word_1_995' title='bbox 2949 5284 3121 5338; x_wconf 88' lang='grc' dir='ltr'><strong>πολλά</strong></span> <span class='ocrx_word' id='word_1_996' title='bbox 3158 5285 3268 5357; x_wconf 89' lang='lat'><strong>7&amp;9</strong></span> <span class='ocrx_word' id='word_1_997' title='bbox 3302 5286 3397 5340; x_wconf 76' lang='grc' dir='ltr'><strong>καὶ</strong></span> <span class='ocrx_word' id='word_1_998' title='bbox 3433 5285 3501 5339; x_wconf 86' lang='grc' dir='ltr'><strong>τὰ</strong></span> <span class='ocrx_word' id='word_1_999' title='bbox 3538 5285 3728 5356; x_wconf 87' lang='grc' dir='ltr'><strong>πρώην</strong></span> <span class='ocrx_word' id='word_1_1000' title='bbox 3755 5288 3913 5360; x_wconf 82' lang='grc' dir='ltr'><strong>εἰρη-</strong></span> 
     </span>
    </p>
   </div>
   <div class='ocr_carea' id='block_1_123' title="bbox 2234 5372 3907 5446">
    <p class='ocr_par' dir='ltr' id='par_1_123' title="bbox 2234 5372 3907 5446">
     <span class='ocr_line' id='line_1_123' title="bbox 2234 5372 3907 5446; baseline 0.002 -18"><span class='ocrx_word' id='word_1_1001' title='bbox 2234 5377 2392 5445; x_wconf 82' lang='grc' dir='ltr'><strong>μένα,</strong></span> <span class='ocrx_word' id='word_1_1002' title='bbox 2420 5376 2516 5430; x_wconf 75' lang='grc' dir='ltr'><strong>καὶ</strong></span> <span class='ocrx_word' id='word_1_1003' title='bbox 2548 5374 2721 5429; x_wconf 85' lang='grc' dir='ltr'><strong>ταῦτα</strong></span> <span class='ocrx_word' id='word_1_1004' title='bbox 2751 5373 2807 5426; x_wconf 77' lang='grc' dir='ltr'><strong>δὲ</strong></span> <span class='ocrx_word' id='word_1_1005' title='bbox 2835 5374 3194 5443; x_wconf 85' lang='grc' dir='ltr'><strong>ὑπομνήσεως</strong></span> <span class='ocrx_word' id='word_1_1006' title='bbox 3227 5372 3388 5443; x_wconf 89' lang='grc' dir='ltr'><strong>χάριν</strong></span> <span class='ocrx_word' id='word_1_1007' title='bbox 3421 5373 3585 5443; x_wconf 86' lang='grc' dir='ltr'><strong>μόνης</strong></span> <span class='ocrx_word' id='word_1_1008' title='bbox 3615 5383 3638 5411; x_wconf 72' lang='grc' dir='ltr'><strong>ε</strong></span> <span class='ocrx_word' id='word_1_1009' title='bbox 3670 5374 3907 5446; x_wconf 79' lang='grc' dir='ltr'><strong>εἴρηται.</strong></span> 
     </span>
    </p>
   </div>
   <div class='ocr_carea' id='block_1_124' title="bbox 2244 5459 3911 5532">
    <p class='ocr_par' dir='ltr' id='par_1_124' title="bbox 2244 5459 3911 5532">
     <span class='ocr_line' id='line_1_124' title="bbox 2244 5459 3911 5532; baseline -0.001 -16"><span class='ocrx_word' id='word_1_1010' title='bbox 2244 5464 2299 5516; x_wconf 90' lang='lat'><strong>&#39;0</strong></span> <span class='ocrx_word' id='word_1_1011' title='bbox 2332 5463 2390 5516; x_wconf 83' lang='grc' dir='ltr'><strong>δὲ</strong></span> <span class='ocrx_word' id='word_1_1012' title='bbox 2432 5462 2587 5526; x_wconf 82' lang='grc' dir='ltr'><strong>Θεὸς,</strong></span> <span class='ocrx_word' id='word_1_1013' title='bbox 2618 5464 2647 5515; x_wconf 89' lang='grc' dir='ltr'><strong>ό</strong></span> <span class='ocrx_word' id='word_1_1014' title='bbox 2692 5460 2891 5532; x_wconf 84' lang='grc' dir='ltr'><strong>μᾶλλον</strong></span> <span class='ocrx_word' id='word_1_1015' title='bbox 2924 5460 3085 5530; x_wconf 83' lang='grc' dir='ltr'><strong>ἡμῶν</strong></span> <span class='ocrx_word' id='word_1_1016' title='bbox 3110 5459 3219 5514; x_wconf 90' lang='grc' dir='ltr'><strong>τῶν</strong></span> <span class='ocrx_word' id='word_1_1017' title='bbox 3266 5460 3550 5531; x_wconf 84' lang='grc' dir='ltr'><strong>ἡμετέρων</strong></span> <span class='ocrx_word' id='word_1_1018' title='bbox 3595 5460 3911 5532; x_wconf 83' lang='grc' dir='ltr'><strong>φειδόμενος</strong></span> 
     </span>
    </p>
   </div>
   <div class='ocr_carea' id='block_1_125' title="bbox 2230 5546 3909 5620">
    <p class='ocr_par' dir='ltr' id='par_1_125' title="bbox 2230 5546 3909 5620">
     <span class='ocr_line' id='line_1_125' title="bbox 2230 5546 3909 5620; baseline 0.002 -20"><span class='ocrx_word' id='word_1_1019' title='bbox 2230 5549 2437 5620; x_wconf 56' lang='grc' dir='ltr'><strong>ψυχῶν,</strong></span> <span class='ocrx_word' id='word_1_1020' title='bbox 2466 5550 2562 5603; x_wconf 75' lang='grc' dir='ltr'><strong>καὶ</strong></span> <span class='ocrx_word' id='word_1_1021' title='bbox 2600 5550 2660 5601; x_wconf 83' lang='grc' dir='ltr'><strong>ὲν</strong></span> <span class='ocrx_word' id='word_1_1022' title='bbox 2703 5546 2877 5617; x_wconf 87' lang='grc' dir='ltr'><strong>τούτῳ</strong></span> <span class='ocrx_word' id='word_1_1023' title='bbox 2907 5547 3003 5601; x_wconf 79' lang='grc' dir='ltr'><strong>καὶ</strong></span> <span class='ocrx_word' id='word_1_1024' title='bbox 3041 5547 3101 5599; x_wconf 85' lang='grc' dir='ltr'><strong>έν</strong></span> <span class='ocrx_word' id='word_1_1025' title='bbox 3134 5549 3301 5601; x_wconf 74' lang='grc' dir='ltr'><strong>παντὶ</strong></span> <span class='ocrx_word' id='word_1_1026' title='bbox 3332 5547 3714 5620; x_wconf 78' lang='grc' dir='ltr'><strong>καταρτίσειεν</strong></span> <span class='ocrx_word' id='word_1_1027' title='bbox 3757 5550 3909 5620; x_wconf 81' lang='grc' dir='ltr'><strong>ἡμᾶς</strong></span> 
     </span>
    </p>
   </div>
   <div class='ocr_carea' id='block_1_126' title="bbox 2234 5633 3907 5709">
    <p class='ocr_par' dir='ltr' id='par_1_126' title="bbox 2234 5633 3907 5709">
     <span class='ocr_line' id='line_1_126' title="bbox 2234 5633 3907 5709; baseline 0.004 -23"><span class='ocrx_word' id='word_1_1028' title='bbox 2234 5638 2455 5707; x_wconf 53' lang='grc' dir='ltr'><strong>ἀγαθῷ,</strong></span> <span class='ocrx_word' id='word_1_1029' title='bbox 2493 5638 2581 5691; x_wconf 86' lang='grc' dir='ltr'><strong>ἶνα</strong></span> <span class='ocrx_word' id='word_1_1030' title='bbox 2622 5634 3010 5707; x_wconf 88' lang='grc' dir='ltr'><strong>πληρώσαντες</strong></span> <span class='ocrx_word' id='word_1_1031' title='bbox 3061 5634 3238 5689; x_wconf 71' lang='grc' dir='ltr'><strong>πάπα</strong></span> <span class='ocrx_word' id='word_1_1032' title='bbox 3269 5633 3481 5705; x_wconf 77' lang='grc' dir='ltr'><strong>καρπὸν</strong></span> <span class='ocrx_word' id='word_1_1033' title='bbox 3520 5635 3907 5709; x_wconf 81' lang='grc' dir='ltr'><strong>δικαιοσύνης,</strong></span> 
     </span>
    </p>
   </div>
   <div class='ocr_carea' id='block_1_127' title="bbox 2290 5797 3902 5929">
    <p class='ocr_par' dir='ltr' id='par_1_127' title="bbox 2290 5797 3902 5929">
     <span class='ocr_line' id='line_1_127' title="bbox 2295 5797 2762 5861; baseline -0.004 -16"><span class='ocrx_word' id='word_1_1034' title='bbox 2295 5804 2314 5827; x_wconf 73' lang='grc' dir='ltr'><strong>ι’</strong></span> <span class='ocrx_word' id='word_1_1035' title='bbox 2344 5802 2436 5849; x_wconf 63' lang='grc' dir='ltr'><strong>,λέἱὶ</strong></span> <span class='ocrx_word' id='word_1_1036' title='bbox 2464 5797 2762 5861; x_wconf 67' lang='grc' dir='ltr'><strong>ἐποιούμεθα.</strong></span> 
     </span>
     <span class='ocr_line' id='line_1_128' title="bbox 2290 5857 3902 5929; baseline 0 -22"><span class='ocrx_word' id='word_1_1037' title='bbox 2290 5862 2315 5899; x_wconf 84' lang='lat' dir='ltr'>d</span> <span class='ocrx_word' id='word_1_1038' title='bbox 2344 5863 2492 5909; x_wconf 59' lang='lat' dir='ltr'><strong>Savil.</strong></span> <span class='ocrx_word' id='word_1_1039' title='bbox 2519 5867 2574 5910; x_wconf 76' lang='lat' dir='ltr'><strong>et</strong></span> <span class='ocrx_word' id='word_1_1040' title='bbox 2592 5862 2789 5929; x_wconf 78' lang='lat' dir='ltr'><strong>quida_m</strong></span> <span class='ocrx_word' id='word_1_1041' title='bbox 2816 5871 2933 5929; x_wconf 61' lang='grc' dir='ltr'><strong>πιεε.</strong></span> <span class='ocrx_word' id='word_1_1042' title='bbox 2957 5859 3231 5929; x_wconf 77' lang='grc' dir='ltr'><strong>σκοπῶμεν.</strong></span> <span class='ocrx_word' id='word_1_1043' title='bbox 3255 5857 3385 5910; x_wconf 79' lang='lat' dir='ltr'><strong>Infra</strong></span> <span class='ocrx_word' id='word_1_1044' title='bbox 3405 5858 3555 5909; x_wconf 69' lang='lat' dir='ltr'><strong>ﬁdem</strong></span> <span class='ocrx_word' id='word_1_1045' title='bbox 3600 5861 3902 5929; x_wconf 70' lang='grc' dir='ltr'><strong>ἑναγάγοιμτν</strong></span> 
     </span>
    </p>
   </div>
   <div class='ocr_carea' id='block_1_128' title="bbox 2232 5920 3615 5985">
    <p class='ocr_par' dir='ltr' id='par_1_128' title="bbox 2232 5920 3615 5985">
     <span class='ocr_line' id='line_1_129' title="bbox 2232 5920 3615 5985; baseline -0.004 -16"><span class='ocrx_word' id='word_1_1046' title='bbox 2232 5928 2274 5985; x_wconf 70' lang='grc' dir='ltr'><strong>(ι</strong></span> <span class='ocrx_word' id='word_1_1047' title='bbox 2306 5929 2431 5973; x_wconf 56' lang='lat' dir='ltr'><strong>smn</strong></span> <span class='ocrx_word' id='word_1_1048' title='bbox 2449 5934 2541 5971; x_wconf 78' lang='lat' dir='ltr'><strong>nos</strong></span> <span class='ocrx_word' id='word_1_1049' title='bbox 2671 5921 2800 5985; x_wconf 63' lang='grc' dir='ltr'><strong>ιρις.</strong></span> <span class='ocrx_word' id='word_1_1050' title='bbox 2824 5920 3078 5985; x_wconf 57' lang='grc' dir='ltr'><strong>ἀγάγωμεν</strong></span> <span class='ocrx_word' id='word_1_1051' title='bbox 3113 5920 3177 5979; x_wconf 72' lang='grc' dir='ltr'><strong>ι).</strong></span> <span class='ocrx_word' id='word_1_1052' title='bbox 3610 5934 3615 5938; x_wconf 94' lang='grc'>·</span> 
     </span>
    </p>
   </div>
   <div class='ocr_carea' id='block_1_129' title="bbox 2302 5980 3194 6044">
    <p class='ocr_par' dir='ltr' id='par_1_129' title="bbox 2302 5980 3194 6044">
     <span class='ocr_line' id='line_1_130' title="bbox 2302 5980 3194 6044; baseline -0.003 -13"><span class='ocrx_word' id='word_1_1053' title='bbox 2302 5994 2321 6015; x_wconf 70' lang='grc' dir='ltr'><em>υ</em></span> <span class='ocrx_word' id='word_1_1054' title='bbox 2349 5986 2496 6032; x_wconf 63' lang='lat' dir='ltr'><strong>Savil.</strong></span> <span class='ocrx_word' id='word_1_1055' title='bbox 2524 5980 2835 6044; x_wconf 68' lang='grc' dir='ltr'><strong>ὑπομνήσεως</strong></span> <span class='ocrx_word' id='word_1_1056' title='bbox 2855 5982 2999 6042; x_wconf 74' lang='grc' dir='ltr'><strong>μόνης</strong></span> <span class='ocrx_word' id='word_1_1057' title='bbox 3023 5981 3194 6030; x_wconf 82' lang='grc' dir='ltr'><strong>ἕνεκεν.</strong></span> 
     </span>
    </p>
   </div>
  </div>
