4232 6320
264 416 364 472 109

259 525 655 596 superpositam
711 539 906 596 aquam
959 523 1263 581 exsiccavit.
1311 522 1407 578 Vis
1457 533 1509 578 te
1557 523 1609 577 in
1657 530 1852 576 terram

263 618 456 673 iterum
487 615 832 683 reducamus,
861 624 917 672 et
934 614 1073 686 quod
1095 614 1305 669 mireris
1329 613 1671 669 ostendamus
1687 614 1712 666 ?
1737 610 1853 666 Non

263 707 439 762 cernis
467 706 572 760 hoc
595 721 745 761 mare
768 705 924 761 undis
941 746 955 771 ,
989 715 1045 760 et
1067 705 1316 761 violentis
1341 704 1554 759 llatibus
1591 703 1809 773 plenum
1833 701 1856 755 ?

265 795 358 851 sed
390 797 496 852 hoc
520 812 670 852 mare
698 800 988 867 spatiosum
1017 805 1072 851 et
1100 811 1346 866 magnum
1369 838 1384 860 ,
1429 803 1483 850 et
1525 794 1706 850 furens
1725 836 1738 856 ,
1772 794 1857 847 in-

266 886 416 941 firma
446 887 757 942 continetur
778 902 962 941 arena.
997 887 1062 940 Et
1084 885 1360 940 considera
1385 886 1477 940 Dei
1506 885 1853 954 sapientiam:

268 993 373 1031 non
416 977 658 1048 permisit
699 979 871 1047 ipsum
899 978 1172 1046 quiescere
1195 1019 1209 1043 ,
1252 991 1424 1048 neque
1449 991 1670 1032 manere
1698 975 1860 1030 sedo-

268 1075 404 1133 tum,
435 1083 504 1122 ne
533 1067 585 1122 id
615 1082 736 1123 esse
759 1077 964 1123 natura:
991 1069 1156 1137 ipsius
1181 1070 1422 1124 ordinem
1448 1068 1742 1133 existimes,
1763 1066 1857 1120 sed

269 1157 407 1211 intra
437 1160 697 1211 terminos
727 1172 946 1212 manens
975 1157 1188 1222 clamat,
1219 1158 1478 1222 turbatur,
1513 1156 1860 1212 vehementer

270 1253 507 1309 resonat,
536 1254 592 1299 et
619 1246 1022 1301 inenarrabilem
1055 1247 1107 1300 in
1131 1247 1461 1302 altitudinem
1487 1245 1682 1301 fluctus
1711 1246 1859 1300 exci—

271 1343 377 1401 tat;
396 1351 521 1390 cum
533 1346 712 1391 autem
737 1337 805 1392 ad
833 1338 980 1392 littus
991 1346 1046 1394 et
1057 1340 1276 1394 arenam
1292 1341 1612 1410 pervenerit,
1627 1341 1858 1395 dissolu-

272 1435 382 1479 tum
415 1441 629 1480 rursum
655 1427 721 1481 ad
748 1429 980 1498 seipsum
1020 1430 1339 1494 revertitur,
1369 1445 1467 1500 per
1498 1430 1613 1486 haec
1640 1442 1863 1502 utraque

271 1524 322 1570 te
361 1517 600 1585 docens,
646 1519 789 1589 quod
835 1535 940 1575 non
989 1529 1191 1576 natura
1231 1536 1366 1592 opus
1405 1531 1488 1577 est
1522 1524 1693 1594 ipsum
1721 1524 1861 1578 intra

269 1609 519 1677 proprios
547 1609 678 1666 fines
707 1627 957 1678 manere,
999 1613 1092 1668 sed
1134 1614 1343 1669 virtutis
1371 1615 1522 1686 ejus,
1561 1616 1649 1685 qui
1688 1616 1861 1685 ipsum

268 1698 508 1754 cohibet.
529 1701 815 1770 Propterea
838 1703 980 1758 enim
1003 1703 1270 1760 infirmum
1293 1706 1456 1778 ipsius
1481 1723 1690 1761 murum
1714 1707 1860 1773 fecit,

275 1805 380 1845 non
411 1792 578 1863 ligna,
601 1810 706 1849 non
735 1796 955 1865 lapides,
987 1812 1092 1851 non
1121 1806 1332 1854 montes
1361 1797 1444 1853 his
1471 1799 1738 1854 littoribus
1757 1801 1864 1854 cir-

270 1885 609 1952 cumposuit,
656 1895 714 1939 ut
748 1899 852 1940 non
889 1886 971 1943 bis
995 1887 1319 1943 elementum
1366 1891 1419 1944 in
1462 1889 1704 1944 ordinem
1743 1890 1863 1960 cogi

272 1981 448 2041 putes.
480 1974 592 2029 [loc
620 1976 778 2046 igitur
814 1986 868 2032 et
906 1978 1016 2047 ipse
1055 1979 1339 2048 aliquando
1371 1979 1570 2036 Judzris
1596 1981 1865 2051 imprope-

273 2079 401 2118 rans
430 2064 645 2120 dicebat
669 2084 681 2116 :
706 2065 794 2120 Me
820 2083 920 2120 non
947 2069 1206 2134 timebitis,
1246 2071 1332 2140 qui
1358 2085 1564 2124 arenam
1600 2072 1732 2124 mori
1760 2082 1862 2126 ter-

274 2155 469 2208 minum
500 2153 760 2219 constitui,
771 2161 818 2205 et
833 2155 1262 2210 nontranscendet
1287 2157 1477 2228 (Jer.5.
1495 2161 1612 2224 92;?
1628 2160 1742 2216 Non
1768 2180 1861 2219 au—

276 2251 382 2298 tem
403 2243 506 2298 hoc
521 2255 713 2309 selum,
739 2262 772 2300 ο
793 2247 974 2315 homo,
992 2259 1075 2304 est
1093 2249 1426 2318 admirabile,
1448 2255 1590 2323 quod
1612 2271 1861 2326 magnum

274 2343 327 2388 et
354 2334 656 2390 mirabilem
681 2336 866 2392 fecerit
914 2338 1055 2394 hunc
1082 2340 1336 2395 mundum
1356 2382 1372 2407 ,
1403 2344 1544 2413 quod
1575 2361 1733 2415 supra
1765 2363 1863 2402 na-

275 2435 407 2480 tura:
451 2430 886 2498 consequentiam
930 2432 1102 2500 ipsum
1153 2436 1522 2504 compegerit,
1574 2437 1671 2493 sed
1721 2440 1862 2509 quod

271 2517 434 2571 etiam
466 2532 532 2572 ex
559 2520 842 2575 contrariis
866 2522 1036 2590 ipsum
1073 2523 1448 2594 constituerit,
1489 2528 1664 2583 calido
1688 2539 1740 2585 et
1765 2531 1861 2585 fri-

271 2610 419 2679 gido,
444 2609 590 2666 sicco
615 2621 668 2666 et
695 2612 934 2682 humido,
963 2616 1081 2685 igne
1111 2626 1164 2672 et
1193 2633 1352 2689 aqua,
1382 2631 1519 2675 terra
1549 2630 1605 2676 et
1632 2638 1756 2678 aere
1775 2642 1788 2680 :
1809 2632 1864 2679 et

271 2703 540 2755 contraria
582 2702 696 2758 haec
744 2705 1028 2772 elementa,
1074 2724 1143 2763 ex
1189 2710 1254 2764 iis
1297 2710 1493 2780 quibus
1541 2711 1644 2766 hoc
1695 2721 1863 2769 totum

269 2791 552 2858 consistit,
583 2792 723 2848 inter
749 2810 809 2850 se
835 2801 1142 2867 pugnantia,
1190 2814 1219 2853 a
1257 2815 1380 2856 sese
1424 2816 1530 2855 non
1569 2813 1692 2858 sunt
1731 2819 1864 2858 eon-

270 2890 482 2950 snmpta
507 2899 522 2936 :
547 2897 654 2936 non
684 2885 820 2954 ignis
845 2890 1152 2954 supervenit
1177 2898 1230 2943 et
1257 2891 1496 2944 ascendit
1525 2893 1724 2959 omnia,
1757 2909 1862 2948 non

271 2985 406 3041 aqua
437 2977 822 3042 superveniens
863 2978 1048 3032 orbem
1075 2975 1381 3050 submerit.
1411 2981 1516 3037 Sed
1542 2983 1594 3037 in
1623 2986 1862 3054 corpori-

273 3063 369 3119 bus
390 3064 612 3134 quidem
641 3070 838 3123 nostris
860 3069 976 3125 haec
999 3072 1148 3136 tiunt,
1179 3080 1233 3126 et
1257 3073 1363 3128 bile
1384 3085 1660 3130 crescente
1688 3079 1862 3132 nasci-

273 3166 354 3208 tur
394 3156 592 3224 febris,
624 3170 678 3212 et
707 3167 874 3214 totum
902 3163 1097 3216 animal
1134 3162 1277 3218 laedit
1305 3175 1396 3220 :et
1425 3166 1609 3234 pituita
1640 3183 1861 3238 supera-

271 3244 545 3302 bundante
576 3248 787 3317 plurimi
835 3261 1125 3306 nascuntur
1152 3253 1362 3319 morbi,
1409 3264 1466 3310 et
1505 3257 1700 3312 animal
1743 3273 1864 3313 cor-

273 3348 548 3408 rumpunt.
581 3339 636 3393 In
661 3340 764 3396 hoc
789 3351 966 3398 autem
995 3346 1244 3401 universo
1268 3347 1398 3402 nihil
1428 3347 1617 3404 horum
1645 3351 1859 3416 accidit,

272 3429 362 3482 sed
387 3431 805 3502 unumquodque
831 3443 1042 3501 manet,
1072 3445 1339 3507 tamquam
1369 3441 1600 3509 quodam
1630 3440 1782 3497 freno
1809 3452 1864 3499 et

273 3519 506 3586 vinculo,
534 3521 840 3578 Conditoris
860 3525 1131 3581 voluntate
1151 3530 1396 3599 proprios
1418 3533 1724 3590 cuétodiens
1752 3544 1860 3590 ter-

273 3609 476 3673 minos,
519 3620 575 3666 et
602 3611 792 3667 horum
820 3631 994 3686 pugna
1038 3618 1238 3672 mundo
1267 3623 1357 3675 toti
1397 3623 1542 3690 pacis
1583 3623 1642 3678 fit
1679 3640 1858 3680 causa.

275 3703 464 3756 Annon
494 3702 608 3758 haec
633 3715 688 3759 et
708 3720 851 3760 caeco
878 3717 1004 3762 sunt
1030 3709 1310 3766 manifesta
1331 3755 1345 3776 ,
1374 3723 1429 3768 et
1469 3717 1623 3771 valde
1663 3717 1862 3787 impru-

273 3790 519 3847 dentibus
545 3793 910 3864 intelligibilia,
934 3798 1073 3866 quod
1099 3801 1426 3867 providentia
1448 3807 1699 3874 quapiam
1725 3807 1861 3862 facta

274 3885 377 3938 sint
422 3896 478 3940 et
519 3887 929 3944 contineantur?
966 3891 1096 3958 Quis
1131 3895 1271 3948 enim
1311 3905 1418 3950 tam
1449 3899 1642 3951 stultus
1685 3910 1766 3953 est
1808 3911 1863 3956 et

273 3975 552 4045 stupidus,
600 3979 690 4048 qui
729 3987 928 4035 tantam
969 3983 1160 4038 molem
1192 4000 1453 4055 cernens,
1499 3966 1862 4060 tantam'pul-

273 4065 631 4122 ehritndinem
657 4109 674 4134 ,
721 4079 920 4126 tantam
943 4075 1386 4144 compositionem
1411 4120 1425 4143 ,
1474 4079 1656 4134 talium
1691 4083 1864 4136 conti-

274 4171 431 4209 nuam
482 4157 870 4216 elementorum
919 4176 1148 4233 pugnam
1179 4175 1254 4221 et
1303 4171 1758 4238 contrarietatem,
1808 4182 1862 4229 et

275 4249 728 4313 perseverantiam
752 4292 767 4316 ,
813 4266 918 4306 non
954 4255 1092 4308 intra
1131 4257 1363 4326 seipsum
1394 4263 1772 4332 ratiocinelur,
1808 4275 1862 4320 et

272 4335 448 4390 dicat:
476 4337 583 4391 Nisi
614 4340 946 4407 providentia
973 4344 1218 4414 quaedam
1262 4357 1408 4403 esset
1436 4364 1719 4420 corporum
1750 4370 1864 4409 ma-

270 4427 602 4495 gnitudinem
635 4431 915 4497 cohibens,
946 4449 1046 4488 nec
1071 4436 1383 4503 permittens
1409 4441 1860 4512 totumdissilire,

273 4533 368 4572 nec
406 4534 758 4589 permanere,
805 4539 904 4577 nec
937 4524 1131 4580 durare
1169 4529 1458 4595 potuisset?
1499 4531 1696 4587 Tantus
1736 4536 1862 4589 anni

273 4620 650 4678 tempestatum
684 4612 846 4678 ordo,
881 4612 1024 4668 tanta
1056 4619 1228 4671 noctis
1250 4626 1303 4672 et
1327 4620 1429 4674 diei
1457 4624 1859 4689 convenientia,

268 4711 344 4755 tot
379 4702 768 4756 irrationalium
805 4720 999 4772 genera
1040 4709 1348 4763 animalium
1369 4751 1384 4776 ,
1413 4711 1710 4780 plantarum
1734 4755 1750 4781 ,
1778 4729 1864 4768 se-

267 4792 476 4845 minum
514 4801 568 4845 et
601 4793 884 4848 herbarum
918 4805 1160 4852 tenorem
1188 4814 1340 4854 suum
1374 4813 1622 4870 servant,
1650 4785 1702 4859 et
1730 4805 1860 4859 nihil

266 4883 317 4935 in
351 4893 677 4951 praesentem
717 4885 859 4939 diem
907 4903 1077 4958 neque
1113 4890 1418 4960 intercidit,
1455 4911 1628 4965 neque
1654 4898 1864 4966 penitus

265 4983 645 5042 consumptum
689 4985 792 5031 est.

339 5063 394 5117 5.
443 5061 562 5117 Non
610 5063 726 5119 haec
773 5081 902 5122 vero
930 5079 1169 5137 tantum,
1210 5071 1305 5126 sed
1349 5081 1404 5128 et
1444 5074 1544 5128 alia
1590 5077 1756 5131 multo
1783 5079 1864 5134 his

272 5153 422 5224 plura
451 5165 505 5208 et
534 5156 881 5227 profundiora
907 5160 1010 5214 dici
1039 5171 1305 5230 poterant,
1346 5173 1400 5218 et
1438 5164 1506 5218 de
1533 5167 1644 5235 ipsa
1675 5169 1862 5223 disseri

271 5255 549 5311 creatura;
577 5247 670 5301 sed
694 5249 746 5302 in
772 5251 1064 5306 crastinum
1109 5253 1198 5307 illa
1227 5254 1530 5311 ditl'erentes
1550 5297 1566 5321 ,
1611 5259 1748 5312 dicta
1780 5261 1864 5315 di-

271 5335 502 5400 ligenter
529 5336 762 5392 retinere
791 5347 846 5392 et
874 5340 930 5392 in
952 5341 1087 5395 alios
1106 5341 1297 5398 eﬂ‘erre
1324 5345 1648 5402 studeamus.
1671 5349 1737 5402 Et
1756 5350 1865 5403 scio

271 5426 489 5493 quidem
537 5429 924 5482 sententiarum
966 5431 1378 5500 profunditatem
1419 5438 1636 5492 auribus
1677 5442 1866 5496 vestris

274 5520 580 5574 inusitatam
608 5537 727 5577 esse
750 5564 766 5589 ,
808 5523 902 5578 sed
927 5524 972 5579 si
1004 5540 1290 5595 parumper
1330 5528 1639 5597 vigilemus,
1685 5540 1740 5586 et
1782 5533 1865 5587 his

275 5627 369 5667 nos
411 5613 562 5683 ipsos
603 5614 1056 5682 assuefaciamus,
1101 5621 1262 5674 etiam
1310 5620 1428 5676 aliis
1470 5622 1668 5678 erimus
1713 5625 1866 5681 facile

275 5706 543 5762 doctores.
585 5707 802 5764 lnterim
830 5724 958 5766 vero
973 5709 1103 5766 illud
1119 5710 1364 5768 charitati
1393 5723 1581 5769 vestrae
1620 5731 1866 5772 necessa-

278 5801 411 5858 rium
431 5815 518 5859 εει
536 5800 718 5860 dicere
737 5820 755 5858 a
775 5804 912 5862 sicut
935 5821 1033 5862 nos
1048 5806 1360 5877 gloriﬁcavit
1386 5809 1523 5866 Deus
1549 5825 1642 5880 per
1665 5821 1862 5868 tantam

1206 413 1302 468 Αῐ)
1341 409 1664 470 POPULUM
1702 409 2193 469 ANTIOCHENUM
2257 409 2489 466 HOMIL.
2529 410 2622 467 IX.

3453 413 3554 463 HU

1965 531 2288 588 creaturam,
2326 521 2394 575 ita
2426 535 2523 577 nos
2551 535 2762 591 quoque
2791 534 2884 589 per
2910 533 3097 591 puram
3124 519 3297 590 ipsum
3328 531 3558 574 conver-

1961 611 2222 667 sationem
2238 611 2618 682 gloriticemns.
2636 609 2762 666 Caeli
2780 618 3018 664 enarrem
3032 609 3248 682 gloriam
3263 607 3364 666 Dei
3381 607 3556 678 (f’mt.

1963 704 2052 759 18.
2082 702 2142 776 2)
2166 744 2182 770 ,
2228 703 2354 759 dum
2387 712 2648 774 apparent
2675 704 2849 758 solum
2874 719 2888 756 :
2913 708 2968 759 et
2993 717 3093 757 nos
3120 702 3282 772 igitur
3312 702 3405 757 Dei
3438 701 3551 771 gluo

1963 796 2096 850 riam
2119 812 2451 862 enarremus,
2476 812 2581 851 non
2602 796 2841 851 dicentes
2864 802 3091 863 tantum,
3108 793 3203 850 sed
3221 801 3275 848 et
3292 801 3555 858 tacentes,

1964 896 2016 942 et
2043 887 2164 941 vita:
2185 889 2428 942 claritate
2455 903 2645 942 omnes
2672 888 2724 941 in
2756 887 3166 942 admirationem
3192 884 3556 940 adducentes:

1965 977 2152 1032 Luceat
2180 980 2346 1047 enim,
2379 980 2453 1032 ait
2480 1019 2494 1046 ,
2528 978 2620 1034 lux
2646 989 2808 1033 vestra
2837 994 3006 1032 coram
3047 977 3362 1041 hominibus,
3401 985 3456 1030 ut
3482 976 3560 1028 ei-

1965 1069 2115 1123 deant
2142 1088 2296 1138 opera
2323 1080 2486 1125 vestra
2514 1070 2642 1125 bona
2661 1106 2677 1138 ,
2702 1081 2749 1123 et
2775 1070 3058 1140 gloriﬁcent
3103 1067 3313 1122 Patrem
3337 1076 3559 1122 vestrum

1963 1157 2052 1230 qui
2078 1171 2152 1215 est
2177 1162 2229 1216 in
2258 1160 2395 1215 rariis
2427 1160 2638 1232 (Matth.
2682 1163 2735 1217 5.
2769 1161 2880 1227 {6).
2922 1161 3055 1215 Cum
3082 1160 3227 1215 enim
3255 1159 3450 1235 viderit
3474 1158 3561 1212 in-

1967 1251 2140 1307 ﬁdelis
2167 1261 2219 1307 te
2265 1252 2472 1306 ﬁdelem
2502 1251 2857 1321 compositum
2882 1292 2896 1317 ,
2926 1250 3229 1306 modestum
3265 1292 3281 1316 ,
3311 1259 3561 1305 ornatum

1965 1359 2106 1410 esse,
2137 1343 2417 1399 mirabitur
2439 1354 2492 1401 et
2516 1345 2694 1400 dicet:
2718 1343 2857 1399 Vere
2888 1359 3110 1415 magnus
3133 1341 3558 1397 Christianorum

1968 1435 2110 1489 Deus
2133 1453 2146 1490 :
2168 1436 2354 1506 quales
2392 1437 2668 1491 constituit
2713 1435 2961 1490 homines
2984 1474 2999 1498 ,
3040 1434 3226 1504 quales
3252 1448 3282 1488 e
3317 1432 3562 1503 qualibus

1967 1524 2093 1579 fecit
2117 1526 2134 1579 !
2160 1527 2379 1595 angelos
2418 1541 2482 1581 cx
2525 1526 2830 1581 hominibus
2879 1527 3024 1594 ipsos
3052 1523 3302 1580 reddidit.
3340 1523 3397 1577 Si
3441 1523 3562 1592 quis

1966 1606 2344 1671 contumeliam
2387 1617 2602 1682 fecerit,
2645 1631 2753 1671 non
2789 1613 3258 1671 conviciantur:si
3288 1613 3407 1682 quis
3438 1628 3562 1682 pcr-

1967 1708 2215 1774 cusserit,
2249 1724 2356 1761 non
2383 1724 2524 1778 argre
2553 1710 2730 1763 ferunt
2755 1726 2770 1764 :
2793 1709 2837 1762 si
2863 1708 2984 1777 quis
3011 1704 3524 1775 injuriamintulerit
3544 1744 3558 1768 ,

1969 1812 2066 1866 pro
2097 1798 2278 1868 iisqui
2307 1812 2367 1853 se
2393 1799 2651 1867 laeserint,
2682 1809 2840 1853 orant
2863 1817 2876 1852 :
2901 1798 3173 1852 inimicum
3207 1811 3311 1850 non
3341 1795 3557 1856 habent,

1969 1886 2100 1940 iram
2145 1902 2362 1944 servare
2399 1903 2504 1944 non
2553 1898 2776 1955 norunt,
2813 1889 3000 1958 nugari
3039 1888 3304 1954 nesciunt,
3347 1886 3560 1940 mentiri

1967 1993 2074 2033 non
2120 1980 2455 2046 didicerunt,
2508 1981 2752 2051 pejerare
2801 1996 2904 2035 non
2949 1979 3245 2042 sustinent,
3301 1977 3409 2031 imo
3459 1991 3558 2030 nec

1963 2069 2174 2139 jurare,
2215 2071 2307 2127 sed
2353 2071 2584 2143 linguam
2613 2071 2782 2126 excidi
2813 2071 3065 2136 mallent,
3109 2083 3268 2140 quam
3299 2067 3463 2120 ullum
3491 2081 3555 2119 ex

1967 2176 2062 2216 ore
2099 2162 2460 2230 juramentum
2503 2164 2770 2219 emittere.
2814 2162 2941 2218 Hat‘c
2980 2162 3086 2216 illis
3127 2159 3460 2231 praebeamus
3493 2157 3562 2212 dc

1968 2251 2122 2307 nobis
2143 2253 2388 2319 dicenda,
2421 2263 2477 2309 et
2505 2255 2801 2323 improbam
2828 2253 3252 2323 juramentorum
3279 2258 3563 2304 consuetu-

1968 2343 2149 2398 dinem
2177 2334 2508 2416 expellamus
2533 2364 2545 2399 :
2571 2355 2624 2400 et
2649 2345 2732 2399 vel
2761 2355 2964 2399 tantum
3005 2345 3114 2398 Deo
3141 2342 3439 2397 tribuamus
3466 2341 3565 2394 ho-

1969 2434 2115 2488 noris
2146 2475 2160 2498 ,
2216 2445 2470 2505 quantum
2520 2435 2854 2490 vestimentis
2899 2434 3096 2488 nostris
3131 2431 3560 2502 pretiosioribus.

1969 2524 2251 2590 Quomodo
2276 2527 2418 2580 enim
2453 2541 2558 2580 non
2589 2526 2879 2580 absurdum
2911 2534 3014 2588 est,
3043 2525 3416 2579 vestimentum
3447 2524 3564 2590 qni-

1970 2615 2091 2671 dem
2124 2617 2382 2672 habentes
2407 2617 2624 2688 reliquis
2649 2616 2872 2682 melius,
2920 2617 3036 2685 ipso
3079 2614 3389 2684 frequenter
3414 2613 3559 2668 abnti

1970 2722 2073 2777 non
2103 2709 2391 2773 sustinere,
2439 2708 2531 2763 Dei
2557 2723 2686 2762 vero
2713 2722 2908 2762 nomen
2939 2706 3133 2776 ubique
3162 2714 3363 2759 temere
3383 2746 3397 2769 ,
3425 2715 3479 2758 et
3509 2715 3564 2758 ut

1969 2800 2222 2866 occurrit,
2252 2799 2585 2854 distrahere?
2615 2799 2777 2869 Igitur
2804 2813 2994 2868 precor
3018 2807 3074 2851 et
3101 2796 3363 2866 supplico,
3393 2811 3461 2850 ne
3486 2796 3564 2850 sic

1968 2891 2192 2945 salutem
2222 2900 2632 2946 contemnamus
2661 2899 2899 2945 nostram
2922 2931 2937 2956 ,
2985 2889 3077 2942 sed
3118 2887 3351 2942 studium
3372 2929 3388 2953 ,
3417 2888 3558 2956 quod

1967 2979 2037 3034 ab
2073 2980 2223 3035 initio
2250 2983 2391 3035 circa
2421 2981 2727 3035 mandatum
2761 2980 2901 3035 istud
2930 2979 3314 3034 adhibehamus
3334 3019 3350 3045 ,
3391 2978 3559 3032 dedu-

1969 3085 2153 3126 camus
2198 3071 2265 3126 ad
2296 3074 2475 3126 tinem.
2507 3073 2794 3141 Propterea
2835 3087 2934 3142 ego
2963 3072 3269 3126 continuam
3309 3069 3377 3124 de
3416 3069 3563 3139 jura-

1969 3164 2165 3218 mentis
2217 3162 2648 3217 exhortationem
2701 3163 2876 3230 facio,
2927 3178 3033 3218 non
3087 3162 3229 3232 quod
3289 3171 3559 3230 torporem

1968 3263 2202 3309 vestrum
2239 3255 2586 3310 condemnem
2615 3295 2628 3317 .
2675 3255 2770 3309 sed
2812 3255 2952 3325 quod
2993 3256 3251 3324 majorem
3296 3263 3498 3324 partem
3529 3269 3560 3308 a

1969 3344 2123 3398 vobis
2150 3354 2446 3400 correctam
2479 3346 2689 3398 videam
2722 3363 2733 3398 :
2758 3357 2812 3400 et
2842 3345 3031 3399 studeo
3063 3345 3365 3415 festinaque
3393 3353 3560 3399 totum

1969 3434 2262 3504 perfectum
2288 3450 2436 3502 esse,
2469 3443 2522 3490 et
2545 3434 2706 3490 ﬁnem
2737 3436 3000 3505 accipere.
3043 3435 3130 3491 Sic
3156 3444 3210 3490 et
3235 3444 3562 3505 spectatores

1969 3526 2188 3595 faciunt,
2222 3529 2311 3598 qui
2337 3529 2535 3582 braviis
2559 3529 2833 3599 proximos
2859 3529 3028 3600 magis
3052 3530 3305 3584 excitant.
3335 3529 3445 3584 Nec
3466 3545 3562 3584 nos

1973 3617 2132 3687 igitur
2187 3618 2447 3674 lassemur
2477 3636 2489 3673 :
2520 3634 2704 3674 sumus
2746 3621 2890 3673 enim
2948 3635 3114 3690 prope
3165 3623 3330 3675 totius
3380 3634 3563 3674 corre-

1967 3710 2162 3765 ctionis
2208 3711 2398 3776 tinem,
2444 3721 2501 3765 et
2549 3712 2689 3765 circa
2735 3711 3048 3780 principium
3095 3718 3210 3764 erat
3252 3709 3557 3764 difﬁcultas.

1968 3801 2192 3868 Quando
2220 3817 2349 3856 vero
2376 3802 2776 3857 consuetudinis
2821 3801 3108 3872 plurimum
3139 3815 3282 3855 nunc
3309 3808 3391 3855 est
3419 3802 3560 3853 reci-

1968 3907 2109 3959 sum,
2137 3901 2194 3946 et
2220 3893 2488 3947 modicum
2514 3900 2757 3960 superest
2781 3909 2794 3945 :
2817 3891 2925 3960 jam
2952 3907 3050 3945 nec
3075 3891 3184 3944 ullo
3215 3890 3399 3944 labore
3427 3905 3560 3959 opus

1967 3993 2083 4049 est,
2133 3984 2225 4040 sed
2273 3985 2480 4039 modica
2528 3985 2936 4048 observatione;
2989 3994 3044 4037 et
3088 3984 3232 4038 brevi
3285 3984 3558 4052 diligentia

1969 4092 2206 4145 egemus,
2241 4086 2298 4132 ut
2328 4076 2426 4146 ipsi
2452 4077 2676 4131 correcti
2706 4076 2822 4130 aliis
2849 4076 3097 4131 doctores
3131 4074 3296 4128 simus
3315 4113 3330 4136 ,
3362 4083 3559 4128 etcum

1969 4167 2160 4221 fiducia
2189 4183 2398 4222 sacrum
2431 4167 2625 4236 pascha
2658 4166 2956 4232 videamus,
2985 4175 3040 4220 et
3065 4180 3185 4220 cum
3212 4165 3376 4219 multa
3403 4165 3557 4218 volu-

1969 4270 2111 4329 ptate
2155 4261 2368 4328 duplam
2409 4269 2463 4314 et
2504 4261 2717 4329 triplam
2761 4268 3072 4312 consuetam
3116 4257 3388 4326 capiamus
3421 4258 3555 4312 laeti-

1970 4352 2115 4406 tiam.
2144 4351 2259 4406 Non
2285 4351 2426 4405 enim
2455 4361 2656 4404 tantum
2684 4364 2783 4404 nos
2804 4349 2991 4419 jejunii
3019 4349 3293 4403 laboribus
3318 4359 3370 4403 et
3394 4348 3558 4402 sudo-

1968 4445 2114 4499 ribus
2142 4444 2389 4498 liberatos
2411 4458 2530 4497 esse
2564 4442 2826 4503 delectat,
2857 4450 3111 4511 quantum
3141 4455 3260 4493 cum
3289 4439 3481 4493 merito
3507 4449 3560 4493 et

1969 4535 2244 4607 splendida
2293 4551 2492 4590 corona
2538 4550 2704 4589 sacra:
2752 4533 2827 4587 illi
2877 4532 3202 4587 solemnitati
3245 4545 3556 4595 occurrere,

1969 4644 2165 4683 corona
2190 4643 2479 4696 numquam
2507 4635 2893 4680 marcescente.
2919 4624 2988 4680 Ut
3009 4635 3186 4677 autem
3215 4623 3440 4677 celerior
3472 4620 3558 4675 ﬁat

1969 4719 2295 4786 emendatio,
2340 4719 2440 4772 hoc
2480 4718 2561 4771 fac
2601 4715 2743 4787 quod
2769 4717 2888 4769 dico
2911 4731 2923 4768 :
2949 4714 3123 4768 scribe
3149 4715 3199 4767 in
3231 4713 3432 4782 pariete
3461 4712 3561 4766 do-

1971 4824 2089 4863 mus
2119 4819 2223 4864 tuae
2242 4851 2257 4874 ,
2287 4819 2340 4863 et
2367 4810 2421 4862 in
2449 4808 2628 4862 cordis
2659 4808 2728 4860 tui
2761 4807 2962 4878 pariete
2989 4805 3178 4860 falcem
3207 4805 3348 4858 illam
3379 4803 3560 4857 volan-

1971 4911 2101 4964 tem,
2132 4910 2186 4955 et
2211 4901 2347 4954 hanc
2372 4900 2438 4954 ad
2465 4899 2888 4954 maledictionem
2917 4897 3099 4952 volare
3128 4905 3250 4966 puta
3281 4895 3461 4964 (Zach.
3498 4896 3552 4949 5.

1974 4991 2093 5060 1-5)
2117 5009 2128 5043 :
2153 4999 2208 5045 et
2235 4990 2448 5045 assidue
2485 4990 2653 5060 ipsam
2681 4991 2936 5058 recogita,
2971 4989 3083 5043 sive
3111 4987 3271 5042 alium
3291 4989 3560 5056 jurantetn

1973 5081 2173 5146 videas,
2201 5082 2409 5144 cohibe,
2435 5092 2573 5146 veta,
2597 5089 2649 5134 et
2669 5095 2850 5134 curam
2880 5091 3089 5134 tuorum
3115 5094 3242 5148 gere
3261 5093 3558 5131 servorum.

1973 5173 2026 5225 Si
2049 5171 2190 5226 enim
2221 5174 2320 5226 hoc
2347 5172 2768 5236 consideremus,
2796 5170 3064 5242 quomodo
3093 5186 3196 5224 non
3225 5178 3430 5224 tantum
3462 5171 3561 5238 ipsi

1973 5271 2119 5315 recte
2164 5277 2261 5316 nos
2286 5277 2534 5331 geramus
2555 5304 2571 5327 ,
2616 5262 2708 5316 sed
2757 5272 2810 5316 et
2838 5262 2971 5315 alios
2999 5262 3050 5314 in
3080 5260 3181 5315 hoc
3210 5261 3520 5314 inducamus
3545 5303 3560 5328 ,

1973 5353 2216 5407 celeriter
2241 5354 2338 5422 ipsi
2363 5355 2428 5408 ad
2449 5353 2608 5407 ﬁnem
2636 5353 2930 5407 veniemus.
2953 5352 3102 5406 Alios
3121 5352 3262 5406 enim
3283 5352 3564 5420 corrigere

1974 5444 2340 5515 aggredientes
2362 5489 2375 5509 ,
2410 5446 2776 5500 erubescimus
2801 5454 2855 5499 et
2879 5441 3275 5508 confundimur,
3303 5458 3422 5513 quae
3443 5444 3563 5497 abis

1974 5538 2308 5603 mandamus,
2335 5541 2448 5594 haec
2469 5539 2568 5608 ipsi
2591 5539 2917 5593 amittentes.
2939 5537 3048 5592 Nec
3071 5537 3307 5607 pluribus
3328 5545 3410 5592 est
3429 5551 3564 5606 opus

1974 5630 2349 5684 sermonibus:
2375 5629 2538 5683 multa
2583 5631 2726 5684 enim
2767 5629 2914 5699 prius
2943 5638 3066 5683 sunt
3103 5637 3517 5682 commemorata
3543 5666 3561 5692 ,

1975 5729 2029 5776 et
2058 5720 2170 5775 haec
2196 5721 2516 5776 renovanda:
2539 5721 2811 5776 memoriae
2837 5729 3040 5774 tantum
3067 5733 3224 5774 causa
3247 5720 3386 5774 dicta
3412 5726 3559 5774 sunt.

1977 5810 2118 5868 Deus
2145 5825 2273 5868 vero
2296 5812 2386 5885 qui
2412 5812 2581 5885 magis
2609 5827 2768 5883 quam
2799 5826 2895 5868 nos
2921 5812 3115 5867 nostris
3144 5813 3312 5881 parcit
3337 5808 3578 5875 animis,‘
