4232 6320
713 377 802 432 ill

707 496 836 548 etin
869 493 970 548 hoc
1008 504 1061 549 et
1100 494 1150 546 in
1188 493 1330 544 omni
1379 508 1475 547 nos
1510 494 1650 546 bono
1691 493 1953 559 perfectos
2001 495 2184 555 faciat,
2229 503 2289 559 ut

702 601 913 640 omnem
952 585 1170 655 iustitia:
1213 585 1444 638 fructum
1489 587 1796 655 assequuti,
1837 585 2093 638 caelorum
2127 597 2291 652 regno

702 678 843 747 digni
871 692 1190 732 censeamur
1210 718 1224 743 ,
1264 679 1429 746 gratia
1458 687 1510 731 et
1543 677 1865 746 benignitate
1892 675 2098 729 Domini
2123 677 2290 730 nostri

1426 380 1479 430 S.
1521 377 1799 434 JUANNIS
1835 376 2311 432 ClllllSOSTOMI
2354 380 2669 437 ARCHIEP.
2711 381 3242 444 CONSTANTINOP.

3892 401 3996 460 Hi

2402 496 2526 549 Jesu
2570 496 2797 563 Christi,
2851 514 2944 567 per
2984 517 3143 569 quem
3173 511 3374 556 etcum
3403 519 3508 574 quo
3538 502 3679 562 Pairi
3707 511 3871 579 gloria
3913 519 3989 569 si-

2405 588 2622 658 mulque
2649 598 2834 643 sancto
2854 589 3098 660 Spiritui,
3128 592 3194 647 in
3211 593 3404 648 secula
3429 598 3766 676 saeculorum.
3793 606 3986 662 Amen.

692 900 846 946 LAUS
892 901 1110 947 eorum
1155 901 1262 953 QUI
1309 900 1457 943 pos'r
1501 900 1699 942 CIBUM
1743 900 1826 941 an
1886 897 2263 940 annisannis
2316 893 2680 952 VENBBANT,
2748 896 2830 939 nr
2900 885 3251 945 tenuatus
3319 905 3526 949 IUNDI
3591 909 3978 970 nsananto,

851 1001 1008 1042 ITEM
1051 1001 1300 1042 CONTRA
1343 998 1648 1041 θεῇσι-ηεξ
1680 996 2066 1040 CBEATURAM
2115 995 2197 1037 UT
2237 992 2416 1036 DEUH
2461 991 2801 1050 COLENTES,
2848 996 2930 1039 ιτ
2972 997 3054 1041 DE
3102 1000 3381 1046 VITANDO
3411 1005 3812 1054 JCRAIENTO.

2105 1118 2526 1174 εθςοοσοοοοκδ

1333 1263 1545 1302 HOIILIA
1586 1263 1638 1301 Χ.

754 1344 804 1398 i.
845 1329 1098 1407 Gaudeo,
1137 1352 1190 1397 et
1238 1342 1474 1411 gratulor
1504 1339 1750 1404 omnibus
1781 1339 1933 1392 vobis
1959 1378 1974 1403 ,
2003 1335 2144 1408 quod
2176 1334 2270 1388 sd-

681 1432 1024 1487 monitionem
1061 1443 1297 1488 nostram
1328 1474 1341 1498 ,
1373 1421 1531 1501 quam
1562 1446 1657 1499 pro
1679 1445 1784 1484 non
1826 1429 2186 1500 jejunantibus
2215 1434 2271 1480 et

683 1534 957 1591 propterea
1000 1523 1310 1578 absentibus
1339 1537 1508 1591 nuper
1532 1519 1668 1583 feci,
1700 1536 1758 1575 re
1797 1519 2138 1590 przestitistis.
2167 1518 2269 1572 Ar-

679 1613 846 1666 bitror
867 1613 1006 1665 enim
1038 1612 1231 1667 multos
1263 1614 1370 1680 jam
1397 1624 1618 1680 pransos
1644 1608 1804 1663 hodie
1836 1608 2024 1663 adesse
2059 1616 2110 1661 et
2151 1606 2266 1674 pul-

675 1707 857 1760 chram
892 1705 1028 1760 hanc
1058 1705 1211 1760 nobis
1251 1705 1474 1774 implere
1495 1705 1807 1758 concionem
1832 1719 1846 1755 :
1875 1711 1930 1756 et
1965 1700 2068 1755 hoc
2090 1699 2262 1768 conji-

673 1797 758 1851 cio
800 1812 866 1849 eo
891 1838 904 1858 ,
939 1796 1079 1865 quod
1128 1797 1358 1866 amplius
1401 1796 1552 1849 nobis
1594 1792 1857 1848 theatrum
1889 1792 2082 1846 factum
2114 1793 2181 1846 sit
2204 1801 2264 1846 ct

673 1890 841 1957 major
868 1893 1197 1948 audientium
1228 1903 1539 1948 conventus.
1563 1890 1676 1945 Non
1708 1890 1921 1953 frustra,
1946 1897 2001 1942 ut
2030 1888 2256 1952 videtur,

672 1984 868 2037 multos
911 1985 978 2040 de
1027 1987 1156 2059 ipsis
1201 2001 1476 2041 sermones
1520 1997 1689 2052 nuper
1735 1981 2130 2049 impendimus,
2161 1995 2256 2033 ve-

669 2082 832 2125 stram
861 2073 1206 2132 exhortantes
1229 2074 1571 2138 charitatem,
1600 2074 1745 2143 ipsos
1786 2072 1852 2126 ad
1895 2081 2120 2125 matrem
2151 2079 2259 2124 tra-

670 2164 826 2229 here,
858 2176 911 2221 et
935 2167 998 2220 iis
1024 2169 1348 2237 persuadere
1388 2166 1530 2236 quod
1571 2166 1728 2220 liceat
1755 2173 1810 2219 et
1854 2173 1973 2234 post
2012 2163 2254 2234 corporis

665 2258 1046 2314 nutrimentum
1114 2259 1405 2330 Spiritualis
1471 2273 1610 2313 esca:
1670 2257 2076 2326 participatione
2144 2271 2249 2309 non

664 2347 913 2402 fraudari.
947 2350 1170 2420 Quando
1199 2367 1360 2416 vero,
1407 2364 1621 2420 qudam,
1653 2362 1750 2402 vos
1772 2390 1785 2412 ,
1811 2348 1988 2402 dilecti
2011 2389 2024 2411 ,
2056 2349 2274 2433 melius.

662 2439 901 2494 fecistis?
935 2456 1001 2494 an
1035 2443 1300 2510 prrcterita
1331 2441 1517 2512 syuaxi
1545 2481 1559 2502 ,
1600 2437 1814 2508 quando
1853 2446 1976 2507 post
2010 2452 2246 2491 mensam

660 2532 723 2585 ad
749 2547 995 2586 somnum
1026 2533 1500 2594 convertebamini,
1532 2543 1598 2583 an
1626 2543 1769 2583 nunc
1797 2543 1916 2581 cum
1948 2537 2068 2596 post
2095 2543 2246 2582 men-

656 2638 768 2677 sam
797 2624 862 2677 ad
889 2623 1094 2679 divinas
1123 2626 1268 2695 leges
1310 2622 1603 2678 audiendas
1631 2619 1999 2708 convenistis?
2031 2619 2243 2688 quando

657 2716 710 2768 in
755 2714 872 2770 foro
915 2716 1389 2772 commorabamini
1415 2758 1428 2779 ,
1462 2723 1518 2770 et
1558 2726 1907 2767 consessuum
1954 2710 2086 2765 nihil
2115 2710 2242 2769 boni

658 2808 962 2863 habentium
1013 2811 1296 2879 participes
1348 2811 1510 2864 eratis
1534 2851 1548 2872 ,
1583 2822 1648 2862 an
1694 2819 1837 2859 nunc
1870 2803 2082 2873 quando
2118 2819 2239 2859 eum

655 2899 908 2952 fratribus
937 2902 1130 2954 vestris
1157 2899 1307 2954 statis
1349 2911 1402 2955 et
1447 2901 1788 2970 propheticus
1827 2918 2104 2959 sermones
2148 2920 2242 2958 au-

649 2988 808 3042 ditis?
828 2988 943 3044 Non
969 3001 1050 3045 est
1080 2990 1368 3061 ignominia
1389 2991 1671 3047 comedere
1689 3034 1709 3060 ,
1734 2995 1944 3060 dﬂecti,
1977 2995 2071 3050 sed
2093 3011 2239 3050 sum-

650 3089 739 3147 pto
767 3081 889 3134 cibo
912 3081 1056 3136 domi
1079 3097 1354 3137 remanere
1380 3091 1434 3137 et
1469 3084 1566 3138 hac
1591 3099 1742 3140 sacra
1767 3085 2106 3142 solemnitate
2130 3088 2239 3156 pri-

650 3173 780 3226 vari.
811 3173 962 3228 Domi
979 3175 1121 3229 enim
1145 3189 1366 3229 manens
1401 3175 1623 3229 Otiosior
1647 3175 1754 3230 eris
1771 3185 1826 3231 et
1853 3177 2067 3245 segnior
2091 3195 2102 3230 :
2131 3177 2235 3233 huc

647 3275 822 3319 autctn
850 3267 1068 3320 veniens
1091 3307 1107 3329 ,
1137 3280 1350 3320 omnem
1391 3279 1638 3328 somnum
1677 3275 1733 3322 et
1761 3276 2030 3337 torporem
2071 3285 2234 3324 excu-

646 3355 780 3420 tles,
818 3371 917 3411 nec
947 3367 1214 3426 torporem
1258 3371 1390 3412 vero
1434 3363 1674 3422 tantum,
1720 3358 1814 3414 sed
1859 3367 1915 3413 et
1965 3360 2231 3415 tristitiam

641 3463 856 3502 omnem
885 3448 1158 3516 deponens
1177 3491 1193 3514 ,
1222 3448 1433 3504 facilior
1460 3458 1515 3504 et
1556 3450 1730 3504 laetior
1770 3450 1822 3503 in
1849 3451 2096 3506 omnibus
2124 3453 2231 3506 eris

639 3538 870 3594 casibus.
900 3539 967 3594 Et
991 3539 1117 3609 quid
1157 3554 1288 3611 opus
1327 3549 1409 3595 est
1451 3540 1604 3610 plura
1639 3539 1854 3596 dicere?
1881 3540 1974 3595 Sta
2025 3549 2227 3596 tantum

639 3647 806 3699 prope
851 3631 1218 3701 jejunantem,
1269 3642 1325 3688 et
1373 3633 1540 3702 ipsius
1589 3632 1768 3686 statim
1816 3631 2002 3687 odoris
2050 3633 2228 3687 suavi-

640 3732 800 3776 tatem
828 3723 1048 3778 senties.
1091 3722 1222 3778 Nam
1247 3724 1336 3794 qui
1360 3723 1565 3793 jejuuat
1587 3764 1604 3788 ,
1650 3732 1974 3792 unguentum
2004 3732 2086 3778 est
2113 3723 2226 3793 spi-

637 3812 828 3867 rituale
850 3853 864 3875 ,
892 3822 948 3866 et
992 3828 1086 3882 per
1119 3815 1302 3868 oculos
1327 3824 1380 3868 et
1407 3830 1504 3882 per
1546 3814 1776 3884 linguam
1813 3827 1867 3869 et
1915 3831 2009 3883 per
2046 3817 2223 3871 omnia

635 3902 830 3958 bonam
876 3903 1070 3958 animai
1105 3905 1509 3974 dispositionem
1553 3905 1834 3959 exhibens.
1862 3905 1986 3959 llaec
2020 3922 2124 3960 non
2167 3917 2224 3962 ut

633 4011 859 4066 pransos
887 4011 1136 4052 accusem
1169 3997 1277 4053 dixi
1301 4039 1316 4063 ,
1347 3997 1440 4052 sed
1467 4007 1525 4051 ut
1550 3997 1733 4066 jejunii
1763 3998 1968 4052 lucrum
1995 3997 2221 4054 demon-

633 4099 819 4145 strem.

702 4181 924 4238 Praua
950 4181 1151 4236 uerbum
1176 4181 1271 4237 Dei
1311 4182 1490 4235 audire
1517 4197 1667 4250 quam
1687 4182 1946 4250 jejunare.
1975 4210 2044 4220 —
2067 4181 2219 4252 Jeju-

631 4275 778 4330 nium
813 4291 944 4330 vero
987 4291 1092 4330 non
1123 4276 1363 4331 ciborum
1393 4275 1773 4329 abstinentiam
1820 4285 2026 4329 tantum
2054 4275 2175 4330 dico
2197 4317 2212 4340 ,

625 4365 722 4420 sed
751 4375 806 4420 et
820 4373 1155 4434 peccatorum
1183 4365 1358 4435 fugam
1381 4365 1549 4435 magis
1577 4379 1734 4434 quam
1757 4365 1899 4419 illam
1924 4382 1936 4419 :
1965 4368 2215 4435 quoniam

625 4467 682 4514 et
710 4459 1135 4521 convivatus,et
1175 4458 1279 4512 huc
1317 4472 1437 4512 cum
1484 4456 1744 4510 modestia
1775 4455 2046 4526 profectus
2087 4471 2216 4512 con-

623 4566 751 4620 grua
771 4591 788 4616 ,
819 4565 924 4604 non
954 4549 1124 4604 multo
1147 4565 1176 4603 a
1201 4549 1475 4618 jejunante
1513 4547 1744 4602 vincitur
1774 4566 1786 4601 :
1817 4548 1954 4602 sicut
1981 4549 2212 4602 vicissim

621 4641 868 4712 jejunsns
905 4656 1006 4695 nec
1033 4656 1152 4696 cum
1197 4641 1377 4698 studio
1409 4649 1462 4695 et
1485 4639 1758 4710 diligentia
1789 4639 1853 4694 iis
1879 4654 1999 4709 quzn
2021 4639 2211 4694 dicun-

621 4745 711 4790 tur
741 4732 1053 4797 attendens,
1093 4731 1227 4788 nihil
1252 4749 1316 4788 ex
1347 4732 1449 4787 hoc
1465 4732 1672 4801 jejunio
1701 4746 1952 4802 magnum
1981 4731 2212 4786 lucrabi-

623 4836 725 4880 tur.
765 4824 1066 4880 Comedens
1109 4824 1253 4880 enim
1297 4834 1351 4880 et
1392 4823 1666 4878 concionis
1720 4832 1922 4879 sanctte
1973 4839 2209 4895 congruo

621 4917 797 4971 studio
826 4918 1136 4988 participem
1164 4932 1225 4972 se
1255 4915 1478 4981 faciens,
1501 4915 1628 4969 nihil
1666 4915 1982 4971 comedente
2021 4925 2076 4970 et
2114 4917 2210 4970 ab-

619 5019 774 5063 sente
799 5009 966 5063 multo
996 5010 1184 5064 melior
1209 5017 1292 5063 est
1321 5026 1332 5059 :
1364 5023 1468 5061 non
1497 5007 1639 5061 enim
1673 5016 1875 5061 tantum
1908 5021 2006 5061 nos
2036 5006 2208 5062 inedia

619 5102 872 5170 adjuvare
918 5102 1143 5170 poterit,
1175 5111 1429 5170 quantum
1459 5099 1677 5170 prodest
1703 5109 1756 5154 et
1782 5100 1979 5155 bonum
2009 5097 2204 5165 affert,

616 5192 880 5263 spirituali
909 5191 1202 5262 disciplina:
1235 5192 1513 5247 interesse.
1547 5189 1772 5247 Ubinam
1821 5191 1936 5246 haec
1982 5191 2200 5256 audies,

614 5299 735 5354 qum
763 5284 849 5337 hic
877 5282 1267 5352 philosOpharis
1291 5283 1314 5337 ?
1343 5282 1398 5338 Si
1430 5283 1487 5337 in
1514 5282 1686 5336 lorum
1735 5282 1894 5338 iveris
1915 5323 1932 5349 ,
1964 5282 2095 5336 rixze
2134 5281 2204 5336 ibi

613 5388 667 5432 et
697 5392 884 5447 pugna:
911 5368 926 5430 ὲ
957 5377 1004 5430 si
1035 5377 1086 5430 in
1108 5376 1330 5437 curiam,
1359 5376 1592 5430 civilium
1621 5390 1798 5430 rerum
1835 5390 1958 5429 cura
1986 5393 1999 5428 :
2031 5374 2076 5428 si
2104 5373 2202 5428 do-

612 5483 758 5524 mum
782 5511 796 5536 ,
829 5469 1150 5539 privatarum
1195 5468 1494 5523 sollicitudo
1541 5466 1772 5536 undique
1798 5465 1986 5536 affligit
2017 5484 2028 5519 :
2073 5466 2117 5520 si
2151 5467 2201 5519 in

610 5562 713 5618 fori
740 5559 1106 5617 conventicula
1135 5570 1189 5617 et
1212 5575 1495 5614 consessus
1517 5600 1531 5619 ,
1567 5557 1744 5611 omnia
1776 5557 1881 5610 illic
1907 5566 2117 5611 terrena
2146 5565 2202 5611 et

610 5654 974 5724 corruptibilis
1004 5669 1017 5708 :
1050 5653 1133 5708 vel
1163 5653 1304 5708 enim
1332 5651 1400 5705 de
1419 5649 1726 5711 venalibus,
1753 5647 1835 5702 vel
1861 5647 1927 5702 de
1954 5645 2163 5701 tributis
2184 5688 2197 5710 ,

614 5751 696 5802 vel
723 5749 790 5804 de
816 5751 953 5803 lauta
982 5762 1164 5802 melisa
1191 5789 1205 5811 ,
1237 5748 1318 5802 vel
1355 5745 1421 5801 de
1445 5759 1695 5816 agrorum
1735 5742 2041 5798 venditione
2062 5784 2078 5809 ,
2111 5741 2201 5796 vel

613 5839 682 5898 de
709 5842 825 5898 aliis
853 5841 1211 5898 contractibus
1231 5879 1245 5908 ,
1279 5840 1362 5896 vel
1392 5839 1459 5898 de
1487 5837 1817 5895 testamentis
1839 5877 1854 5904 ,
1913 5829 2203 5889 veldchtc-

2383 1239 2733 1312 reditatibus,
2764 1248 2844 1303 vel
2873 1248 2940 1303 de
2976 1251 3092 1307 aliis
3120 1254 3312 1311 talibus
3350 1273 3380 1311 a
3419 1261 3625 1315 cunctis
3663 1277 3729 1318 eo
3773 1279 3975 1322 conve-

2378 1331 2647 1392 nientibus
2681 1353 2959 1398 sermones
2993 1344 3277 1403 habentur.
3307 1349 3371 1404 Et
3400 1352 3443 1405 si
3474 1353 3526 1406 in
3556 1353 3722 1423 ipsam
3760 1361 3970 1414 veneris

2378 1425 2576 1494 regiam
2597 1469 2612 1493 ,
2638 1439 2692 1483 et
2719 1432 2826 1487 illic
2855 1449 3066 1491 rursum
3097 1453 3285 1495 omnes
3309 1442 3635 1501 disserentes
3673 1449 3856 1506 audies
3898 1452 3968 1514 de

2376 1517 2636 1584 pecuniis,
2665 1519 2734 1574 de
2761 1524 3015 1591 potentia,
3044 1527 3112 1582 de
3139 1529 3305 1599 gloria
3326 1573 3341 1597 ,
3364 1547 3485 1603 qua:
3512 1537 3598 1590 hic
3633 1536 3924 1595 honoratur
3944 1582 3962 1606 ,

2371 1609 2648 1676 spirituale
2675 1628 2803 1668 vero
2827 1617 2954 1670 nihil
2989 1635 3002 1672 :
3039 1618 3126 1674 hic
3156 1636 3282 1676 vero
3310 1611 3635 1681 contrarium
3665 1639 3829 1684 totum
3851 1674 3866 1697 ,
3893 1633 3963 1692 de

2371 1700 2436 1755 iis
2461 1717 2581 1771 qua:
2606 1705 2660 1758 in
2686 1708 2820 1761 cn°lo
2837 1721 2965 1763 sunt
2993 1712 3170 1778 rebus,
3201 1713 3268 1769 de
3296 1715 3494 1784 anima,
3524 1718 3590 1774 de
3613 1720 3721 1774 vita
3757 1735 3957 1790 nostra,

2369 1802 2423 1847 et
2459 1808 2625 1864 quare
2652 1796 2772 1852 facti
2817 1816 3028 1866 sumus,
3063 1813 3116 1858 et
3141 1821 3306 1874 quare
3351 1808 3436 1864 hic
3467 1820 3670 1866 tantum
3703 1817 3960 1885 temporis

2365 1899 2778 1978 eumnam-amur,
2801 1903 2851 1945 et
2872 1894 2940 1947 ad
2965 1910 3084 1962 qua:
3113 1895 3236 1952 hinc
3267 1899 3575 1970 migramus,
3606 1915 3659 1959 et
3683 1907 3808 1975 quid
3837 1921 3956 1978 post

2367 1975 2480 2031 hate
2509 1993 2608 2032 nos
2636 1982 2888 2050 suscipiet
2916 2024 2931 2049 ,
2965 1994 3019 2038 et
3045 2000 3204 2056 quam
3235 1988 3304 2045 ob
3327 2004 3544 2047 causam
3585 1975 3955 2069 nobiseorpns

2361 2076 2446 2121 est
2476 2069 2674 2124 luteum
2698 2115 2712 2136 ,
2743 2081 2797 2126 et
2823 2091 2941 2144 quae
2971 2080 3155 2132 mortis
3188 2092 3374 2136 natura
3398 2124 3414 2150 ,
3459 2086 3588 2154 quid
3629 2091 3840 2144 tandem
3869 2103 3954 2149 est

2361 2173 2598 2226 prasens
2621 2163 2726 2216 vita
2753 2174 2806 2218 et
2831 2181 2950 2233 quae
2976 2167 3147 2222 futura
3181 2187 3194 2224 :
3235 2172 3369 2244 nihil
3395 2190 3608 2241 prorsus
3637 2189 3905 2235 terrenum
3932 2223 3949 2246 ,

2355 2251 2450 2304 sed
2479 2265 2667 2307 omnes
2691 2254 2760 2311 de
2786 2257 3150 2325 spiritualibus
3171 2276 3447 2320 sermones
3470 2269 3622 2323 nobis
3647 2271 3908 2327 habentur
3930 2294 3950 2338 ι

2355 2351 2409 2395 et
2453 2358 2644 2413 magna
2681 2348 2867 2402 salutis
2912 2362 3108 2407 nostra
3151 2355 3338 2410 viatica
3375 2360 3679 2429 capientes,
3709 2365 3832 2419 hinc
3873 2365 3948 2420 ita

2354 2444 2473 2486 Cum
2504 2435 2642 2490 bona
2674 2451 2771 2506 spe
2797 2441 3162 2509 migrabimus.

2424 2525 2476 2577 2.
2513 2527 2774 2593 Quoniam
2800 2532 2963 2600 igitur
2987 2549 3094 2589 non
3126 2546 3326 2592 temere
3352 2541 3554 2596 semina
3576 2542 3822 2612 jeeimus,
3846 2549 3943 2602 sed

2351 2615 2487 2668 sicut
2517 2631 2612 2670 vos
2649 2620 2964 2676 exhortatus
2987 2621 3213 2688 fueram,
3245 2641 3435 2684 omnes
3457 2633 3547 2699 qui
3573 2648 3639 2687 ex
3669 2635 3818 2691 vobis
3841 2637 3943 2692 de-

2349 2705 2582 2764 iecerant
2606 2751 2620 2769 .
2653 2715 2829 2768 venali
2859 2715 2989 2770 estis
3018 2733 3032 2770 :
3063 2730 3160 2789 age
3187 2727 3244 2773 et
3283 2735 3382 2776 nos
3419 2723 3569 2779 vobis
3597 2729 3820 2796 gratiam
3849 2746 3943 2786 re-

2349 2801 2642 2868 pendamus
2671 2814 2726 2858 et
2754 2821 2920 2876 pauca
2961 2809 3117 2865 vobis
3163 2811 3312 2881 prius
3339 2814 3604 2871 dictorum
3633 2819 3686 2872 in
3729 2836 3940 2876 memo—

2347 2890 2479 2944 riam
2544 2905 2892 2964 revocantes,
2937 2897 3140 2967 reliqua
3181 2917 3392 2973 quoque
3447 2884 3751 2963 reddamus.
3805 2911 3938 2978 Qua:

2344 2980 2504 3050 igitur
2528 2985 2674 3052 prius
2706 2998 2830 3042 sunt
2857 2987 2998 3044 dicta
3019 2991 3040 3044 τ
3062 2991 3443 3058 Quaerebamus
3467 3001 3696 3069 qualiter
3717 3012 3771 3058 et
3798 3019 3936 3074 quo-

2341 3075 2505 3129 modo
2548 3087 2672 3132 ante
2714 3079 3110 3150 Scripturarum
3157 3086 3356 3143 donum
3407 3106 3494 3145 res
3537 3102 3747 3148 nostras
3792 3095 3934 3153 Deus

2338 3164 2604 3235 disposuit
2628 3187 2642 3223 :
2667 3179 2722 3224 et
2745 3171 3051 3228 dicebamus
3070 3217 3085 3240 ,
3123 3178 3264 3246 quod
3294 3194 3390 3246 per
3408 3186 3706 3238 creaturam
3734 3185 3934 3243 docue-

2339 3262 2408 3313 rit
2450 3275 2622 3329 genus
2656 3277 2896 3318 nosnum
2920 3307 2934 3329 ,
2967 3268 3157 3323 coelum
3199 3273 3493 3328 extendens
3519 3287 3574 3330 et
3602 3276 3654 3330 in
3697 3279 3930 3335 medium

2337 3367 2642 3421 proponens
2665 3395 2681 3420 ,
2715 3359 3006 3412 maximum
3051 3361 3241 3415 librum
3273 3363 3450 3419 idiotis
3477 3375 3531 3419 et
3557 3369 3927 3438 sapientibus,

2339 3443 2656 3512 pauperibus
2684 3457 2739 3501 et
2766 3447 3038 3515 divitibus,
3066 3450 3279 3522 Scythis
3303 3463 3358 3508 et
3382 3454 3646 3522 Barbaris,
3675 3468 3730 3513 et
3754 3463 3926 3515 omni-

2336 3531 2436 3588 bus
2459 3537 2783 3604 generaliter
2813 3546 3009 3593 terratn
3042 3540 3404 3598 habitantibus
3433 3547 3613 3601 utilem
3640 3588 3654 3612 ,
3685 3549 3877 3604 librum
3906 3553 3922 3584 ‘

2332 3627 2500 3682 nrulto
2564 3629 2823 3699 majorem
2871 3626 3078 3686 eorum.
3107 3635 3198 3702 qui
3253 3635 3514 3691 docentur
3563 3640 3918 3698 multitudine.

2330 3717 2490 3771 Multa
2524 3720 2685 3775 etiam
2723 3721 2792 3776 de
2819 3733 2974 3778 noete
2999 3733 3052 3777 et
3081 3724 3198 3787 die,
3226 3735 3281 3780 et
3305 3726 3492 3780 horum
3518 3730 3706 3786 ordine
3727 3773 3740 3796 ,
3771 3741 3826 3786 et
3852 3734 3923 3788 de

2328 3813 2697 3868 convenientia
2739 3813 2808 3868 ab
2833 3815 2964 3885 ipsis
2987 3831 3107 3869 cum
3137 3816 3407 3886 diligentia
3434 3829 3641 3873 servata
3667 3821 3922 3877 disserui-

2329 3916 2484 3957 mus:
2517 3905 2680 3959 muba
2708 3915 2763 3960 et
2789 3907 2860 3961 de
2884 3917 3258 3976 tempestatum
3288 3910 3412 3964 anni
3434 3927 3679 3978 numero,
3703 3929 3918 3970 earum-

2327 4009 2431 4063 que
2474 3996 2795 4065 arqualitate.
2839 3996 2988 4053 Sicut
3038 3999 3182 4054 enim
3222 3998 3338 4055 dies
3391 4011 3550 4056 nocte
3591 4018 3660 4058 ne
3698 4004 3916 4059 dimidia

2325 4086 2538 4154 quidem
2572 4087 2702 4141 hora
2748 4088 2866 4156 plus
2911 4087 3072 4144 habet
3119 4105 3216 4159 per
3259 4099 3427 4146 totum
3469 4106 3667 4147 annum
3693 4137 3708 4160 ,
3737 4095 3814 4149 sic
3863 4107 3917 4151 et

2323 4177 2408 4230 hae
2450 4178 2590 4231 inter
2625 4194 2684 4233 se
2711 4194 2778 4234 ex
2817 4195 2972 4248 atque
3009 4181 3130 4236 dies
3165 4196 3355 4236 omnes
3397 4181 3786 4238 distribuerunt
3815 4203 3830 4240 :
3861 4199 3916 4240 et

2322 4269 2463 4338 quod
2509 4271 2656 4339 prius
2702 4271 2983 4338 dicebam,
3038 4288 3145 4326 non
3199 4273 3506 4344 magnitudo
3551 4287 3810 4332 creaturae
3860 4289 3914 4332 et

2322 4358 2663 4428 pulchritudo
2715 4370 2917 4415 tantum
2971 4371 3267 4418 creatorem
3321 4363 3684 4431 demonstrat,
3715 4367 3810 4423 Sed
3857 4380 3912 4423 et

2320 4452 2434 4520 ipse
2459 4454 2938 4523 coagmentationis
2965 4454 3155 4510 modus
3176 4494 3192 4521 ,
3225 4465 3281 4510 et
3322 4457 3466 4527 quod
3490 4474 3652 4528 super
3690 4470 3910 4515 natura.

2317 4547 2422 4600 lem
2470 4547 2906 4617 consequentiam
2963 4547 3034 4601 sit
3086 4547 3278 4602 modus
3331 4549 3640 4605 creationis.
3697 4551 3910 4606 Natura:

2316 4652 2510 4706 nempe
2535 4629 2912 4706 consequentia
2943 4647 3077 4700 erat,
3101 4652 3292 4706 aquam
3320 4651 3483 4707 super
3509 4650 3704 4693 terram
3734 4640 3862 4696 ferri
3889 4660 3905 4697 :

2315 4745 2457 4785 nunc
2509 4745 2637 4784 vero
2681 4728 3008 4784 contrarium
3059 4729 3339 4797 videmus,
3390 4739 3588 4785 terram
3641 4732 3710 4786 ab
3757 4734 3908 4804 aquis

2314 4819 2464 4878 ferri.
2493 4821 2704 4876 Naturae
2743 4829 2858 4876 erat
2896 4823 3296 4891 consequentia,
3331 4822 3504 4893 ignem
3535 4823 3604 4878 ad
3629 4825 3904 4894 superiora

2313 4929 2528 4970 currere
2558 4931 2572 4967 :
2602 4927 2744 4967 nunc
2804 4927 2933 4967 vero
2987 4914 3311 4966 contrarium
3362 4913 3637 4981 videmus,
3685 4914 3904 4971 inferius

2313 5020 2509 5066 terram
2538 5025 2725 5066 versus
2749 5024 3039 5066 conversos
3068 5009 3199 5064 solis
3234 5009 3441 5073 radios,
3475 5020 3530 5064 et
3551 5025 3716 5080 aquas
3742 5026 3907 5080 super

2308 5104 2472 5160 cmlos
2508 5118 2660 5168 esse,
2690 5111 2743 5156 et
2772 5119 2876 5156 non
2904 5103 3146 5156 consumi
3176 5119 3191 5167 ;
3237 5102 3408 5158 solem
3457 5105 3644 5158 subtus
3681 5120 3905 5158 curren-

2311 5205 2416 5249 tem
2455 5209 2560 5248 non
2601 5193 2870 5261 exstingui
2897 5193 2966 5247 ab
3009 5183 3181 5262 aquis,
3214 5208 3315 5247 nec
3355 5193 3726 5248 humiditatem
3758 5194 3901 5248 illam

2308 5287 2611 5340 absumere.
2644 5285 2724 5339 Ad
2775 5285 2889 5338 lucc
2936 5284 3168 5338 diximus
3192 5326 3210 5350 ,
3243 5300 3310 5339 ex
3349 5294 3576 5355 quatuor
3620 5285 3902 5341 elementis

2310 5362 2408 5432 hoc
2437 5387 2602 5432 totum
2633 5377 2928 5433 censistere
2967 5377 3103 5431 inter
3142 5393 3202 5431 se
3227 5379 3510 5432 contrariis
3537 5391 3591 5432 et
3619 5381 3901 5448 pugnanti-

2309 5474 2404 5525 bus
2427 5513 2442 5535 ,
2471 5481 2524 5526 et
2565 5473 2790 5525 alterum
2818 5471 3043 5524 alterum
3076 5486 3180 5523 non
3213 5484 3564 5536 consumere,
3595 5469 3718 5523 licet
3760 5471 3901 5523 alte-

2308 5580 2423 5617 rum
2454 5564 2521 5616 ab
2546 5563 2716 5616 altero
2746 5570 2930 5616 natura
2963 5576 3058 5614 sua
3084 5560 3325 5614 consumi
3353 5561 3564 5615 debeat.
3597 5560 3748 5616 Unde
3781 5578 3898 5614 ma-

2307 5653 2577 5719 nifestum,
2609 5652 2749 5723 quod
2781 5655 2948 5707 virtus
2974 5652 3218 5722 quaedam
3259 5652 3539 5707 invisibilis
3582 5653 3696 5707 lucc
3742 5655 3897 5707 coin-

2369 5846 2382 5875 ι
2414 5847 2605 5900 Vocem,
2631 5835 2826 5901 librauit,
2849 5836 2927 5886 hic
2946 5837 3324 5898 lutet-posuimus
3344 5830 3567 5886 Savillttm
3590 5837 3767 5884 secat»
