4232 6320
292 380 401 438 “'5

290 494 457 557 heat,
501 499 557 547 et
598 484 920 545 vinculum’
940 487 1009 541 sit
1068 483 1164 540 Dei
1218 483 1486 537 voluntas.
1548 480 1682 536 liuic
1731 478 1890 534 hodie

293 582 535 639 sermoni
584 580 820 650 amplius
876 576 1149 633 immorari
1202 573 1327 629 volo
1361 614 1377 638 ,
1420 572 1516 627 sed
1563 570 1890 642 expergisci-

295 675 456 741 mini,
482 684 535 729 et
559 673 846 740 diligenter
878 668 1033 725 nobis
1057 666 1335 723 attendite.
1362 664 1435 721 Ut
1455 672 1633 719 autem
1662 663 1895 717 miracu-

291 766 407 822 lum
442 766 534 820 flat
564 763 899 821 manifestius
938 776 972 817 a
997 776 1223 832 corpore
1257 768 1443 814 nostro
1478 755 1889 813 demonstratio-

292 873 421 912 nem
471 855 655 912 horum
704 855 917 911 faciam.
948 852 1159 908 Etenim
1200 862 1396 920 corpus
1436 856 1679 903 nostrum
1730 846 1895 900 breve

291 948 400 1005 hoc
431 960 488 1004 et
514 964 736 1019 parvum
762 962 797 1003 e
829 955 1056 1017 quatuor
1083 942 1437 1013 compositum
1467 951 1550 995 est
1574 937 1890 1001 elementis,

288 1039 474 1095 calido
492 1038 724 1110 quidem,
758 1050 889 1106 saug
929 1036 1015 1090 ine
1040 1050 1057 1100 ;
1082 1035 1229 1089 sicco
1248 1046 1377 1087 vero
1399 1072 1415 1097 ,
1444 1029 1550 1085 bile
1582 1028 1718 1084 flava
1749 1044 1763 1094 ;
1789 1026 1892 1080 hu-

292 1130 471 1196 mido,
495 1130 717 1201 pituita;
747 1127 958 1198 frigido,
986 1136 1100 1180 atra
1123 1124 1249 1180 bile.
1272 1123 1341 1178 Et
1362 1137 1521 1178 nemo
1541 1122 1889 1189 incongruum

290 1223 442 1275 hunc
466 1230 613 1288 putet
640 1234 761 1275 esse
791 1231 1095 1280 sermonem
1128 1233 1141 1269 :
1172 1213 1473 1281 Spiritualis
1497 1226 1689 1282 nempe
1718 1210 1892 1264 omnia

286 1312 577 1385 dijudicat,
606 1311 718 1381 ipse
757 1325 872 1364 vero
900 1325 932 1362 α
974 1307 1171 1361 nemine
1214 1301 1572 1375 dijudicatur(
1604 1302 1652 1355 i.
1684 1300 1805 1357 Cor.
1830 1299 1887 1354 2.

286 1406 364 1461 15
391 1406 433 1475 ).
467 1402 557 1460 Sic
590 1412 647 1459 et
687 1402 883 1456 Paulus
910 1398 1250 1470 agricultura!
1289 1396 1528 1450 rationes
1567 1393 1778 1463 tetigit,
1821 1392 1890 1446 de

288 1494 689 1550 resurrectione
714 1491 869 1546 nobis
893 1490 1163 1545 disserens
1191 1500 1208 1541 :
1241 1486 1429 1550 Stulte,
1455 1484 1645 1555 inquit,
1675 1493 1730 1537 tu
1754 1482 1890 1551 quod

286 1587 512 1640 seminus
547 1600 650 1638 non
688 1582 969 1647 riviﬁcatur
988 1620 1008 1649 ,
1033 1579 1131 1633 nisi
1160 1577 1405 1632 moriatur
1429 1569 1824 1631 (l.Cor.i5.56
1846 1570 1887 1643 ).

285 1674 349 1729 Si
376 1688 510 1729 vero
535 1674 725 1729 beatus
752 1671 844 1727 ille
860 1670 930 1726 de
953 1668 1277 1740 agricultura
1301 1680 1609 1721 sermonem
1637 1664 1887 1724 habebat.

285 1780 359 1819 ue
386 1778 487 1818 nos
512 1763 778 1834 quispiam
807 1768 1024 1816 accuset
1061 1759 1109 1814 si
1148 1756 1523 1813 medicinalem
1554 1755 1889 1824 disciplinam

283 1854 613 1924 attingamus
644 1871 660 1910 :
686 1851 754 1907 de
791 1850 887 1906 Dei
917 1848 1061 1906 enim
1107 1848 1379 1903 creatione
1407 1862 1550 1901 nunc
1583 1845 1738 1900 nobis
1762 1860 1889 1901 ora-

286 1948 385 2013 tio,
414 1955 472 2001 et
514 1945 873 2002 necessarium
918 1943 1074 1998 nobis
1100 1950 1183 1997 est
1212 1941 1369 2009 hujus
1392 1939 1690 2009 disciplinac
1730 1953 1893 2008 argu-

283 2049 552 2093 mentum.
582 2035 737 2105 Quod
786 2035 945 2106 igitur
972 2044 1096 2089 ante
1121 2033 1228 2088 disi
1254 2074 1270 2099 ,
1299 2048 1364 2088 ex
1395 2041 1624 2103 quatuor
1663 2031 1748 2086 his
1776 2031 1889 2086 ele-

284 2130 487 2184 mentis
512 2141 712 2198 corpus
733 2127 889 2183 nobis
909 2126 1266 2194 compositum
1286 2135 1391 2191 est,
1414 2133 1473 2180 ct.
1494 2124 1539 2179 si
1568 2138 1691 2194 pars
1716 2138 1746 2177 a
1777 2133 1889 2178 toto

281 2222 566 2287 dissideat,
594 2236 661 2275 ex
712 2218 817 2274 hoc
866 2217 1091 2274 dissidio
1137 2232 1286 2272 mors
1320 2216 1550 2272 efficitur
1580 2234 1594 2270 :
1628 2223 1688 2269 ut
1717 2222 1841 2285 puta
1868 2256 1884 2280 ,

281 2312 394 2368 bile
439 2310 911 2382 superabundanto
965 2308 1279 2379 producitur
1328 2306 1493 2363 febris
1526 2347 1542 2370 ,
1572 2315 1629 2361 et
1673 2307 1717 2361 si
1749 2308 1887 2362 ultra

282 2420 593 2460 mensuram
625 2402 945 2472 prmvaleat,
976 2401 1135 2456 finem
1166 2400 1320 2455 atfert
1346 2399 1685 2455 celerrimum
1715 2417 1727 2451 :
1762 2414 1885 2452 rur-

279 2513 405 2552 sum
435 2496 626 2567 frigido
665 2494 1171 2565 superabundante,
1220 2494 1483 2564 paralysis
1527 2501 1581 2547 et
1628 2502 1888 2547 tremores

280 2597 342 2642 et
359 2587 654 2656 apoplexizc
675 2594 732 2640 et
752 2584 1017 2639 innumeri
1042 2582 1215 2638 morbi
1247 2583 1546 2653 pariuntur,
1574 2591 1630 2637 et
1668 2582 1887 2635 omnino

280 2693 512 2748 qumque
560 2676 933 2745 aegritudinum
980 2673 1149 2729 forma
1176 2673 1245 2729 ab
1274 2675 1463 2727 horum
1494 2673 1885 2731 elementorum

279 2767 771 2838 superabundantia
800 2767 1055 2831 nascitur,
1075 2763 1289 2834 quando
1319 2780 1482 2817 unum
1510 2779 1573 2818 ex
1602 2764 1733 2832 ipsis
1763 2778 1887 2833 pro-

282 2860 433 2929 prios
483 2858 751 2914 excedens
807 2858 1102 2921 terminos,
1148 2864 1334 2912 contra
1382 2855 1484 2909 alia
1540 2855 1889 2925 insurgit,et

283 2965 504 3005 omnem
539 2948 684 3003 laedit
712 2948 1098 3019 symmetriam.

357 3039 586 3095 Mundus
602 3041 709 3095 sine
727 3039 822 3094 Dei
837 3040 1152 3111 providentia
1180 3050 1313 3095 stare
1338 3040 1880 3111 nequit.-luterroga

284 3133 452 3204 igitur
466 3132 758 3197 dicentem,
774 3131 917 3202 quod
941 3147 1036 3202 per
1071 3148 1131 3188 se.
1160 3142 1280 3186 nata
1301 3135 1503 3197 omnia,
1526 3148 1621 3202 per
1637 3148 1695 3187 se
1713 3134 1887 3187 subsi-

282 3232 445 3279 stant.
462 3223 517 3279 Si
536 3225 697 3279 breve
713 3223 816 3278 hoc
838 3233 892 3277 ct
911 3223 1180 3278 modicum
1200 3238 1393 3293 corpus
1420 3216 1885 3289 medicaminibus,

283 3324 338 3370 et
357 3314 658 3369 medicinali
697 3314 918 3369 scientia
942 3324 1118 3377 utens,
1148 3314 1324 3369 anima
1343 3314 1567 3369 interius
1588 3313 1890 3385 ipsumdis-

286 3410 527 3470 ponente
582 3418 647 3457 ac
666 3403 832 3457 multa
849 3403 1181 3472 philosophia
1201 3411 1256 3458 et
1272 3404 1751 3460 innumerabilibus
1768 3405 1889 3459 aliis

283 3494 513 3557 auxiliis,
538 3510 643 3547 non
661 3510 878 3564 semper
893 3495 945 3548 in
964 3495 1107 3549 bono
1124 3504 1261 3550 statu
1286 3510 1597 3565 permanere
1612 3497 1773 3562 valet,
1794 3496 1888 3550 sed

285 3584 490 3649 peritet
512 3584 875 3653 corrumpitur
902 3586 1117 3655 saepius,
1148 3585 1517 3641 turbationein
1555 3587 1672 3656 ipso
1701 3586 1839 3641 facta
1872 3604 1883 3639 :

284 3676 555 3741 quomodo
572 3683 749 3729 tantus
765 3675 1194 3743 mundus,tantas
1207 3675 1408 3732 habens
1418 3691 1703 3748 corporum
1722 3679 1889 3733 moles

284 3771 341 3816 et
357 3778 421 3817 ex
442 3763 628 3819 iisdem
646 3752 973 3835 compositus
986 3768 1287 3830 elementis.
1308 3768 1408 3823 nisi
1427 3770 1591 3821 multa
1614 3770 1890 3838 providen-

285 3854 359 3906 tia
377 3853 1074 3926 frueretur,tantotempore
1109 3858 1526 3927 imperturbatus
1542 3875 1757 3915 manere
1796 3876 1888 3929 po-

285 3947 520 4001 tuisset?
559 3947 667 4002 Nec
687 3951 828 4003 enim
856 3965 977 4004 cum
1004 3951 1213 4006 ratione
1244 3953 1355 4007 fieri
1396 3965 1599 4023 posset,
1629 3965 1686 4008 ut
1711 3955 1887 4025 provi—

285 4035 520 4089 dentiam
551 4037 765 4106 quidem
800 4038 1004 4094 habens
1046 4040 1269 4095 interius
1303 4051 1360 4096 et
1383 4043 1619 4097 exterius
1646 4053 1886 4099 nostrum

286 4141 503 4195 corpus,
536 4130 621 4181 vix
664 4129 732 4182 ad
775 4131 854 4184 sui
884 4132 1344 4188 conservationem
1377 4132 1674 4200 sufficeret;
1711 4144 1886 4192 Lautus

287 4236 418 4273 vero
434 4221 666 4275 mundus
682 4222 826 4277 nulla
846 4223 1027 4279 fruens
1049 4226 1379 4294 providentia
1405 4244 1499 4298 per
1520 4237 1598 4283 tot
1618 4246 1789 4284 annos
1812 4232 1886 4287 nil

286 4313 393 4365 tale
423 4323 694 4381 pateretur
718 4315 871 4385 quale
892 4332 1088 4386 corpus
1108 4329 1370 4374 uestrum.
1416 4321 1697 4389 Quomodo
1742 4325 1883 4379 etiim

286 4405 495 4459 nullum
522 4406 710 4462 horum
742 4409 1128 4466 elementorum
1154 4452 1170 4477 ,
1199 4428 1403 4482 quzeso,
1436 4417 1682 4484 proprios
1710 4427 1886 4470 trans-

286 4497 866 4565 ccnditterminos,nee
908 4504 1113 4577 reliqua
1151 4505 1330 4557 omnia
1364 4507 1736 4575 consumpsit?
1765 4509 1886 4577 quis

287 4604 417 4644 vero
468 4592 581 4660 ipsa
630 4594 697 4647 ab
742 4594 892 4647 initio
932 4595 1256 4665 conjunxit?
1290 4598 1411 4667 quis
1460 4597 1735 4653 devinxit?
1768 4602 1886 4670 quis

287 4679 554 4736 frenavit?
582 4685 703 4753 quis
730 4697 900 4753 usque
944 4686 997 4740 in
1050 4696 1255 4742 tantum
1287 4701 1498 4760 tempus
1525 4694 1799 4748 continet?
1830 4695 1884 4749 Si

285 4773 431 4827 enim
454 4773 679 4843 simplex
707 4784 758 4828 et
788 4776 1053 4832 uniforme
1081 4779 1271 4833 fuisset
1300 4782 1482 4834 mundi
1515 4799 1737 4853 corpus,
1776 4800 1882 4839 non

286 4873 396 4915 tam
426 4863 761 4932 impossibile
801 4866 988 4922 fuisset
1015 4868 1156 4937 quod
1200 4869 1428 4936 dicitur;
1462 4874 1676 4942 quando
1704 4885 1884 4931 autem

287 4961 436 5006 tanta
464 4956 852 5010 elementorum
882 4973 1053 5027 pugna
1085 4959 1181 5015 fuit
1214 4960 1282 5014 ab
1310 4962 1479 5027 initio,
1504 4966 1622 5032 quis
1650 4974 1756 5020 tam
1788 4968 1886 5022 de-

286 5058 462 5106 mens.
495 5055 554 5100 ut
581 5057 731 5125 putet
754 5049 872 5103 sine
914 5062 1139 5121 cogente
1167 5052 1303 5121 haec
1326 5069 1421 5122 per
1460 5070 1518 5109 se
1546 5060 1883 5127 convenisse,

286 5145 341 5190 et
369 5148 651 5206 coupmcta
675 5141 973 5196 mansisse?
998 5143 1052 5197 Si
1093 5143 1231 5198 enim
1263 5160 1362 5200 nos
1396 5161 1501 5200 non
1540 5157 1727 5203 natura
1750 5192 1765 5216 ,
1793 5153 1886 5207 sed

290 5229 563 5281 voluntate
584 5228 725 5284 male
752 5243 935 5285 mutuo
955 5233 1129 5288 allecti
1160 5246 1350 5303 sponte
1376 5252 1481 5289 non
1511 5240 1883 5307 convenimus,

287 5318 457 5374 donec
482 5333 763 5376 manemus
792 5323 989 5378 inimici
1026 5334 1081 5379 et
1107 5326 1313 5381 offenso
1350 5327 1419 5380 ab
1448 5328 1673 5383 invicem
1701 5332 1883 5385 animo

285 5412 641 5479 dissidemus;
671 5416 765 5469 sed
793 5417 964 5471 altero
993 5418 1288 5489 indigemus
1313 5420 1406 5490 qui
1435 5435 1531 5473 nos
1572 5423 1883 5491 conjungat,

287 5513 343 5557 et
368 5516 649 5575 postquam
687 5507 1054 5576 conjunxerit,
1084 5511 1411 5579 constringat
1442 5525 1495 5564 et
1522 5512 1572 5564 in
1613 5528 1744 5582 pace
1774 5530 1886 5566 ma-

286 5610 413 5651 nere
453 5596 816 5667 persuadeat,
851 5614 1023 5669 neque
1063 5617 1273 5656 rursum
1306 5602 1514 5657 resilire
1543 5620 1556 5655 :
1590 5620 1697 5674 quo
1725 5606 1885 5660 modo

283 5684 546 5742 elementa
578 5704 754 5759 neque
789 5690 997 5746 ratione
1020 5708 1195 5765 neque
1219 5710 1381 5750 sensu
1411 5695 1523 5751 ullo
1549 5699 1793 5767 przedita,
1822 5714 1885 5757 ac

284 5778 380 5836 sibi
394 5797 495 5853 per
522 5792 768 5839 naturam
791 5784 998 5841 inimica
1017 5788 1815 5863 etadversantia,convenisscnt
1830 5804 1884 5852 et

1292 371 1385 427 AD
1422 366 1749 427 POPULUM
1787 364 2280 425 ANTIOCHENUM
2342 364 2573 423 HOMIL.
2612 367 2682 423 Χ.

3502 356 3607 415 ιη

1998 492 2286 547 congressa
2304 478 2607 545 fuissent,et
2623 479 2846 535 alterum
2861 493 2981 535 cum
2994 478 3165 535 altero
3176 475 3482 548 potuissent
3495 492 3562 547 pe
3571 494 3622 530 r—

1998 571 2348 635 manere,nisi
2364 573 2598 643 potentia
2612 572 2856 643 quasdam
2872 583 3016 628 esset
3028 569 3460 633 ineﬂ'abilis,qu:e
3475 579 3613 642 con-

1996 673 2264 733 gregaret,
2286 671 2341 718 et
2357 673 2677 734 congregata
2706 666 3036 734 semperhoc
3055 663 3273 719 vinculo
3291 656 3604 717 cohiberet?

2069 754 2123 808 5.
2164 751 2279 807 Νοη
2310 754 2487 809 cernis
2509 754 2777 824 quomodo
2799 770 2997 826 corpus
3016 754 3119 811 hoc
3146 755 3328 809 anima
3349 749 3608 808 avolante

1998 842 2183 897 deﬂuit
2221 852 2278 898 et
2314 842 2559 908 tabescit,
2589 853 2643 899 et
2667 845 2941 915 perditur,
2963 847 3092 900 etin
3137 859 3294 901 suam
3347 839 3607 912 quodque

1997 934 2386 995 elementorum
2417 936 2706 989 revertitur
2732 936 2974 991 sortem"
3008 936 3117 990 l'loc
3152 936 3329 1004 ipsum
3358 930 3607 1003 profecto

2000 1025 2125 1079 etin
2153 1024 2253 1078 hoc
2284 1023 2436 1078 fieret
2463 1024 2686 1091 mundo,
2725 1026 2770 1080 si
2800 1026 2968 1081 virtus
3000 1036 3260 1096 perpetuo
3292 1025 3609 1093 gubernans

1997 1117 2171 1188 ipsum
2200 1116 2508 1186 reliquisset
2553 1119 2767 1187 propria
2813 1118 3126 1174 destitutum
3149 1115 3516 1188 providentia.
3552 1112 3609 1168 Si

1995 1210 2139 1264 enim
2169 1209 2436 1278 navigium
2468 1210 2585 1265 sine
2604 1209 2961 1279 gubernatore
2990 1226 3093 1265 non
3125 1209 3449 1280 persisteret
3468 1247 3485 1271 ,
3509 1204 3609 1260 sed

1995 1299 2151 1356 facile
2204 1301 2644 1372 submergeretur
2691 1306 3017 1376 :quomodo
3074 1314 3281 1361 tantum
3340 1300 3612 1372 temporis

1994 1392 2312 1447 subsisteret
2347 1392 2577 1448 mundus
2602 1394 2935 1465 gubernante
2986 1396 3245 1452 nemine?
3272 1394 3344 1449 Et
3377 1407 3448 1448 ne
3474 1388 3608 1461 quid

1996 1485 2115 1554 plus
2154 1485 2347 1550 dicam,
2380 1486 2649 1556 navigium
2695 1488 2951 1546 mundum
2990 1503 3112 1545 esse
3141 1495 3288 1559 puta,
3357 1485 3605 1542 carinam

1994 1576 2324 1645 suppositam
2358 1584 2579 1642 terram,
2608 1578 2785 1633 velum
2814 1579 3025 1645 caelum,
3055 1588 3301 1636 vectores
3326 1578 3603 1644 homines,

1994 1682 2145 1723 mare
2168 1669 2464 1740 subjectam
2491 1670 2742 1743 abyssum
2777 1690 2791 1728 :
2821 1673 3093 1743 quomodo
3119 1672 3280 1744 igitur
3296 1681 3446 1727 tanto
3470 1684 3604 1725 nau-

1994 1760 2218 1831 fragium
2269 1772 2511 1830 tempore
2532 1779 2638 1818 non
2666 1773 2749 1821 est
2779 1763 3025 1820 factum?
3066 1766 3284 1822 Dimitte
3311 1765 3459 1821 enim
3500 1777 3605 1818 na-

1995 1851 2192 1921 vigium
2219 1868 2313 1921 per
2340 1852 2483 1922 diem
2515 1870 2677 1908 unum
2700 1855 2903 1925 absque
2918 1855 3277 1926 gubernatore
3317 1865 3372 1910 et
3400 1854 3603 1917 nautis,

1995 1952 2051 1997 et
2080 1944 2260 1996 statim
2292 1943 2633 1999 submersum
2665 1944 2913 2011 videbis;
2945 1946 3040 2000 sed
3063 1946 3293 2000 mundus
3325 1945 3432 2000 tale
3462 1943 3602 1999 nihil

1994 2047 2183 2102 passus
2217 2043 2318 2101 est,
2350 2035 2587 2105 quinque
2610 2035 2777 2091 millia
2799 2046 2853 2090 et
2883 2037 3053 2089 multo
3075 2037 3190 2105 plus
3230 2035 3342 2106 jam
3388 2037 3599 2090 habens

1993 2141 2278 2180 annorum.
2333 2126 2399 2181 Et
2440 2128 2567 2197 quid
2607 2128 2729 2183 dico
2777 2128 3082 2198 navigium?
3128 2129 3366 2184 casulam
3408 2128 3605 2198 aliquis

1995 2229 2217 2284 parvam
2245 2204 2298 2271 in
2331 2217 2498 2273 \ineis
2525 2220 2812 2288 compegit,
2845 2228 2901 2273 et.
2922 2219 3093 2274 fructu
3120 2220 3297 2275 ablato
3327 2220 3603 2277 desertam

1996 2306 2235 2377 reliquit,
2269 2317 2322 2362 et
2343 2324 2517 2377 neque
2541 2309 2679 2364 duos
2704 2324 2848 2379 saepe
2877 2310 2995 2365 dies
3020 2320 3326 2378 permanet,
3352 2310 3451 2367 sed
3483 2310 3601 2365 sol-

1993 2398 2137 2452 vitur
2177 2408 2233 2453 et
2271 2399 2420 2454 brevi
2464 2400 2627 2455 cadit.
2665 2401 2827 2468 Igitur
2854 2401 3119 2471 tugurium
3142 2402 3356 2471 quidem
3391 2401 3603 2469 absque

1998 2490 2317 2558 providente
2343 2506 2447 2545 non
2476 2500 2672 2555 staret;
2697 2502 2941 2547 creatura
2976 2507 3109 2547 vero
3146 2502 3312 2560 tanta,
3336 2502 3446 2547 tam
3478 2493 3604 2563 pul-

1991 2581 2142 2647 chra,
2177 2592 2283 2635 tam
2313 2582 2597 2648 mirabilis,
2629 2593 2684 2637 et
2709 2583 2855 2655 leges
2884 2584 3059 2638 noctis
3086 2592 3141 2639 et
3160 2583 3271 2638 diei
3296 2626 3311 2647 ,
3355 2583 3602 2639 alterna-

1992 2688 2217 2742 rnmque
2238 2674 2491 2730 horarum
2505 2674 2725 2730 chorea:
2749 2717 2764 2741 ,
2798 2684 2851 2730 et
2887 2685 3091 2729 naturze
3118 2689 3311 2729 cursus
3337 2676 3519 2730 varius
3548 2684 3605 2731 et

1994 2765 2336 2820 omnimodns
2367 2766 2420 2819 in
2445 2773 2611 2832 terra,
2646 2766 2698 2819 in
2727 2766 2883 2833 mari,
2917 2781 3065 2830 aere,
3095 2766 3229 2821 cos-lo
3253 2808 3269 2832 ,
3297 2775 3354 2821 et
3380 2766 3601 2835 plantis,

1993 2862 2050 2910 et
2099 2856 2418 2911 animalibus
2460 2856 2794 2921 volantibus,
2839 2856 3169 2922 natatilibus,
3209 2856 3602 2925 gradientibus,

1994 2950 2363 3017 serpentibus,
2397 2948 2525 3004 etin
2553 2948 2829 3003 hominum
2862 2963 3060 3019 genere
3087 2949 3335 3003 omnibus
3370 2948 3476 3003 illis
3503 2948 3590 3002 di.

1991 3039 2198 3109 gniore,
2228 3048 2432 3095 tantum
2466 3041 2724 3107 temporis
2767 3039 2971 3109 absque
3029 3038 3204 3109 aliqua
3250 3039 3593 3107 providentia

1991 3128 2195 3183 stabilis
2222 3129 2644 3197 permansisset?
2702 3128 2972 3185 Praeterea
3024 3139 3203 3184 mente
3250 3129 3381 3184 mihi
3438 3143 3597 3199 prata

1994 3236 2272 3290 percurre,
2305 3219 2512 3285 hortos,
2551 3221 2745 3277 ﬂorum
2795 3237 3012 3291 genera,
3059 3221 3253 3278 herbas
3297 3236 3517 3283 omnes,
3548 3232 3602 3277 ct

1996 3328 2183 3366 earum
2213 3327 2370 3379 usus,
2404 3313 2824 3368 suaveolentiam
2844 3355 2859 3380 ,
2889 3316 3083 3383 figuras
3108 3355 3122 3378 ,
3153 3313 3312 3367 situm
3335 3355 3349 3380 ,
3378 3314 3597 3367 nomina

1994 3413 2226 3471 tantum,
2251 3404 2475 3459 arbores
2512 3403 2813 3460 fructuosas
2834 3415 2887 3460 et
2926 3404 3281 3461 infructuosos
3308 3446 3322 3469 ,
3351 3404 3602 3460 metallo-

1995 3511 2115 3548 rum
2172 3502 2439 3561 naturam,
2485 3496 2791 3550 animalium
2844 3496 3180 3559 terrestium,
3231 3494 3597 3562 marinorum,

1994 3587 2315 3653 natatilium,
2346 3604 2439 3656 per
2464 3602 2641 3641 aerem
2667 3588 2979 3653 meantium,
3013 3598 3224 3641 montes
3248 3628 3263 3650 ,
3286 3585 3485 3651 saltus,
3510 3586 3597 3639 lu-

1992 3696 2105 3746 cos,
2131 3679 2353 3735 inferius
2381 3689 2627 3750 pratum,
2669 3680 2915 3749 superius
2956 3689 3186 3749 pratum,
3217 3687 3300 3732 est
3346 3677 3491 3731 enim
3536 3678 3594 3733 in

1996 3781 2135 3826 terra
2162 3782 2398 3842 pratum,
2422 3780 2475 3827 ct
2506 3773 2557 3825 in
2587 3779 2723 3825 cceto
2740 3780 2971 3841 pratum,
3003 3770 3239 3825 siderum
3264 3768 3393 3840 varii
3412 3768 3594 3835 ﬂores,

1993 3864 2214 3919 inferius
2239 3880 2396 3929 reste,
2429 3864 2673 3933 superius
2702 3863 2815 3917 iris.
2863 3862 2958 3917 Vis
2981 3871 3030 3916 ct
3058 3862 3109 3915 in
3130 3861 3315 3915 avibus
3345 3860 3437 3913 tibi
3474 3876 3597 3929 pra-

1995 3965 2105 4008 tum
2133 3955 2496 4010 demonstrem
2519 3955 2543 4008 ?
2580 3954 2860 4009 considera
2893 3955 3113 4023 pavonis
3138 3968 3331 4022 corpus
3352 3951 3554 4005 varium
3574 3994 3590 4018 ,

1993 4058 2047 4102 et
2076 4064 2290 4102 omnem
2321 4048 2587 4102 excedens
2632 4048 2919 4103 tincturam
2940 4087 2956 4111 ,
2989 4055 3448 4116 pnrpurantesque
3483 4044 3594 4097 avi-

1992 4141 2159 4196 culas.
2200 4141 2382 4210 Cogita
2407 4141 2537 4195 mihi
2558 4140 2673 4196 cusli
2697 4140 3167 4210 pulchritudinem,
3190 4147 3442 4208 quantum
3464 4146 3595 4191 tem-

1991 4234 2136 4304 poris
2157 4235 2263 4304 agit
2289 4276 2302 4297 ,
2338 4248 2437 4289 nec
2462 4233 2778 4290 offuscatum
2806 4245 2887 4288 est
2908 4275 2923 4297 ,
2956 4234 3051 4287 scd
3078 4234 3222 4288 velut
3248 4232 3406 4287 hodie
3432 4231 3596 4286 fabri-

1992 4336 2191 4390 catum,
2243 4326 2314 4380 ita
2369 4335 2451 4381 est
2497 4326 2673 4380 nitens
2700 4336 2753 4382 et
2784 4326 3122 4396 splendidum
3162 4345 3175 4379 :
3215 4335 3371 4380 terra:
3414 4334 3595 4379 uterus

1993 4424 2197 4470 tantum
2225 4406 2435 4486 tempus
2461 4418 2696 4486 pariens,
2724 4417 2996 4487 quomodo
3019 4433 3124 4471 non
3147 4416 3597 4472 hcbetavitvirtu-

1997 4518 2102 4562 tem
2128 4525 2301 4563 suam.
2359 4508 2542 4579 Cogita
2572 4511 2701 4565 mihi
2735 4511 2907 4564 fontes
2933 4554 2947 4576 ,
2981 4510 3250 4580 quomodo
3275 4512 3591 4574 scaturiunt,

1992 4613 2044 4653 ct
2072 4617 2176 4656 non
2200 4602 2514 4657 defecerunt
2540 4617 2605 4657 ex
2627 4616 2732 4671 quo
2762 4600 2883 4656 facti
2906 4611 3063 4667 sunt,
3091 4603 3289 4673 jugiter
3318 4612 3594 4656 manantes

1994 4690 2183 4744 diebus
2212 4700 2267 4746 et
2293 4692 2536 4746 noctibus
2561 4711 2573 4743 :
2608 4692 2779 4762 cogita
2807 4708 2954 4746 mare
2975 4734 2989 4759 ,
3014 4702 3145 4762 quot
3176 4692 3392 4746 flumina
3423 4692 3592 4745 susci-

1995 4785 2148 4852 piens
2178 4798 2485 4838 mensuram
2518 4799 2625 4838 non
2667 4783 2922 4839 excessit.
2961 4783 3065 4838 Sed
3094 4799 3373 4855 quousque
3397 4784 3595 4837 incom-

1994 4876 2367 4946 prehensibilia
2396 4888 2667 4931 sectamur
2686 4877 2709 4929 τ
2731 4877 2786 4931 In
2816 4887 3235 4932 nicmoratorum
3266 4877 3488 4947 singulis
3510 4876 3595 4930 di-

1993 4984 2117 5023 core
2145 4984 2240 5037 par
2265 4976 2347 5022 est
2382 4986 2393 5021 :
2433 4968 2602 5034 Quom
2626 4970 2957 5040 magnificam
2976 4979 3091 5023 sunt
3116 4987 3271 5039 opera
3288 4981 3395 5033 tua,
3420 4968 3594 5023 Domi-

1992 5077 2055 5112 ne
2084 5076 2097 5112 :
2132 5060 2304 5113 omnia
2329 5077 2382 5113 ιη
2428 5061 2677 5130 sapientia
2709 5059 2872 5128 fecisti
2898 5060 3123 5128 (Psalm.
3173 5062 3298 5115 103.
3349 5058 3463 5132 24).
3494 5059 3599 5116 Sed

1994 5151 2118 5220 quid
2146 5150 2211 5204 ad
2244 5149 2357 5206 haec
2382 5153 2555 5205 solent
2577 5152 2822 5207 infideles
2850 5152 3052 5219 dicere,
3086 5153 3295 5223 quoties
3318 5154 3445 5222 ipsis
3460 5168 3597 5206 coms

1998 5259 2359 5298 memoramus
2383 5245 2799 5313 magnitudinem
2827 5246 3011 5299 mundi
3029 5245 3601 5311 ,ornatum,abundan-

1995 5337 2143 5399 tiam,
2177 5336 2382 5403 copiam
2409 5336 2460 5389 in
2484 5336 2777 5390 omnibus?
2809 5336 2921 5391 Iloc
2948 5337 3145 5405 ipsum,
3177 5339 3445 5407 inquiunt,
3480 5352 3601 5391 ma-

1992 5426 2134 5478 xima
2160 5426 2403 5480 criminis
2423 5436 2506 5480 est
2536 5440 2715 5489 causa,
2746 5428 2887 5496 quod
2941 5436 3045 5481 tam
3075 5428 3358 5496 pulchrum
3394 5439 3448 5484 et
3487 5444 3601 5484 ma-

1995 5532 2155 5586 gumn
2214 5517 2341 5572 fecit
2389 5518 2529 5573 Dens
2572 5519 2988 5574 mundnmznisi
3047 5520 3189 5574 enim
3239 5537 3488 5590 magnum
3544 5530 3601 5576 et

1994 5608 2273 5678 pulchrum
2308 5608 2543 5677 fecisset,
2573 5626 2676 5665 non
2702 5612 2875 5679 ipsum
2905 5610 3064 5666 deum
3093 5611 3439 5677 fecissemus;
3460 5627 3602 5667 nunc

1995 5716 2122 5756 vero
2148 5703 2511 5772 magnitudine
2538 5704 2789 5773 perculsi,
2826 5715 2882 5760 et
2931 5705 3098 5774 ipsius
3146 5706 3596 5777 pulchritudinem

1994 5795 2262 5863 admirati,
2295 5794 2469 5865 ipsum
2500 5795 2659 5854 deum
2679 5812 2799 5855 esse
2826 5796 3151 5867 putavimus.
3194 5797 3302 5855 Sed
3321 5814 3500 5869 ‘vattus
3518 5810 3603 5853 cst
