4232 6320
630 430 633 433 ,
695 378 798 435 115

689 490 777 543 hic
806 501 981 542 sermo
1016 504 1027 537 :
1052 483 1195 552 quod
1220 485 1363 539 enim
1393 496 1564 551 neque
1602 478 1908 549 magnitudo
1929 491 2028 531 nec
2050 483 2267 529 ornatus

692 577 979 647 impietatis
1027 575 1096 629 sit
1143 589 1332 637 causa,
1361 572 1455 627 sed
1482 571 1693 624 illorum
1726 568 2040 638 ignorantia,
2070 579 2168 619 nos
2195 564 2267 617 nil

688 669 789 730 tale
817 667 958 736 passi
985 664 1339 720 declaramus.
1378 664 1491 730 Qua
1543 662 1685 715 enim
1725 660 1791 715 de
1830 671 1989 713 causa
2046 669 2144 709 nos
2170 654 2267 722 ipsi

686 756 893 809 divinos
923 754 1159 809 honores
1188 768 1293 807 non
1316 751 1691 811 decrevimus?
1719 762 1893 802 nonne
1924 744 2110 815 iisdem
2136 758 2267 797 ocu-

685 846 748 899 lis
776 829 947 914 ipsum
973 844 1302 914 aspicimus?
1337 857 1514 895 nonne
1540 841 1725 895 eadem
1754 854 1816 894 ex
1848 836 2118 890 creatione
2146 849 2268 903 per-

685 938 913 1008 cipimus
936 952 1055 1007 qua:
1077 936 1188 989 illi?
1222 949 1398 987 nonne
1427 932 1667 986 eamdem
1701 930 1928 983 animam
1970 924 2268 979 habemus?

688 1044 866 1082 nonne
892 1026 1029 1083 idem
1069 1039 1263 1094 corpus
1286 1020 1652 1092 possidemus?
1674 1033 1851 1073 nonne
1875 1016 2115 1071 eamdem
2158 1014 2267 1067 eal-

688 1134 873 1173 camus
911 1113 1197 1172 tellurem?
1222 1129 1328 1183 quo
1349 1112 1506 1168 modo
1537 1109 1869 1179 pulchritudo
1889 1117 1942 1161 et
1962 1106 2268 1175 magnitudo

687 1223 786 1263 nos
812 1209 997 1263 eadem
1023 1221 1144 1261 cum
1176 1205 1280 1259 illis
1311 1204 1509 1257 sentire
1545 1216 1649 1255 non
1676 1197 1974 1267 persuasit?
2008 1195 2115 1249 Nec
2148 1196 2268 1249 hinc

687 1313 818 1353 vero
843 1306 1047 1351 tantum
1097 1296 1199 1350 hoc
1229 1294 1398 1363 palam
1434 1293 1557 1357 erit,
1583 1290 1687 1359 sed,
1732 1299 1788 1344 et
1834 1288 2066 1357 aliunde.
2115 1282 2266 1355 Quod

684 1391 827 1445 enim
858 1404 963 1443 non
994 1396 1212 1457 propter
1236 1383 1696 1455 pulchritudinem
1722 1381 1893 1451 ipsum
1924 1393 2270 1433 consecrave-

685 1480 811 1545 rint,
836 1478 931 1533 sed
952 1477 1025 1532 ob
1051 1477 1314 1545 propriam
1358 1473 1654 1537 stultitiam,
1684 1470 1865 1524 dicant
1905 1469 2115 1524 simiam
2156 1481 2261 1535 qua

687 1570 756 1625 de
774 1584 931 1625 causa
962 1568 1335 1632 adoraverunt,
1359 1564 1706 1639 crocodilum,
1725 1575 1937 1625 canem,
1964 1558 2269 1613 animalium

685 1659 973 1713 vilissima?
1002 1658 1134 1712 Vere
1164 1655 1493 1710 Evanuerunt
1524 1657 1577 1709 in
1629 1651 2019 1722 cogitationibus
2056 1650 2191 1711 suis,
2221 1655 2269 1698 et

1435 375 1493 429 S.
1532 368 1805 427 JOANNIS
1841 321 2315 423 CHRYSQSTORH
2354 358 2670 416 ARClIlEP.
2713 356 3252 415 CONSTANTINOP.

3864 360 3974 441 tte

2377 471 2712 535 accidissent,
2744 470 2808 523 ad
2836 470 2962 541 quid
2995 469 3301 538 impietatis,
3332 466 3605 522 miraculis
3630 472 3964 549 conspectis,

2376 572 2501 616 tunc
2526 577 2629 617 non
2656 561 3251 631 processissent?Sicut
3294 560 3453 631 igitur
3499 561 3588 616 hic
3633 570 3848 632 propter
3888 563 3967 615 εἰς

2374 670 2601 724 gnorum
2632 652 3050 723 magnitudinem
3076 662 3130 707 et
3154 661 3398 707 naturam
3430 667 3616 708 eorum
3650 654 3704 707 in
3746 653 3965 707 infirmi-

2384 756 2489 801 tate
2520 761 2638 801 esse
2665 744 2927 815 permisit,
2954 753 3007 799 et
3030 745 3332 812 frequentes
3352 744 3600 813 permisit
3620 746 3961 808 tentationes,

2375 853 2443 891 ne
2475 845 2782 906 putarentur
2802 850 2920 891 esse
2944 837 3017 890 dii
3049 852 3063 888 :
3096 837 3171 889 sic
3191 845 3244 890 et
3273 837 3324 889 in
3345 844 3585 891 creatura
3607 837 3783 891 mundi
3802 838 3964 905 quid-

2373 928 2494 981 dam
2523 928 2605 982 his
2623 928 2797 982 simile
2828 926 2951 981 fecit
2972 943 2987 979 :
3009 928 3207 981 etenim
3248 926 3520 995 pulchram
3550 926 3719 996 ipsam
3752 937 3807 981 et
3851 943 3964 979 ma-

2373 1035 2528 1089 gnam
2561 1020 2683 1073 fecit
2710 1027 2798 1084 ,et
2842 1032 3053 1072 rursum
3098 1018 3499 1087 corruptibilem
3545 1020 3841 1073 constituit.
3899 1020 3966 1073 Et

2376 1111 2489 1164 lia-c
2516 1120 2737 1177 utraque
2764 1108 3055 1178 Scriptura:
3092 1108 3323 1162 docent:
3353 1107 3440 1162 hic
3469 1109 3682 1178 quidem
3707 1109 3963 1163 calorum

2376 1200 2819 1269 pulchritudinem
2874 1214 3118 1262 narrans,
3173 1199 3250 1253 sic
3298 1199 3469 1268 inquit
3514 1218 3529 1253 :
3571 1200 3694 1254 Certi
3720 1210 3965 1253 enarrant

2374 1292 2597 1362 gloriam
2626 1291 2723 1345 Dei
2751 1291 2922 1361 (Psal.
2945 1292 3031 1347 18.
3058 1294 3096 1348 ‘2
3125 1290 3179 1361 ):
3215 1301 3269 1346 et
3289 1306 3501 1346 rursum
3526 1309 3538 1345 :
3577 1291 3675 1359 Qui
3702 1293 3965 1345 constituit

2374 1382 2555 1437 calum
2577 1382 2710 1437 velut
2734 1399 3007 1449 cameram,
3050 1397 3097 1436 et
3122 1383 3343 1436 extendit
3371 1384 3537 1453 ipsum
3563 1385 3709 1453 quasi
3730 1385 3967 1438 taberna-

2371 1477 2540 1530 culum
2569 1476 2621 1528 in
2648 1485 2781 1529 terra
2810 1474 2858 1544 (1
2868 1477 2965 1530 sai.
2988 1475 3078 1531 40.
3109 1476 3204 1543 22)
3226 1493 3242 1540 ;
3266 1486 3319 1529 et
3348 1470 3559 1529 rursum
3586 1494 3599 1528 :
3622 1477 3722 1542 Qui
3742 1477 3965 1530 continet

2366 1567 2633 1622 circuitum
2656 1566 2769 1621 caeli
2790 1566 2976 1640 (Eccli.
2992 1568 3081 1622 45.
3109 1569 3223 1639 15).
3243 1569 3391 1621 Alter
3412 1582 3546 1622 vero
3560 1567 3962 1633 demonstrans,

2372 1661 2472 1717 etsi
2504 1660 2781 1729 pulchrum
2807 1668 2860 1713 et
2886 1674 3136 1729 magnum
3159 1702 3175 1725 ,
3201 1667 3383 1712 tamen
3425 1658 3770 1731 corrpptibile
3812 1673 3959 1725 esse,

688 1750 1059 1805 obtenebratum
1079 1759 1149 1803 est
1174 1748 1414 1816 insipiens
1442 1762 1529 1798 cor
1555 1760 1727 1798 eorum
1761 1759 1780 1798 :
1814 1742 2033 1794 dicentes
2060 1740 2191 1792 enim
2217 1754 2271 1792 se

2374 1754 2451 1808 sic
2470 1753 2674 1821 inquit:
2709 1750 2868 1805 Initio
2897 1761 2971 1816 tu,
3005 1750 3240 1813 Domine,
3266 1760 3452 1803 terram
3483 1749 3733 1820 fundasti,
3762 1759 3810 1803 et
3836 1767 3962 1817 ope-

687 1858 793 1895 esse
811 1845 1080 1909 sapientes,
1112 1838 1249 1892 stulti
1269 1837 1390 1907 facti
1427 1843 1544 1889 sunt
1587 1833 1759 1903 (Rom.
1797 1833 1848 1885 1.
1878 1831 1971 1885 Ἡ.
2013 1822 2127 1898 92).
2164 1830 2269 1884 Ve-

686 1916 983 1985 rumtamen
1015 1946 1118 1984 non
1149 1946 1213 1985 ex
1247 1928 1328 1981 his
1358 1936 1560 1980 tantum
1588 1924 2049 1995 respondebimus,
2075 1920 2168 1974 sed
2215 1927 2269 1972 et

687 2026 829 2079 aliud
855 2024 980 2092 quid
1012 2023 1240 2092 amplius
1261 2021 1515 2074 dicemus.

663 2126 671 2133 '
757 2116 808 2169 4.
852 2115 975 2168 ihcc
1019 2115 1159 2167 enim
1189 2113 1327 2165 Deus
1352 2110 1479 2165 olim
1513 2106 1842 2179 praevidens,
1876 2113 1932 2159 et
1958 2105 2093 2157 hanc
2139 2102 2271 2171 ipsis

687 2221 869 2260 ansam
889 2204 1180 2260 secundum
1203 2202 1512 2272 sapientiam
1535 2213 1683 2252 suam
1705 2196 1915 2251 sustulit
1942 2213 1957 2247 :
1990 2203 2267 2264 propterea

690 2314 793 2352 non
823 2306 1023 2351 tantum
1056 2295 1349 2349 mirabilem
1380 2302 1432 2347 et
1461 2306 1705 2360 magnum
1725 2290 1849 2344 fecit
1877 2286 2149 2347 mundum,
2172 2283 2265 2337 sed

687 2399 742 2443 ot
770 2387 1166 2455 corruptibilem
1198 2393 1252 2439 et
1295 2383 1739 2445 mareescibilem,
1760 2389 1814 2434 et
1836 2381 2001 2449 ipsius
2032 2376 2270 2430 imbecil—

692 2477 857 2531 litatis
908 2477 1102 2530 multas
1160 2474 1383 2528 inseruit
1420 2472 2008 2526 demonstrationes:et
2037 2466 2177 2538 quod
2215 2466 2267 2519 iu

692 2566 947 2635 apostolis
973 2564 1098 2619 fecit
1117 2604 1133 2626 ,
1164 2563 1263 2616 hoc
1288 2571 1341 2616 et
1365 2562 1416 2615 in
1445 2569 1556 2615 toto
1590 2559 1808 2614 mundo.
1849 2558 1984 2625 Quid
2009 2564 2187 2611 autem
2216 2555 2268 2608 in

688 2656 944 2725 apostolis
991 2652 1155 2708 fecit?
1204 2652 1464 2719 Quoniam
1512 2651 1658 2720 signa
1687 2649 1851 2703 multa
1888 2647 2184 2711 faciebant,
2215 2654 2270 2699 et

693 2746 942 2799 miracula
972 2760 1159 2814 magna
1186 2754 1239 2798 cl
1266 2742 1545 2805 mirabilia,
1593 2742 1737 2810 ipsos
1788 2748 1962 2793 tamen
1997 2753 2139 2807 Stare
2182 2736 2269 2792 iia-

693 2838 876 2909 gcilari
925 2837 1184 2907 permisit,
1230 2836 1373 2905 pelli,
1401 2848 1667 2888 carcerem
1722 2832 1959 2887 habitare
1986 2872 2000 2896 ,
2031 2832 2267 2898 corporis

697 2930 912 2984 morbos
940 2928 1117 2984 subire
1140 2968 1155 2993 ,
1189 2928 1240 2981 in
1266 2926 1532 2982 continuis
1554 2940 1673 2980 esse
1712 2922 2132 2978 tribulationibus
2156 2964 2169 2986 ,
2202 2936 2269 2975 ne

694 3022 963 3091 signorum
990 3016 1294 3088 magnitudo
1322 3016 1450 3071 deos
1481 3016 1623 3085 ipsos
1650 3014 1788 3082 apud
1824 3014 2066 3068 homines
2095 3011 2267 3081 putari

694 3112 922 3174 faceret;
964 3117 1261 3179 propterea,
1298 3117 1496 3162 tantam
1535 3106 1753 3175 largitus
1801 3106 2045 3174 gratiam,
2076 3117 2269 3171 corpus

693 3218 810 3258 esse
827 3202 1049 3258 mortale
1066 3200 1326 3271 permisit,
1339 3198 1519 3254 multis
1535 3214 1659 3254 vero
1677 3196 2113 3253 valetudinarium
2136 3210 2149 3257 ;
2170 3208 2269 3248 nec

695 3294 928 3362 ipsorum
954 3291 1313 3347 infirmitatem
1346 3289 1590 3355 mutavit,
1611 3298 1667 3342 ut
1690 3298 1932 3342 naturam
1959 3286 2267 3339 insinuaret.

691 3384 803 3440 Nec
830 3398 979 3439 meus
1019 3382 1104 3437 hic
1134 3397 1309 3436 sermo
1330 3423 1344 3446 ,
1374 3381 1469 3436 sed
1517 3380 1682 3451 ipsius
1712 3374 1858 3433 Pauli
1896 3378 1972 3433 sic
1997 3377 2220 3431 dicentis
2254 3393 2267 3429 :

694 3475 758 3531 Si
784 3474 917 3528 enim
944 3472 1152 3545 gloriari
1172 3471 1373 3525 uoluero
1398 3512 1413 3535 ,
1459 3486 1561 3524 non
1590 3486 1673 3526 cro
1695 3470 1969 3537 insipiens;
1995 3484 2147 3537 parco
2171 3484 2268 3520 au-

697 3577 813 3628 tent,
839 3580 902 3618 ne
933 3564 1044 3633 quis
1085 3564 1139 3615 in
1177 3577 1258 3615 me
1286 3570 1423 3631 putet
1452 3576 1608 3631 supra
1632 3560 1765 3629 quod
1792 3560 1943 3623 uidet,
1995 3558 2072 3612 vel
2124 3557 2267 3610 audit

698 3656 887 3727 aliquid
908 3672 969 3710 ea:
987 3672 1066 3709 me
1090 3654 1291 3724 (λαστ,
1316 3655 1401 3710 12.
1430 3654 1507 3724 6);
1528 3663 1583 3708 et
1611 3668 1818 3707 rursum
1843 3670 1856 3705 :
1884 3650 2141 3707 Habemus
2170 3666 2268 3702 au-

695 3761 793 3802 tem
820 3750 1107 3803 thesaurum
1129 3750 1261 3801 hunc
1286 3748 1339 3800 in
1359 3748 1488 3800 uasis
1510 3746 1745 3815 fictilibus
1767 3742 2109 3815 (2Cor.4.7).
2133 3743 2269 3812 Quid

694 3852 871 3896 autem
902 3849 1001 3907 est,
1036 3840 1102 3894 In
1125 3840 1257 3893 vasis
1282 3837 1557 3907 ﬁctilibus?
1583 3836 1639 3890 In
1663 3844 1890 3906 corpore
1918 3836 2039 3901 hoc,
2077 3836 2268 3903 inquit,

695 3933 907 3988 mortali
953 3942 1006 3985 et
1033 3931 1381 4000 corruptibili.
1428 3929 1576 3985 Sicut
1615 3929 1755 3984 enim
1786 3937 1920 3983 testa
1954 3942 2020 3981 ex
2066 3927 2178 3981 luto
2216 3935 2271 3981 ct

692 4024 814 4095 igne
842 4024 891 4079 fit
924 4023 1039 4078 :sic
1083 4023 1317 4093 profecto
1346 4030 1399 4076 et
1427 4035 1623 4090 corpus
1670 4029 1971 4076 sanetorum
2023 4019 2229 4073 illorum
2250 4060 2267 4085 ,

694 4134 814 4173 cum
838 4117 908 4171 sit
934 4118 1132 4171 luteum
1156 4124 1212 4171 et
1230 4113 1677 4186 spiritualisignis
1702 4113 1990 4168 efficaciam
2022 4127 2272 4181 suscepe-

693 4209 781 4273 rit,
815 4216 948 4262 testa
979 4206 1172 4261 factum
1203 4214 1305 4261 est.
1335 4206 1400 4260 Et
1418 4220 1521 4275 qua
1542 4206 1609 4259 de
1634 4220 1790 4259 causa
1815 4205 1914 4258 hoc
1940 4202 2136 4257 factum
2164 4212 2265 4267 est,

693 4308 751 4354 et
774 4297 1078 4353 thesaurum
1101 4298 1297 4363 talem,
1335 4306 1389 4349 et
1427 4297 1714 4365 gratiarum
1743 4297 1948 4364 copiam
1978 4294 2187 4348 mortali
2216 4301 2271 4349 et

690 4389 1018 4459 Corruptibili
1051 4384 1227 4443 intulit
1250 4388 1499 4457 corpori?
1542 4386 1606 4441 Ut
1650 4385 2113 4455 superabundantia
2166 4385 2270 4438 uir-

692 4475 811 4527 tutis
831 4475 896 4528 sit
920 4490 951 4525 a
972 4472 1101 4539 Deo,
1121 4481 1166 4525 et
1193 4488 1293 4525 non
1319 4488 1351 4523 a
1379 4471 1519 4524 nobis
1542 4468 1750 4542 (Ibid).
1766 4468 1897 4524 Cum
1914 4469 2055 4523 enim
2073 4467 2271 4523 videris

692 4565 961 4633 apostolos
1010 4572 1248 4618 mortuos
1289 4561 1499 4633 quidem
1553 4565 1905 4627 suscitantes,
1955 4560 2099 4632 ipsos
2144 4577 2272 4617 vero

690 4664 1033 4723 aegrotantes,
1066 4669 1165 4710 nec
1189 4654 1497 4708 infirmitate
1525 4668 1583 4708 se
1613 4654 1837 4710 liberare
1858 4653 2126 4716 valentes,
2160 4668 2272 4706 ma-

691 4748 885 4804 nifeste
928 4748 1066 4804 scies
1086 4790 1102 4814 ,
1150 4748 1348 4803 mortui
1391 4747 1833 4802 resurrectionem
1859 4762 1964 4801 non
1995 4762 2059 4802 ex
2079 4747 2271 4800 virtute

689 4838 1012 4905 suscitaulis,
1040 4838 1133 4893 sed
1161 4838 1388 4908 Spiritus
1408 4837 1717 4906 operatione
1738 4838 1929 4893 factam
1949 4852 2088 4893 esse.
2118 4836 2270 4903 Quod

689 4930 831 4984 enim
862 4928 1166 4998 frequenter
1193 4936 1546 5000 a'grotareut,
1576 4928 1695 4982 audi
1731 4927 1855 4997 quid
1893 4928 1961 4983 de
1990 4928 2269 4982 Timotheo

687 5020 829 5074 dicat
845 5019 1135 5091 Apostolus
1156 5036 1169 5072 :
1211 5018 1337 5074 Vino
1360 5020 1555 5073 modico
1576 5030 1715 5072 utere
1731 5028 1936 5089 propter
1955 5020 2267 5073 stomachum

683 5123 731 5167 et
756 5117 1035 5184 frequentes
1060 5114 1376 5182 inﬁrmitates
1402 5121 1514 5166 tuas
1534 5112 1606 5183 (1.
1633 5110 1767 5166 Tim.
1789 5109 1939 5181 5.25)
1961 5128 1975 5177 ;
1994 5120 2048 5165 et
2060 5127 2267 5166 rursum

690 5205 756 5258 de
778 5205 918 5258 alio:
956 5203 1283 5272 Tropltimum
1323 5214 1490 5256 autem
1510 5202 1692 5274 reliqui
1723 5202 1886 5257 Mileti
1907 5204 2164 5271 inﬁrmum
2189 5204 2264 5273 t2.

694 5295 828 5348 Tim.
890 5298 939 5349 ι.
975 5295 1091 5363 20).
1144 5295 1208 5347 Et
1248 5295 1673 5365 Pliilippeusibus
1726 5295 1966 5348 scribens
2011 5295 2267 5349 dicebat:

687 5387 1067 5456 Epaphroditus
1098 5390 1112 5420 ¹
1142 5389 1397 5457 tegrolavit
1425 5405 1579 5458 prope
1603 5398 1810 5441 mortem
1833 5386 2266 5459 (Pliilipp.2.27).

688 5480 743 5531 Si
774 5479 916 5532 enim
948 5489 1000 5533 et
1026 5496 1145 5533 cum
1179 5480 1291 5534 inec
1319 5492 1520 5545 essent,
1544 5481 1686 5549 ipsos
1708 5480 1833 5534 deos
1854 5496 1973 5534 esse
1992 5480 2263 5548 putabant,

688 5582 741 5627 et
768 5571 1063 5625 sacriﬁcare
1092 5574 1369 5641 parabant,
1390 5572 1629 5626 dicentes
1662 5589 1674 5624 :
1708 5570 1795 5625 Dii
1822 5573 2008 5626 similes
2031 5574 2152 5644 facti
2172 5571 2265 5626 lto-

688 5663 903 5720 minibus
923 5664 1284 5719 descenderunt
1308 5665 1375 5717 ad
1400 5681 1491 5719 nos
1515 5664 1649 5736 (Act.
1681 5665 1766 5718 14.
1801 5664 1913 5733 10).
1945 5665 1991 5719 si
2018 5665 2135 5721 hmo
2161 5681 2264 5721 non

751 5760 768 5787 ³
802 5757 875 5805 sic
896 5754 1034 5804 savii.
1056 5761 1109 5805 et
1130 5754 1295 5806 Morel.
1317 5757 1535 5816 Quinque
1558 5763 1687 5817 Mss,
1714 5755 1983 5820 Epaphras.

2372 1860 2431 1897 ra
2459 1859 2701 1896 manuum
2745 1852 2945 1895 tuarum
2985 1852 3103 1895 sunt
3128 1842 3238 1895 cali
3261 1858 3279 1895 :
3299 1842 3678 1912 ipsi‘peribunt,
3703 1852 3758 1894 tu
3791 1852 3963 1895 autem

2372 1952 2655 2007 perntanes,
2696 1944 2741 1988 et
2781 1950 2951 1988 omnes
2975 1934 3111 1987 sicut
3145 1932 3493 1987 vestimentum
3546 1942 3850 1987 ueterascent
3874 1949 3895 1995 ;
3916 1944 3963 1987 et

2364 2027 2500 2080 sicut
2525 2026 2829 2094 opertorium
2857 2024 3075 2078 mutabit
3099 2016 3219 2090 eos,
3272 2034 3320 2079 et
3368 2024 3714 2078 mutabuntur
3748 2019 3765 2084 (
3792 2015 3923 2071 Psal
3939 2053 3954 2067 .

2374 2118 2494 2173 101.
2524 2117 2614 2171 26.
2637 2116 2751 2188 2'1).
2779 2117 2844 2170 Et.
2874 2116 3066 2170 iterum
3100 2115 3167 2169 de
3210 2114 3323 2169 sole
3364 2115 3536 2184 inquit
3574 2114 3713 2167 idem
3750 2112 3953 2166 David:

2375 2208 2651 2279 Tamquam
2677 2224 2891 2275 sponsus
2924 2207 3198 2277 procedens
3233 2206 3296 2258 de
3348 2207 3571 2259 thalamo
3621 2221 3713 2258 suo
3745 2220 3763 2257 :
3787 2204 3963 2257 mul-

2372 2301 2495 2353 tavit
2514 2311 2574 2353 ut
2594 2300 2738 2371 gigas
2756 2300 2823 2352 ad
2844 2298 3143 2352 currendum
3162 2298 3294 2350 uiam
3315 2295 3487 2365 (Psal.
3514 2298 3601 2351 18.
3635 2294 3710 2367 6).
3743 2295 3959 2361 Vidisti,

2372 2390 2640 2458 quomodo
2663 2390 2854 2443 sideris
2895 2388 3345 2457 pulchritudinem
3370 2387 3525 2441 simul
3552 2395 3605 2441 et
3636 2384 3963 2455 magnitudi-

2377 2496 2497 2553 nem
2522 2480 2614 2535 tibi
2636 2490 2761 2534 ante
2782 2482 2968 2535 oculos
3008 2479 3222 2549 posuit?
3266 2478 3416 2532 Sicut
3443 2479 3585 2532 enim
3616 2493 3681 2532 ex
3725 2478 3967 2531 thalamo

2373 2571 2601 2642 quodam
2625 2585 2855 2641 sponsus
2874 2584 3157 2638 apparens,
3180 2569 3258 2621 sic
3290 2577 3342 2622 et
3364 2568 3443 2621 sol
3472 2568 3571 2622 sub
3598 2582 3847 2622 auroram
3868 2582 3963 2620 ra-

2373 2664 2489 2719 dios
2516 2664 2699 2727 mittit,
2738 2672 2792 2717 et
2823 2672 3090 2730 tamquam
3128 2658 3356 2730 quodam
3410 2673 3603 2737 croceo
3633 2658 3752 2712 velo
3771 2658 3960 2713 coelum

2373 2769 2568 2811 ornans
2591 2796 2605 2820 ,
2637 2764 2693 2809 et
2725 2768 2911 2808 roseas
2940 2753 3139 2806 faciens
3164 2751 3351 2815 nubes,
3382 2759 3437 2805 et
3459 2752 3579 2805 sine
3606 2748 3810 2804 otl'ensa
3840 2763 3963 2803 cur-

2374 2862 2500 2902 rens
2530 2855 2696 2901 totum
2721 2844 2884 2906 diem,
2907 2844 3049 2897 nullo
3070 2858 3281 2897 cursum
3299 2841 3579 2896 obstaculo
3600 2840 3958 2908 interrumpit.

2375 2937 2565 2991 Vidisti
2588 2937 2744 3008 igitur
2771 2935 2938 3003 ipsius
2958 2932 3451 3005 pulchritudinem?
3478 2931 3656 2986 vidisti
3691 2930 3963 3001 magnitu-

2374 3030 2592 3087 dinem?
2630 3031 2749 3084 vide
2778 3038 2833 3083 et
2860 3028 3235 3083 imbecillitatis
3265 3026 3383 3095 ejus
3424 3024 3959 3085 demonstrationem.

2374 3124 2582 3178 Etenim
2604 3130 2657 3177 et
2682 3122 2781 3176 hoc
2806 3122 3181 3175 demonstrans
3214 3119 3431 3188 sapiens
3454 3117 3674 3188 quidam
3691 3116 3907 3171 dicebat
3943 3132 3960 3169 :

2378 3215 2513 3283 Quid
2537 3213 2758 3269 lucidius
2786 3213 2998 3266 sole?et
3018 3211 3108 3264 hic
3120 3210 3287 3279 deﬁcit
3315 3209 3502 3279 ('Eccli.
3544 3209 3630 3262 17.
3692 3205 3811 3277 50).
3847 3204 3959 3260 Nec

2376 3322 2441 3361 ex
2467 3307 2571 3360 hoc
2615 3314 2821 3357 tantum
2869 3303 3035 3371 ipsius
3080 3299 3505 3356 imbecillitatem
3553 3284 3736 3353 videre
3778 3296 3960 3361 datur,

2376 3398 2471 3453 sed
2497 3397 2654 3451 etiam
2680 3394 2733 3449 in
2756 3394 2975 3449 nubium
2999 3392 3367 3448 concursibus.
3408 3390 3558 3446 Nube
3589 3390 3746 3459 igitur
3763 3387 3964 3457 saepius
4000 3442 4011 3449 ,

2376 3488 2561 3544 subtus
2576 3486 3027 3551 currente,radios
3049 3484 3421 3550 immitteus,et
3443 3483 3639 3537 nubem
3657 3479 3965 3535 discindere

2375 3594 2621 3646 conatus,
2651 3597 2756 3635 non
2783 3577 3078 3649 praevaluit,
3100 3592 3219 3632 cum
3241 3585 3381 3631 esset
3404 3575 3575 3631 nubes
3589 3573 3840 3638 crassior,
3861 3587 3965 3627 nec

2376 3674 2477 3745 ipsi
2506 3673 2699 3729 cedere
2726 3672 2905 3727 vellet.
2945 3669 3054 3725 Sed
3081 3669 3307 3735 semina,
3337 3669 3539 3738 inquit,
3572 3667 3739 3721 nutrit
3770 3685 3783 3723 :
3811 3666 3959 3737 atqui

2376 3766 2617 3834 nonjpse
2635 3764 2802 3818 nutrit
2824 3762 2993 3828 solus,
3019 3761 3114 3817 sed
3134 3770 3191 3816 et
3209 3770 3365 3815 terra:
3394 3752 3594 3830 itidiget
3640 3774 3702 3814 ac
3728 3760 3882 3824 roris,
3908 3770 3970 3815 et

2377 3857 2671 3927 pluviarum
2693 3864 2854 3926 atque
2881 3863 3184 3917 ventorum,
3216 3861 3269 3906 et
3284 3852 3440 3907 bona:
3471 3860 3844 3921 tempestatum
3867 3865 3974 3905 an-

2378 3950 2429 4003 ui
2457 3947 2875 4012 distributionis;
2900 3947 3002 4001 nisi
3029 3944 3144 4000 haec
3170 3944 3345 3999 omnia
3360 3944 3745 4010 concurrerint,
3768 3956 3967 4014 super-

2379 4040 2522 4096 lluus
2555 4040 2613 4095 lit
2637 4040 2768 4095 solis
2797 4054 2946 4094 usus.

2447 4131 2545 4185 Dei
2566 4130 2727 4185 solius
2757 4131 3016 4201 proprium
3058 4146 3159 4183 non
3195 4129 3439 4199 indigere.
3466 4158 3537 4169 —
3562 4128 3676 4183 Hoc
3701 4144 3829 4183 vero
3860 4127 3959 4183 Dei

2378 4240 2481 4277 non
2510 4232 2609 4287 est,
2637 4221 2703 4276 ad
2746 4236 2807 4275 ea
2834 4220 3071 4275 facienda
3100 4235 3217 4290 qua:
3245 4221 3379 4281 vult,
3409 4219 3527 4273 aliis
3565 4219 3838 4289 indigere:
3867 4218 3963 4272 Dei

2376 4316 2517 4370 enim
2548 4314 2780 4369 maxime
2809 4312 3100 4383 proprium,
3125 4326 3229 4365 non
3254 4311 3507 4380 indigere.
3542 4308 3659 4379 ipse
3683 4311 3825 4363 enim
3855 4324 3968 4363 non

2378 4409 2455 4463 sic
2492 4422 2523 4462 e
2576 4416 2718 4461 terra
2766 4406 2969 4460 semina
3018 4404 3255 4475 protulit.
3306 4402 3397 4457 sed
3450 4411 3653 4456 tantum
3688 4402 3866 4472 jussit,
3908 4412 3971 4457 et

2379 4502 2560 4556 Omnia
2586 4500 3036 4570 germinaverunt.
3069 4497 3132 4552 Et
3157 4512 3368 4551 rursum
3397 4505 3453 4550 ut
3476 4496 3673 4560 discas,
3714 4512 3818 4551 non
3852 4498 3969 4552 ele-

2378 4600 2674 4647 mentorum
2703 4579 2974 4654 naturam,
3001 4588 3093 4643 sed
3140 4587 3306 4657 ipsius
3342 4585 3650 4641 mandatum
3676 4587 3851 4641 omnia
3883 4587 3963 4639 fa-

2376 4700 2520 4751 cere,
2558 4684 2776 4753 ipsaque
2805 4681 3093 4746 elementa,
3132 4694 3250 4749 quae
3291 4694 3407 4733 non.
3437 4687 3612 4743 erant,
3640 4676 3962 4747 producere;

2377 4775 2578 4831 Jutlzris
2624 4775 2824 4829 nullius
2858 4788 2960 4842 ope
2991 4787 3184 4826 manna
3219 4772 3470 4827 demisit:
3505 4770 3725 4835 Panem,
3770 4770 3963 4841 inquit,

2376 4870 2487 4922 ειειὶ
2529 4868 2667 4921 dedit
2706 4868 2778 4919 eis
2823 4865 2990 4934 (Psal.
3022 4864 3109 4918 77.
3136 4862 3253 4934 24).
3302 4863 3367 4917 Et
3395 4863 3520 4933 quid
3550 4863 3670 4939 dico
3693 4861 3863 4917 solem
3895 4863 3963 4917 ad

2377 4960 2641 5014 fructuum
2671 4955 3539 5025 vegetatiouemmutationemque
3578 4952 3698 5008 aliis
3723 4952 3966 5024 indigere

2376 5050 2676 5109 elementis,
2699 5064 2817 5102 cum
2842 5056 2897 5103 et
2924 5047 3105 5101 multis
3130 5046 3196 5100 ad
3216 5046 3297 5100 sui
3322 5046 3753 5101 constitutionem
3785 5055 3961 5116 egeat,

2378 5158 2475 5197 nec
2499 5142 2615 5212 ipse
2642 5140 2743 5194 sibi
2772 5137 3019 5193 sufficere
3045 5136 3284 5207 possit“?
3313 5137 3518 5207 Quippe
3544 5147 3602 5191 ut
3621 5136 3965 5201 vadat,.cmlo

2376 5234 2599 5305 indiget;
2626 5241 2873 5303 tanquam
2900 5230 3203 5299 pavimento
3228 5229 3456 5299 quodam
3485 5229 3761 5297 supposito
3785 5245 3799 5282 :
3827 5236 3879 5281 et
3906 5236 3962 5281 ut

2375 5329 2569 5393 luceat,
2596 5327 2735 5380 aeris
2756 5327 2981 5395 puritate
3009 5334 3065 5379 et
3094 5324 3367 5378 tenuitate.
3396 5322 3547 5389 Quod
3575 5323 3619 5376 si
3658 5321 3744 5375 hic
3772 5328 3964 5389 ιιι-αξιοι·

2378 5419 2592 5472 modum
2620 5417 2895 5480 densetur,
2918 5417 3007 5469 ille
3033 5416 3207 5470 lucent
3241 5430 3393 5469 suam
3419 5414 3703 5468 ostendere
3735 5429 3837 5466 non
3869 5426 3961 5481 po-

2440 5573 2457 5603 ί
2493 5572 2575 5619 Hic
2600 5571 2757 5619 secuti
2793 5582 2962 5619 sumus
2988 5569 3227 5618 Savilium.
3254 5566 3572 5629 Apudrtttorel.
3600 5573 3653 5614 et
3688 5561 3961 5629 Montcfalc.

2374 5634 2443 5681 sic
2464 5632 2616 5682 habet
2638 5633 2716 5681 hic
2761 5630 2897 5681 locus
2918 5630 3200 5680 mutilatus:
3228 5625 3432 5690 Et'quid
3475 5628 3584 5690 dico
3623 5627 3748 5690 quod
3773 5625 3837 5674 (ul
3857 5627 3962 5690 [ru-

2375 5700 2541 5766 ctuurn
2560 5693 2896 5766 vegetatianem
2933 5690 3042 5766 aliis
3080 5692 3263 5766 indiget
3285 5688 3528 5766 clamantis
3552 5688 3580 5740 1’
3612 5689 3680 5738 ad
3712 5688 3963 5753 proprith

2378 5752 2753 5808 constitutionem
2769 5768 2862 5805 non
2885 5752 3120 5819 sttﬂiceret
3143 5752 3243 5818 ip'Se
3265 5752 3376 5803 sibi.
