4232 6320
490 370 587 427 H7

485 489 585 546 καὶ
622 490 709 545 ῖνα
744 488 819 561 μὴ
850 490 1016 545 πᾶσιν
1044 488 1317 562 ἀφόρητος
1333 474 1403 565 ᾗ.
1437 491 1574 563 μηδὲ
1599 492 1922 565 κατακαύσῃ
1963 491 2168 553 πάντα,

483 578 825 651 ψυχρότητος
851 577 1025 634 δεῖται
1052 577 1215 633 πάλιν
1248 580 1346 632 καὶ
1387 578 1780 651 δρόσου.⁶οταν
1810 576 1904 635 οὖν
1932 579 2029 635 καὶ
2065 594 2163 632 1:5-

486 654 759 737 ριγίνηται
784 665 951 721 αὑτοῦ
968 668 1215 737 ,στοιχεῖα
1232 665 1418 739 ἐτερα,
1444 668 1541 722 καὶ
1561 669 1660 741 τὴν
1680 667 1967 723 ἀσθένειαν
1992 665 2160 720 αὑτοῦ

483 751 767 824 ϐιορθῶται
801 753 1181 826 (περιγίνεται
1218 754 1318 825 μὲν
1348 754 1425 820 ὡς
1452 756 1673 827 νεφέλαι
1716 755 1813 810 καὶ
1846 758 2037 826 τοῖχοι,
2069 752 2165 808 καὶ

482 836 621 893 ἄλλα
648 838 771 895 τινά
803 840 1027 912 σώματα
1049 840 1476 913 ἀποκρύπτοντα
1515 841 1682 899 αὑτοῦ
1714 843 1777 897 τδ
1820 841 1938 913 φῶς
1958 858 1971 871 ·
2022 840 2159 913 διορν

481 923 672 980 θοῦται
694 927 754 981 66
779 925 942 982 αὐτοῦ
970 926 1070 999 τὴν
1098 928 1368 999 ἀμετρίαν
1394 929 1473 1001 ὡς
1499 931 1701 993 δρόσοι,
1726 928 1823 983 καὶ
1852 928 2049 1001 πηγαὶ,
2068 928 2164 981 καὶ

479 1012 761 1087 ψυχρότης
784 1014 991 1087 ἀέρος),
1018 998 1137 1077 πῶς
1161 1013 1229 1068 ἀν
1249 998 1413 1079 οὗτος
1448 998 1535 1086 ἐτη
1554 1011 1724 1084 Θεός;
1760 1015 1863 1071 Τὸν
1890 998 2000 1088 γὰρ
2028 1014 2163 1071 Θεὸν

481 1100 708 1172 ἁνενδεῆ
733 1098 871 1156 εἶναι
900 1102 1028 1175 χρὴ,
1051 1102 1147 1155 καὶ
1171 1102 1402 1173 μηδενὸς
1424 1102 1654 1168 δεῖσθαι,
1676 1104 1772 1158 καὶ
1799 1105 1966 1158 πᾶσιν
1987 1104 2165 1158 ἀπάν-

480 1202 589 1241 των
614 1186 787 1241 αἴτιον
814 1184 950 1242 εἰναι
978 1188 1089 1243 τῶν
1118 1189 1321 1254 καλῶν,
1353 1189 1450 1244 καὶ
1489 1190 1641 1263 παρά
1681 1190 1908 1262 μηδενὸς
1952 1191 2163 1245 κωλύε-

483 1274 608 1329 σθαι
630 1292 646 1308 ο
677 1275 927 1347 καθάπερ
974 1271 1067 1331 οὖν
1112 1278 1207 1332 καὶ
1246 1279 1376 1350 περὶ
1416 1276 1512 1331 τοῦ
1536 1276 1673 1332 Θεοῦ
1699 1295 1865 1351 φησιν
1894 1282 1923 1333 6
1950 1278 2165 1344 Παῦλος

479 1362 575 1417 καὶ
599 1364 629 1417 6
658 1364 947 1436 προφήτης
985 1365 1235 1429 Ἡσαΐας,
1262 1365 1293 1418 6
1338 1364 1439 1435 μέν
1487 1364 1632 1435 οῦτω
1674 1364 1851 1436 λέγων
1886 1368 1953 1421 ἐκ
1993 1384 2162 1440 προσ-

478 1449 632 1503 ώπου
666 1449 853 1504 αὐτοῦ’
898 1451 1009 1506 Τὸν
1036 1452 1301 1519 οὐρανὸν
1329 1452 1430 1506 καί
1460 1451 1576 1521 τὴν
1614 1451 1735 1523 γῆν
1773 1454 1889 1523 ἐγὼ
1930 1454 2163 1523 πληρῶν

478 1536 644 1607 λέγει
676 1539 923 1607 Κύριος·
961 1538 1057 1593 καὶ
1090 1539 1271 1593 πάλιν
1310 1539 1460 1607 Θεὸς
1486 1540 1731 1611 ἐτηοίζων
1753 1540 1869 1610 ἐγώ
1892 1544 2028 1611 εἰμι,
2064 1542 2164 1596 καί

477 1625 553 1678 οὺ
602 1625 748 1692 Θεὸς
781 1626 1114 1697 πόρρωθεν·
1153 1628 1248 1680 καὶ
1286 1626 1449 1682 πάλιν
1469 1630 1503 1682 6
1535 1628 1718 1681 66616
1755 1625 1915 1683 Εϊπα
1941 1627 2023 1694 τῷ
2046 1633 2168 1684 Κυ-

473 1710 603 1779 ρίῳ·
624 1713 841 1781 Κύριός
854 1731 975 1781 μου
996 1709 1058 1767 εἷ
1072 1713 1174 1779 σὺ,
1199 1714 1287 1769 ὅτι
1315 1714 1432 1770 τῶν
1453 1714 1693 1787 ἀγαθῶν
1714 1733 1833 1785 μου
1855 1718 1929 1770 οὐ
1952 1718 2168 1785 χρείαν

476 1798 657 1868 ἔχεις.
677 1801 817 1861 Ὀλδέ
845 1800 1057 1867 Παῦλος
1086 1804 1147 1856 τὺ
1178 1804 1427 1868 ἀνενδεές
1473 1804 1640 1858 αὑτοῦ
1685 1804 1887 1875 δηλῶν,
1917 1798 2014 1860 καὶ
2055 1805 2165 1860 δει-

476 1888 610 1950 κνὺς
628 1888 710 1963 ὅτι
740 1889 1027 1961 ἀμφότερα
1048 1890 1226 1945 ταῦτα
1254 1891 1491 1963 μάλιστά
1516 1894 1632 1947 ἐστι
1661 1892 1819 1956 Θεοῦ,
1843 1893 1904 1946 τὸ
1933 1893 2165 1964 μηδενὸς

474 1972 705 2039 δεῖσθαι,
734 1978 831 2030 καλ⁸
876 1981 1042 2033 πᾶσιν
1090 1979 1253 2033 αύτδν
1288 1980 1507 2034 ἅπαντα
1547 1984 1828 2052 χορηγεῖν,
1852 1980 1998 2034 οῦτω
2045 1980 2163 2046 πῶς

474 2078 643 2131 φησιν
663 2078 677 2093 ·
721 2064 775 2116 '0
807 2065 953 2130 Θεὸς
982 2068 1017 2119 ὁ
1047 2065 1310 2133 ποιήσας
1335 2068 1446 2121 τὸν
1476 2069 1742 2136 οὐρανὸν
1771 2068 1870 2122 καί
1900 2068 2014 2137 τὴν
2043 2068 2165 2138 m'r

475 2148 573 2203 καὶ
607 2148 723 2218 τὴν
751 2149 1097 2217 θάλασσαν,
1141 2154 1214 2207 οὐ
1258 2153 1705 2224 προσδεόμενός
1743 2172 1902 2222 τινος
1954 2155 2161 2222 αὐτὸς,

474 2235 683 2304 διδοὺς
709 2237 861 2293 πᾶσι
894 2238 1176 2315 ζωὴνίκαί
1204 2240 1425 2308 πνοὴν,
1456 2243 1553 2295 καί
1584 2242 1657 2297 τὰ
1679 2241 1895 2298 πάντα.

546 2331 609 2379 ε’.
646 2326 803 2397 Ἐνῆν
827 2326 926 2397 μὲν
943 2325 1037 2381 οὖν
1054 2314 1149 2381 καὶ
1174 2328 1243 2382 τά
1280 2328 1448 2383 λοιπά
1492 2331 1735 2403 στοιχεῖα
1776 2330 2047 2393 ἐπελθεῖν,
2069 2332 2161 2385 τὸν

474 2410 731 2483 οὖρανδν,
776 2412 867 2467 τὸν
900 2414 1062 2485 ἀέρα,
1107 2416 1207 2486 τὴν
1232 2416 1358 2485 γῆν,
1391 2416 1491 2487 τὴν
1517 2417 1809 2481 θάλατταν,
1854 2418 1949 2471 καὶ
1988 2418 2161 2484 δεῖξαι

473 2498 654 2553 αὐτῶν
691 2499 790 2571 τὴν
818 2500 1124 2564 ἀσθένειαν,
1160 2504 1256 2556 καὶ
1282 2503 1399 2567 πῶς
1417 2503 1649 2557 ἕκαστον
1673 2504 1769 2557 τοῦ
1806 2503 2032 2575 πλησίον
2054 2505 2163 2559 δεῖ-

472 2591 586 2653 ται,
622 2588 716 2641 καὶ
741 2587 935 2641 τούτου
964 2591 1133 2661 χωρὶς
1160 2589 1461 2644 ἀπόλλυται
1496 2592 1591 2643 καὶ
1623 2591 2013 2663 διαφθείρεται.
2048 2592 2160 2645 Καὶ

472 2675 580 2746 γάρ
621 2676 715 2729 καὶ
744 2677 778 2747 ὴ
815 2676 910 2747 γῆ.
943 2676 1038 2730 ἐὰν
1074 2677 1415 2731 ἀπολίπωσιν
1447 2679 1617 2751 αὐτὴν
1650 2682 1705 2733 αἰ
1758 2681 1933 2751 πηγαὶ
1980 2680 2077 2734 καὶ
2122 2682 2156 2752 ἡ

472 2762 626 2833 παρά
655 2764 755 2833 τῆς
780 2763 1051 2838 θαλάττης
1082 2765 1312 2818 καὶ-τῶν
1345 2766 1608 2836 ποταμῶν
1636 2768 2033 2840 ἐνσπειρομένη
2076 2785 2163 2823 νο-

472 2850 578 2915 τὶς,
607 2855 1021 2923 καταφρυγεῖσα
1042 2854 1251 2923 ταχέως
1284 2852 1610 2908 ἀπόλλυται·
1651 2856 1747 2909 καὶ
1795 2857 1863 2910 τά
1906 2856 2072 2911 10:1:6
2103 2857 2161 2912 δέ

476 2940 717 3009 στοιχεῖα
763 2939 939 2992 ἀλλων
990 2940 1229 3009 δεῖταιι,
1262 2944 1358 2996 καὶ
1403 2942 1513 3015 ἀὴρ
1550 2943 1726 3016 ἡλίου,
1775 2943 1968 3017 ῶσπερ
2008 2946 2161 3017 ἠλιος

474 3026 637 3098 ἀέρος
658 3045 673 3059 ο
702 3027 819 3081 ἀλλ’
869 3028 957 3082 ἵνα
1001 3029 1091 3101 μὴ¹
1124 3031 1464 3103 μακρότερον
1496 3033 1739 3105 ποιῶμεν
1763 3035 1856 3089 τὸν
1887 3036 2062 3104 λόγον,
2097 3039 2162 3091 ἐκ

472 3114 583 3168 τῶν
610 3115 915 3187 εἰρημένων
954 3118 1144 3182 ἰκανάς
1172 3122 1285 3183 τοῖς
1318 3120 1665 3193 βουλομένοις
1696 3122 1953 3195 ἀφορμάς
1979 3124 2162 3189 δόντες

476 3203 957 3275 ἀρκεσθησόμεθα.
982 3207 1045 3258 Εἰ
1070 3208 1178 3278 γὰρ
1206 3209 1235 3261 6
1266 3208 1448 3280 πάσης
1473 3210 1576 3279 τῆς
1599 3211 1831 3276 κτίσεως
1851 3212 2162 3284 θαυμαστό-

474 3308 633 3361 τερος
658 3292 812 3361 ἥλιος
840 3292 1014 3357 οὕτως
1040 3294 1276 3366 ἀσθενὴς
1314 3294 1389 3349 ὢν
1418 3298 1514 3350 καὶ
1544 3298 1728 3369 ἐνδεὴς
1758 3297 1936 3371 ῶφθη,
1981 3300 2161 3371 πολλῷ

479 3378 678 3447 μᾶλλον
710 3379 780 3433 τά
808 3380 971 3435 λοιπά
1002 3382 1097 3435 τοῦ
1131 3383 1338 3453 κόσμου
1373 3385 1513 3457 μέρη
1533 3401 1545 3414 ⁸
1578 3386 1715 3457 ὅπερ
1749 3381 1842 3439 οὖν
1869 3384 2023 3440 εἷπον
2047 3392 2162 3453 τοῖς

476 3466 787 3533 φιλοπόνως
820 3471 1001 3523 ἐκεῖνα
1051 3470 1176 3534 δοὺς
1222 3472 1652 3541 ἀναλέγεσθαιδ,
1694 3476 1855 3539 αὐτὸς
1896 3476 2005 3528 61:6
2052 3474 2161 3530 τῶν

477 3553 709 3624 Γραφῶν
736 3556 865 3626 ὑμῖν
902 3557 1217 3628 διαλέξομαι
1250 3559 1433 3623 πάλιν,
1466 3561 1681 3625 δεικνὺς
1704 3563 1783 3615 ὅτι
1816 3564 1912 3634 οὐχ
1944 3566 1971 3616 6
2009 3564 2160 3634 ἥλιος

480 3641 659 3710 μόνος,
692 3643 831 3696 ἀλλά
880 3646 975 3697 καὶ
1025 3645 1169 3709 ἀπας
1212 3646 1451 3719 φθαρτός
1482 3650 1629 3702 ἐστιν
1670 3642 1825 3713 οὗτος
1863 3652 1891 3704 6
1932 3652 2156 3722 κόσμος.

479 3728 651 3783 Ὅταν
679 3730 789 3801 769
812 3732 1058 3800 ἀλλήλων
1086 3733 1397 3788 ἀναλωτικά
1421 3736 1492 3790 τά
1517 3740 1756 3807 στοιχεῖα
1787 3733 1843 3810 ᾖ,
1872 3740 1966 3793 καὶ
1994 3741 2158 3795 κολά-

480 3814 548 3887 ζῃ
601 3817 699 3885 μὲν
740 3816 832 3869 τοῦ
885 3817 1040 3889 ἡλίου
1085 3821 1185 3891 τὴν
1234 3820 1460 3891 δύναμιν
1490 3823 1764 3902 ψυχρότης
1804 3829 2157 3901 ἐπιγινομένη

480 3902 664 3967 πλέον,
692 3904 959 3977 ἀναλίσκῃ
990 3906 1046 3959 δὲ
1079 3908 1284 3978 ταύτην
1325 3909 1388 3961 τὸ
1421 3909 1621 3981 θερμὸν
1656 3912 1816 3965 πάλιν
1860 3916 2160 3987 ἐπικρατῆ-

481 4007 601 4056 σαν,
640 3992 736 4045 καὶ
784 3992 885 4056 τὰς
921 3995 1167 4059 ἐναντίας
1213 3996 1503 4067 ποιότητας
1542 4016 1601 4051 τε
1650 4002 1744 4055 καὶ
1790 4001 2060 4068 διαθέσεις
2100 4007 2159 4059 ἐν

480 4077 731 4148 ἀλλήλοις
759 4083 882 4152 ποιῇ
915 4082 1008 4134 καὶ
1036 4082 1218 4154 πάσχῃ
1251 4082 1323 4136 τὰ
1356 4088 1613 4155 στοιχεῖα,
1638 4086 1856 4157 εὔδηλον
1877 4092 1957 4144 ὅτι
1990 4094 2158 4161 μεγά-

480 4163 576 4235 λης
607 4168 812 4238 φθορᾶς
838 4169 1014 4222 ταῦτα
1044 4171 1339 4236 ἀπόδειξις,
1377 4173 1471 4226 καὶ
1495 4173 1589 4226 τοῦ
1623 4176 1781 4245 σῶμα
1814 4173 1953 4231 εἰναι
1980 4180 2158 4234 πάντα

479 4254 548 4305 τὰ
592 4254 867 4325 ὁρώμενα.
887 4258 1024 4309 Ἀλλ’
1062 4260 1393 4329 ἐπειδητῆς
1430 4260 1689 4330 ἀφελείας
1734 4264 1833 4334 τῆς
1881 4267 2159 4338 ἡμετέρας

480 4340 811 4413 ὑψηλότερος
849 4347 876 4397 6
907 4345 1065 4412 λόγος
1098 4340 1274 4411 οὗτος,
1303 4349 1435 4419 φέρε
1466 4350 1560 4402 ἐπὶ
1588 4349 1688 4421 τὴν
1719 4351 1974 4419 γλυκεῖαν
2015 4356 2159 4425 ὑμᾶς

480 4427 588 4481 τῶν
618 4430 657 4481 Γ
662 4431 847 4501 ραφῶν
870 4434 1168 4501 ἀγαγόντες
1192 4436 1394 4505 πηγὴν,
1414 4436 1514 4505 τὴν
1543 4438 1712 4509 ἀκοὴν
1736 4439 1888 4507 ὑμῶν
1914 4442 2159 4496 ἀναπαύ-

482 4532 685 4587 σωμεν.
716 4520 789 4571 O6
832 4520 939 4591 769
972 4522 1035 4591 δὴ
1074 4523 1201 4593 περ)⁸
1230 4522 1459 4592 οὐρανοῦ
1512 4525 1607 4578 καὶ¹
1651 4525 1755 4596 γῆς
1807 4527 1948 4580 κατά
1994 4531 2159 4601 μέρος

482 4604 611 4673 ύμῖν
635 4606 888 4677 ἐροῦμεν,
923 4608 1058 4661 ἀλλὰ
1085 4612 1214 4680 περὶ
1244 4610 1422 4679 πάσης
1455 4610 1589 4681 όμοῦ
1623 4615 1723 4683 τῆς
1750 4614 1977 4679 κτίσεως
2002 4618 2159 4673 τοῦτο

482 4692 616 4744 αὐτὸ
662 4694 756 4746 τὸν
797 4695 1119 4749 Ἀπόστολον
1144 4699 1274 4767 ἡμῖν
1300 4700 1737 4769 ἀποφαινόμενον
1768 4702 2034 4774 δείξομεν,
2066 4708 2160 4761 καὶ

483 4778 707 4848 λέγοντα
738 4782 925 4853 σαφῶς
954 4784 1148 4849 οὓτως,
1177 4786 1259 4839 ὅτι
1286 4788 1436 4840 πᾶσα
1464 4788 1497 4859 ἠ
1521 4788 1697 4849 κτίσις
1724 4788 1900 4864 φθορᾷ
1920 4792 2159 4848 δουλεύει

483 4866 598 4933 νῦν,
634 4871 727 4923 καὶ
753 4870 843 4923 διά
868 4872 920 4925 τί
953 4872 1214 4939 δουλεύει,
1249 4875 1343 4927 καὶ
1386 4874 1516 4928 πότε
1560 4877 1731 4947 αὐτῆς
1774 4880 2159 4955 ἀπαλλαγήσε-

482 4972 591 5021 ται,
626 4958 722 5010 καὶ
767 4961 846 5023 εἰς
889 4961 1045 5014 ποίαν
1093 4961 1457 5034 μεταϐήσεται
1503 4962 1675 5034 λῆξιν.
1714 4967 1894 5021 Εἰπὼν
1917 4970 2048 5041 769,
2077 4972 2160 5025 ὅτι

485 5046 608 5131 Οὐκ
628 5043 777 5119 [115]
799 5047 875 5112 ἇξ
881 5066 937 5101 ια
959 5049 1031 5101 τὰ
1046 5049 1363 5118 παθήματα
1377 5048 1483 5131 τοῦ
1498 5051 1617 5105 νῦν
1646 5047 1853 5124 καιροῦ
1882 5061 2031 5127 πρὸς
2048 5059 2162 5129 τὴν

480 5130 836 5200 μέλλουσαν
863 5134 1052 5200 δόξαν
1075 5130 1608 5194 ἀποκαλύπτεσθαι
1641 5144 1728 5207 εὶς
1751 5143 1927 5213 ἡμᾶς,
1953 5148 2161 5219 ἐπήγα.

480 5235 577 5287 γεν
597 5236 610 5249 ·
654 5220 714 5274 Ἠ
736 5223 845 5291 γὰρ
877 5223 1327 5292 ἀποκαραδοκία
1366 5225 1476 5295 τῆς
1502 5229 1752 5297 κτίσεως
1782 5232 1899 5301 τὴν
1929 5235 2156 5290 ἀποκά-

480 5308 677 5377 ⁸ῖνυψιιν
716 5308 836 5364 τῶν
877 5311 1025 5367 υίῶν
1050 5310 1156 5366 τοῦ
1186 5314 1333 5369 Θεοῦ
1360 5315 1777 5384 ἀπεκδέχεται.
1808 5319 1887 5389 Τῇ
1914 5324 2024 5393 γὰρ
2046 5340 2162 5393 μα-

482 5399 742 5464 ταιότητι
767 5399 804 5465 ἠ
826 5400 1026 5465 κτίσις
1045 5401 1312 5470 ὑπετάγη
1341 5404 1452 5473 οὺχ
1480 5403 1727 5469 ἑκοῦσα,
1745 5407 1905 5463 ἀλλά
1934 5410 2031 5467 διὰ
2056 5413 2162 5469 τὸν

482 5482 869 5573 ὑποτάξαντα
888 5487 982 5539 ἐπ’
998 5487 1219 5542 ἐλπίδι.
1234 5490 1298 5543 '0
1317 5488 1373 5542 δὲ
1398 5490 1545 5559 λέγει
1566 5491 1806 5549 τοιοῦτόν
1828 5497 1972 5550 ἐστι·
1992 5499 2165 5573 6069-

483 5571 573 5643 τὴ,
604 5574 788 5643 φησὶν.
813 5576 846 5644 ὴ
867 5575 1044 5638 κτίσις
1072 5577 1290 5646 ἐγένετο
1307 5588 1354 5617 α’
1374 5576 1532 5633 τοῦτο
1555 5580 1665 5650 γάρ
1697 5582 1812 5635 ἐστι
1838 5583 1921 5649 τὸ,
1946 5584 2025 5655 Τῇ
2045 5571 2163 5657 μα-

484 5660 747 5729 ταιότητι
770 5662 1037 5733 ὑπετάγη
1059 5682 1071 5695 ·
1100 5663 1314 5737 φθαρτή
1341 5666 1398 5720 δέ
1422 5668 1639 5736 ἐγένετο
1672 5670 1767 5723 τοῦ
1800 5672 1936 5726 Θεοῦ
1975 5674 2167 5729 κελεύ-

544 5783 573 5813 ⁸
595 5783 766 5850 Morel.
786 5784 946 5834 ἄλλων
970 5785 1133 5835 δεῖται.
1156 5788 1304 5837 Savil.
1320 5789 1539 5849 ἀλλήλων
1558 5792 1720 5842 δεῖται.
1745 5790 1873 5845 Infra
1891 5797 2038 5849 Savll.
2052 5800 2165 5850 θαυ·

485 5859 801 5909 μασιωτερος.

546 5904 578 5969 l}
602 5907 805 5969 Aquuo:
827 5920 942 5958 mss.
972 5907 1080 5965 δοὺς
1102 5909 1418 5969 ἐπιλέξασθαι.

544 5968 570 5997 τ
602 5966 705 6019 Διιι
726 5970 757 6027 ἡ
781 5969 933 6027 κτίσις
956 5973 1158 6039 γέγρνιν.

1271 371 1331 430 S.
1366 371 1657 430 JOANNIS
1691 372 2193 432 CHRYSOSTOII
2229 374 2555 434 ARCHIEP.
2595 376 3145 437 CONSTANTINDP.

3850 381 3954 436 M8

2279 506 2476 557 σαντος
2501 493 2695 558 οὕτως.
2714 493 2997 549 Ἐκέλευσε
3027 492 3085 549 δέ
3116 496 3145 548 6
3171 494 3306 560 Θεὸς
3343 492 3486 549 οὕτω
3513 493 3603 549 διά
3630 494 3692 549 τδ
3718 495 3875 565 γένος
3910 501 3978 555 τὸ

2281 576 2582 653 ἡμέτερον·
2612 580 2802 653 ἐπειδὴ
2848 580 2961 653 γάρ
2999 580 3240 651 φθαρτὸν
3267 581 3469 654 ἡμελλε
3493 582 3716 654 τρέφειν
3758 582 3975 655 ἀνθρω-

2294 681 2418 729 πον,
2448 670 2543 723 καὶ
2578 669 2749 740 αὐτὴν
2780 669 3039 740 τοιαύτην
3063 663 3201 724 εῖναι
3227 670 3396 741 ἐχρῆν
3414 687 3431 703 ο
3453 670 3514 724 ού
3536 670 3646 743 769
3668 670 3732 742 δὴ
3754 670 3976 743 φθαρτά

2290 752 2520 824 σώματα
2568 755 2803 828 ἤμελλεν
2844 754 3111 827 ἀφθάρτῳ
3166 755 3538 810 ἐνδιαιτᾶσθαι
3596 757 3791 812 κτίσει.
3827 756 3977 811 Ἀλλ’

2284 839 2435 910 ὅμως
2467 843 2529 895 οὐ
2564 845 2713 913 μένει
2751 842 3000 912 τοιαύτη,
3048 844 3234 913 φησιν,
3271 841 3409 896 ἀλλά
3444 844 3555 897 Καὶ
3582 843 3738 912 αὐτὴ
3774 845 3814 914 ἠ
3847 845 3978 899 κτί-

2284 943 2386 993 σις
2413 928 2963 999 ἐλευθερωθήσεται
2986 931 3107 984 ἀπὸ
3128 929 3241 999 τῆς
3264 928 3549 997 δουλείας
3576 930 3687 1000 τῆς
3707 929 3940 1001 φθορᾶς
3954 947 3974 964 ⁸

2282 1009 2404 1070 εἶτα
2434 1016 2609 1087 δηλῶν
2655 1019 2785 1072 πότε
2815 1018 2977 1072 τοῦτο
3022 1017 3177 1071 ἐσται
3222 1018 3318 1072 καὶ
3344 1016 3433 1071 διά
3460 1017 3636 1081 τινας,
3667 1020 3974 1089 ἐπήγαγεν⁸

2281 1105 2389 1169 Εἰς
2410 1104 2528 1173 τὴν
2556 1106 2912 1175 ἐλευθερίαν
2934 1104 3045 1173 τῆς
3065 1105 3255 1173 δόξης
3276 1104 3396 1159 τῶν
3416 1104 3646 1160 τέκνων
3661 1108 3771 1160 τοῦ
3795 1105 3976 1162 Θεοῦ.

2281 1191 2453 1247 Ὅταν
2480 1192 2591 1265 769
2618 1191 2965 1264 ἀναστῶμεν,
3005 1194 3161 1263 φησί,
3186 1193 3284 1247 καὶ
3307 1192 3563 1265 ἄφθαρτα
3584 1192 3841 1264 λάϐωμεν
3864 1193 3980 1247 σώ-

2281 1297 2452 1352 ματα,
2485 1281 2609 1335 τότε
2654 1280 2752 1334 καὶ
2793 1280 2890 1334 τοῦ
2940 1281 3173 1351 ούρανοῦ
3202 1280 3263 1334 τὸ
3291 1279 3451 1350 σῶμα
3485 1282 3579 1335 καὶ
3608 1280 3706 1351 τῆς
3731 1281 3837 1351 γῆς
3878 1282 3979 1335 καὶ

2275 1370 2377 1440 τῆς
2398 1369 2634 1433 κτίσεως
2656 1368 2877 1440 ἀπάσης
2897 1368 3177 1441 ἀφθαρτον
3199 1369 3355 1422 ἐσται
3377 1368 3473 1421 καὶ
3493 1368 3601 1438 ἀκή
3611 1369 3977 1440 ρατον.⁰οταν

2275 1452 2369 1510 οὖν
2414 1455 2531 1531 [δης
2576 1456 2730 1528 ἥλιον
2775 1457 3089 1528 ἀνίσχοντα,
3119 1455 3401 1531 θαύμασον
3447 1454 3541 1508 τὸν
3589 1456 3974 1528 Δημιουργόνο

2274 1544 2403 1599 ὅταν
2436 1546 2554 1618 ἴδῃς
2584 1545 2749 1599 αὑτὸν
2776 1545 3153 1618 κρυπτόμενον
3201 1544 3297 1597 καὶ
3350 1543 3772 1614 ἀφανιζόμενον,
3801 1543 3979 1597 κατά-

2277 1632 2420 1703 μαθε
2459 1634 2559 1704 τῆς
2595 1622 2811 1701 φύσεως
2838 1631 2938 1704 τὴν
2965 1631 3276 1694 ἀσθένειαν,
3310 1631 3406 1684 καὶ
3452 1630 3529 1701 μὴ
3580 1631 3976 1702 προσκυνήσῃς

2274 1720 2439 1774 αὐτὸν
2470 1720 2541 1785 ὡς
2574 1716 2729 1772 Θεόν.
2763 1720 2863 1774 Διά
2888 1719 2997 1792 γὰρ
3021 1720 3181 1772 τοῦτο
3224 1719 3285 1771 06
3336 1718 3497 1789 μόνον
3539 1719 3608 1789 τῇ
3656 1718 3818 1786 φύσει
3860 1719 3976 1771 τῶν

2276 1808 2558 1879 στοιχείων
2606 1808 2807 1878 δεῖγμα
2851 1808 2955 1877 τῆς
2998 1805 3285 1869 ἀσθενείας
3335 1804 3518 1859 αὐτῶν
3565 1804 3897 1874 ἐγκατέθετο
3942 1807 3976 1859 6

2277 1896 2432 1961 Θεὸς,
2462 1896 2598 1950 ἀλλά
2621 1896 2718 1950 καὶ
2744 1898 2856 1960 τοῖς
2884 1894 3050 1948 αὑτοῦ
3087 1894 3295 1956 δούλοις
3320 1892 3632 1965 ἀνθρώποις
3662 1889 3814 1946 οὖσιν
3849 1893 3975 1945 ἐπι-

2273 1984 2434 2048 τάξαι
2466 1986 2653 2048 αὐτοῖς
2678 1983 2992 2048 ἐκέλευσεν,
3027 1983 3117 2036 ῖνα
3145 1980 3249 2035 κάν
3282 1980 3392 2035 61:6
3415 1981 3515 2052 τῆς
3538 1980 3711 2051 ὅψεως
3737 1980 3812 2050 μὴ
3829 1996 3976 2048 γνω-

2278 2073 2438 2143 ρίσῃς
2470 2072 2652 2125 αὐτῶν
2696 2071 2796 2139 τὴν
2845 2069 3115 2131 δουλείαν,
3152 2069 3261 2123 ἀπὸ
3296 2068 3405 2123 τῶν
3439 2068 3838 2121 ἐπιταττόντων
3868 2067 3978 2137 μά-

2274 2156 2395 2228 θῃς,
2418 2158 2501 2211 ὅτι
2530 2156 2794 2210 σύνδουλά
2817 2157 2900 2210 σοί
2922 2158 3038 2210 ἐστι
3059 2156 3232 2209 ταῦτα
3255 2156 3493 2210 ἅπαντα.
3510 2155 3570 2207 '0
3595 2152 3727 2222 γοῦν
3762 2151 3977 2223 Ἰησοῦς

2273 2245 2303 2296 6
2344 2242 2440 2297 τοῦ
2480 2244 2638 2315 Ναυῆ
2673 2261 2841 2315 φησι·
2877 2243 3082 2313 Στήτω
3113 2246 3147 2297 ό
3180 2242 3356 2311 ἣλιος
3384 2242 3537 2296 κατὰ
3562 2239 3837 2303 Γαϐαὼν,
3867 2239 3975 2294 καί

2272 2333 2311 2400 ἡ
2337 2329 2572 2399 σελήνη
2595 2334 2746 2386 κατὰ
2768 2331 3045 2400 φάραγγα
3074 2330 3335 2384 Αίλώνιι.
3366 2330 3477 2383 Καὶ
3504 2328 3667 2382 πάλιν
3694 2330 3723 2381 6
3755 2328 3974 2399 προφή-

2272 2419 2645 2489 τηςἮσαῖας
2687 2420 3011 2473 ἀναποδίσαι
3052 2420 3219 2473 αὐτὸν
3251 2419 3341 2472 ἐπὶ
3374 2417 3473 2472 τοῦ
3514 2416 3778 2488 βασιλέως
3819 2414 3976 2479 Ἐζε-

2272 2507 2392 2560 κίου
2423 2506 2713 2575 πεποίηκε,
2744 2508 2838 2559 καὶ
2872 2508 3081 2576 Μωσῆς
3107 2507 3230 2578 ἀέρι
3264 2508 3359 2559 καὶ
3390 2505 3633 2577 θαλάττῃ
3656 2506 3753 2558 καὶ
3774 2505 3846 2574 γῇ
3869 2502 3970 2556 καὶ

2273 2593 2503 2663 πέτραις
2535 2593 2829 2658 ἐπέταξενο
2876 2593 3181 2656 Ἐλισσαῖος
3211 2592 3420 2646 ὑδάτων
3446 2593 3609 2662 φύσιν
3646 2589 3964 2662 μτὲῧαλεν,

2269 2682 2319 2735 οἱ
2346 2684 2493 2754 τρεῖς
2518 2682 2708 2745 παῖδες
2739 2682 2910 2752 πυρὸς
2939 2680 3519 2752 περιεγένοντο.”ορᾷς
3544 2679 3664 2743 πῶς
3692 2680 3968 2754 ἑκατέρω-

2272 2770 2362 2823 θεν
2391 2768 2549 2841 ἡμῶν
2574 2769 2903 2840 προενόησεν
2944 2769 2973 2820 6
3018 2767 3173 2832 Θεὸς,
3202 2766 3293 2821 διὰ
3335 2767 3435 2837 μὲν
3471 2766 3567 2820 τοῦ
3598 2767 3829 2830 κάλλους
3852 2768 3972 2820 τῶν

2273 2857 2555 2927 στοιχείων
2601 2858 2681 2920 εἰς
2723 2857 2822 2926 τὴν
2855 2853 3021 2909 αὑτοῦ
3051 2854 3380 2923 θεογνωσίαν
3408 2856 3557 2926 ἡμᾶς
3586 2855 3756 2923 ἄγων,
3788 2854 3878 2907 6:6
3903 2854 3969 2908 δὲ

2270 2946 2367 3014 τῆς
2395 2943 2679 3007 ἀσθενείας
2705 2944 2806 2997 οὐκ
2827 2943 3009 3012 ἀφιεὶς
3032 2945 3111 3007 εἰς
3134 2943 3235 3013 τὴν
3259 2942 3486 2996 ἐκείνων
3512 2945 3843 2997 καταπεσεῖν
3866 2942 3967 2995 λα-

2270 3032 2497 3104 τρείαν;

2344 3127 2420 3186 ς’.
2440 3119 2613 3189 ’Υπὲρ
2630 3119 2695 3189 δὴ
2725 3118 2932 3173 τούτων
2960 3118 3218 3173 ἀπάντων
3247 3118 3562 3188 δοξάσωμεν
3577 3118 3741 3173 αὐτὸν
3755 3118 3846 3172 τὸν
3856 3136 3966 3189 κη-

2268 3208 2323 3261 δε
2333 3208 2469 3278 μόνα
2491 3206 2670 3278 ήμῶν,
2698 3206 2774 3278 μὴ
2797 3206 2887 3260 διά
2918 3209 2985 3278 ρη
2995 3210 3201 3277 μάτωνΔ
3214 3206 3397 3276 μόνον.
3430 3206 3568 3260 ἀλλά
3595 3206 3690 3259 καὶ
3712 3205 3802 3259 6:6
3822 3222 3963 3273 πρα-

2269 3297 2518 3365 γμάτων,
2551 3298 2646 3349 καὶ
2676 3294 2953 3348 πολιτείαν
2976 3296 3209 3365 ἀρίστην
3238 3294 3657 3365 ἐπιδειξώμεθα,
3680 3294 3964 3363 τήντνάλ-

2271 3382 2369 3452 λην
2417 3383 2512 3434 καὶ
2541 3383 2639 3453 τὴν
2670 3383 2799 3452 περὶ
2824 3384 2953 3446 τοὺς
2985 3383 3181 3453 ὅρκους
3207 3383 3539 3451 ἐγκράτειαν
3564 3380 3724 3449 λέγω.
3757 3381 3831 3433 Οὐ
3852 3380 3965 3451 γὰρ

2270 3470 2334 3540 δὴ
2364 3472 2470 3523 πᾶν
2501 3471 2806 3541 ἁμάρτημα
2828 3471 2927 3540 τὴν
2957 3469 3128 3541 αὐτὴν
3163 3468 3319 3540 φέρει
3344 3468 3586 3530 κόλασιν,
3612 3467 3749 3520 ἀλλά
3775 3468 3842 3521 τὰ
3866 3468 3967 3521 εὐ-

2274 3556 2600 3629 κατόρθωτα
2630 3556 2856 3627 μείζονα
2883 3558 3013 3627 ἡμῖν
3037 3559 3233 3625 ἐπάγει
3253 3558 3355 3627 τὴν
3379 3554 3651 3626 τιμωρίαν
3670 3572 3685 3586 °
3709 3554 3845 3625 ὅπερ
3866 3551 3967 3610 οὖν

2270 3646 2365 3699 καὶ
2384 3647 2412 3697 6
2435 3644 2688 3715 Σολομὼν
2720 3645 3089 3714 αἰνιττόμενος
3120 3644 3323 3711 ἐλεγεν·
3347 3646 3430 3698 Οὐ
3454 3643 3829 3713 θαυμαστὸν,
3854 3642 3968 3697 ἐὰν

2268 3730 2398 3798 ό,λῷ
2431 3749 2521 3797 τις
2548 3731 2860 3785 κλέπτωνο
2890 3729 3137 3785 κλέπτει
3171 3731 3281 3802 γὰρ
3322 3732 3425 3785 ἵνα
3458 3731 3573 3799 τὴν
3600 3728 3813 3799 ψυχὴν
3855 3729 3965 3782 αὐσ-

2267 3819 2376 3872 τοῦ
2421 3818 2709 3888 ἐμπλήσῃ
2761 3817 3105 3873 πεινῶσαν·
3164 3823 3198 3873 ό
3249 3819 3318 3873 δὲ
3357 3820 3573 3889 μοιχὸς
3627 3817 3702 3869 δι’
3724 3817 3967 3871 ἔνδειαν

2270 3904 2508 3974 φρενῶν
2554 3904 2863 3960 ἀπώλειαν
2887 3904 2963 3975 τῇ
2996 3906 3215 3961 ἑαυτοῦ
3259 3905 3433 3976 ψυχῇ
3480 3904 3968 3974 περιποιεῖται.ὀ

2268 3994 2326 4046 δὲ
2370 3993 2516 4061 λέγει
2562 3993 2801 4047 τοιοῦτόν
2846 3994 2963 4047 ἐστι
2982 4010 2996 4025 ⁶
3024 3994 3206 4049 Δεινὸν
3240 3995 3339 4065 μὲν
3369 3997 3465 4049 καὶ
3493 3998 3521 4049 6
3551 3993 3814 4064 κλέπτης,
3844 3993 3965 4047 ἀλλ’

2267 4080 2367 4149 οὐχ
2409 4080 2551 4133 οὓτω
2585 4079 2756 4132 δεινὸν
2799 4081 2873 4145 ὡς
2913 4084 2942 4134 6
2992 4081 3213 4152 μοιχός·
3247 4084 3452 4145 ἐκεῖνος
3491 4082 3591 4152 μὲν
3634 4082 3744 4152 γὰρ
3779 4082 3828 4133 εί
3865 4079 3961 4133 καὶ

2267 4167 2484 4238 ψυχράν
2504 4168 2701 4232 αἰτίαν,
2731 4166 2845 4220 ἀλλ’
2868 4166 3021 4239 ὅμως
3048 4168 3162 4239 ἔχει
3193 4168 3566 4240 προϐαλέσθαι
3595 4172 3693 4239 τὴν
3720 4169 3829 4222 ἀπὸ
3861 4168 3964 4239 τῆς

2268 4256 2460 4318 πενίας
2494 4257 2760 4325 ἀνάγκηνσ
2789 4248 2943 4318 οὗτος
2966 4256 3046 4318 δὲ,
3068 4256 3327 4327 οὐδεμιᾶς
3362 4257 3611 4326 ἀνάγκης
3639 4256 3802 4310 αὐτὸν
3838 4254 3962 4325 βια-

2268 4339 2522 4413 ζομένης,
2550 4343 2654 4396 61:6
2697 4344 2883 4407 ἀνοίας
2931 4343 3099 4413 μόνης
3126 4344 3205 4406 είς
3232 4344 3293 4395 τὸ
3322 4343 3595 4415 βάραθρον
3623 4341 3961 4395 καταπίπτει

2268 4430 2372 4499 τῆς
2403 4431 2704 4507 ἁμαρτίας.
2738 4431 2910 4482 Τοῦτο
2947 4432 3043 4483 καὶ
3076 4430 3171 4482 ἐπὶ
3205 4430 3315 4484 τῶν
3364 4431 3667 4502 όμνυόντων
3699 4429 3847 4481 ἐστιν
3881 4428 3963 4479 εἰ·

2268 4519 2391 4571 πεῖν
2412 4534 2427 4551 ·
2448 4518 2572 4571 οὐδὲ
2594 4518 2703 4590 769
2729 4512 2875 4571 οὗτοί
2899 4535 3023 4572 τινα
3052 4519 3326 4590 πρόφασιν
3348 4518 3533 4587 έχουσι
3563 4514 3957 4587 προϐαλέσθαι,

2269 4605 2407 4658 ἀλλά
2436 4608 2847 4678 καταφρόνησιν
2880 4604 3032 4679 [114]
3088 4605 3270 4677 μόνον.
3316 4606 3429 4659 Καὶ
3477 4600 3595 4658 οἰδα
3624 4605 3723 4675 μὲν
3753 4604 3833 4657 ὅτι
3863 4603 3969 4654 ἐπ-

2269 4693 2444 4763 αχθὴς
2471 4691 2608 4747 εἶναι
2654 4693 2796 4746 δοκῶ
2821 4693 3009 4748 λοιπὸν
3040 4696 3136 4747 καὶ
3169 4692 3446 4766 φορτικὸς,
3469 4695 3537 4766 τῇ
3575 4689 3828 4762 συνεχείᾳ
3856 4686 3962 4759 τῆς

2270 4781 2649 4852 παραινέσεως
2675 4780 2848 4833 δοκῶν
2885 4782 3143 4851 ἐνοχλεῖν,
3173 4782 3288 4835 ἀλλ’
3318 4783 3469 4852 ὅμως
3496 4784 3597 4837 ούκ
3622 4783 3954 4852 ἀφίσταμαι,

2268 4869 2357 4921 ἵνα
2398 4868 2503 4922 κᾶν
2550 4868 2647 4939 τὴν
2680 4869 3065 4939 ἀναισχυντίαν
3096 4869 3437 4934 αἰδεσθέντες
3466 4871 3564 4941 τὴν
3610 4871 3773 4941 ἐμὴν,
3814 4868 3956 4921 ἀπο-

2271 4957 2433 5025 στῆτε
2460 4955 2559 5024 τῆς
2584 4958 2827 5028 πονηρᾶς
2854 4957 2963 5010 τῶν
2991 4958 3170 5030 ὅρκων
3198 4958 3505 5029 συνηθείας.
3535 4958 3597 5011 Εἰ
3622 4959 3730 5030 γάρ
3755 4960 3784 5010 6
3806 4958 3959 5011 δικα-

2271 5045 2402 5116 στὴς
2430 5045 2639 5107 ἐκεῖνος
2662 5048 2690 5097 6
2720 5045 2937 5116 ἀπηνὴς
2966 5046 3062 5099 καὶ
3094 5046 3266 5117 ὠμὸς,
3301 5047 3475 5119 χήρας
3506 5046 3787 5117 ἐνόχλησιν
3812 5046 3958 5101 αἰδε-

2270 5132 2419 5196 σθεὶς
2444 5132 2535 5184 τὸν
2570 5133 2769 5202 τρόπον
2808 5132 3093 5202 μετέϐαλε,
3119 5133 3299 5205 πολλῷ
3344 5134 3544 5204 μᾶλλον
3594 5135 3752 5204 ὑμεῖς
3792 5133 3955 5188 τοῦτο

2268 5220 2601 5292 ἐργάσατθε,
2630 5222 2725 5273 καὶ
2766 5221 3001 5290 μάλιστα
3039 5222 3169 5274 ὅταν
3217 5224 3246 5275 6
3296 5221 3629 5293 παρακαλῶν
3682 5223 3828 5292 ὑμᾶς
3875 5222 3951 5294 μὴ

2270 5310 2411 5381 ὑπὲρ
2443 5309 2660 5374 ἑαυτοῦ,
2692 5308 2808 5362 ἀλλ’
2831 5308 2974 5381 ὑπὲρ
3014 5309 3115 5379 τῆς
3147 5309 3421 5381 ὑμετέρας
3452 5309 3612 5363 τοῦτο
3638 5312 3807 5380 ποιῇο
3840 5324 3949 5363 σω-

2268 5398 2463 5470 τηρίας
2486 5416 2499 5429 ·
2535 5397 2737 5467 μᾶλλον
2770 5396 2826 5449 δὲ
2858 5396 2953 5449 καὶ
2989 5396 3130 5468 ὑπὲρ
3180 5398 3422 5468 ἐμαυτοῦ
3451 5398 3552 5450 οὐκ
3583 5397 3650 5450 ἂν
3689 5398 3954 5468 ἀρνησαί-

2274 5503 2380 5556 μην
2404 5485 2561 5539 τοῦτο
2591 5487 2765 5538 ποιεῖν
2782 5501 2795 5514 ·
2823 5485 2892 5537 τά
2918 5484 3025 5553 γάρ
3056 5485 3299 5556 ὑμέτερα
3330 5483 3509 5552 ἀγαθὰ
3536 5484 3775 5556 ἐμαυτοῦ
3796 5487 3952 5555 νομί-

2271 5574 2349 5639 ζω
2371 5567 2512 5626 εἶναι
2541 5570 2956 5644 κατορθώματα.
2978 5572 3308 5642 Ἐϐουλόμην
3331 5572 3387 5625 δέ
3416 5572 3581 5643 ὑμᾶς,
3615 5572 3804 5646 ῶσπερ
3837 5573 3951 5641 ἐγὼ

2273 5660 2368 5715 νῦν
2414 5660 2562 5714 πονῶ
2592 5661 2687 5715 καὶ
2716 5659 2983 5731 κόπτομαι
3031 5660 3159 5731 περὶ
3201 5659 3301 5730 τῆς
3348 5660 3618 5732 ὑμετέρας
3651 5662 3947 5733 σωτηρίας.

2336 5798 2579 5877 6310191.,
2597 5801 2774 5861 Αἰλών,
2812 5814 2941 5851 unus
2972 5800 3130 5850 codex
3164 5801 3351 5867 Αίλώμ.
3394 5803 3547 5853 Savil.
3590 5798 3767 5867 Ἐλάμ,
3802 5808 3858 5853 ει
3894 5806 3951 5855 ιιι

2269 5862 2733 6000 ω³⁶ΐῗὲοίιόέζόμῲει
2759 5925 2961 6000 ποιρῖτο.
2988 5924 3118 6000 ῐοίὶςο
3149 5926 3301 5977 Savil.
3329 5929 3384 6000 εἰ
3402 5926 3597 6000 qugdan
3627 5938 3744 6000 προσ.
3767 5926 3949 5978 κόπτοι

2276 6000 2359 6046 μαι
2379 5985 2497 6041 ὑπὲρ
2518 5991 2600 6043 τῆς
2622 5988 2785 6048 ἡμετ..
2811 5994 2865 6037 el
2882 5999 2999 6037 mox
3022 5988 3172 6041 iidem
3193 5985 3447 6055 φροντίζειν
3471 5989 3587 6054 ὑπὲρ
3610 5993 3693 6048 τῆς
3718 5992 3853 6056 ὓμειλ.
