4232 6320
247 375 357 431 Il?

247 496 402 544 test:
431 496 487 544 et
526 503 599 545 ne
635 489 887 547 omnibus
916 489 987 546 sit
1022 485 1393 558 intolerabilis,
1452 509 1626 564 neque
1662 503 1854 549 cuncta

246 580 560 646 comburat,
593 580 882 652 frigiditate
909 598 1098 638 rursus
1124 592 1250 654 egct
1269 598 1333 639 ac
1357 600 1500 641 rore.
1524 587 1657 640 Cum
1685 589 1859 654 ipsum

252 671 423 739 igitur
450 672 653 742 reliqua
675 674 888 728 vincant
912 674 1196 739 elementa,
1225 684 1280 730 et
1303 676 1470 746 ipsius
1493 675 1858 746 impotentiam

249 765 589 820 emendent:
618 767 838 821 vincunt
860 766 1100 837 quidem,
1131 769 1270 822 sicut
1296 769 1488 832 nubes,
1531 778 1585 823 et
1615 769 1776 836 muri,
1804 777 1860 825 et

249 856 305 911 ι1
327 869 358 909 s
374 857 625 926 quaedam
651 873 876 928 corpora
906 860 1072 929 ipsius
1093 861 1267 916 lucem
1291 862 1671 918 abscondenda
1701 881 1715 916 :
1742 877 1863 918 cor-

247 953 440 1019 rigunt
463 962 642 1007 autem
683 952 852 1022 ipsius
886 952 1378 1024 intemperantiam,
1424 956 1566 1013 sicut
1593 971 1769 1024 rores,
1801 965 1858 1012 et

249 1046 454 1111 fontes,
486 1057 542 1102 et
567 1050 711 1104 aeris
737 1047 1019 1120 lrigiditas,
1038 1051 1310 1122 quomodo
1339 1050 1427 1106 hic
1451 1051 1593 1107 Deus
1618 1066 1740 1107 esse
1759 1065 1857 1122 po-

249 1141 401 1194 test?
433 1140 602 1196 Deum
642 1143 792 1196 enim
827 1156 933 1198 non
978 1143 1216 1213 indigere
1256 1145 1616 1199 necessarium
1657 1153 1760 1210 cst,
1803 1152 1858 1199 et

255 1231 409 1286 nulla
461 1247 522 1287 re
567 1247 702 1302 opus
738 1232 954 1300 habere,
976 1242 1032 1288 et
1055 1235 1293 1289 omnium
1324 1235 1570 1290 omnibus
1594 1234 1856 1292 bonorum

248 1337 377 1378 esse
406 1335 700 1388 auctorem,
741 1333 796 1379 et
834 1340 865 1378 a
895 1325 1112 1380 nemine
1151 1324 1442 1395 prohiberi,
1486 1325 1624 1380 sicut
1653 1325 1858 1380 scilicet

245 1414 326 1470 de
344 1415 456 1470 Deo
470 1415 548 1469 ait
564 1416 761 1471 Paulus
787 1426 842 1473 et
865 1417 1125 1489 propheta
1141 1417 1421 1480 Jeremias,
1445 1416 1533 1471 hic
1551 1416 1765 1486 quidem
1785 1433 1855 1471 ex

247 1508 425 1576 ipsius
452 1522 700 1576 persona,
748 1509 972 1564 dicens:
1002 1510 1194 1567 (Icelum
1227 1518 1275 1564 et
1302 1518 1487 1563 terram
1528 1524 1621 1580 ego
1648 1509 1854 1576 impleo,

246 1598 326 1650 ait
351 1597 608 1652 Dominus
627 1596 758 1667 (Jer.
778 1598 1016 1671 23.2‘);
1047 1607 1104 1652 et
1140 1611 1353 1654 rursum
1378 1617 1393 1654 :
1421 1598 1554 1652 Deus
1573 1600 1857 1668 appropin-

247 1706 418 1758 quans
445 1706 538 1761 ego
566 1707 700 1756 sum,
721 1699 767 1743 et
794 1707 894 1743 non
924 1689 1059 1744 Deus
1080 1707 1110 1743 a
1130 1690 1278 1761 longe
1305 1689 1490 1761 (Ib.v.
1516 1689 1609 1762 23)
1630 1707 1650 1744 .'
1671 1699 1726 1745 et
1741 1705 1859 1744 rur-

247 1794 344 1833 sus
369 1780 568 1834 David:
599 1779 724 1834 Dia'i
741 1779 982 1847 Domino,
1012 1780 1150 1835 Deus
1172 1797 1310 1835 meus
1335 1797 1388 1835 es
1413 1792 1485 1845 tu,
1509 1782 1748 1851 quoniam
1770 1782 1859 1835 bo-

248 1886 438 1922 norum
465 1887 691 1924 meorum
733 1887 836 1924 non
866 1887 979 1943 eges
1009 1870 1178 1942 (Psal.
1214 1872 1304 1926 15.
1335 1870 1415 1943 2).
1446 1872 1641 1927 Paulus
1677 1882 1856 1928 autem

248 1960 425 2030 ipsius
473 1961 685 2031 copiam
724 1963 924 2018 nullius
975 1963 1299 2033 indigentem
1351 1964 1754 2030 demonstrans,
1802 1974 1859 2021 et

247 2053 544 2108 ostendens
563 2053 678 2109 inec
701 2055 859 2109 ambo
883 2057 1121 2110 maxime
1144 2056 1238 2111 Dei
1261 2071 1399 2121 esse,
1421 2057 1569 2110 nullo
1594 2057 1852 2126 indigere,

247 2153 308 2198 et
335 2146 589 2198 omnibus
626 2147 805 2200 omnia
851 2148 1279 2214 subministrare,
1327 2152 1405 2202 sic
1445 2150 1616 2218 inquit
1657 2167 1671 2202 :
1719 2150 1857 2204 Deus

246 2235 338 2300 qui
381 2236 501 2305 fecit
528 2235 710 2290 cwium
739 2245 786 2290 et
824 2246 1010 2291 terram
1060 2248 1108 2292 et
1151 2255 1312 2305 mare,
1357 2222 1549 2295 nullius
1582 2240 1814 2310 indigens
1836 2282 1852 2305 ,

247 2329 360 2395 ipse
387 2330 544 2380 vitam
569 2329 804 2385 omnibus
857 2330 1117 2400 praebens,
1167 2341 1214 2386 et
1266 2333 1541 2403 spiritum,
1594 2342 1642 2387 et
1684 2334 1856 2388 omnia

246 2418 389 2491 (Act.
439 2421 526 2473 ιτ.
566 2420 660 2475 ~24.
689 2421 804 2491 25).

325 2509 379 2564 5.
423 2507 645 2564 Licebat
690 2511 903 2581 quidem
952 2520 1007 2568 et
1051 2512 1156 2568 alia
1207 2528 1524 2583 percurrere
1565 2514 1852 2581 elementa,

243 2600 466 2668 coelum,
498 2617 702 2666 aerem,
740 2614 960 2670 terram,
991 2621 1161 2671 mare,
1193 2615 1250 2660 et
1295 2606 1532 2677 ipsorum
1565 2608 1852 2663 imbecilli-

247 2703 414 2748 tatem
461 2695 857 2764 demOnstrare,
899 2709 954 2753 et
993 2699 1264 2768 quomodo
1315 2701 1558 2770 proximo
1603 2701 1854 2771 quodque

248 2785 478 2856 indiget,
529 2796 586 2842 et
631 2788 748 2844 sine
787 2789 889 2844 hoc
933 2791 1074 2859 perit
1121 2799 1176 2844 et
1216 2791 1596 2858 corrumpitur.
1639 2792 1852 2846 Etenim

248 2886 415 2942 terra,
436 2880 480 2933 si
498 2879 748 2935 deficiant
767 2897 884 2937 eam
912 2882 1109 2948 fontes,
1133 2893 1188 2938 et
1208 2883 1496 2938 lmmiditas
1523 2893 1634 2937 tum
1661 2899 1690 2936 a
1719 2886 1852 2938 mari

249 2980 364 3025 tum
395 2988 424 3024 a
453 2972 630 3026 ﬂuviis
661 2973 857 3039 infusa,
882 2983 1021 3029 tosta
1059 2973 1207 3031 brevi
1233 2975 1571 3045 disperdetur
1598 2992 1611 3028 :
1636 2984 1691 3030 et
1729 2977 1852 3030 reli-

249 3079 358 3132 qua
401 3079 531 3118 vero
575 3065 839 3119 elementa
884 3066 1056 3121 altero
1096 3068 1325 3121 alterum
1364 3067 1622 3137 indigent,
1676 3075 1732 3122 et
1759 3083 1853 3122 aer

248 3157 386 3218 sole,
413 3158 551 3210 sicut
579 3157 657 3210 sol
689 3172 813 3212 aere
837 3175 850 3210 :
881 3157 974 3213 sed
1001 3173 1069 3213 ne
1088 3158 1431 3227 prolixiorem
1454 3158 1709 3213 faciamus
1737 3175 1852 3215 ser-

251 3263 492 3310 monem,
533 3263 598 3301 ex
626 3248 783 3302 dictis
828 3250 1023 3303 multas
1062 3251 1369 3306 volentibus
1410 3251 1722 3305 occasiones
1751 3251 1851 3307 de-

250 3338 396 3390 disse
431 3339 560 3391 satis
589 3338 765 3392 fuerit.
800 3339 856 3393 Si
883 3340 1026 3393 enim
1054 3340 1196 3394 omni
1225 3349 1470 3394 creatura
1510 3342 1587 3394 sol
1621 3341 1846 3395 admira-

250 3428 412 3483 bilior
487 3439 593 3482 tarn
641 3431 922 3485 imbecillis
977 3441 1033 3486 et
1081 3433 1236 3500 inops
1293 3447 1412 3488 esse
1449 3433 1558 3503 jam
1608 3444 1848 3502 apparet,

252 3518 428 3572 multo
459 3519 628 3589 magis
653 3520 774 3574 alia:
796 3521 977 3576 mundi
1009 3531 1188 3588 partes
1215 3541 1228 3577 :
1253 3524 1395 3593 quod
1422 3539 1488 3578 eo
1525 3523 1655 3586 dixi,
1687 3533 1745 3579 ut
1771 3525 1851 3579 la-

252 3609 482 3663 boriosis
514 3611 599 3663 illa
622 3611 914 3680 praeberem
945 3613 1244 3682 colligenda
1285 3634 1297 3667 :
1329 3617 1442 3684 ipse
1468 3614 1536 3670 de
1562 3615 1851 3685 Scripturis

251 3702 448 3754 iterum
480 3702 634 3756 vobis
660 3702 941 3767 disseram,
974 3703 1371 3768 demonstrans,
1404 3720 1510 3759 non
1552 3707 1718 3760 solem
1745 3717 1854 3760 tan-

251 3800 387 3849 tum,
420 3790 511 3844 sed
545 3802 598 3844 et
625 3801 792 3846 totum
831 3785 1088 3848 mundum
1114 3796 1513 3864 corrUptibilem
1540 3812 1680 3850 esse.
1719 3795 1850 3852 Cum

251 3884 396 3936 enim
433 3883 698 3938 elementa
742 3899 862 3940 sese
890 3895 1077 3940 mutuo
1104 3895 1442 3951 consumant,
1476 3898 1533 3942 et
1573 3890 1702 3942 solis
1727 3890 1851 3958 qui-

251 3973 374 4027 dem
397 3977 688 4043 potentiam
715 3978 1098 4044 superveniens
1120 3978 1292 4046 major
1318 3978 1576 4049 frigiditas
1604 3981 1850 4051 castiget,

251 4065 394 4118 hanc
423 4077 600 4120 autem
630 4066 864 4121 vicissim
908 4070 1056 4124 calor
1095 4068 1427 4124 invalesceus
1462 4083 1760 4134 consumat,
1798 4082 1852 4127 et

249 4161 547 4210 contrarias
567 4159 847 4226 qualitates
867 4170 919 4215 et
939 4160 1318 4229 dispositiones
1338 4163 1566 4218 alterum
1601 4166 1650 4217 in
1681 4167 1852 4220 altero

250 4245 449 4300 iaciant
489 4257 544 4301 et
570 4250 840 4317 patiantur
875 4251 1142 4306 elementa
1182 4269 1194 4305 :
1227 4262 1433 4308 certum
1463 4264 1547 4309 est
1586 4255 1699 4309 haec
1731 4273 1850 4310 ma-

250 4351 369 4407 gna:
420 4340 781 4406 corruptionis
832 4355 1204 4412 argumentqu
1246 4345 1529 4425 przebcre,‘
1551 4356 1605 4401 et
1657 4363 1851 4416 corpus

251 4443 372 4484 esse
397 4444 748 4501 qumcumquc
769 4432 1035 4488 videntur.
1066 4433 1170 4490 Sed
1198 4436 1448 4505 quoniam
1474 4439 1727 4492 tenuitate
1757 4455 1854 4494 uo-

251 4533 361 4577 stra
391 4524 551 4578 altior
579 4522 668 4578 hic
695 4535 777 4580 est
803 4540 1002 4592 sermo,
1035 4542 1133 4597 age
1161 4529 1228 4583 ad
1255 4529 1465 4584 dulcem
1487 4546 1582 4582 vos
1613 4531 1852 4600 Scriptu-

250 4631 434 4671 rarum
481 4616 683 4672 lentem
726 4629 972 4686 agentes,
1014 4635 1173 4674 aures
1229 4632 1436 4676 vestras
1494 4623 1842 4678 mulceamus.

251 4706 366 4762 Non
400 4707 545 4762 enim
571 4709 637 4763 de
657 4710 793 4763 ctelo
812 4718 867 4764 et
891 4721 1030 4764 terra
1059 4711 1366 4780 singillatim
1405 4713 1558 4767 vobis
1583 4715 1847 4780 dicemus,

251 4798 346 4852 sed
369 4796 439 4852 de
464 4799 610 4851 omni
637 4800 1103 4870 pariter'creatura
1127 4801 1228 4855 hoc
1253 4803 1427 4871 ipsum
1455 4804 1605 4858 vobis
1626 4803 1852 4865 demon-

250 4899 510 4943 strantem
525 4892 1230 4959 Apostolumostendemus,
1249 4895 1430 4962 sicque
1457 4895 1737 4950 manifeSte
1764 4897 1849 4950 di-

254 4991 493 5043 centem,
531 4982 674 5050 quod
703 4983 878 5036 omnis
915 4993 1161 5039 creatura
1192 4987 1520 5054 corruptioni
1565 5003 1706 5042 nunc
1734 5005 1850 5045 ser-

249 5073 377 5138 viat,
421 5081 480 5126 et
521 5087 687 5141 quare
726 5073 945 5139 serviat,
988 5084 1042 5129 et
1077 5076 1292 5145 quando
1330 5078 1642 5144 mutabitur,
1699 5090 1753 5135 et
1798 5082 1848 5136 in

252 5163 465 5229 qualem
493 5163 742 5216 transibit
774 5163 1157 5219 conditionem.
1192 5167 1477 5236 Postquam
1506 5171 1649 5222 enim
1676 5171 1809 5224 dixit
1834 5189 1845 5223 :

257 5253 374 5307 Non
400 5265 519 5307 sunt
546 5256 812 5326 condigna:
832 5259 1090 5324 passiones
1119 5261 1378 5327 prccsentis
1409 5264 1644 5331 temporis
1669 5265 1737 5314 ad
1764 5269 1848 5333 fu-

249 5357 416 5398 turam
450 5345 671 5416 gloriam
698 5363 812 5416 quae
845 5349 1149 5404 revelabitur
1185 5352 1239 5404 in
1269 5352 1431 5414 nobis,
1461 5354 1677 5408 intulit:
1714 5356 1851 5410 Nam

253 5439 562 5507 exspectatio
581 5448 828 5492 creatura:
847 5441 1199 5494 reuelationem
1223 5442 1446 5508 ﬁliorum
1470 5443 1852 5514 Deiexspectat.

260 5526 491 5584 Vanitati
528 5531 664 5583 enim
703 5540 937 5584 creatura
977 5533 1202 5604 subjecta
1241 5545 1334 5598 cst,
1381 5551 1482 5588 non
1520 5549 1717 5606 sponte,
1761 5541 1850 5591 sed

247 5633 456 5692 praptcr
481 5637 623 5685 eum,
650 5622 738 5693 qui
766 5624 977 5694 subjecit
1003 5642 1113 5679 cum
1143 5627 1193 5676 in
1218 5643 1309 5694 spe
1336 5627 1511 5696 (liam.
1547 5629 1597 5682 8.
1633 5629 1722 5682 18.
1762 5631 1853 5686 i9-

243 5711 352 5783 20).
403 5712 565 5782 Quod
610 5721 791 5767 autem
819 5713 967 5780 dicit,
1009 5715 1310 5784 bujusmodt
1345 5721 1853 5787 estzcorruptibilis

239 5821 491 5868 creatura
537 5807 678 5862 facta
721 5815 848 5862 est:
881 5807 984 5864 hoc
1028 5809 1171 5864 enim
1211 5816 1314 5878 est,
1355 5806 1582 5865 Vanitati
1625 5813 1848 5880 subjecta

1325 377 1416 432 AD
1452 375 1772 434 roruwu
1811 357 2305 435 tunocusuuu
2369 377 2598 435 llOMlL.
2637 377 2706 437 ι.

1969 504 2050 548 est
2074 508 2094 547 :
2117 494 2484 565 corruptibilis
2511 505 2692 551 autem
2737 495 2877 551 facta
2906 503 3011 562 est,
3045 495 3157 552 Deo
3202 496 3283 551 sic
3306 494 3558 566 iubente;

1959 584 2125 656 jussit
2161 594 2342 641 autem
2389 586 2469 641 sic
2507 587 2649 643 Deus
2688 592 2910 657 propter
2935 601 3108 662 genus
3136 575 3378 642 nostrum
3404 603 3418 641 :
3443 587 3566 657 quia

1965 678 2108 734 enim
2131 677 2402 733 hominem
2432 680 2636 737 nutrire
2655 679 2887 736 debebat
2914 681 3342 750 corruptibilem,
3369 691 3426 736 et
3453 681 3566 750 ipsa

1965 769 2090 825 talis
2125 785 2248 826 esse
2289 770 2560 827 debebat:
2590 785 2699 826 non
2741 771 2888 827 enim
2931 773 3298 842 corruptibilia
3340 787 3565 843 corpora

1963 859 2190 918 decebat
2217 862 2269 915 in
2291 862 2682 932 incorruptibili
2701 863 2900 934 degere
2919 872 3186 918 creatura.
3212 862 3343 929 Sed,
3372 864 3560 933 inquit,

1964 966 2071 1006 nou
2101 962 2280 1018 tamen
2307 952 2433 1008 talis
2463 963 2729 1019 remanet,
2757 954 2853 1010 sed
2881 952 2953 1008 Et
2977 954 3093 1025 ipsa
3115 964 3351 1009 creatura
3387 953 3562 1007 libera-

1964 1042 2096 1097 bitur
2140 1059 2175 1097 a
2213 1044 2448 1099 seruitute
2489 1046 2829 1114 corruptionis
2869 1043 3043 1116 (Rom.
3094 1046 3148 1100 8.
3201 1043 3294 1116 2i)
3326 1062 3342 1100 :
3370 1043 3567 1100 deinde

1963 1133 2342 1192 demonstrans
2371 1137 2604 1208 quando.
2626 1137 2729 1193 hoc
2757 1139 2879 1202 erit,
2917 1146 2975 1193 et
3016 1154 3112 1208 per
3136 1152 3295 1209 quos,
3337 1124 3516 1193 intulit
3543 1154 3562 1193 :

1965 1223 2033 1280 In
2059 1225 2342 1281 libertatem
2370 1228 2550 1298 gloria:
2577 1228 2804 1293 ﬁliorum
2847 1227 2965 1283 Dei.
3006 1227 3141 1284 Cum
3187 1227 3329 1283 enim
3380 1244 3564 1284 resur-

1964 1317 2284 1382 rexerimus,
2327 1318 2521 1388 inquit,
2563 1320 2971 1390 et'incorrupta
3017 1319 3404 1389 sumpserimus
3439 1335 3565 1374 cor—

1963 1422 2115 1476 pora,
2153 1417 2281 1463 tunc
2312 1416 2367 1462 et
2401 1408 2523 1464 cmli
2548 1424 2745 1479 corpus
2785 1418 2840 1465 et
2877 1419 3058 1474 terrm,
3102 1418 3157 1465 et
3186 1409 3370 1464 mundi
3401 1410 3564 1464 totius

1943 1500 2333 1572 jncorruptum
2363 1500 2485 1564 erit,
2515 1507 2571 1555 et
2600 1501 3068 1557 immarcescibile.
3101 1500 3235 1556 Cum
3278 1502 3439 1571 igitur
3469 1514 3560 1554 so-

1961 1590 2067 1643 lem
2096 1589 2294 1644 videris
2314 1590 2668 1657 exorientem,
2696 1599 2996 1646 creatorem
3015 1591 3320 1657 admirare;
3348 1589 3562 1660 quando

1963 1680 2137 1750 ipsum
2165 1696 2226 1750 se
2263 1682 2529 1738 celantem
2557 1691 2613 1738 et
2637 1692 3048 1739 evanescentem
3084 1683 3305 1748 videris,
3352 1692 3560 1737 naturae

1962 1771 2385 1841 imbecillitatem
2410 1774 2580 1837 disce,
2611 1790 2710 1829 nec
2742 1763 2914 1844 ipsum
2943 1782 3002 1830 ut
3037 1775 3202 1830 Deum
3227 1774 3440 1829 adores.
3471 1773 3562 1828 ld-

1959 1864 2106 1918 circo
2151 1864 2294 1918 enim
2334 1880 2444 1920 non
2495 1880 2563 1920 ex
2613 1865 2717 1922 hoc
2762 1867 2882 1922 solo
2919 1867 3310 1923 elementarum
3359 1873 3565 1920 natum

1963 1955 2348 2011 imbecillitatis
2377 1957 2891 2013 demonstrationem
2921 1959 3059 2014 Deus
3100 1959 3341 2021 inseruit,
3376 1957 3471 2012 sed
3510 1966 3566 2011 ct

1971 2048 2277 2104 hominibus
2309 2050 2480 2104 servis
2510 2051 2642 2117 suis,
2671 2059 2733 2104 ut
2771 2051 2850 2105 eis
2890 2051 3239 2120 imperarent,
3267 2047 3560 2109 mandavit,

1961 2141 2087 2194 utsi
2118 2156 2218 2196 nec
2255 2156 2321 2196 ex
2361 2152 2582 2210 aspectu
2612 2142 2848 2212 ipsorum
2885 2142 3200 2197 servitutem
3242 2155 3560 2210 cognoscas,

1961 2235 2030 2288 ab
2076 2227 2464 2303 imperantibus
2513 2235 2710 2301 discas,
2757 2250 2937 2288 omnia
2983 2248 3243 2288 conserva
3291 2244 3378 2288 tua
3419 2248 3560 2288 esse.

1961 2326 2087 2380 Ideo
2110 2325 2267 2381 Jesus
2295 2325 2438 2381 Nave
2461 2326 2589 2380 dicit
2613 2345 2626 2380 :
2655 2326 2766 2382 Stet
2791 2327 2869 2380 sol
2888 2337 3064 2380 contra
3087 2324 3298 2380 Gabaon
3324 2366 3338 2388 ,
3368 2333 3416 2378 et
3443 2326 3566 2378 luna

1959 2428 2136 2471 contra
2167 2418 2346 2473 vellent
2378 2416 2544 2472 zElon
2565 2417 2701 2489 (Jos.
2731 2418 2819 2472 10.
2850 2419 2958 2487 l2).
2995 2418 3062 2472 Et
3089 2418 3280 2472 iterum
3304 2415 3561 2486 propheta

1960 2508 2124 2564 Isaias
2158 2512 2332 2578 ipsum
2363 2509 2414 2563 in
2445 2509 2774 2563 contrarium
2802 2507 3099 2580 retrogredi
3133 2508 3256 2563 iecit
3281 2507 3382 2563 sub
3422 2507 3563 2561 Eze-

1959 2601 2081 2655 chia
2103 2615 2230 2671 rege
2255 2600 2405 2671 (lsai.
2441 2601 2530 2656 58.
2555 2599 2633 2670 8),
2666 2610 2720 2654 et
2757 2599 2932 2655 Moses
2958 2614 3171 2669 quoque
3202 2599 3315 2653 aeri
3347 2606 3404 2653 et
3431 2597 3564 2652 mari

1959 2700 2202 2757 etterraa
2249 2700 2304 2745 et
2337 2691 2500 2758 petris
2541 2692 2862 2760 imperavit:
2893 2689 3120 2744 Elisaeus
3164 2703 3424 2758 aquarum
3471 2703 3563 2741 ua-

1961 2793 2132 2836 turam
2156 2783 2380 2837 mutavit
2400 2782 2478 2851 (4.
2503 2782 2635 2852 Reg.
2667 2781 2745 2851 ὅ),
2775 2790 2885 2835 tres
2914 2780 3065 2851 pueri
3095 2778 3271 2849 ignem
3300 2779 3563 2834 vicerunt.

1956 2875 2120 2932 Vides
2158 2877 2428 2947 quomodo
2472 2879 2764 2945 utrumque
2800 2875 2954 2930 nobis
2997 2875 3140 2929 Deus
3171 2873 3425 2943 providit,
3473 2889 3566 2941 per

1958 2971 2347 3024 elementorum
2370 2968 2584 3039 quidem
2617 2967 3070 3037 pulchritudinem
3102 2951 3282 3021 nos'in
3306 2967 3563 3021 divinita-

1958 3058 2026 3113 tis
2053 3074 2165 3114 suze
2199 3061 2556 3129 cognitionem
2587 3058 2868 3119 inducens.
2904 3072 3002 3127 per
3042 3058 3406 3113 inﬁrmitatem
3438 3073 3564 3111 vero

1959 3165 2062 3204 non
2080 3153 2397 3219 permittens
2423 3150 2474 3202 in
2507 3149 2719 3204 illorum
2746 3149 2940 3204 cadere
2965 3149 3376 3203 adorationem?

2028 3243 2080 3298 6.
2126 3242 2341 3306 Μοταιὶδ
2371 3244 2652 3298 exhortatio
2689 3243 2757 3295 ad
2786 3243 3081 3312 juramenta
3107 3243 3332 3294 vitanda.
3360 3272 3430 3280 —
3457 3240 3562 3297 Su-

1957 3349 2054 3402 per
2083 3334 2147 3388 iis
2176 3350 2304 3404 ergo
2331 3335 2578 3388 omnibus
2601 3333 2774 3403 ipsum
2807 3333 2976 3387 nostri
3004 3334 3414 3402 gubernatorem
3443 3333 3562 3402 glo-

1957 3425 2250 3491 rificamus,
2277 3440 2375 3480 nec
2400 3441 2494 3494 per
2519 3425 2683 3480 verba
2705 3433 2932 3488 tantum,
2959 3424 3054 3479 sed
3075 3425 3235 3478 etiam
3258 3441 3353 3494 per
3372 3439 3559 3494 opera,

1957 3526 2011 3569 et
2041 3517 2510 3572 conversationem
2532 3509 2786 3586 optimam
2814 3515 3184 3581 exbibeamus,
3205 3525 3261 3571 et
3288 3516 3431 3570 circa
3458 3515 3562 3571 alia

1957 3616 2012 3661 et
2041 3608 2180 3661 circa
2222 3608 2598 3662 abstinentiam
2638 3624 2667 3660 a
2703 3607 3047 3677 juramentis.
3078 3607 3194 3661 Non
3224 3607 3367 3662 enim
3395 3622 3558 3661 omne

1958 3708 2235 3769 peccatum
2255 3700 2496 3754 eamdem
2528 3700 2692 3769 exigit
2716 3715 2950 3770 pteuam,
2984 3699 3078 3753 sed
3111 3708 3358 3753 correctu
3385 3698 3558 3753 facilia

1959 3793 2214 3861 majorem
2244 3792 2474 3846 afferunt
2502 3810 2515 3845 :
2551 3793 2692 3862 quod
2723 3792 2929 3847 scilicet
2958 3802 3012 3846 et
3040 3792 3292 3846 Salomon
3327 3792 3557 3846 inuucus

1958 3882 2170 3938 dicebat
2193 3902 2205 3936 :
2227 3882 2346 3936 Non
2377 3886 2584 3946 mirum,
2608 3886 2649 3936 si
2671 3886 2783 3954 quis
2800 3883 3139 3952 deprehensus
3160 3884 3313 3954 fuerit
3344 3884 3521 3949 [uram
3545 3897 3561 3935 :

1960 3979 2162 4046 [uratur
2212 3977 2366 4039 enim,
2409 3987 2462 4030 ut
2507 3979 2732 4029 animum
2779 3993 2926 4030 suout
2965 3976 3174 4048 impleat
3218 3975 3560 4037 esurientem;

1958 4068 2161 4121 adulter
2194 4084 2311 4122 vero
2335 4079 2542 4139 prapter
2568 4055 2796 4138 inopiam
2827 4069 3026 4134 mentis,
3065 4067 3397 4137 perditionem
3434 4067 3552 4119 ani-

1958 4175 2055 4212 nue
2087 4175 2193 4213 suae
2217 4159 2431 4228 acquirit
2461 4158 2814 4230 (Prov.6.50.
2846 4158 2961 4230 52).
2993 4158 3146 4225 Quod
3178 4166 3356 4212 autem
3398 4157 3552 4215 dicit,

1958 4251 2065 4303 tale
2093 4258 2176 4304 est
2205 4268 2217 4302 :
2247 4237 2425 4320 gravis
2467 4249 2685 4320 quidem
2722 4265 2809 4304 res
2836 4251 2994 4304 etiam
3029 4249 3132 4311 iur,
3183 4252 3278 4302 sed
3311 4262 3416 4301 non
3447 4257 3557 4301 tam

1958 4342 2154 4410 gravis,
2182 4357 2341 4411 quam
2368 4341 2576 4396 adulter
2605 4358 2617 4393 :
2649 4341 2735 4395 ille
2760 4342 2905 4395 enim
2933 4339 3033 4394 etsi
3069 4338 3314 4393 frivolam
3343 4353 3559 4392 causam

1961 4432 2138 4498 habet,
2180 4443 2358 4488 tamen
2398 4450 2464 4488 ex
2505 4433 2758 4503 pauperie
2802 4432 3174 4485 necessitatem
3223 4429 3560 4500 praetendere

1959 4538 2136 4596 potest
2161 4545 2173 4578 :
2200 4527 2286 4580 hic
2314 4542 2443 4580 vero
2472 4526 2609 4579 nulla
2642 4526 2813 4594 ipsum
2843 4532 3067 4594 cogente
3099 4522 3420 4578 necessitate
3446 4539 3558 4591 prte

1959 4621 2224 4674 dementia
2249 4621 2361 4674 sola
2384 4619 2435 4671 in
2461 4619 2663 4688 peccati
2695 4618 3001 4686 voraginem
3025 4616 3246 4670 corruit.
3281 4615 3392 4668 lloc
3416 4614 3560 4670 etde

1955 4713 2258 4781 jurantibus
2294 4712 2472 4767 dicere
2502 4712 2626 4766 licet
2697 4727 2795 4765 nec
2839 4711 2984 4764 enim
3031 4710 3116 4764 isti
3157 4709 3324 4763 ullum
3361 4708 3563 4763 habent

1959 4818 2115 4872 quem
2144 4803 2465 4872 praemittam
2488 4812 2829 4871 praetextum,
2852 4801 2945 4856 sed
2966 4809 3334 4870 contemptum
3357 4801 3556 4855 solum.

1960 4896 2029 4951 Et
2057 4896 2179 4950 novi
2213 4895 2426 4965 quidem
2458 4911 2544 4950 me
2568 4911 2782 4965 gravem
2817 4909 2937 4948 esse
2965 4894 3135 4948 videri
3165 4903 3220 4946 et
3246 4909 3559 4959 onerosum,

1959 4997 2120 5056 atque
2159 4986 2540 5041 admonitionis
2561 4987 2784 5056 jugitatc
2829 4986 3114 5040 molestum
3147 5001 3300 5050 esse;
3347 5001 3561 5039 verum-

1959 5087 2139 5132 tamen
2167 5095 2272 5132 non
2301 5079 2513 5143 desino,
2531 5089 2588 5132 ut
2613 5079 2696 5131 vel
2725 5093 2899 5132 meam
2926 5077 3144 5131 reveriti
3177 5076 3560 5145 impudentiam

1958 5172 2202 5240 improba
2241 5173 2665 5240 juramentorum
2712 5171 3102 5225 consuetudine
3154 5171 3447 5226 absistatis.
3503 5171 3560 5226 Si

1958 5264 2100 5320 enim
2123 5263 2288 5332 judex
2329 5263 2418 5318 ille
2447 5265 2667 5318 immitis
2693 5273 2746 5318 ct
2772 5279 2966 5328 saevus,
3005 5262 3176 5316 vidum
3223 5264 3560 5317 vexationem

1960 5357 2181 5421 veritus,
2214 5372 2392 5412 mores
2433 5358 2659 5411 mutavit
2684 5358 2832 5428 (Luc.
2865 5359 2952 5413 18.
2982 5359 3037 5413 9..
3065 5358 3174 5429 sqq)
3201 5375 3215 5408 :
3251 5358 3417 5410 multo
3444 5371 3561 5408 ma-

1959 5449 2038 5517 gis
2052 5449 2154 5503 hoc
2183 5464 2278 5502 vos
2307 5447 2536 5516 faciatis,
2567 5458 2621 5503 et
2648 5452 2880 5505 maxime
2907 5467 3027 5504 cum
3072 5451 3377 5518 supplicans
3407 5448 3561 5502 vobis

1961 5556 2067 5593 non
2105 5556 2200 5610 pro
2231 5556 2318 5595 me
2345 5541 2483 5611 ipso,
2523 5542 2616 5596 sed
2647 5558 2743 5612 pro
2781 5545 2953 5598 salute
2991 5555 3166 5597 vestra
3195 5543 3296 5596 hoc
3324 5542 3512 5596 faciam
3545 5560 3558 5594 :

1961 5633 2070 5686 imo
2114 5647 2241 5686 vero
2271 5643 2324 5688 et
2367 5648 2465 5702 pro
2513 5636 2617 5688 mei
2661 5636 2828 5704 ipsius
2872 5636 3043 5690 salute
3089 5635 3192 5689 hoc
3235 5635 3413 5688 facere
3454 5650 3558 5688 nou

1962 5723 2266 5792 negaverim
2301 5742 2313 5777 :
2347 5732 2526 5780 vestra
2558 5726 2700 5780 enim
2731 5727 2870 5780 bona
2904 5736 3029 5796 puto
3057 5742 3175 5781 mea
3198 5740 3318 5780 esse
3343 5723 3558 5778 merita.

1966 5814 2170 5869 Vellem
2199 5825 2402 5888 autem,
2445 5823 2590 5883 sicut
2621 5833 2721 5889 ego
2749 5835 2891 5876 nunc
2919 5819 3103 5875 laboro
3143 5829 3198 5874 et
3245 5817 3435 5889 fatigor
3465 5834 3564 5888 pro
