4232 6320
683 372 778 426 119

680 484 848 543 salute
868 490 1063 545 vestra,
1094 478 1169 532 sic
1198 486 1251 531 et
1280 492 1373 531 vos
1404 478 1594 529 anima:
1622 484 1809 529 vestra:
1835 488 2014 528 curam
2041 484 2257 541 gerere:

670 576 757 629 sic
782 575 936 644 plane
978 573 1080 627 hoc
1110 582 1314 627 tantum
1354 571 1630 641 negotium
1672 569 1829 623 finem
1872 568 2154 634 acciperet.
2196 563 2263 618 Et

678 664 803 734 quid
845 678 979 732 Opus
1020 674 1104 717 est
1152 663 1314 717 multa
1354 660 1576 716 dicere?
1605 661 1649 715 si
1691 660 1835 715 enim
1872 657 2111 734 geltenna
2154 669 2261 709 non

677 730 844 821 esset,
878 730 977 811 nec
1005 770 1161 825 pinna
1207 754 1629 815 contumacibus,
1680 765 1851 821 neque
1896 730 2104 804 merces
2133 749 2263 801 obe-

679 844 967 911 dientibns,
987 862 1085 917 ego
1115 856 1290 901 autem
1310 845 1373 900 ad
1403 860 1497 899 vos
1524 844 1803 906 accedens,
1834 841 1885 895 in
1909 841 2092 910 gratim
2115 848 2265 908 parte

680 938 977 1005 petiissem,
1023 953 1197 993 nonne
1241 954 1475 992 annuere
1516 934 1873 990 debuissetis?
1911 948 2017 987 non
2050 932 2264 1002 petitio-

683 1043 807 1082 nem
852 1029 1169 1105 concedere,
1208 1036 1315 1082 tam
1359 1029 1532 1082 levem
1573 1025 1775 1094 petenti
1824 1025 2085 1094 gratiam?
2131 1022 2265 1082 Cum

682 1128 811 1171 vero
856 1118 997 1175 Deus
1040 1119 1208 1188 ipsam
1258 1128 1464 1187 petens,
1510 1126 1727 1186 propter
1772 1132 1868 1170 vos
1905 1116 2115 1183 dantes,
2159 1131 2264 1170 non

687 1220 904 1279 propter
945 1211 1177 1278 seipsum
1216 1210 1598 1280 percipientem
1648 1210 1753 1265 hoc
1780 1210 1974 1263 faciat:
2003 1210 2123 1278 quis
2158 1216 2266 1262 tam

688 1300 943 1370 ingratus,
980 1301 1097 1370 quis
1142 1309 1246 1353 tam
1284 1302 1464 1365 miser,
1490 1311 1547 1354 et
1594 1314 1944 1371 arumnosas,
1979 1307 2036 1352 ut
2064 1299 2267 1353 benefi-

1419 366 1473 420 S.
1512 364 1784 420 JOANNIS
1807 356 2275 429 CIIRYSQSTOMI
2320 351 2636 409 ARCHIEP.
2678 350 3205 404 CONSTAN‘TINCP.

3786 350 3797 353 ’
3862 347 3963 401 1Ξο

2368 469 2510 521 cium
2552 466 2749 533 petenti
2797 464 2910 518 Deo
2958 478 3063 517 non
3108 460 3398 530 impendat,
3448 466 3504 513 et
3556 458 3786 512 maxime
3832 473 3957 512 cum

2370 558 2485 628 ipse
2511 558 2601 628 qui
2633 555 2907 625 impendit,
2937 556 3006 608 sit
3030 554 3288 608 beneficio
3320 551 3619 621 petiturus?
3645 550 3772 605 Haec
3800 550 3965 620 igitur

2366 649 2682 718 cogitantes,
2712 654 2765 700 et
2793 645 2859 699 ad
2881 661 2977 698 vos
3008 644 3133 698 hinc
3164 643 3497 707 recedentes,
3527 642 3705 695 omnia
3733 642 3963 709 repetite

2367 740 2527 803 dicta,
2572 746 2627 792 et
2669 751 2765 791 eos
2793 737 2881 805 qui
2929 734 2980 790 id
3034 749 3139 789 non
3167 733 3454 788 observant
3488 732 3736 787 omnibus
3784 730 3963 813 modis

2368 831 2640 899 cori-igitr,
2679 840 2736 882 ut
2765 829 3099 897 propriorum
3140 836 3195 881 et
3228 827 3523 881 alienorum
3556 823 3963 881 retributionem

2371 920 2679 975 meritorum
2719 920 3059 988 recipiamus,
3090 905 3258 988 gratia
3300 925 3355 971 et
3393 915 3719 986 benignitate
3746 913 3963 969 Domini

2371 1011 2537 1067 nostri
2563 1010 2688 1066 Jesu
2716 1010 2936 1075 Christi,
2976 1024 3073 1078 per
3099 1022 3260 1078 quem
3301 1015 3357 1062 et
3384 1021 3506 1061 cum
3534 1022 3639 1076 quo
3668 1005 3813 1060 Patri
3840 1005 3963 1075 glo-

2371 1102 2447 1155 ria
2492 1102 2649 1155 simul
2694 1110 2749 1155 et
2791 1109 2979 1155 sancto
3014 1098 3256 1169 Spiritui,
3288 1112 3432 1153 nunc
3472 1105 3529 1165 et
3553 1111 3787 1167 semper,
3820 1107 3877 1152 et
3906 1096 3963 1151 in

2372 1192 2565 1245 sarcula
2590 1192 2927 1245 sa'culorum.
2963 1191 3156 1244 Amen.

691 1524 1064 1569 CRATIARUM
1095 1526 1280 1571 ACTIO
1318 1526 1402 1568 AD
1445 1525 1623 1567 DEUM
1677 1524 1757 1566 OB
1801 1509 2277 1566 LIBEBATIONE‘

2399 1519 2585 1562 MALIS
2631 1519 2716 1559 EX
2759 1518 3095 1561 SEDITIONE
3126 1518 3575 1571 EXSPECTATIS,
3621 1519 3702 1560 ET
3744 1517 3966 1561 EORUM

764 1629 907 1683 QUE
952 1629 1115 1671 TUNC
1162 1601 1563 1671 ACCIDECUNT
1592 1623 2104 1667 COMMEMORATIO
2133 1625 2148 1664 Ξ
2180 1621 2447 1665 INSUPER
2492 1621 2658 1662 VERO
2713 1619 2793 1661 ΕΤ
2835 1618 3085 1662 CONTRA
3126 1618 3241 1662 EOS
3269 1618 3377 1671 QUI
3408 1618 3643 1662 CORPUS
3672 1619 3967 1662 NOSTRUM

770 1730 1299 1788 ριιυιίΝιΑΝΤυιι,
1338 1728 1417 1770 ΕΤ
1461 1727 1526 1769 IN
1570 1726 1933 1770 UNIYERSUM
1976 1725 2059 1767 DE
2104 1722 2277 1767 HOMU

2410 1720 2792 1775 CBBATIONE,
2838 1721 2918 1762 ΕΤ
2961 1720 3073 1763 SUB
3105 1721 3307 1763 FINEM
3350 1721 3433 1763 DE
3466 1719 3743 1764 VITANDO
3770 1721 3966 1762 JURA-

766 1829 1003 1873 κτητο.

2153 1947 2482 2000 «ωηατ

1326 2088 1543 2128 ΗΟΜΙΜΑ
1584 2090 1655 2127 XI.

760 2163 815 2217 1.
866 2163 999 2217 Cum
1049 2165 1370 2232 praeteritam
1422 2172 1791 2232 tempestatem
1843 2171 1899 2217 et
1953 2168 2272 2231 prtesentem

689 2256 866 2325 cogito
893 2257 1348 2326 tranquillitatem,
1374 2272 1476 2311 non
1495 2256 1682 2331 desino
1708 2256 1885 2309 dicere
1914 2271 1927 2308 :
1954 2252 2274 2308 Benedictus

694 2345 835 2400 Deus
876 2347 965 2415 qui
1008 2347 1132 2400 facit
1166 2348 1367 2413 omnia,
1405 2354 1462 2401 et
1503 2347 1615 2414 ipsa
1648 2353 2000 2408 transmutat;
2034 2342 2122 2419 qui
2152 2340 2276 2405 fecit

692 2435 867 2490 lucem
903 2436 969 2490 de
1000 2436 1233 2491 tenebris
1265 2436 1464 2506 (Amos.
1497 2436 1551 2490 5.
1581 2436 1636 2490 8.
1684 2442 1739 2489 et
1761 2431 1880 2488 Job.
1910 2432 2000 2489 37.
2039 2433 2151 2500 15).
2182 2430 2275 2500 qui

604 2579 617 2583 ,
696 2523 916 2579 deducit
943 2528 1010 2581 ad
1036 2539 1223 2597 portas
1246 2529 1405 2583 inferi
1425 2538 1477 2583 et
1504 2530 1711 2583 reducit
1742 2528 1820 2599 (l.
1848 2529 1971 2599 Reg.
1996 2530 2051 2583 2.
2082 2529 2161 2601 6),
2183 2533 2280 2599 qui

693 2617 986 2686 castigatet
1000 2634 1107 2672 non
1126 2620 1323 2674 occidit
1348 2620 1424 2689 (2.
1443 2618 1567 2672 Cor.
1581 2619 1636 2684 6,
1652 2618 1706 2689 9)
1731 2638 1745 2673 :
1765 2628 1818 2673 et
1837 2620 1939 2673 hoc
1954 2634 2049 2676 vos
2066 2620 2285 2674 assidue

690 2709 874 2764 dicere
909 2712 1051 2774 volo,
1084 2728 1184 2765 nec
1221 2712 1510 2765 desistere.
1545 2710 1599 2764 Si
1628 2711 1773 2765 enim
1812 2712 1927 2777 ipse
1956 2711 2116 2765 nobis
2146 2726 2281 2780 ope-

695 2798 841 2852 ribus
867 2797 1155 2863 benefecit,
1188 2814 1290 2869 qua
1335 2814 1433 2853 nos
1461 2800 1610 2853 venia
1639 2798 1781 2867 digni
1816 2812 1936 2852 esse
1973 2810 2273 2865 possemus,

694 2904 764 2943 ne
804 2889 982 2944 verbis
1020 2890 1234 2959 quidem
1284 2890 1455 2960 ipsum
1507 2890 1946 2944 remunerantes?
1988 2888 2276 2957 Propterea

694 2979 952 3034 exhortor
972 2996 1067 3034 vos
1098 2996 1386 3050 numquam
1417 2995 1630 3035 cessare
1665 2981 1761 3049 ipsi
1789 2980 1985 3048 gratias
2013 2994 2191 3049 agere.
2220 2977 2277 3033 Si

694 3071 836 3124 enim
867 3085 963 3138 pro
985 3072 1171 3141 primis
1206 3072 1341 3141 grati
1371 3070 1647 3135 fuerimus,
1682 3080 1889 3125 certum
1919 3070 2061 3139 quod
2084 3077 2137 3122 et
2159 3068 2278 3122 aliis

694 3163 982 3231 majoribus
1014 3164 1293 3231 potiemur.
1329 3163 1579 3217 Dicamus
1607 3161 1768 3231 igitur
1790 3162 2041 3216 continue
2066 3180 2077 3214 :
2104 3161 2275 3215 Bene-

696 3250 868 3305 dictus
901 3252 1062 3314 Deus,
1103 3254 1190 3322 qui
1221 3262 1275 3306 et
1312 3254 1465 3307 nobis
1498 3252 1645 3306 dedit
1686 3253 1894 3306 solitam
1926 3267 2045 3306 cum
2087 3251 2275 3306 fiducia

696 3343 845 3397 vobis
876 3358 1111 3399 mensam
1134 3358 1423 3412 apponere,
1448 3352 1501 3397 et
1530 3343 1679 3397 vobis
1704 3343 1931 3412 prmbuit
1962 3357 2149 3396 secure
2176 3357 2276 3394 nn-

696 3441 835 3487 stros
882 3435 1065 3488 audire
1117 3411 1431 3489 sermones:
1464 3432 1774 3487 benedictus
1812 3411 1973 3497 Deus,
2027 3431 2276 3500 quoniam

698 3540 803 3577 non
832 3525 1063 3593 amplius
1088 3527 1353 3580 exteriora
1389 3523 1654 3592 fugientes
1682 3522 1939 3592 pericula,
1970 3522 2063 3575 sed
2095 3521 2279 3574 audire

696 3625 945 3684 optantes
984 3618 1086 3670 ltuc
1110 3615 1511 3679 concurrimus,
1549 3629 1654 3668 non
1693 3614 1921 3683 amplius
1949 3628 2069 3667 cum
2097 3614 2281 3666 anxie-

699 3715 806 3761 tate
843 3716 896 3759 et
924 3716 1151 3759 tremore
1168 3717 1223 3759 et
1243 3705 1597 3759 sollicitudine
1624 3705 1763 3758 inter
1788 3719 1884 3757 nos
1905 3702 2275 3765 convenimus,

698 3797 791 3850 sed
809 3811 929 3851 cum
962 3796 1151 3849 fiducia
1174 3811 1385 3849 omnem
1401 3796 1731 3849 excutientes
1762 3795 2028 3854 timorem,
2058 3808 2163 3863 quo
2184 3808 2279 3860 per

696 3874 1003 3959 superiores
1031 3889 1146 3944 dies
1182 3889 1557 3949 fluetuantibus
1598 3888 1649 3940 in
1682 3887 1860 3941 medio
1886 3886 2043 3951 mari,
2068 3893 2122 3937 et
2148 3898 2280 3936 nau-

698 3980 921 4049 fragium
950 3996 1040 4049 per
1068 3979 1301 4049 singulas
1340 3979 1498 4032 horas
1518 3976 1946 4045 exspectantibus
1977 3974 2140 4028 nihilo
2168 3988 2280 4027 tne-

696 4072 798 4127 lius
822 4085 921 4125 nos
948 4070 1288 4135 habebamus,
1329 4068 1551 4125 infinitis
1584 4077 1689 4122 tota
1716 4067 1801 4121 die
1826 4066 2125 4121 rumoribus
2159 4066 2279 4134 pul-

695 4162 820 4227 sati,
870 4160 1156 4231 perturbati
1206 4170 1260 4214 et
1304 4160 1535 4228 undique
1590 4158 1917 4220 circumacti,
1959 4165 2014 4210 et
2056 4155 2279 4224 singulis

697 4258 995 4319 satagentes
1024 4250 1230 4314 diebus,
1258 4260 1310 4302 et
1350 4250 1559 4303 curiose
1588 4244 1937 4311 sciscitantes,
1978 4246 2107 4311 Quis
2133 4247 2280 4299 venit

696 4356 727 4395 e
755 4342 964 4403 castris,
999 4341 1121 4408 quid
1166 4356 1290 4393 vero
1316 4342 1535 4393 veniens
1578 4339 1873 4391 nuntiavit?
1900 4336 2155 4406 numquid
2182 4352 2275 4391 ve-

697 4449 813 4487 rum
845 4448 909 4485 an
956 4432 1141 4486 falsum
1174 4433 1313 4501 quod
1352 4432 1579 4485 dicitur?
1621 4441 1674 4484 et
1703 4438 1884 4483 noctes
1922 4432 2037 4483 sine
2083 4444 2275 4483 somno

699 4526 1069 4594 transigentes,
1104 4534 1157 4579 et
1182 4526 1445 4579 civitatem
1490 4523 1832 4591 respicientes
1876 4538 1996 4576 cum
2025 4522 2277 4591 lacrymis

696 4629 963 4687 tamquam
994 4634 1113 4671 mox
1145 4619 1447 4687 perituram.
1476 4617 1758 4684 Propterea
1787 4624 1840 4669 et
1860 4630 1955 4668 nos
1975 4615 2277 4683 superiores

697 4710 794 4763 hos
825 4710 938 4762 dies
963 4710 1239 4773 tacuimus,
1273 4708 1519 4770 quoniam
1551 4706 1735 4760 civitas
1756 4715 1936 4759 nostra
1964 4705 2136 4757 omnis
2163 4713 2278 4759 erat

698 4802 975 4864 exhausta,
1004 4816 1190 4854 omnes
1230 4801 1281 4853 in
1327 4798 1638 4853 solitudines
1668 4797 2191 4867 transmigraverant,
2225 4808 2277 4852 et

701 4892 890 4947 residui
930 4891 1155 4945 tristitiae
1194 4891 1331 4944 nube
1358 4890 1766 4957 caligaverant‘.
1807 4889 1997 4942 Anima
2024 4889 2163 4942 enim
2192 4902 2274 4941 se-

699 4984 801 5041 tnel
834 4984 1044 5037 tristitia
1089 4984 1310 5050 repleta,
1359 4981 1489 5035 nihil
1534 4981 1715 5033 audire
1767 4989 1846 5034 est
1889 4980 2097 5034 idonea.
2148 4979 2277 5033 Pro-

696 5086 873 5146 pterea
897 5084 949 5127 et
964 5073 1116 5126 amici
1140 5074 1237 5127 Job
1251 5072 1582 5134 accedentes,
1604 5070 1793 5124 domus
1810 5070 2275 5139 illiustragcediam

694 5174 995 5228 cernentes,
1045 5178 1250 5217 necnon
1292 5164 1491 5232 justum
1522 5162 1575 5215 in
1616 5170 1851 5215 stercore
1878 5162 2175 5225 sedentem,
2222 5170 2278 5214 et

698 5254 960 5310 ulceribus
1000 5254 1235 5323 plenum,
1268 5254 1581 5307 vestimenta
1623 5266 1718 5305 sua
1745 5250 2089 5311 discidernnt,
2121 5252 2273 5319 inge-

700 5354 1067 5415 tnneruntque,
1104 5354 1303 5399 etcum
1345 5343 1557 5397 silentio
1585 5342 1660 5400 illi
1705 5341 2020 5395 assederunt
2041 5338 2163 5411 (Job
2214 5339 2270 5392 2.

700 5436 935 5507 H.425),
964 5437 1319 5506 significantes
1348 5433 1488 5503 quod
1529 5433 1659 5487 nihil
1686 5448 1713 5484 a
1742 5431 2002 5501 principio
2040 5440 2146 5484 tam
2172 5429 2272 5483 do-

700 5529 927 5583 lentibus
969 5538 1344 5597 opportunum,
1392 5542 1547 5597 quam
1598 5526 1809 5595 requies
1862 5534 1915 5579 et
1946 5524 2269 5587 silentium:

700 5631 817 5680 erat
848 5622 997 5679 enim
1022 5621 1385 5675 consolatione
1419 5617 1590 5684 major
1630 5614 1861 5669 tristitia.
1897 5613 2187 5681 Propterea
2220 5620 2271 5666 et

762 5828 778 5858 ι
817 5822 949 5885 Apud
968 5822 1157 5875 ttontef.
1180 5821 1471 5887 legebatur:
1503 5822 1697 5885 Turpati
1728 5830 1880 5874 erant.

2385 2068 2552 2124 Judaei
2583 2072 2695 2125 luto
2720 2080 2774 2127 ct
2798 2073 2943 2141 operi
2969 2073 3195 2128 lateritio
3217 2074 3411 2141 alligati
3447 2073 3637 2143 (Exod.
3662 2075 3804 2129 5.19
3828 2074 3973 2141 -2l),

2380 2157 2581 2213 Mosem
2615 2160 2682 2214 ad
2720 2178 2784 2216 se
2826 2164 3038 2217 venisse
3068 2174 3371 2230 cernentes,
3414 2166 3479 2218 iis
3506 2181 3625 2235 qua:
3653 2165 3974 2220 dicebautur

2378 2253 2656 2308 attendere
2683 2269 2788 2309 non
2822 2264 3066 2325 poterant
3094 2272 3203 2327 pra:
3247 2260 3681 2327 pusillanimitate
3711 2270 3765 2314 et
3796 2260 3974 2314 tribu-

2380 2349 2596 2414 latione,
2628 2360 2786 2419 quam
2817 2350 3175 2419 patiebantur.
3204 2350 3272 2404 Et
3300 2350 3427 2421 quid
3459 2352 3673 2414 mirum,
3722 2352 3767 2405 si
3800 2352 3972 2405 homi-

2380 2457 2476 2496 nes
2528 2440 2741 2511 quidam
2794 2442 3160 2511 pusillanimes
3212 2442 3316 2497 hoc
3364 2443 3505 2513 passi
3557 2452 3701 2509 sunt,
3757 2458 3878 2497 cum
3921 2453 3973 2495 et

2379 2531 2578 2587 Christi
2607 2532 2895 2601 discipulos
2924 2532 2977 2587 in
3010 2532 3153 2587 hunc
3175 2533 3419 2586 morbum
3447 2533 3704 2588 cecidisse
3734 2532 3975 2587 invenia-

2382 2625 2537 2679 mus?
2580 2624 2707 2687 Post
2742 2624 2886 2678 illam
2916 2639 3146 2694 namque
3184 2625 3462 2695 mysticam
3498 2640 3706 2680 ccenam
3761 2624 3976 2694 quando

2382 2713 2527 2781 ipsos
2569 2722 2871 2782 assumptos
2900 2712 3144 2768 Christus
3186 2729 3428 2769 seorsum
3470 2715 3858 2784 alloquebatur,
3906 2715 3976 2767 ab

2382 2804 2532 2859 initio
2561 2806 2776 2875 quidem
2808 2805 2980 2875 ipsum
3012 2806 3411 2877 interrogabant
3445 2808 3712 2879 discipuli,
3744 2821 3850 2877 quo
3880 2823 3976 2860 va-

2381 2898 2499 2951 dis?
2521 2907 2578 2951 ut
2597 2913 2722 2953 vero
2742 2896 2875 2953 dixit
2896 2898 3001 2952 illis
3022 2900 3157 2952 mala
3183 2900 3326 2969 ipsos
3342 2900 3501 2970 paulo
3520 2908 3643 2970 post
3663 2900 3977 2972 exéeptura,

2382 2994 2541 3057 bella,
2588 2994 3049 3064 persequutiones,
3093 2994 3397 3050 inimicitias
3434 2995 3503 3051 ab
3549 2995 3824 3060 omnibus,
3874 2993 3977 3047 fla-

2382 3084 2540 3154 gella,
2598 3100 2861 3150 carceres,
2906 3085 3126 3155 judicia,
3183 3086 3555 3152 abductiones,
3617 3087 3763 3141 velut
3808 3102 3977 3141 onere.

2383 3177 2879 3245 ponderosissimo,
2930 3164 3197 3233 dictorum
3240 3164 3523 3235 formidine
3569 3188 3623 3236 et
3674 3180 3978 3234 futurorum

2385 3268 2593 3322 tristitia
2624 3283 2836 3336 pressus
2860 3276 2988 3323 tunc
3012 3271 3250 3338 ipsorum
3276 3271 3505 3333 animus,
3530 3279 3711 3339 postea
3732 3270 3978 3339 stupidus

2384 3360 2635 3413 remansit
2665 3376 2679 3412 :
2715 3357 2833 3413 ideo
2862 3367 3233 3414 consternatos
3261 3374 3487 3415 cernens
3526 3360 3670 3429 ipsos
3708 3359 3974 3419 Christus.

2387 3446 2484 3501 hoc
2538 3449 2709 3517 ipsum
2760 3448 3091 3517 exprobrans
3136 3448 3347 3503 dicebat
3387 3467 3399 3501 :
3444 3447 3585 3502 Vada
3640 3449 3709 3502 ad
3764 3448 3979 3503 Patrem

2387 3555 2569 3603 meum,
2604 3549 2649 3591 et
2696 3555 2843 3592 nano
2881 3556 2908 3591 e
2942 3540 3079 3592 vobis
3104 3556 3184 3592 me
3221 3539 3650 3608 interrogat:Quo
3677 3542 3820 3594 vadis
3840 3542 3865 3593 .9
3887 3542 3981 3594 sed

2383 3631 2621 3698 quoniam
2645 3631 2751 3682 hac
2778 3630 3012 3700 loquutus
3055 3645 3168 3683 sum
3192 3629 3349 3697 vobis,
3392 3632 3595 3685 tristitia
3633 3632 3859 3698 implevit
3890 3648 3980 3686 car

2383 3731 2599 3774 vestrum
2626 3719 2802 3789 (loan.
2834 3720 2922 3775 16.
2948 3721 3003 3775 5.
3027 3719 3106 3791 6).
3132 3720 3424 3790 Propterea
3456 3736 3552 3778 nos
3574 3737 3785 3792 quoque
3810 3724 3979 3776 tacui-

2384 3827 2501 3865 mus
2543 3811 2811 3879 praeterito
2852 3820 3115 3881 tempore,
3158 3821 3476 3881 praesentem
3520 3814 3978 3883 opportunitatem

2384 3908 2774 3969 exspectantes.
2805 3899 2862 3954 Si
2889 3901 3031 3955 enim
3075 3902 3121 3954 is
3145 3902 3234 3971 qui
3259 3902 3489 3972 aliquem
3537 3912 3819 3970 rogaturus
3865 3918 3976 3967 εει,

2385 3992 2484 4045 etsi
2532 3990 2721 4045 rationi
2760 4001 3116 4047 consentanea
3165 3994 3554 4062 propositurus,
3596 3996 3855 4063 temporis
3897 4005 3979 4047 ln-

2384 4097 2504 4135 men
2536 4066 2869 4136 occasionem
2910 4091 3204 4153 exspectat,
3235 4093 3292 4137 ut
3329 4083 3570 4140 sedatum
3596 4094 3651 4139 et
3682 4084 3818 4139 bene
3844 4086 3980 4138 atii-

2383 4162 2524 4226 ctum
2563 4188 2684 4226 eum
2726 4172 2983 4240 inveniat,
3015 4174 3105 4244 qui
3154 4175 3465 4243 petitionem
3513 4174 3735 4229 daturus
3774 4186 3876 4240 cSt,
3917 4188 3980 4229 ut

2386 4266 2639 4333 temporis
2668 4264 2920 4319 auxilium
2951 4274 3137 4320 nactus
3166 4265 3480 4321 beneficium
3508 4266 3747 4320 obtineat
3773 4286 3782 4315 :
3805 4267 3979 4320 ηιυΙιη

2383 4355 2551 4423 magis
2575 4363 2814 4409 orantem
2844 4364 3051 4425 tempus
3080 4371 3322 4425 quaerere
3364 4356 3704 4410 commodum
3736 4365 3975 4426 oportet.

2383 4457 2441 4501 ut
2465 4447 2604 4516 apud
2630 4448 2765 4501 bene
2794 4447 3039 4503 affectum
3082 4448 3379 4502 auditorem
3404 4457 3457 4502 et
3486 4448 3631 4502 omni
3675 4462 3802 4502 cura
3840 4448 3980 4501 libe-

2382 4546 2557 4593 ratum
2587 4554 2651 4593 ac
2680 4540 2914 4605 tristitia,
2943 4539 3103 4594 verba
3129 4539 3287 4595 faciat
3311 4558 3323 4594 :
3353 4540 3495 4610 quod
3527 4539 3768 4609 profecto
3788 4549 3843 4595 ct
3873 4556 3976 4595 nos

2380 4646 2521 4686 nunc
2543 4631 2782 4686 fecimus.

2449 4721 2503 4774 2.
2533 4721 2684 4775 Nunc
2701 4721 2858 4791 igitur
2878 4729 3154 4791 postquam
3185 4722 3449 4776 tristitiam
3467 4723 3796 4782 excttssistis.
3824 4723 3973 4792 prius

2380 4815 2640 4867 dictorum
2668 4814 2980 4867 memoriam
3004 4829 3262 4867 renovare
3286 4813 3551 4877 volumus,
3587 4821 3642 4866 ut
3670 4828 3848 4873 sermo
3873 4829 3978 4865 vo-

2380 4905 2462 4958 bis
2490 4904 2579 4957 ﬁat
2605 4904 2936 4959 manifestior
2966 4921 2979 4957 :
3008 4904 3150 4973 quod
3171 4904 3313 4957 enim
3342 4914 3394 4956 et
3422 4904 3473 4956 in
3496 4888 3679 4957 mundi
3702 4904 3977 4958 creatione

2380 4995 2625 5059 diximus,
2657 4994 2795 5065 quod
2829 5011 2932 5048 non
2960 4994 3243 5063 pulchrum
3276 5003 3476 5047 tantum
3510 5002 3563 5047 et
3591 4994 3888 5047 mirabilem
3918 5006 3977 5049 et

2380 5102 2629 5156 magnum
2676 5087 2815 5140 Deus
2842 5085 3025 5141 fecerit
3075 5087 3267 5155 ipsum,
3296 5086 3390 5140 sed
3418 5086 3579 5139 etiam
3619 5084 3887 5139 infirmum
3917 5097 3977 5141 et.

2379 5178 2797 5247 corruptibilem,
2826 5186 2881 5232 et
2910 5179 3099 5231 horum
3123 5184 3307 5233 rursus
3343 5178 3540 5233 multas
3571 5178 3854 5233 inseruerit
3879 5178 3977 5234 de-

2380 5269 2811 5335 monstrationes,
2841 5280 3065 5338 utraque
3091 5269 3155 5322 ad
3186 5270 3461 5323 utilitatem
3484 5280 3719 5323 nostram
3748 5270 3973 5337 dispen-

2378 5379 2522 5430 sans;
2544 5374 2597 5419 et
2616 5379 2714 5435 per
2738 5363 3184 5433 pulchritudinem
3203 5363 3414 5431 quidem
3431 5364 3483 5417 in
3497 5362 3786 5417 conditoris
3808 5362 3975 5417 admi-

2378 5457 2635 5509 rationem
2655 5470 2751 5509 nos
2784 5455 3061 5519 inducens,
3084 5470 3180 5524 per
3201 5454 3557 5508 infirmitatem
3576 5469 3703 5508 vero
3734 5468 3765 5507 a
3781 5453 3964 5507 colen-

2378 5548 2446 5602 da
2478 5562 2574 5601 nos
2599 5546 2864 5602 abducens
2885 5555 3127 5601 creatura
3162 5564 3172 5598 :
3209 5546 3308 5599 hoc
3334 5554 3387 5600 et
3440 5546 3491 5598 in
3530 5559 3754 5613 corpore
3784 5555 3970 5598 nostro

2376 5641 2560 5697 videre
2580 5650 2662 5696 est
2684 5643 2923 5696 evenisse
2966 5660 2978 5695 :
3025 5640 3220 5695 ctenim
3250 5640 3315 5694 de
3345 5641 3444 5693 hoc
3486 5653 3695 5708 quoque
3720 5648 3971 5708 quarunt

2377 5744 2432 5789 et
2472 5734 2707 5789 veritatis
2750 5733 3082 5787 inimicorum
3132 5743 3185 5786 et
3216 5743 3517 5786 nostrorum
3558 5730 3731 5794 multi,
3760 5745 3861 5800 qua
3900 5729 3969 5783 de

2370 5835 2530 5877 causa
2561 5821 2661 5876 hoc
2687 5818 3033 5888 corruptibilc
3064 5831 3118 5872 et
3149 5818 3368 5872 ntortaie
3402 5818 3595 5872 factum
3620 5817 3709 5871 sit.
