4232 6320
491 351 586 408 121
738 401 744 410 .

571 462 838 534 Ἑλλήνων
882 460 938 514 δέ
979 457 1166 514 πολλοὶ
1204 460 1299 514 καὶ
1341 457 1631 530 αἱρετικῶν
1676 458 1798 513 οὐδέ
1839 457 2163 529 γεγενῆσθαι

491 551 625 604 αὐτὸ
650 549 800 621 παρά
835 547 930 602 τοῦ
967 546 1105 602 Θεοῦ
1137 563 1322 616 φασινο
1360 545 1581 611 ἀνάξων
1618 546 1729 619 γὰρ
1760 547 1894 601 αὐτὸ
1924 547 2025 618 τῆς
2063 543 2182 599 τοῦ.

493 635 626 691 Θεοῦ
647 635 1009 709 δημιουργίας
1034 630 1173 688 εἴναι
1194 633 1437 702 λέγουσι,
1466 631 1673 706 ῥύπους
1691 633 1787 686 καὶ
1811 632 2041 704 ἱδρῶτας
2065 631 2163 685 καὶ

486 723 700 795 δάκρυα
730 723 826 778 καὶ
855 723 1052 783 πόνους
1097 723 1194 776 καὶ
1239 719 1617 792 ταλαιπωρίας
1653 721 1749 773 καὶ
1787 718 1860 772 τά
1895 717 2033 774 ἄλλα
2067 717 2163 772 τοῦ

492 811 744 881 σώματος
757 809 1004 873 ἐπιόντες
1024 810 1262 865 ἅπαντα.
1291 805 1433 875 Ἐγὼ
1458 805 1538 870 δέ,
1567 805 1785 862 ἐπειδάν
1810 805 1939 878 περὶ
1962 804 2164 860 τούτων

492 897 716 968 γένηται
736 897 914 965 λόγος,
940 895 1155 968 πρῶτον
1179 894 1280 959 μὲν
1301 894 1477 947 ἐκεῖνο
1497 891 1565 946 ἀν
1593 889 1825 962 εἴποιμι·
1849 891 1941 961 Μή
1957 906 2058 962 -μοι
2072 889 2164 944 τὸν

488 982 778 1053 ἄνθρωπον
809 983 938 1051 λέγε
963 981 1152 1036 τοῦτον
1172 979 1262 1033 τὸν
1285 977 1793 1050 προσκεκρουκότα,
1835 977 1930 1030 τὸν
1956 977 2046 1046 ἡτι
2052 993 2166 1047 μω-

495 1070 674 1140 μένον,
697 1071 789 1124 τὸν
817 1067 1297 1124 καταδικασθένταο
1324 1063 1440 1121 ἀλλ’
1468 1067 1518 1118 εί
1552 1063 1732 1133 βούλει
1763 1063 1958 1135 μαθεῖν
1983 1065 2164 1118 ὁποῖον

490 1157 552 1222 ἐξ
587 1157 762 1229 ἀρχῆς
790 1158 921 1228 ήμῖν
952 1168 977 1197 ι
1005 1154 1069 1208 τδ
1101 1153 1264 1226 σῶμα
1293 1153 1530 1208 ἔπλασεν
1557 1152 1766 1216 όΘεδς,
1800 1151 1895 1205 ἐπὶ
1917 1151 2012 1204 τὸν
2044 1165 2166 1203 πα-

495 1243 739 1315 ράδεισον
759 1243 1021 1312 ἔλθωμεν,
1041 1243 1140 1295 καὶ
1161 1240 1255 1294 τὸν
1279 1239 1338 1307 ἐξ
1360 1239 1537 1312 ἀρχῆς
1558 1239 1855 1310 γενόμενον
1879 1236 2165 1308 ἀνθρωπον

491 1331 712 1402 ίδωμεν.
751 1331 825 1382 οὐ
853 1327 965 1401 7&9
993 1327 1136 1382 οὕτω
1166 1323 1233 1381 τδ
1257 1326 1420 1397 σῶμα
1446 1328 1622 1380 ἐκεῖνο
1650 1325 1887 1397 φθαρτὸν
1911 1324 2006 1378 καὶ
2039 1323 2164 1378 ἐπί-

491 1433 660 1489 κηρον
690 1410 780 1488 ἦν,
814 1415 932 1470 ἀλλ’
957 1413 1149 1486 ῶσπερ
1183 1431 1268 1477 τις
1293 1412 1524 1485 χρυσοῦς
1565 1410 1790 1485 ἀνδριάς
1825 1410 1934 1465 ἀπὸ
1962 1425 2166 1480 χωνευ-

491 1503 677 1574 τηρίου
715 1500 997 1575 προελθὼν
1034 1501 1163 1573 ἀρτι
1205 1501 1299 1555 καὶ
1341 1499 1591 1571 λαμπρὸν
1628 1496 1991 1561 ἀποστίλϐων,
2024 1495 2167 1550 οὕτω

490 1590 674 1662 πάσης
703 1588 906 1660 φθορᾶς
941 1589 1115 1642 ἐκεῖνο
1137 1586 1200 1640 τὸ
1233 1585 1394 1657 σῶμα
1425 1585 1762 1656 ἀπήλλακτο,
1791 1584 1888 1639 καὶ
1911 1582 2036 1638 οὐτε
2066 1583 2168 1636 πό-

491 1691 582 1737 νος
592 1675 833 1746 ήνώχλει,
855 1673 978 1728 οὔτε
1005 1673 1165 1745 ἱδρὼς
1187 1672 1528 1744 ἐλυμαίνετο,
1557 1673 1617 1727 οὐ
1642 1672 1922 1743 φροντίδες
1946 1668 2169 1725 ἐπεϐού-

491 1759 668 1824 λευον,
697 1763 799 1814 οὐκ
828 1760 1057 1832 ἀθυμίαι
1089 1759 1460 1830 ἐπολιόρκουν,
1493 1759 1595 1812 οὐκ
1619 1755 1748 1811 ἀλλο
1779 1754 1965 1810 τι-τῶν
1988 1753 2165 1810 τοιού-

486 1861 599 1902 των
625 1846 811 1901 ἐλύπει
845 1846 1055 1902 παθῶνο
1089 1845 1278 1916 ἐπειδὴ
1309 1845 1369 1899 δέ
1402 1844 1693 1916 σωφρόνως
1722 1844 1823 1916 τήν
1862 1841 2184 1914 εὐημερίαν.

488 1935 591 1988 οὐκ
613 1935 874 2007 ήνεγκεν,
905 1933 1024 1989 ’ἀλλ’
1063 1931 1348 2004 ἐξύϐρισεν
1376 1933 1458 1995 είς
1481 1931 1573 1986 τὸν
1603 1929 1921 2002 εὐεργέτην,
1953 1928 2046 1982 καὶ
2074 1926 2166 1982 τὸν

483 2021 779 2074 ἀπατεῶνα
806 2020 1038 2092 δαίμονα
1079 2019 1175 2074 τοῦ
1214 2018 1513 2090 κηδεμόνος
1545 2017 1680 2072 Θεοῦ
1715 2017 1810 2072 καὶ
1838 2017 2168 2086 τιμήσαντος

485 2109 651 2164 αὐτὸν
677 2110 924 2181 ἐνόμισεν
952 2107 1390 2176 ἀξιοπιστότερον
1434 2102 1596 2173 εἶναι,
1639 2105 1735 2160 καὶ
1762 2103 1884 2169 θεὸς
1914 2102 2166 2174 γενέσθαι

485 2197 876 2269 προσεδόκησε,
910 2197 1007 2252 καλ⁵
1043 2195 1266 2268 μείζονα
1297 2195 1399 2267 τῆς
1421 2194 1631 2258 οίκείας
1663 2192 1822 2259 ἀξίας
1851 2190 2046 2246 ἐλαϐεν
2076 2189 2163 2243 ἐν·

486 2300 660 2351 νοιαν,
689 2284 809 2338 τότε
839 2284 927 2356 δὴ,
958 2283 1080 2337 τότε
1111 2282 1207 2338 καὶ
1231 2281 1323 2336 διά
1345 2280 1455 2335 τῶν
1482 2279 1825 2351 πραγμάτων
1849 2277 2032 2332 αὐτῶν
2058 2293 2165 2329 σω-

486 2371 758 2442 φρονίζων
789 2370 952 2424 αὐτὸν
974 2372 1004 2424 6
1033 2369 1189 2434 Θεὸς,
1213 2367 1451 2440 φθαρτόν
1483 2384 1545 2420 τε
1569 2367 1795 2438 ἐποίησε
1817 2364 1910 2419 καὶ
1942 2356 2177 2434 θνητὸν,-

491 2457 585 2510 ml
614 2460 732 2521 ταῖς
755 2456 977 2521 πολλαῖς
1008 2455 1235 2519 ταύταις
1269 2453 1565 2525 κατέδησεν
1604 2453 1889 2522 ἀνάγκαις,
1925 2451 2044 2521 οὐχὶ
2076 2467 2166 2520 μι-

491 2544 621 2607 σῶν,
638 2543 757 2596 ούδέ
785 2543 1280 2614 ἀποστρεφόμενος,
1303 2540 1439 2595 ἀλλά
1456 2540 1777 2612 κηδόμενος,
1809 2538 1906 2592 καὶ
1936 2535 2035 2608 τὴν
2063 2551 2165 2588 που

488 2634 660 2704 νηράν
695 2631 790 2684 καὶ
811 2629 1055 2702 ὀλέθριον
1087 2629 1304 2701 ἐκείνην
1330 2628 1588 2682 ἀπόνοιαν
1626 2628 1690 2680 ἐκ
1723 2624 2026 2698 προοιμίων
2055 2640 2165 2678 κω-

489 2719 653 2784 λύων,
683 2718 778 2770 καὶ
804 2717 1115 2788 περαιτέρω
1142 2715 1429 2787 προελθεῖν
1449 2714 1550 2767 οὐκ
1581 2714 1708 2778 ἐῶν,
1743 2712 1880 2768 ἀλλά
1905 2711 1972 2766 δι’
1999 2710 2168 2781 αὐτῆς

487 2805 599 2860 τῶν
627 2805 968 2877 πραγμάτων
996 2805 1096 2875 τῆς
1126 2803 1320 2874 πείρας
1343 2801 1610 2856 διδάσκων
1635 2801 1798 2855 αὐτὸν
1815 2840 1831 2865 ,
1859 2801 1943 2854 ὅτι
1972 2797 2168 2871 θνητός

489 2893 549 2947 τέ
572 2895 689 2947 ἐστι
726 2894 822 2948 καὶ
865 2892 1155 2964 ἐπίκηρος,
1185 2891 1281 2945 καὶ
1315 2886 1490 2961 ταύτῃ
1525 2889 1727 2943 πείθων
1755 2888 2023 2960 μηδέποτε
2056 2903 2168 2940 τοι-

489 2980 630 3036 αῦτα
686 2977 1051 3050 φαντάζεσθαι
1092 2979 1187 3032 καὶ
1231 2976 1614 3050 ὀνειροπολεῖνο
1659 2976 1754 3030 καὶ
1796 2977 1905 3048 7&9
1939 2969 2090 3028 εἶπεν
2140 2975 2170 3027 6

489 3067 750 3132 διάϐολος·
771 3069 1032 3122 Ἐσεσθε
1044 3066 1125 3132 ὡς
1134 3066 1278 3120 θεοί.
1292 3063 1594 3136 Πρόρῤιξον
1607 3059 1700 3117 οὖν
1713 3062 1918 3135 ταύτην
1932 3063 2171 3116 ἀνασπά-

492 3171 582 3209 σαι
619 3155 938 3227 βουλόμενος
956 3155 1055 3225 τὴν
1077 3153 1307 3215 ἔννοιαν,
1338 3150 1648 3215 πολυπαθὲς
1677 3149 1842 3204 αὐτοῦ
1864 3150 1959 3203 καὶ
1976 3149 2167 3203 ταλαίς-

491 3260 674 3315 πωρον
701 3244 763 3296 τὸ
800 3241 960 3312 σῶμα
991 3239 1258 3311 πεποίηκε
1279 3279 1294 3303 ,
1339 3239 1407 3292 δι’
1451 3237 1622 3307 αὐτῆς
1657 3238 1758 3310 τῆς
1797 3236 2013 3306 φύσεως
2045 3254 2172 3290 παι-

490 3330 662 3385 δεύων
689 3330 871 3394 αὐτὸν,
908 3328 1180 3400 μηδέποτε
1202 3325 1458 3397 τοιαύτην
1479 3325 1665 3378 λαϐεῖν
1691 3324 1919 3378 ἔννοιαν.
1956 3324 2069 3376 Καὶ
2090 3325 2172 3377 ὅτι

491 3418 651 3472 τοῦτό
677 3420 822 3473 ἐστιν
853 3415 1072 3486 ἀληθὲς,
1108 3413 1343 3485 μάλιστα
1375 3413 1472 3482 μὲν
1498 3411 1594 3466 καὶ¹
1615 3412 1680 3465 ἐκ
1711 3410 1821 3464 τῶν
1849 3411 1936 3464 ἐπ’
1963 3409 2171 3464 ἐκείνου

493 3505 874 3577 γεγενημένων
919 3503 1097 3575 δῆλονο
1143 3503 1282 3573 μετά
1321 3500 1429 3572 γὰρ
1463 3501 1563 3571 τὴν
1596 3498 1922 3571 προσδοκίαν
1958 3499 2172 3568 ἐκείνην

495 3592 669 3666 ταύτῃ
707 3591 1073 3664 κατεδικάσθη
1113 3594 1181 3663 τῇ
1218 3588 1480 3660 τιμωρίᾳ.
1523 3589 1634 3643 Καὶ
1675 3587 1867 3641 σκόπει
1903 3604 1992 3657 μοι
2036 3586 2173 3640 Θεοῦ

499 3680 733 3734 σύνεσιν·
773 3681 874 3735 οὐκ
894 3680 1104 3751 ἀφῆκεν
1135 3678 1299 3732 αὐτὸν
1325 3677 1540 3749 πρῶτον
1569 3674 1883 3741 ἀποθανεῖν,
1925 3673 2060 3728 ἀλλά
2082 3674 2174 3727 τὸν

497 3768 614 3820 υἱὸν
644 3767 732 3820 τὸν
768 3768 979 3820 ἐκείνου
1006 3765 1351 3837 συνεχώρησε
1377 3763 1538 3816 τοῦτο
1571 3760 1784 3833 παθεῖν,
1813 3762 1900 3816 ἵνα
1928 3763 2037 3833 πρὸ
2067 3761 2176 3816 τῶν

496 3854 786 3926 ὀφθαλμῶν
815 3854 936 3908 ίδὼν
957 3855 1017 3908 τὸ
1040 3853 1201 3924 σῶμα
1227 3852 1531 3922 σηπόμενον
1561 3850 1656 3904 καὶ
1687 3848 2062 3920 φθειρόμενον,
2091 3867 2179 3915 με·

497 3942 670 4014 γάλην
703 3943 810 3996 ἀπὸ
841 3943 939 4012 τῆς
970 3941 1148 4011 ὅψεως
1183 3939 1386 4011 ταύτης
1417 3937 1634 4009 δέξηται
1679 3935 1829 4010 [H7]
1863 3937 2178 4006 φιλοσοφίας

498 4029 865 4088 διδασκαλίαν,
894 4028 990 4082 καὶ
1027 4027 1173 4098 μάθῃ
1203 4027 1257 4081 τί
1289 4027 1502 4095 γέγονε,
1535 4024 1628 4078 καὶ
1656 4024 2044 4096 σωφρονισθεὶς
2075 4041 2178 4078 κα-

498 4118 626 4182 λῶς,
659 4117 831 4186 οὕτως
863 4115 1112 4172 ἐντεῦθεν
1136 4114 1367 4187 ἀπέλθῃ.

568 4206 820 4261 Μάλιστα
844 4205 940 4275 μὲν
968 4199 1082 4269 οὖν,
1113 4204 1252 4272 ὅπερ
1285 4201 1442 4270 ἔφην,
1479 4199 1574 4252 καὶ
1607 4199 1672 4252 ἐκ
1691 4195 1799 4251 τῶν
1824 4197 1924 4269 ήδη
1953 4214 2180 4270 γεγενη-

505 4292 681 4364 μένων
707 4289 866 4344 τοῦτο
885 4289 1063 4359 δῆλον,
1088 4290 1189 4342 οὐκ
1205 4284 1425 4340 ἐλαττον
1445 4285 1503 4338 δέ
1522 4284 1618 4338 καὶ
1635 4285 1701 4339 ἐκ
1717 4283 1825 4337 τῶν
1849 4284 1989 4354 μετά
2007 4283 2181 4338 ταῦτα
2226 4335 2232 4340 .

504 4378 893 4454 ῥηθησομένων
937 4375 1099 4454 ἐσται
1137 4373 1392 4446 φανερόν.
1438 4373 1502 4425 Εί
1545 4371 1653 4444 γὰρ
1701 4372 1915 4444 ἀνάγκῃ
1955 4372 2182 4446 τοιαύτῃ

501 4448 595 4520 τοῦ
635 4448 888 4535 σώματος
925 4448 1099 4518 ἐνδεδὲ
1107 4461 1294 4532 μένου,
1337 4459 1434 4513 καὶ
1477 4458 1695 4513 πάντων
1729 4459 2182 4530 ἀποθνησκόντων

502 4554 600 4608 καὶ
652 4552 1023 4624 φθειρομένων
1073 4551 1168 4604 καὶ
1209 4547 1534 4620 σηπομένων
1579 4549 1637 4600 ἐν
1687 4550 1808 4612 ταῖς
1857 4548 2112 4602 ἀπάντων
2151 4548 2180 4588 δ

504 4638 662 4709 ὕψεσι
693 4641 788 4693 xal
815 4637 1210 4708 διαλελυμένων
1239 4637 1319 4700 είς
1346 4634 1517 4698 κόνιν,
1545 4634 1642 4688 καὶ
1669 4633 1777 4686 τῶν
1807 4633 2004 4700 ἔξωθεν
2029 4635 2183 4703 φιλο-

507 4726 687 4796 σόφων
703 4726 799 4780 ἕνα
824 4727 919 4780 καὶ
945 4724 1136 4779 τοῦτον
1170 4722 1551 4796 ποιησαμένων
1579 4722 2034 4793 συμπληρωτικὸν
2059 4724 2182 4795 ὅρον

509 4812 602 4868 τοῦ
649 4813 759 4867 τῶν
807 4812 1110 4886 ἀνθρώπων
1151 4812 1342 4882 γένους
1370 4809 1758 4883 (ἐρωτηθέντες
1797 4809 1927 4882 γὰρ,
1963 4809 2017 4862 τί
2049 4827 2182 4864 ποτε

507 4901 792 4974 ἄνθρωπός
823 4901 960 4966 ἐστι,
1004 4899 1141 4965 ζῶον
1180 4898 1396 4981 λογικὸν
1441 4897 1633 4967 θνητὸν
1675 4892 1869 4968 εἵπον)·
1916 4900 1964 4951 εί
2002 4896 2182 4952 τοίνυν

510 4989 729 5042 πάντων
753 4987 928 5042 ταῦτα
952 4987 1360 5059 ὁμολογούντων
1387 4985 1691 5056 ἐτόλμησαν
1715 4985 1942 5049 ἑαυτοὺς
1970 4985 2184 5039 ἀπαθα-

509 5075 724 5130 νατίσαι
767 5075 909 5139 τινές
949 5077 1007 5130 ἐν
1042 5077 1164 5140 ταῖς
1199 5074 1310 5129 τῶν
1350 5072 1561 5127 πολλῶν
1601 5071 1921 5144 ύπολήψεσι,
1955 5072 2052 5127 καὶ
2087 5073 2186 5144 τῆς

509 5165 684 5232 ὅψεως
727 5163 1107 5235 μαρτυρούσης
1143 5163 1234 5216 τὸν
1274 5161 1536 5221 θάνατον,
1572 5157 1981 5231 ἐφιλονείκησαν
2021 5161 2186 5233 ἀναρ-

514 5249 744 5323 ῥηθῆναι
768 5250 902 5316 θεοὶ,
925 5251 1018 5305 καὶ
1041 5251 1376 5321 ἐτιμήθησαν
1398 5247 1591 5310 οὕτως·
1613 5249 1662 5299 εί
1684 5245 1758 5316 μή
1791 5247 2187 5319 προύχώρησεν

509 5340 540 5392 ό
567 5338 793 5403 θάνατος
823 5337 1091 5392 διδάσκων
1134 5337 1380 5399 ἅπαντας
1422 5335 1484 5389 τὸ
1521 5335 1620 5404 τῆς
1657 5334 1872 5405 φύσεως
1920 5336 2186 5408 ἐπίκηρον

511 5425 607 5480 καὶ
634 5425 892 5497 φθαρτὸν,
927 5425 1030 5479 ποῦ
1062 5425 1165 5479 οὐκ
1198 5425 1266 5478 ἂν
1293 5422 1560 5492 ἐξέϐησαν
1586 5422 1836 5486 ἀσεϐείας
1861 5422 2047 5478 πολλοὶ
2074 5422 2186 5478 τῶν

512 5512 853 5583 ἀνθρώπωνς
883 5513 1146 5567 ¹Ἄκουσον
1177 5511 1358 5565 τοίνυν
1393 5509 1447 5563 τί
1487 5525 1649 5578 φησιν
1682 5510 1712 5562 6
1737 5513 2022 5583 προφήτης
2057 5510 2187 5583 περί

512 5618 658 5665 τινος
713 5600 987 5673 βαρϐάρου
1037 5600 1301 5672 βασιλέως
1357 5596 1613 5668 τοιαύτην
1657 5598 1916 5669 μανέντος
1965 5599 2183 5670 μανίανο

577 5739 608 5804 _‘
628 5739 727 5804 ΑΨ
748 5742 902 5804 ἡμῶν·

573 5798 606 5866 ξι
632 5801 739 5866 Alii
753 5798 827 5850 ἐπὶ
846 5803 948 5859 ταῖς
969 5805 1053 5852 ἀπ.
1076 5803 1233 5853 Paulo
1251 5807 1367 5866 post
1390 5801 1566 5854 Morel.
1589 5803 1671 5854 ἕνα
1689 5803 1771 5854 καῖ
1791 5801 1960 5854 τοῦτον
1977 5819 2185 5863 ποιησα-

577 5865 688 5931 νων.
711 5863 859 5912 Savil.
885 5866 934 5931 i9
960 5871 1101 5931 ιειιιι
1123 5865 1205 5931 ἕνα
1238 5863 1328 5931 καὶ.
1347 5865 1530 5915 τούτων
1550 5866 1905 5931 ποιησαμένων,
1931 5874 2033 5918 [res
2063 5878 2181 5916 mss.

590 5935 634 5971 ν.
655 5925 706 5974 ιιι
727 5937 878 5989 marg.
903 5925 986 5974 ἕνα
1007 5927 1087 5974 καὶ
1109 5926 1190 5977 τὸν
1220 5926 1365 5978 αὐτὸν
1397 5925 1749 5992 ποιησαμένων,

1227 342 1617 408 5.,1οΑΝΝ18
1653 341 2158 402 CHRYSOSTOHI
2195 341 2521 400 ARCHIEP.
2561 336 3114 398 CLNSTANTINOP.

2268 456 2507 512 Ἐπὰνω
2531 453 2652 510 τῶν
2701 455 2941 523 ἄστρων
2974 452 3081 509 τοῦ
3125 447 3387 521 οὐρανοῦ
3411 449 3600 516 θήσω,
3641 448 3794 528 φησι,
3836 449 3962 504 τὸν

2267 545 2485 612 θρόνον
2504 558 2644 614 μου,
2673 541 2773 619 καί
2797 541 3014 611 ἔσομαι
3037 539 3240 610 ὅμοιος
3268 534 3350 603 τῷ
3391 537 3666 606 Ὑψίσται.
3684 529 3817 590 Εῐτα
3847 552 3961 591 κα-

2268 629 2514 700 ταγελῶν
2553 625 2744 695 αὐτοῦ,
2777 628 2877 682 καὶ
2915 626 3019 698 τὴν
3053 622 3314 696 τελευτὴν
3334 623 3499 678 αὐτοῦ
3523 621 3720 695 δηλῶν,
3758 623 3954 694 φησίν⁶

2275 715 2584 773 ’Υποκότω
2619 728 2738 770 σου
2775 713 3122 784 στρώσουσι
3166 713 3388 781 σῆψιν,
3431 710 3534 766 καί
3577 710 3644 766 τὸ
3685 707 3958 766 acutam!-

2261 801 2470 873 λυμμά
2497 814 2521 843 ο
2545 819 2662 858 σου
2691 799 2960 868 σκώληξ.
2993 802 3061 854 '0
3095 798 3154 854 δέ
3179 798 3329 868 λέγει
3351 797 3594 852 τοιοῦτόν
3624 801 3790 852 ἐστιν·
3818 798 3960 850 ’Δνο

2265 888 2485 959 θρωπος
2517 889 2775 961 τοιαύτην
2815 887 3103 958 ἀναμένων
3141 886 3421 958 τελευτὴν,
3476 884 3703 940 τοιαῦτα
3741 884 3959 954 φαντά-

2266 972 2452 1038 ζεσθαι
2481 975 2820 1047 ἐτόλμησας;
2846 975 2957 1028 Kal
2983 975 3112 1047 περὶ
3133 973 3326 1044 ἐτέρου
3345 972 3511 1025 πάλιν
3537 971 3634 1025 τοῦ
3662 970 3954 1043 βασιλέως,

2262 1061 2410 1130 λέγω
2432 1062 2544 1116 τῶν
2573 1063 2814 1134 Τυρίων,
2838 1061 3069 1116 τοιαῦτα
3100 1059 3604 1124 κατασκευάζοντος
3634 1059 3730 1113 καὶ
3757 1057 3954 1129 βουλος

2267 1147 2428 1218 μένου
2454 1149 2769 1221 νομίζεσθαι
2812 1147 2957 1212 θεοῦ,
3000 1147 3155 1218 φησί⁹
3187 1146 3266 1201 Σὺ
3295 1145 3366 1200 δὲ
3398 1147 3512 1200 οὐκ
3539 1139 3601 1200 εἷ
3615 1145 3773 1211 θεὸς,
3804 1144 3955 1200 ἀλλ’

2263 1233 2593 1302 ἄνθρωπος,
2621 1237 2723 1291 καί
2749 1239 2803 1292 ot
2825 1232 3338 1301 κατακεντοῦντές
3363 1250 3438 1288 σε
3466 1233 3643 1288 τοῦτο
3677 1232 3953 1302 ἐροῦσιν.

2267 1321 2428 1374 Ὥστε
2459 1323 2664 1376 ἀνωθεν
2692 1324 2790 1378 καὶ
2815 1322 2936 1395 μεθ’
2963 1320 3272 1394 ὑπερϐολῆς
3310 1319 3555 1391 ἀναιρῶν
3593 1319 3692 1391 τῆς
3728 1319 3952 1373 είδωλο-

2263 1405 2517 1477 λατρείας
2539 1409 2640 1480 τήν
2663 1408 2922 1464 ὑπόθεσιν
2940 1450 2956 1475 ,
2979 1407 3225 1463 τοιοῦτον
3252 1409 3387 1478 ἡμῖν
3411 1407 3473 1460 τὸ
3503 1406 3666 1476 σῶμα
3689 1405 3953 1476 ἐποίησεν

2263 1497 2294 1548 6
2321 1495 2474 1560 Θεός.
2501 1495 2615 1550 Καὶ
2642 1497 2697 1550 τί
2725 1494 3028 1568 θαυμάζεις
3050 1497 3102 1549 εί
3137 1495 3231 1549 ἐπὶ
3256 1493 3353 1548 τοῦ
3385 1492 3637 1565 σώματος
3661 1492 3823 1546 τοῦτο
3848 1491 3953 1562 γέ-

2264 1597 2442 1650 γονεν,
2467 1582 2696 1653 δπου.γε
2723 1583 2818 1638 καὶ
2843 1584 2941 1636 ἐπὶ
2960 1583 3061 1654 τῆς
3089 1581 3268 1654 ψυχῆς
3293 1581 3442 1634 ἔστιν
3472 1581 3600 1634 ίδεῖν
3625 1579 3867 1634 τοιοῦτόν
3891 1597 3954 1635 τι

2263 1669 2633 1740 γεγενημένον
2653 1685 2670 1736 ;
2694 1668 2909 1741 Θνητήν
2938 1669 3038 1740 μὲν
3065 1669 3174 1742 7&9
3235 1669 3337 1723 οὐκ
3374 1667 3654 1738 ἐποίησεν.
3688 1665 3805 1721 ἀλλ’
3838 1668 3954 1738 ἀφ·-

2267 1755 2402 1826 ἧκεν
2426 1755 2693 1812 ἀθάνατον
2711 1752 2878 1826 εἶναι·
2907 1756 3121 1829 λήθῃδέ
3149 1757 3243 1810 καὶ
3271 1755 3466 1827 ἀγνοίᾳ
3501 1755 3596 1810 καὶ
3625 1754 3833 1827 ἀθυμίᾳ
3852 1755 3954 1809 καὶ

2265 1843 2542 1914 φροντίσιν
2599 1843 2903 1922 ὑπεύθυνον
2957 1844 3130 1916 αὐτὴν
3181 1844 3552 1899 κατεσκεύασε
3575 1860 3589 1874 ο
3643 1845 3740 1898 καὶ
3788 1842 3956 1898 τοῦτο

2267 1929 2541 2001 ἐποίησεν,
2583 1932 2671 1987 ἵνα
2725 1932 2802 2004 μή
2852 1931 2989 2004 πρὸς
3017 1933 3117 2003 τὴν
3158 1933 3366 1986 οἰκείαν
3415 1931 3695 2000 εὐγένειαν
3740 1930 3951 1996 ἰδοῦσα,

2266 2017 2492 2088 μείζονα
2518 2021 2618 2090 τῆς
2643 2019 2850 2082 οίκείας
2874 2019 3032 2087 ἀξίας
3057 2020 3264 2074 ἔννοιαν
3295 2019 3456 2092 λάϐῃ.
3489 2019 3555 2073 El
3579 2018 3688 2090 7&9
3711 2019 3804 2073 καὶ
3825 2019 3954 2073 τού-

2261 2119 2372 2155 των
2403 2103 2573 2158 όντων
2597 2105 2903 2177 ἐτόλμησάν
2940 2124 3086 2170 τινες
3119 2109 3315 2171 είπεῖν,
3349 2107 3434 2160 ὅτι
3469 2106 3570 2177 τῆς
3600 2107 3792 2169 οὐσίας
3823 2107 3948 2160 ἐστὶ

2263 2188 2358 2243 τοῦ
2383 2189 2541 2244 Θεοῦ·
2572 2194 2621 2245 εί
2649 2195 2742 2246 καὶ
2765 2191 2970 2248 τούτων
2991 2193 3308 2266 ἀπήλλακτο
3335 2193 3447 2246 τῶν
3477 2192 3689 2258 παθῶν,
3721 2193 3825 2248 ποῦ
3849 2195 3955 2250 οὐκ

2211 2315 2214 2318 η
2264 2276 2330 2330 ἂν
2362 2273 2526 2348 ἦλθον
2547 2271 2693 2333 οῦτοι
2729 2279 2960 2350 μανίας;
2991 2280 3139 2352 Πλὴν
3169 2280 3285 2334 ἀλλ’
3308 2281 3448 2352 ὅπερ
3473 2281 3567 2334 ἐπὶ
3590 2280 3688 2350 τῆς
3717 2280 3957 2345 κτίσεως

2264 2361 2468 2432 ἔλεγον,
2498 2363 2659 2420 τοῦτο
2688 2367 2784 2421 καὶ
2807 2367 2902 2421 ἐπὶ
2935 2366 3030 2421 τοῦ
3065 2367 3316 2437 σώματος
3345 2367 3511 2437 λέγω,
3544 2369 3628 2421 ὅτι
3654 2369 3858 2438 ὁμοίως
3881 2367 3955 2421 δι’

2264 2450 2552 2524 ἀμφότερα
2605 2453 2780 2508 ταῦτα
2829 2453 3095 2526 θαυμάξω
3131 2456 3223 2509 τὸν
3262 2455 3416 2520 Θεὸν,
3463 2457 3558 2509 καὶ
3602 2457 3684 2509 ὅτι
3712 2455 3957 2527 φθαρτὸν

2264 2537 2397 2626 αύτύ
2426 2539 2649 2626 ἐποίησε
2673 2580 2689 2606 ,
2728 2543 2824 2596 καὶ
2864 2543 2947 2596 ὅτι
2987 2543 3046 2595 ἐν
3081 2545 3150 2626 τῇ
3191 2542 3368 2615 φθορᾷ
3405 2543 3504 2614 τήν
3546 2542 3752 2596 οἰκείαν
3799 2543 3958 2613 ἰσχὺν

2265 2625 2581 2690 ἐπεδείξατο
2626 2628 2719 2682 καὶ
2755 2629 2968 2699 σοφίαν.
3024 2625 3150 2684 Ὀτι
3197 2630 3296 2701 μέν
3338 2631 3447 2702 7&9
3502 2628 3768 2699 βελτίονος
3819 2629 3960 2683 αὐτὸ

2273 2711 2429 2780 ῐσχυε
2455 2714 2680 2785 ποιῆσαι
2707 2714 2860 2788 ὕλης,
2892 2715 3091 2782 ἔδειξεν
3119 2718 3185 2771 ἐκ
3210 2717 3304 2770 τοῦ
3331 2718 3585 2788 οὐρανίου
3615 2733 3678 2772 τε
3701 2716 3959 2788 σώματος

2269 2799 2364 2852 καὶ
2397 2800 2491 2853 τοῦ
2533 2801 2784 2872 ήλιακοῦ.
2816 2803 2874 2857 '0
2906 2801 3016 2874 7&9
3059 2805 3242 2857 ἐκεῖνα
3285 2804 3511 2858 τοιαῦτα
3558 2807 3822 2875 ποιήσας,
3861 2803 3959 2866 καὶ

2267 2885 2426 2941 τοῦτο
2456 2887 2694 2944 τοιοῦτον
2723 2891 2945 2962 ποιῆσαι
2984 2888 3038 2951 ⁸,
3086 2891 3244 2962 εἴπερ
3283 2890 3559 2961 ἐθέλησεν,
3605 2893 3825 2962 ἴσχυσεν
3863 2892 3952 2946 ἀν’

2268 2975 2384 3029 ἀλλ’
2406 2978 2440 3047 ή
2470 2975 2617 3030 αίτία
2635 2979 2734 3049 τῆς
2754 2977 3038 3042 ἀσθενείας
3053 2978 3245 3049 ἐστὶνὴ
3267 2979 3639 3050 προειρημένη
3657 2980 3951 3051 πρόφασις.

2268 3062 2344 3115 Οὐ
2369 3061 2476 3135 μὴν
2490 3061 2649 3117 τοῦτο
2664 3065 3025 3136 ὑποτέμνεται
3043 3065 3139 3119 τοῦ
3154 3067 3229 3138 Δη
3238 3066 3500 3138 μιουργοῦ
3521 3067 3580 3120 τὸ
3595 3066 3798 3138 θαῦμα,
3818 3067 3959 3126 ἀλλὰ

2269 3149 2364 3202 καὶ
2390 3150 2649 3204 ἐπιτείνει
2671 3151 2850 3206 πλέον.
2868 3153 2943 3206 Τὸ
2969 3152 3077 3224 γάρ
3103 3151 3320 3217 εὐτελὲς
3340 3153 3440 3225 τῆς
3461 3153 3645 3217 οὐσίας
3665 3154 3822 3208 τοῦτο
3844 3154 3955 3225 μά-

2267 3235 2426 3290 λιστα
2471 3236 2712 3293 δείκνυσι
2745 3239 2846 3311 τῆς
2879 3240 3077 3313 τέχνης
3117 3241 3180 3294 τὸ
3218 3240 3454 3312 εὔπορον
3487 3241 3580 3295 καὶ
3617 3243 3952 3313 εὐμήχανον,

2268 3322 2350 3376 ὅτι
2371 3325 2428 3375 ἐν
2456 3323 2615 3396 πηλῷ
2635 3325 2732 3379 καὶ
2753 3326 2929 3399 τέφρᾳ
2968 3328 3238 3399 τοσαύτην
3259 3328 3517 3399 ἐνέθηκεν
3541 3326 3828 3400 ἁρμονίαν,
3861 3331 3959 3386 καὶ

2269 3409 2526 3475 τοιαύτας
2559 3411 2842 3485 αίσθήσεις
2873 3414 3017 3469 οὕτω
3052 3415 3305 3479 ποικίλας
3353 3417 3448 3470 καὶ
3485 3415 3832 3479 παντοδαπὰς
3860 3416 3957 3471 καὶ

2268 3496 2495 3551 τοιαῦτα
2519 3499 2824 3571 δυναμένας
2859 3501 3187 3573 φιλοσοφεῖν.
3371 3539 3381 3550 .

2345 3582 2493 3656 [118]
2517 3592 2585 3655 γ’.
2606 3586 2770 3641 Ὥστε
2780 3589 2999 3661 ὅσῳπερ
3014 3588 3079 3643 ἂν
3105 3592 3417 3662 κατηγορῇς
3430 3589 3522 3644 τοῦ
3537 3588 3638 3660 τῆς
3662 3589 3849 3654 οὐσίας
3872 3589 3957 3645 εύ-

2271 3671 2484 3742 τελοῦς,
2539 3675 2778 3747 τοσούτῳ
2829 3677 3029 3748 μᾶλλον
3075 3677 3358 3747 θαύμασον
3409 3679 3471 3730 τὸ
3527 3677 3813 3748 μεγαλεῖον
3855 3676 3958 3746 τῆς

2271 3758 2488 3830 τέχνης.
2523 3761 2678 3839 Ἐπεὶ
2698 3765 2793 3818 καὶ
2813 3764 3252 3836 ἀνδριαντοποιὸν
3274 3765 3372 3836 οὐχ
3397 3764 3540 3818 οὕτω
3568 3764 3833 3836 θαυμάξω
3863 3763 3957 3818 τδν

2275 3846 2384 3899 ἀπὸ
2413 3849 2615 3920 χρυσοῦ
2651 3851 2812 3905 καλὸν
2847 3851 3140 3923 ἀνδριάντα
3175 3852 3452 3914 ποιοῦντα,
3483 3853 3558 3916 ώς
3590 3853 3680 3907 τὸν
3710 3853 3820 3906 ἀπὸ
3848 3869 3958 3924 πη-

2275 3934 2368 3987 λοῦ
2400 3935 2496 3990 τοῦ
2525 3937 2904 4004 διαπίπτοντος
2936 3942 3002 4012 τῇ
3031 3939 3130 4012 τῆς
3157 3939 3352 4012 τέχνης
3394 3940 3625 4011 εὐπορία
3658 3940 3960 4010 δυνάμενον

2278 4022 2472 4088 κάλλος
2517 4024 2780 4091 ἐπιδεῖξαι
2831 4027 3082 4091 πλάσεως
3141 4025 3454 4098 θαυμαστὸν
3508 4029 3604 4082 καὶ
3655 4027 3955 4098 ἀμήχανον.

2277 4108 2426 4163 Ἐκεῖ
2466 4112 2563 4181 μὲν
2591 4112 2701 4185 γὰρ
2734 4113 2828 4167 καὶ
2861 4113 3100 4168 συντελεῖ
3123 4117 3232 4186 τιή
3263 4115 3362 4186 ῦλη
3398 4114 3477 4186 τῷ
3521 4115 3831 4180 πλάττοντι,
3870 4118 3963 4171 ἐνο

2275 4191 2554 4263 ταῦθαλδέ,
2573 4199 2755 4272 γυμνὴ
2791 4200 2891 4272 τῆς
2923 4200 3122 4272 τέχνης
3151 4202 3300 4256 ἐστίν
3333 4204 3365 4274 ἡ
3393 4203 3670 4271 ἐπίδειξις.

2348 4285 2420 4338 Σὺ
2477 4286 2533 4340 δὲ
2574 4290 2622 4341 εί
2672 4287 2851 4359 βούλει
2899 4288 3093 4359 μαθεῖν
3134 4288 3276 4360 πόση
3316 4288 3412 4344 τοῦ
3455 4290 3962 4363 δημιουργήσαντος

2277 4373 2428 4442 ἡμᾶς
2459 4374 2606 4428 ἐστιν
2646 4377 2680 4447 ή
2727 4377 2910 4445 σοφία,
2959 4375 3213 4448 ἐννόησον
3260 4375 3314 4430 τί
3372 4377 3580 4446 γίνεται
3622 4379 3731 4431 ἀπὸ
3760 4379 3954 4448 πηλοῦο

2277 4458 2332 4512 τί
2375 4459 2643 4532 δέἐτερον
2679 4461 2795 4516 ἀλλ’
2841 4462 2876 4533 ἢ
2912 4463 3134 4527 πλίνθος
3179 4463 3274 4518 καὶ
3314 4464 3590 4536 κέραμος;
3633 4464 3775 4520 Ἀλλ’
3804 4467 3961 4536 ὅμως

2281 4547 2569 4619 ίσχυσεν·ό
2615 4549 3003 4622 ἀριστοτέχνης
3035 4561 3059 4590 ο
3124 4549 3258 4612 Θεὸς
3302 4551 3414 4604 ἀπὸ
3461 4551 3560 4622 τῆς
3604 4549 3737 4625 ὕλης
3785 4554 3844 4619 ἐξ
3887 4548 3958 4626 ἧς

2279 4633 2487 4702 γίνεται
2539 4637 2782 4708 κέραμος
2839 4639 2934 4692 καὶ
2981 4638 3195 4701 πλίνθος
3235 4639 3395 4710 μόνον
3418 4678 3433 4702 ,
3496 4637 3773 4710 ὀφθαλμὸν
3813 4641 3963 4699 οὕτω

2281 4721 2503 4793 ποιῆσαι
2556 4724 2721 4777 καλὸν
2747 4763 2762 4788 ,
2821 4724 2897 4789 ώς
2945 4726 3189 4790 ἅπαντας
3244 4727 3568 4797 ἐκπλήττειν
3617 4730 3740 4792 τοὺς
3787 4729 3966 4801 ὁρῶν-

2281 4825 2399 4874 τας,
2444 4810 2535 4863 καὶ
2584 4811 2854 4884 τοσαύτην
2903 4813 3138 4868 ἐνθεῖναι
3173 4813 3350 4886 τούτῳ
3401 4813 3650 4886 δύναμιν.
3695 4816 3772 4879 ώς
3794 4816 3963 4886 ἀέρος

2279 4896 2533 4952 τοσοῦτον
2581 4897 2714 4968 ὕψος
2752 4900 3019 4973 καθορᾷν,
3057 4904 3150 4957 καὶ⁵
3205 4904 3408 4974 μικρᾶς
3458 4903 3631 4975 κόρης
3676 4902 3962 4974 ἀντιλήψει

2280 4986 2521 5040 τοσαῦτα
2559 4987 2987 5058 περιλαμϐάνειν
3021 4988 3271 5061 σώματα,
3322 4992 3417 5044 καὶ
3463 4989 3584 5060 ϐρη,
3618 4991 3714 5044 καὶ
3756 4991 3962 5056 νάπας,

2283 5073 2379 5127 καὶ
2409 5073 2651 5144 βουνοὺς,
2687 5075 2781 5129 καὶ
2817 5076 3056 5150 πελάγη,
3098 5077 3196 5132 καὶ
3229 5077 3458 5149 οὐρανὸν
3497 5077 3563 5131 δι’
3601 5077 3818 5149 ἐκείνης
3859 5079 3964 5150 τῆς

2286 5162 2508 5232 μικρᾶς.
2537 5161 2630 5232 Μὴ
2652 5163 2829 5216 τοίνυν
2859 5163 3020 5238 εἴπῃς
3048 5164 3232 5236 μοιτά
3255 5166 3465 5236 δάκρυα
3492 5165 3588 5218 καὶ
3619 5163 3719 5230 τάς
3745 5165 3960 5237 λήμαςο

2282 5247 2440 5302 τοῦτο
2463 5247 2574 5322 7&9
2595 5247 2686 5302 διὰ
2711 5249 2812 5320 τὴν
2845 5250 2946 5322 σήν
2970 5250 3250 5323 ἁμαρτίαν
3275 5251 3503 5319 γέγονεν
3519 5265 3533 5279 ·
3557 5251 3675 5306 ἀλλ’
3707 5252 3965 5324 ἐννόησον

2284 5335 2450 5390 αὐτοῦ
2501 5336 2562 5390 τὸ
2615 5336 2833 5408 κάλλος,
2887 5339 2984 5392 καὶ
3028 5339 3128 5410 τὴν
3181 5337 3411 5409 δύναμιν
3441 5337 3541 5410 τήν
3577 5338 3825 5410 ὀπτικήν,
3864 5341 3964 5396 καὶ

2285 5423 2404 5488 πῶς
2435 5425 2692 5480 τοσοῦτον
2725 5425 2895 5480 ἐπιὼν
2929 5426 3092 5498 ἀέρος
3127 5427 3300 5498 μῆκος
3331 5427 3394 5480 ού
3429 5425 3628 5498 κάμνει
3656 5427 3752 5481 καὶ
3772 5429 3968 5483 ταλαι-

2286 5514 2482 5582 πωρεῖ,
2517 5511 2656 5567 ἀλλά
2685 5512 2846 5576 πόδες
2874 5512 2972 5584 μὲν
3007 5513 3187 5580 ὀλίγον
3218 5513 3572 5584 προελθόντες
3616 5515 3837 5569 πονοῦσι
3865 5517 3966 5570 καὶ

2287 5597 2609 5664 ἐκλύονται,
2655 5595 2932 5671 ὀφθαλμὸς
2982 5599 3044 5654 δέ
3088 5601 3287 5655 ὁδεύων
3345 5599 3570 5656 τοσοῦτο
3629 5602 3730 5674 μὶν
3787 5602 3963 5673 ὕψος,

2345 5735 2368 5763 °
2397 5737 2626 5805 δεινῆς-ει
2660 5741 2859 5802 plurimi
2888 5753 3005 5789 mss.
3030 5740 3086 5789 τὸ
3115 5741 3384 5804 κατάλυμα.
3415 5743 3593 5794 Morel.
3615 5750 3669 5792 el
3702 5735 3970 5805 pauciores"

2282 5800 2339 5850 τὸ
2361 5800 2728 5850 mnuum.

2345 5859 2374 5901 ιι
2397 5862 2496 5911 Alii
2520 5859 2825 5924 ιργάάτισθαι.

2352 5929 2376 5956 ο
2414 5924 2496 5974 Sic
2517 5922 2668 5974 Sam.
2695 5932 2748 5976 et
2767 5938 2856 5974 ms.
2883 5922 3056 5975 Morel.
3083 5927 3109 5976 6
3129 5925 3359 5990 10-pin:-
