4232 6320
276 385 373 442 m
1165 396 1254 450 AD
1286 398 1609 456 POPULUM
1652 382 2137 452 ANTIOCHENUM
2201 383 2424 440 noun.
2462 385 2550 440 tu.
3487 387 3586 442 ne

341 505 547 561 Contra
597 502 917 558 Manichwos
961 498 1600 571 [agiturin—Gentilium
1644 513 1772 554 vero
1811 506 1867 553 et

266 597 645 652 hzereticorum
673 594 828 649 multi
853 608 918 649 ne
953 591 1146 647 factum
1176 591 1390 662 quidem
1429 609 1457 646 a
1502 592 1612 647 Deo
1640 591 1862 647 dicunt:

264 690 547 759 indignum
575 688 721 740 enim
753 687 845 741 Dei
872 685 1144 740 creatione
1183 700 1303 739 esse.
1345 693 1552 753 putant,
1576 683 1784 748 sordes,
1814 691 1868 735 et

263 783 514 844 sudores,
560 789 614 834 ct
646 782 927 850 lacrymas,
956 789 1010 833 et
1033 778 1264 840 labores,
1296 786 1349 830 et
1373 790 1660 838 a-rmunas,
1684 786 1738 828 et
1764 775 1865 826 alsa

262 869 515 939 corporis
553 871 731 923 omnia
766 876 1159 938 percurrentes.
1201 866 1314 936 Ego
1348 877 1544 931 autem,
1589 875 1878 935 postquam'

262 963 441 1017 dehis
463 971 676 1029 emptus
702 975 783 1014 est
804 974 982 1014 sermo
1003 1003 1016 1024 ,
1043 959 1270 1033 primum
1295 959 1511 1026 quidem
1542 957 1667 1010 illud
1691 955 1869 1010 dicere

265 1068 486 1123 possem
521 1068 534 1104 :
565 1051 644 1106 Ne
685 1051 816 1105 mihi
859 1065 1130 1121 proponas
1159 1050 1428 1103 hominem
1456 1048 1595 1101 hunc
1620 1047 1871 1113 prtevat'i-

263 1155 470 1204 catum,
496 1141 707 1196 honore
760 1143 1050 1210 privatum,
1079 1140 1423 1203 damnatum;
1462 1141 1555 1194 sed
1587 1140 1628 1192 si
1672 1139 1750 1192 vis
1782 1137 1867 1192 di-

264 1248 440 1298 scere,
466 1234 625 1302 quale
648 1223 804 1286 nobis
819 1233 886 1286 ab
907 1232 1056 1286 initio
1081 1229 1223 1286 Deus
1242 1218 1447 1284 fin‘xcrit
1468 1239 1682 1301 corpus,
1704 1230 1754 1283 in
1777 1244 1869 1299 pa-

264 1324 508 1377 radisum
525 1336 730 1384 eamus,
752 1335 804 1378 et
821 1323 887 1376 ab
905 1322 1054 1375 initio
1071 1321 1265 1376 faetum
1283 1321 1551 1375 hominem
1571 1320 1866 1374 videamus.

262 1411 384 1468 Non
413 1416 557 1467 enim
581 1414 660 1467 sic
680 1418 796 1467 erat
816 1427 1010 1482 corpus
1039 1412 1165 1466 illud
1185 1413 1528 1481 corruptibili:
1545 1424 1598 1466 et
1619 1413 1865 1477 mortale,

262 1505 363 1561 sed
395 1515 666 1574 tamquam
704 1519 863 1558 aurea
909 1513 1081 1558 statua
1112 1503 1180 1558 de
1220 1503 1434 1558 fornace
1477 1517 1756 1573 progressa
1785 1519 1872 1557 rc-

263 1605 454 1652 oenter
483 1607 539 1650 et
568 1595 852 1664 Splendide
873 1597 1099 1666 fulgens,
1129 1596 1209 1650 sic
1239 1596 1385 1650 omni
1409 1594 1501 1649 tali
1526 1598 1870 1665 corruptione

264 1689 396 1745 illud
423 1704 620 1760 corpus
646 1690 945 1744 absolutum
977 1699 1092 1743 erat
1119 1707 1132 1742 :
1164 1697 1217 1743 et
1245 1703 1418 1760 neque
1447 1688 1598 1742 labor
1622 1688 1866 1754 vexabat,

253 1796 444 1853 neque
462 1782 628 1836 sudor
653 1783 895 1845 nocebat,
924 1797 1023 1835 nec
1044 1795 1188 1835 cura:
1208 1766 1613 1846 insidiabantur,
1646 1794 1751 1835 non
1773 1781 1870 1834 ob-

261 1873 517 1928 sidebant
553 1873 804 1937 tristitiir,
850 1886 948 1925 nec
1001 1870 1143 1924 aliud
1191 1869 1480 1940 quidquam
1507 1869 1649 1940 quod
1704 1869 1870 1924 laede-

264 1978 369 2032 ret,
393 1966 724 2035 patiebatur;
761 1974 1038 2034 postquam
1062 1977 1187 2018 vero
1209 1977 1312 2018 non
1347 1962 1622 2018 moderate
1647 1962 1870 2017 felicita-

264 2068 374 2112 tctn
399 2058 542 2122 tulit,
568 2057 660 2113 sed
687 2056 1081 2112 benefactorem
1121 2056 1283 2110 hamo
1321 2056 1643 2110 contumelia
1668 2054 1865 2119 affecit,

262 2160 322 2206 et
351 2150 596 2205 fallacem
621 2150 826 2219 putavit
852 2149 1151 2203 dmmonem
1175 2163 1315 2214 esse,
1345 2148 1703 2218 gubernatore
1733 2147 1864 2214 Deb,

263 2242 355 2311 qui
381 2257 442 2297 se
468 2243 520 2295 in
541 2241 756 2302 honore
783 2245 1150 2305 constituerat,
1190 2241 1292 2295 fide
1317 2240 1633 2310 digniorem,
1662 2251 1714 2296 et
1734 2233 1868 2295 deus

263 2335 381 2389 fieri
417 2335 682 2405 speravit,
715 2345 768 2388 et
810 2335 1066 2403 majorem
1100 2332 1310 2402 propria
1335 2333 1591 2403 dignitate
1624 2322 1871 2403 concepit

261 2424 571 2494 Opinionem
603 2441 614 2476 :
651 2429 777 2478 tunc
805 2423 1058 2493 profectu,
1090 2433 1216 2478 tunc
1238 2432 1293 2478 et
1322 2439 1417 2493 per
1442 2425 1553 2493 ipsa
1578 2419 1718 2479 Deus
1739 2434 1866 2494 ope-

261 2526 322 2570 ra
359 2517 535 2585 ipsum
580 2517 831 2571 erudiens
858 2517 1259 2584 corruptibilem
1298 2525 1354 2572 et
1381 2507 1657 2572 mortalem
1685 2514 1866 2572 reddi-

259 2609 362 2674 dit,
386 2619 441 2664 et
471 2610 553 2664 his
574 2609 755 2664 multis
778 2610 1016 2665 obvinxit
1035 2611 1466 2677 necessitatibus,
1489 2629 1596 2666 non
1618 2627 1863 2682 perosus,

259 2717 439 2773 neque
467 2715 747 2757 aversatus
770 2743 786 2768 ,
819 2703 910 2757 sed
941 2700 1228 2758 consulens
1253 2714 1308 2758 et
1358 2705 1654 2773 improbam
1697 2707 1863 2774 pesti-

260 2793 574 2864 lentemque
618 2795 762 2848 illam
790 2796 856 2848 ab
883 2794 1032 2848 initio
1063 2803 1374 2850 nascentem
1405 2795 1710 2865 superbiam
1741 2812 1865 2865 pro-

260 2885 457 2940 hibens
481 2927 498 2951 ,
547 2901 649 2942 nec
688 2884 908 2942 ulterius
951 2887 1245 2955 procedere
1274 2889 1610 2958 permittens,
1643 2888 1738 2944 sed
1769 2904 1865 2960 per

260 2975 433 3044 ipsam
462 2991 646 3030 rerum
667 2978 1052 3046 experientiam
1077 2993 1302 3033 monens
1327 2994 1471 3042 eum,
1496 2979 1636 3049 quod
1659 2991 1861 3036 morta-

259 3065 327 3122 lis
354 3074 411 3123 et
442 3069 806 3135 corruptibilis
840 3078 1016 3136 esset,
1047 3080 1100 3124 et
1127 3070 1198 3124 ita
1239 3071 1593 3142 persuadens,
1623 3081 1681 3128 ut
1709 3090 1861 3127 num-

256 3174 421 3230 quam
455 3161 576 3214 talia
605 3162 884 3230 cogitaret,
918 3172 1007 3215 aut
1032 3163 1359 3217 somniaret:
1393 3166 1590 3219 etenim
1617 3165 1862 3221 diabolus

256 3250 468 3306 dixerat
498 3268 512 3304 :
543 3250 704 3305 Erilis
729 3253 860 3306 velut
889 3254 963 3305 dii
993 3251 1156 3323 (Gen.
1191 3255 1243 3308 3.
1281 3256 1371 3325 5).
1399 3255 1550 3310 Hanc
1576 3256 1734 3327 igitur
1761 3273 1860 3312 vo-

257 3346 376 3401 lens
400 3346 724 3400 sentcntiam
759 3345 1009 3400 radicitus
1042 3346 1310 3411 evellere,
1340 3350 1648 3404 morbosum
1691 3351 1860 3420 ipsius

254 3447 312 3493 et
335 3453 701 3493 aerumnosum
728 3452 925 3507 corpus
945 3437 1139 3504 effecit,
1165 3454 1258 3508 per
1285 3439 1453 3510 ipsam
1484 3443 1682 3497 docens
1706 3454 1860 3498 natu-

254 3545 414 3597 ram,
447 3547 515 3585 ne
544 3546 795 3600 umquam
832 3533 988 3588 talem
1019 3535 1328 3603 conciperet
1360 3537 1756 3607 cogitationem.
1791 3537 1861 3594 Et

255 3622 402 3692 quod
423 3621 528 3676 hoc
555 3623 624 3676 sit
647 3637 852 3686 verum,
884 3625 1118 3678 maxime
1148 3625 1361 3694 quidem
1387 3635 1441 3680 et
1460 3642 1526 3682 ex
1556 3629 1720 3698 gestis
1748 3629 1855 3682 cir-

252 3727 316 3767 ea
345 3714 522 3781 ipsum
551 3723 634 3768 est
656 3713 996 3770 manifesmm
1029 3732 1043 3768 :
1077 3725 1198 3785 post
1224 3716 1368 3770 illam
1399 3720 1542 3773 enim
1574 3731 1854 3790 exspecta.

254 3805 457 3858 tionem
490 3804 590 3858 hac
613 3803 897 3860 damnatus
923 3816 1004 3861 est
1045 3822 1222 3876 poena.
1273 3808 1342 3863 Et
1389 3811 1672 3866 considera
1725 3812 1854 3869 mihi

254 3895 350 3950 Dei
400 3897 736 3966 prudentiam
768 3914 781 3950 :
811 3912 916 3951 non
963 3897 1134 3968 ipsum
1165 3900 1301 3953 mori
1329 3901 1560 3970 primum
1591 3904 1850 3973 permisit,

253 3987 349 4041 sed
377 3986 481 4041 hoc
505 3987 623 4057 ejus
648 3987 814 4044 filium
834 3989 965 4060 pati,
993 4001 1050 4044 ut
1080 3999 1205 4045 ante
1227 3993 1409 4048 oculos
1432 3993 1710 4050 tabescens
1734 4012 1853 4052 cor-

250 4093 354 4150 pus
386 4083 608 4138 intuitus
643 4092 699 4138 et
739 4097 1371 4157 marcescens,.magnam
1410 4101 1476 4142 ex
1507 4086 1611 4144 hoc
1635 4101 1851 4160 aspectu

250 4170 609 4241 philosophia;
655 4172 988 4242 disciplinam
1036 4185 1273 4244 caperet,
1330 4186 1385 4232 et
1435 4166 1668 4235 disceret
1721 4181 1848 4250 quid

253 4268 439 4311 actum
475 4267 652 4324 esset,
698 4268 860 4335 atque
891 4260 964 4315 ita
998 4259 1142 4318 bene
1184 4275 1467 4321 correctus
1515 4267 1644 4323 hinc
1673 4267 1854 4322 disce-

249 4347 421 4407 ἀρε-ἐι»

337 4442 583 4512 Deﬁnitio
611 4443 828 4496 hominis
848 4447 1124 4498 secundum
1150 4445 1498 4519 philosophos.
1531 4479 1602 4490 —
1629 4451 1857 4508 Maxime

260 4532 443 4602 igitur,
476 4533 617 4603 quod
656 4533 785 4600 dixi,
830 4545 884 4588 et
913 4552 976 4590 ex
1011 4537 1120 4605 jam
1169 4541 1333 4608 gestis
1373 4539 1476 4595 hoc
1517 4542 1854 4599 manifestum

259 4637 345 4680 est
374 4643 388 4679 :
420 4641 518 4680 nec
547 4627 720 4679 minus
765 4643 891 4682 vero
931 4641 984 4683 et
1029 4644 1096 4684 ex
1139 4629 1258 4685 aliis
1307 4642 1426 4702 p0st
1457 4631 1572 4688 haec
1614 4636 1856 4691 dicendis

257 4726 506 4786 apertum
547 4719 668 4772 erit.
710 4717 763 4773 Si
807 4720 948 4773 enim
992 4721 1080 4774 tali
1109 4725 1348 4790 corporis
1397 4725 1714 4782 necessitate
1756 4743 1856 4784 nos

257 4810 545 4873 vinciente,
587 4818 639 4861 et
679 4807 927 4864 omnibus
957 4813 1304 4868 morientibus
1340 4819 1850 4889 corruptionemque

256 4899 583 4969 patientibus
608 4908 663 4953 et
682 4902 1134 4956 marcescentibus
1157 4913 1281 4959 ante
1305 4907 1542 4960 omnium
1566 4909 1770 4975 oculos,
1800 4920 1854 4965 et

255 4995 445 5048 solutis
497 4993 549 5046 in
609 4993 920 5060 pulverem,
966 5003 1020 5047 et
1071 4995 1402 5066 philosophis
1449 5016 1607 5054 unam
1659 5002 1796 5057 hanc
1833 5006 1850 5036 ι

255 5082 533 5138 hominum
565 5084 772 5150 generis
803 5085 1176 5153 cotnpletivam
1212 5087 1575 5144 definitionem
1610 5091 1853 5148 facienti-

253 5179 385 5233 bus:
407 5176 720 5250 interrogati
747 5198 975 5252 namque
989 5185 1114 5254 quid
1137 5187 1349 5241 tandem
1371 5189 1437 5243 sit
1458 5189 1851 5256 homo,animal

251 5274 534 5336 rationale,
557 5275 800 5329 mortale.
818 5277 1033 5331 dicunt:
1057 5279 1100 5332 si
1133 5281 1291 5350 igitur
1310 5283 1556 5336 omnibus
1575 5284 1688 5339 hare
1717 5299 1848 5338 con-

252 5367 558 5430 fitentibus,
605 5368 719 5422 ausi
764 5379 888 5423 sunt
929 5371 1143 5440 quidam
1192 5388 1252 5428 se
1291 5373 1617 5431 immortales
1670 5377 1848 5432 facere

249 5457 387 5525 apud
419 5457 712 5513 multorum
742 5459 1056 5529 opiniones,
1099 5472 1153 5517 et
1179 5465 1344 5519 oculis
1385 5477 1612 5521 mortem
1660 5470 1846 5524 testifi-

247 5550 517 5614 cantibus‘,
546 5561 606 5604 ut
622 5549 695 5604 dii
720 5551 994 5618 [medicari
1020 5554 1431 5616 contenderunt,
1457 5569 1511 5611 et
1542 5567 1598 5612 tit
1620 5558 1692 5612 dii
1717 5559 1843 5614 culti

249 5649 372 5693 sunt
403 5657 419 5694 :
449 5641 552 5694 nisi
576 5641 855 5711 prodiisset
892 5658 1038 5699 mors
1076 5655 1279 5701 naturae
1317 5648 1694 5705 mortalitatem
1723 5667 1841 5708 om-

309 5816 328 5846 ⁶
361 5822 484 5866 Tres
502 5821 614 5866 In.
636 5823 810 5868 etSav.
835 5819 882 5867 in
906 5830 1063 5882 marg.
1091 5834 1104 5870 :
1138 5829 1287 5872 ruam
1309 5827 1356 5874 et
1375 5825 1616 5876 eamdem.

569 5906 823 5967 Parnm.
891 5909 1005 5968 (in.
1053 5914 1102 5972 Χ
1121 5911 1184 5970 ω
1201 5913 1244 5969 λ
1263 5957 1276 5970 .

1989 513 2084 553 nes
2131 497 2329 554 docens
2381 509 2432 554 et
2479 498 2998 568 corruptibilitatcm.
3034 497 3099 553 a:l
3132 499 3256 568 quid
3302 499 3587 569 impietatis

1987 605 2091 643 non
2117 592 2486 660 prorupissent
2517 592 2790 645 hominum
2817 591 3066 660 plurimi?
3099 592 3237 646 Audi
3262 592 3438 662 itaque
3460 594 3583 661 quid

1984 681 2124 735 dicat
2156 681 2409 751 prepheta
2449 682 2516 738 de
2555 683 2785 753 quodam
2828 684 3057 737 barbaro
3099 699 3223 753 rege
3264 684 3355 737 tali
3407 683 3588 738 furore

1985 784 2144 843 capto
2168 792 2182 828 :
2215 773 2385 842 Super
2407 786 2544 829 astra
2567 768 2684 828 Dei'
2706 774 2937 828 cxaltubo
2965 776 3150 829 solium
3193 792 3358 830 meum
3381 817 3396 838 ,
3428 785 3474 827 ct
3504 792 3589 828 ero

1985 863 2164 918 similis
2184 860 2629 934 AltissimoUsai.
2662 866 2748 918 14.
2785 866 2869 918 15.
2902 863 3031 934 Η).
3077 865 3251 935 Ipsum
3284 878 3412 918 vero
3438 862 3586 917 deri-

1986 958 2139 1024 deos,
2185 966 2237 1013 et
2280 967 2507 1012 mortem
2536 958 2652 1027 ejus
2681 957 2984 1020 declarans,
3032 957 3204 1025 inquit
3249 977 3263 1009 z
3317 954 3503 1010 Sttbter
3545 967 3590 1008 te

1985 1059 2204 1106 uernent
2246 1051 2581 1120 putredinem,
2631 1060 2676 1104 et
2706 1051 3072 1118 operimentum
3115 1060 3256 1102 tuum
3285 1049 3376 1101 erit
3409 1048 3588 1100 vermis

1987 1143 2152 1211 (Ibid.
2188 1159 2238 1196 ν.
2281 1141 2395 1212 ll).
2429 1143 2577 1210 Quod
2625 1142 2987 1204 antctndicit,
3021 1142 3124 1195 tale
3152 1151 3233 1194 est
3263 1155 3276 1192 :
3312 1139 3481 1192 Homo
3509 1147 3590 1189 ωε

1988 1235 2093 1290 lem
2122 1244 2437 1304 exspectans
2478 1235 2659 1298 finem,
2695 1233 2821 1288 talia
2851 1234 3088 1304 cogitare
3115 1245 3277 1284 ausus
3298 1229 3489 1285 es?'l£t
3519 1228 3587 1281 de

1985 1326 2090 1379 alio
2117 1326 2334 1392 iterum,
2359 1340 2536 1395 regem
2569 1326 2689 1378 dico
2720 1324 3027 1396 Tyriorum,
3061 1323 3253 1377 similia
3284 1329 3582 1391 parantem,
3619 1371 3624 1375 ,

1984 1428 2038 1472 et
2063 1418 2221 1472 deum
2246 1433 2304 1472 se
2335 1417 2521 1472 haberi
2544 1415 2811 1472 veientem
2843 1435 2857 1470 :
2891 1415 2970 1470 Tu
2995 1432 3131 1482 vero,
3173 1414 3364 1482 inquit,
3405 1429 3506 1465 non
3533 1428 3586 1465 es

1983 1512 2221 1574 deus,sed
2244 1511 2414 1576 homo,
2459 1522 2507 1565 et
2535 1521 2582 1564 te
2606 1521 2882 1581 ptmgcntes
2926 1511 3021 1563 hoc
3050 1509 3219 1562 dicent
3249 1505 3459 1578 (Ezcclt.
3490 1505 3582 1560 28.

1984 1607 2061 1675 9).
2095 1605 2282 1678 Itaque
2306 1621 2334 1658 a
2363 1604 2671 1675 primordiis
2697 1603 2964 1674 superbiae
2990 1612 3045 1656 et
3067 1602 3384 1655 idololatria:
3413 1608 3585 1652 matc-

1982 1699 2117 1752 riam
2147 1699 2357 1766 penitus
2375 1696 2644 1760 auferens,
2673 1695 2813 1751 Deus
2839 1695 2942 1749 tale
2965 1692 3118 1748 nobis
3138 1707 3334 1761 corpus
3362 1690 3584 1760 paravit.

1985 1788 2053 1847 Et
2079 1789 2204 1862 quid
2234 1793 2465 1859 miraris,
2503 1791 2546 1846 si
2573 1793 2624 1846 in
2653 1807 2878 1862 corpore
2907 1791 3009 1846 hoc
3037 1791 3232 1845 factum
3259 1798 3358 1852 est,
3388 1803 3509 1842 cum
3533 1797 3586 1842 et

1985 1883 2037 1936 in
2065 1882 2241 1935 anima
2270 1883 2451 1936 videre
2491 1883 2651 1937 liceat
2696 1883 2799 1936 tale
2848 1883 2974 1953 quid
3013 1880 3262 1953 gestum?
3307 1878 3584 1935 Mortalem

1983 1988 2179 2042 nempe
2211 1971 2351 2027 Deus
2381 1988 2486 2027 non
2532 1975 2688 2041 fecit,
2719 1973 2811 2028 sed
2844 1973 3203 2028 immortalem
3235 1990 3356 2032 esse
3385 1977 3586 2044 permi~

1983 2061 2082 2126 sit;
2113 2059 2368 2116 oblivioni
2397 2071 2574 2117 autem
2602 2070 2656 2116 et
2683 2064 2999 2132 ignorantia:
3025 2074 3079 2118 et
3108 2066 3335 2119 tristitiae
3363 2075 3418 2120 et
3442 2069 3586 2119 curis

1983 2152 2267 2209 obnoxiam
2320 2155 2487 2222 ipsam
2534 2153 2768 2208 reddidit
2809 2171 2822 2208 :
2855 2164 2908 2208 et
2935 2154 3036 2210 hoc
3062 2155 3206 2220 fecit,
3240 2170 3306 2210 ne
3349 2155 3416 2210 ad
3463 2171 3586 2226 pro.

1981 2245 2152 2313 priam
2174 2246 2591 2316 generositatem
2621 2245 2936 2316 respiciens,
2970 2247 3230 2314 majorem
3257 2247 3472 2315 propria
3501 2246 3586 2300 tli-

1982 2326 2520 2407 gnitatebpinionem
2552 2337 2839 2406 concipiat.
2872 2336 2926 2392 Si
2958 2339 3102 2392 enim
3125 2379 3139 2404 ,
3185 2347 3307 2392 cutn
3353 2338 3469 2391 hinc
3513 2339 3588 2390 Ila

1981 2428 2109 2494 sint,
2143 2428 2359 2498 quidam
2404 2427 2585 2482 dicere
2635 2439 2760 2482 sunt
2799 2429 2934 2496 ausi,
2981 2441 3101 2484 eam
3133 2429 3448 2483 substantia:
3493 2427 3583 2484 Dei

1959 2534 2124 2588 .esse,
2157 2519 2204 2574 si
2230 2519 2300 2575 ab
2325 2519 2389 2574 iis
2417 2528 2561 2575 esset
2589 2519 2832 2575 ab.-oluta
2867 2521 3229 2608 passionibus,
3256 2521 3322 2574 ad
3351 2520 3474 2592 quid
3504 2518 3583 2572 fu-

1980 2610 2120 2666 roris
2165 2611 2250 2664 isti
2293 2626 2400 2664 non
2446 2611 2872 2679 processis«eut?
2917 2611 3298 2666 Verumtamen
3338 2610 3480 2680 quod
3518 2611 3582 2664 de

1981 2701 2254 2756 creatione
2281 2701 2468 2756 mundi
2515 2700 2781 2768 dicebam,
2816 2700 2919 2756 hoc
2950 2712 3004 2755 et
3047 2700 3116 2756 de
3156 2716 3382 2771 corpore
3420 2701 3543 2756 dico
3566 2741 3582 2762 .

1982 2809 2070 2849 me
2095 2794 2342 2850 similiter
2369 2804 2589 2865 propter
2617 2794 2728 2848 ltzec
2759 2806 2980 2865 utraque
3011 2795 3180 2849 Deum
3211 2793 3498 2859 admirari,
3531 2807 3582 2847 οι

1979 2887 2124 2959 quod
2148 2887 2495 2958 corruptibile
2520 2888 2693 2956 ipsum
2725 2886 2930 2952 fecerit,
2957 2896 3012 2942 et
3035 2886 3182 2957 quod
3203 2887 3255 2941 in
3284 2885 3584 2956 corruptio.

1982 2992 2052 3032 ne
2078 2978 2347 3048 propriam
2389 2978 2641 3032 virtutem
2673 2988 2728 3032 et
2765 2977 3082 3048 sapientiam
3112 2979 3579 3035 demonstraverit.

1981 3070 2137 3135 Quod
2179 3071 2321 3125 enim
2371 3071 2611 3125 melioris
2661 3072 2834 3139 ipsum
2881 3072 3121 3126 materiae
3162 3070 3340 3126 facere
3377 3084 3580 3140 posset,

1979 3159 2215 3216 ostendit
2256 3175 2322 3215 ex
2362 3159 2563 3215 ctelesti
2595 3176 2823 3231 corpore
2862 3171 2914 3215 et
2953 3161 3134 3215 solari.
3165 3161 3266 3229 Qui
3306 3162 3451 3217 enim
3491 3162 3580 3216 illa

1977 3247 2106 3308 fecit
2131 3252 2277 3317 talia,
2309 3260 2366 3307 et
2392 3255 2494 3307 hoc
2537 3251 2644 3308 tale
2673 3251 2868 3316 facere,
2907 3253 2952 3308 si
2981 3252 3255 3328 voluisset,
3284 3253 3577 3322 potuisset:

1977 3343 2072 3397 sed
2113 3342 2439 3398 infirmitatis
2469 3357 2630 3396 causa
2669 3351 2754 3397 est
2783 3357 2844 3397 ea
2867 3385 2883 3410 ,
2933 3355 3093 3415 quam
3131 3359 3293 3414 supra
3325 3344 3578 3400 diximus.

1975 3431 2093 3487 Non
2123 3443 2298 3488 tamen
2327 3432 2428 3488 hoc
2466 3433 2764 3488 mirabilem
2795 3435 2902 3488 vim
2929 3431 3209 3490 Creatoris
3223 3435 3442 3496 deterit.
3484 3439 3576 3490 sed

1973 3527 2136 3581 etiam
2175 3525 2405 3596 amplius
2431 3527 2657 3581 intendit
2688 3544 2702 3580 :
2733 3527 2972 3582 materia:
3015 3528 3158 3581 enim
3205 3527 3379 3581 vllitas
3409 3529 3577 3598 magis

1975 3620 2314 3675 demonstrat
2357 3621 2489 3675 artis
2530 3621 2738 3691 copiam
2775 3630 2831 3675 et
2874 3620 3214 3686 facultatem,
3245 3622 3493 3690 quoniam
3525 3623 3576 3674 in

1973 3712 2086 3766 luto
2115 3721 2170 3767 et
2191 3711 2367 3766 favilla
2395 3720 2595 3767 tantam
2621 3713 2797 3782 posuit
2823 3712 3180 3778 harmoniam,
3212 3722 3266 3768 et
3295 3713 3426 3767 tales
3447 3727 3577 3767 sen-

1970 3818 2063 3859 sus
2092 3813 2200 3858 tam
2231 3804 2408 3860 varios
2436 3815 2492 3860 et
2519 3805 2858 3860 omnimodos
2896 3814 2952 3860 et
2979 3815 3183 3861 tantum
3207 3805 3575 3876 philosophari

1971 3894 2226 3950 Valentes.

2040 3985 2093 4042 5.
2127 3987 2306 4056 Itaque
2325 3993 2524 4057 quanto
2550 3987 2717 4059 magis
2738 3985 3050 4043 substantia:
3078 3988 3386 4044 tenuitatem
3410 4001 3574 4043 accu-

1967 4093 2076 4146 sas,
2108 4089 2255 4134 tanto
2304 4080 2474 4151 magis
2524 4079 2619 4135 Dei
2649 4080 2780 4135 artis
2818 4080 3238 4152 magnitudinem
3280 4081 3569 4136 admirare.

1965 4169 2227 4237 Quoniam
2250 4180 2302 4225 et
2329 4172 2643 4227 statuarium
2662 4171 2922 4236 admiror,
2944 4187 3050 4226 non
3068 4181 3174 4227 tam
3205 4188 3273 4228 ex
3302 4183 3435 4227 auro
3455 4176 3573 4243 pul-

1963 4262 2148 4316 chram
2174 4260 2457 4316 facientem
2478 4268 2730 4326 statuam,
2755 4279 2914 4332 quam
2938 4279 3006 4317 ex
3032 4263 3146 4317 luto
3175 4264 3444 4319 dilabente
3469 4265 3570 4318 titi-

1961 4350 2185 4407 rabilem
2229 4363 2282 4407 et
2322 4352 2786 4422 ittechgitahilem
2835 4354 3072 4424 figmenti
3117 4355 3568 4424 pulchritudinem

1961 4442 2092 4496 artis
2125 4443 2374 4499 facultate
2413 4443 2671 4499 exhibere
2711 4445 2999 4500 valentem.
3034 4443 3147 4501 Illic
3172 4443 3569 4519 enim'fiugeuti

1951 4537 2186 4590 materia
2223 4551 2436 4606 quoque
2477 4537 2722 4605 confert,
2771 4538 2859 4592 hic
2898 4537 3040 4593 nuda
3083 4550 3166 4595 est
3206 4540 3341 4596 artis
3380 4555 3569 4597 osten-

1963 4629 2111 4682 talio.

2030 4718 2128 4774 Dei
2161 4721 2410 4790 sapientia
2435 4721 2488 4774 in
2524 4721 2790 4776 oculorum
2829 4724 3202 4778 constitutione.
3232 4755 3304 4766 —
3331 4723 3410 4781 Tu
3439 4743 3569 4781 vero

1959 4813 2003 4866 si
2030 4812 2234 4867 disci-rc
2260 4813 2358 4877 vis,
2381 4821 2578 4882 quanta
2606 4815 2675 4868 sit
2700 4817 2836 4884 ejus,
2862 4817 2949 4885 qui
2983 4831 3079 4870 nos
3099 4819 3319 4882 creavit,
3347 4819 3568 4887 sapicn-
3637 4813 3642 4816 ’

1961 4907 2054 4972 tia,
2097 4907 2267 4976 cogita
2312 4905 2438 4975 quid
2463 4923 2529 4961 ex
2570 4907 2681 4960 luto
2705 4909 2794 4961 fiat
2824 4925 2836 4962 :
2865 4909 2989 4977 quid
3021 4915 3200 4965 autem
3233 4911 3376 4965 aliud
3405 4928 3566 4981 quam

1959 4998 2093 5052 later
2112 5006 2165 5051 et
2191 4998 2364 5051 teSta?
2401 4996 2782 5053 Verumtamen
2822 5002 3057 5069 Optimus
3085 5002 3276 5058 artifex
3320 5005 3460 5059 Deus
3501 5021 3565 5060 es

1958 5090 2178 5142 materia
2216 5088 2356 5143 unde
2400 5089 2457 5142 fit
2486 5098 2618 5143 testa
2642 5097 2696 5143 et
2726 5089 2861 5143 later
2889 5091 3187 5159 dumtaxat,
3212 5095 3428 5149 oculum
3460 5107 3566 5150 tam

1957 5180 2238 5249 pulchrum
2261 5181 2480 5234 efficere
2507 5182 2693 5248 potuit,
2727 5193 2781 5235 ut
2802 5195 3016 5250 omnes,
3048 5185 3139 5254 qui
3165 5197 3413 5250 cernunt,
3445 5197 3563 5243 stu-

1956 5281 2136 5340 peant,
2159 5280 2212 5324 et
2232 5279 2432 5323 tantam
2461 5269 2585 5324 huic
2612 5272 2716 5324 vim
2743 5273 3000 5340 inserere,
3028 5286 3084 5329 ut
3103 5277 3244 5330 aeris
3271 5277 3561 5331 immanem

1954 5361 2288 5415 altitudinem
2327 5371 2531 5431 spectet
2554 5404 2567 5423 .
2609 5373 2665 5416 et
2693 5363 2900 5433 exigua:
2931 5367 3142 5435 pupillae
3185 5368 3452 5436 adjutorio
3485 5378 3562 5420 tot

1954 5470 2178 5524 corpora
2199 5453 2641 5525 comprehendat,
2672 5465 2726 5508 et
2749 5466 2980 5524 montes,
3005 5468 3059 5513 et
3084 5459 3272 5522 saltus,
3297 5471 3349 5513 et
3369 5460 3558 5521 colles,

1952 5556 2007 5601 et
2032 5546 2219 5611 maria,
2250 5559 2301 5601 et
2332 5544 2540 5600 casiam.
2568 5546 2644 5600 Nc
2675 5547 2803 5601 mihi
2831 5548 2979 5603 dicas
3017 5551 3177 5620 igitur
3219 5550 3485 5622 lacrytnas
3505 5562 3560 5606 et

1951 5637 2297 5709 lippitudines
2348 5654 2361 5689 :
2404 5635 2506 5691 hoc
2547 5638 2691 5691 enim
2737 5649 2954 5708 propter
2995 5649 3270 5708 peccatum
3301 5651 3445 5695 tuum
3479 5643 3558 5694 fa.-

1949 5739 2097 5784 etum
2126 5739 2248 5794 est;
2273 5728 2365 5782 sed
2397 5730 2569 5799 cogita
2600 5729 2764 5798 ipsius
2786 5729 3234 5799 pulchritudinem
3266 5740 3320 5787 et
3341 5731 3554 5787 videndi

1952 5822 2224 5886 virtutem,
2252 5831 2303 5876 et
2327 5835 2434 5890 quo
2463 5820 2620 5875 modo
2642 5829 2841 5875 tantam
2862 5822 3002 5876 aeris
3025 5823 3409 5892 longitudinem
3431 5838 3556 5894 pera

3162 5923 3200 5985 ὃ
