4232 6320
654 415 767 472 123

662 538 907 590 currens,
938 537 1044 577 non
1063 501 1491 593 laborayneque
1516 515 1797 586 fatigatur;
1817 508 2108 583 “(pedes
2129 505 2249 575 qui-

662 617 786 672 dem
810 614 1080 686 paululum
1106 600 1370 683 progressi
1400 609 1649 664 fatiscunt
1666 616 1721 661 et
1745 606 2029 667 lassantur,
2065 597 2249 654 oculus

665 722 793 762 vero
820 715 1018 761 tantam
1046 703 1375 759 altitudinem
1402 713 1704 771 permeans,
1737 702 2041 762 tantamque
2068 687 2250 743 latitu-

662 800 869 866 dinem,
895 797 1093 852 nullam
1109 792 1271 857 sentit
1290 792 1670 849 inﬁrmitatem.
1694 786 1955 855 Quoniam
1975 783 2116 838 enim
2136 794 2252 836 om-

669 889 816 942 nium
836 888 1199 942 membrorum
1219 884 1319 939 hoc
1346 891 1427 937 est
1447 879 1598 935 nobis
1620 878 1848 932 maxime
1868 871 2250 935 necessarium,

673 979 846 1055 ipsum
887 977 1067 1032 labore
1096 974 1262 1045 premi
1304 988 1407 1027 non
1438 968 1709 1042 permisit,
1750 966 1820 1021 ita
1857 973 1919 1019 ut
1952 960 2252 1032 expeditum

674 1052 841 1140 ipsius
866 1065 1237 1131 ministerium,
1269 1072 1324 1119 et
1352 1062 1573 1117 liberant
1600 1058 1755 1114 nobis
1782 1064 1945 1112 esset.
1973 1052 2104 1121 Quis
2126 1064 2255 1105 vero

675 1174 889 1215 omnem
909 1156 1133 1213 membri
1152 1155 1308 1225 huius
1327 1154 1575 1209 virtutem
1591 1163 1836 1205 sermone
1855 1146 2119 1201 disserere
2136 1154 2259 1211 pos-

676 1250 796 1306 set?
819 1249 888 1305 Et
907 1248 1031 1319 quid
1050 1247 1119 1303 de
1156 1246 1354 1317 pupilla
1379 1241 1697 1311 videndique
1718 1237 1968 1294 facultate
1990 1232 2152 1288 dico?
2200 1230 2255 1286 Si

680 1340 821 1396 enim
847 1338 990 1409 quod
1013 1337 1251 1393 omnium
1273 1335 1587 1390 vilissimum
1611 1345 1735 1386 esse
1761 1328 1971 1383 videtur
1992 1323 2259 1380 membro-

681 1446 823 1498 rum,
838 1429 976 1486 oeuli
1008 1428 1286 1499 palpebras
1300 1424 1614 1497 exquisieris
1631 1418 2014 1484 tantummodo,
2030 1426 2084 1472 et
2108 1417 2159 1470 in
2178 1414 2259 1469 his

685 1521 906 1576 multam
932 1519 1027 1574 Dei
1054 1521 1311 1573 creatoris
1332 1515 1645 1585 sapientiam
1676 1511 1901 1566 videbis.
1952 1508 2101 1563 Sicut
2118 1505 2257 1560 enim

684 1611 739 1665 in
779 1610 941 1676 spicis
980 1609 1157 1663 aristae
1193 1614 1460 1676 tamquam
1488 1602 1729 1674 quaedam
1768 1608 2022 1670 praetenta
2060 1596 2260 1666 spicula

686 1713 816 1753 aves
843 1698 1127 1768 repellunt,
1164 1712 1271 1751 non
1303 1695 1539 1749 sinentes
1566 1690 1758 1746 fructui
1802 1688 2052 1753 insidere,
2089 1694 2142 1739 et
2163 1685 2260 1739 sti-

686 1790 864 1860 pulam
892 1788 1233 1857 infirmiorem
1255 1785 1563 1855 diffringcre
1582 1801 1594 1835 :
1615 1782 1692 1837 sic
1718 1779 1954 1851 profecto
1983 1787 2037 1833 et
2056 1776 2107 1832 in
2137 1790 2264 1831 ocu-

687 1878 775 1944 lis,
812 1878 954 1933 velut
989 1878 1231 1947 qumdam
1270 1871 1446 1930 aristas
1500 1882 1555 1929 et
1593 1872 1791 1941 spicula
1842 1877 2099 1940 prtetenta
2142 1872 2265 1922 sunt

688 1963 1058 2037 palpebrarum
1111 1964 1245 2035 pili,
1287 1964 1560 2034 pulverem
1603 1972 1657 2016 et
1694 1960 1925 2016 festucas
1979 1967 2035 2014 et
2087 1956 2266 2011 omnia

688 2064 935 2111 vexantia
961 2056 1292 2111 extrinsecus
1317 2053 1642 2124 repellentes
1667 2050 1735 2105 ab
1770 2049 1961 2116 oculis,
2004 2062 2105 2103 nec
2151 2046 2268 2116 pal-

690 2146 883 2216 pebras
917 2144 1156 2199 infestari
1201 2146 1456 2199 sitientes.
1503 2143 1694 2197 Videas
1724 2148 1901 2195 autem
1938 2147 1994 2193 et
2045 2138 2265 2191 alteram

690 2238 1008 2306 sapientiam
1043 2237 1096 2291 in
1138 2235 1437 2306 superciliis
1467 2234 1569 2289 hac
1604 2247 1709 2287 non
1762 2230 2086 2286 inferiorem.
2136 2228 2268 2295 Quis

692 2328 835 2381 enim
866 2326 1035 2396 ipsum
1067 2327 1226 2381 situm
1254 2341 1360 2380 non
1389 2306 1767 2395 obstupescat?
1804 2322 2051 2391 quoniam
2094 2332 2269 2389 neque

691 2419 830 2472 ultra
857 2432 1159 2473 mensuram
1187 2418 1462 2487 promissa:
1485 2425 1628 2481 sunt,
1654 2414 1725 2468 ita
1752 2423 1809 2469 ut
1834 2414 2019 2467 oculos
2042 2410 2267 2466 obteue-

689 2509 867 2572 brent,
912 2522 1081 2578 neque
1119 2522 1277 2578 Quam
1303 2521 1438 2576 opus
1479 2515 1562 2562 est
1597 2505 1821 2560 interius
1860 2502 2128 2568 resident;
2175 2498 2269 2563 sed

691 2598 837 2654 velut
861 2599 1049 2655 domus
1078 2598 1399 2669 suggrunda,
1438 2599 1517 2654 sic
1545 2610 1775 2666 superne
1809 2595 2063 2658 eminent,
2105 2593 2268 2647 sudo-

673 2703 806 2743 rem
832 2689 1004 2758 capite
1030 2689 1347 2743 deﬂuentem
1365 2687 1736 2759 suscipientes,
1751 2685 2060 2742 nec-oculos
2075 2682 2270 2738 laedere

694 2779 1082 2847 pe‘t‘tttitlcntes.
1127 2777 1412 2847 Propterea
1450 2777 1662 2848 quidem
1708 2787 1760 2832 et
1791 2776 1880 2847 pili
1930 2775 2059 2846 ipsis
2100 2772 2265 2828 innati

694 2878 840 2931 sunt,
863 2867 1125 2923 densitate
1168 2868 1451 2924 deﬂuentia
1494 2878 1822 2933 coercentcs,
1861 2880 1914 2923 ct
1948 2866 2115 2922 multa
2148 2881 2269 2920 cum

693 2959 964 3030 diligentia
995 2970 1368 3031 protegentes,
1415 2960 1805 3029 afferentesque
1843 2960 2063 3013 multam
2104 2958 2271 3013 oculis

694 3050 1097 3105 formositatem.
1125 3051 1235 3106 Nec
1258 3051 1359 3106 hoc
1387 3060 1586 3107 tantum
1617 3050 1734 3121 quis
1772 3048 2022 3105 admirari
2053 3058 2265 3119 posset,

695 3142 790 3194 sed
812 3149 865 3195 et
889 3140 1032 3196 aliud
1050 3156 1155 3197 non
1184 3143 1357 3198 minus
1381 3156 1537 3212 quam
1559 3141 1672 3195 hoc.
1694 3139 1806 3207 Qua
1831 3142 1973 3195 enim
1999 3140 2065 3194 dc
2088 3155 2265 3206 causa,

696 3246 896 3301 quaeso,
925 3234 1113 3303 capitis
1141 3234 1352 3304 quidem
1381 3234 1559 3303 capilli
1602 3245 1848 3288 crescunt
1879 3242 1932 3287 et
1972 3231 2268 3287 detonden-

700 3336 802 3388 tur,
833 3326 1235 3395 superciliorum
1262 3340 1386 3380 vero
1403 3324 1658 3380 minime?
1684 3338 1855 3394 neque
1883 3326 2024 3379 enim
2060 3322 2273 3378 hocne-

661 3494 663 3496 η
695 3415 779 3472 bis
806 3425 1003 3472 temere
1020 3427 1076 3473 et
1105 3431 1231 3472 casu
1262 3414 1455 3472 factum
1481 3426 1582 3483 est,
1613 3415 1705 3471 sed
1736 3430 1802 3469 ne
1834 3430 1893 3470 se
1932 3414 2273 3469 demittentes

697 3508 878 3563 oculos
904 3510 1334 3579 obtenebrarent,
1372 3502 1513 3583 quad
1552 3510 1808 3581 decrepiti
1858 3526 2017 3566 senes
2062 3513 2274 3582 patiun-

698 3608 802 3653 tur.
834 3601 960 3667 Quis
978 3612 1153 3657 autem
1177 3612 1354 3671 posset
1385 3602 1698 3673 sapientiam
1743 3590 2082 3672 omnem‘per
2118 3617 2271 3658 cere-

700 3690 850 3747 brum
874 3691 1285 3746 demoti-iratam
1333 3683 1795 3748 commemorare?
1834 3693 2010 3748 Primo
2054 3693 2268 3763 quidem

698 3779 868 3849 ipsum
898 3782 1059 3834 molle
1080 3782 1223 3846 fecit,
1264 3783 1512 3851 quoniam
1542 3783 1787 3837 sensibus
1816 3782 1990 3837 fontes
2023 3784 2272 3839 omnibus

698 3870 960 3924 ministrat
993 3888 1007 3924 :
1039 3886 1217 3940 postea
1248 3889 1313 3928 ne
1344 3883 1556 3942 pr0pter
1580 3872 1849 3943 propriam
1872 3874 2097 3928 laedatur
2121 3884 2273 3928 natu-

696 3974 834 4024 ram,
867 3961 1035 4029 ipsum
1068 3963 1277 4017 ossibus
1296 3962 1524 4032 undique
1552 3963 1809 4015 munivit:
1848 3977 2062 4018 rursum
2091 3978 2158 4018 ne
2184 3978 2272 4018 os-

696 4052 835 4106 sium
875 4053 1156 4121 aSperitate
1195 4055 1430 4107 attritum
1465 4062 1705 4120 vexetur,
1740 4054 2106 4117 membranam
2130 4040 2135 4046 ’
2158 4070 2273 4110 meo

696 4141 836 4195 diam
872 4141 1133 4208 ‘obtendit,
1186 4157 1285 4196 nec
1335 4158 1492 4197 unam
1542 4143 1731 4215 solam,
1778 4144 1880 4200 sed
1931 4154 1984 4199 ct
2024 4144 2269 4214 alteram,

698 4250 855 4288 unam
894 4235 1107 4303 quidem
1136 4233 1377 4287 calvariae
1418 4233 1637 4299 inferius
1670 4234 2018 4302 subtendens,
2049 4235 2271 4291 alteram

700 4340 829 4379 vero
857 4339 1086 4393 superne
1112 4325 1317 4379 cerebri
1344 4325 1488 4378 carni
1511 4325 1951 4391 circumvolvens,
1992 4338 2046 4381 et
2074 4336 2155 4382 est
2183 4327 2270 4383 illa

701 4417 800 4471 hac
825 4417 1023 4470 durior.
1058 4416 1170 4471 Hoc
1185 4425 1361 4471 autem
1392 4414 1518 4470 fecit
1549 4424 1659 4470 tum
1688 4425 1907 4485 prapter
1945 4431 2272 4473 commemoo

699 4517 865 4563 ratam
892 4521 1131 4572 causam,
1165 4515 1274 4560 tum
1300 4514 1355 4560 ut
1392 4506 1565 4561 illatas
1592 4507 1748 4575 capiti
1788 4506 1968 4575 plagas
2012 4522 2116 4561 non
2166 4510 2274 4577 pri-

706 4613 851 4652 mum
882 4597 1113 4666 excipiat
1148 4598 1449 4663 cerebrum,
1476 4596 1569 4651 sed
1598 4605 2046 4666 prmoccurrentes
2092 4598 2273 4668 hujus-

704 4690 844 4743 modi
875 4690 1200 4742 membrana:
1240 4689 1429 4741 ictibus
1458 4696 1834 4742 nocumentum
1869 4704 2041 4745 ,omne
2082 4690 2276 4745 dissol-

702 4793 848 4849 vant,
875 4791 928 4837 et
956 4782 1176 4839 illaesum
1208 4782 1379 4849 ipsum
1401 4788 1732 4834 conservent.
1764 4779 1901 4846 Quin
1929 4790 1983 4835 et
2009 4781 2148 4849 quod
2172 4797 2275 4836 non

700 4877 1042 4931 continuetur
1065 4886 1118 4929 et
1148 4888 1309 4928 unum
1339 4873 1409 4926 sit
1434 4886 1494 4925 os
1515 4872 1686 4941 ipsum
1712 4872 1987 4942 obtegens,
2021 4872 2114 4926 sed
2142 4874 2277 4927 ntul-

703 4980 783 5025 tas
814 4985 880 5023 ex
910 4970 1088 5022 multis
1120 4967 1356 5037 partibus
1387 4964 1577 5019 habeat
1604 4974 1832 5029 suturas,
1867 4967 2043 5019 multa:
2066 4982 2274 5020 rursum

701 5062 1002 5116 securitatis
1029 5060 1124 5141 ipsi
1155 5072 1315 5112 causa
1365 5066 1465 5111 est.
1518 5055 1585 5109 Et
1611 5070 1863 5123 vaporum
1912 5056 2052 5110 enim
2102 5057 2274 5127 ipsum

700 5152 1088 5207 continentium
1118 5149 1283 5203 facilis
1322 5163 1417 5218 per
1462 5159 1694 5211 suturas,
1740 5146 1855 5200 illas
1884 5148 2118 5201 exterius
2162 5148 2275 5202 ﬁeri

702 5253 877 5313 potest
906 5242 1203 5309 respiratio,
1236 5242 1306 5295 ita
1332 5248 1390 5293 ut
1413 5255 1517 5293 non
1546 5237 1833 5292 sull'ocetur
1871 5255 1884 5291 :
1935 5248 1989 5292 et
2033 5239 2076 5293 si
2124 5241 2272 5309 plaga

702 5338 946 5394 alicunde
971 5336 1247 5399 inferatur,
1282 5350 1387 5388 non
1432 5334 1623 5402 ubique
1673 5333 1731 5386 fit
1776 5344 2171 5387 nocumentum.
2220 5334 2273 5387 Si

703 5430 841 5485 enim
861 5430 1030 5483 solum
1058 5439 1111 5483 et
1137 5428 1442 5482 continuum
1469 5439 1530 5480 os
1550 5433 1712 5491 esset,
1764 5425 1813 5477 in
1862 5439 2020 5477 unam
2073 5435 2274 5493 partem

702 5524 877 5578 delata
920 5522 1069 5591 plaga
1111 5530 1275 5575 totum
1305 5520 1570 5585 laesisset;
1628 5532 1768 5573 nunc
1816 5528 1991 5572 autem
2049 5530 2168 5574 cum
2222 5521 2274 5574 in

690 5614 863 5666 multa
914 5613 1139 5667 divisum
1189 5613 1276 5678 sit,
1320 5611 1422 5665 hoc
1468 5611 1708 5666 fierinon
1736 5619 1934 5680 posset.
1977 5606 2087 5665 Etsi
2133 5614 2275 5666 enim

709 5721 865 5763 unum
895 5712 1097 5774 partem
1127 5704 1388 5758 vulnerari
1415 5703 1641 5768 accidat,
1683 5718 1745 5760 os
1773 5718 1929 5775 secus
1965 5703 2108 5757 illam
2152 5719 2274 5773 par—

705 5808 809 5851 tem
853 5797 1008 5852 situm
1056 5795 1264 5853 laeditur
1289 5795 1485 5863 solum,
1517 5796 1718 5871 reliqua
1739 5811 1868 5857 vero
1893 5803 2077 5853 cuncta
2103 5810 2279 5854 rema-

1376 407 1431 464 S.
1470 402 1748 482 JOANNIS
1784 393 2262 459 CHRYSOSTOSII
2302 386 2620 447 ARCBIEP.
2660 377 3189 441 CONSTANTINOP.

3835 365 3950 425 ιιι

2360 511 2489 577 nent
2515 501 2700 565 illaesa,
2731 498 2899 568 plagae
2947 493 3297 551 continuitate
3317 504 3385 547 ex
3431 488 3632 546 ossium
3680 483 3951 543 divisione

2357 592 2563 647 sublata
2583 632 2599 658 ,
2624 604 2724 645 nec
2748 589 2800 643 in
2824 587 3119 659 proximam
3145 581 3361 640 extendi
3389 581 3620 636 valente.
3651 577 3949 646 Propterea

2358 698 2426 738 ex
2448 683 2628 737 multis
2649 676 2815 751 ipsius
2836 689 3082 747 tegumen
3107 674 3317 730 ossibus
3339 672 3479 726 Deus
3505 665 3805 737 composuit
3828 681 3843 717 :
3887 670 3953 718 et

2360 776 2496 829 sicut
2523 774 2738 829 domum
2766 769 2958 840 aliquis
2983 767 3275 832 aedilicans,
3307 771 3505 817 tectum
3531 768 3586 814 et
3609 756 3815 827 tegulas
3844 767 3948 813 su,-

2359 865 2608 935 perponit
2635 878 2649 916 :
2685 860 2763 918 sic
2788 839 2949 931 supra
2972 868 3137 929 caput
3163 857 3304 911 Deus
3329 867 3451 909 ossa
3478 849 3672 905 locavit
3698 855 3753 902 et
3778 839 3955 935 capi]:-

2359 932 2440 1013 los
2462 932 2588 1012 fecit
2615 952 2938 1025 germinare,
2969 953 3049 1013 ',ut
3078 963 3175 1019 pro
3198 943 3513 1017 quibusdam
3540 937 3736 1010 galeris
3787 932 3953 1003 capiti

2275 1048 2281 1053 ’
2361 1054 2560 1101 essent.
2591 1023 2701 1099 [loc
2721 1042 2894 1111 ipsum
2917 1026 3152 1109 profecto
3169 1044 3224 1091 et
3252 1034 3305 1088 in
3331 1031 3495 1088 corde
3518 1028 3660 1083 fecit.
3680 1023 3951 1093 Quoniam

2362 1138 2502 1191 enim
2534 1150 2628 1189 cor
2675 1120 3041 1187 membrorum
3082 1137 3388 1184 nostrorum
3444 1118 3952 1193 principalissimum

2362 1235 2466 1291 est,
2492 1234 2548 1281 et
2574 1226 2733 1279 tutius
2758 1224 2881 1277 vitae
2902 1228 3098 1277 nostra:
3127 1220 3352 1273 ﬁrmitas
3376 1225 3458 1272 est
3486 1213 3588 1285 ipsi
3635 1210 3846 1273 tradita,
3885 1217 3949 1263 et

2363 1318 2483 1386 ipso
2507 1317 3003 1384 quomodocumque
3033 1324 3283 1381 percusso
3313 1322 3461 1363 mors
3487 1303 3702 1370 accidit,
3758 1300 3955 1356 solidis

2364 1406 2588 1462 etduris
2614 1406 2826 1461 ossibus
2878 1404 2979 1458 hoc
3007 1402 3241 1471 undique
3287 1396 3818 1462 circummunivit,et
3859 1407 3959 1464 pe~

2364 1502 2527 1555 ctoris
2557 1498 2925 1570 prominentiis
2948 1506 3001 1553 et
3042 1496 3173 1566 tergi
3189 1493 3439 1564 "scapulis
3468 1492 3642 1561 ipsum
3687 1486 3959 1560 posterius

2367 1593 2612 1646 muniens
2640 1608 2654 1644 :
2684 1600 2738 1645 ct
2761 1589 2903 1659 quod
2929 1587 2984 1643 in
3013 1586 3217 1643 cerebri
3249 1583 3573 1640 membranis
3622 1579 3766 1645 fecit,
3794 1587 3847 1634 et
3897 1577 3958 1632 in

2368 1684 2471 1740 hoc
2488 1685 2624 1738 idem
2654 1682 2851 1736 factum
2873 1691 2975 1736 est.
3004 1678 3085 1734 Ad
3116 1679 3216 1732 hoc
3240 1676 3383 1731 enim
3433 1688 3502 1729 ne
3530 1672 3837 1742 frequenter
3860 1682 3958 1723 sa-

2370 1776 2527 1841 liens,
2557 1784 2611 1829 et
2638 1774 2689 1830 in
2713 1776 2790 1829 ira
2814 1770 3223 1842 bojusmodique
3249 1768 3481 1822 motibus
3525 1763 3811 1835 palpitans,
3857 1772 3959 1815 os-

2370 1867 2507 1921 sium
2539 1864 2810 1936 aSperitati
2849 1861 3304 1919 circumstantium
3351 1854 3596 1927 indigens
3645 1859 3957 1909 conteratur

2368 1968 2423 2016 et
2442 1958 2635 2023 doleat,
2662 1956 2855 2011 multas
2881 1964 2937 2009 et
2956 1953 3027 2008 ibi
3052 1950 3390 2006 membranas
3414 1944 3704 2010 subtendit,
3732 1950 3788 1998 et
3828 1940 3957 2011 pul-

2370 2067 2583 2107 monem
2610 2048 2907 2120 supposuit,
2938 2046 3081 2101 velut
3106 2043 3267 2099 molle
3293 2038 3560 2111 quoddam
3603 2044 3825 2092 Stratum
3868 2034 3957 2104 ip~

2371 2143 2480 2198 sius
2507 2141 2728 2196 saltibus
2752 2150 3047 2209 apponens,
3071 2143 3128 2189 ut
3166 2133 3384 2202 impune
3415 2142 3703 2199 erumpens
3749 2140 3817 2180 ex
3853 2123 3958 2179 hoc

2374 2234 2503 2290 nihil
2536 2232 2756 2288 noxium
2786 2231 3035 2299 patiatur.
3082 2226 3148 2280 Et
3175 2222 3303 2293 quid
3347 2221 3470 2277 dico
3519 2217 3588 2275 de
3636 2214 3860 2273 cerebro
3903 2220 3959 2270 et

2373 2325 2553 2391 corde,
2585 2339 2704 2379 cum
2727 2324 2905 2389 utique
2928 2321 2972 2374 si
3004 2319 3122 2389 quis
3145 2316 3228 2372 vel
3253 2314 3321 2370 de
3341 2314 3470 2384 ipsis
3494 2311 3757 2383 unguibus
3801 2309 3960 2363 inve-

2373 2417 2531 2487 stiget
2557 2416 2776 2469 multam
2796 2423 2852 2467 et
2883 2411 2936 2465 in
2980 2409 3063 2464 bis
3094 2407 3187 2461 Dei
3216 2403 3531 2475 sapientiam
3572 2402 3751 2457 videat
3794 2412 3959 2469 appa-

2373 2516 2599 2571 rentem,
2632 2513 2743 2557 tum
2775 2516 2839 2557 cx
2871 2502 3105 2571 ipsorum
3134 2494 3326 2562 forma,
3350 2502 3463 2550 tum
3484 2508 3548 2549 ex
3577 2490 3872 2546 substantia
3899 2497 3959 2548 et

2373 2597 2521 2652 situ?
2546 2594 2765 2651 Licebat
2791 2594 2989 2655 dicere,
3018 2604 3183 2661 quare
3228 2597 3283 2644 et
3319 2584 3680 2657 magnitudine
3723 2582 3963 2652 impares

2374 2688 2528 2744 nobis
2553 2687 2698 2757 digiti
2725 2686 2852 2754 sint,
2878 2695 2932 2739 et
2958 2682 3124 2737 multa
3150 2682 3249 2736 alia
3299 2679 3381 2733 his
3431 2676 3620 2748 plura;
3661 2673 3757 2729 sed
3801 2671 3959 2729 sufli-

2375 2783 2576 2837 cienter
2596 2795 2659 2834 ex
2688 2776 2845 2834 dictis
2873 2773 3150 2830 attendere
3175 2769 3475 2827 volentibus
3500 2764 3761 2823 creatoris
3786 2763 3960 2819 nostri

2375 2871 2630 2942 sapientia
2658 2868 2751 2924 Dei
2779 2867 3041 2938 refulget:
3073 2871 3349 2935 propterea
3378 2868 3583 2931 partem
3619 2856 3757 2911 hanc
3803 2853 3959 2909 labo-

2372 2964 2529 3019 riosis
2577 2962 2881 3032 relinquens
2930 2955 3311 3029 exquirendam
3376 2966 3498 3009 cum
3553 2945 3825 3021 diligentia
3890 2944 3961 3004 ad

2374 3055 2531 3110 aliam
2558 3061 2844 3109 convertar
2870 3049 3282 3120 oppositioncm.
3470 3108 3495 3123 κ

2446 3146 2502 3200 4.
2534 3143 2700 3199 Homo
2727 3142 3030 3215 animalibus
3060 3137 3291 3193 omnibus
3343 3136 3570 3206 praestat,
3602 3130 3959 3201 quomodo.—

2375 3235 2521 3291 Multi
2553 3248 2780 3303 namque
2810 3240 3005 3302 praeter
3034 3229 3175 3284 dicta
3219 3235 3274 3282 et
3318 3224 3447 3281 illud
3490 3230 3799 3293 opponunt:
3830 3216 3967 3291 quid

2376 3325 2587 3380 tandem
2618 3325 2661 3379 si
2692 3324 2966 3377 brutorum
2997 3335 3090 3375 rex
3117 3317 3395 3381 esthomo,
3424 3323 3479 3390 et
3503 3314 3698 3370 robore
3724 3320 3780 3369 et
3796 3310 3956 3380 agili-

2376 3426 2485 3471 tate
2508 3423 2564 3471 et
2604 3413 2878 3469 celeritate
2928 3410 3094 3465 multa
3149 3411 3319 3479 ipsum
3363 3413 3618 3476 superant
3664 3400 3958 3457 animalia!

2375 3507 2571 3561 etenim
2602 3504 2817 3563 homine
2839 3501 3073 3557 velocior
3100 3500 3272 3570 e‘quus
3320 3508 3376 3552 et
3401 3495 3713 3550 tolerantior
3738 3493 3857 3559 bos,
3900 3499 3957 3547 et

2375 3595 2543 3650 levior
2566 3593 2765 3664 aquila,
2798 3601 2851 3647 et
2873 3590 3061 3645 fortior
3087 3589 3192 3643 leo.
3222 3585 3358 3655 Quid
3397 3585 3557 3656 igitur
3593 3583 3658 3639 ad
3707 3582 3823 3637 lucc
3871 3581 3958 3636 di-

2374 3704 2501 3744 cere
2526 3700 2807 3757 possumus
2831 3684 2854 3736 ?
2882 3680 3033 3749 Quod
3063 3690 3117 3736 et
3159 3679 3283 3733 hinc
3324 3678 3556 3733 maxime
3606 3675 3699 3729 Dei
3749 3674 3959 3743 sapieu~

2377 3781 2504 3833 tiam
2542 3776 2931 3847 cognoscimus,
2966 3782 3020 3828 et
3067 3773 3326 3826 honorem
3365 3783 3473 3839 quo
3518 3782 3617 3822 nos
3658 3764 3957 3820 decoravit.

2376 3868 2625 3923 Velocior
2653 3867 2849 3937 quippe
2876 3877 3041 3934 equus
3061 3871 3143 3915 est
3171 3861 3409 3921 homine,
3439 3857 3533 3913 sed
3563 3857 3629 3913 ad
3652 3856 3961 3927 peregrina-

2378 3960 2536 4015 tionis
2586 3958 2922 4011 velocitatem
2972 3967 3109 4023 equo
3155 3950 3485 4006 commodior
3535 3946 3714 4002 homo.
3777 3946 3960 4016 Equus

2377 4066 2589 4122 nempe,
2629 4047 2870 4119 quamvis
2894 4045 3128 4099 omnium
3156 4040 3522 4096 velocissimus
3544 4048 3599 4094 et
3639 4036 3959 4096 fortissimus

2375 4147 2461 4210 sit,
2495 4146 2577 4199 vix
2599 4144 2823 4197 ducenta
2853 4138 3019 4194 stadia
3048 4152 3156 4191 uno
3183 4134 3271 4206 die
3308 4142 3519 4198 curret;
3572 4131 3733 4184 homo
3779 4139 3959 4183 autem

2376 4239 2570 4295 tnultos
2597 4250 2662 4292 ex
2683 4233 3021 4289 successione
3058 4242 3225 4298 equos
3273 4226 3339 4281 ad
3382 4240 3597 4280 currum
3636 4222 3864 4294 iungens
3904 4231 3960 4279 et

2376 4330 2481 4385 duo
2509 4327 2796 4383 stadiorum
2840 4322 3004 4377 millia
3047 4319 3301 4388 expedire
3339 4315 3552 4386 poterit.
3593 4314 3776 4383 Itaque
3816 4311 3959 4382 quod

2376 4422 2457 4476 illi
2484 4412 2755 4481 velocitas,
2781 4415 2908 4470 huic
2932 4412 3066 4467 ratio
3098 4421 3151 4465 et
3178 4424 3267 4464 ars
3291 4423 3416 4465 cum
3441 4406 3629 4476 majori
3658 4406 3846 4460 tribuit
3868 4419 3961 4458 su-

2377 4507 2797 4582 perabanduntia
2824 4523 2840 4561 :
2871 4516 2924 4561 et
2950 4513 3058 4558 tam
3086 4502 3299 4556 veloces
3323 4498 3535 4569 quidem
3579 4495 3741 4567 pedes
3797 4494 3961 4550 homo

2379 4620 2485 4659 non
2529 4603 2688 4657 habet
2715 4614 2873 4670 quam
2910 4597 3017 4662 ille,
3069 4594 3230 4649 habet
3281 4606 3411 4647 vero
3454 4589 3619 4661 pedes
3662 4589 3802 4643 illius
3851 4602 3959 4643 non

2379 4698 2553 4751 minus
2581 4708 2738 4764 quam
2767 4705 2892 4744 suos
2923 4689 3024 4743 sibi
3052 4686 3438 4754 ministrantes.
3486 4682 3771 4737 Brutorum
3816 4680 3961 4734 enim

2380 4786 2579 4840 nullum
2607 4781 2798 4837 animal
2827 4778 2967 4833 aliud
2997 4776 3060 4831 ad
3089 4792 3241 4830 usum
3271 4789 3425 4828 suum
3469 4771 3754 4841 subjttgare
3800 4777 3962 4838 pote-

2379 4880 2491 4942 rit,
2524 4875 2684 4929 homo
2714 4881 2893 4926 autem
2924 4868 3101 4924 omnia
3146 4864 3468 4936 aggreditur,
3515 4870 3572 4938 et
3616 4876 3711 4930 per
3756 4859 3962 4915 variam

2380 4963 2737 5022 artcmaDco
2777 4954 2879 5017 sibi
2929 4958 3194 5021 traditam,
3248 4954 3315 5008 ad
3365 4967 3521 5007 usum
3579 4950 3963 5030 sibi'maxime

2380 5056 2780 5113 convenientem
2822 5049 3128 5104 animalium
3168 5044 3416 5116 quodque
3460 5041 3673 5113 subigit.
3718 5040 3779 5097 Si
3832 5056 3964 5097 vero

2382 5160 2487 5204 tam
2520 5146 2680 5201 fortes
2712 5143 2981 5197 hominum
3011 5137 3173 5207 pedes
3199 5151 3355 5205 quam
3383 5147 3643 5203 equorum
3694 5131 3960 5197 fuissent;

2379 5240 2445 5294 ad
2470 5232 3072 5294 aliafuissentinutiles,
3115 5227 3183 5282 ad
3232 5228 3469 5282 locorum
3517 5224 3859 5279 difﬁcultates
3906 5233 3964 5280 et

2380 5330 2639 5383 montium
2676 5326 2904 5380 vertices
2929 5330 2983 5377 et
3021 5320 3270 5374 arborum
3322 5316 3663 5371 ascensiones
3696 5333 3710 5371 :
3766 5314 3963 5384 ungula

2379 5423 2521 5476 enim
2552 5419 2616 5473 ad
2645 5417 2764 5471 talia
2789 5428 3004 5485 gressus
3024 5411 3280 5479 impedire
3305 5407 3463 5465 solet.
3486 5405 3671 5475 itaque
3692 5404 3796 5459 etsi
3822 5404 3963 5458 mol-

2380 5514 2540 5568 liores
2567 5512 2802 5579 ipsorum
2832 5504 3014 5574 pedes,
3044 5511 3217 5557 tamen
3245 5500 3484 5569 pluribus
3513 5497 3795 5568 Opportuui
3826 5506 3958 5550 sunt

2381 5576 2716 5670 utilitati—bus,
2761 5610 2816 5656 et
2861 5598 2991 5653 nihil
3034 5613 3103 5652 ex
3154 5594 3459 5650 inﬁrmitate
3502 5590 3786 5657 lzeduntur,
3840 5576 3966 5658 equi

2382 5710 2577 5756 virtute
2604 5698 2702 5753 sibi
2733 5694 3013 5760 serviente,
3048 5698 3102 5747 et
3132 5704 3225 5759 per
3251 5701 3465 5757 gressus
3510 5682 3769 5737 varietate
3819 5694 3967 5748 pra:-

2380 5793 2601 5852 ccllunt.
2623 5791 2851 5847 Rursum
2879 5795 2962 5844 est
2987 5785 3175 5860 aquila:
3206 5780 3376 5838 levior
3417 5779 3522 5845 ala,
3551 5773 3646 5831 sed
3698 5764 3782 5828 est
3831 5767 3966 5835 mihi
