4232 6320
313 355 418 412 Ιὲἰ

312 470 450 522 ratio
470 479 525 521 et
549 481 658 529 ars,
692 480 788 536 per
831 479 988 536 quam
1046 479 1262 534 possum
1315 465 1492 516 ouiuia
1537 463 1765 516 volantia
1814 463 1907 518 de—

313 559 532 614 trahere
559 558 807 612 animalia
835 565 889 611 et
919 571 1132 625 capere.
1155 555 1210 609 Si
1234 570 1359 610 vero
1391 555 1470 608 vis
1489 565 1542 608 et
1566 557 1706 608 alam
1735 569 1908 608 meam

313 652 519 705 videre:
543 650 716 705 habeo
739 649 828 703 illa
857 649 1025 702 multo
1054 639 1332 708 leviorem.
1364 662 1470 700 non
1503 663 1670 716 usque
1690 646 1755 701 ad
1789 657 1867 699 sta

310 741 640 804 diadecem,
669 739 753 794 vel
785 737 994 812 viginti,
1027 753 1125 793 nec
1149 753 1314 807 usque
1334 738 1398 790 ad
1421 737 1630 796 ctelum.
1665 736 1758 793 sed
1815 751 1904 787 sua

312 847 411 901 per
448 832 622 900 ipsum
648 829 837 886 emlum
866 830 1163 885 evolantem
1193 839 1246 883 et
1273 844 1435 897 super
1458 828 1648 883 cmlum
1687 827 1807 882 cmli
1836 843 1913 880 su-

317 922 524 988 perius,
553 921 644 976 ubi
673 931 754 976 est
774 920 1017 976 Christus
1045 921 1094 973 in
1121 919 1306 974 dextra
1349 919 1442 974 Dei
1489 918 1704 974 sedens.
1755 919 1913 972 Bruta

310 1027 531 1065 rursum
563 1012 614 1065 in
645 1026 872 1082 corpore
895 1018 1088 1081 gerunt
1130 1025 1278 1064 arma
1313 1027 1326 1063 :
1380 1018 1503 1080 puta
1551 1009 1645 1065 bos
1690 1024 1910 1072 cornua,

309 1101 505 1156 dentes
522 1117 673 1173 aper,
700 1117 900 1172 angues
927 1102 1009 1157 leo
1039 1121 1055 1167 ;
1085 1101 1214 1155 mihi
1261 1116 1388 1154 vero
1420 1116 1524 1154 non
1574 1101 1625 1154 in
1671 1101 1916 1170 corporis

310 1203 504 1247 natura
537 1194 677 1249 Deus
702 1209 851 1247 arma
901 1192 1160 1263 reposuit,
1207 1192 1302 1248 sed
1359 1197 1510 1247 extra
1550 1207 1744 1261 corpus
1769 1233 1782 1252 .
1815 1191 1912 1245 de-

309 1292 622 1338 monstrans
641 1283 782 1354 quod
811 1283 1009 1337 animal
1031 1283 1159 1338 mite
1203 1283 1274 1337 sit
1315 1281 1497 1350 homo,
1542 1280 1760 1351 etquod
1807 1296 1925 1337 non-

307 1374 445 1428 mihi
492 1389 708 1442 semper
733 1375 919 1427 horum
953 1385 1164 1442 tempus
1206 1389 1479 1428 armorum
1515 1388 1530 1426 :
1564 1373 1760 1428 ctenim
1810 1372 1918 1428 fre-

310 1474 547 1533 quenter
588 1465 799 1535 quidem
842 1465 894 1534 ip
924 1481 952 1518 a
1004 1465 1252 1534 depono,
1310 1481 1690 1536 nonnunquam
1738 1474 1914 1520 autem

286 1556 568 1617 ,manibus
588 1573 764 1612 sumo.
803 1557 871 1614 Ut
903 1557 1061 1628 igitur
1088 1557 1221 1613 liber
1254 1567 1308 1613 et
1353 1557 1632 1612 absolutus
1675 1558 1799 1622 sim,
1845 1572 1917 1613 ne

309 1660 534 1716 seraper
555 1655 769 1718 gestare
793 1662 955 1716 cogar
989 1663 1164 1713 arma,
1197 1663 1226 1701 a
1277 1659 1464 1702 natura
1495 1650 1616 1702 mea
1667 1657 1913 1718 separata

309 1737 444 1792 fecit
481 1738 595 1810 ipsa
639 1740 798 1796 Deus.
855 1740 972 1794 Non
1027 1741 1172 1796 enim
1220 1748 1448 1805 tantum,
1497 1741 1618 1810 quia
1669 1751 1913 1796 naturam

310 1820 576 1884 habemus
603 1829 940 1894 rationalem,
985 1829 1144 1884 bruta
1169 1845 1504 1907 superamus,
1555 1831 1650 1886 sed
1693 1840 1748 1887 et
1788 1847 1916 1888 cor-

311 1935 446 1988 pore
473 1921 603 1990 ipsis
625 1932 975 1990 pmstamus:
1030 1930 1084 1975 et
1112 1920 1213 1982 hoc
1239 1923 1382 1976 enim
1411 1922 1604 1977 anima:
1642 1924 1917 1993 generosi-

311 2012 412 2066 tati
462 1999 805 2077 conveniens,
880 2020 937 2068 et
984 2012 1249 2069 mandatis
1299 2013 1418 2083 ejus
1462 2012 1714 2069 idoneum
1771 2014 1916 2071 Deus

311 2103 676 2173 prteparavit:
708 2103 906 2158 ctenim
929 2118 1127 2173 corpus
1155 2102 1260 2158 tale
1279 2119 1386 2159 non
1409 2113 1609 2160 temere
1631 2105 1777 2173 fecit,
1820 2107 1913 2160 sed

308 2196 473 2265 quale
499 2195 655 2251 decet
673 2209 794 2250 esse
832 2196 1079 2272 rationali
1115 2204 1317 2251 natura:
1343 2195 1656 2252 ministrans
1704 2213 1716 2248 :
1771 2196 1914 2266 quod

309 2287 418 2342 nisi
450 2288 555 2342 tale
581 2295 748 2353 esset,
781 2287 1426 2358 velremcnterimpedittn
1455 2287 1690 2343 fuissent
1721 2290 1915 2345 animae

309 2379 701 2446 oper'aliones;
739 2388 793 2434 et
842 2378 945 2433 hoc
981 2394 1045 2434 ex
1093 2379 1497 2450 a‘gritudinibus
1549 2379 1915 2442 manifestum.

309 2469 370 2524 Si
396 2469 540 2524 enim
571 2469 839 2524 modicum
869 2469 996 2540 quid
1020 2484 1051 2525 a
1085 2485 1296 2540 propria
1333 2471 1716 2526 constitutione
1763 2487 1916 2527 aver-

312 2569 458 2614 tatur
487 2561 599 2629 ipse
627 2561 808 2616 carnis
850 2570 1042 2628 status,
1073 2561 1255 2615 multa:
1281 2575 1345 2616 ex
1402 2561 1594 2615 anima:
1643 2562 1915 2631 Operatin-

309 2650 474 2705 nibus
498 2651 880 2721 impediuntur,
915 2660 1038 2720 puta
1067 2651 1111 2704 si
1140 2651 1364 2705 calidius
1394 2651 1483 2705 vel
1535 2649 1776 2722 frigidius
1828 2668 1914 2707 ce-

311 2741 531 2797 rebrum
562 2741 670 2796 fiat.
693 2741 875 2812 Itaque
905 2750 960 2796 et
982 2756 1045 2795 ex
1073 2757 1300 2811 corpore
1326 2743 1546 2796 multam
1591 2743 1685 2798 Dei
1737 2745 1916 2813 provi-

310 2833 552 2888 dentiam
583 2850 804 2889 cernere
832 2834 975 2900 licet,
1005 2849 1108 2889 non
1139 2845 1343 2889 tantum
1370 2837 1622 2904 quoniam
1650 2836 1718 2890 ab
1765 2837 1927 2893 initio

312 2926 490 2993 ipsum
518 2924 729 2990 melius,
749 2939 907 2993 quam
936 2939 1077 2978 nunc
1103 2935 1205 2990 est,
1251 2924 1392 2978 Deus
1443 2924 1590 2991 fecit,
1635 2925 1729 2982 sed
1783 2942 1914 2996 quo-

312 3017 458 3070 niam
488 3025 542 3069 et
567 3014 633 3069 ad
663 3015 898 3086 gloriam
919 3015 1087 3070 multo
1114 3015 1372 3085 majorem
1418 3031 1630 3071 rursum
1681 3017 1910 3072 resusci-

314 3109 473 3164 tabit.
499 3105 553 3165 Si
588 3123 714 3161 vero
739 3115 794 3162 et
818 3107 1033 3162 aliunde
1072 3107 1282 3162 discere
1322 3108 1421 3172 vis,
1463 3117 1718 3179 quantam
1779 3110 1917 3165 Deus

313 3200 633 3268 sapientiam
660 3200 800 3253 circa
830 3212 1027 3267 corpus
1054 3197 1520 3265 demonstraverit,
1568 3199 1744 3254 dicam
1792 3200 1913 3266 huc,

314 3291 460 3361 quod
486 3292 723 3346 omnium
746 3292 977 3346 maxime
997 3291 1192 3346 Paulus
1213 3291 1463 3345 admirari
1509 3291 1723 3347 assidue
1764 3293 1915 3347 vide-

315 3392 422 3437 tur.
477 3381 614 3451 Quid
659 3390 839 3437 autem
879 3375 982 3438 hoc
1037 3382 1162 3438 est?
1207 3382 1442 3437 Membra
1490 3383 1716 3438 alterum
1761 3386 1915 3441 alteri

316 3485 574 3544 pnestzire
596 3471 743 3538 fecit,
773 3490 879 3527 non
909 3473 961 3527 in
990 3474 1198 3538 iisdem,
1231 3474 1324 3528 sed
1356 3472 1472 3528 haec
1525 3473 1740 3544 quidem
1791 3475 1917 3547 pul-

315 3568 620 3624 chritudine
643 3570 933 3638 praevalere
959 3569 1165 3636 Statuit,
1193 3568 1282 3622 illa
1304 3584 1430 3623 vero
1460 3569 1655 3624 robore
1688 3586 1703 3621 :
1761 3580 1914 3640 puta,

316 3662 542 3732 pulcher
567 3665 776 3727 oculus,
805 3662 900 3718 sed
932 3662 1178 3718 fortiores
1208 3664 1372 3734 pedes
1401 3681 1412 3716 :
1439 3665 1730 3734 pretiosum
1757 3673 1920 3734 eaput

321 3755 417 3809 sed
463 3753 644 3809 dicere
670 3771 774 3822 mm
799 3762 972 3823 potest
1005 3754 1248 3824 pedibus,
1275 3754 1428 3809 vobis
1452 3767 1589 3825 opus
1614 3770 1717 3810 non
1746 3754 1917 3810 habeo

317 3850 335 3913 (
364 3845 416 3900 Ι.
448 3844 568 3900 Cor.
602 3844 689 3899 12.
718 3845 780 3899 21
813 3845 1005 3919 ).ιΗοο
1033 3855 1088 3902 et
1117 3847 1170 3901 in
1189 3848 1357 3901 brutis
1384 3862 1606 3902 cernere
1631 3847 1776 3910 licet,
1809 3846 1915 3902 hoc

315 3948 373 3994 et
399 3940 451 3993 in
485 3947 592 3993 tota
619 3939 819 4010 pariter
839 3940 966 3994 vita.
990 3939 1102 3995 Rex
1132 3940 1290 4010 igitur
1310 3939 1538 3995 subditis
1558 3955 1694 4011 opus
1728 3939 1909 4007 habet,

316 4031 516 4086 sululiti
549 4047 695 4102 rege,
725 4034 861 4087 sicut
882 4039 1043 4102 caput
1063 4031 1307 4102 pedibus.
1335 4032 1401 4086 Et
1421 4048 1631 4090 rursum
1663 4034 1717 4087 in
1746 4031 1918 4088 brutis

317 4123 436 4180 inec
473 4125 688 4195 quidem
733 4135 859 4182 sunt
904 4125 1144 4191 fortiora;
1186 4112 1302 4180 base
1347 4133 1526 4180 autem
1543 4122 1915 4193 speciosiora;

317 4215 429 4271 lucc
462 4232 560 4272 nos
585 4216 873 4282 delectant,
903 4216 1018 4272 haec
1045 4225 1224 4271 autem
1286 4216 1542 4271 amiciunt
1567 4233 1581 4270 :
1623 4226 1747 4287 puta
1770 4216 1919 4270 dele-

318 4317 433 4363 ctat
460 4323 630 4378 pavo,
679 4309 918 4364 nutriunt
947 4308 1156 4378 gallina:
1181 4322 1244 4362 ac
1272 4322 1430 4374 sues;
1462 4323 1589 4363 oves
1614 4317 1790 4362 autem
1823 4323 1917 4363 ve-

315 4399 482 4453 stiunt
510 4408 568 4454 et
591 4413 789 4468 caprae,
807 4398 1136 4453 collaborant
1164 4398 1262 4453 bos
1283 4405 1338 4452 et
1358 4398 1558 4452 asinus.
1577 4398 1713 4453 Sunt
1737 4409 1917 4454 autem

315 4502 370 4548 ct
391 4492 520 4557 alia,
547 4507 666 4561 qua:
694 4491 883 4546 horum
939 4491 1153 4562 quidem
1179 4491 1308 4545 nihil
1353 4492 1612 4560 pmbent,
1658 4501 1918 4547 exercent

315 4585 497 4637 autem
519 4582 770 4636 virtutem
793 4590 1056 4648 nostram,
1096 4591 1156 4637 ut
1175 4581 1303 4637 ferte
1351 4593 1664 4637 venatorum
1722 4592 1919 4653 augent

315 4673 682 4729 fortitudinem
723 4682 779 4728 et
821 4674 1011 4728 timore
1066 4688 1234 4744 genus
1278 4683 1519 4729 nostrum
1542 4673 1814 4741 erudiunt,
1863 4682 1919 4729 et

315 4767 525 4820 cautius
545 4767 797 4828 reddunt,
821 4782 920 4822 nec
942 4766 1207 4821 modicum
1233 4767 1299 4821 ad
1323 4767 1640 4823 medicinam
1661 4767 1915 4824 tributum

317 4859 475 4912 nobis
499 4858 568 4911 de
591 4859 820 4928 propriis
843 4857 1124 4913 conferunt
1155 4860 1428 4914 membris.
1458 4859 1642 4930 Itaque
1665 4876 1789 4917 cum
1820 4862 1915 4917 tibi

314 4951 440 5020 quis
465 4950 681 5016 dixerit,
704 4950 974 5020 quomodo
997 4949 1273 5003 brutorum
1293 4965 1354 5004 es
1403 4950 1673 5017 dominus,
1724 4967 1814 5021 qm
1848 4953 1914 5005 ti-

317 5055 434 5094 mes
458 5040 665 5094 leonem
690 5040 724 5093 ?.
748 5039 1015 5109 responde
1048 5041 1114 5094 ab
1144 5040 1295 5094 initio
1317 5055 1422 5093 non
1459 5040 1529 5093 ita
1580 5056 1642 5096 se
1690 5057 1778 5096 res
1822 5041 1919 5095 ha-

318 5133 520 5198 buisse,
544 5133 757 5204 quando
803 5133 942 5202 apud
996 5133 1162 5188 Deum
1216 5133 1270 5188 in
1322 5133 1716 5190 existimatione
1763 5145 1920 5190 erant

317 5223 567 5279 homines
587 5263 606 5290 ,
636 5223 849 5294 quando
874 5223 927 5278 in
950 5224 1201 5293 paradiso
1228 5224 1574 5278 morabantur
1601 5240 1615 5288 ;
1641 5225 1733 5280 sed
1769 5237 1915 5296 post-

317 5330 478 5384 quam
505 5315 790 5381 Deminum
821 5314 1037 5380 olfendi,
1072 5315 1240 5371 servis
1271 5315 1440 5369 factus
1466 5332 1583 5370 sum
1612 5317 1910 5385 obnoxius,

317 5423 428 5461 non
454 5416 632 5460 tamen
671 5405 916 5474 omnino,
975 5406 1069 5462 sed
1115 5407 1285 5461 habeo
1325 5407 1555 5477 aliquam
1601 5418 1771 5462 artem
1822 5424 1916 5478 per

314 5513 474 5567 quam
497 5495 640 5550 feras
660 5497 1041 5567 superem.Sic
1069 5499 1204 5553 etin
1262 5499 1509 5554 domibus
1553 5500 1760 5569 magnis
1813 5517 1914 5556 usu

314 5587 479 5653 venit,
508 5595 566 5641 ut
593 5587 707 5653 lilii,
735 5589 980 5658 quamvis
1003 5589 1210 5644 nobiles
1237 5590 1364 5655 sint,
1408 5590 1535 5644 dum
1582 5605 1770 5659 parum
1817 5608 1910 5646 va-

312 5679 420 5734 lent
448 5680 790 5745 auctoritate,
845 5695 1122 5736 servorum
1171 5682 1369 5736 multos
1409 5681 1731 5745 formident;
1788 5699 1911 5738 eum

305 5787 491 5831 autem
520 5783 572 5830 et
588 5774 953 5848 peccaverint,
978 5773 1145 5830 multo
1175 5771 1342 5846 magis
1382 5773 1620 5830 anxietas
1669 5774 1910 5831 intenda-
1952 5829 1967 5848 κ

1340 351 1430 407 AD
1468 348 1789 408 POPULUM
1825 347 2311 406 ANTIOCHENUM
2371 345 2600 404 ﬂOMlL.
2632 347 2725 404 XI.

3518 352 3618 407 196

2019 472 2120 517 tur.
2158 462 2281 516 llzec
2302 455 2451 517 etde
2472 443 2812 532 serpentibus
2836 471 2889 518 et
2905 465 3127 534 scorpiis
3154 473 3209 521 et
3250 466 3447 534 viperis
3488 470 3610 526 lim-.1

2015 556 2218 619 dicere,
2243 554 2382 624 quod
2406 564 2622 624 prepter
2651 565 2925 625 peccaturo
2957 558 3115 613 nobis
3134 558 3242 614 sint
3273 561 3562 616 terribiles.

2089 647 2142 701 5.
2178 643 2287 700 Nec
2311 661 2442 700 vero
2472 654 2673 701 tantum
2707 647 2757 700 in
2795 661 3020 718 corpore
3062 657 3246 703 nostro
3283 652 3578 706 conditioni

2019 737 2224 807 basque
2263 739 2462 804 variis,
2500 748 2554 793 et
2600 739 2652 793 in
2694 739 2884 808 brutis,
2927 755 3110 795 verum
3146 750 3201 796 et
3240 742 3292 797 in
3339 744 3620 800 arboribus

1999 828 2330 883 varietatem
2355 830 2493 885 hanc
2521 839 2767 900 spectare
2789 833 2932 899 licet,
2959 843 3015 890 et
3039 836 3277 889 omnium
3305 837 3620 894 vilissimum

2019 933 2164 988 saepe
2193 919 2376 976 videas
2407 922 2663 991 majorem
2695 939 2974 994 superare,
3011 941 3109 982 nec
3135 929 3314 982 omnia
3347 929 3398 983 in
3429 931 3610 1002 singu~

2019 1010 2086 1065 lis
2113 1025 2264 1080 esse,
2313 1022 2370 1067 ut
2411 1015 2589 1069 omnia
2631 1016 2785 1072 nobis
2825 1018 2928 1072 sint
2964 1022 3265 1075 necessaria
3289 1064 3303 1086 ,
3336 1033 3389 1077 et
3417 1026 3617 1079 varium

2024 1101 2235 1158 Domini
2268 1105 2581 1178 noverimus
2609 1109 2945 1176 sapientiam.
2977 1110 3095 1166 Noli
3127 1112 3288 1183 igitur
3316 1115 3482 1169 Deum
3509 1133 3622 1184 prn-

2020 1201 2140 1262 pter
2166 1195 2408 1265 corporis
2429 1191 2825 1268 eo'rruptionem
2851 1215 3125 1271 accusare,
3151 1204 3244 1260 sed
3279 1216 3495 1276 propter
3519 1207 3622 1263 hoc

2021 1288 2189 1358 magis
2229 1289 2401 1359 ipsum
2451 1292 2613 1347 adora
2640 1334 2656 1360 ,
2707 1303 2763 1373 et
2802 1296 3119 1366 sapientiam
3147 1310 3196 1354 et
3230 1301 3618 1369 providentiam

2021 1377 2190 1448 ipsius
2210 1381 2478 1438 admirare
2499 1402 2512 1437 :
2532 1386 2849 1455 sapientiam
2878 1389 3116 1458 quidem,
3144 1394 3393 1462 quoniam
3425 1394 3479 1449 in
3509 1405 3616 1449 tam

2019 1472 2354 1541 corruptibili
2394 1489 2621 1546 corpore
2656 1485 2858 1532 tantam
2888 1483 3059 1550 potuit
3093 1482 3427 1541 harmoiiiam
3464 1488 3621 1543 exhi-

2022 1557 2187 1628 bere;
2221 1564 2612 1634 providentiam
2663 1583 2828 1638 vero,
2856 1573 3106 1637 quoniam
3148 1576 3620 1650 ipsumcorrupti-

2023 1650 2130 1708 bile
2174 1654 2241 1709 ad
2286 1657 2478 1712 animae
2523 1658 2647 1714 fecit
2693 1661 3008 1729 utilitatem,
3058 1674 3113 1720 ut
3151 1666 3315 1736 ipsius
3354 1679 3619 1727 tmnorem

2020 1748 2375 1816 comprimat,
2415 1760 2470 1805 et
2499 1753 2805 1820 superbiam
2834 1757 3077 1828 castiget.
3111 1760 3287 1827 Quare
3327 1762 3483 1833 ig'tur
3512 1780 3619 1819 non

2019 1838 2089 1893 ab
2113 1839 2264 1894 initio
2293 1841 2465 1911 ipsum
2495 1843 2602 1900 tale
2629 1843 2756 1899 fecit
2784 1846 2924 1901 Deus
2950 1890 2965 1916 ,
2996 1849 3164 1918 inquit
3189 1851 3418 1921 aliquis?
3440 1855 3621 1909 Excu-

2019 1945 2146 1986 sans
2172 1947 2233 1988 se
2261 1935 2352 1989 tibi
2381 1949 2477 2004 per
2506 1936 2618 2006 ipsa
2644 1952 2828 2008 opera,
2857 1949 2911 1995 et
2938 1950 3140 1997 tantum
3165 1960 3271 1999 non
3294 1946 3481 2002 dicens
3517 1963 3614 2019 per

2021 2032 2272 2078 eventum
2300 2041 2314 2080 :
2349 2025 2465 2098 Ego
2493 2026 2709 2097 quidem
2742 2037 2796 2084 te
2823 2030 2889 2085 ad
2930 2033 3189 2102 majorem
3219 2038 3472 2092 vocabam
3515 2040 3617 2094 ho-

2020 2130 2230 2183 norem,
2262 2126 2319 2172 tu
2347 2134 2476 2174 vero
2506 2121 2732 2191 teipsum
2763 2138 2988 2180 munere
3010 2126 3285 2199 indignum
3316 2129 3616 2198 reddidisti,

2013 2210 2271 2278 paradiso
2313 2211 2602 2279 excideris;
2633 2225 3001 2272 verumtamen
3032 2234 3205 2291 neque
3247 2221 3325 2279 sic
3367 2232 3417 2278 te
3444 2224 3622 2295 despi-

2020 2303 2181 2367 ciam,
2213 2304 2308 2360 sed
2354 2317 2629 2376 peccatum
2663 2319 2810 2364 tuum
2840 2313 3119 2384 corrigens
3149 2314 3200 2368 in
3229 2316 3421 2370 emtum
3454 2318 3620 2373 redu-

2020 2407 2161 2447 cam.
2193 2395 2404 2451 Etenim
2440 2409 2722 2470 propterea
2755 2411 2805 2457 te
2837 2402 3110 2460 tabescere
3134 2415 3183 2460 et
3206 2409 3476 2478 corrumpi
3507 2419 3623 2463 tan-

2022 2483 2133 2538 tum
2184 2489 2440 2556 temporis
2489 2492 2746 2562 permisi,
2796 2504 2855 2549 ut
2905 2494 2956 2549 in
3009 2497 3268 2566 temporis
3319 2500 3623 2568 prolixitate

2021 2575 2226 2629 stabilis
2249 2577 2265 2608 ¹
2300 2577 2390 2632 tibi
2440 2580 2532 2634 fiat
2559 2580 2876 2638 humilitatis
2904 2585 3184 2655 disciplina
3204 2628 3218 2652 ,
3252 2601 3306 2643 et
3331 2605 3620 2661 numquam

2022 2669 2255 2737 priorem
2301 2685 2544 2728 resumas
2588 2684 2845 2731 mentem.
2893 2676 2997 2732 Pro
3040 2677 3123 2734 his
3167 2680 3418 2736 onmibus
3467 2683 3624 2751 igitur

2019 2759 2216 2829 gratias
2237 2775 2455 2831 agamus
2482 2763 2713 2836 benigno
2742 2767 2870 2834 Deo,
2899 2778 2953 2823 et
2980 2785 3076 2839 pro
3105 2771 3209 2834 tali,
3233 2787 3360 2828 cura
3395 2774 3652 2846 gratiam,

2023 2850 2405 2919 rependamus,
2437 2871 2556 2925 quze
2579 2858 2733 2914 nobis
2761 2859 2921 2914 etiam
2951 2862 3021 2915 sit
3058 2863 3200 2916 utilis
3229 2881 3241 2935 _:
3271 2871 3326 2920 et
3363 2867 3620 2934 mandati,

2021 2940 2090 2996 de
2133 2958 2239 3012 quo
2286 2945 2437 3001 vobis
2485 2950 2680 3018 smpius
2731 2951 2996 3018 disserui,
3047 2956 3283 3010 studium
3333 2955 3624 3015 habeamus

2021 3035 2334 3089 maximum.
2382 3035 2568 3108 Neque
2604 3040 2745 3094 enim
2778 3041 3033 3098 desistam
3057 3085 3071 3108 ,
3099 3044 3272 3102 donec
3299 3048 3428 3102 illud
3455 3066 3623 3120 expe-

2021 3125 2227 3180 dieritis
2255 3146 2269 3180 :
2301 3128 2553 3198 quoniam
2584 3130 2686 3186 hoc
2710 3147 2814 3187 non
2840 3138 3096 3204 qumritur
3116 3153 3145 3192 a
3171 3137 3345 3205 nobis,
3371 3141 3624 3209 paucisne

2020 3231 2087 3271 an
2133 3219 2318 3274 multis
2360 3231 2576 3276 utamur
2617 3223 3111 3295 admonitionibus,
3149 3229 3244 3284 sed
3274 3240 3332 3285 ut
3359 3246 3426 3286 eo
3457 3248 3624 3304 usque

2022 3323 2340 3364 maneamus
2366 3351 2382 3378 ,
2411 3311 2584 3368 donec
2610 3313 2761 3369 vobis
2793 3320 3236 3384 persuaserimus.
3269 3320 3402 3376 .luda
3423 3323 3468 3378 is
3503 3325 3623 3394 qui-

2021 3399 2144 3455 dem
2171 3402 2310 3458 Deus
2342 3419 2438 3474 per
2478 3405 2794 3475 prephetam
2834 3409 3084 3466 dicebat:
3117 3412 3176 3468 Si
3221 3414 3290 3468 ad
3330 3416 3532 3486 judicia
3577 3424 3626 3470 et

2019 3496 2362 3550 contentiones
2376 3497 2646 3567 jejunatis,
2676 3510 2729 3552 ut
2757 3500 2880 3568 quid
2896 3502 3146 3572 jejunatis
3168 3503 3410 3574 (lsai.58.
3435 3508 3490 3561 4.
3520 3508 3575 3578 5)
3599 3507 3623 3560 ?

2021 3586 2126 3639 Per
2153 3601 2251 3641 nos
2279 3602 2408 3642 vero
2434 3589 2583 3644 vobis
2613 3590 2776 3658 dicet,
2801 3591 2856 3647 Si
2883 3593 2949 3646 ad
2971 3593 3276 3662 juramcuta
3305 3607 3359 3652 et
3391 3601 3621 3668 perjpria

2015 3674 2272 3746 jejunatis
2292 3718 2307 3744 ,
2338 3691 2399 3734 ut
2424 3681 2548 3750 quid
2582 3681 2880 3750 jejunatis?
2915 3684 3198 3753 Quomodo
3239 3689 3380 3743 enim
3409 3704 3623 3748 sacrum

2021 3769 2323 3827 videbimus
2366 3773 2604 3844 pascha?
2650 3777 2920 3852 quomodo
2968 3791 3212 3834 sanetum
3267 3762 3625 3852 suscipiemus

2021 3861 2672 3935 sacrificium?quomodo
2728 3851 3061 3922 mirabilibus
3107 3851 3625 3931 communicabimus

1975 4024 1987 4033 .
2023 3956 2297 4026 mysteriis
2328 3955 2503 4027 lingua
2536 3957 2624 4012 illa
2653 3974 2754 4029 qua
2783 3959 2878 4014 Dei
2911 3960 3079 4031 legem
3103 3963 3622 4032 conculcaverimus,

2023 4045 2201 4116 lingua
2227 4046 2337 4113 illa,
2367 4063 2471 4118 qua
2501 4049 2735 4104 animam
2757 4053 3337 4112 contaminaverimus‘l.
3363 4056 3417 4111 Si
3463 4072 3626 4113 nemo

2021 4152 2251 4209 namque
2282 4154 2570 4210 purpuram
2600 4141 2835 4212 regalem
2869 4144 3114 4199 manibus
3149 4145 3394 4215 accipere
3440 4148 3620 4219 inqui-

2022 4229 2162 4283 natis
2203 4230 2461 4297 auderet,
2505 4232 2775 4302 quomodo
2823 4233 3159 4289 Dominieum
3203 4250 3400 4306 corpus
3444 4237 3620 4309 lingua

2023 4321 2222 4390 polluta
2252 4323 2645 4393 suscipiemus?
2671 4323 3046 4380 Juramentum
3078 4327 3220 4381 enim
3250 4329 3622 4398 maligni_._sa-

2021 4413 2278 4470 crilicium
2311 4431 2439 4472 vero
2469 4417 2700 4472 Domini.
2736 4417 2865 4484 Quae
2905 4418 3061 4485 igitur
3097 4421 3486 4476 communicatio
3523 4423 3636 4478 luci.
3711 4422 3714 4426 ’

2021 4505 2091 4558 ad
2133 4506 2392 4573 tenebras,
2434 4507 2511 4562 vel
2548 4524 2663 4578 qua
2704 4509 3049 4565 convenientia
3095 4509 3295 4566 Christo
3344 4511 3412 4564 ad
3457 4509 3625 4567 Belial

2024 4596 2117 4667 (2.
2149 4597 2269 4654 Cor.
2305 4599 2360 4658 6.
2399 4601 2486 4655 Η.
2517 4601 2666 4672 £5)?
2691 4601 2843 4667 Quod
2874 4601 3031 4671 igitur
3060 4599 3160 4658 hac
3189 4601 3402 4657 liberari
3432 4603 3624 4672 impie-

2023 4696 2133 4744 tate
2180 4689 2522 4754 studueritis,
2578 4690 2861 4756 manifeste
2909 4691 3064 4756 scio;
3101 4693 3196 4748 sed
3241 4693 3492 4763 quoniam
3531 4710 3626 4764 per

2021 4778 2258 4848 seipsum
2307 4795 2411 4835 non
2463 4782 2620 4838 facile
2666 4784 2891 4853 quisque
2936 4783 3064 4838 illud
3105 4785 3360 4854 expedire
3411 4799 3622 4857 potest,

2021 4871 2281 4929 faciamus
2324 4875 2569 4930 sodalitia
2608 4885 2663 4932 et
2707 4877 2952 4932 classes:
2984 4888 3039 4934 et
3080 4881 3222 4950 quod
3268 4881 3320 4936 in
3365 4885 3626 4939 conviviis

2023 4978 2286 5033 pauperes
2316 4964 2550 5031 faciunt,
2576 4969 2832 5036 quoniam
2863 4983 2969 5023 non
3013 4979 3189 5040 potest
3217 4973 3443 5043 quisque
3478 4975 3626 5030 solus

2022 5057 2324 5110 convivium
2355 5056 2614 5112 exhibere
2658 5058 2952 5126 perfectura
2978 5102 2994 5128 ,
3023 5064 3410 5118 convenientes
3438 5080 3626 5121 omnes

2020 5161 2087 5201 cx
2133 5147 2379 5220 symbolo
2419 5149 2721 5202 convivium
2760 5151 3048 5207 conferunt
3079 5171 3092 5206 :
3125 5155 3226 5208 hoc
3252 5165 3304 5210 et
3336 5171 3434 5210 nos
3462 5156 3624 5212 facia-

2022 5253 2162 5306 mus,
2190 5237 2402 5307 quando
2429 5253 2524 5307 per
2555 5253 2652 5294 nos
2675 5240 2820 5310 ipsos
2852 5243 3044 5312 torpidi
3073 5259 3260 5298 sumus
3283 5287 3298 5311 ,
3328 5246 3518 5301 divisis
3544 5248 3626 5302 in-

2023 5337 2104 5383 ter
2129 5344 2226 5383 nos
2252 5331 2396 5384 curis
2422 5346 2490 5385 ex
2521 5343 2678 5400 pacto
2704 5342 3004 5389 statuamus
3034 5335 3284 5392 conferre
3313 5339 3621 5406 consilium,

2020 5419 2368 5475 munitionem
2390 5463 2404 5486 ,
2434 5420 2864 5478 exhortationem
2886 5467 2900 5492 ,
2933 5425 3350 5496 increpatione-tn
3372 5470 3386 5493 ,
3411 5430 3620 5499 ruinas,

2019 5525 2077 5567 ut
2106 5527 2170 5567 ex
2201 5513 2532 5583 singulorum
2565 5517 2741 5570 studio
2781 5532 2970 5571 omnes
3017 5527 3163 5574 recte
3201 5535 3438 5590 aganms.
3469 5521 3618 5589 Quo-

2016 5603 2158 5658 niam
2203 5607 2345 5660 enim
2391 5609 2758 5677 proximorum
2803 5625 2890 5666 res
2917 5612 3134 5667 .acutius
3178 5614 3418 5672 videmus
3457 5630 3628 5686 quam.

2083 5786 2098 5816 ¹
2136 5783 2331 5844 quidam
2488 5800 2498 5836 :
2533 5784 2726 5852 Περαία,
2756 5785 2878 5848 loco,
2905 5786 3108 5841 stabilis.
