4232 6320
671 362 775 419 li?

663 490 870 533 nostras
925 487 1027 527 non
1054 469 1188 523 alios
1210 466 1608 531 custodiamus,
1639 473 1694 519 et
1723 461 1891 527 nostri
1920 460 2024 515 illis
2052 466 2235 514 custo-

649 543 801 628 Odiam
832 565 1177 628 mandemus,
1213 571 1269 639 et
1311 560 1413 616 hoc
1451 557 1729 630 pulchrum
1772 554 2028 610 faciamus
2068 559 2244 606 certa-

661 680 805 727 men,
835 670 896 716 ut
925 659 993 714 ita
1026 668 1237 726 turpem
1258 655 1398 711 hanc
1425 649 1874 708 consuetudinem
1899 651 2208 714 superantes
2226 680 2245 707 ,

661 768 784 808 cum
828 749 1017 806 fiducia
1055 747 1122 802 ad
1154 747 1289 801 hanc
1333 753 1571 799 sanctam
1618 740 1895 796 veniamus
1936 731 2248 788 solemnita-

661 855 768 899 tem
789 885 810 910 ,
833 852 885 898 et
927 842 1098 896 sancti
1143 838 1427 909 participes
1466 837 1638 891 simus
1673 827 1919 886 sacriﬁcii
1941 839 2063 881 cum
2091 821 2249 879 beata

1280 1439 1496 1482 IIOIJLIA
1538 1437 1633 1476 ιιι.

735 1533 788 1587 ι.
821 1529 887 1584 Et
931 1524 1047 1581 heri
1088 1520 1238 1585 dixi,
1281 1516 1606 1575 Benedictus
1633 1512 1813 1576 Deus,
1854 1516 1909 1563 et
1951 1500 2111 1558 hodie
2145 1496 2250 1552 hoc

633 1647 636 1650 λ
662 1625 835 1693 ipsum
867 1591 1270 1674 rursus'dicam.
1300 1608 1412 1665 Etsi
1441 1606 1584 1662 enim
1628 1602 1807 1674 gravia
1844 1595 2252 1693 praeterierunt,

666 1681 851 1768 tamen.
874 1707 1115 1780 gravium
1143 1701 1401 1760 memoria
1433 1713 1500 1753 ne
1528 1700 1832 1766 praetereat,
1861 1703 1964 1743 non
1995 1694 2054 1739 ut
2076 1681 2251 1737 dolea.

663 1816 804 1867 nus,
835 1785 932 1854 sed
957 1807 1010 1851 ttt
1032 1794 1228 1865 gratias
1252 1780 1487 1862 agamus.
1512 1787 1566 1841 Si
1587 1784 1729 1840 enim
1757 1780 2017 1836 maiorum
2039 1785 2246 1829 memo-

665 1895 744 1948 ria
782 1889 1068 1952 manserit,
1111 1884 1371 1938 malerum
1417 1875 1746 1948 experientia
1773 1883 2062 1941 numquam
2092 1877 2249 1934 urgeo

666 1986 758 2040 bit.
787 1980 923 2050 Quid
953 1979 1099 2034 enim
1121 1973 1452 2044 experientia
1482 1985 1618 2041 opus
1661 1976 1745 2023 est
1763 2007 1778 2032 ,
1825 1979 1947 2019 cum
1990 1956 2248 2016 memoria

665 2091 762 2129 nos
803 2069 1077 2141 corrigat?
1106 2067 1255 2122 Sicut
1296 2065 1456 2134 igitur
1497 2058 1778 2129 submergi
1817 2068 1916 2110 nos
1963 2053 2102 2108 Dens
2142 2061 2247 2103 non

663 2167 906 2238 permisit
934 2160 1295 2236 praesentibus.
1330 2154 1611 2227 procellis,
1654 2151 1730 2207 sic
1777 2161 1950 2218 neque
1980 2158 2075 2199 nos
2104 2145 2249 2212 ipsos

665 2261 779 2314 illis
800 2256 1023 2312 sublatis
1046 2250 1241 2307 resolvi
1270 2249 1526 2302 sinamus.
1550 2240 1871 2299 consolatus
1897 2245 1978 2293 cst
2005 2248 2104 2289 nos
2122 2239 2249 2286 tunc

665 2360 951 2405 maerentes
975 2389 990 2414 ,
1022 2345 1220 2416 gratias
1245 2342 1343 2412 ipsi
1375 2355 1517 2395 nunc
1557 2339 1796 2392 laetantes
1825 2344 2044 2403 agamus
2073 2345 2086 2382 :
2119 2342 2250 2382 con-

663 2443 865 2496 sulatus
888 2448 971 2493 est
1000 2437 1350 2506 suSpirantes,
1382 2445 1555 2500 neque
1585 2425 1820 2481 desemit
1845 2441 1858 2480 :
1891 2421 2046 2492 igitur
2074 2429 2249 2486 neque

665 2553 763 2590 nos
809 2535 954 2603 ipsos
994 2541 1248 2599 prospere
1290 2535 1511 2594 agentes
1541 2515 1949 2592 prodamtts‘,"'in
1979 2522 2246 2603 torporem

663 2599 994 2679 declinantes
1029 2639 1042 2674 :
1077 2634 1198 2673 nam
1235 2617 1492 2684 scriptum
1528 2620 1651 2687 est:
1685 2605 1973 2664 Recordare
2010 2599 2249 2670 temporis

663 2719 812 2788 famis
857 2716 908 2769 in
949 2712 1031 2766 die
1068 2708 1309 2765 satietatis
1355 2704 1557 2777 (Eccli.
1588 2702 1674 2757 i8.
1703 2700 1775 2755 25
1801 2698 1841 2769 ).
1881 2693 2249 2788 Recordemur

662 2784 842 2878 itaque
871 2815 1171 2874 temporum
1200 2797 1510 2855 tentationis
1539 2803 1592 2848 ct
1622 2806 1719 2846 nos
1749 2791 1800 2844 in
1842 2788 1929 2843 die
1969 2784 2246 2878 remissio-—

663 2876 780 2965 nis;
812 2898 938 2970 quin
985 2906 1041 2952 et
1086 2894 1146 2950 in
1188 2891 1420 2963 peccatis
1446 2889 1550 2942 hoc
1579 2887 1753 2955 ipsum
1793 2881 2067 2935 faciamus.
2107 2877 2177 2970 Et
2203 2876 2245 2929 si

663 2966 1006 3062 peceai'eris,
1031 2996 1084 3041 et
1115 2984 1211 3039 tibi
1255 2990 1470 3053 peccata
1512 2978 1656 3031 Deus
1696 2971 1990 3035 remiserit,
2037 2966 2250 3062 veniam

667 3056 879 3151 quidem
909 3077 1140 3145 suscipe.
1172 3081 1228 3128 et
1249 3071 1444 3142 gratias
1473 3081 1604 3136 age;
1639 3064 1843 3133 peccati
1869 3075 1998 3116 vero
2023 3073 2092 3112 ne
2115 3056 2251 3151 obli-

661 3148 889 3234 viscere,
922 3183 1028 3222 non
1058 3176 1115 3220 ut
1143 3164 1366 3232 teipsum
1390 3156 1711 3229 cogitatione
1737 3164 2040 3216 consumas,
2069 3148 2162 3204 sed
2191 3156 2250 3202 ut

663 3263 896 3316 animam
943 3256 1135 3312 doceas
1181 3267 1285 3307 non
1327 3247 1609 3312 lascivire,
1641 3258 1812 3315 neque
1830 3255 2041 3296 rursum
2071 3239 2125 3294 in
2154 3253 2249 3293 ea-

664 3349 788 3407 dem
821 3349 1005 3405 relabi.
1037 3346 1126 3402 Sic
1152 3352 1207 3399 et
1242 3343 1437 3398 Paulus
1466 3339 1592 3392 fecit
1619 3356 1632 3391 :
1663 3351 1782 3391 cum
1813 3334 1962 3389 enim
1983 3330 2249 3405 dixisset:

664 3442 893 3499 Fidelem
920 3455 999 3492 me
1023 3434 1352 3496 existimauit,
1384 3445 1573 3501 ponens
1609 3428 1662 3482 in
1704 3425 1999 3489 ministerio,
2029 3421 2207 3476 intulit
2234 3437 2249 3476 :

667 3533 767 3600 Qui
795 3531 934 3599 prius
956 3526 1274 3596 blasphemus
1299 3522 1376 3590 fni
1400 3529 1444 3574 et
1471 3526 1815 3590 persequutor,
1847 3523 1894 3568 et
1920 3511 2253 3566 contumelio-

665 3642 750 3678 sua
773 3624 850 3693 (l.
885 3620 1015 3673 Tim.
1043 3619 1093 3673 t.
1128 3615 1353 3700 ηαδ).
1377 3611 1728 3674 Tradncatur,
1751 3606 1938 3676 inquit,
1958 3606 2066 3659 vita
2089 3602 2252 3670 servi,

667 3725 725 3770 nt
753 3720 1004 3783 appareat
1028 3697 1328 3763 humanitas
1354 3701 1574 3758 domini.
1602 3699 1712 3754 Etsi
1742 3697 1885 3751 enim
1912 3703 2251 3764 peccaturum

671 3805 882 3859 veniam
913 3799 1091 3868 accepi
1117 3837 1132 3862 ,
1159 3810 1264 3849 non
1291 3802 1466 3848 tamen
1495 3790 1652 3862 eiicio
1680 3794 2020 3859 peccatorum
2049 3797 2255 3838 memo-

664 3899 822 3952 riam.
845 3891 955 3947 Nec
979 3889 1162 3943 solum
1175 3883 1379 3939 Domini
1401 3882 1504 3936 hoc
1523 3879 1901 3947 benignitatem
1919 3874 2254 3928 demonstra-

666 3987 778 4051 1m,
806 3983 907 4041 sed‘
927 3990 982 4036 et
1011 3980 1156 4034 illum
1182 3976 1462 4033 clariorem
1491 3971 1733 4025 faciebat.
1761 3966 1894 4022 Cum
1935 3965 2077 4020 enim
2112 3961 2252 4017 didi-

665 4079 824 4140 ceris,
847 4074 966 4145 quis
984 4073 1132 4144 prius
1154 4069 1328 4133 fuerit,
1349 4074 1473 4124 tunc
1494 4065 1664 4133 ipsum
1687 4060 1854 4130 inagis
1875 4055 2253 4113 admiraberis:

664 4180 718 4224 et
745 4183 865 4222 cum
898 4164 1094 4219 videris
1118 4177 1186 4216 ex
1206 4172 1320 4229 'qtto
1348 4156 1468 4226 quis
1498 4154 1666 4208 factus
1695 4151 1890 4218 fuerit,
1929 4157 2052 4202 tunc
2081 4146 2258 4218 ipsum.

667 4262 836 4332 magis
862 4252 1260 4313 commendabis
1287 4267 1302 4303 :
1328 4256 1384 4306 et
1411 4248 1456 4302 si
1484 4244 1706 4300 multum
1731 4239 2052 4332 peccaveris,
2083 4246 2264 4292 muta.

660 4329 904 4406 Ius—inde
928 4347 1120 4401 bonam
1148 4354 1296 4410 spem
1328 4335 1587 4393 habebis:
1614 4347 1735 4386 nam
1774 4339 1964 4400 praeter
2001 4329 2171 4394 dicta,
2206 4336 2260 4382 et

669 4447 725 4501 in
742 4439 1121 4509 desperatione
1148 4433 1347 4505 positos
1373 4427 1675 4496 exemplum
1701 4424 1864 4478 allicit
1891 4434 1944 4477 et
1972 4436 2262 4492 exsurgere

670 4534 817 4590 facit.
844 4529 996 4598 Quod
1022 4526 1235 4598 quidem
1272 4531 1329 4578 et
1367 4521 1421 4575 in
1459 4518 1671 4574 civitate
1699 4524 1879 4569 nostra
1907 4513 2008 4567 erit
2037 4531 2049 4563 :
2083 4511 2260 4565 omnia

671 4627 813 4682 enim
841 4637 958 4692 quae
992 4618 1361 4687 contigerunt,
1403 4621 1458 4666 et
1484 4610 1743 4662 virtutem
1773 4615 2006 4661 vestram
2037 4604 2260 4683 demon-

673 4723 867 4777 strant,
900 4712 989 4782 qtti
1015 4722 1110 4780 per
1138 4703 1504 4776 pmnitentiam
1534 4710 1736 4754 tantum
1758 4699 1849 4752 irae
1872 4695 2142 4765 depellere
2169 4709 2261 4764 po-

675 4783 916 4869 tueritis;
960 4811 1016 4857 et
1060 4799 1152 4854 Dei
1195 4794 1533 4851 clementiam
1567 4789 1887 4860 praedicant,
1926 4787 2013 4856 qui
2041 4787 2111 4841 ob
2144 4800 2262 4839 mo-

673 4900 848 4954 dicam
902 4892 1342 4952 conversionem,
1404 4895 1601 4940 tantam
1647 4881 1845 4937 nubem
1899 4879 2260 4934 imminentem

677 4989 893 5042 abstulit
918 5003 931 5038 :
961 4985 1011 5038 itt
1038 4978 1409 5052 desperatione
1438 4989 1651 5046 quoque
1675 4973 1877 5042 positos
1905 4983 2093 5025 omnes
2117 4968 2264 5022 exci-

682 5093 787 5143 tat,
815 5079 1080 5132 discentes
1111 5089 1178 5127 ex
1206 5071 1368 5126 rebus
1394 5067 1590 5123 nostris
1619 5080 1772 5129 eum,
1807 5063 1894 5133 qui
1924 5060 1988 5114 ad
2018 5060 2264 5114 sublimia

681 5183 736 5223 et
764 5170 829 5224 ad
857 5169 947 5222 Dei
975 5164 1228 5228 auxilium
1256 5161 1526 5230 respiciat,
1550 5155 1792 5228 quamvis
1815 5148 2002 5208 infiniti
2034 5149 2268 5218 undique

681 5263 873 5332 [luctus
916 5253 1260 5324 obstrepant,
1301 5249 1567 5319 submergi
1607 5262 1714 5302 non
1749 5258 1937 5314 posse.
1968 5243 2100 5308 Quis
2123 5243 2266 5297 enim

689 5353 847 5416 vidit,
877 5350 996 5418 quis
1023 5347 1225 5402 audivit
1252 5358 1504 5414 umquam
1546 5341 1743 5396 nostris
1780 5337 1994 5394 casibus
2031 5336 2268 5391 similia?

686 5441 925 5513 quotidie
968 5439 1234 5494 civitatem
1281 5443 1518 5490 nostram
1563 5447 1685 5487 cum
1729 5431 1842 5486 suis
1884 5428 2269 5483 habitatoribus

684 5532 922 5588 ﬁnuiitus
951 5519 1234 5583 tollendam
1261 5535 1380 5581 esse
1408 5522 1809 5594 suSpicabamur
1834 5536 1848 5574 :
1873 5518 1966 5573 sed
2003 5533 2123 5573 cum
2150 5518 2270 5573 dia.

683 5625 845 5682 bolus-
889 5619 1155 5689 navigium
1205 5619 1545 5682 submergere
1587 5610 1868 5682 sperabat,
1912 5617 2039 5665 tunc
2086 5623 2270 5677 puram

687 5708 921 5776 Mdidit
947 5713 1089 5767 Deus
1116 5709 1563 5779 tranquillitatem.
1601 5704 1678 5760 Ne
1707 5703 1866 5774 igitur
1893 5701 2270 5756 obliviscamur

632 5869 634 5871 ,
689 5798 1067 5879 magnitudinis
1098 5800 1357 5857 malorum
1380 5839 1393 5864 .
1427 5807 1486 5853 ut
1507 5796 1888 5853 beneﬁciorum
1919 5811 1950 5851 a
1976 5795 2081 5852 Deo
2107 5794 2269 5850 colla-

1375 353 1433 411 S.
1474 349 1756 415 JOANNIS
1781 344 2259 406 CBRYSOSTOMI
2296 344 2612 402 ARCHIEP.
2650 340 3186 401 CONSTANTINOP.

3845 341 3955 402 ηε

2355 471 2471 526 spe,
2499 466 2554 512 et
2579 454 2904 512 conscientia
2926 453 3085 518 bona,
3109 449 3276 522 gratia
3305 459 3360 506 et
3387 439 3713 521 benignitate
3732 449 3946 507 Domini

2356 550 2523 605 nostri
2572 548 2700 605 Jesu
2743 546 2979 612 Christi,
3035 560 3131 616 per
3173 559 3337 614 quem
3383 554 3439 599 et
3487 559 3608 598 cum
3650 559 3757 613 quo
3807 546 3952 600 Patri

2357 641 2526 711 gloria
2556 653 2658 694 una
2686 651 2812 702 cum
2833 635 3032 693 Sancto
3056 635 3278 706 Spiritu,
3307 635 3369 690 iu
3392 634 3591 690 mula
3605 635 3951 691 saeculorum.

2361 733 2559 786 Amen.

2368 1424 2542 1470 turum
2581 1413 2997 1486 magnitudinem
3029 1411 3418 1470 recordemur:
3445 1414 3643 1471 etenim
3679 1415 3769 1486 qui
3808 1430 3954 1471 moo-

2364 1506 2550 1561 borum
2582 1516 2824 1561 naturam
2854 1507 3046 1572 nescit,
3074 1505 3268 1561 medici
3291 1514 3462 1562 artem
3489 1521 3774 1578 numquam
3794 1509 3950 1564 sciet.

2361 1597 2489 1653 Haec
2518 1608 2574 1655 et
2604 1599 2783 1668 pueris
2808 1598 3009 1652 nostris
3033 1598 3306 1664 dicamus,
3345 1609 3401 1654 et
3425 1600 3474 1653 in
3505 1601 3652 1657 mille
3681 1601 3960 1656 mittamus

2357 1690 2750 1759 generationes,
2779 1697 2835 1744 et
2859 1703 3049 1743 onmes
3073 1688 3308 1755 discant,
3329 1691 3600 1760 quomodo
3625 1691 3873 1745 diabolus
3898 1700 3955 1746 et

2358 1778 2587 1834 civitatis
2631 1779 2804 1834 solum
2833 1779 3018 1835 delere
3043 1779 3333 1844 studuerit,
3373 1789 3430 1836 et
3469 1783 3737 1852 quomodo
3779 1783 3951 1852 ipsam

2362 1869 2502 1925 Deus
2529 1871 2732 1941 lapsam
2763 1881 2818 1927 et
2841 1872 3106 1942 iacentem
3133 1886 3320 1926 rursus
3345 1873 3550 1943 erigere
3575 1874 3828 1943 potuerit,
3859 1888 3952 1931 ue-

2357 1979 2461 2033 que
2491 1963 2655 2018 ullum
2686 1964 2792 2034 pati
2821 1963 3076 2019 damnum
3103 1965 3450 2031 concesserit,
3478 1965 3543 2019 ad
3576 1967 3676 2020 hoc
3702 1975 3759 2021 et
3797 1967 3953 2021 timo-

2358 2069 2472 2110 rem
2499 2054 2810 2123 sustulerit,
2837 2064 2893 2129 et
2917 2056 3181 2126 repulerit
3209 2071 3331 2110 cum
3359 2056 3526 2110 multa
3553 2052 3830 2112 celeritate
3859 2073 3953 2127 pe-

2356 2148 2602 2202 riculum.
2623 2148 2833 2203 Etenim
2854 2148 3184 2204 hebdomada
3208 2151 3474 2219 praeterita
3497 2149 3776 2206 facultates
3791 2151 3952 2222 diripi

2355 2251 2543 2293 omnes
2567 2238 3046 2314 exspectabamus,
3078 2246 3134 2294 et
3162 2238 3362 2294 milites
3393 2239 3548 2294 nobis
3591 2240 3803 2295 immitti
3829 2281 3846 2307 ,
3896 2251 3952 2297 et

2356 2326 2562 2381 inlinita
2591 2328 2694 2383 alia
2721 2328 2860 2382 mala
2886 2327 3322 2398 suspicabamur;
3354 2329 3452 2386 sed
3478 2345 3605 2385 ecce
3643 2330 3730 2385 illa
3771 2333 3954 2387 omnia

2288 2435 2293 2440 '
2355 2417 2754 2488 praeterierunt,
2781 2426 3054 2488 tamquam
3081 2418 3273 2486 nubes,
3309 2427 3364 2476 et
3377 2419 3724 2475 velutombra
3737 2427 3953 2488 praeter-

2359 2511 2500 2577 iens,
2562 2517 2616 2563 et
2644 2509 2764 2565 sola
2798 2511 3163 2566 calamitatum
3204 2510 3604 2579 ex’spectatione
3649 2510 3819 2580 puniti
3861 2524 3954 2565 su-

2354 2615 2505 2665 mus;
2553 2599 2661 2656 imo
2706 2617 2838 2657 vero
2879 2617 2982 2657 nec
3028 2602 3197 2672 puniti
3241 2615 3451 2669 sumus,
3490 2601 3584 2657 sed
3623 2603 3855 2658 correcti
3899 2613 3957 2659 et

2355 2692 2607 2748 meliores
2647 2691 2776 2748 facti
2799 2733 2814 2760 ,
2857 2693 2980 2764 quia
3010 2694 3150 2748 Deus
3173 2693 3523 2762 Imperatoris
3548 2709 3642 2746 cor
3666 2695 3952 2750 emollivit.

2358 2781 2606 2836 Dicamus
2633 2782 2794 2852 igitur
2817 2797 3032 2853 semper
3051 2793 3105 2838 et
3125 2784 3363 2854 quotidie
3394 2801 3407 2837 :
3435 2783 3757 2839 Benedictus
3783 2786 3952 2853 Deus,

2358 2885 2559 2930 etcum
2589 2875 2778 2945 majori
2805 2876 2981 2930 studio
3002 2877 3190 2948 synaxi
3213 2891 3483 2940 vacemus,
3510 2886 3565 2932 et
3587 2892 3866 2932 curramus
3887 2880 3956 2934 ad

2361 2966 2642 3021 ecclesiam
2665 3009 2680 3033 ,
2709 2965 2854 3022 unde
2880 2967 3162 3022 utilitatem
3202 2975 3403 3020 tantam
3442 2967 3768 3037 accepimus.
3795 2968 3956 3023 Scitis

2357 3057 2500 3114 enim
2541 3057 2611 3112 ab
2650 3058 2801 3112 initio
2845 3072 2954 3128 quo
2992 3058 3374 3128 confugeritis,
3413 3072 3522 3128 quo
3549 3048 3960 3125 concurreritis,

2359 3147 2498 3201 unde
2528 3146 2664 3202 facta
2708 3148 2778 3201 sit
2819 3147 2975 3202 nobis
3004 3149 3170 3203 salus.
3203 3147 3509 3202 Teneamus
3549 3131 3712 3218 igitur
3742 3162 3961 3202 sacram

2356 3251 2607 3293 ancoram
2628 3279 2644 3304 ,
2685 3247 2741 3293 et
2782 3239 2918 3293 sicut
2950 3238 3006 3292 in
3038 3249 3277 3309 tempore
3303 3239 3659 3308 periculorum
3701 3227 3962 3292 nosnon

2358 3327 2611 3399 prodidit,
2642 3329 2720 3383 sic
2747 3344 2919 3399 neque
2948 3343 3046 3383 nos
3073 3327 3245 3398 ipsam
3269 3329 3321 3382 in
3353 3337 3593 3398 tempore
3618 3329 3954 3384 remissionis

2360 3419 2760 3489 relinquamus;
2803 3405 2900 3474 sed
2947 3433 3069 3473 cum
3113 3433 3240 3472 cura
3281 3434 3607 3482 maneamus,
3633 3428 3688 3472 et
3717 3403 3990 3488 quotidie-

2361 3508 2617 3564 faciamus
2658 3520 2958 3565 conventus
2998 3522 3323 3578 precesque,
3356 3508 3637 3578 divinaque
3674 3509 3957 3564 audiamus

2337 3591 2574 3670 eloquia
2599 3615 2613 3652 :
2645 3608 2700 3654 et
2727 3598 2869 3670 quod
2901 3597 3342 3669 impcndebamus
3373 3599 3541 3652 otium
3572 3607 3875 3668 satagentes
3901 3607 3957 3653 et

2359 3694 2570 3746 curiose
2597 3693 2948 3758 sciscitantes,
2972 3707 3002 3745 e
3024 3690 3216 3745 castris
3235 3687 3502 3759 proiectos
3524 3690 3957 3745 circumcurren—

2361 3791 2461 3848 tes,
2495 3799 2589 3852 pro
2617 3783 2933 3837 instantibus
2963 3781 3120 3836 malis
3147 3797 3330 3836 curam
3362 3790 3626 3850 gerentes,
3658 3782 3760 3836 hoc
3774 3781 3957 3837 totum

2362 3875 2567 3930 divinas
2611 3877 2754 3946 leges
2796 3874 3063 3930 audiendo
3105 3873 3514 3942 impendamus,
3549 3888 3652 3927 non
3693 3875 3955 3942 autemin

2365 3965 2698 4033 importunas
2741 3976 2796 4020 ct
2844 3965 3057 4018 inutiles
3097 3964 3543 4027 exercitationes,
3576 3979 3644 4018 ne
3681 3979 3865 4019 rursus
3899 3966 3954 4019 iu

2363 4057 2507 4111 illius
2532 4056 2734 4126 negotii
2760 4056 3131 4110 necessitatem
3162 4070 3259 4109 nos
3289 4055 3433 4124 ipsos
3460 4056 3782 4125 redigamtts.
3843 4041 3845 4043 ’

2432 4148 2489 4202 3.
2518 4148 2708 4202 Tribus
2737 4148 2894 4218 igitur
2912 4148 3203 4217 praeteritis
3228 4142 3415 4201 diebus
3441 4162 3606 4200 unum
3629 4147 3965 4217 cognitionis

2366 4241 2458 4295 Dei
2489 4241 2702 4294 modum
2733 4241 3120 4309 quaerebamus,
3148 4241 3428 4308 ipsumque
3457 4240 3508 4293 in
3538 4239 3694 4294 ﬁnem
3721 4240 3957 4296 deduxi-

2368 4346 2508 4394 mus,
2540 4331 2991 4398 interpretantes,
3033 4329 3303 4400 quomodo
3337 4329 3462 4384 ϐωιὶ
3490 4341 3700 4384 narrant
3741 4333 3959 4402 gloriam

2365 4421 2463 4474 Dei
2491 4419 2667 4492 (Psal.
2703 4421 2785 4474 l8.
2817 4417 2890 4492 2)
2917 4436 2930 4472 :
2958 4431 3012 4474 et
3040 4422 3194 4490 quale
3222 4420 3432 4474 tandem
3463 4423 3530 4476 sit
3555 4423 3699 4476 Pauli
3729 4423 3953 4490 dictum,

2366 4512 2392 4566 1
2402 4514 2648 4567 nuisibilia
2670 4514 2828 4582 ipsius
2842 4529 2873 4564 a
2891 4523 3117 4565 creatura
3134 4513 3309 4566 mundi
3334 4529 3423 4581 per
3442 4529 3518 4576 ea,
3536 4513 3652 4582 om:
3671 4519 3805 4585 facta
3820 4525 3960 4582 sunt,

2365 4602 2618 4656 intellecta
2647 4605 3026 4671 conspiciuntur
3054 4601 3072 4673 (
3097 4603 3246 4656 Rom.
3282 4605 3332 4656 ί.
3362 4603 3471 4671 20)
3502 4621 3515 4656 :
3546 4614 3599 4658 ct
3625 4603 3961 4658 demonstra-

2366 4693 2577 4761 vimus,
2605 4694 2875 4762 quomodo
2901 4709 2928 4745 a
2958 4703 3196 4748 creatura
3226 4693 3406 4747 mundi
3434 4734 3447 4750 .
3482 4704 3538 4747 et
3563 4695 3833 4762 quomodo
3865 4710 3961 4763 per

2366 4784 2559 4856 coelum
2589 4793 2643 4838 ct
2670 4792 2866 4838 terram
2895 4791 2948 4837 et
2985 4798 3134 4838 mare
3158 4766 3381 4838 Ereator
3406 4785 3750 4853 glorificatur.
3793 4786 3962 4842 Hodie

2367 4891 2496 4930 vero
2517 4875 2790 4945 paulisper
2809 4876 2861 4929 in
2882 4875 3018 4929 hanc
3041 4891 3249 4929 rursum
3273 4874 3629 4943 philosophati
3657 4875 3958 4942 "marium,

2369 4967 2436 5020 ad
2484 4968 2643 5019 alium
2685 4964 3029 5020 transibimus
3069 4979 3369 5019 sermonem
3402 4984 3415 5018 :
3448 4982 3550 5018 non
3587 4969 3728 5019 enim
3758 4974 3968 5019 tantum

2371 5059 2495 5114 fecit
2517 5057 2788 5121 mundum,
2817 5057 2912 5112 sed
2933 5058 3093 5110 etiam
3116 5069 3171 5109 ut
3203 5059 3368 5111 factus
3394 5068 3726 5126 cperarctur,
3749 5057 3961 5112 effecit:

2371 5163 2544 5218 neque
2573 5157 2740 5202 totum
2770 5147 3094 5201 immobilem
3125 5146 3398 5201 dimittens
3425 5190 3440 5213 ,
3470 5163 3643 5215 neque
3673 5157 3841 5200 totum
3870 5147 3962 5216 ju-

2373 5240 2507 5296 bens
2536 5239 2737 5293 moveri
2761 5280 2776 5298 .
2809 5241 2901 5292 sed
2929 5239 3120 5295 omium
3152 5238 3367 5308 quidem
3400 5241 3677 5293 immotum
3709 5254 3963 5309 perman-

2374 5333 2462 5397 sit,
2492 5332 2628 5405 sicut
2654 5329 2909 5398 propheta
2943 5329 3110 5397 inquit
3139 5348 3153 5382 :
3182 5330 3281 5396 Qui
3309 5332 3481 5382 statuit
3508 5331 3684 5382 cwlum
3712 5341 3966 5395 tamquam

2375 5422 2696 5484 testudinem,
2725 5430 2769 5473 et
2796 5418 3015 5473 extendit
3043 5420 3209 5489 ipsum
3237 5431 3492 5490 tamquam
3523 5423 3788 5475 tentorium
3817 5435 3959 5489 super

2375 5527 2557 5572 terram
2583 5515 2600 5584 (
2623 5513 2748 5567 Isai.
2771 5512 2856 5566 40.
2880 5511 2982 5580 22)
3013 5530 3027 5566 :
3057 5513 3134 5566 sol
3163 5530 3289 5566 vero
3309 5530 3429 5567 cum
3461 5514 3680 5584 reliquis
3705 5513 3970 5567 sideribus

2375 5606 2613 5677 quotidie
2641 5604 2807 5658 currit
2837 5619 2850 5656 :
2883 5614 2936 5656 et
2966 5618 3177 5657 rursum
3212 5613 3349 5657 terra
3385 5604 3483 5657 lixa
3516 5614 3598 5658 est
3619 5645 3632 5667 ,
3662 5619 3813 5670 aqua:
3843 5618 3970 5657 vero

2383 5716 2597 5772 semper
2623 5705 2907 5752 moventur
2934 5713 2949 5749 :
2982 5711 3079 5750 nec
3106 5712 3257 5767 aquzc
3286 5706 3484 5749 tantum
3516 5738 3529 5758 ,
3563 5695 3654 5750 sed
3682 5705 3734 5749 et
3766 5695 3932 5749 nubes
3956 5736 3969 5760 ,

2379 5805 2432 5850 et
2463 5795 2666 5850 imbres
2699 5791 3004 5863 frequentes
3046 5801 3100 5845 et
3142 5789 3430 5845 succcssivi
3477 5798 3716 5860 tempore
3746 5787 3968 5860 proprio
