4232 6320
286 456 498 512 σωμιν.
534 440 754 515 Ἐπειδὴ
778 438 976 511 γὰρτά
1006 438 1117 495 τῶν
1153 440 1383 512 πλησίον
1413 440 1670 514 ὀξύτερον
1698 440 1971 513 βλέπομεν

284 526 321 597 ἡ
346 526 417 580 τά
442 525 711 600 ἡμέτερα,
739 529 905 598 ἡμεῖς
936 526 1157 600 ἐτέρους
1181 527 1561 600 φυλάττωμεν,
1589 528 1683 582 καὶ
1706 528 1807 602 τὴν
1835 529 1975 599 ἡμε-

284 613 455 686 τέραν
500 614 745 687 φυλακήν
785 614 1170 687 ἐπιτρέψωμεν
1225 614 1485 681 ἐκείνοις,
1529 614 1625 668 καὶ
1663 614 1765 687 τὴν
1800 615 1972 687 καλὴν

282 700 525 773 ἅμιλλαν
569 702 774 773 ταύτην
821 703 1198 774 ποιησώμεθα,
1240 702 1328 757 ἵνα
1367 702 1512 757 οὕτω
1559 703 1972 774 περιγενόμενοι

282 786 389 861 τῆς
407 789 649 859 πονηρᾶς
666 787 869 860 ταύτης
897 788 1188 861 συνηθείας
1204 788 1379 864 ,[123]
1402 790 1542 862 μετά
1555 789 1868 863 παρρησίας
1879 789 1973 843 ἐπὶ

1312 322 1406 380 ΑΙ)
1438 324 1771 384 Ροιιυωιι
1812 324 2315 384 ANTIOCHENUM
2350 322 2593 381 HOMIL.
2637 319 2751 378 ΣΠ.

2076 441 2173 513 τὴν
2203 439 2369 510 ἁγίαν
2396 437 2603 507 ταύτην
2633 435 2878 508 ἔλθωμεν
2911 434 3126 511 ἑορτὴν,
3155 433 3252 489 καὶ
3280 414 3383 504 τῆξ
3414 433 3578 503 ἀγίας
3607 435 3773 506 μετά-

2076 543 2296 599 σχωμεν
2345 524 2540 590 θυσίας
2581 523 2723 595 μετὰ
2750 523 3000 596 χρηστῆς
3040 522 3279 587 ἐλπίδος,
3322 523 3417 588 καὶ
3471 520 3776 587 συνειδότος

2074 612 2304 682 ἀγαθοῦ,
2335 612 2520 683 χάριτι
2547 611 2641 665 καὶ
2671 610 3057 683 φιλανθρωπίᾳ
3092 609 3189 664 τοῦ
3229 609 3439 683 Κυρίου
3468 607 3631 681 ήμῶν
3671 608 3779 679 ’1η-

2077 700 2173 755 σοῦ
2205 698 2466 771 Χριστοῦ.
2502 699 2575 753 δι’
2599 693 2661 754 οὗ
2695 698 2791 753 καὶ
2821 698 2939 770 μεθ’
2988 693 3050 753 οὗ
3091 696 3169 769 τῷ
3201 697 3379 768 Πατρὶ
3418 697 3453 767 ή
3495 695 3624 762 δόξα
3658 693 3780 765 ἀμα

2074 788 2154 860 τῷ
2185 788 2328 860 ἁγίῳ
2353 786 2658 859 Πνεύματι,
2682 788 2764 851 είς
2788 786 2917 850 τοὺς
2934 785 3140 850 αἰῶνας
3167 784 3277 838 τῶν
3300 783 3535 841 αἰώνων.
3575 784 3771 855 ’Δμήν.

287 1006 419 1059 Ἔτι
451 1005 816 1074 εὐχαριστία
858 1004 1011 1073 πρὸς
1047 1005 1156 1059 τὸν
1188 1006 1337 1063 Θεὸν
1364 1006 1497 1075 περὶ
1532 1005 1643 1074 τῆς
1669 1004 2114 1076 συτχωρήσεως
2177 1004 2297 1060 τῶν
2320 1004 2754 1074 ἡμαρτηκότων
2807 1005 2896 1071 είς
2914 1002 3022 1059 τὸν
3062 970 3335 1069 βασιλέα
3353 1019 3369 1035 ·
3414 1004 3515 1058 καί
3568 1020 3781 1074 φυσιο-

357 1096 541 1167 Δοτία
570 1084 705 1165 περὶ
741 1094 854 1164 τῆς
883 1097 1139 1163 κτίσεως
1157 1114 1173 1129 ⁸
1199 1097 1299 1152 καί
1328 1097 1420 1152 ὅτι
1443 1096 1708 1164 ποιήσας
1732 1099 1766 1153 ό
1790 1098 1935 1163 Θεὸς
1957 1096 2065 1152 τὸν
2096 1095 2413 1166 ἄνθρωπον
2455 1098 2645 1166 νόμον
2692 1096 2961 1166 φυσικὸν
2991 1096 3394 1167 ἑγκατέθηκεν
3430 1094 3593 1163 αὐτῷ
3612 1112 3625 1127 '
3679 1094 3781 1151 καί

356 1188 498 1258 περὶ
530 1178 642 1243 τοῦ
674 1186 849 1257 πάσῃ
875 1187 1126 1258 σπουδῇ
1147 1189 1485 1259 ἀπέχεσθαι
1518 1187 1635 1244 τῶν
1666 1188 1882 1259 ὅρκων.

1992 1307 2067 1322 —

953 1385 1191 1461 ὀμιλία
1224 1391 1323 1457 ιβ’.

357 1550 429 1600 α’.
464 1540 578 1597 Καὶ
606 1542 734 1614 χθές
762 1536 935 1609 εἷπον,
954 1543 1260 1616 Εὐλογητὸς
1287 1546 1317 1599 6
1338 1544 1491 1612 Θεὸς,
1526 1545 1623 1600 καὶ
1657 1546 1899 1618 σήμερον
1922 1545 1982 1599 τὸ

286 1629 425 1684 αὐτὸ
459 1629 620 1684 τοῦτο
653 1630 816 1685 πάλιν
854 1630 984 1703 ἐρῶ.
1010 1632 1075 1685 El
1099 1631 1208 1705 γάρ
1247 1633 1343 1687 καὶ
1378 1632 1447 1687 τά
1485 1633 1638 1687 δεινά
1668 1633 1977 1705 παρῆλθεν,

286 1716 405 1770 ἀλλ’
439 1718 489 1789 ἡ,
517 1718 710 1791 μνήμη
744 1717 853 1772 τῶν
875 1717 1068 1774 δεινῶν
1096 1719 1172 1791 μή
1201 1718 1583 1793 παρερχέσθω,
1622 1720 1730 1791 οὐχ
1768 1720 1857 1774 ἵνα
1884 1722 1981 1774 ἀλ-

285 1802 497 1874 γῶμεν.
534 1803 648 1859 ἀλλ’
679 1804 767 1858 ἵνα
797 1805 1233 1877 εὐχαριστῶμεν.
1284 1807 1411 1861 Ἐὰν
1444 1806 1556 1880 γάρ
1584 1809 1616 1878 ἡ
1647 1810 1839 1879 μνήμη
1868 1808 1980 1863 τῶν

283 1888 479 1943 δεινῶν
503 1889 659 1965 μένῃ.
689 1892 723 1962 ἡ
754 1892 915 1963 πεῖρα
951 1891 1062 1946 τῶν
1093 1893 1282 1947 δεινῶν
1322 1894 1566 1950 οὐδέποτ’
1596 1896 1979 1967 ἐπιστήσεται.

285 1976 356 2030 Τί
384 1978 500 2048 γὰρ
533 1978 615 2031 δεῖ
643 1979 743 2048 τῆς
774 1978 992 2050 πείρας,
1015 1980 1116 2051 τῆς
1157 1981 1381 2052 μνήμης
1414 1983 1563 2053 ἡμᾶς
1604 1981 1980 2054 σωφρονιζού-

284 2078 427 2135 σηςς
468 2064 679 2135 Ὠσπερ
706 2061 799 2119 οὖν
834 2067 935 2119 οὐκ
970 2067 1184 2137 ἀφῆκεν
1221 2069 1372 2139 ἡμᾶς
1402 2070 1432 2122 6
1472 2070 1604 2134 Θεὸς
1639 2087 1980 2124 καταποντι-

288 2150 491 2220 σθῆναι
515 2152 801 2222 παρόντων
837 2152 950 2206 τῶν
986 2152 1272 2226 λυπηρῶν,
1310 2154 1453 2209 οὕτω
1481 2156 1556 2228 μὴ
1585 2156 1815 2229 ἀφῶμεν
1858 2158 1985 2212 ἐαυ-

283 2239 416 2304 τούς
476 2239 772 2310 ἐκλυθῆναι
830 2242 1215 2312 παρελθόντων
1281 2244 1526 2299 ἐκείνων.
1597 2246 1983 2319 Παρεκάλεσεν

287 2326 442 2396 ἡμᾶς
471 2326 817 2398 ἀθυμοῦντας
834 2328 982 2394 τότε,
1012 2330 1499 2404 εὐχαριστήσωμεν
1526 2332 1675 2403 αὐτῷ
1702 2334 1985 2405 χαίροντες

285 2412 415 2466 νῦν·
448 2415 881 2485 παρεμυθήσατο
906 2417 1273 2488 ὀδυνωμένους
1329 2420 1426 2472 καὶ
1464 2419 1525 2472 ού
1557 2421 1859 2491 προέδωκε,
1905 2422 1982 2493 μή

285 2499 472 2553 τοίνυν
498 2500 637 2572 μηδὲ
659 2503 818 2573 ἡμεῖς
848 2503 1075 2567 ἑαυτοὺς
1102 2504 1531 2576 εὐθηνουμένους
1576 2504 1984 2576 προδῶμεν,είς

288 2586 571 2657 ρᾳθυμίαν
618 2589 988 2654 ἐκκλίνοντεςο
1025 2592 1344 2660 Μνήσθητι
1374 2592 1486 2663 γὰρ
1529 2592 1741 2661 καιρὸν
1779 2593 1980 2661 λιμοῦ,

289 2673 483 2742 φησιν,
519 2674 592 2730 ἐν
631 2674 821 2745 ᾑμέρᾳ
847 2678 1234 2748 πλησμονῆς.
1270 2678 1617 2750 Μνησθῶμεν
1649 2674 1742 2733 οὖν
1789 2679 1983 2751 καιρὸν

287 2758 608 2832 πειρασμοῦ
652 2763 746 2817 καὶ
780 2764 943 2834 ἡμεῖς
969 2765 1028 2818 ἐν
1066 2766 1250 2837 ἡμέρᾳ
1292 2766 1557 2830 ἀνέσεως·
1615 2768 1709 2820 καὶ
1746 2768 1840 2821 ἐπὶ
1870 2768 1982 2821 τῶν

291 2847 713 2919 ἁμαρτημάτων
745 2850 805 2903 δὲ
837 2850 899 2906 τὸ
931 2851 1063 2907 αὐτὸ
1090 2852 1248 2908 τοῦτο
1277 2853 1544 2924 ποιῶμεν.
1580 2854 1698 2908 Κᾶν
1730 2853 1999 2927 ἁμάρτῃς,

292 2934 390 2987 καὶ
452 2938 788 3009 συγχωρήσῃ
830 2955 914 2994 σοι
963 2938 1065 3012 τὴν
1117 2941 1397 3012 ἁμαρτίαν
1450 2944 1480 2995 6
1528 2940 1681 3007 Θεὸς,
1733 2942 1833 3013 τὴν
1886 2942 1985 3012 μὲν

294 3021 647 3093 συγχώρησιν
667 3024 815 3092 δέξαι
844 3028 969 3081 ,καὶ
1021 3027 1437 3101 εὐχαρίστησον,
1469 3029 1571 3100 τῆς
1608 3030 1667 3083 δέ
1709 3030 1996 3101 ἁμαρτίας,

294 3108 375 3181 μὴ
415 3111 670 3183 ἐπιλάθῃ,
698 3114 796 3185 οὐχ
842 3115 931 3168 ῖνα
976 3117 1171 3169 σαυτὸν
1209 3117 1562 3189 κατατρύχῃς
1602 3118 1681 3190 τῷ
1717 3118 1985 3190 λογισμῷ,

294 3198 414 3251 ἀλλ’
451 3199 540 3253 ἴνα
572 3201 671 3271 τὴν
708 3201 886 3273 ψυχὴν
940 3202 1236 3274 παιδεύσῃς
1279 3204 1354 3275 μὴ
1385 3207 1614 3277 σκιρτᾷν
1657 3207 1793 3277 μηδὲ
1827 3222 1988 3278 περι-

297 3285 525 3339 πίπτειν
556 3287 715 3341 πάλιν
736 3291 849 3352 τοῖς
871 3289 1071 3353 αὐτοῖς.
1098 3289 1258 3344 Οὕτω
1284 3293 1377 3345 καὶ
1403 3294 1432 3345 6
1454 3292 1669 3356 Παῦλος
1693 3292 1951 3362 ἐποίησεν
1970 3309 1986 3326 ο

296 3372 473 3426 είπὼν
499 3375 609 3444 γάρ
641 3375 742 3437 ὅτι,
774 3378 1003 3431 Πιστόν
1027 3393 1107 3445 με
1145 3376 1421 3446 ἡγήσατο
1448 3377 1698 3448 θέμενος
1734 3382 1823 3446 εἰς
1859 3378 1989 3432 δια-

296 3460 538 3523 κονίαν,
591 3463 864 3532 ὲπὴγαγε.
920 3462 1039 3517 Τὸν
1076 3465 1367 3532 πρότερον
1416 3464 1564 3519 ὄντα
1608 3465 1991 3534 βλάσφημον

298 3545 403 3599 καί
439 3546 699 3616 διώκτην
724 3551 821 3603 καὶ
853 3549 1169 3620 ὑϐριστήν.
1214 3551 1707 3620 Ἐκπομπευέσθω,
1744 3552 1931 3623 φησὶν,
1963 3554 1992 3606 6

301 3631 420 3702 βίος
438 3632 536 3688 τοῦ
560 3635 901 3695 οίκέτου,ῐνα
923 3641 1062 3708 φανῇ
1089 3639 1123 3709 ἡ
1156 3636 1536 3709 φιλανθρωπία
1565 3638 1659 3692 τοῦ
1689 3639 1988 3695 Δέσπότου.

301 3718 366 3773 Et
387 3721 499 3793 γὰρ
526 3722 633 3774 καῖ
662 3724 1012 3795 συγχώρησιν
1038 3724 1227 3779 ἔλαϐον
1253 3724 1363 3778 τῶν
1393 3726 1613 3796 ἀμαρτη
1623 3726 1827 3795 μάτων,
1857 3725 1994 3780 ἀλλὰ

299 3808 402 3880 τὴν
439 3812 663 3880 μνήμην
701 3811 801 3864 οὐκ
839 3811 1087 3865 ἐκϐάλλω
1127 3813 1235 3866 τῶν
1275 3812 1710 3884 ἁμαρτημάτων.
1763 3813 1838 3867 Οὐ
1895 3814 1990 3868 τοῦ

302 3895 581 3949 Δεσπότου
623 3896 681 3949 δὲ
725 3896 823 3970 τήν
874 3898 1285 3970 φιλανθρωπίαν
1325 3899 1535 3955 ἐδείκνυ
1587 3899 1746 3954 τοῦτο
1796 3900 1991 3970 μόνον,

300 3979 442 4033 ἀλλὰ
471 3982 728 4035 κάκεῖνον
756 3982 1135 4058 λαμπρότερον
1160 3984 1355 4040 ἐποίει.
1382 3986 1552 4042 Ὅταν
1577 3986 1685 4057 γὰρ
1710 3987 1887 4058 μάθῃς
1910 3988 1996 4052 τίς
2041 3977 2060 3987 ’

2049 4145 2053 4149 ν
2099 4066 2265 4121 πάλιν
2312 4071 2392 4131 είς
2424 4066 2523 4139 τὴν
2561 4065 2808 4135 ἀνάγκην
2851 4062 2951 4138 τῆς
2994 4069 3250 4141 ἀσχολίας
3299 4072 3519 4146 ἐκείνης
3564 4062 3795 4144 ἑαυτοὺς

301 4063 371 4136 ἦν
404 4067 742 4139 ἔμπροσθεν,
767 4070 888 4125 τότε
928 4061 1439 4144 αὐτὸν-θαυμάσεις
1480 4073 1642 4141 πλέον
1663 4092 1675 4104 ·
1700 4075 1819 4128 ’καὶ
1866 4076 1997 4128 ὅταν

303 4154 423 4225 ἴδῃς
450 4158 515 4208 ἐκ
538 4156 681 4218 τίνος
704 4157 787 4221 τίς
812 4159 1048 4228 ἐγένετο,
1080 4159 1201 4217 τότε
1241 4160 1404 4213 αὐτὸν
1432 4160 1664 4233 ἀποδέξῃ
1695 4160 1958 4232 μειζόνως
1979 4180 1993 4194 ο

302 4241 407 4295 κᾶν
435 4242 649 4311 μεγάλα
671 4238 737 4313 ᾖς
763 4244 1120 4319 ἡμαρτηκὼς,
1148 4246 1398 4317 χρηστάς
1438 4246 1582 4310 ἕξεις
1608 4246 1861 4300 ἐντεῦθεν
1893 4248 1995 4311 τὰς

303 4328 528 4391 ἐλπίδας
560 4330 1047 4402 μεταϐαλλόμενος·
1090 4333 1228 4402 πρὸς
1250 4332 1358 4404 γάρ
1398 4335 1508 4398 τοῖς
1542 4334 1871 4405 εἰρημένοις,
1904 4336 1998 4388 καὶ

304 4418 429 4479 τοὺς
465 4419 523 4469 ἐν
566 4417 876 4485 ἀπογνώσει
919 4420 980 4472 τὸ
1024 4419 1330 4497 ὑπόδειγμα
1363 4418 1523 4473 τοῦτο
1569 4421 1877 4492 παρακαλεῖ
1906 4423 2013 4476 καῖ’

304 4502 634 4557 ἀνίστασθαι
675 4507 839 4560 ποιεῖ.
870 4504 1050 4579 Ὅπερ
1082 4503 1176 4561 οὖν
1217 4508 1311 4561 καὶ
1337 4508 1432 4561 ἐπὶ
1462 4508 1559 4578 τῆς
1590 4508 1802 4571 πόλεως
1843 4508 1998 4563 ἔσται

306 4589 411 4660 τῆς
446 4590 755 4661 ἡμετέρας·
798 4592 867 4646 τὰ
894 4592 1005 4665 γὰρ
1032 4595 1319 4666 συμϐάντα
1349 4596 1565 4650 ἅπαντα
1594 4597 1694 4667 τήν
1714 4613 1774 4649 τε
1794 4598 1998 4669 ἀρετὴν

308 4677 468 4748 ὐμῶν
492 4680 758 4744 δείκνυσι,
793 4681 1141 4753 δυνηθέντων
1163 4684 1252 4738 διὰ
1279 4685 1382 4754 τῆς
1412 4685 1701 4755 μετανοίας
1729 4685 1999 4755 τοσαύτην

302 4764 480 4835 ὀργὴν
522 4766 993 4838 ἀποκρούσασθαιι
1036 4771 1137 4841 τήν
1180 4788 1241 4824 τε
1283 4771 1378 4824 τοῦ
1407 4772 1542 4825 Θεοῦ
1590 4771 1999 4844 φιλανθρωπίαν

303 4850 593 4920 κηρύττει,
650 4854 711 4918 ἐξ
754 4856 941 4928 ὀλίγης
1009 4858 1110 4928 τῆς
1160 4860 1495 4930 ἐπιστροφῆς
1543 4860 1799 4914 τοσοῦτον
1854 4877 1999 4933 παρ-

300 4937 634 5005 ενέγκαντος
655 4941 834 5011 νέφος,
858 4944 985 5007 τούς
1007 4962 1066 4997 τε
1080 4947 1144 4998 ἐν
1171 4944 1478 5013 ἀπογνώσει
1516 4946 1722 5011 πάντας
1748 4947 1995 5018 ἀνίστησι

313 5023 590 5094 μαθόντας
618 5027 683 5080 ἐκ
715 5028 824 5081 τῶν
843 5031 1150 5102 ἡμετέρων,
1182 5033 1268 5085 ὅτι
1289 5033 1382 5085 τὸν
1410 5031 1563 5105 [124]
1588 5032 1701 5085 ἄνω
1736 5032 1831 5086 καὶ
1865 5035 2001 5104 πρὸς

310 5113 413 5183 τήν
444 5110 539 5164 τοῦ
574 5112 709 5167 Θεοῦ
740 5114 1004 5184 βλέποντα
1034 5118 1228 5190 ῥοπὴν,
1261 5120 1363 5174 κᾶν
1392 5120 1560 5191 μυρία
1595 5119 1827 5191 περιστῇ
1864 5139 1999 5175 πανσ

300 5198 543 5269 ταχόθεν
561 5200 800 5271 κύματα,
833 5207 1324 5277 καταποντισθῆναι
1350 5207 1451 5261 οὐκ
1478 5206 1577 5260 ἔνι.
1609 5208 1707 5271 Τίς
1727 5209 1836 5278 γὰρ
1869 5204 1995 5272 εἶδε,

304 5287 394 5349 τίς
422 5287 623 5357 ήκουσέ
668 5307 797 5343 ποτε
842 5292 912 5346 τὰ
952 5293 1199 5365 ἡμέτερα
1243 5293 1427 5366 πάθης
1474 5297 1538 5349 ἐκ
1572 5294 1788 5367 βάθρων
1821 5288 1999 5350 αὐτῶν

310 5374 436 5428 καθ’
477 5374 712 5445 ἑκάστην
756 5380 1174 5452 προσεδοκῶμεν
1227 5383 1442 5455 ἡμέραν
1477 5383 1997 5454 ἀνασπασθήσεσθαι

296 5459 410 5530 τὴν
442 5460 596 5515 πόλιν
626 5465 757 5535 ἡμῖν
792 5466 931 5536 μετά
966 5468 1079 5522 τῶν
1112 5469 1463 5524 ἐνοικούντων
1483 5486 1495 5500 ·
1529 5471 1645 5523 ἀλλ’
1687 5470 1776 5523 ὅτε
1803 5469 1997 5541 ἤλπιζε

307 5551 732 5614 καταποντίζειν
782 5553 844 5607 τὸ
891 5556 1099 5625 σκάφος
1151 5559 1181 5611 6
1223 5556 1505 5622 διάϐολος,
1565 5558 1687 5610 τότε
1750 5557 2000 5632 καθαράν

302 5635 557 5707 γαλήνην
600 5638 855 5710 ἐποίησεν
895 5642 924 5695 6
960 5643 1115 5709 Θεός.
1152 5643 1243 5717 Μὴ
1285 5645 1467 5698 τοίνυν
1511 5644 1997 5716 ἐπιλανθανώμεθα

305 5721 404 5774 τοῦ
446 5725 708 5794 μεγέθους
745 5726 852 5781 τῶν
878 5729 1089 5795 δεινῶν,
1123 5731 1212 5787 ῖνα
1244 5731 1673 5803 μνημονεύωμεν
1703 5730 1798 5785 τοῦ
1834 5733 1999 5804 μεγέ-

315 5809 438 5875 θους
462 5812 573 5866 τῶν
596 5814 927 5887 εὐεργεσιῶν
950 5817 1059 5873 τῶν
1080 5818 1233 5892 παρὰ
1265 5819 1357 5873 τοῦ
1374 5818 1510 5873 Θεοῦ
1537 5818 1846 5889 γενομένων
1864 5838 1877 5852 ’
1906 5821 2002 5875 καὶ

312 5896 420 5971 γὰρ
447 5902 475 5957 6
502 5900 580 5976 μὴ
610 5902 769 5969 είδὼς
803 5905 896 5961 τοῦ
941 5908 1245 5982 νοσήματος
1289 5906 1387 5983 τήν
1431 5908 1612 5981 φύσιν,
1647 5908 1747 5963 οὐκ
1794 5908 1997 5965 εἴσεται

2088 1368 2185 1425 τοῦ
2212 1365 2400 1440 ἰατροῦ
2428 1367 2527 1439 τὴν
2551 1367 2767 1438 τέχνην·
2797 1365 2984 1421 Ταῦτα
3022 1366 3292 1437 καὶπρὸς
3315 1366 3441 1430 τοὺς
3474 1361 3669 1430 παῖδας
3691 1366 3783 1422 ἰέ-

2079 1472 2269 1528 γωμεν
2294 1455 2422 1518 τοὺς
2446 1452 2775 1524 ἡμετέρους,
2811 1454 2905 1506 καὶ
2947 1455 3028 1517 είς
3073 1454 3273 1525 μυρίας
3315 1452 3783 1524 παραπέμπωμεν

2080 1542 2294 1613 γενεὰς,
2328 1540 2416 1594 ίνα
2451 1538 2699 1611 μάθωσιν
2728 1539 2970 1604 ἆπαντες
3031 1539 3149 1605 πῶς
3173 1538 3508 1593 ἐσπούδασεν
3540 1541 3569 1592 6
3600 1538 3783 1593 διάϐο-

2080 1628 2173 1694 λος
2202 1626 2381 1685 καὶτὸ
2406 1626 2602 1694 ἔδαφος
2641 1626 2902 1695 ἀφανίσαι
2935 1627 3036 1697 τῆς
3082 1626 3312 1692 πόλεως,
3350 1627 3446 1680 καὶ
3479 1626 3597 1690 πῶς
3623 1628 3783 1698 ἴσχυ-

2083 1733 2176 1770 σεν
2209 1716 2237 1768 6
2274 1714 2407 1778 Θεὸς
2453 1716 2808 1768 πεπτωκυῖαν
2843 1714 3015 1786 αὐτὴν
3044 1714 3140 1768 καὶ
3178 1714 3440 1787 κειμένην
3488 1715 3577 1767 ἐπ’
3623 1714 3784 1785 ὄψεσι

2085 1802 2282 1874 στῆσαι
2308 1800 2493 1868 πάλιν,
2544 1801 2639 1853 καὶ
2680 1800 2817 1871 μηδὲ
2852 1800 2954 1874 τὴν
2991 1799 3265 1870 τυχοῦσαν
3303 1801 3660 1873 συγχωρῆσαι
3692 1819 3788 1872 γε-

2082 1889 2270 1946 νέσθαι
2298 1888 2524 1960 βλάϐην,
2560 1887 2696 1942 ἀλλὰ
2727 1888 2822 1941 καὶ
2854 1889 2950 1942 τὸν
2992 1888 3158 1959 φόϐον
3181 1890 3381 1956 ἀνεῖλε,
3420 1890 3515 1944 καὶ
3550 1890 3644 1944 τὸν
3668 1891 3790 1944 κίν-

2082 1968 2235 2031 δυνον
2256 1974 2637 2046 ἀπεκρούσατο
2672 1974 2812 2045 μετὰ
2832 1972 3028 2029 πολλοῦ
3051 1974 3145 2029 τοῦ
3160 1974 3403 2047 ’τάχους.
3438 1979 3552 2032 Καὶ
3577 1979 3690 2051 γὰρ
3712 1981 3785 2051 τῇ

2084 2063 2434 2136 παρελθούσῃ
2473 2062 2737 2133 ἐϐδομάδι
2784 2061 2883 2126 τὰς
2927 2062 3116 2128 οὐσίας
3151 2063 3489 2136 δημεύεσθαι
3522 2066 3788 2130 προσεδο-

2086 2151 2274 2223 κῶμεν
2303 2150 2567 2214 ἅπαντες,
2602 2150 2699 2205 καὶ
2742 2150 3083 2220 στρατιώτας
3122 2151 3255 2223 ἡμῖν
3279 2153 3656 2222 έὲπαφίεσθαι.
3686 2154 3781 2208 καὶ

2088 2240 2260 2312 μυρία
2311 2239 2475 2310 ’ἐτερα
2521 2235 2993 2308 ὠνειροπολοῦμεν
3043 2236 3227 2293 δεινάο
3284 2240 3400 2302 ἀλλ’
3450 2241 3561 2295 ἰδοὺ
3604 2240 3787 2297 πάντα

2084 2330 2268 2381 ἐκεῖνα
2306 2325 2608 2396 παρῆλθεν,
2648 2326 2837 2396 ὥσπερ
2868 2325 3029 2395 νέφος
3070 2328 3167 2379 καὶ⁹
3205 2324 3397 2400 ὥσπερ
3444 2329 3576 2383 σκιά
3603 2345 3788 2402 παρα-

2084 2414 2383 2486 τρέχουσα,
2424 2415 2519 2467 καὶ
2555 2416 2623 2485 τῇ
2681 2412 2982 2485 προσδοκίᾳ
3014 2412 3125 2485 τῶν
3169 2415 3364 2470 δεινῶν
3404 2416 3787 2489 ἐκολάσθημεν

2090 2503 2281 2573 μόνον’
2316 2501 2517 2574 μᾶλλον
2551 2501 2609 2554 δὲ
2643 2500 2743 2554 οὐκ
2777 2500 3173 2573 ἐκολάσθημεν,
3216 2502 3356 2557 ἀλλὰ
3402 2506 3497 2558 καὶ
3535 2496 3793 2560 ἐπαιδεύ-

2087 2587 2262 2659 θημεν
2306 2589 2403 2643 καὶ
2441 2588 2685 2659 βελτίους
2714 2588 3065 2659 γεγόναμεν,
3113 2588 3210 2645 τοῦ
3241 2590 3376 2645 Θεοῦ
3410 2591 3510 2665 τὴν
3556 2592 3791 2664 καρδίαν

2082 2676 2180 2730 τοῦ
2221 2676 2488 2747 βασιλέως
2538 2675 2903 2747 μαλάξαντος.
2955 2670 3239 2748 Λέγωμεν’
3265 2677 3446 2732 τοίνυν
3497 2679 3791 2749 διαπαντὸς

2084 2764 2182 2818 καὶ
2211 2762 2335 2818 καθ’
2370 2764 2607 2836 ἡμέραν,
2646 2762 2955 2833 Εὐλογητὸς
2984 2765 3013 2816 6
3044 2762 3200 2828 Θεὸς,
3247 2765 3342 2819 καὶ
3367 2766 3508 2837 μετά
3542 2766 3792 2840 πλείονος

2086 2850 2325 2922 σπουδῆς
2352 2853 2419 2922 τῇ
2454 2849 2672 2916 συνάξει
2712 2850 3090 2921 προσέχωμεν,
3120 2854 3213 2906 καὶ
3242 2854 3380 2925 πρὸς
3415 2853 3516 2926 τὴν
3559 2855 3788 2927 Ἐκκλη-

2088 2936 2211 2991 σίαν
2233 2938 2541 3009 τρέχωμεν,
2568 2937 2690 2990 ὅθεν
2722 2938 3173 3011 ἐκαρπωσάμεθα
3196 2939 3293 3012 τὴν
3319 2941 3612 3011 ὠφέλειαν.
3644 2944 3789 2998 Ἰστε

2086 3024 2194 3097 γὰρ
2238 3028 2297 3079 ἐν
2326 3028 2468 3098 ἀρχῇ
2503 3023 2606 3077 ποῦ
2646 3022 3021 3094 κατεφύγετε,
3052 3024 3158 3080 ποῦ
3190 3030 3584 3101 συνεδράμετε,
3620 3033 3791 3087 πόθεν

2085 3114 2221 3181 ἡμῖν
2254 3113 2287 3183 ἡ
2324 3111 2569 3182 σωτηρία
2615 3110 2862 3181 γέγονεν.
2919 3113 3206 3184 Ἐχώμεθα
3247 3115 3431 3171 τοίνυν
3475 3118 3577 3188 τῆς
3636 3120 3790 3192 ἱερᾶς

2087 3198 2360 3270 ἀγκύρας,
2392 3199 2487 3253 καὶ
2524 3196 2776 3271 καθάπερ
2800 3199 2859 3253 ἐν
2889 3199 2968 3271 τῷ
2996 3201 3178 3273 καιρῷ
3200 3202 3311 3257 τῶν
3345 3204 3611 3266 κινδύνων
3639 3208 3793 3280 ἡμᾶς

2088 3288 2148 3340 οὐ
2174 3285 2508 3358 προέδωκεν,
2534 3283 2678 3338 οὕτω
2710 3284 2848 3356 μηδὲ
2882 3287 3044 3357 ἡμεῖς
3077 3288 3249 3360 αὐτὴν
3272 3291 3331 3345 ὲν
3368 3291 3449 3362 τῷ
3474 3292 3653 3365 καιρῷ
3688 3295 3791 3366 τῆς

2091 3372 2341 3437 ἀνέσεως
2410 3370 2845 3443 καταλίπωμεν,
2903 3373 3043 3428 ἀλλὰ
3104 3375 3377 3448 μείνωμεν
3438 3380 3578 3449 μετά
3630 3383 3794 3455 ἀκρι-

2094 3459 2292 3522 ϐείας,
2357 3458 2455 3512 καὶ
2514 3456 2614 3522 τὰς
2672 3456 2921 3523 συνάξεις
2985 3459 3081 3515 καὶ
3140 3461 3243 3526 τάς
3314 3463 3482 3536 εὐχὰς
3544 3469 3640 3522 καὶ
3691 3468 3793 3541 τήν

2089 3546 2200 3600 τῶν
2239 3546 2401 3599 θείων
2458 3544 2656 3613 λογίων
2713 3545 2983 3622 ἀκρόασιν
3040 3547 3326 3620 ποιώμεθα
3375 3552 3497 3606 καθ’
3551 3554 3791 3628 ἡμέραν,

2090 3633 2187 3686 καὶ
2219 3632 2318 3704 τὴν
2352 3631 2550 3705 σχολὴν
2583 3633 2649 3701 ήν
2686 3631 3055 3703 ἀνηλίσκομεν
3089 3637 3601 3709 περιεργαζόμενοι,
3634 3641 3797 3695 πολυ-

2093 3718 2562 3791 πραγμονοῦντες,
2594 3718 2722 3781 τοὺς
2756 3717 2865 3770 ἀπὸ
2900 3718 2996 3772 τοῦ
3032 3722 3402 3793 στρατοπέδου
3438 3727 3796 3799 περιτρέχον-

2103 3822 2220 3870 τες,
2245 3804 2644 3869 σπουδάζοντες
2662 3803 2806 3874 ὐπέρ
2835 3805 2944 3860 τῶν
2973 3806 3339 3879 ἐπικειμένων
3361 3812 3569 3877 κακῶν,
3588 3814 3793 3887 ταύτην

2096 3880 2466 3964 ἀναλώσωιὴν
2490 3891 2710 3946 ἃπασαν
2734 3892 2815 3954 είς
2845 3892 2943 3963 τὴν
2976 3893 3084 3947 τῶν
3107 3895 3271 3950 θείων
3293 3898 3474 3970 νόμων
3504 3880 3792 3973 ἀκρόασιν,

2098 3980 2234 4034 ἀλλὰ
2273 3979 2349 4051 μὴ
2373 3981 2455 4043 είς
2481 3979 2747 4048 ἀκαίρους
2777 3978 2871 4031 καὶ
2906 3980 3201 4065 ἀνονήτους
3236 3985 3553 4058 διατριϐὰς,
3596 3989 3684 4044 ῖνα
3715 3991 3794 4065 μὴ

2097 4156 2553 4227 καταστήσωμεν.

2174 4254 2241 4324 β’.
2262 4256 2350 4308 Ἑν
2375 4256 2472 4327 μὲν
2496 4251 2591 4311 οῦν
2626 4260 2750 4323 ταῖς
2781 4256 3181 4331 παρελθούσαις
3200 4257 3380 4329 τρισὶν
3419 4259 3659 4332 ἡμέραις
3695 4262 3793 4318 ενα

2100 4340 2429 4409 θεογνωσίας
2454 4342 2800 4416 ἐξητάσαμεν
2821 4345 3045 4416 τρόπον,
3079 4344 3173 4399 καὶ
3200 4345 3337 4416 πρὸς
3362 4346 3424 4400 τὸ
3450 4348 3606 4413 τέλος
3630 4350 3794 4405 αὐτὸν

2098 4426 2414 4498 ἠγάγομεν,
2458 4430 2854 4501 ἑρμηνεύοντες
2886 4431 3003 4496 πῶς
3045 4435 3110 4487 Οἱ
3153 4432 3400 4500 οὐρανοὶ
3445 4433 3794 4505 διηγοῦνται

2098 4512 2216 4581 τὴν
2246 4512 2435 4578 δόξαν
2459 4516 2634 4580 Θεοῦ,
2660 4518 2755 4571 καὶ
2778 4518 2831 4571 τί
2860 4519 2991 4572 ποτέ
3026 4519 3145 4571 ἐστι
3181 4517 3244 4571 τὸ
3274 4517 3427 4591 παρά
3454 4520 3549 4574 τοῦ
3579 4522 3792 4577 Παύλου

2099 4599 2413 4671 λεγόμενον,
2441 4602 2526 4679 ὅτι
2560 4603 2638 4658 Τὰ
2660 4604 2884 4672 ἀόρατα
2900 4605 3089 4670 αὐτοῦ
3116 4604 3237 4660 ἀπὸ
3260 4608 3518 4675 κτίσεως
3556 4611 3794 4680 κόσμου

2098 4687 2225 4753 τοῖς
2255 4687 2549 4757 ποιήμασι
2594 4692 2898 4761 νοούμενα
2937 4682 3279 4761 καθορᾶται,
3330 4695 3426 4749 καὶ
3475 4697 3793 4770 ἐδείκνυμεν

2102 4772 2220 4836 πῶς
2241 4774 2349 4827 ἀπὸ
2384 4775 2617 4840 κτίσεως
2644 4777 2875 4849 κόσμου,
2902 4780 2997 4832 καὶ
3028 4780 3145 4842 πῶς
3188 4779 3256 4833 δι’
3286 4781 3520 4852 ούρανοῦ
3556 4784 3651 4838 καὶ
3688 4784 3795 4854 γῆς

2102 4861 2198 4913 καὶ
2226 4860 2498 4933 θαλάττης
2532 4864 2562 4916 6
2597 4865 2944 4937 Δημιουργὸς
2966 4866 3269 4932 δοξάζεται.
3282 4870 3533 4941 Τήμερον
3561 4871 3617 4925 δὲ
3640 4869 3800 4941 ὀλίγα

2102 4947 2264 5001 πάλιν
2296 4951 2375 5012 είς
2414 4951 2583 5019 αὐτὴν
2627 4950 2831 5022 ταύτην
2875 4954 3339 5026 φιλοσοφήσαντες
3386 4958 3486 5028 τὴν
3514 4959 3791 5019 ὑπόθεσιν,

2103 5036 2187 5103 ἐφ’
2229 5036 2414 5101 ἓτερον
2459 5036 2789 5109 βαδιούμεθα
2832 5040 3019 5109 λόγον·
3066 5042 3127 5095 οὐ
3179 5042 3288 5115 γὰρ
3336 5045 3497 5116 μόνον
3537 5047 3794 5117 ἐποίησεν

2102 5121 2296 5193 αὐτὴν,
2323 5124 2459 5176 ἀλλὰ
2491 5125 2588 5177 καὶ
2619 5126 2921 5199 γενομένην
2975 5128 3307 5199 ἐργάζεσθαι
3352 5134 3789 5199 παρεσκεύασεν,

2108 5209 2231 5262 οὗτε
2267 5212 2447 5264 πᾶσαν
2484 5212 2741 5283 ἀκίνητον
2786 5214 2969 5283 ἀφεὶς.
3011 5214 3135 5269 οὐτε
3178 5219 3359 5272 πᾶσαν
3394 5221 3663 5276 κινεῖσθαι
3705 5240 3794 5277 κε-

2106 5295 2335 5361 λεύσαςο
2368 5298 2483 5352 ἀλλ’
2528 5301 2757 5371 οὐρανὸς
2790 5303 2886 5372 μὲν
2915 5303 3174 5373 ἀκίνητος
3214 5304 3435 5376 ἕστηκε,
3475 5308 3725 5382 καθάπερ
3766 5314 3794 5363 6

2106 5387 2394 5457 προφήτης
2428 5385 2582 5459 [1'25]
2615 5388 2801 5458 φησὶν,
2852 5390 2914 5442 '0
2946 5391 3186 5458 στήσας
3226 5393 3334 5447 τὸν
3358 5396 3622 5463 οὐρανὸν
3646 5396 3791 5453 ὡσεί

2106 5472 2400 5540 καμάραν,
2436 5476 2530 5529 καὶ
2558 5476 2858 5544 διατείνας
2882 5479 3071 5534 αὐτὸν
3107 5481 3247 5535 ὡσεὶ
3287 5484 3534 5552 σκηνὴν
3556 5485 3655 5540 ἐπὶ
3683 5486 3787 5555 τῆς

2105 5557 2248 5627 γῆς·
2279 5563 2309 5613 6
2332 5561 2387 5614 δὲ
2411 5562 2560 5633 ἥλιος
2594 5564 2733 5634 μετά
2757 5564 2865 5618 τῶν
2899 5566 3112 5639 ἄστρων
3140 5567 3248 5621 τῶν
3276 5570 3478 5627 λοιπῶν
3511 5573 3633 5627 καθ’
3661 5576 3795 5629 ἐκά-

2108 5658 2238 5715 στην
2265 5648 2448 5718 τρέχει
2476 5651 2575 5721 τὴν
2614 5652 2828 5725 ἡμέραν
2850 5669 2863 5684 ·
2896 5655 2992 5708 καὶ
3027 5657 3097 5726 γῆ
3141 5656 3301 5711 πάλιν
3332 5661 3571 5732 πέπηγε,
3618 5663 3687 5717 τά
3736 5664 3794 5721 δι

2106 5734 2276 5788 ὕδατα
2313 5735 2514 5805 βαδίζει
2555 5739 2879 5805 διαπαντός·
2908 5744 3006 5815 οὐχ
3032 5743 3199 5799 ῦδατα
3230 5747 3287 5800 δὲ
3323 5750 3501 5819 μόνον,
3537 5751 3673 5805 ἀλλὰ
3700 5750 3798 5806 καὶ

2105 5822 2326 5890 νεφέλαι
2362 5824 2457 5878 καί¹
2513 5825 2709 5898 ὄμϐροι
2755 5835 2998 5901 συνεχεῖς
3045 5833 3142 5887 καὶ
3183 5836 3473 5908 ἐπάλληλοι
3521 5840 3662 5894 κατὰ
3703 5841 3791 5894 τὸν

2105 5910 2302 5965 οἰκεῖον
2327 5910 2700 5984 ἀποδιδόμενοι
2733 5919 2955 5989 καιρόν·
2991 5922 3083 5974 καὶ
3110 5920 3207 5993 μία
3242 5924 3343 5991 μὲν
3369 5927 3400 5991 ἡ
3432 5926 3539 5979 τῶν
3567 5926 3788 6001 δμϐρων
