4232 6320
289 387 393 443 ’29

288 520 480 577 redditi
508 538 521 574 :
554 528 609 575 ct
643 535 747 574 una
775 519 989 589 quidem
1029 516 1278 571 imbrium
1304 524 1387 571 est
1417 525 1605 569 natura
1629 557 1643 577 ,
1672 505 1884 569 diversa

290 629 418 667 vero
441 627 561 683 qua:
586 627 652 667 ex
680 611 808 682 ipsis
842 612 973 666 fiunt
1003 628 1017 664 :
1044 612 1240 664 ctenim
1266 610 1316 661 iu
1342 609 1448 662 vite
1474 608 1655 661 vinum
1686 608 1744 661 lit
1772 607 1891 675 plu-

288 717 373 756 ria
395 742 411 766 ,
440 702 619 755 oleum
649 702 701 755 in
732 704 845 756 olea
867 742 884 767 ,
914 710 967 756 et
999 702 1050 755 in
1092 699 1212 753 aliis
1241 698 1434 766 plantis
1465 689 1519 751 in
1548 698 1756 752 illarum
1786 697 1887 751 hu-

288 808 469 848 meres
492 802 750 846 mutatur.
783 793 844 847 Et
871 808 1005 846 unus
1031 790 1243 859 quidem
1274 801 1357 843 est
1383 777 1538 843 terra:
1564 797 1772 851 venter,
1793 787 1886 840 sed

290 883 598 940 differentes
645 884 846 955 profert
895 884 1097 937 fructus
1128 901 1142 936 :
1176 897 1311 937 unus
1357 881 1548 936 solaris
1591 881 1918 951 splendoris”

285 985 372 1028 est
395 974 564 1037 calor,
597 974 691 1029 sed
718 973 1026 1029 diﬂ’eienter
1048 975 1223 1026 omnia
1256 981 1503 1033 maturat,
1534 972 1648 1027 luce
1672 972 1888 1041 quidem

287 1064 495 1119 tardius
518 1106 534 1129 ,
567 1064 682 1119 hate
712 1080 838 1118 vero
871 1064 1027 1118 citius
1065 1064 1131 1117 ad
1173 1064 1686 1117 consummationem
1714 1063 1889 1117 dedu-

286 1170 439 1209 ecus.
467 1156 597 1224 Quis
642 1155 757 1210 ha'c
786 1172 890 1208 unu
931 1156 1273 1225 Obstupescat
1309 1166 1360 1224 et
1410 1154 1749 1209 admiretur?
1780 1154 1888 1208 imo

287 1264 419 1302 vero
472 1265 579 1303 non
622 1250 722 1303 hoc
765 1247 937 1302 solum
982 1257 1065 1303 est
1102 1246 1459 1312 admirabile,
1502 1245 1642 1315 quod
1682 1246 1885 1299 varium

286 1339 464 1407 ipsum
505 1348 560 1393 et
603 1338 935 1393 dit‘l‘erentem
962 1337 1315 1391 fabricaverit
1343 1377 1358 1399 ,
1407 1336 1502 1390 sed
1541 1335 1700 1389 etiam
1745 1333 1885 1403 quod

286 1430 466 1496 ipsum
494 1428 745 1481 omnibus
766 1441 1105 1481 communem
1138 1425 1510 1494 proposuerit,
1552 1433 1606 1477 et
1634 1423 1888 1478 divitibus

284 1530 343 1572 et
374 1520 699 1587 pauperibus
723 1560 738 1581 ,
767 1517 1295 1587 etpcccatoribustet
1319 1516 1498 1585 justis.
1530 1515 1683 1583 Quod
1704 1516 1888 1585 utique

283 1619 342 1665 et
369 1609 616 1665 Christus
642 1609 854 1664 dicebat
879 1626 894 1661 :
926 1609 1101 1664 Solem
1131 1625 1279 1662 suum
1317 1609 1439 1661 oriri
1462 1609 1586 1677 facit
1613 1623 1769 1676 super
1794 1606 1886 1660 ba-

284 1718 382 1755 nos
408 1711 455 1755 et
482 1718 637 1773 super
679 1700 841 1755 malos
867 1741 883 1765 ,
925 1709 974 1754 et
1019 1700 1148 1770 pluit
1190 1716 1345 1770 super
1368 1700 1540 1770 justas
1585 1708 1632 1753 et
1671 1698 1887 1767 injustas

284 1792 507 1863 (.llatth.
536 1793 588 1849 5.
617 1791 711 1864 45)
738 1802 827 1847 :et
853 1790 1072 1847 inﬁnitis
1097 1790 1269 1862 ipsum
1298 1790 1615 1867 animalibus
1636 1791 1884 1862 implens,

283 1892 345 1938 ct
375 1884 649 1937 naturales
675 1882 845 1938 brutis
875 1882 1118 1939 inserens
1147 1896 1323 1937 mores
1342 1922 1357 1945 ,
1396 1880 1495 1935 hos
1519 1881 1733 1952 quidem
1762 1881 1886 1935 imi-

284 1976 390 2029 tari
416 2017 433 2041 ,
464 1974 562 2029 bos
589 1990 718 2029 vero
748 1974 928 2046 fugere
956 1988 1057 2029 nos
1077 1973 1256 2043 jussit.
1290 1972 1449 2028 Verbi
1476 1974 1643 2043 gratia
1676 1990 1695 2030 :
1727 1972 1885 2026 indu—

281 2067 417 2121 stria
457 2075 541 2121 est
574 2064 794 2120 formica
818 2108 835 2131 ,
871 2077 925 2121 et
952 2062 1275 2120 laboriosum
1303 2064 1429 2119 facit
1456 2079 1609 2134 opus.
1638 2062 1694 2119 Si
1727 2064 1888 2134 igitur

281 2160 554 2223 attendas,
585 2159 870 2213 maximam
895 2161 963 2214 ab
989 2159 1092 2215 hoc
1115 2158 1330 2212 animali
1358 2158 1538 2226 capies
1567 2156 1889 2211 admonitio-

284 2265 437 2316 nem,
470 2260 525 2304 ut
551 2266 658 2303 non
683 2250 1004 2315 emolliaris,
1034 2264 1172 2304 neve
1201 2247 1370 2318 fugias
1401 2248 1610 2303 labores
1635 2254 1690 2303 et
1718 2247 1885 2302 sudo-

281 2356 412 2395 res:
439 2352 719 2410 propterea
739 2348 797 2395 et
821 2340 1097 2409 Scriptura
1128 2347 1427 2407 torpentem
1456 2337 1524 2392 ad
1551 2339 1693 2392 illam
1726 2339 1889 2392 mittit

281 2431 509 2486 dicens:
545 2431 681 2484 Vade
700 2430 766 2483 ad
782 2431 1069 2504 formicam.
1092 2445 1123 2483 o
1145 2428 1308 2499 piger.
1324 2437 1372 2483 ct
1397 2427 1594 2482 imitare
1619 2428 1728 2483 vias
1753 2429 1883 2499 ejus,

282 2536 332 2579 et
362 2534 469 2578 esto
497 2525 587 2579 illa
616 2524 893 2594 sapientior
918 2522 1101 2589 (Prov.
1132 2523 1186 2577 6.
1218 2521 1292 2589 6).
1328 2520 1444 2575 Non
1472 2506 1571 2585 vis,
1601 2521 1793 2591 inquit,
1820 2536 1886 2575 ex

283 2614 584 2683 Scripturis
613 2614 820 2669 discere
844 2612 986 2683 quod
1024 2613 1221 2666 bonum
1262 2612 1333 2666 sit
1371 2612 1622 2680 operari,
1659 2622 1714 2665 et
1743 2611 1886 2681 quod

285 2720 394 2759 non
425 2720 657 2773 operaus
686 2720 858 2775 neque
883 2696 1208 2759 manducare
1236 2702 1470 2758 debeat?
1497 2719 1604 2757 non
1629 2705 1711 2757 vis
1730 2718 1759 2756 a
1790 2702 1887 2756 do-

282 2798 525 2853 ctoribus
551 2797 654 2852 hoc
676 2796 900 2851 audire?
920 2795 1068 2852 disce
1095 2809 1126 2848 a
1149 2794 1337 2849 brutis.
1372 2794 1458 2849 Sic
1484 2803 1539 2849 et
1565 2795 1617 2848 iu
1642 2793 1887 2849 domibus

284 2903 433 2956 carpe
473 2886 697 2942 facimus
729 2903 743 2939 :
778 2885 1011 2956 maiores
1037 2927 1053 2952 ,
1094 2897 1147 2940 et
1189 2886 1279 2955 qui
1319 2884 1566 2939 videntur
1595 2900 1717 2940 esse
1746 2900 1885 2952 pne-

284 2978 577 3033 stantiores
597 3018 610 3041 ,
641 2992 761 3032 cum
793 2977 1163 3047 peccaverint,
1198 2976 1437 3046 puerulis
1475 2975 1763 3030 solertibus
1801 2986 1885 3029 at-

285 3070 510 3125 tendere
534 3069 910 3134 exhortamur,
936 3071 1178 3125 dicentes
1202 3087 1214 3122 :
1244 3069 1470 3139 Respice
1501 3070 1763 3124 minorem
1793 3078 1845 3124 te
1868 3110 1884 3136 ,

284 3178 447 3234 quam
478 3173 558 3217 est
588 3162 881 3217 industrios
908 3173 961 3216 et
990 3163 1182 3217 solers.

356 3255 404 3308 Α
429 3256 651 3309 minimis
676 3256 983 3309 animalibus
1006 3256 1233 3309 eruditur
1260 3255 1430 3309 homo.
1460 3285 1529 3295 —
1559 3255 1623 3310 Et
1644 3262 1699 3309 tu
1729 3255 1888 3325 igitur

286 3348 357 3401 ab
384 3349 489 3402 hoe
513 3346 727 3401 animali
759 3347 1050 3401 maximam
1077 3362 1209 3415 cape
1234 3345 1531 3401 sedulitatis
1560 3346 1890 3400 exhortatio-

288 3456 411 3494 nem
440 3457 455 3493 :
482 3448 538 3495 et
565 3438 845 3493 Dominum
872 3446 1018 3492 tuum
1045 3437 1310 3491 admirare
1337 3479 1352 3502 ,
1398 3452 1503 3490 nou
1533 3436 1677 3507 quod
1715 3438 1886 3492 solem

289 3532 479 3587 fecerit
503 3538 706 3584 tantum
732 3537 786 3584 et
814 3529 1001 3584 coelum
1027 3567 1044 3589 ,
1085 3527 1179 3582 sed
1221 3528 1361 3598 quod
1403 3528 1563 3583 etiam
1603 3527 1886 3582 formicam

288 3623 431 3675 tecit.
462 3620 571 3676 Etsi
597 3621 742 3675 enim
761 3634 1009 3689 exiguum
1034 3618 1254 3683 animal,
1283 3617 1441 3672 habet
1472 3629 1648 3673 tamen
1677 3619 1889 3688 sapien-

289 3713 379 3765 tiae
404 3710 499 3765 Dei
530 3709 907 3779 magnitudinis
938 3708 1156 3761 muluun
1186 3707 1719 3763 demonstrationem.
1749 3708 1887 3763 Con-

287 3802 470 3858 sidera
496 3801 657 3872 igitnr
674 3815 832 3871 quam
859 3800 930 3854 sit
956 3799 1213 3867 prudens,
1231 3807 1286 3851 et
1305 3798 1593 3865 admirare,
1618 3800 1887 3867 quomodo

290 3892 467 3962 potuit
497 3890 714 3946 Deusin
771 3898 876 3944 tam
928 3889 1075 3943 brevi
1118 3903 1354 3957 corpore
1407 3895 1606 3942 tantam
1631 3889 1774 3958 jugis
1810 3889 1890 3944 itt-

288 3998 477 4039 acrere
503 3981 831 4053 operationis
857 3980 1224 4050 cupiditatem.
1258 3980 1339 4034 Ab
1367 3980 1465 4033 hac
1491 3981 1707 4050 quidem
1738 3981 1889 4035 labo-

290 4077 373 4130 ris
391 4074 645 4136 studium,
665 4072 734 4127 ab
756 4088 855 4143 ape
886 4087 1013 4128 vero
1039 4071 1352 4126 munditiam
1369 4080 1421 4125 et
1442 4071 1714 4126 solertiam
1743 4072 1890 4130 disce

291 4164 927 4222 etcharitatem.Etcnitu
972 4164 1060 4217 illa
1103 4148 1208 4225 non
1248 4163 1416 4232 magis
1454 4164 1554 4217 sibi
1582 4163 1682 4232 ipsi
1725 4180 1884 4233 quam

294 4257 455 4311 nobis
491 4256 732 4320 laborat,
775 4264 829 4309 et
868 4254 1107 4326 quotidie
1146 4254 1435 4323 fatigatur:
1468 4252 1610 4323 quod
1659 4253 1892 4310 maxime

292 4349 603 4404 Christiano
631 4349 903 4418 proprium
929 4357 1034 4414 est,
1066 4363 1173 4402 non
1214 4361 1307 4401 sua
1338 4361 1580 4416 quazrere
1600 4387 1617 4412 ,
1647 4347 1743 4403 sed
1772 4362 1893 4417 quxe

294 4448 421 4493 sunt
441 4439 689 4493 aliorum.
714 4437 863 4493 Sicut
907 4438 1066 4508 igitur
1089 4438 1173 4492 illa
1200 4436 1550 4492 circumvolat
1569 4437 1747 4491 omnia
1771 4451 1895 4507 pra-

296 4541 348 4583 ta
373 4572 391 4597 ,
431 4539 490 4585 ut
518 4540 817 4600 promptam
846 4530 1001 4585 alteri
1032 4538 1297 4600 pra'paret
1327 4544 1566 4585 mensam
1601 4546 1616 4589 :
1647 4531 1727 4585 sic
1754 4539 1809 4585 et
1836 4539 1891 4585 tu

296 4621 421 4683 fac,
464 4619 659 4684 homo,
700 4620 813 4674 sive
855 4620 1110 4687 pecunias
1146 4632 1441 4689 eongreges
1465 4660 1479 4682 ,
1529 4618 1585 4673 in
1623 4619 1760 4674 alios
1794 4634 1893 4674 ex-

297 4711 476 4780 pende
510 4728 522 4763 :
554 4710 667 4764 sive
694 4708 953 4762 doctrina:
984 4708 1143 4777 verba
1172 4708 1389 4772 habeas,
1415 4722 1484 4762 ne
1510 4707 1771 4769 defodias,
1798 4708 1892 4762 sed

296 4815 539 4868 apponas
560 4799 917 4870 indigentibus
941 4797 993 4851 in
1025 4799 1261 4853 medium
1286 4816 1299 4851 :
1324 4800 1439 4853 sive
1459 4798 1599 4853 aliud
1628 4799 1895 4868 peculiare

299 4892 503 4945 habeas
526 4931 542 4955 ,
574 4890 719 4944 utilis
745 4900 865 4945 e5to
892 4890 957 4943 iis
979 4888 1131 4959 ,uni
1179 4888 1421 4947 laborum
1465 4898 1674 4943 tuorum
1719 4889 1895 4944 fructu

296 4990 479 5052 egent.
509 4980 628 5035 Non
667 4981 843 5035 cernis
865 5021 880 5038 .
909 4988 1189 5049 propterea
1232 4980 1541 5034 animalium
1575 4980 1897 5049 gloriosissi-

298 5088 448 5127 mum
479 5085 598 5127 esse
626 5084 779 5139 apem
799 5110 814 5130 ,
846 5084 952 5123 non
979 5070 1099 5139 quia
1125 5068 1364 5134 laborat,
1394 5070 1487 5123 sed
1520 5070 1639 5138 quia
1670 5068 1788 5123 aliis
1816 5069 1896 5123 la-

200 5159 207 5165 ⁷
300 5161 495 5217 horat?
521 5162 773 5228 quoniam
798 5170 851 5214 et
876 5174 1071 5214 aranea
1101 5158 1329 5225 laborat,
1357 5171 1415 5214 et
1440 5159 1706 5229 fatigatur,
1736 5172 1791 5215 et
1821 5171 1899 5215 te—

300 5269 433 5309 nues
465 5268 560 5323 per
587 5254 815 5321 parietes
841 5252 1082 5307 extendit
1108 5260 1344 5307 texturas
1368 5294 1381 5315 ,
1412 5268 1626 5307 omnem
1656 5254 1899 5307 mulieris

299 5342 621 5413 sapientiam
653 5341 997 5405 excedentes,
1026 5341 1118 5396 sed
1149 5351 1231 5396 est
1253 5329 1484 5413 ignobile
1512 5343 1726 5404 animal.
1760 5359 1896 5412 quo-

301 5439 445 5492 niam
475 5451 616 5506 opus
645 5435 762 5504 ejus
800 5436 952 5489 nobis
984 5435 1282 5489 nullatenus
1306 5444 1389 5490 est
1418 5434 1546 5490 utile
1574 5453 1587 5489 :
1620 5435 1752 5489 tales
1778 5444 1902 5488 sunt

301 5530 405 5585 sibi
458 5516 768 5584 laborantes
795 5540 850 5582 et
877 5543 935 5583 se
966 5527 1335 5598 defatigantes.
1379 5527 1594 5581 Imitare
1640 5529 1900 5581 columba:

302 5624 700 5699 spoplicitatcut
723 5661 740 5685 ,
771 5629 979 5676 sectare
1007 5620 1141 5674 asini
1171 5628 1226 5673 et
1254 5620 1404 5673 bovis
1435 5620 1486 5672 in
1515 5618 1791 5672 dominum
1818 5619 1902 5672 di-

288 5714 617 5786 lectionem,
649 5711 859 5766 imitare
884 5712 1060 5765 avium
1086 5712 1426 5766 securitatem
1463 5726 1477 5761 :
1507 5710 1730 5763 multmu
1758 5713 1899 5764 eu'm

303 5809 499 5870 lucrari
528 5808 655 5863 licet
683 5821 713 5861 a
741 5805 907 5863 brutis
934 5805 999 5861 ad
1031 5818 1239 5861 morum
1269 5803 1678 5858 correctionem.
1712 5801 1789 5863 Ex
1821 5803 1902 5862 bis

826 5898 857 5929 Ι

1301 380 1387 437 AD
1426 379 1743 436 POPL’LUM
1773 376 2262 435 ᾹΝΊΊΗΩΠΕΝΕΜ
2327 382 2534 437 “0312!.
2589 383 2699 438 ΧΗ.

3500 393 3599 446 130

2002 492 2246 548 Christus
2270 510 2482 566 quoque
2526 512 2625 551 nos
2662 497 2981 553 animalibus
3029 500 3282 555 instruit:
3318 518 3440 557 nam
3472 519 3540 558 au
3574 523 3587 558 :

1999 582 2175 638 lt‘stote
2205 587 2475 653 prudentes
2512 589 2642 640 sicut
2678 600 2933 659 serpentes
2958 606 2979 644 :
3003 602 3048 645 et
3072 592 3326 662 simplices
3353 596 3480 648 sicut
3509 616 3592 650 ro-

1998 672 2183 727 lumbw
2207 675 2422 746 (Matth.
2450 679 2538 733 10.
2564 678 2676 746 16).
2713 679 2776 732 Et
2804 696 3014 734 rursum
3047 698 3060 734 :
3090 678 3344 750 Respicite
3369 687 3597 741 volatilia

1994 764 2107 817 caeli
2129 806 2142 827 ,
2170 782 2283 835 qua!
2308 784 2405 821 non
2432 778 2605 821 serunt
2635 781 2792 837 neqtte
2819 781 3028 835 metunt,
3056 781 3103 824 et
3130 770 3282 826 Pater
3305 786 3464 828 uester
3490 792 3591 830 ι’ω-

1996 856 2131 910 lestis
2172 860 2329 925 pascit
2379 857 2698 926 C(1(l"0".6.
2723 862 2793 916 26
2820 864 2857 925 ).
2912 864 2975 918 Et
3017 865 3275 934 propheta
3303 905 3318 930 ,
3365 868 3589 936 pudefa-

1992 948 2142 1039 cieus
2170 951 2404 1020 ingratos
2430 952 2643 1008 Judmos
2663 996 2678 1021 ,
2722 956 2799 1010 sic
2844 957 3015 1027 inquit
3045 975 3058 1011 :
3087 958 3306 1028 Agnovit
3344 961 3432 1014 bos
3470 980 3591 1032 pas-

1993 1056 2235 1094 sessorem
2258 1060 2404 1102 suum
2429 1055 2475 1099 et
2504 1047 2681 1101 asinus
2706 1065 2929 1119 pra'sepe
2953 1049 3145 1104 domini
3170 1053 3250 1104 sui
3270 1051 3471 1107 :lsrae.‘
3499 1073 3593 1107 nu-

1994 1142 2090 1185 tent
2117 1150 2195 1187 me
2220 1150 2319 1188 non
2349 1137 2547 1205 agnovit
2570 1135 2722 1207 (Isai.
2761 1139 2810 1193 1.
2836 1140 2915 1207 3).
2946 1140 3013 1195 Et
3042 1156 3255 1195 rursum
3282 1161 3294 1195 :
3331 1141 3519 1197 Turtur
3543 1154 3591 1197 et

1994 1224 2213 1279 hirundo
2239 1227 2351 1295 agri
2375 1269 2390 1291 ,
2419 1229 2632 1283 avicula:
2652 1269 2668 1294 ,
2701 1242 3037 1302 cognoverunt
3067 1242 3298 1302 tempora
3334 1234 3589 1305 ingressus

1970 1315 2105 1377 'sui;
2136 1318 2352 1384 populus
2373 1333 2487 1372 vero
2508 1335 2645 1388 meus
2665 1336 2763 1374 non
2784 1323 3013 1390 cognouit
3027 1323 3231 1393 judicia
3257 1322 3467 1379 Domini
3498 1326 3591 1381 Dei

1990 1406 2069 1457 sui
2097 1403 2229 1472 (Jer.
2260 1407 2315 1461 8.
2346 1408 2421 1476 7).
2452 1407 2536 1463 Ab
2565 1408 2647 1462 his
2674 1419 2727 1464 et
2754 1424 2784 1463 a
2814 1411 3077 1467 similibus
3105 1414 3419 1469 animalibus
3442 1416 3590 1471 disce

1994 1495 2242 1550 virtutem
2262 1512 2535 1562 exercere,
2563 1513 2595 1553 a
2619 1501 2902 1554 contrariis
2924 1499 3591 1572 verovitiumfugere.Sic-

1993 1592 2056 1638 ut
2103 1588 2242 1640 enim
2273 1587 2505 1643 beuelica
2531 1590 2665 1659 apis.
2690 1591 2767 1645 sic
2795 1590 3089 1660 perniciosa
3110 1593 3255 1662 aspis
3283 1610 3296 1647 :
3328 1594 3586 1650 malitiam

1992 1676 2152 1744 igitur
2178 1678 2291 1744 ejus
2321 1678 2626 1744 averseris,
2668 1695 2734 1734 ne
2785 1678 3011 1734 audias:
3051 1678 3312 1736 Venenum
3353 1683 3593 1752 aspidum

1990 1767 2082 1820 sub
2107 1769 2252 1822 labiis
2279 1784 2452 1822 eorum
2484 1768 2652 1842 (Psal.
2687 1770 2813 1826 159.
2840 1771 2920 1838 4).
2950 1771 3234 1843 lmpudens
3259 1788 3471 1829 rursum
3497 1789 3583 1829 ca-

1994 1857 2079 1913 nis
2098 1900 2112 1920 ,
2140 1858 2264 1914 odio
2293 1875 2503 1930 quoque
2532 1862 2730 1918 habeas
2766 1862 2903 1917 hanc
2931 1864 3327 1932 improbitatem
3359 1884 3372 1919 ε
3399 1865 3587 1922 dolosa

1992 1959 2046 2003 et
2089 1947 2423 2006 fraudulenta
2452 1952 2638 2021 vulpes
2663 1993 2678 2018 ,
2712 1968 2779 2009 ne
2804 1953 2989 2008 vitium
3021 1954 3251 2010 imiteris
3280 1974 3295 2010 :
3326 1955 3420 2012 sed
3451 1957 3591 2012 sicut

1990 2041 2107 2110 apis
2134 2042 2299 2112 partis
2328 2045 2695 2113 supervolans,
2725 2059 2833 2098 non
2860 2046 3037 2098 omnia
3070 2045 3215 2114 legit,
3249 2047 3343 2101 sed
3372 2047 3591 2102 utilibus

1990 2135 2217 2204 sumptis
2242 2136 2440 2206 reliqua
2459 2138 2653 2191 omittit
2673 2156 2686 2191 :
2707 2138 2775 2192 ita
2805 2147 2860 2192 tu
2886 2152 3095 2209 quoque
3124 2138 3286 2193 facias
3308 2140 3585 2195 brutorum

1990 2240 2160 2295 genus
2203 2222 2518 2295 percurrens
2549 2245 2563 2282 :
2591 2227 2636 2283 si
2665 2227 2791 2298 quid
2834 2229 2972 2283 inest
2994 2229 3125 2284 utile
3149 2229 3218 2283 ab
3253 2229 3355 2284 illis
3393 2246 3549 2286 sume
3573 2273 3589 2293 ,

1991 2324 2046 2370 et
2062 2333 2200 2386 quas
2225 2317 2424 2372 habent
2448 2334 2478 2371 a
2509 2328 2694 2372 natura
2729 2320 3110 2389 pralrogativas
3134 2360 3149 2383 ,
3182 2320 3277 2374 bas
3312 2332 3364 2373 tu
3396 2335 3493 2390 per
3521 2321 3590 2375 li-

1992 2405 2178 2462 berum
2200 2409 2441 2479 exprime
2459 2408 2737 2464 arbitrium
2761 2424 2777 2463 :
2802 2417 2855 2464 et
2878 2424 2973 2480 per
3000 2408 3102 2464 hoc
3122 2411 3264 2485 enim
3292 2425 3323 2465 a
3352 2410 3464 2464 Deo
3490 2410 3589 2464 bo-

1991 2509 2214 2557 noratus
2257 2517 2316 2557 es
2340 2543 2356 2568 ,
2386 2501 2531 2573 quod
2570 2503 2839 2557 naturales
2885 2503 3164 2573 brutorum
3209 2503 3515 2573 pra-rogaui
3531 2519 3592 2557 as

1991 2606 2086 2662 per
2112 2592 2336 2647 liberum
2364 2592 2642 2647 arbitrium
2667 2592 2760 2647 tibi
2789 2593 3009 2663 exsequi
3039 2593 3326 2659 concessit,
3358 2602 3417 2647 ut
3444 2610 3589 2665 pra:-

1990 2684 2096 2738 mia
2116 2683 2483 2754 consequaris.
2508 2682 2617 2740 illis
2635 2685 2779 2738 enim
2804 2698 2908 2738 non
2931 2699 3000 2739 ex
3023 2683 3287 2739 electione
3303 2693 3358 2739 et
3382 2686 3591 2739 ratione

1990 2774 2127 2829 bona
2172 2790 2364 2845 opera,
2415 2775 2511 2831 sed
2549 2791 2580 2829 a
2627 2776 2737 2831 sola
2783 2784 2992 2831 natura.
3024 2774 3189 2831 Verbi
3227 2777 3442 2846 gratia:
3477 2780 3594 2847 apis

1990 2865 2280 2930 mellilicat,
2309 2882 2415 2921 non
2445 2866 2652 2943 ratione
2675 2866 2741 2921 ad
2771 2866 2874 2922 hoc
2900 2866 3201 2922 faciendum
3230 2868 3467 2931 inducta,
3496 2870 3592 2923 sed

1989 2968 2018 3007 a
2052 2965 2236 3009 natura
2269 2956 2510 3011 instituta
2542 2974 2555 3009 :
2583 2956 2834 3026 quoidam
2876 2958 2920 3011 si
2949 2966 3091 3013 esset
3122 2972 3257 3026 opus
3298 2974 3404 3013 nou
3435 2968 3596 3013 natu-

1991 3062 2021 3101 r
2054 3048 2123 3111 Ie,
2165 3063 2337 3117 neque
2365 3049 2459 3104 tati
2487 3049 2669 3118 generi
2699 3049 3010 3105 attributum
3030 3089 3048 3116 ,
3075 3058 3349 3118 oporteret
3374 3051 3596 3104 omnino

1990 3154 2056 3194 ex
2088 3139 2217 3210 ipsis
2251 3139 2458 3209 aliquas
2497 3140 2629 3194 artis
2664 3138 2971 3208 inexpertas
2997 3154 3159 3204 esse;
3190 3155 3334 3195 nunc
3368 3155 3500 3195 vero
3524 3157 3593 3195 ex

1992 3248 2099 3302 quo
2128 3234 2299 3287 lactus
2335 3241 2421 3287 est
2480 3231 2713 3286 mundus
2736 3272 2752 3297 ,
2786 3247 2956 3301 usque
2999 3231 3054 3285 in
3099 3242 3420 3301 pnesentem
3452 3232 3593 3288 diem

1995 3339 2154 3378 nemo
2178 3324 2309 3378 vidit
2336 3337 2465 3394 apes
2491 3335 2767 3379 cessantes
2795 3335 2850 3379 et
2888 3340 2994 3378 non
3025 3324 3410 3379 Inellilicautes.
3436 3323 3586 3380 Talia

1992 3419 2134 3470 enim
2164 3414 2423 3470 naturalia
2454 3404 2551 3469 toti
2574 3415 2757 3485 generi
2783 3415 3090 3469 communia
3114 3426 3239 3469 sunt
3264 3433 3277 3469 :
3308 3430 3430 3484 qua:
3460 3431 3592 3469 vero

1992 3528 2056 3568 ex
2086 3511 2252 3565 libero
2278 3507 2532 3571 arbitrio,
2569 3523 2674 3563 non
2706 3517 2832 3561 sunt
2859 3508 3166 3562 communia
3196 3524 3208 3561 :
3241 3506 3423 3562 labore
3447 3507 3591 3562 enim

1995 3603 2231 3675 indigent
2256 3610 2313 3655 ut
2339 3601 2474 3657 bene
2499 3599 2811 3655 succedant.

2063 3695 2099 3749 5
2162 3691 2313 3746 Nihil
2340 3692 2392 3745 in
2420 3691 2610 3744 mundo
2636 3691 2813 3745 inutile
2837 3732 2853 3756 ,
2877 3690 2971 3744 etsi
2995 3707 3139 3745 secus
3164 3690 3307 3745 nobis
3329 3691 3579 3745 uideatur.

1991 3785 2276 3840 -’-—0mnia
2328 3784 2488 3854 igitur
2542 3783 2742 3852 optima
2789 3784 3010 3852 capiens
3069 3782 3590 3839 circumamiciaris:

1993 3878 2193 3933 etenim
2219 3876 2606 3933 irrationalium
2631 3890 2725 3929 rex
2751 3890 2845 3936 es;
2871 3889 3029 3943 reges
3054 3883 3259 3941 autem,
3276 3874 3330 3936 ,εἰ
3358 3873 3483 3943 quid
3514 3885 3600 3928 e~t

1995 3970 2047 4023 in
2075 3966 2304 4022 subditis
2330 3966 2615 4036 optimum,
2638 3966 2751 4021 sive
2772 3980 2984 4029 aurum,
3018 3966 3131 4020 sive
3155 3973 3457 4035 argentum,
3485 3968 3598 4019 sive

1996 4060 2206 4130 lapides
2261 4058 2521 4128 pretiosi,
2554 4058 2669 4113 sive
2721 4068 3032 4128 sumptuosa
3077 4059 3397 4112 vestimenta
3426 4099 3441 4124 ,
3473 4053 3601 4114 hanc

1995 4167 2115 4206 cum
2147 4148 2634 4221 superabundantia
2677 4148 2773 4217 ipsi
2805 4148 3115 4217 possident;
3145 4158 3202 4203 et
3240 4164 3305 4204 ex
3349 4158 3598 4204 creatura

1997 4244 2285 4298 Dominum
2349 4251 2498 4297 tuum
2546 4240 2834 4311 admirare.
2858 4240 2912 4295 Si
2961 4240 3089 4310 quid
3133 4256 3263 4296 vero
3293 4248 3345 4294 te
3388 4241 3603 4295 excedit

1996 4335 2321 4399 visibilium,
2353 4341 2407 4389 et
2462 4333 2726 4388 rationem
2788 4330 3031 4386 invenire
3078 4345 3188 4385 non
3241 4338 3428 4401 potes,
3478 4331 3601 4385 ideo

1999 4423 2315 4480 Creatorem
2330 4417 2592 4490 glori'llca.
2614 4422 2736 4492 quia
2786 4431 3022 4476 mentem
3055 4430 3198 4475 tuam
3242 4420 3408 4490 ipsius
3445 4422 3600 4489 opilio

1997 4517 2202 4572 ciorum
2249 4516 2511 4585 sapientia
2558 4513 2790 4569 excedit.
2822 4512 2900 4569 Ne
2940 4503 3110 4579 dicas,
3143 4512 3321 4581 Quare
3362 4512 3506 4567 hoc?
3534 4514 3599 4570 ad

1997 4606 2127 4676 quid
2159 4605 2302 4661 hoc?
2329 4619 2454 4659 nam
2500 4603 2918 4673 unumquodque
2944 4603 3075 4658 utile
3098 4612 3184 4658 est
3205 4643 3219 4665 ,
3247 4602 3347 4657 etsi
3381 4618 3480 4657 nos
3510 4619 3598 4656 ra-

2001 4699 2199 4752 tionem
2228 4698 2554 4767 ignoramus.
2584 4696 2734 4751 Sicut
2755 4697 2899 4750 enim
2931 4696 2974 4749 si
3005 4696 3056 4749 in
3098 4696 3294 4750 medici
3328 4695 3600 4749 ofticinam

2001 4790 2316 4862 ingrediaris
2356 4798 2411 4845 et
2454 4790 2617 4844 multa
2662 4789 2936 4859 proposita
2986 4788 3170 4843 videas
3223 4789 3601 4851 instrumenta,

2002 4882 2313 4936 varietatem
2346 4882 2826 4955 instrumentorum
2855 4878 3138 4933 admiraris
3158 4922 3172 4939 ,
3198 4878 3324 4932 licet
3366 4878 3603 4946 ipsorum

2003 4974 2215 5029 nescias
2244 4986 2371 5026 usus
2402 4990 2415 5026 :
2445 4972 2524 5026 sic
2549 4982 2603 5026 et
2634 4973 2685 5024 in
2715 4979 2963 5025 creatura
2999 4966 3182 5031 faeias,
3212 4972 3290 5024 et‘
3310 4969 3354 5022 si
3403 4969 3607 5023 videris

2002 5068 2169 5121 multa
2213 5065 2523 5119 animalium
2550 5073 2603 5119 et
2630 5062 2915 5118 herbarum
2962 5072 3016 5115 et
3053 5061 3354 5130 plantarum
3393 5068 3448 5113 ct
3487 5060 3611 5115 alia-

2002 5174 2124 5213 rum
2182 5171 2386 5222 rerum,
2441 5169 2667 5227 quarum
2735 5154 2991 5207 utilitates
3043 5151 3292 5216 nescias,
3341 5150 3611 5205 admirare

2005 5251 2242 5319 ipsarum
2270 5247 2611 5310 varietatem,
2640 5257 2796 5312 stupe
2823 5245 2982 5299 etiam
3027 5244 3264 5313 ipsarum
3302 5252 3607 5297 creatorem

2005 5341 2372 5410 optimumque
2412 5339 2657 5407 opificem
2705 5338 2873 5391 Deum
2920 5354 2935 5390 :
2981 5334 3232 5404 quoniam
3283 5348 3384 5387 nec
3431 5334 3609 5388 omnia

2008 5431 2099 5485 tibi
2135 5440 2255 5484 uota
2280 5430 2436 5495 fecit,
2471 5444 2569 5485 uec
2594 5431 2775 5483 omnia
2808 5428 3097 5498 incognita.
3126 5426 3242 5481 Non
3267 5426 3392 5482 fecit
3416 5427 3611 5496 quippe

2009 5522 2191 5576 omnia
2237 5522 2528 5590 incognita,
2558 5536 2624 5574 ne
2653 5520 2800 5574 dicas
2830 5535 2949 5573 esse
2977 5519 3235 5572 nmndum
3282 5519 3399 5573 sine
3436 5518 3612 5587 provio

2010 5615 2191 5669 deutia
2225 5630 2237 5665 :
2272 5630 2376 5669 non
2410 5615 2651 5683 permisit
2675 5629 2803 5668 vero
2850 5614 2941 5668 tibi
2977 5612 3187 5682 cognita
3229 5622 3351 5666 esse
3399 5608 3605 5673 omnia,

2012 5722 2080 5760 ne
2110 5704 2430 5772 cognitioiiis
2474 5703 2784 5775 magnitudo
2831 5712 2883 5757 te
2925 5703 2976 5756 in
3020 5703 3328 5771 superbiam
3360 5700 3603 5755 extollat.

2018 5799 2108 5856 Sic
2152 5797 2347 5868 Quippe
2386 5805 2439 5853 et
2485 5798 2712 5871 primum
2757 5795 3029 5853 hominem
3087 5795 3359 5867 improbus
3404 5793 3616 5848 (lautum
