4232 6320
689 369 792 424 13f

692 481 786 535 ille
839 471 1344 546 praecipitavit,.per
1389 471 1607 537 majoris
1653 468 1891 531 scientia:
1938 481 2126 534 spent,
2153 479 2272 517 eam

686 585 854 640 quam
887 566 1110 621 habebat
1129 563 1403 618 auferens:
1425 563 1709 632 Propterea
1740 572 1794 615 et
1818 559 2031 630 sapiens
2060 555 2275 627 quidam

692 661 968 724 admonet,
996 657 1179 712 dicens
1211 672 1224 708 :
1259 654 1502 709 Fortiora
1539 665 1587 707 te
1628 671 1690 708 ne
1727 669 1942 722 quwras,
1965 660 2014 705 et
2056 649 2274 721 profun-

689 752 839 805 diora
876 759 922 803 te
951 765 1010 801 ne
1053 748 1289 803 scruteris
1311 761 1329 800 :
1352 761 1464 812 qua:
1490 731 1731 798 mandata
1753 752 1870 796 sunt
1895 741 2020 805 tibi,
2053 741 2160 794 luet:
2189 755 2273 792 co-

699 841 839 909 gnita
866 838 1058 911 (Ecclr.
1080 839 1241 893 5.2L
1263 837 1354 907 9.2)
1384 855 1395 889 :
1431 838 1594 906 ipsius
1623 837 1762 890 enim
1790 823 2010 901 operum
2039 832 2188 900 plura
2222 831 2273 884 in

687 931 925 988 secretis
952 936 1115 990 sunt;
1147 940 1200 982 et
1224 941 1456 989 rursum,
1491 924 1693 995 Μῄονα
1722 923 1979 977 hominum
2007 921 2274 991 prudentia

685 1024 1036 1077 demonstrata
1087 1028 1202 1071 sunt
1249 1019 1337 1071 tibi
1361 1016 1466 1088 (Ib.
1498 1033 1544 1070 υ.
1585 1014 1699 1086 25).
1755 1014 1868 1070 [loc
1917 1024 2094 1067 autem
2143 1011 2277 1064 dixit

689 1114 979 1168 consolans
1008 1121 1319 1166 intercutem
1360 1120 1418 1163 et
1465 1108 1733 1162 dolentem
1757 1146 1770 1168 ,
1795 1104 1933 1175 quod
1967 1119 2070 1157 non
2095 1102 2274 1156 omnia
2309 1131 2316 1138 ι

694 1205 836 1258 norit
868 1221 880 1255 :
907 1203 1104 1258 etenim
1133 1213 1188 1256 et
1216 1217 1314 1263 ea,
1346 1199 1545 1268 inquit,
1577 1212 1696 1267 qua:
1743 1210 1900 1250 nosse
1943 1194 2122 1247 datum
2167 1200 2271 1255 est,

694 1293 916 1346 multum
961 1291 1292 1360 prudentiam
1344 1299 1496 1343 tuam
1538 1285 2000 1356 transgrediuntur
2046 1300 2060 1338 :
2099 1296 2273 1351 neque

687 1384 834 1438 enim
863 1399 929 1437 ex
956 1392 1012 1443 te
1053 1382 1334 1446 invenisti,
1367 1380 1460 1434 sed
1503 1379 1542 1433 a'
1584 1378 1694 1434 Deo
1735 1377 1942 1432 doctus.
1982 1376 2276 1431 Contentus

688 1473 852 1542 igitur
877 1480 991 1526 esto
1012 1471 1150 1524 datis
1174 1470 1370 1524 divitiis
1391 1511 1420 1537 ,.
1439 1477 1492 1523 et
1540 1484 1605 1523 ne
1629 1467 1858 1537 amplius
1885 1467 2147 1536 inquiras,
2179 1465 2273 1519 sed

694 1578 790 1632 pro
823 1563 907 1627 iis,
932 1578 1053 1632 qua:
1079 1562 1352 1631 accepisti,
1379 1561 1577 1630 gratias
1605 1573 1735 1629 age:
1761 1558 1865 1612 noli
1898 1557 2156 1626 indignari
2176 1571 2274 1625 pro

693 1653 780 1721 iis,
802 1669 922 1725 qua:
947 1669 1052 1709 non
1085 1654 1354 1722 accepisti,
1377 1661 1431 1706 et
1463 1667 1557 1720 pro
1600 1651 1695 1715 iis,
1739 1665 1859 1721 quze
1905 1650 2079 1713 nosti,
2111 1649 2274 1717 glori-

689 1745 812 1808 iiea,
855 1761 921 1800 ne
971 1745 1346 1799 scandalizeris
1398 1751 1615 1812 propter
1665 1755 1727 1795 ea
1778 1755 1896 1810 quae
1939 1755 2043 1794 non
2089 1739 2267 1793 nosti:

690 1835 850 1888 ambo
873 1835 1020 1888 enim
1049 1833 1411 1889 Deus.utiliter
1441 1832 1561 1885 fecit
1585 1871 1599 1895 ,
1632 1837 1687 1883 et
1715 1828 1828 1883 hate
1855 1829 2069 1899 quidem
2113 1843 2272 1882 reve-

687 1905 951 1990 lavit,illa
977 1939 1104 1978 vero
1141 1922 1420 1978 abscondit
1459 1931 1562 1975 tua:
1603 1920 1888 1975 consulens
1923 1919 2100 1974 saluti.
2129 1918 2271 1973 Unus

684 2015 906 2084 quippe,
935 2013 1076 2084 quod
1105 2014 1243 2074 dixi,
1275 2011 1370 2066 Dei
1397 2010 1750 2081 cognoscendi
1787 2009 1975 2063 modus
2006 2023 2100 2078 per
2123 2022 2273 2062 erea-

686 2105 911 2168 tion'em,
953 2105 1147 2156 multos
1173 2103 1358 2156 valens
1405 2101 1520 2155 dies
1559 2101 1859 2153 absumere.
1885 2097 1953 2155 Ut
1981 2099 2125 2152 enim
2164 2113 2269 2151 non

642 2176 646 2179 1
690 2194 856 2248 solius
891 2193 1125 2246 hominis
1165 2207 1287 2245 cum
1331 2191 1600 2259 diligentia
1649 2188 2017 2243 formationem
2050 2201 2271 2257 percur-

672 2282 902 2349 ~ramus,
932 2300 1052 2337 cum
1103 2283 1371 2353 diligentia
1401 2282 1520 2336 dico
1562 2282 1714 2335 nobis
1740 2279 2013 2348 possibili,
2047 2293 2149 2332 nun
2179 2278 2269 2332 illa

690 2390 817 2429 vera
844 2374 1119 2443 diligentia
1149 2391 1163 2427 :
1193 2388 1314 2426 nam
1340 2371 1440 2426 etsi
1486 2371 1678 2425 multas
1721 2370 1982 2423 factorum
2035 2368 2271 2423 rationes

691 2464 943 2529 diximus,
965 2474 1088 2517 sunt
1119 2473 1294 2516 tamen
1322 2471 1376 2516 et
1399 2462 1516 2515 alia:
1562 2463 1739 2530 plures
1766 2475 1976 2514 arcana:
2013 2475 2144 2529 quas
2178 2459 2270 2529 qui

689 2555 836 2620 fecit,
869 2555 1010 2606 novit
1035 2552 1219 2617 Deus;
1247 2567 1350 2606 non
1377 2552 1518 2605 enim
1562 2566 1747 2606 omnes
1794 2551 1894 2620 ipsi
1939 2552 2138 2605 scimus
2167 2569 2180 2602 :
2215 2560 2270 2606 ut

688 2645 850 2716 igitur
876 2657 1087 2697 omnem
1133 2643 1364 2696 hominis
1410 2641 1780 2696 formationem
1829 2657 1951 2696 cum
1999 2642 2268 2711 diligentia

688 2748 1086 2806 percurramus,
1107 2743 1161 2788 et
1201 2731 1254 2785 in
1293 2747 1613 2802 unoquoque
1663 2734 1905 2788 membro
1954 2734 2268 2802 sapientiam

689 2827 1044 2890 inveniamus,
1076 2834 1130 2879 et
1185 2840 1490 2890 nervorum,
1517 2840 1771 2879 venarum
1791 2867 1805 2890 ,
1829 2827 2142 2893 arteriarum
2189 2825 2270 2878 di-
2299 2846 2302 2848 ·

693 2917 1082 2978 stributionetn,
1113 2916 1298 2980 situm,
1326 2917 1659 2985 aliorumque
1702 2917 1938 2969 omnium
1988 2916 2270 2970 formatio-

691 3020 815 3062 nem
845 3006 1278 3068 consideremus,
1313 3021 1412 3059 nec
1438 3021 1608 3059 annus
1634 3007 1836 3076 integer
1864 3007 2017 3060 nobis
2037 3006 2102 3060 ad
2135 3008 2270 3061 hanc

691 3097 1076 3164 expositionem
1110 3095 1358 3150 sufﬁciet.
1388 3094 1512 3150 Ideo
1549 3096 1709 3150 istum
1747 3098 1833 3150 hic
1876 3111 2178 3151 sermonem
2209 3099 2270 3150 ti-

693 3188 921 3252 nientes,
949 3195 1003 3239 et
1031 3186 1308 3240 laboriosis
1328 3186 1684 3255 studiosisque
1707 3203 1768 3241 ex
1796 3187 1950 3241 dictis
1972 3188 2270 3256 prrebentes

692 3285 750 3331 et
799 3276 931 3331 altas
981 3276 1266 3329 creatiunis
1314 3286 1490 3344 partes
1543 3278 1882 3345 pereurrendi
1933 3279 2169 3343 modum,
2201 3278 2268 3332 ad

693 3369 850 3424 aliam
873 3381 1176 3422 sermonem
1199 3367 1534 3438 hypmhesim
1557 3379 1846 3436 vertamus,
1865 3371 2030 3438 ipsam
2059 3386 2270 3443 quoque

696 3460 788 3519 Dei
819 3460 1162 3529 providentiae
1189 3460 1682 3514 demonstrativam.
1711 3463 1841 3529 Quae
1871 3464 2032 3531 igitur
2069 3474 2150 3518 est
2180 3481 2270 3520 se-

694 3551 866 3604 cunda
890 3548 1239 3619 hypothesis?
1268 3549 1348 3602 Ab
1370 3550 1519 3605 initio
1552 3551 1688 3604 Deus
1712 3552 1978 3607 hominem
2013 3554 2266 3622 formans,

691 3639 865 3710 legem
894 3639 992 3709 ipsi
1023 3638 1314 3692 naturalem
1355 3639 1562 3693 indidit.
1595 3641 1658 3693 Et
1687 3642 1810 3709 quid
1832 3643 2041 3698 tandem
2071 3653 2153 3697 est
2183 3645 2268 3700 lex

684 3731 993 3789 naturalis?
1021 3731 1412 3784 Conscientiant
1443 3733 1594 3785 nobis
1625 3735 1908 3801 expressit,
1938 3743 1992 3789 et
2021 3752 2049 3789 a
2079 3748 2266 3791 natura

691 3820 916 3876 inditam:
948 3834 1066 3874 esse
1093 3819 1258 3872 voluit
1288 3821 1547 3874 bonorum
1579 3831 1633 3876 et
1668 3825 2056 3877 contrariorum
2096 3829 2270 3880 scien-

692 3914 850 3966 diam.
879 3911 991 3966 Neu
1031 3911 1170 3964 enim
1199 3926 1333 3980 opus
1363 3911 1624 3966 habemus
1645 3913 1871 3977 discere,
1895 3914 2036 3983 quod
2068 3917 2266 3969 malum

705 4005 774 4059 sit
798 4005 1089 4068 fornicatio,
1118 4013 1172 4058 et
1198 4003 1392 4056 bonum
1418 4004 1763 4071 continentia,
1785 4005 1878 4059 sed
1907 4007 1974 4059 ab
1992 4007 2141 4061 initio
2166 4008 2268 4062 hoc

692 4095 982 4148 scimus.Et
998 4093 1240 4148 utdiseas
1258 4108 1355 4146 nos
1377 4094 1444 4146 ab
1466 4084 1612 4162 initio
1635 4096 1734 4148 hoc
1753 4096 2186 4167 scire,legislator
2204 4100 2270 4151 le-

692 4201 785 4256 ges
803 4195 981 4255 postea
1000 4183 1269 4251 ferens,et
1289 4185 1473 4239 dicens
1499 4202 1513 4238 :
1535 4183 1654 4238 Non
1679 4186 2012 4257 occides(Ea:.
2037 4189 2222 4260 20.13)
2250 4208 2262 4243 :

702 4292 806 4330 non
831 4277 1030 4340 intulit,
1053 4276 1245 4330 Malum
1261 4276 1404 4329 enim
1425 4275 1632 4329 ca-des:
1656 4276 1747 4330 sed
1769 4278 2111 4347 simpliciter:
2143 4280 2265 4334 Non

691 4370 908 4431 occides,
933 4369 1103 4437 inquit
1135 4384 1149 4422 :
1180 4368 1446 4438 prohibuit
1471 4370 1612 4421 enim
1647 4380 1919 4437 peccatum
1964 4372 2259 4438 dumtaxat,

690 4474 797 4514 non
819 4454 1192 4526 docuit.Quare
1219 4458 1376 4528 igitur
1399 4459 1486 4529 qui
1506 4458 1786 4522 dixit,Non
1804 4461 2020 4526 occides,
2041 4477 2143 4516 neu
2170 4463 2266 4517 ad-

688 4552 843 4618 didit,
863 4552 993 4618 Quia
1014 4548 1213 4605 iualum
1242 4551 1415 4606 aedes
1438 4554 1460 4605 Ἰ
1485 4551 1745 4617 Quoniam
1769 4555 1912 4621 prius
1940 4556 2262 4610 conscientia

689 4664 790 4703 nos
815 4647 918 4700 hoc.
941 4645 1141 4706 docnit,
1165 4653 1218 4696 et
1240 4629 1506 4712 tamquam
1540 4645 1828 4698 scientibus
1850 4653 1904 4698 et
1926 4647 2266 4716 intelligenti-

689 4743 792 4798 bus
815 4742 883 4793 ita
914 4739 1165 4810 quuitur.
1189 4736 1320 4790 Cum
1343 4736 1500 4804 igitur
1517 4737 1582 4792 de
1606 4739 1711 4792 alio
1733 4740 1963 4807 loquitur
1989 4742 2260 4806 mandato,

686 4845 794 4884 non
824 4828 976 4882 nobis
1005 4843 1099 4897 per
1117 4827 1497 4881 conscientiam
1530 4838 1683 4892 noto,
1715 4845 1817 4881 non
1850 4840 2047 4883 tantum
2081 4833 2261 4899 prohi-

686 4917 810 4986 liet,’
834 4921 925 4974 sed
952 4931 1004 4974 et
1033 4933 1248 4976 causam
1277 4920 1516 4986 apponit.
1549 4921 1620 4972 De
1644 4921 1863 4974 sabbato
1890 4923 2064 4992 itaque
2094 4926 2261 4992 legem

687 5005 892 5076 ferens,
923 5023 978 5066 et
1005 5011 1226 5066 dicens:
1259 5010 1487 5081 Septima
1513 5014 1594 5065 die
1619 5030 1719 5065 non
1740 5016 1894 5084 facies
1939 5031 2064 5083 Opus
2100 5015 2258 5086 (Ibid.

688 5121 724 5157 η
765 5142 778 5157 .
809 5105 895 5173 10)
932 5122 945 5158 :
976 5103 1482 5181 subjunxitrausam
1512 5119 1723 5173 quoque
1748 5109 2058 5161 cessationis
2090 5126 2103 5160 :
2132 5125 2263 5197 qua-

686 5196 790 5249 lem
820 5195 994 5250 vero?
1027 5192 1159 5256 Quia
1192 5193 1243 5245 in
1273 5194 1354 5246 dte
1381 5194 1591 5262 septima
1629 5196 1863 5263 requievit
1887 5195 2024 5249 Deus
2059 5199 2122 5249 ab
2139 5192 2261 5250 'om-

687 5285 831 5336 nibus
874 5283 1105 5352 operibus
1156 5284 1262 5336 suis
1287 5299 1398 5352 quia
1430 5294 1645 5351 ca’perat
1687 5288 1852 5355 [acere
1879 5301 1896 5338 :
1923 5297 1976 5340 et
2005 5304 2213 5342 rursum
2245 5307 2258 5342 :

690 5375 942 5442 Quoniam
969 5392 1138 5429 servus
1169 5375 1310 5445 fuisti
1336 5375 1389 5426 in
1418 5384 1551 5427 terra
1577 5374 1790 5446 [Egi/pii
1825 5376 1996 5448 (Deut.
2025 5380 2114 5434 Ἡ.
2147 5380 2257 5450 is).

687 5472 865 5535 Quare
911 5467 1088 5536 igitur,
1119 5469 1204 5523 dic
1245 5468 1395 5534 mihi,
1429 5469 1479 5521 in
1520 5471 1739 5524 sabbato
1784 5472 1996 5540 quidem
2046 5489 2258 5529 causam

685 5562 904 5629 adjecit,
937 5561 989 5614 in
1022 5562 1164 5615 caede
1194 5577 1319 5615 vero
1355 5561 1486 5615 nihil
1528 5563 1628 5616 tale
1657 5562 1776 5617 fecit
1801 5565 1823 5616 ‘l
1853 5565 2111 5630 Quoniam
2159 5565 2261 5621 hoc

686 5654 898 5721 quidem
941 5651 1245 5705 mandatum
1277 5668 1384 5706 non
1433 5652 1500 5707 de
1548 5655 1814 5722 primariis
1851 5665 1985 5720 erat,
2018 5672 2116 5711 nec
2166 5672 2260 5726 per

684 5745 1058 5801 conscientiam
1089 5743 1242 5800 nobis
1269 5743 1572 5815 exquisitis,
1602 5745 1692 5800 sed
1726 5747 2042 5818 particulam
2077 5749 2249 5820 quod.

1391 357 1446 412 8.
1485 355 1760 427 JOANXIS
1796 351 2265 408 CHliYSOSTOMI
2309 336 2624 408 ARCﬂiEP.
2666 352 3199 410 CONSTANTiNOP.

2391 462 2513 516 dant
2541 474 2594 518 et
2619 474 3023 534 temporaneum
3057 482 3071 517 :
3104 473 3381 533 propterea
3422 455 3543 534 path
3583 466 3696 523 iure
3727 473 3964 526 solutum

2384 561 2468 607 est
2493 571 2506 607 :
2544 555 2842 608 necessaria
2875 568 3022 616 vero,
3055 561 3112 607 et
3135 554 3298 607 vitam
3323 563 3560 608 nostram
3588 559 3916 612 continentia
3945 602 3965 626 ,

2384 641 2471 695 illa
2521 651 2646 696 sunt
2675 660 2690 696 :
2726 642 2846 696 Non
2889 644 3118 706 occides,
3152 659 3254 696 non
3300 643 3568 714 furaben's.
3593 663 3692 700 non
3735 651 3963 703 mercha-

2380 731 2510 785 beris
2537 732 2729 804 (Exod.
2757 732 2848 788 20.
2885 735 2969 788 i3-
2989 735 3076 802 15)
3110 751 3124 788 :
3156 742 3211 788 et
3247 734 3368 788 ideo
3399 737 3695 792 nullatenus
3715 738 3802 794 hic
3829 756 3965 793 cau-

2381 837 2493 875 sam
2527 824 2694 895 ponit.
2723 838 2822 878 nec
2846 822 3142 877 doctrinam
3172 823 3405 891 adducit,
3430 804 3660 882 sed'sola
3681 845 3813 899 opus
3841 847 3962 886 esse

2382 922 2535 982 putat
2569 913 2949 978 prohibitione.

2449 1004 2502 1056 ι.
2541 992 2687 1057 duris
2723 1005 2969 1057 naturalis
3012 1005 3232 1075 cognitio
3274 1005 3438 1060 indita
3494 1006 3704 1060 homini.
3737 1037 3809 1048 —
3853 1007 3966 1064 Nec

2381 1096 2507 1151 inde
2539 1104 2764 1162 tantum,
2795 1096 2888 1150 sed
2936 1105 2990 1151 et
3015 1097 3229 1151 aliunde
3275 1099 3426 1152 vobis
3465 1097 3830 1154 demonstrare
3867 1115 3957 1155 eo-

2379 1185 2568 1247 nabor,
2603 1185 2870 1255 quomodo
2913 1201 2942 1238 a
2987 1195 3174 1240 natura
3215 1187 3488 1245 institutus
3527 1199 3643 1243 erat
3692 1188 3850 1244 horno
3893 1191 3962 1245 ad

2378 1278 2590 1330 virtutis
2616 1278 2998 1346 cognitionem.
3040 1277 3277 1331 Primum
3309 1279 3478 1332 Adam
3525 1279 3739 1334 admisit
3767 1296 3962 1350 pecca-

2380 1377 2514 1432 tum,
2542 1377 2736 1436 etpost
2781 1377 3056 1436 peccatum
3103 1368 3281 1421 statim
3327 1384 3386 1424 se
3424 1369 3818 1424 occultavitisi
3861 1371 3970 1425 ali-

2378 1458 2504 1529 quid
2536 1459 2659 1511 mali
2691 1471 2749 1512 se
2796 1467 3135 1526 perpetrasse
3162 1473 3267 1511 non
3299 1468 3540 1520 noverat,
3570 1475 3672 1529 qua
3705 1460 3771 1516 de
3797 1474 3959 1515 causa

2377 1562 2435 1601 se
2456 1547 2785 1602 occultavit?
2814 1545 2994 1616 Neque
3020 1547 3161 1600 enim
3192 1555 3346 1600 erant
3364 1545 3698 1610 litterae,non
3722 1549 3826 1611 lex,
3853 1564 3959 1603 non

2379 1637 2550 1691 Moses
2581 1654 2594 1689 :
2625 1637 2766 1690 unde
2811 1637 2968 1706 igitur
3002 1636 3148 1690 novit
3193 1646 3468 1705 peccatum
3489 1676 3505 1700 ,
3539 1644 3599 1688 ut
3634 1651 3692 1690 se
3733 1637 3967 1691 abscon-

2376 1727 2561 1782 deret?
2588 1727 2698 1781 Nec
2738 1737 2940 1780 tantum
2996 1740 3054 1780 se
3108 1725 3278 1790 celat,
3335 1724 3430 1779 sed
3479 1734 3532 1779 et
3578 1735 3856 1779 accusatus
3906 1725 3958 1778 in

2374 1819 2536 1871 alium
2594 1828 2819 1871 conatur
2864 1816 3155 1872 transferre
3208 1831 3468 1882 causam,
3515 1815 3737 1871 dicens:
3769 1817 3952 1870 Mulier

2375 1926 2526 1980 quam
2551 1909 2734 1963 dedisti
2780 1909 2940 1974 mihi,
2975 1909 3086 1978 ipsa
3131 1908 3266 1962 dedit
3314 1907 3438 1961 mihi
3480 1908 3541 1962 de
3585 1909 3723 1980 ligno
3749 1949 3763 1973 ,
3796 1921 3958 1962 etco-

2376 1999 2510 2052 medi
2540 1997 2692 2068 (Gen.
2725 1998 2920 2068 5.12).
2977 1999 3044 2052 Et
3093 1999 3180 2053 illa
3229 2013 3414 2053 rursus
3454 1999 3505 2052 in
3551 2000 3714 2054 alium
3754 2000 3958 2056 crimen

2377 2088 2662 2156 transfert,
2730 2099 3030 2160 serpentem
3068 2091 3288 2145 scilicet.
3338 2091 3416 2145 Ae
3465 2091 3588 2146 vide
3641 2092 3958 2160 sapientiam

2376 2180 2468 2235 Dei
2503 2196 2664 2235 :cunt
2721 2183 2858 2236 enim
2911 2181 3079 2236 Adam
3133 2179 3618 2236 dixisset:'i’ocem
3671 2193 3810 2236 tuoin
3859 2201 3960 2236 an.

2374 2274 2509 2340 diri,
2540 2283 2584 2328 et
2634 2275 2808 2340 timui,
2835 2291 2891 2328 eo
2932 2275 3066 2346 quod
3114 2276 3280 2329 nudus
3308 2292 3496 2341 essent,
3530 2285 3579 2329 et
3617 2276 3853 2329 abscondi
3883 2291 3958 2331 me

2375 2365 2478 2435 (Ib.
2503 2383 2550 2420 υ.
2586 2369 2673 2439 10)
2702 2387 2714 2421 :
2744 2368 2881 2422 Deus
2903 2383 3006 2422 non
3034 2369 3210 2422 statim
3241 2369 3433 2422 factum
3464 2368 3757 2437 redarguit,
3787 2383 3962 2438 neque

2372 2458 2540 2512 dixit:
2573 2460 2745 2527 Quare
2773 2461 2914 2514 enim
2945 2459 3010 2514 de
3035 2461 3175 2529 ligno
3199 2459 3516 2515 comedisti?
3543 2460 3634 2514 sed
3654 2459 3962 2530 quomodo?

2376 2549 2502 2616 Quis
2527 2553 2658 2604 enim
2683 2552 2920 2604 indicavit
2961 2551 3049 2604 tibi
3075 2553 3209 2619 quod
3252 2551 3417 2606 nudus
3461 2568 3589 2606 esses
3616 2553 3711 2604 nisi
3739 2551 3874 2620 quod
3897 2565 3960 2603 ea

2372 2641 2539 2710 ligno,
2572 2648 2635 2695 de
2672 2658 2768 2712 quo
2800 2657 3134 2710 pra-ceperam
3169 2641 3257 2694 tibi
3286 2658 3347 2694 ne
3371 2641 3672 2705 comederes,
3701 2640 3960 2693 comedisti

2373 2730 2560 2801 (Ibid.
2603 2751 2659 2790 ν.
2710 2732 2862 2802 H)?
2906 2731 3087 2802 Neque
3143 2733 3343 2797 tacuit,
3395 2747 3493 2785 nec
3546 2739 3728 2799 aperte
3783 2733 3957 2798 ipsum

2353 2817 2687 2892 redarguit:
2739 2837 2844 2876 non
2900 2824 3041 2876 enim
3074 2823 3268 2888 tacuit,
3306 2831 3361 2876 ut
3401 2823 3571 2890 ipsum
3637 2820 3702 2874 ad
3739 2821 3959 2890 peccati

2370 2911 2764 2966 confessionem
2786 2920 3068 2976 evocaret;
3089 2926 3186 2966 nec
3210 2927 3334 2966 vero
3357 2911 3636 2966 manifeste
3657 2911 3950 2979 redarguit,

2373 3017 2441 3056 ne
2464 3011 2628 3055 totum
2661 3003 2752 3057 Dei
2781 3013 2942 3067 esset,
2973 3012 3027 3057 et
3070 3004 3159 3057 ille
3191 3005 3423 3072 privatus
3454 3012 3752 3057 remaneret
3780 3004 3958 3068 venia,

2376 3107 2494 3162 qua:
2537 3093 2691 3148 nobis
2721 3109 2789 3148 ex
2839 3092 3176 3149 confessione
3227 3095 3481 3148 nascitur.
3521 3094 3800 3163 PrOptcrea
3851 3110 3958 3149 non

2373 3183 2504 3236 dixit
2533 3184 2808 3238 manifeste
2831 3199 3067 3248 causam,
3089 3184 3226 3239 unde
3250 3186 3480 3254 cognitio
3501 3187 3517 3216 ί
3540 3195 3659 3239 nata
3681 3193 3842 3251 esset,
3862 3187 3959 3242 sed

2375 3275 2474 3327 sub
2507 3275 2938 3344 interrogationis
2979 3275 3147 3330 forma
3187 3292 3490 3331 sermonem
3533 3277 3769 3346 profert,
3798 3288 3850 3330 ut
3881 3279 3959 3331 illi

2372 3365 2572 3418 aditum
2609 3365 2673 3418 ad
2705 3364 3092 3420 coafessioncm
3115 3369 3457 3436 relinqueret.
3491 3368 3719 3422 Rursum
3745 3369 3795 3422 in
3825 3368 3956 3423 Cain

2373 3465 2423 3509 et
2452 3455 2584 3509 Abel
2613 3455 2756 3510 idem
2779 3456 2959 3512 videre
2986 3456 3127 3510 licet.
3161 3457 3398 3511 Primum
3447 3460 3658 3527 quidem
3699 3460 3960 3528 primitias

2375 3546 2484 3602 Deo
2515 3539 2756 3601 ferebant
2795 3547 3032 3603 laborum
3065 3564 3300 3603 suorum.
3338 3549 3448 3603 Non
3477 3551 3618 3604 enim
3655 3567 3684 3604 a
3736 3562 3961 3622 peccato

2371 3645 2596 3700 tantum,
2628 3637 2721 3691 sed
2751 3639 2908 3692 etiam
2932 3655 2962 3692 a
2990 3641 3181 3694 virtute
3208 3639 3654 3706 demonstremus,
3685 3641 3956 3698 hominem

2374 3732 2647 3799 utriuSque
2667 3731 2888 3784 scientia
2921 3731 3196 3798 przeditum
3229 3733 3408 3785 fuisse.
3437 3732 3588 3800 Quod
3612 3735 3768 3803 igitur
3793 3736 3958 3789 homo

2370 3833 2645 3892 peccatum
2709 3838 2829 3878 esse
2895 3825 3089 3876 malum
3144 3824 3252 3891 jam
3319 3827 3520 3890 sciret,
3573 3825 3960 3882 demonstravit

2371 3913 2540 3966 Adam
2566 3930 2580 3978 ;
2605 3914 2744 3983 quod
2787 3926 2962 3967 autem
2987 3916 3236 3968 virtutem
3269 3929 3388 3970 esse
3430 3917 3625 3970 bonum
3657 3921 3814 3972 etiam

2372 4014 2475 4068 ret,
2507 4017 2714 4059 rursum
2773 4005 2904 4060 Abel
2963 4007 3337 4062 manifestavit.
3385 4009 3498 4063 Non
3548 4013 3688 4065 enim
3734 4013 3800 4065 ab
3845 4014 3958 4069 ullo

2371 4097 2580 4162 doctus,
2601 4113 2769 4166 neque
2796 4099 2909 4163 lege
2930 4097 2994 4151 de
3020 4099 3262 4167 primitiis
3289 4101 3404 4157 h:rc
3432 4102 3726 4158 disserente
3752 4104 3952 4172 audita,

2371 4189 2465 4243 sed
2493 4205 2521 4242 a
2551 4204 2642 4242 sua
2674 4189 2996 4244 conscientia
3025 4190 3214 4245 doctus
3237 4233 3250 4256 ,
3277 4195 3593 4246 sacrificium
3643 4195 3769 4249 illud
3795 4196 3948 4250 obtu-

2371 4281 2448 4334 lit.
2481 4281 2763 4348 Propterea
2803 4296 2908 4334 non
2955 4281 3223 4337 descendo
3258 4283 3323 4336 ad
3371 4297 3632 4351 posteros,
3668 4288 3758 4340 sed
3809 4289 3952 4343 circa

2371 4370 2574 4438 priores
2598 4369 2840 4424 homines
2866 4387 3071 4436 versor,
3097 4372 3307 4442 quando
3353 4375 3584 4428 nondum
3619 4377 3825 4445 littere,
3855 4394 3952 4432 ne-
3996 4383 3998 4385 ’

2369 4476 2472 4531 que
2497 4462 2602 4525 lex,
2635 4476 2809 4531 neque
2831 4462 3105 4532 prephetze
3135 4473 3188 4517 et
3209 4464 3415 4533 judices
3438 4507 3453 4528 ,
3489 4465 3581 4519 sed
3608 4469 3753 4520 Solus
3781 4469 3951 4524 Adam

2369 4566 2489 4604 eum
2516 4551 2635 4606 filiis
2662 4547 2777 4605 erat
2797 4592 2810 4614 ,
2844 4563 2901 4605 ut
2928 4551 3102 4606 discas
3129 4553 3180 4606 in
3205 4567 3391 4606 natura
3434 4554 3693 4608 bonorum
3737 4567 3791 4610 et
3818 4573 3950 4612 con-

2371 4643 2652 4697 trariorum
2697 4645 2972 4697 scientiam
3021 4644 3165 4711 prius
3212 4643 3374 4700 fuisse
3439 4648 3746 4714 repositam.
3799 4648 3952 4705 Unde

2370 4735 2513 4787 enim
2567 4732 2752 4788 didicit
2798 4735 2954 4798 Abel,
2981 4736 3120 4805 quod
3155 4736 3351 4790 bonum
3379 4749 3521 4792 esset
3572 4739 3784 4803 offerre,
3808 4744 3948 4810 quod

2370 4824 2564 4882 mnum
2593 4825 2757 4878 Deum
2786 4828 3050 4891 venerari,
3082 4837 3134 4881 et
3162 4829 3211 4881 in
3240 4829 3485 4883 omnibus
3510 4833 3706 4899 gratias
3746 4848 3902 4902 agere
3927 4836 3949 4888 ?

2369 4913 2503 4979 Quid
2538 4915 2697 4983 igitur
2719 4957 2732 4981 ,
2759 4931 2823 4968 an
2846 4913 2974 4969 Cain
3018 4933 3121 4970 non
3165 4918 3396 4971 obtulit?
3420 4919 3620 4973 Obtulit
3656 4923 3865 4990 quidem
3896 4934 3948 4976 et

2370 5003 2512 5072 ipse,
2544 5005 2635 5059 sed
2676 5020 2782 5058 non
2832 5006 3093 5061 similiter.
3125 5008 3188 5060 Et
3230 5007 3355 5061 hinc
3389 5024 3514 5062 vero
3565 5025 3772 5062 rursum
3817 5025 3947 5064 con-

2369 5095 2604 5147 scientia:
2629 5094 2860 5163 cognitio
2890 5105 3108 5164 apparet
3135 5099 3418 5165 :qunniam
3449 5099 3585 5151 enim
3617 5101 3663 5153 ei
3685 5140 3700 5164 ,
3731 5103 3820 5170 qui
3851 5102 3946 5155 lio-

2370 5195 2586 5240 noratus
2615 5185 2807 5251 fuerat,
2841 5188 3088 5241 invidens
3107 5231 3121 5254 ,
3154 5189 3220 5243 de
3245 5191 3389 5244 ccede
3415 5190 3770 5256 deliberabat,
3796 5192 3946 5246 dolo-

2370 5292 2481 5330 sam
2517 5278 2724 5333 celebat
2751 5281 3067 5332 sententiam
3095 5289 3181 5334 :et
3207 5282 3329 5350 quid
3365 5283 3946 5352 inquit?Age,e_qredia-

2368 5382 2480 5420 mur
2526 5371 2579 5422 in
2627 5386 2862 5437 campum
2897 5371 3043 5441 (Gen.
3071 5373 3123 5425 4.
3174 5372 3265 5446 8).
3306 5375 3419 5427 Alia
3456 5373 3644 5441 figura,
3674 5372 3944 5431 citaritatis

2366 5460 2507 5512 enim
2538 5461 2802 5514 simulatio
2829 5477 2843 5514 :
2876 5464 3137 5516 sententia
3164 5464 3263 5517 alia
3285 5504 3299 5527 ,
3331 5465 3581 5517 fratricidi
3623 5467 3763 5519 enim
3812 5469 3944 5521 deii-

2368 5552 2592 5606 beratio.
2633 5552 2703 5606 Et
2742 5554 2841 5607 nisi
2883 5554 3083 5607 malum
3136 5557 3414 5609 consilium
3478 5559 3730 5625 putabat,
3780 5574 3942 5626 quare

2367 5706 2738 5819 ﬂMorel
2768 5717 2818 5760 et
2839 5710 3033 5774 quidam
3054 5717 3161 5762 Mss.
3201 5710 3344 5761 Savil.
3370 5719 3422 5762 et
3457 5712 3652 5776 ‘qutdam
3676 5713 3774 5775 alii,
3801 5709 3944 5766 Uade
