4232 6320
271 385 380 444 133

269 500 445 568 ipsum
473 494 793 562 occultabat,
824 501 880 550 et
909 502 1028 564 post
1065 490 1406 548 commissam
1438 501 1626 542 necem
1654 490 1868 540 rursum

269 606 299 644 a
326 591 437 644 ltea
469 589 860 657 interrogatus,
887 582 985 640 Ubi
1022 592 1093 637 est
1135 580 1261 637 Abel
1284 580 1443 651 frater
1483 577 1637 631 tuus?
1663 577 1870 645 inquit,

273 682 492 736 Nescio:
510 681 762 752 numquid
775 687 940 733 custos
962 675 1135 748 fratris
1155 675 1250 728 mei
1271 690 1380 728 sum
1399 687 1489 741 ego
1510 667 1661 739 (Gen.
1680 666 1870 736 4&9):

272 775 456 843 Quare
484 774 626 829 enim
663 772 863 842 negat?
893 784 1070 824 nonne
1111 776 1270 838 patet_
1303 765 1446 835 quod
1493 761 1874 818 condemnaret

271 867 512 935 seipsum
534 861 922 919 vehemen'er?
951 861 1101 916 Sicut
1124 860 1268 913 enim
1296 857 1459 925 ipsius
1491 865 1641 924 pater
1665 867 1724 908 se
1752 853 1870 906 abso

268 956 563 1020 conderet,
594 956 664 1009 ita
705 963 756 1009 et
803 943 891 1007 bié
933 959 1094 1020 negat
1122 966 1135 1001 :
1165 958 1222 1004 et
1251 957 1369 1016 post
1399 945 1873 1013 interrogationem

266 1048 466 1102 iterum
497 1045 688 1115 inquit,
725 1043 897 1114 Major
925 1052 996 1096 est
1043 1056 1197 1093 causa
1246 1052 1551 1107 mea,,qttam
1597 1046 1651 1086 nt
1698 1032 1872 1085 dimit-

266 1149 404 1192 tatur
428 1139 555 1192 mihi
583 1137 692 1207 (Ib.
722 1154 777 1189 ν.
805 1135 917 1202 15).
947 1132 1056 1188 Sed
1085 1131 1298 1202 gentilis
1326 1129 1440 1197 luce
1470 1141 1574 1180 non
1603 1123 1728 1178 fert.
1762 1125 1874 1193 Age

266 1232 432 1302 igitur
459 1240 513 1284 et
541 1229 606 1284 ad
638 1229 787 1282 illum
817 1226 1116 1296 loquamur,
1141 1231 1195 1278 et
1233 1211 1457 1290 quodin
1485 1216 1763 1272 creatione
1792 1215 1872 1269 fe-

270 1323 472 1386 cimus,
497 1336 614 1374 non
653 1318 942 1389 Scripturis
975 1325 1179 1370 tantum
1234 1311 1328 1365 sed
1374 1311 1536 1364 etiam
1577 1305 1875 1360 rationibus

268 1415 570 1470 certamina
597 1419 785 1466 contra
817 1409 939 1463 illos
979 1413 1280 1468 moventes,
1311 1402 1414 1455 hoc
1455 1409 1509 1454 et
1553 1398 1696 1452 circa
1737 1411 1872 1450 con-

268 1507 556 1562 scientiam
581 1517 721 1558 nunc
751 1502 1026 1556 faciamus.
1063 1498 1272 1553 Etenim
1305 1503 1360 1549 et
1388 1493 1586 1547 Paulus
1622 1490 1724 1543 hoc
1751 1503 1872 1542 mo-

268 1597 742 1666 vitargumentum
772 1591 1030 1646 adversus
1057 1589 1175 1642 illos
1203 1599 1462 1656 pugnans.
1486 1580 1624 1650 Quid
1657 1578 1873 1634 tandem

269 1696 352 1741 est
400 1685 549 1754 quod
599 1681 969 1738 dicunt?Nan
1009 1686 1092 1734 est
1124 1679 1278 1732 nobis
1324 1690 1418 1745 per
1457 1689 1516 1728 se
1542 1674 1625 1728 lex
1657 1671 1710 1726 in
1739 1685 1875 1726 can-

269 1776 500 1830 scicntia
533 1775 732 1843 posita,
765 1787 864 1826 nec
888 1786 1006 1825 eam
1049 1778 1252 1822 natura!
1282 1766 1428 1820 Deus
1455 1763 1698 1823 inseruit.
1720 1759 1875 1818 Unde

271 1863 455 1937 igitur,
480 1865 642 1928 unde,
668 1865 904 1933 inquam,
930 1863 995 1915 de
1015 1859 1231 1928 nuptiis,
1250 1858 1318 1912 de
1343 1855 1598 1915 eaedibus,
1620 1853 1686 1908 de
1711 1861 1876 1908 testa—

271 1957 492 2018 mentis,
527 1957 595 2009 de
622 1955 880 2022 depositis
900 1993 914 2010 .
938 1952 1003 2005 de
1046 1949 1300 2019 proximis
1329 1963 1434 1999 non
1473 1943 1871 2015 opprimendis,

271 2050 343 2105 de
371 2048 596 2102 inﬁnitis
635 2045 755 2100 aliis
787 2045 930 2114 leges
982 2042 1120 2111 apud
1161 2055 1258 2096 eos
1299 2039 1630 2119 scripserunt
1663 2035 1877 2104 legisla-

270 2151 416 2195 tores
441 2140 467 2193 ?
494 2138 560 2192 lii
600 2137 799 2206 quippe
825 2143 1116 2204 praesentes
1147 2129 1288 2184 forte
1326 2137 1366 2182 a“
1408 2127 1699 2196 majoribus
1745 2137 1872 2178 natu

268 2232 596 2292 didicerunt,
621 2238 680 2283 et
723 2227 798 2282 illi
840 2241 871 2280 a
910 2225 1196 2295 prioribus,
1233 2232 1286 2277 et
1310 2236 1521 2276 rursum
1576 2234 1606 2272 a
1641 2218 1876 2287 superia-

268 2324 422 2378 ribus
451 2323 539 2375 isti
576 2338 591 2376 :
627 2321 715 2390 qui
743 2334 872 2373 vero
891 2320 965 2371 ab
983 2317 1135 2386 initia
1163 2324 1217 2369 ct
1247 2314 1402 2384 primi
1426 2313 1565 2382 apud
1593 2327 1687 2367 eos
1730 2311 1874 2380 leges

269 2415 543 2474 tulerunt,
574 2427 604 2465 a
659 2427 766 2480 qua
814 2407 1172 2464 didicerunt?
1198 2419 1376 2459 annon
1431 2405 1613 2473 utique
1659 2416 1692 2456 a
1740 2416 1874 2454 con-

268 2505 543 2560 scientia?
599 2502 783 2572 Neque
827 2503 969 2555 cnim
1021 2500 1202 2554 dicere
1253 2505 1507 2565 possent,
1557 2493 1700 2565 quod
1749 2509 1873 2548 cum

271 2598 422 2653 Maso
477 2597 715 2660 fuerint,
743 2592 884 2663 quod
932 2591 1220 2662 prophetas
1269 2583 1874 2657 audierintzquomodo

265 2692 416 2745 enim
445 2689 538 2760 qni
569 2688 799 2758 gentiles
827 2672 1023 2741 erant?
1055 2683 1161 2738 Sed
1189 2691 1332 2752 patet
1357 2680 1506 2736 cas‘a
1539 2681 1654 2748 lege
1675 2718 1691 2743 ,
1712 2689 1874 2748 quam

270 2781 791 2851 batninemilingens
815 2779 956 2834 Deus
981 2779 1049 2832 ab
1074 2776 1224 2831 initio
1254 2776 1352 2845 ipsi
1380 2774 1576 2844 posuit,
1604 2773 1673 2828 ab
1699 2771 1799 2827 bac
1820 2786 1876 2828 et

274 2875 425 2947 leges
455 2875 700 2945 posuiSse
723 2886 868 2936 suas,
891 2882 945 2926 et
960 2879 1102 2925 artcs
1122 2869 1407 2933 invenisse,
1427 2867 1636 2935 aliaque
1658 2863 1870 2920 omnia:

275 2968 480 3022 ctenim
519 2974 576 3020 et
615 2973 759 3018 artes
792 2963 871 3018 sic
915 2963 1220 3016 constituta:
1264 2966 1418 3021 sunt,
1447 2973 1568 3012 cum
1599 2955 1760 3025 prisci
1799 2953 1891 3010 illi

277 3069 472 3127 suapte
501 3058 720 3126 ingenia
747 3055 825 3109 ad-
845 3056 964 3109 illas
1001 3067 1300 3108 accessere.
1330 3051 1420 3106 Sic
1445 3059 1498 3104 ct
1535 3049 1733 3119 judicia
1755 3089 1770 3114 ,
1797 3048 1877 3103 sic

276 3161 331 3205 et
357 3164 534 3221 paenae
561 3149 794 3204 deﬁnitae
821 3156 948 3203 sunt
977 3163 990 3200 :
1017 3144 1158 3215 quod
1189 3159 1381 3213 nempe
1403 3151 1458 3197 et
1488 3141 1680 3196 Paulus
1714 3140 1863 3195 dicit.

275 3243 414 3311 Quia
444 3243 589 3297 enim
612 3251 667 3295 ct
693 3241 971 3312 gentilium
1001 3239 1154 3294 multi
1184 3235 1569 3292 contradicturi
1601 3240 1756 3288 erant
1776 3273 1792 3298 ,
1824 3239 1879 3286 ct

277 3334 514 3390 dicturi:
547 3332 826 3401 Quomodo
873 3332 1015 3386 Deus
1063 3329 1312 3383 homines
1349 3327 1438 3398 qui
1491 3316 1708 3380 fuerutit
1753 3323 1879 3378 ante

278 3424 485 3481 Hosem
511 3402 816 3494 judicabif?
844 3437 951 3476 non
982 3421 1128 3476 misit
1155 3419 1542 3490 legislatarem,
1575 3431 1680 3471 non
1707 3417 1880 3485 legem

281 3521 422 3582 tulit,
457 3534 563 3573 non
617 3518 931 3587 praphetam
982 3516 1208 3584 paravit,
1237 3528 1344 3567 non
1389 3509 1686 3581 apostolum
1713 3549 1728 3573 ,
1771 3523 1880 3562 non

282 3612 663 3682 evangelistam
697 3626 711 3660 :
737 3605 1010 3680 quomodo
1056 3608 1125 3662 ab
1169 3606 1298 3677 ipsis
1327 3618 1515 3676 νωιιειε
1543 3601 1758 3672 exiget?
1788 3614 1884 3654 vo-

281 3706 398 3760 lens
430 3704 624 3759 Paulus
649 3701 1020 3756 demonstrare
1044 3741 1059 3765 ,
1088 3698 1230 3769 quod
1259 3713 1289 3752 a
1317 3708 1507 3751 natura
1535 3695 1678 3751 docti
1707 3695 1880 3764 legem

281 3796 566 3861 baberent,
589 3804 645 3850 et
672 3795 877 3864 agenda
905 3792 1184 3847 manifeste
1214 3790 1453 3851 scirent,
1491 3787 1613 3842 audi
1643 3785 1768 3856 quid
1796 3787 1879 3839 in-

280 3890 436 3959 quit:
468 3887 594 3942 Cum
624 3886 756 3939 enim
797 3894 984 3956 gentes,
1007 3897 1120 3953 quae
1165 3881 1325 3953 legem
1366 3885 1468 3934 non
1500 3877 1702 3941 habent,
1734 3884 1882 3930 natu-

281 3979 469 4034 raliter
491 3995 553 4032 ea
571 3993 686 4046 qua:
706 3977 832 4047 legis
851 3985 969 4030 sunt
987 4016 1004 4040 ,
1045 3976 1240 4046 faciunt
1262 3989 1280 4027 :
1302 3971 1549 4045 ejusmodi
1579 3969 1737 4039 legem
1779 3985 1881 4021 non

281 4069 544 4133 habentes,
571 4068 672 4138 ipsi
709 4067 804 4121 sibi
851 4077 969 4121 sunt
1017 4066 1118 4134 lex,
1141 4064 1225 4142 qui
1272 4061 1538 4118 ostendunt
1582 4077 1710 4132 opus
1756 4059 1883 4130 legis

275 4156 539 4220 scripturn
583 4153 636 4204 in
680 4150 926 4206 cordibus
971 4155 1101 4206 suis.
1141 4147 1595 4218 Quomoda'sine
1635 4153 1870 4210 litteris?

281 4241 669 4295 Testimonium
709 4241 954 4296 reddente
1003 4241 1112 4296 illis
1149 4243 1472 4297 conscientia
1515 4243 1774 4313 ipsorum,
1814 4253 1867 4298 et

277 4331 718 4384 in'erseinoicem
737 4330 1146 4400 cogitationibus
1164 4332 1560 4396 accusantibus,
1583 4340 1676 4384 aut
1704 4332 1866 4386 etiam

277 4422 705 4490 defendentibus,
726 4423 781 4476 in
819 4423 906 4476 die
927 4440 1032 4493 qua
1044 4422 1318 4492 judicabit
1352 4422 1492 4477 Deus
1526 4423 1735 4478 occulta
1767 4425 1869 4478 Ito-

281 4515 510 4575 ntinum,
531 4515 817 4566 secundum
834 4514 1161 4584 evangelium
1181 4531 1352 4568 meum
1379 4532 1473 4584 per
1485 4516 1520 4569 Ι
1524 4532 1672 4569 esum
1707 4515 1870 4581 Citri-

279 4613 424 4656 stum
440 4601 677 4673 (Romi.
695 4603 760 4657 14
773 4638 776 4641 -
791 4603 879 4675 16)
901 4621 913 4655 :
935 4614 990 4659 et
1007 4607 1201 4659 iterum
1221 4622 1234 4657 :
1252 4605 1578 4677 Quicumque
1592 4608 1734 4661 enim
1757 4609 1871 4663 sine

278 4695 391 4765 lege
417 4706 786 4764 peccaverunt,
814 4698 928 4752 sine
953 4697 1063 4768 lege
1091 4700 1335 4768 peribunt
1359 4714 1378 4752 :
1397 4709 1445 4752 et
1476 4700 1790 4770 quicumque
1813 4701 1871 4753 in

280 4787 392 4857 lege
415 4798 875 4857 peccaverunt,per
905 4789 1066 4860 legem
1081 4790 1472 4858 judicabunmr
1500 4788 1726 4860 (Ibidm.
1755 4789 1867 4862 12).

279 4878 426 4945 Quid
449 4889 552 4944 est,
580 4878 708 4935 Sine
729 4880 839 4950 lege
858 4874 1264 4949 ‘peribuntmon
1295 4880 1412 4950 lege
1428 4891 1744 4944 accusante,
1775 4882 1870 4936 sed

281 4971 619 5027 conscientia
644 4982 698 5027 et
731 4973 1176 5042 cagitatianibus.
1204 4973 1261 5029 Si
1281 4989 1410 5030 vero
1428 4976 1599 5045 legem
1630 4991 1738 5030 non
1769 4975 1867 5030 ha-

281 5061 911 5132 buissentcanscientiae,
928 5080 1027 5119 nec
1041 5064 1187 5135 ipsos
1205 5066 1382 5135 perire
1401 5074 1696 5136 peccantes
1712 5078 1870 5133 apar-

283 5153 432 5208 tebat
452 5169 465 5204 :
487 5158 764 5224 quomodo
784 5156 1013 5223 enitn,si
1040 5158 1157 5213 sine
1185 5158 1302 5229 lege
1334 5156 1737 5228 peccaverunt?
1763 5153 1868 5208 Sed

280 5259 409 5300 cum
430 5247 544 5300 sine
559 5247 669 5318 lege
691 5249 841 5313 dicit,
863 5264 971 5305 non
990 5250 1124 5306 dicit
1149 5265 1256 5305 non
1281 5251 1537 5306 habuisse
1555 5252 1750 5319 legem,
1774 5247 1870 5302 sed

283 5337 676 5395 nan-habuisse
697 5341 869 5411 legem
899 5342 1182 5412 scriptam,
1204 5352 1414 5397 natura:
1427 5355 1556 5398 vero
1582 5342 1752 5412 legem
1773 5341 1870 5394 ba-

279 5429 488 5485 buisse.
505 5429 570 5485 Et
584 5447 834 5488 rursum:
860 5430 1044 5488 Gloria
1059 5445 1257 5503 autem,
1272 5443 1322 5488 et
1335 5420 1520 5497 honor,
1539 5444 1589 5486 et
1603 5448 1710 5503 pax
1725 5432 1871 5486 omni

278 5523 523 5592 aperanti
546 5522 956 5590 bonumJudteo
972 5529 1224 5594 primunt,
1243 5537 1292 5581 et
1311 5526 1497 5581 Gra'co
1519 5525 1570 5595 (I
1577 5526 1664 5579 bid
1671 5522 1869 5592 .v.10.)

352 5618 410 5676 Β.
439 5618 566 5674 Haec
583 5613 763 5674 autc'm
786 5617 996 5673 dicebat
1019 5618 1086 5674 de
1106 5619 1470 5689 superiorilms
1496 5620 1718 5688 loquens
1744 5632 1879 5675 tem-

278 5711 520 5787 poribus,
550 5726 670 5784 qum
697 5723 821 5768 ante
843 5710 1043 5767 Christi
1068 5713 1352 5767 adventum
1386 5711 1616 5768 fuerunt.
1641 5713 1708 5768 Et
1727 5713 1876 5769 Grae-

279 5822 398 5861 cum
445 5805 533 5861 hic
558 5811 715 5861 vacat
752 5819 858 5859 non
904 5803 1237 5861 idololatram
1264 5846 1278 5872 ,
1310 5804 1403 5860 sed
1452 5806 1615 5860 Deum
1665 5805 1878 5878 quidem

1115 378 1206 433 AD
1245 373 1566 433 POPULUM
1607 367 2123 457 ASTIOCHENUM.
2162 369 2392 426 IlOillL.
2431 371 2550 427 λιι.

3486 375 3586 430 135

1986 482 2159 538 solum
2203 481 2555 546 adorantem.
2600 481 2950 540 Judaicarum
2992 501 3122 542 vero
3157 487 3593 546 abscrvatianum

1984 574 2290 628 necessitati
2322 589 2427 628 nan
2459 574 2722 642 deditum,
2749 575 3089 633 sabbatismis
3111 578 3250 644 dico,
3274 588 3330 635 et
3354 581 3588 638 circum-

1982 664 2169 720 clsiani
2196 705 2212 731 ,
2244 674 2297 719 et
2327 665 2489 718 variis
2519 665 3017 736 puriﬁcationibus;
3055 668 3150 724 sed
3177 671 3492 737 sapientiam
3536 681 3592 727 ει

1986 757 2236 826 pietatem
2280 771 2494 811 omnem
2541 758 2906 814 exhibentem.
2949 760 3017 814 Et
3051 776 3262 815 rursum
3290 763 3357 820 de
3397 766 3591 820 eadem

1980 847 2252 902 disserens
2274 845 2445 918 inquit
2467 865 2478 900 :
2504 847 2530 901 Ι
2539 866 2595 900 ra
2615 859 2662 901 et
2686 851 2990 920 indignatio,
3016 838 3273 906 tribulatio
3290 863 3337 907 et
3355 857 3594 926 angustia

1979 955 2131 1007 super
2159 954 2357 991 onmem
2386 940 2607 1003 animum
2649 941 2865 995 hominis
2886 945 3142 1010 aperantis
3171 944 3380 1012 malum,
3416 947 3595 1000 Judtei

1981 1032 2198 1100 primunt
2233 1040 2280 1084 et
2322 1029 2489 1085 θνρεσὶ
2513 1033 2685 1101 (Ront.
2708 1039 2764 1094 2.
2795 1033 2828 1088 9
2865 1037 2902 1102 ).
2933 1035 3164 1090 Rursum
3213 1037 3298 1092 hic
3343 1039 3590 1094 Grmcnm

1981 1132 2134 1174 vocat
2154 1161 2170 1187 ,
2198 1120 2577 1177 observatione
2604 1121 2819 1178 Judaiea
2857 1124 3158 1180 liberatum.
3189 1127 3246 1183 Si
3279 1130 3454 1200 itaque
3497 1147 3592 1185 no-

1979 1229 2081 1282 que
2103 1214 2273 1283 legem
2301 1214 2520 1279 audivit,
2548 1231 2720 1286 neque
2740 1232 2860 1270 cum
2888 1217 3088 1273 Judaris
3109 1222 3458 1277 canvcrsatus
3481 1237 3587 1284 est,

1983 1303 2254 1373 quomodo
2275 1305 2377 1358 erit
2400 1305 2498 1374 ipsi
2528 1307 2604 1360 ira
2630 1319 2684 1362 et
2705 1306 2996 1378 indignatio
3015 1319 3067 1364 et
3093 1307 3360 1366 tribulatio
3387 1313 3586 1366 malum

1979 1396 2266 1464 aperanti?
2295 1396 2557 1463 Quoniam
2585 1395 2732 1454 intus
2777 1402 3162 1457 conscientiam
3193 1404 3384 1460 habeat
3411 1407 3587 1461 incre-

1979 1499 2192 1558 pantem
2222 1499 2276 1545 et
2303 1490 2583 1545 docentem
2610 1480 2665 1546 et
2683 1492 3018 1548 erudientem
3049 1495 3102 1549 in
3131 1497 3399 1552 omnibus.
3433 1496 3587 1554 Unde

1980 1577 2083 1634 hac
2108 1579 2484 1636 manifestum?
2512 1583 2588 1637 Ex
2613 1583 2678 1645 iis
2699 1583 2752 1637 in
2779 1585 2970 1652 quibus
2996 1587 3130 1641 alios
3158 1588 3434 1658 castigavit
3456 1606 3583 1659 pec-

1978 1681 2185 1738 cantes,
2223 1661 2370 1742 leges
2402 1673 2549 1738 tulit,
2577 1674 2777 1745 judicia
2807 1677 3104 1731 constituit.
3131 1678 3243 1733 liae
3287 1679 3448 1750 igitur
3485 1681 3586 1735 de-

1977 1764 2210 1827 clarans-
2233 1765 2428 1820 Paulus
2452 1808 2466 1832 ,
2515 1768 2581 1823 de
2610 1754 2909 1823 viventibus
2938 1771 2990 1824 in
3020 1771 3148 1824 vilia
3187 1771 3397 1828 diccbat
3429 1794 3440 1827 :
3477 1775 3581 1842 Qui

1968 1879 2088 1917 cum
2132 1855 2404 1930 justitiam
2444 1858 2541 1913 Dei
2581 1860 2963 1930 cognovissent,
3017 1859 3270 1928 quoniam
3311 1860 3402 1930 qui
3440 1860 3575 1912 talia

1966 1958 2131 2019 agunt
2187 1948 2336 2020 digni
2386 1956 2508 2002 sunt
2568 1958 2774 2014 morte,
2828 1965 2933 2002 non
2987 1949 3155 2002 solum
3214 1967 3276 2004 ea
3333 1951 3572 2020 faciunt,

1965 2041 2058 2096 sed
2104 2041 2266 2094 etiam
2321 2041 2652 2093 consentiunt
2703 2040 3096 2111 Mfacientibus
3154 2041 3327 2113 (Rom.
3365 2043 3414 2096 l.
3455 2041 3572 2110 δὲ).

1969 2131 2038 2185 Et
2092 2131 2236 2198 unde
2283 2131 2525 2185 scierunt
2567 2131 2907 2185 voluntatem
2941 2131 3036 2186 Dei
3096 2147 3239 2192 esse.
3282 2140 3343 2185 ut
3381 2131 3475 2202 qui
3520 2133 3577 2185 in

1969 2222 2321 2292 improbitate
2352 2222 2542 2275 vivunt
2573 2222 2910 2291 puniantur?
2950 2223 3134 2278 unde?
3163 2224 3236 2276 lix
3267 2223 3334 2277 iis
3363 2225 3419 2276 in
3449 2223 3576 2292 qui-

1965 2303 2072 2365 bus
2118 2311 2254 2364 alios
2301 2310 2626 2380 judicabant
2676 2323 2988 2382 peccantes.
3045 2313 3100 2367 Si
3159 2314 3307 2368 enim
3365 2314 3578 2370 malunt

1985 2426 2108 2465 esse
2137 2425 2244 2463 non
2265 2420 2423 2479 putes
2448 2412 2670 2472 caedem,
2687 2424 2811 2464 cum
2842 2408 3172 2463 homicidam
3195 2407 3426 2477 ceperis,
3446 2421 3575 2462 sen-

1988 2504 2154 2559 tentia
2183 2512 2274 2556 tua
2302 2517 2411 2556 non
2431 2502 2625 2571 punies
2644 2520 2657 2555 :
2679 2501 2782 2555 nisi
2810 2502 3011 2555 malum
3037 2515 3157 2555 esse
3175 2512 3331 2570 putes
3358 2500 3573 2556 adulte-

1985 2608 2130 2656 rare,
2151 2608 2279 2648 cum
2311 2591 2563 2646 inciderit
2594 2591 2830 2654 adulter,
2852 2589 3022 2644 libera
3053 2589 3232 2659 ipsum
3260 2606 3290 2643 a
3311 2587 3495 2660 pmtia.
3516 2589 3574 2643 Si

1985 2676 2118 2740 vero
2147 2693 2202 2740 et
2239 2685 2296 2738 in
2332 2683 2568 2738 aliarum
2609 2683 2849 2752 peccatis
2878 2681 3023 2751 leges
3054 2680 3276 2746 scribis,
3305 2690 3359 2735 et
3385 2696 3576 2749 penus

1985 2775 2198 2839 definis,
2215 2786 2268 2830 et
2283 2790 2508 2830 severus
2525 2772 2794 2842 esjudcx:
2816 2787 2978 2841 quam
3000 2760 3200 2826 habere
3216 2772 3395 2840 possis
3410 2785 3577 2826 excu-

1987 2866 2278 2924 sationem,
2312 2865 2366 2918 in
2401 2862 2605 2932 quibus
2641 2862 2756 2931 ipse
2798 2875 3014 2930 peccas,
3051 2859 3242 2914 dicens
3274 2867 3327 2912 te
3365 2857 3575 2926 agenda

1987 2958 2275 3028 ignorare?
2295 2954 2550 3010 Mmcbati
2576 2953 2711 3008 estis
2727 2958 2781 3006 et
2803 2961 2858 3006 tu
2883 2960 2937 3006 et
2955 2951 3063 3005 ille.
3081 2949 3265 3016 Quare
3280 2949 3434 3003 illum
3453 2948 3578 3018 qui-

1985 3054 2106 3105 dem
2133 3051 2314 3121 punis,
2337 3057 2392 3103 te
2409 3062 2538 3102 vero
2558 3045 2712 3100 venia
2730 3045 2954 3114 dignum
2975 3042 3202 3098 censes?
3221 3041 3280 3097 Si
3294 3041 3440 3096 enim
3462 3057 3578 3095 ma-

1987 3145 2098 3198 lum
2120 3141 2402 3196 ncsciebas
2415 3155 2535 3195 esse
2553 3137 2906 3200 adulterium,
2925 3146 3180 3192 neutrum
3205 3133 3386 3204 puniri
3411 3147 3577 3201 opor-

1987 3235 2130 3289 tebat
2146 3253 2158 3299 ;
2177 3233 2220 3287 si
2246 3248 2374 3286 vero
2396 3231 2627 3284 alterum
2651 3228 2870 3298 quidem
2885 3227 3104 3297 punias,
3126 3236 3178 3281 te
3201 3240 3331 3281 vero
3355 3239 3576 3294 poenam

1986 3327 2226 3396 eﬂ'ugcre
2247 3325 2552 3385 existimes,
2593 3322 2873 3394 quomoda
2911 3319 3108 3376 rationi
3141 3329 3576 3374 consentaneum

1986 3419 2155 3474 videri
2185 3417 2382 3487 poterit
2403 3416 2718 3470 earumdem
2747 3413 3043 3468 criminum
3075 3427 3202 3466 reos
3225 3425 3332 3464 non
3353 3409 3574 3464 easdem

1990 3510 2226 3582 pendere
2248 3496 2474 3579 poenas?
2508 3505 2623 3562 Hoc
2655 3506 2821 3577 igitur
2853 3506 3030 3575 ipsum
3061 3517 3335 3557 accusans
3361 3501 3574 3555 Paulus

1986 3601 2205 3657 dicebat
2241 3620 2255 3655 :
2292 3600 2587 3655 Existimas
2622 3608 2802 3653 autem
2832 3598 2951 3663 hoc,
2979 3612 3009 3649 o
3033 3595 3211 3659 homo,
3241 3595 3334 3664 qui
3354 3593 3578 3664 judicas

1985 3707 2072 3745 eos
2097 3692 2188 3761 qui
2211 3689 2345 3744 talia
2364 3697 2551 3759 agunt,
2582 3697 2631 3743 et
2656 3687 2828 3757 facias
2856 3702 2941 3749 ea,
2962 3685 3088 3756 quia
3107 3693 3160 3738 ta
3179 3684 3399 3754 effugies
3419 3683 3579 3752 judi-

1988 3784 2125 3836 cium
2146 3781 2245 3835 Dei
2267 3780 2442 3849 (Rom.
2460 3780 2517 3844 2,
2540 3777 2756 3851 3).Non
2783 3776 2985 3839 estita,
3009 3791 3119 3832 non
3140 3762 3259 3843 est:
3282 3790 3348 3830 ex
3366 3773 3581 3846 judicia

1988 3876 2133 3931 enim
2152 3876 2298 3944 quod
2319 3876 2372 3929 in
2388 3875 2555 3929 alium
2574 3871 2871 3943 protulisti,
2893 3885 2959 3926 ex
2982 3869 3084 3926 hac
3103 3879 3155 3926 te
3177 3869 3320 3926 Deus
3340 3879 3469 3925 tunc
3483 3868 3578 3939 ju-

1988 3967 2356 4023 dicabitman
2388 3966 2534 4021 enim
2557 3964 2812 4036 profecta
2839 3975 2897 4021 tu
2932 3965 3153 4036 quidem
3181 3964 3389 4033 justus,
3435 3961 3583 4018 Deus

1990 4070 2172 4114 autem
2211 4057 2472 4129 injustus.
2506 4057 2563 4111 Si
2589 4057 2734 4112 enim
2759 4073 2868 4127 non
2901 4056 3141 4125 despicis
3171 4056 3341 4111 alium
3377 4054 3581 4124 injuria

1989 4150 2263 4217 allectum,
2278 4151 2559 4220 quomoda
2580 4149 2723 4204 Deus
2741 4148 3090 4219 despiciet‘tsi
3117 4157 3171 4202 tu
3190 4147 3426 4221 corrigis
3441 4147 3582 4201 alio-

1989 4257 2111 4298 rum
2138 4251 2379 4311 peccata,
2403 4242 2684 4312 quomoda
2701 4251 2752 4296 te
2772 4240 2918 4297 Deus
2936 4256 3044 4296 non
3075 4241 3314 4311 corriget
3329 4239 3353 4294 ἲ
3369 4238 3426 4295 Si
3448 4255 3584 4294 vero

1990 4339 2099 4386 non
2117 4331 2212 4385 tibi
2238 4332 2423 4387 statim
2447 4347 2666 4402 poenam
2688 4330 2874 4403 infert,
2892 4347 2960 4387 ne
2983 4331 3061 4386 ob.
3077 4331 3182 4386 bac
3194 4332 3462 4395 conﬁdas,
3483 4331 3580 4385 sed

1991 4423 2123 4476 time
2149 4422 2344 4492 magis.
2389 4421 2481 4477 Sic
2502 4431 2560 4477 et
2575 4421 2783 4478 Paulus
2801 4421 2972 4493 jussit
2997 4423 3223 4479 dicens:
3248 4423 3330 4477 An
3362 4419 3583 4478 diuitias

1991 4510 2246 4567 bonitatis
2262 4517 2375 4583 ejus
2394 4524 2444 4568 et
2456 4516 2730 4586 patientia:
2742 4529 2792 4572 et
2815 4516 3033 4587 longani
3041 4518 3111 4570 mi
3117 4519 3245 4570 tatis
3263 4517 3582 4578 contemnis,

1991 4603 2244 4672 ignorans
2281 4607 2531 4674 quoniam
2564 4606 2863 4679 benignitas
2897 4608 2994 4664 Dei
3036 4610 3105 4663 ad
3135 4609 3497 4679 paenitentiam
3536 4620 3587 4666 te

1991 4696 2207 4768 adducit
2227 4697 2402 4764 (Rom.
2421 4698 2476 4752 2.
2495 4699 2579 4768 4)ἳ
2594 4700 2885 4770 Propterea
2900 4703 3043 4757 enim
3059 4703 3276 4766 tolerat.
3301 4719 3407 4760 non
3424 4713 3484 4758 ut
3495 4720 3588 4774 pr.-

1987 4787 2076 4858 jar
2098 4788 2216 4851 tias,
2237 4791 2328 4843 sed
2350 4801 2405 4844 ut
2425 4793 2802 4860 paenitentiam
2823 4809 2982 4863 agas;
2999 4795 3044 4849 si
3067 4810 3196 4849 vero
3216 4811 3321 4850 non
3341 4797 3445 4860 vis,
3471 4813 3589 4851 ma-

1988 4880 2126 4950 joris
2147 4882 2371 4936 materia
2389 4884 2613 4939 ultionis
2628 4885 2723 4939 tibi
2737 4895 2820 4941 est
2836 4885 2928 4940 Dei
2946 4888 3334 4958 longanimitas
3348 4891 3467 4945 sine
3479 4905 3589 4960 pa:-

1991 4973 2220 5060 nitentitt
2237 4976 2604 5044 permanenti.
2627 4975 2693 5030 Et
2714 4977 2817 5031 bac
2835 4979 3037 5047 quippe
3049 4979 3335 5035 declarans
3351 4981 3585 5037 dicebat:

1994 5061 2293 5119 Secundum
2314 5075 2492 5121 autem
2506 5068 2765 5122 duritiam
2783 5079 2930 5122 tuam
2943 5079 2991 5123 et
3006 5071 3460 5141 impa'nitenscor,
3480 5073 3589 5126 tlte-

1992 5157 2240 5209 saurizas
2261 5159 2356 5210 tibi
2377 5159 2514 5212 iram
2536 5160 2590 5212 in
2611 5160 2697 5213 die
2713 5161 2811 5214 irte
2827 5169 2877 5214 et
2897 5161 3589 5234 reoelationisjustijudicii

1991 5243 2113 5312 Dei,
2126 5248 2217 5318 qui
2235 5247 2412 5303 reﬂet
2430 5252 2712 5321 unicuique
2732 5252 3019 5306 secundum
3034 5270 3194 5323 opera
3211 5256 3324 5324 ejus
3340 5255 3514 5327 (Rom.
3530 5256 3588 5313 2.

1993 5339 2049 5394 5.
2069 5339 2146 5410 ϐλ
2171 5340 2442 5405 Quoniam
2469 5343 2636 5412 igitur
2653 5343 2854 5414 cuique
2874 5346 3177 5401 second-um
3203 5363 3368 5417 opera
3389 5347 3587 5420 reddit,

1991 5444 2044 5486 et
2057 5431 2229 5503 legem
2248 5444 2532 5504 propterea
2548 5437 2707 5492 nobis
2722 5439 3022 5493 naturalem
3041 5440 3210 5495 indidi
3219 5448 3313 5505 t,et
3326 5422 3588 5514 scriptam

1995 5528 2346 5596 postmodum
2380 5529 2547 5597 dedit,
2577 5539 2634 5584 ut
2673 5546 2865 5600 pcenas
2899 5533 3085 5604 exigat
3119 5547 3499 5604 peccatorum,
3533 5547 3583 5592 et

1996 5627 2142 5670 recte
2159 5631 2381 5686 agentes
2395 5629 2645 5687 coronet;
2659 5622 2831 5675 multa
2852 5623 3035 5692 itaque
3048 5626 3231 5679 studia
3245 5635 3502 5695 tanquam
3516 5627 3585 5680 ad

2054 5757 2071 5790 ί
2119 5752 2522 5824 tlii,assentitmt.
2570 5749 2692 5802 Infra
2732 5753 2868 5812 voci,
2908 5753 3186 5817 punitmtar,
3226 5763 3330 5806 Sar.
3373 5758 3501 5811 aeldi',
3533 5761 3582 5812 iu

1989 5822 2234 5883 margine,
2255 5822 2422 5866 morte.
