4232 6320
634 408 735 467 135

629 526 969 583 tremendum
1012 518 1327 592 mmeqturi
1388 515 1645 589 judicium
1671 558 1688 584 ,
1734 515 1973 571 actiones
2018 523 2231 569 nostras

631 618 1031 688 dispensemus,
1051 611 1284 667 scientes
1324 608 1466 681 quod
1507 608 1708 664 nullam
1752 607 2100 679 assequentur
2139 618 2230 660 ve-

632 711 775 765 niam
797 750 810 771 ,
841 706 887 762 si
914 714 1037 776 post
1061 702 1356 759 naturalem
1383 710 1439 759 et
1468 701 1717 773 scriptam
1743 698 1913 771 legem
1942 705 2000 753 et
2024 696 2230 757 doctri-

633 813 757 851 nam
800 804 999 850 tantam
1042 802 1096 849 et
1132 792 1549 850 admonitionem
1577 788 1847 847 assiduam
1871 787 2103 844 salutem
2128 803 2229 842 no-

631 877 797 942 stram
827 885 1175 955 negligamus.

700 978 758 1034 6.
789 976 984 1031 Iterum
1012 976 1077 1029 de
1085 975 1414 1046 juramentis.
1439 1002 1513 1014 —
1530 970 1666 1028 Volo
1706 971 1885 1042 itaque
1919 988 2135 1028 rursum
2159 970 2231 1028 de

627 1066 947 1137 iuramentis
971 1068 1121 1122 vobis
1152 1065 1315 1135 loqui,
1345 1064 1606 1119 erubesco
1629 1073 1829 1119 autem.
1855 1062 2231 1141 lihiquidem

626 1163 792 1228 grave
823 1174 927 1213 non
958 1166 1041 1213 est
1066 1156 1153 1212 die
1193 1166 1455 1225 nocteque
1484 1154 1671 1211 eadem
1698 1154 2084 1221 vobisdicere;
2132 1154 2228 1211 sed

630 1254 795 1308 timeo
822 1268 888 1307 ne
913 1261 1192 1322 postquam
1210 1264 1308 1306 vos
1334 1251 1417 1304 his
1454 1249 1634 1305 multis
1662 1248 1850 1304 diebus
1874 1248 2227 1313 admonuero,

628 1347 854 1399 multum
887 1352 1153 1413 torporem
1174 1352 1409 1399 vestrum
1431 1340 1786 1397 damnabilem
1801 1340 2107 1400 ostendam.
2139 1340 2229 1411 qui

629 1437 684 1489 in
715 1437 927 1507 negotio
971 1444 1078 1490 tam
1128 1434 1265 1508 facili
1295 1434 1548 1490 continua
1589 1433 1799 1504 egentis
1841 1431 2227 1489 admonitione.

633 1526 744 1582 Nec
773 1535 976 1581 tantum
1019 1527 1315 1591 erubesco,
1360 1524 1455 1580 sed
1486 1532 1540 1579 ct
1580 1524 1745 1580 timeo
1784 1524 1956 1579 vobis.
2001 1523 2230 1579 Assidua

628 1631 861 1686 namque
896 1614 1142 1671 doctrina
1179 1613 1580 1669 adverteutibus
1628 1613 1878 1669 salutaris
1917 1612 2133 1684 quidem
2176 1624 2232 1670 et

629 1707 792 1775 utilis,
819 1706 1150 1778 torpentibus
1170 1720 1302 1761 vero
1323 1703 1577 1760 damnosa
1599 1714 1653 1760 et
1676 1704 1991 1775 periculosa.
2018 1705 2229 1761 Etenim

630 1807 832 1869 quanto
856 1799 975 1868 quis
1001 1797 1197 1867 sacpius
1223 1795 1472 1861 audierit,
1500 1802 1649 1850 tanto
1671 1797 1931 1865 majorem
1974 1796 2229 1852 ultionem

632 1890 897 1955 attrahet,
928 1905 1035 1944 non
1064 1888 1265 1944 faciens
1284 1902 1404 1958 qua:
1423 1888 1692 1945 dicuntur.
1722 1888 1835 1946 Hoc
1858 1889 2018 1960 igitur
2043 1899 2097 1947 et
2131 1889 2229 1947 Ju-

631 1980 763 2036 dmis
786 1966 1155 2052 improperans
1179 1979 1392 2037 dicebat
1420 1980 1562 2036 Deus
1593 1998 1607 2035 :
1634 1980 1758 2036 Misi
1798 1982 2071 2055 prapltetas
2094 2000 2231 2039 meos

626 2071 904 2143 exsurgens
932 2072 1161 2127 diluculo
1184 2113 1200 2138 ,
1241 2081 1291 2127 et
1336 2073 1597 2141 amittens,
1643 2090 1801 2145 neque
1834 2074 1910 2129 sic
1955 2075 2231 2130 exaudistis

627 2162 781 2232 (Jcr.
818 2161 908 2217 25.
927 2159 1044 2237 4.).
1071 2163 1180 2219 Nos
1218 2181 1412 2237 nempe
1436 2182 1501 2221 ex
1529 2164 1695 2219 multa
1739 2165 2099 2221 sollicitudine
2126 2166 2229 2223 hoc

627 2251 855 2307 facimus
877 2293 893 2318 ,
937 2252 1031 2308 sed
1063 2254 1314 2311 timemus
1359 2271 1429 2311 ne
1472 2255 1523 2309 in
1550 2254 1638 2311 die
1665 2254 1749 2309 illa
1780 2253 2053 2310 tremenda
2081 2253 2227 2310 obsit

626 2341 782 2397 vobis
806 2342 1058 2399 omnibus
1084 2343 1199 2400 haec
1217 2345 1513 2401 admonitio
1539 2353 1593 2401 et
1625 2346 1725 2400 hoc
1750 2345 2051 2401 consilium.
2085 2343 2225 2400 Cum

627 2433 771 2488 enim
794 2441 850 2488 et
865 2433 1059 2489 bonum
1077 2450 1212 2506 opus
1234 2435 1303 2490 sit
1328 2434 1501 2501 facile,
1520 2446 1573 2491 et
1586 2436 1677 2506 qui
1692 2435 1907 2491 assidue
1922 2449 2232 2491 commone-

625 2522 786 2578 faciat
813 2538 915 2577 non
942 2523 1118 2588 desit,
1150 2524 1275 2597 quid
1305 2527 1596 2596 poterimus
1627 2527 1679 2582 in
1708 2527 2105 2583 excusationem
2141 2527 2227 2582 di-

624 2616 789 2671 cere?
813 2616 894 2671 vei
916 2632 1035 2687 qua:
1064 2632 1161 2672 nos
1186 2609 1323 2673 ratio
1343 2619 1409 2674 ab
1443 2619 1645 2674 ultione
1666 2619 1897 2689 eripiet?
1920 2620 2011 2675 Dic
2036 2635 2229 2690 nempe

624 2708 777 2772 mihi,
808 2710 852 2762 si
882 2719 1163 2780 argentum
1192 2711 1287 2767 abs
1318 2720 1374 2768 te
1402 2724 1641 2768 mutuum
1664 2713 1781 2769 dari
1810 2716 2101 2786 contingat,
2133 2731 2229 2771 an-

624 2816 731 2854 non
769 2816 982 2871 semper
1007 2802 1236 2860 debitori
1260 2804 1559 2862 'occurrcns
1590 2806 1763 2878 ipsum
1793 2810 1963 2864 mutui
1991 2824 2230 2865 commo-

624 2892 827 2948 nefacis
857 2894 882 2947 τ
905 2894 1017 2950 Hoc
1042 2904 1096 2951 et
1133 2910 1275 2952 nunc
1304 2897 1417 2961 fac,
1450 2906 1505 2953 et
1529 2900 1753 2970 quisque
1779 2909 1929 2971 putet
1948 2910 2226 2973 argentum

618 2983 722 3038 sibi
755 2983 1054 3054 proximum
1091 2986 1290 3043 debere
1313 3030 1329 3057 ,
1362 2988 1518 3058 hujus
1542 2990 1747 3046 scilicet
1780 2990 2014 3046 mandati
2036 2994 2226 3064 exple-

618 3077 818 3132 tioncm
844 3088 957 3145 ,‘et
983 3094 1271 3136 occurrens
1313 3082 1595 3138 solutionis
1636 3085 1808 3156 ipsum
1840 3096 2182 3151 commoneat
2206 3129 2221 3155 ,

624 3166 800 3221 sciens
839 3183 945 3224 non
986 3185 1205 3239 parvum
1235 3172 1388 3227 nobis
1428 3175 1717 3244 repositum
1748 3191 1867 3235 esse
1892 3178 2222 3247 periculum,

619 3254 844 3312 fratrum
867 3274 1049 3313 curam
1073 3276 1175 3314 non
1198 3263 1497 3332 agentibus.
1525 3264 1810 3333 Propterea
1838 3276 1892 3321 et
1915 3283 2016 3338 ego
2036 3269 2221 3324 eadem

617 3346 799 3402 dicere
829 3364 933 3403 non
964 3349 1167 3407 desisto
1199 3372 1213 3404 :
1248 3352 1411 3409 timeo
1438 3354 1602 3420 enim,
1628 3372 1696 3412 ne
1725 3358 1813 3412 illa
1842 3358 1929 3414 die
1963 3359 2176 3416 audiam
2206 3380 2219 3416 :

624 3434 866 3506 Improbe
883 3455 1020 3494 serve
1050 3449 1100 3495 et
1139 3443 1327 3513 segnis,
1366 3448 1625 3515 oportebat
1651 3457 1699 3501 te
1725 3464 1935 3520 erogare
1958 3463 2223 3523 argentum

618 3545 782 3581 meum
806 3532 1193 3605 nummulart'is(
1221 3533 1407 3590 Matth.
1429 3536 1519 3594 25.
1549 3537 1640 3593 26.
1670 3539 1784 3611 ‘27).
1817 3541 1956 3598 Ecce
1985 3546 2218 3615 erogavi,

618 3635 724 3674 non
748 3623 945 3688 semel,
978 3640 1150 3694 neque
1179 3627 1278 3692 bis,
1308 3627 1403 3683 sed
1424 3631 1616 3698 szepius
1641 3647 1656 3697 ;
1686 3642 1921 3688 vestrum
1945 3649 2072 3689 vero
2097 3636 2220 3691 reli-

620 3725 782 3779 quum
810 3721 891 3767 est
922 3714 1092 3769 fanus
1126 3716 1349 3773 reddere
1377 3736 1390 3772 :
1423 3734 1581 3774 usura
1617 3737 1741 3777 vero
1764 3731 1849 3778 est
1874 3725 2071 3781 auditzc
2100 3743 2219 3781 mo-

624 3802 844 3859 nitionis
868 3818 963 3874 per
989 3820 1151 3875 opera
1193 3807 1453 3862 exhibitio
1484 3827 1497 3863 :
1530 3813 1726 3866 ctenim
1764 3814 2030 3871 dominica
2056 3826 2213 3884 sunt,

618 3935 958 3949 —-—

616 4032 994 4077 GBATIARUH
1038 4034 1225 4077 ΔΟἸΊΟ
1269 4036 1483 4079 ΔυΗυΟ
1528 4037 1611 4080 ΔΙ)
1656 4037 1834 4081 DEUM
1879 4039 1961 4080 DE
2008 4032 2225 4083 KIUTAT

2325 4042 2379 4083 iE
2423 4039 2730 4083 TRISTIUM
2781 4041 2796 4079 Ξ

1370 402 1434 461 8.
1472 398 1750 460 JOANNIS
1786 398 2260 459 CHRYSOSTOMI
2298 393 2621 462 ARCHIEP.
2658 392 3192 456 CONSTAN'I'INOP.

3838 398 3943 452 136

2334 524 2455 581 quae
2477 518 2663 566 mutuo
2687 509 2898 565 dantur.
2929 507 3007 565 Ne
3033 506 3193 578 igitur
3213 504 3546 578 negligenter
3567 521 3628 562 sn
3657 507 3949 579 ripiamns.

2334 601 2428 657 sed
2458 616 2581 657 cum
2617 600 2888 670 diligentia
2927 598 3230 670 depositum
3274 584 3776 662 contineamusth
3820 615 3947 654 eum

2342 692 2509 749 multa
2553 691 2911 762 negotiatione
2958 692 3132 763 ipsum
3164 692 3400 749 iilo'die
3455 692 3765 748 reddamus.
3832 689 3950 747 Nisi

2331 782 2476 837 enim
2503 791 2560 839 et
2594 782 2730 838 alios
2756 783 2809 837 in
2850 782 2989 839 idem
3024 781 3263 840 officium
3289 783 3597 847 induxeris,
3628 782 3819 843 audies
3847 795 3952 839 vo-

2332 886 2452 929 cem
2480 874 2656 941 illam,
2686 887 2847 944 quam
2874 872 3077 929 audivit
3103 875 3191 945 qui
3222 874 3479 931 talentum
3509 870 3731 929 defodit.
3756 878 3826 929 At
3852 888 3952 927 vo-

2329 963 2416 1021 bis
2436 980 2505 1021 ne
2537 965 2752 1021 eveniat
2773 962 2913 1020 hanc
2937 964 3142 1031 audire,
3177 964 3272 1022 sed
3299 960 3461 1021 aliam
3479 957 3665 1019 vocem
3689 978 3849 1034 quam
3873 963 3951 1027 ei,

2289 1100 2295 1104 .
2330 1045 2424 1126 qui
2448 1054 2748 1126 negotiatus
2773 1060 2910 1135 erat,
2943 1054 3181 1111 reddidit
3207 1054 3474 1121 Christus,
3502 1054 3691 1109 dicens
3720 1071 3734 1106 :
3768 1052 3950 1123 Euge,

2331 1160 2473 1202 serae
2495 1148 2622 1203 bene
2639 1154 2687 1201 α
2715 1146 2881 1215 ﬁdelis
2903 1158 2920 1209 ,
2946 1146 3188 1223 eueniant
3213 1160 3369 1216 super
3394 1161 3561 1218 pauca
3580 1144 3727 1217 fuisti
3754 1143 3948 1213 ﬁdelis,

2332 1254 2493 1313 supra
2518 1238 2679 1293 multa
2699 1247 2747 1292 te
2762 1238 3069 1293 constituam
3090 1235 3307 1310 (lculi.
3333 1236 3426 1293 15.
3445 1236 3507 1292 21
3528 1234 3571 1307 ).
3601 1235 3747 1289 Ilauc
3766 1243 3952 1288 autem

2331 1316 2614 1383 audiemus
2630 1342 2816 1383 vocem
2838 1368 2853 1394 ,
2882 1328 2927 1384 si
2953 1327 3094 1383 idem
3125 1328 3267 1398 quod
3299 1327 3387 1383 ille
3430 1325 3664 1380 studium
3688 1325 3952 1380 exhibue-

2333 1419 2542 1481 rimus;
2576 1416 2716 1473 idem
2744 1433 2875 1475 vero
2900 1418 3132 1474 studium
3164 1417 3558 1489 prestabimus,
3590 1417 3634 1474 si
3660 1419 3778 1480 hoc,
3802 1412 3949 1485 quud

2332 1510 2454 1565 dico
2478 1551 2493 1573 ,
2523 1508 2830 1566 fecerimus.
2862 1508 2996 1565 Cum
3037 1509 3215 1565 adhuc
3256 1507 3477 1565 fervens
3516 1518 3601 1564 est
3643 1506 3860 1564 auditus
3890 1507 3947 1562 in

2330 1602 2506 1667 vobis,
2529 1602 2731 1672 egressi
2760 1599 3118 1656 eshortamini
3148 1596 3287 1655 inter
3315 1612 3451 1655 vos:
3482 1607 3540 1655 et
3566 1598 3700 1653 sicut
3728 1596 3943 1666 disiun-

2330 1691 2517 1763 gimini
2541 1692 2768 1762 quisque
2795 1707 2917 1747 cum
2943 1692 3286 1756 salutatione,
3316 1691 3396 1747 sic
3421 1705 3543 1770 cum
3572 1688 3942 1743 admonitione

2331 1784 2557 1854 quisque
2588 1782 2805 1837 domum
2830 1777 3065 1847 recedat,
3095 1790 3150 1838 et
3173 1782 3316 1837 dicat
3337 1781 3580 1851 proximo
3608 1798 3622 1833 :
3651 1778 3951 1835 Considi-ra

2331 1882 2387 1929 et
2408 1871 2727 1936 recordare,
2757 1872 3028 1943 quomodo
3054 1872 3361 1927 mandatum
3404 1870 3715 1931 custodias:
3746 1878 3801 1925 et
3823 1884 3950 1924 om-

2333 1964 2460 2020 nino
2497 1964 2890 2034 superabimus.
2920 1964 3053 2020 Cum
3084 1964 3229 2020 enim
3266 1971 3322 2019 et
3344 1964 3507 2018 amici
3536 1972 3587 2018 te
3626 1962 3933 2017 dimiserint

2322 2071 2452 2112 cum
2476 2056 2569 2111 tali
2591 2056 2837 2119 consilio,
2866 2064 2919 2111 et
2939 2055 3157 2111 domum
3181 2051 3480 2125 profectum
3511 2069 3724 2109 rursum
3746 2053 3942 2108 eadem

2334 2163 2470 2202 uxor
2490 2146 2805 2215 admoneat,
2836 2156 2924 2214 et,
2954 2160 3074 2203 cum
3100 2146 3203 2202 soli
3230 2147 3364 2203 estis
3383 2188 3399 2211 ,
3431 2147 3606 2201 oratio
3633 2157 3815 2200 nostra
3847 2161 3947 2200 vos

2330 2240 2641 2308 contineat,
2681 2241 2930 2297 celeriter
2972 2240 3112 2297 hanc
3148 2240 3591 2296 consuetudinem
3640 2238 3944 2308 improbam

2327 2328 2680 2404 expeliemns.
2712 2333 2845 2389 Novi
2877 2332 3094 2404 quidem
3119 2347 3218 2388 vos
3247 2332 3501 2387 admirari
3530 2346 3698 2403 quare
3738 2341 3946 2385 tantnnt

2331 2426 2399 2481 de
2445 2425 2546 2482 hoc
2590 2427 2841 2481 mandato
2876 2425 3112 2480 studium
3147 2424 3380 2489 faciam;
3412 2438 3599 2478 verum
3642 2423 3937 2492 adimplete

2331 2515 2665 2582 mandatum,
2694 2525 2750 2571 et
2775 2526 2902 2570 tunc
2923 2516 3119 2572 dicam.
3154 2515 3369 2570 Interim
3398 2514 3592 2584 quippe
3620 2513 3748 2568 illud
3770 2512 3890 2567 dico
3914 2553 3933 2579 ,

2330 2607 2501 2678 legem
2527 2621 2648 2663 esse
2691 2606 2925 2661 divinam
2972 2606 3075 2662 hoc
3107 2605 3439 2671 mandatum,
3461 2612 3519 2657 et
3541 2605 3713 2673 ipsum
3747 2612 3941 2657 trans—

2323 2700 2477 2769 gredi
2504 2714 2612 2754 non
2642 2714 2761 2754 esse
2790 2708 3000 2764 tutum;
3031 2700 3075 2754 si
3104 2707 3283 2754 autem
3330 2696 3606 2766 impletum
3636 2694 3843 2758 videro,
3885 2704 3944 2749 et

2329 2789 2493 2844 aliam
2524 2790 2677 2846 vobis
2706 2803 2922 2845 causam
2943 2790 3381 2845 commemorabo
3404 2786 3503 2842 hac
3523 2803 3631 2841 non
3655 2788 3942 2853 minorem,

2330 2890 2389 2937 ut
2413 2880 2663 2946 discatis,
2695 2896 2781 2937 me
2804 2881 2927 2950 jure
2954 2893 3051 2949 pro
3093 2879 3191 2934 hac
3219 2880 3337 2949 lege
3386 2877 3623 2931 studium
3663 2877 3941 2931 exhibere.

2329 2971 2520 3027 Restat
2547 2986 2674 3028 vero
2696 2969 2805 3040 jam
2836 2985 2933 3041 per
2958 2968 3402 3040 supplicationem
3430 2982 3735 3024 sermonem
3761 2967 3945 3021 absol-

2327 3078 2470 3119 vere.
2500 3062 2833 3120 Unanimiter
2866 3063 3029 3132 igitur
3063 3074 3250 3116 omnes
3278 3060 3555 3115 dicamus:
3587 3059 3728 3115 Deus
3750 3050 3945 3114 nolens

2329 3164 2436 3211 tam
2468 3164 2694 3209 mortem
2717 3155 3034 3223 peccatoris.
3068 3168 3225 3225 quam
3249 3160 3661 3210 utconvertatnr
3679 3162 3736 3208 et
3757 3152 3967 3217 vivat,_

2327 3254 2381 3320 et
2411 3247 2546 3301 hanc
2566 3255 2621 3300 et
2652 3245 2786 3301 alias
2815 3245 2963 3317 leges
2988 3260 3179 3301 omnes
3220 3260 3317 3299 nos
3342 3253 3666 3314 exscquutos
3711 3243 3943 3314 dignare

2288 3366 2292 3370 -
2326 3337 2405 3391 sic
2429 3335 2680 3391 assistere
2709 3335 2959 3391 tribunali
2985 3334 3184 3390 Christi
3215 3335 3312 3399 tui,
3347 3344 3404 3388 ut
3430 3328 3677 3389 ﬁduciam
3713 3334 3938 3389 multum

2325 3421 2615 3498 asscqnuti,
2652 3429 2705 3482 in
2734 3443 2954 3498 regnum
2984 3427 3361 3496 perveniamus
3389 3418 3470 3480 ad
3487 3425 3713 3495 gloriam
3743 3434 3887 3479 tuam
3919 3441 3936 3478 :

2324 3524 2579 3592 quoniam
2612 3531 2662 3577 te
2691 3522 2842 3577 decet
2874 3524 3065 3593 gloria,
3098 3538 3199 3576 una
3229 3536 3351 3585 cum
3376 3521 3649 3591 unigenito
3674 3518 3813 3576 Filio
3844 3528 3939 3575 tuo

2324 3626 2378 3670 et
2407 3624 2593 3671 sancto
2624 3616 2844 3685 Spiritu,
2871 3630 3011 3671 nunc
3039 3623 3095 3671 et
3118 3630 3353 3685 semper,
3382 3624 3437 3669 et
3461 3615 3515 3669 in
3537 3615 3732 3669 mula
3756 3610 3929 3669 sarcu-

2324 3705 2518 3764 lorum.
2552 3711 2746 3763 Amen.

2845 4038 2924 4079 ET
2967 4035 3483 4079 COMMEMORATIO
3528 4035 3773 4091 EORUM,
3819 4034 3932 4089 QUI

696 4130 981 4175 ΡιιοινΙῈΙι
1004 4133 1391 4177 SEDITIONEM
1423 4135 1714 4190 RAPTATl,
1746 4137 1974 4181 POENAS
2003 4135 2317 4184 LUERANT.
2342 4141 2666 4185 δωιιιτιειι
2695 4137 2931 4181 RURSL’S
2975 4136 3305 4180 EXPOSITIO
3334 4139 3414 4181 DE
3444 4138 3708 4182 HOMINIS
3736 4139 3934 4184 CRBA-

694 4234 909 4290 TIOVE,
938 4236 1019 4277 ET
1061 4234 1233 4287 QUOD
1276 4228 1493 4279 LEGEM
1533 4236 1882 4282 ACCEPERIT
1924 4239 2311 4285 ΝΑΤυιιΑιΕΜ

696 4334 1026 4379 τοιιιῑκω
1071 4320 1112 4378 ⁸.

2358 4244 2373 4283 Ξ
2422 4242 2503 4284 ΕΤ
2566 4240 2653 4301 DE
2718 4239 2993 4283 δυιιΑτωι
3038 4238 3524 4283 ροκδυετυυικις
3583 4235 3925 4287 ΒΔΩΙΟΙἸἪΙ

2026 4445 2526 4543 mtas»-

1238 4595 1454 4636 ιιοιιιιιΑ
1495 4596 1607 4635 XIII.

688 4674 740 4728 Ι.
779 4673 863 4729 Ab
884 4672 1071 4728 eodem
1098 4672 1359 4743 principio
1396 4680 1449 4726 ct
1484 4671 1672 4726 iisdem
1703 4672 1991 4741 prooemiis,
2022 4674 2217 4744 quibus

619 4760 733 4819 heri
762 4772 813 4818 et
851 4762 1243 4818 nudiustertius
1271 4763 1429 4833 ccepi,
1460 4772 1513 4817 et
1543 4763 1700 4817 hodie
1728 4764 1975 4834 incipiam
2003 4782 2017 4819 :
2042 4766 2213 4821 dicam

618 4862 676 4909 et
714 4868 855 4908 nunc
881 4869 894 4906 :
922 4852 1240 4909 Benedictus
1267 4853 1427 4909 Deus.
1459 4855 1679 4922 Qualem
1710 4856 2032 4924 praeteritam
2080 4858 2214 4911 vidi-

623 4959 745 4999 mus
770 4944 955 5001 fcriam
981 4953 1254 5013 quartam,
1287 4952 1341 4999 et
1366 4945 1577 5014 qualem
1619 4961 1759 5001 nunc
1802 4945 2042 5002 videmus
2082 4963 2217 5018 prae-

622 5036 865 5091 sentem?
890 5044 1086 5106 quanta
1128 5036 1182 5090 in
1209 5036 1301 5090 ilio
1339 5035 1639 5092 obscuritas
1676 5045 1799 5093 tunc
1826 5037 1985 5094 erat?
2019 5048 2214 5110 quanta

619 5140 762 5181 nunc
786 5125 839 5180 in
859 5129 1106 5196 praesenti
1129 5126 1518 5196 tranquillitas?
1548 5127 1747 5182 Eodem
1768 5128 1853 5183 die
1880 5130 2215 5185 tremendum

620 5218 677 5272 in
705 5217 920 5273 civitate
949 5217 1175 5291 tribunal
1205 5218 1334 5273 illud
1360 5228 1413 5273 et
1444 5220 1682 5274 omnium
1722 5222 2177 5309 cordvoncussit
2196 5266 2211 5288 ,

620 5319 676 5364 et
712 5319 869 5364 nocte
901 5308 1031 5364 fecit
1056 5310 1197 5365 diem
1230 5311 1394 5365 nihilo
1418 5327 1538 5368 esse
1572 5314 1847 5369 meliorem
1874 5308 1899 5381 ,7
1919 5331 2022 5369 non
2052 5315 2216 5371 radiis

620 5401 926 5469 exstinctis,
959 5401 1053 5457 sed
1082 5403 1295 5458 tristitia
1320 5416 1373 5459 et
1401 5404 1592 5461 timore
1622 5408 1805 5461 oculos
1832 5406 2216 5465 oﬂ‘uscantibus

620 5498 849 5545 vestros.
879 5490 946 5547 Ut
984 5491 1142 5562 igitur
1166 5502 1219 5547 et
1258 5508 1355 5549 nos
1386 5495 1638 5564 majorem
1671 5498 1942 5567 capiamus
1971 5502 2214 5571 volupta-

620 5589 728 5634 tem
749 5622 763 5649 ,
797 5596 964 5651 pauca
987 5596 1171 5639 eorum
1198 5599 1314 5654 qum
1347 5593 1471 5641 tunc
1498 5587 1844 5656 acciderunt,
1884 5607 2213 5648 commemo-

681 5741 893 5818 fﬂsavil"
938 5743 1180 5818 acceperit
1217 5746 1492 5818 naturalem
1517 5763 1619 5818 per
1654 5752 1971 5818 cognitionem
2000 5721 2213 5818 agendo-

611 5812 793 5917 mngaet
816 5819 909 5858 non
953 5807 1288 5873 agendorum;
1324 5816 1370 5862 et
1406 5811 1470 5863 de
1497 5807 1711 5875 furandi
1724 5807 1733 5814 ”
1749 5807 2091 5871 consuetudine
2122 5818 2216 5870 tol-

2323 4599 2446 4639 rare
2474 4584 2615 4640 volo.
2649 4584 2718 4640 Et
2742 4584 2893 4640 vobis
2929 4584 3072 4640 enim
3103 4593 3158 4640 et
3194 4585 3425 4656 posteris
3462 4586 3716 4643 omnibus
3741 4588 3926 4645 utilem

2322 4675 2512 4730 horum
2543 4692 2663 4733 esse
2690 4677 2848 4733 video
2888 4662 3248 4731 narrationem
3276 4695 3288 4732 :
3312 4676 3563 4747 quoniam
3598 4679 3747 4735 etde
3791 4696 3927 4735 nau-
4008 4716 4011 4719 ν

2322 4766 2491 4837 fragio
2518 4770 2740 4823 servatis
2766 4767 3061 4837 jucundum
3102 4776 3185 4823 est
3213 4766 3468 4823 ﬂuctuum
3511 4770 3825 4828 meminisse
3871 4781 3932 4827 et

2322 4860 2655 4928 tempestatis
2683 4869 2739 4915 et
2761 4870 3036 4915 ventorum
3058 4902 3074 4926 ,
3120 4870 3401 4931 postquam
3433 4861 3486 4916 in
3514 4872 3726 4931 portum
3774 4865 3930 4919 navi-

2323 4949 2541 5021 garint;
2585 4960 2639 5003 et
2680 4948 2866 5005 morbo
2893 4950 3122 5005 detentis
3150 4960 3549 5021 pergratumest
3573 4955 3927 5024 postmgritu-

2323 5042 2505 5098 dinem
2533 5040 2710 5097 febres
2734 5082 2748 5106 ,
2779 5057 2875 5111 per
2898 5057 3029 5112 quas
3070 5058 3207 5114 pene
3240 5042 3307 5099 ad
3352 5052 3578 5099 mortem
3620 5057 3886 5100 venerunt
3911 5087 3926 5112 ,

2319 5135 2440 5192 aliis
2469 5150 2710 5191 narrare.
2738 5133 2873 5191 Cum
2900 5137 3040 5190 enim
3069 5136 3248 5207 gravia
3277 5137 3652 5205 praeterierint,
3686 5139 3929 5207 volupta-

2318 5235 2427 5283 .tcm
2460 5227 2621 5283 habet
2661 5241 2845 5281 eorum
2876 5227 3335 5291 commemoratio,
3362 5228 3537 5282 anima
3565 5242 3672 5282 non
3699 5231 3927 5297 amplius

2323 5317 2685 5388 formidante,
2736 5320 2827 5374 sed
2886 5322 3144 5390 majorem
3200 5322 3442 5391 capiente
3487 5314 3923 5378 delectationem.

2322 5410 2719 5469 Praeteritorum
2772 5415 2911 5469 enim
2960 5416 3219 5470 memoria
3263 5417 3563 5484 malorum,
3606 5431 3927 5487 przesetttetu

2324 5506 2756 5574 tranquillitatem
2784 5509 3084 5564 accuratius
3108 5511 3428 5578 gustandam
3456 5512 3693 5567 exhibet.

2394 5595 2743 5653 Constet-natio
2774 5602 3205 5656 Antiocheam-um
3235 5603 3287 5656 in
3324 5604 3686 5672 perquisitione
3720 5606 3785 5660 de
3814 5613 3929 5659 sta-

2322 5687 2422 5744 tuis
2444 5689 2649 5743 eversis.
2674 5720 2747 5730 —
2773 5690 3060 5763 Postquam
3106 5693 3252 5747 enim
3302 5694 3533 5750 civitatis
3574 5695 3750 5765 major
3802 5712 3928 5766 pars

2321 5796 2432 5851 prae
2457 5781 2649 5836 timore
2684 5792 2738 5836 et
2764 5786 3179 5842 comminatione
3210 5786 3297 5842 illa
3322 5786 3387 5842 ad
3414 5787 3628 5845 deserta
3661 5798 3715 5844 et
3744 5788 3925 5845 fauces

2322 5872 2585 5929 montium
2635 5881 2691 5929 ct
2735 5876 2938 5932 occulta
2989 5876 3230 5934 locorum
3285 5878 3725 5947 transtnixravit,
3776 5890 3925 5935 metu
