4232 6320
263 405 371 465 155

264 533 353 583 τες
380 516 460 582 ὡς
487 517 765 589 μηδεμιᾶς
794 515 1176 589 ἀπολαύσομεν
1223 514 1579 589 συγγνώμης,
1607 517 1656 569 εί
1696 516 1837 587 μετά
1861 533 1963 586 φυ-

263 605 420 661 σικὸν
448 609 545 660 καὶ
568 605 817 675 γραπτὸν
839 603 1022 677 νόμον,
1049 605 1146 659 καὶ
1170 604 1520 659 διδασκαλίαν
1541 603 1837 676 τοσαύτην,
1866 604 1962 659 καὶ

266 693 471 766 συνεχῆ
490 692 833 765 παραίνεσιν,
872 694 972 764 τῆς
1022 693 1301 765 ἡμετέρας
1353 686 1738 765 ἀμελήσαιμεν
1778 708 1961 764 σωτη-

308 781 421 847 ίας.

270 799 698 940 ΙΜ’ῗ-’ςζιίούλομαι
714 863 808 922 οὖν
818 867 979 922 πάλιν
992 866 1119 939 περὶ
1131 866 1240 921 τῶν
1255 866 1433 938 ὅρκων
1445 867 1474 919 ύ
1482 869 1573 939 μῖν
1583 866 1961 938 διαλεχθῆναι,

244 944 601 1029 ἀἰσχύνομαι
629 956 708 1012 δέ.
750 955 907 1027 Ἐμοὶ
933 956 1031 1027 μὲν
1060 956 1169 1028 γὰρ
1196 955 1297 1008 οὐκ
1327 954 1474 1010 ἔστιν
1507 954 1744 1026 ἐπαχθὲς
1769 956 1865 1009 καὶ
1905 956 1963 1009 ὲν

274 1043 462 1115 ἡμέρα
490 1044 586 1098 καὶ
624 1045 682 1097 ἐν
710 1044 867 1096 νυκτὶ
891 1043 960 1097 τά
1001 1042 1141 1096 αύτά
1182 1040 1319 1112 πρὸς
1350 1042 1496 1112 ὑμᾶς
1524 1041 1725 1111 λέγειν,
1748 1042 1963 1096 δέδοικα

267 1133 330 1187 δὲ
360 1130 437 1203 μὴ
464 1131 564 1195 τὰς
592 1129 792 1194 πολλάς
818 1128 1023 1194 ταύτας
1049 1129 1263 1199 ἡμέρας
1288 1128 1417 1199 ὑμῖν
1449 1129 1961 1201 παρακολουθήσας,

271 1219 480 1290 πολλὴν
511 1217 663 1289 ὑμῶν
695 1217 950 1286 καταγνῶ
979 1227 1005 1256 ι
1033 1216 1309 1287 ῥαθυμίαν
1342 1218 1470 1287 περὶ
1511 1218 1839 1287 πράγματος
1872 1217 1954 1271 οὗ.

268 1320 381 1370 τως
403 1305 630 1359 εὐκόλου
648 1302 929 1379 διηνεκοῦς
948 1302 1217 1373 δεομένων
1241 1304 1622 1375 ὑπομνήσεως.
1640 1304 1760 1357 Οὐκ
1782 1305 1966 1379 αίσχύ-

269 1408 439 1465 νομαι
465 1393 523 1447 δὲ
551 1372 734 1465 μόνον,
753 1372 896 1446 ἀλλὰ
918 1393 1009 1445 καὶ
1031 1372 1247 1444 δέδοικα
1278 1372 1409 1462 περὶ
1435 1372 1619 1463 ύμῶψ
1651 1393 1684 1462 ή
1712 1391 1820 1462 7&9
1849 1372 1970 1447 συν·

272 1481 406 1553 εχὴς
431 1479 751 1534 διδασκαλία
781 1482 894 1544 τοῖς
922 1478 1023 1551 μὲν
1047 1478 1372 1551 προσέχουσι
1410 1479 1678 1551 σωτήριον
1708 1479 1803 1533 καὶ
1831 1482 1967 1552 χρή-

274 1584 459 1640 σιμον,
482 1570 596 1633 τοῖς
619 1568 676 1621 δὲ
697 1565 1001 1638 ῥᾳθυμοῦσι
1035 1563 1298 1637 βλαϐερὸν
1330 1566 1425 1619 καὶ
1464 1566 1825 1621 ἐπικίνδυνον.
1856 1569 1966 1621 Καὶ

270 1655 382 1728 7&9
414 1654 634 1728 ὅσῳπερ
672 1655 739 1711 ἀν
768 1672 854 1719 τις
898 1653 1188 1718 πλεονάκις
1223 1654 1454 1727 ἀκούσῃ,
1487 1654 1729 1725 τοσούτῳ
1764 1655 1967 1725 μᾶλλον

271 1743 579 1796 ἐπισπᾶται
609 1742 709 1815 τὴν
751 1742 975 1797 κόλασιν
1020 1741 1095 1813 μὴ
1131 1739 1304 1795 ποιῶν
1347 1741 1419 1799 τὰ
1461 1742 1756 1815 λεγόμενα.
1796 1743 1968 1796 Τοῦτο

269 1829 407 1897 γοῦν
426 1830 523 1905 καί
558 1829 836 1893 Ἰουδαίοις
856 1824 1135 1894 ὀνειδίζων
1155 1828 1345 1897 ἔλεγεν
1363 1830 1392 1883 6
1413 1828 1547 1893 Θεός
1567 1845 1579 1858 '
1617 1829 1968 1887 Ἀπέστειλα

267 1915 418 1983 τοὺς
449 1915 763 1986 προφήτας
781 1933 903 1986 μου
933 1913 1237 1985 ὀρθρίζων,
1278 1916 1377 1969 καί
1401 1915 1826 1982 ἀποστέλλων,
1864 1919 1965 1972 καὶ

271 2003 419 2059 οὐδὲ
445 2004 635 2071 οὕτως
663 2005 1088 2073 εὶσηκυύσατε.
1105 2004 1299 2074 Ἡμεῖς
1344 2004 1442 2075 μὲν
1483 2000 1577 2058 οὖν
1624 2005 1733 2058 ἀπὸ
1766 2005 1968 2077 πολλῆς

271 2090 607 2163 κηδεμονίας
632 2090 793 2146 τοῦτο
811 2091 1095 2163 ποιοῦμεν,
1118 2092 1440 2164 δεδοίκαμεν
1472 2092 1530 2146 δὲ
1546 2093 1576 2133 δ
1600 2094 1675 2165 μὴ
1702 2094 1848 2148 κατά
1868 2096 1969 2165 τὴν

270 2179 739 2253 ἡμέρανηέκείνην
766 2181 869 2253 τὴν
900 2180 1140 2253 φοϐεράν
1170 2184 1541 2254 ἀντικαταστῇ
1583 2185 1751 2237 πᾶσιν
1778 2186 1907 2256 ύμῖν
1934 2187 1969 2257 ή

270 2268 599 2339 παραίνεσις
627 2267 765 2339 αὕτη
786 2266 1053 2348 [15Ξ1καὶ
1076 2271 1108 2341 ή
1144 2269 1626 2342 συμϐουλή.”οταν
1649 2272 1758 2344 7&9
1791 2273 1885 2326 καὶ
1909 2274 1971 2326 τὸ

272 2353 611 2426 κατόρθωμα
636 2354 857 2411 εὔκολον
874 2352 933 2430 ᾖ,
960 2357 1053 2410 καὶ
1077 2360 1106 2411 6
1133 2357 1375 2428 συνεχῶς
1410 2358 1847 2429 ὑπομιμνήσκων
1886 2361 1970 2432 μὴ

272 2441 639 2515 διαλιμπάνῃ,
670 2443 832 2497 ποίαν
858 2443 1057 2515 ἕξομεν
1095 2443 1396 2514 ἀπολογίαν
1420 2448 1626 2512 είπεϊν;
1649 2446 1682 2516 ἢ
1710 2446 1792 2509 τίς
1820 2449 1971 2517 ήμάς

273 2526 631 2601 ἐξαιρήσεται
652 2530 757 2602 τῆς
789 2530 1067 2595 κολάσεως
1094 2532 1287 2601 λόγος;
1318 2532 1455 2586 Εἰπὲ
1484 2533 1596 2605 γάρ
1636 2552 1749 2605 μοι,
1778 2533 1844 2587 ἂν
1870 2537 1963 2605 ἀρ-

275 2615 475 2688 γύριόν
526 2634 610 2671 σοι
656 2618 1103 2690 χρεωστούμενον
1138 2618 1300 2691 τύχῃ,
1336 2610 1551 2673 σῦκ’ἀεὶ
1586 2622 1971 2691 συντυγχάνων

273 2701 356 2773 τῷ
403 2704 679 2773 ὀφείλοντι
729 2705 1175 2777 ἀναμιμνήσκεις
1223 2707 1389 2761 αὑτὸν
1438 2708 1534 2761 τοῦ
1571 2707 1969 2777 δανείσματος;

273 2790 453 2845 Τοῦτο
474 2792 570 2845 καὶ
598 2792 663 2846 σὺ
685 2792 935 2863 ποίησον,
963 2794 1058 2847 καὶ
1080 2793 1312 2857 ἕκαστος
1335 2793 1605 2865 νομιζέτω
1626 2795 1718 2847 τὸν
1742 2794 1971 2865 πλησίον

275 2876 549 2950 ἀργύριον
597 2877 834 2949 ὀφείλειν
878 2879 1050 2952 αὐτῷ,
1083 2881 1181 2953 τὴν
1230 2881 1581 2953 ἐκπλήρωσιν
1616 2884 1714 2953 τῆς
1749 2882 1972 2953 ἐντολῆς

274 2964 509 3036 ταύτης,
539 2966 633 3019 καὶ
664 2967 923 3023 ἀπαντῶν
953 2968 1097 3039 ὑπὲρ
1137 2968 1227 3038 τῆς
1252 2969 1516 3032 ὲκτίσεως
1563 2970 1729 3023 αὑτὸν
1774 2970 1974 3040 ἀναμι-

280 3055 601 3125 μνησκέτω.
633 3054 791 3120 εἰδὼς
817 3055 893 3120 ὡς
918 3056 987 3110 οὺ
1019 3056 1215 3127 μικρὸς
1242 3059 1375 3127 ἡμῖν
1405 3057 1695 3111 ἀπόκειται
1728 3057 1974 3121 κίνδυνος

278 3139 390 3193 τῶν
415 3140 664 3211 ἀδελφῶν
695 3144 798 3198 οὐκ
821 3142 1294 3216 ἐπιμελουμένοις.
1325 3145 1424 3199 Διὰ
1469 3145 1628 3198 τοῦτο
1654 3145 1749 3199 καὶ
1772 3145 1884 3214 ἐγὼ
1904 3145 1974 3198 τά

280 3227 425 3281 αύτά
452 3227 628 3298 λέγων
661 3230 722 3284 οὐ
758 3230 1035 3302 παύομαιο
1067 3231 1283 3287 δέδοικα
1311 3233 1421 3303 7&9
1449 3234 1662 3304 μήποτε
1691 3235 1809 3286 κατ’
1833 3232 1976 3287 ὲκεί-

280 3330 383 3385 νην
432 3314 653 3370 ἀκούσω
701 3316 801 3389 τὴν
843 3318 1088 3390 ήμέρανο
1119 3318 1356 3387 Πονηρὲ
1387 3317 1573 3373 δοῦλε
1599 3318 1700 3372 καὶ
1733 3320 1974 3387 ὀκνηρέ,

283 3401 411 3456 ἔδει
451 3418 526 3457 σε
565 3405 930 3461 καταϐαλεῖν
954 3403 1021 3459 τὸ
1049 3403 1340 3476 ἀργύριόν
1359 3423 1481 3477 μου
1524 3407 1624 3460 ἐπὶ
1667 3407 1811 3472 τοὺς
1842 3424 1981 3475 τρα-

285 3488 546 3557 πεζίτας.
565 3493 697 3547 Ἰδοὺ
728 3493 862 3562 γοῦν
894 3493 1196 3548 κατέϐαλον
1223 3494 1322 3564 οὐχ
1352 3494 1680 3561 ἀπαξ,ὀύδὲ
1708 3495 1813 3559 δὶς,
1849 3495 1985 3550 ἀλλὰ

285 3575 585 3642 πολλάκις·
613 3580 769 3650 ὑμῶν
801 3582 918 3635 ἐστι
950 3580 1141 3652 λοιπὸν
1158 3582 1255 3635 τὸν
1280 3582 1440 3635 τόκον
1466 3582 1836 3647 ἐπιδείξασθαι
1854 3601 1865 3613 ο
1898 3584 1987 3636 τό-

284 3679 385 3727 κος
423 3663 481 3718 δὲ
520 3666 861 3737 ἀκροάσεως,
892 3670 926 3741 ή
956 3668 1047 3725 διὰ
1078 3668 1189 3724 τῶν
1221 3669 1398 3742 ἔργων
1428 3669 1689 3735 ἐπίδειξις
1709 3687 1723 3702 ·
1754 3672 1847 3724 καὶ
1873 3670 1982 3741 γάρ

353 3818 373 3889 ξ
399 3821 505 3889 μῌῇ
533 3827 832 3889 καταγνώσει)
838 3844 922 3889 μαι

350 3880 382 3922 δ
405 3884 507 3933 Alii
531 3880 727 3935 δέδοικα
758 3889 828 3939 δέ.

1327 400 1420 458 AD
1454 399 1790 459 POPULUM
1825 397 2334 457 ANTIOCIIENUM
2375 395 2615 455 HOMIL.
2647 396 2795 455 xm.

3660 397 3769 458 156

2066 513 2375 569 Δεσποτικά
2400 515 2469 569 τά
2494 514 2969 586 καταϐαλλόμενα.
2990 510 3089 586 Μή.
3102 510 3284 567 τοίνυν
3309 528 3417 584 παρ
3430 509 3607 583 έργως
3629 507 3775 567 ὑπο-

2062 602 2371 675 δεξὼμεθα,
2405 602 2544 658 ἀλλά
2579 602 2721 673 μετά
2754 600 3045 675 ἀκριϐείας
3070 600 3395 672 κατέχωμεν
3439 600 3539 672 τὴν
3583 613 3771 670 παρα.

2066 692 2411 764 καταθήκην,
2444 692 2532 745 ἵνα
2565 691 2703 763 μετά
2734 690 2940 762 πολλῆς
2981 691 3084 761 τῆς
3131 689 3397 761 ἐργασίας
3435 690 3607 760 αὐτὴν
3633 691 3769 743 ἀπο-

2065 778 2248 850 δῶμεν
2276 778 2420 834 κατὰ
2447 778 2546 850 τὴν
2576 778 2795 850 ἡμέραν
2821 779 3059 849 ἐκείνην.
3078 779 3205 831 Ἐάν
3244 777 3355 847 γὰρ
3397 778 3472 848 μὴ
3514 777 3611 831 καὶ
3642 776 3765 829 ἑτέ·-

2071 884 2197 940 ρους
2224 868 2311 932 είς
2330 866 2394 920 τὸ
2415 866 2550 920 αὐτὸ
2581 866 2861 939 ὲναγάγῃς
2887 865 3249 936 κατόρθωμα,
3281 864 3491 937 ἀκούσῃ
3520 865 3618 935 τῆς
3649 882 3768 933 φω-

2067 957 2167 1026 νῆς
2194 953 2415 1026 ἐκείνης
2442 949 2514 1027 ἧς
2538 954 2776 1025 ἠκουσεν
2805 956 2835 1006 6
2862 955 2921 1007 τὸ
2962 952 3228 1006 τάλαντον
3259 953 3587 1027 κατορύξας.
3605 950 3771 1004 Ἀλλά

2063 1043 2147 1114 μὴ
2192 1042 2405 1111 γένοιτο
2432 1040 2661 1112 ταύτης,
2688 1039 2827 1094 ἀλλά
2852 1041 2953 1112 τῆς
2983 1040 3151 1112 ἄλλης
3185 1041 3330 1111 ὑμᾶς
3366 1034 3602 1094 ἆκοῠσὰι
3650 1056 3767 1107 φω-

2049 1129 2169 1201 κνῆς
2198 1130 2267 1202 ἢν
2292 1128 2429 1202 πρὸς
2453 1129 2548 1183 τὸν
2579 1128 2962 1201 ἐργασάμενον
2987 1128 3172 1199 ἀφῆκε
3202 1127 3382 1196 λέγων
3428 1130 3455 1180 6
3494 1126 3727 1198 Χριστός
3749 1142 3767 1157 ·

2068 1213 2180 1283 Εὖ,
2212 1215 2399 1271 δοῦλε
2447 1212 2637 1286 ἀγαθὲ
2676 1216 2779 1270 καὶ
2829 1215 3029 1281 πιστὲ,
3064 1216 3164 1270 ἐπὶ
3211 1211 3495 1285 ὀλίγαῆς
3527 1215 3770 1281 πιστὸς,

2066 1303 2171 1363 ἐπὶ
2216 1302 2470 1358 πολλῶν
2522 1318 2598 1358 σε
2645 1303 3032 1370 καταστήσω.
3076 1303 3295 1374 Ταύτης
3332 1302 3389 1355 δὲ
3421 1302 3774 1372 ἀκουσόμεθα

2068 1392 2171 1463 τῆς
2201 1393 2407 1463 φωνῆς,
2435 1392 2503 1446 ἂν
2535 1392 2633 1463 τὴν
2656 1391 3054 1465 αρτὴν,ὲκείνῳ
3080 1392 3319 1463 σπουδὴν
3352 1389 3769 1460 ὲπιδειξώμεθαο

2068 1479 2169 1551 τὴν
2197 1480 2369 1551 αὐτὴν
2412 1479 2470 1533 δὲ
2521 1479 2908 1549 ἐπιδειξόμεθα
2957 1479 3215 1550 σπουδὴν,
3247 1479 3344 1532 ὲάν
3375 1478 3535 1532 τοῦτο
3563 1479 3593 1531 ὃ
3626 1477 3774 1546 λέγω

2071 1567 2547 1638 ποιήσωμεν.Ἔτι
2578 1566 2794 1637 θερμῆς
2827 1565 2997 1635 οὔσης
3029 1568 3129 1638 τῆς
3163 1568 3486 1637 ἀκροάσεως
3528 1568 3586 1619 ὲν
3618 1567 3773 1635 ὑμῖν,

2072 1655 2382 1722 ἐξελθόντες
2409 1653 2861 1727 παρακελεύεσθε
2890 1654 3164 1724 ἀλλήλοις,
3198 1656 3292 1709 καί
3316 1654 3569 1725 καθάπερ
3589 1664 3613 1693 θ
3642 1654 3778 1707 ἕκα-

2074 1758 2199 1805 στος
2227 1741 2367 1811 μετά
2392 1740 2768 1814 προσηγορίας
2789 1741 3097 1806 διαλύεσθε,
3133 1740 3278 1794 οὕτω
3307 1743 3447 1811 μετά
3490 1758 3781 1813 παραγγε-

2075 1828 2196 1892 λίας
2223 1829 2453 1893 ἕκαστος
2483 1829 2668 1884 οἶκαδε
2714 1829 3095 1901 ἀναχωρείτω,
3132 1830 3229 1883 καὶ⁷
3256 1829 3337 1900 τῷ
3362 1828 3592 1900 πλησίον
3620 1829 3779 1898 λεγέ-

2076 1934 2154 1969 τω
2172 1929 2187 1943 ·
2219 1915 2423 1969 Σκόπει
2455 1921 2550 1969 καὶ
2580 1917 2829 1988 μέμνησο
2855 1919 3005 1981 ὅπως
3030 1918 3273 1991 φυλάξῃς
3295 1919 3392 1990 τὴν
3418 1917 3662 1989 ἐντολὴν,
3682 1918 3779 1972 καὶ

2078 2002 2297 2067 πάντως
2344 2003 2735 2076 περιεσόμεθα.
2762 2005 2935 2059 Ὅταν
2989 2004 3099 2077 γὰρ
3154 2006 3300 2074 φίλοι
3358 2006 3778 2076 παραπέμπωσι

2054 2091 2223 2162 ,μετὰ
2266 2092 2528 2163 τοιαύτης
2576 2091 2911 2163 συμϐουλῆς,
2949 2093 3045 2146 καὶ
3078 2092 3218 2145 οἴκοι
3251 2093 3545 2161 γενόμενον
3572 2094 3607 2163 ἡ
3641 2093 3782 2164 γυνὴ

2079 2178 2241 2234 πάλιν
2266 2180 2335 2233 τὰ
2371 2180 2513 2232 αὐτὰ
2540 2180 2960 2253 ἀναμιμνήσκῃ,
3004 2181 3100 2233 καὶ
3146 2180 3344 2250 μόνους
3373 2180 3534 2244 ὂντας
3564 2183 3594 2234 6
3621 2180 3782 2249 λόγος

2077 2270 2107 2321 6
2130 2266 2405 2338 ἡμέτερος
2429 2267 2658 2340 κατέχῃ,
2684 2269 2899 2338 ταχέως
2922 2268 3383 2339 ἀπδκρουσόμεθα
3408 2269 3507 2339 τὴν
3537 2270 3786 2340 πονηράν

2082 2354 2376 2426 συνήθειαν
2406 2354 2634 2427 ταύτην.
2666 2352 2797 2410 Οἶδα
2834 2356 2933 2426 μὲν
2961 2356 3045 2408 ὅτι
3077 2354 3393 2426 θαυμάζετε
3421 2356 3567 2420 τίνος
3594 2358 3786 2411 ἕνεκεν

2079 2442 2348 2513 τοσαύτην
2388 2443 2531 2517 ὑπὲρ
2569 2444 2671 2515 τῆς
2717 2442 2941 2513 ἐντολῆς
2970 2444 3180 2516 ταύτης
3207 2444 3464 2515 ποιοῦμαι
3499 2445 3738 2517 σπουδήν
3763 2462 3781 2476 ο

2080 2529 2470 2601 κατορθώσατε
2500 2531 2559 2584 δὲ
2592 2531 2654 2584 τὸ
2695 2531 3013 2602 ἐπιταχθὲν,
3042 2533 3138 2584 καὶ
3170 2532 3294 2585 τότε
3321 2534 3453 2603 ἐρῶ.
3481 2534 3632 2597 Τέως
3683 2534 3784 2605 μὲν

2079 2616 2190 2689 γὰρ
2221 2620 2401 2671 έκεῖνο
2429 2617 2595 2686 λέγω,
2623 2619 2707 2671 ὅτι
2732 2619 2897 2689 νόμος
2931 2620 3050 2672 ἐστὶ
3093 2618 3238 2683 θεῖος
3269 2620 3329 2673 τὸ
3360 2621 3642 2692 ἐπίταγμα
3668 2619 3788 2674 τοῦ-

2079 2722 2162 2770 το,
2203 2705 2299 2758 καὶ
2330 2704 2647 2777 παραϐῆναι
2682 2706 2848 2759 αὑτὸν
2876 2706 2978 2760 ούκ
3002 2706 3250 2775 ἀσφαλές
3269 2723 3282 2736 ·
3314 2710 3410 2761 ἐὰν
3440 2708 3498 2761 δὲ
3527 2708 3623 2763 ἴδω
3650 2726 3789 2763 κατ-

2080 2792 2340 2863 ορθωθὲν,
2367 2793 2462 2846 καὶ
2492 2794 2688 2865 ἑτέραν
2717 2794 2848 2864 ὑμῖν
2880 2794 3065 2847 αἰτίαν
3092 2795 3206 2865 ὲρῶ
3230 2795 3331 2848 οὐκ
3360 2797 3618 2850 ἐλάττονα
3649 2797 3787 2851 ταύ-

2081 2893 2203 2948 της,
2240 2876 2332 2929 ῖνα
2376 2876 2586 2948 μάθητε
2620 2878 2703 2930 ὅτι
2745 2876 2974 2940 δικαίως
3013 2878 3289 2949 τοσαύτην
3325 2879 3468 2951 ὑπὲρ
3492 2880 3588 2934 τοῦ
3619 2880 3785 2951 νόμου

2082 2960 2272 3011 τούτου
2296 2958 2603 3028 ποιοῦμαιά
2631 2960 2872 3030 σπουδήν
2893 2975 2905 2989 ·
2935 2959 3055 3031 ὥρα
3085 2960 3143 3012 δὲ
3172 2961 3361 3015 λοιπὸν
3385 2964 3465 3025 είς
3493 2963 3661 3033 εὐχὴν
3682 2978 3787 3015 κα-

2080 3041 2312 3096 ταλῦσαι
2334 3045 2427 3096 τὸν
2458 3042 2634 3111 λόγον.
2652 3045 2821 3115 Κοινῇ
2842 3046 3022 3098 τοίνυν
3042 3045 3247 3108 πάντες
3270 3044 3515 3116 εἴπωμεν
3530 3062 3543 3075 '
3577 3047 3635 3099 '0
3654 3045 3791 3110 Θεὸς

2078 3122 2108 3174 6
2146 3121 2221 3192 μὴ
2246 3120 2417 3175 θέλων
2446 3121 2536 3175 τὸν
2567 3121 2800 3176 θάνατον
2820 3122 2916 3176 τοῦ
2944 3123 3303 3195 ἀμαρτωλοῦ,
3334 3124 3410 3200 ὡς
3436 3125 3499 3178 τὸ
3526 3126 3789 3198 ἐπιστρέ-

2080 3204 2183 3274 ψαι
2213 3205 2377 3257 αὑτὸν
2407 3205 2500 3257 καὶ
2530 3204 2653 3275 ζῇν,
2687 3206 2784 3260 καὶ
2811 3206 3003 3282 τοῦτον
3049 3209 3146 3281 καὶ
3172 3211 3302 3272 τοὺς
3340 3209 3560 3275 λοιποὺς
3592 3212 3790 3282 νόμους

2086 3285 2335 3346 ἅπαντας
2363 3281 2702 3349 καταξίωσον
2728 3286 2879 3356 ἡμᾶς
2908 3279 3300 3354 ὲξανύσαντας,
3337 3288 3481 3347 οὕτω
3503 3279 3791 3361 παραστῆ-

2086 3382 2177 3420 ναι
2218 3364 2296 3443 τῷ
2324 3364 2532 3436 βήματι
2562 3365 2658 3418 τοῦ
2694 3364 2934 3437 Χριστοῦ
2967 3384 3085 3430 σου,
3117 3367 3203 3420 ἵνα
3239 3371 3558 3441 παρρησίας
3588 3370 3792 3443 πολλῆς

2088 3442 2521 3513 ἀπολαύσαντες,
2548 3445 2650 3514 τῆς
2678 3444 2962 3514 βασιλείας
2991 3445 3345 3517 ἐπιτύχωμεν
3377 3451 3458 3513 είς
3483 3450 3641 3513 δόξαν
3667 3442 3787 3521 σὴν,

2087 3526 2171 3577 ὅτι
2200 3526 2284 3578 σοὶ
2312 3525 2515 3595 πρέπει
2546 3526 2698 3590 δόξα,
2723 3526 2842 3596 ἃμα
2869 3525 2948 3597 τῷ
2975 3531 3259 3596 μονογενεί
3282 3545 3384 3581 ’σου
3420 3530 3574 3583 Παιδὶ
3602 3531 3695 3583 καὶ
3714 3530 3793 3598 τῷ

2089 3606 2229 3674 ἁγίῳ
2275 3605 2580 3677 Πνεύματι,
2618 3608 2716 3661 νῦν
2766 3607 2862 3660 καὶ
2908 3609 3016 3673 ἀεὶ,
3041 3609 3137 3662 καὶ
3170 3611 3251 3673 είς
3278 3610 3404 3674 τοὺς
3442 3611 3647 3676 αἰῶνας
3682 3612 3792 3666 τῶν

2088 3687 2327 3744 αἰώνων.
2347 3689 2546 3760 Ἀμήν.

2154 3837 2179 3899 ἢ
2214 3834 2311 3899 A_lii
2334 3835 2416 3883 καὶ
2438 3836 2603 3899 ὥσπερ
2626 3835 2845 3893 ἕκαστος.

2155 3893 2185 3935 ἀ
2205 3896 2305 3945 Alii
2329 3893 2620 3960 πεποίημαι.

288 4136 447 4209 115⁸5]
476 4139 849 4207 Εὐχαριστία
903 4142 992 4197 ἐτι
1018 4144 1170 4213 πρὸς
1213 4144 1322 4199 τὸν
1348 4145 1497 4199 Θεὸν
1534 4146 1662 4215 περὶ
1694 4146 1807 4217 τῆς
1852 4147 2197 4216 μεταϐολῆς
2244 4146 2365 4201 τῶν
2397 4148 2777 4219 σκυθρωπῶν
2798 4166 2815 4184 ο
2860 4151 2967 4206 καί
3000 4151 3351 4221 ἀνάμνησις
3394 4152 3514 4207 τῶν
3546 4153 3645 4211 διὰ
3679 4151 3797 4226 τὴν

361 4229 589 4287 στάσιν
631 4230 1039 4302 διασυρέντων
1079 4235 1179 4290 καὶ
1209 4237 1688 4306 τιμωρηθέντωνο
1733 4240 1950 4308 ὁμοίως
1980 4238 2050 4291 δὲ
2087 4239 2275 4294 πάλιν
2288 4240 2583 4320 ἐξήγησις
2606 4243 2738 4310 περὶ
2764 4243 2876 4310 τῆς
2892 4242 3000 4299 τοῦ
3024 4243 3345 4313 ἀνθρώπου
3364 4244 3785 4319 δημιουργίας,

363 4323 463 4375 καὶ
496 4321 585 4377 ὅτι
627 4324 898 4392 φυσικὸν
932 4327 1123 4398 νόμον
1153 4326 1433 4393 ἐδέξατο·
1487 4330 1591 4384 καί
1637 4331 1772 4399 περὶ
1821 4331 1929 4386 τοῦ
1963 4332 2207 4391 τελείως
2244 4333 2623 4402 κατορθῶσαι
2662 4335 2726 4389 τὸ
2750 4333 2839 4405 μὴ
2872 4337 3121 4407 ὀμνύειν
3151 4348 3202 4393 ι.
3720 4352 3723 4353 ⁷

970 4573 1194 4642 Ὁμιλία
1223 4580 1319 4643 ιγ’.

322 4718 341 4737 .
366 4684 437 4734 α’,
458 4677 593 4731 Ἀπὸ
607 4678 709 4751 τῆς
739 4679 909 4751 αὐτῆς
931 4679 1106 4750 ἀρχῆς
1132 4677 1349 4732 καὶτῶν
1368 4677 1553 4732 αὐτῶν
1569 4678 1899 4750 προοιμίων,
1915 4674 1991 4734 ὧν

292 4767 425 4838 χθὲς
457 4766 553 4819 καὶ
577 4765 685 4837 πρὸ
719 4766 935 4839 ἐκείνης
964 4767 1247 4838 ἠρξάμην,
1282 4767 1379 4821 καὶ
1428 4770 1670 4838 σήμερον
1716 4766 1988 4839 ἀρξομαι’

292 4853 409 4925 ἐρῶ
440 4854 536 4907 καὶ
571 4853 665 4906 νῦν
685 4871 699 4884 ·
734 4854 1044 4930 Εὐλογητὸς
1073 4857 1101 4907 6
1133 4853 1287 4916 Θεός.
1315 4854 1447 4908 Οἴαν
1481 4854 1578 4925 τὴν
1607 4854 1991 4924 παρελθοῦσαν

293 4944 512 5015 εἴδομεν
546 4944 801 5015 τετράδα,
832 4944 931 4999 καὶ
970 4945 1086 4998 οἵαν
1128 4944 1227 5015 τὴν
1260 4942 1544 5015 παροῦσαν
1593 4943 1813 5015 ὁρῶμεν
1859 4946 1994 5012 νῦν;

294 5030 466 5093 πόσος
496 5033 554 5084 ἐν
590 5032 777 5103 ἐκείνῃ
806 5032 969 5101 ζόφος
1000 5033 1123 5085 τότε
1163 5030 1270 5104 ἧνς
1300 5033 1440 5103 πόση
1483 5032 1625 5085 κατὰ
1656 5032 1755 5103 τὴν
1788 5034 1998 5105 παροῦ-

295 5134 400 5172 σαν
452 5117 663 5190 γαλήνη
697 5119 827 5185 νῦν;
862 5120 1020 5172 Κατά
1048 5121 1148 5191 τὴν
1182 5121 1398 5193 ἡμέραν
1428 5119 1635 5188 ταύτην
1667 5121 1730 5173 τὸ
1763 5121 1996 5194 φοϐερὸν

294 5208 477 5260 ἐκεῖνο
499 5205 725 5275 γέγονεν
753 5209 812 5261 ὲν
840 5211 907 5279 τῇ
928 5208 1083 5261 πόλει
1110 5208 1484 5279 δικαστήριον,
1514 5209 1610 5261 καὶ
1638 5207 1739 5272 τὰς
1767 5210 1997 5280 καρδίας

295 5292 559 5346 ἁπάντων
596 5292 852 5357 διέσεισε,
882 5295 978 5347 καὶ
1020 5295 1217 5357 νυκτὸς
1254 5295 1406 5347 οὐδὲν
1434 5294 1661 5364 ἄμεινον
1690 5296 1997 5349 διακεῖσθαι

296 5380 526 5449 ἐποίησε
554 5379 658 5451 τὴν
696 5382 932 5452 ἡμέραν,
973 5382 1033 5435 ού
1079 5382 1184 5452 τῆς
1230 5383 1447 5445 ἀκτῖνος
1482 5381 1827 5453 σϐεσθείσης,
1861 5384 1999 5438 ἀλλὰ

296 5469 399 5539 τῆς
451 5467 691 5538 ἀθυμίας
736 5470 832 5522 καὶ
876 5468 972 5521 τοῦ
1018 5470 1188 5539 φόϐον
1249 5454 1624 5541 πηρωσάντων
1674 5472 1828 5542 ὑμῶν
1864 5474 1997 5537 ’τους

299 5554 741 5625 ὸςρθαλμούςῧίν*
768 5552 862 5610 οὖν
894 5559 990 5611 καὶ
1021 5559 1183 5627 ἡμεῖς
1207 5557 1428 5611 πλείονα
1451 5558 1879 5629 καρπωσώμεθα
1899 5561 1997 5630 τὴν

297 5642 518 5713 ἡδονὴν,
554 5642 728 5713 μικρά
754 5644 861 5697 τῶν
887 5645 1008 5698 τότε
1052 5645 1379 5721 συμϐάντων
1407 5644 1773 5716 διηγήσασθαι
1808 5647 1996 5716 βούλο-

202 5764 209 5769 -
304 5747 425 5800 μαι.
460 5731 572 5784 Καὶ
608 5733 717 5803 γάρ
764 5734 858 5786 καὶ
901 5734 1030 5803 ύμῖν
1080 5735 1177 5787 καὶ
1221 5736 1335 5796 τοῖς
1390 5734 1782 5804 γενησομένοις
1823 5734 1997 5790 ἅπασι

302 5817 582 5890 χρησίμην
605 5820 717 5891 ὁρῶ
742 5821 842 5893 τὴν
870 5821 1073 5895 τούτων
1096 5822 1348 5893 διήγησιν
1377 5816 1543 5875 οὖσαν
1569 5837 1581 5851 ·
1613 5823 1737 5874 ἐπεὶ
1764 5824 1857 5875 καὶ
1882 5826 1997 5888 τοῖς

365 5939 388 5966 ⁸
416 5940 568 5991 Savil.
599 5944 794 5997 ἐδέξατο
826 5945 904 6006 διά
926 5950 1008 6001 τῆς
1040 5946 1260 6003 γνώσεως
1292 5945 1388 5992 τῶν
1408 5944 1675 6006 πρακτέων,
1698 5945 1781 5994 καὶ
1816 5947 1911 5994 τῶν
1939 5947 1993 5995 οὐ

300 6008 571 6068 τροπέων,
596 6008 677 6053 καὶ
698 6007 803 6070 περὶ
826 6004 910 6054 τοῦ
933 6009 1234 6072 κατορθῶσαι
1258 6007 1311 6055 τὸ
1334 6008 1401 6070 μὴ
1428 6004 1632 6069 ὀμνύειν.

2101 4584 2165 4635 ὲκ
2198 4580 2465 4651 ναυαγίου
2494 4583 2842 4638 διασωθεῖσιν
2880 4580 2985 4655 ήδὺ
3028 4584 3137 4638 τῶν
3185 4588 3450 4657 κυμάτων
3487 4589 3803 4659 μεμνῆσθαι

2100 4671 2194 4725 καὶ
2228 4671 2330 4742 τῆς
2360 4671 2531 4743 ζάλης
2563 4673 2792 4725 καὶτῶν
2832 4672 3076 4742 ἀνέμων,
3103 4675 3328 4727 ἐπειδάν
3354 4678 3436 4739 είς
3473 4674 3671 4747 λιμένα
3698 4693 3801 4730 κα·

2096 4758 2478 4813 ταπλεύσωσι·
2508 4762 2599 4814 καὶ
2638 4762 2755 4824 τοῖς
2806 4760 3093 4832 ἀρρωστίᾳ
3136 4761 3499 4833 περιπεσοῦσι
3551 4764 3800 4819 ποθεινὸν

2100 4846 2238 4916 μετά
2264 4846 2365 4917 τὴν
2395 4847 2711 4919 ἀρρωστίαν
2734 4849 2862 4911 τοὺς
2885 4849 3179 4919 πυρετοὺς,
3207 4849 3275 4901 δι’
3301 4848 3395 4912 οὒς
3419 4852 3572 4921 παρά
3603 4851 3802 4922 μικρὸν

2093 4930 2258 5004 ἦλθον
2315 4936 2630 5004 ἀποθανεῖν,
2665 4936 2973 5007 διηγεῖσθαι
3019 4936 3158 5009 πρὸς
3205 4937 3446 5009 ἑτέρους.
3474 4940 3643 4992 Ὅταν
3688 4939 3803 5011 7&9

2097 5023 2347 5095 παρέλθῃ
2391 5026 2461 5078 τά
2497 5024 2666 5089 δεινά,
2696 5024 2893 5096 ήδονὴν
2944 5022 3058 5095 ἔχει
3104 5024 3215 5077 τῶν
3236 5022 3424 5079 δεινῶν
3454 5028 3486 5096 ή
3517 5025 3797 5098 διήγησις,

2095 5113 2196 5183 τῆς
2221 5112 2406 5183 ψυχῆς
2443 5112 2544 5165 οὐκ
2584 5113 2665 5164 ἔτι
2697 5112 3024 5176 δεδοικυίας,
3064 5112 3200 5165 ἀλλά
3250 5114 3346 5165 καὶ
3398 5113 3622 5182 μείζονα
3666 5118 3804 5185 x69-

2098 5198 2381 5270 πουμένης
2404 5198 2503 5270 τὴν
2532 5198 2893 5271 εὐφροσύνην.
2911 5199 2977 5252 Ἦ
3008 5199 3119 5271 γάρ
3141 5199 3252 5252 τῶν
3289 5200 3673 5271 παρελθόντων
3699 5219 3803 5255 κα-

2098 5287 2212 5341 κῶν
2248 5290 2437 5358 μνήμη
2464 5288 2552 5341 ἀεὶ
2575 5289 2676 5358 τὴν
2709 5287 3017 5342 ἐνεστῶσαν
3062 5288 3363 5359 εὐημερίαν
3407 5288 3802 5361 ἀκριϐέστερον

2096 5376 2327 5448 ὁρᾶσθαι
2360 5379 2523 5429 ποιεῖ.

2185 5466 2404 5537 Ἐπειδὴ
2460 5467 2568 5536 7&9
2608 5466 2671 5517 τὸ
2730 5465 2829 5538 μὲν
2896 5464 3059 5518 πλέον
3119 5467 3219 5537 τῆς
3286 5466 3495 5528 πόλεως
3541 5467 3651 5520 ἀπὸ
3705 5472 3800 5525 τοῦ

2100 5556 2267 5623 φόϐου
2317 5556 2410 5608 καὶ
2467 5558 2567 5625 τῆς
2618 5554 2851 5624 ἀπειλῆς
2915 5554 3133 5623 ἐκείνης
3197 5556 3335 5625 πρὸς
3391 5556 3491 5618 τὰς
3557 5556 3808 5627 ἐρήμους

2099 5644 2194 5697 καὶ
2220 5645 2320 5705 τάς
2348 5644 2645 5714 φάραγγας
2679 5646 2776 5695 καὶ
2805 5644 2932 5705 τοὺς
2958 5642 3324 5705 λανθάνοντας
3353 5642 3661 5713 μετῴκιστο
3707 5645 3799 5698 τό·

2100 5749 2257 5795 πούς,
2293 5731 2386 5783 τοῦ
2418 5732 2583 5799 φόϐου
2611 5731 2878 5783 πάντοθεν
2902 5731 3103 5793 αὐτοὺς
3127 5729 3569 5796 συνελαύνοντος,
3593 5733 3689 5786 καὶ
3712 5750 3805 5787 κε-

2098 5821 2188 5873 ναὶ
2225 5821 2323 5892 μὲν
2357 5816 2500 5889 ἦσαν
2527 5820 2806 5888 γυναικῶν
2837 5822 2894 5872 αί
2916 5820 3111 5883 οἰκίαι,
3132 5819 3267 5890 κενὴ
3293 5820 3349 5872 δὲ
3376 5818 3590 5891 ἀνδρῶν
3614 5824 3647 5891 ή
3674 5823 3803 5889 ἀγο-

2102 5908 2191 5981 ρὰ,
2230 5908 2382 5978 μόλις
2421 5907 2477 5960 δὲ
2498 5906 2591 5960 δύο
2614 5906 2648 5977 ἢ
2674 5910 2823 5977 τρεῖς
2857 5906 3168 5977 βαδίζοντες
3188 5909 3246 5961 έν
3274 5906 3353 5977 τῷ
3384 5908 3535 5978 μέσῳ
3565 5910 3687 5977 μετ’
3707 5910 3800 5962 άλ-

2098 5996 2275 6067 λήλων
2301 5995 2602 6064 ἐφαίνοντο,
2635 5996 2729 6048 καὶ
2762 5995 2916 6048 αὐτοὶ
2961 5988 3108 6050 οὗτοι
3154 5994 3406 6067 καθάπερ
3439 5994 3671 6067 ἕεικζίυχοι
3712 6014 3801 6051 νε-
