4232 6320
465 354 570 418 ιιι

461 478 593 547 χροὶ
618 476 947 548 περιιόντες·
990 474 1261 545 ἀπῄειμεν
1278 487 1304 515 α
1346 476 1426 538 είς
1457 473 1519 527 τὸ
1541 474 1890 545 δικαστήριον
1912 475 1974 528 τὸ
1997 475 2149 537 τέλος

464 564 721 634 ὀψόμενοι
744 561 852 615 τῶν
874 562 1191 631 γινομένων,
1216 562 1310 614 καὶ
1341 561 1540 625 ἰδόντες
1569 564 1690 616 ἐκεῖ
1714 562 1816 632 τῆς
1843 562 2053 626 πόλεως
2077 562 2146 615 τά

461 649 695 720 λείψανα
741 649 1147 717 συνειλεγμένα,
1198 648 1432 719 μάλιστα
1480 650 1696 702 πάντων
1746 649 2143 721 ἐθαυμάσαμεν

463 739 665 800 έκεῖνο,
696 737 778 789 ὅτι
810 735 1043 805 πλήθους
1074 736 1229 799 ὄντος
1275 738 1405 808 περὶ
1456 737 1556 800 τάς
1604 736 1794 807 θύρας,
1832 737 1907 800 ὡς
1936 737 2149 801 οὐδενὸς

1210 358 1273 416 S.
1310 354 1598 415 IOANNIS
1636 354 2136 413 CHRYSOSTOMI
2180 356 2507 413 ARCIIIEP.
2548 354 3107 413 CONSTAN‘H‘NUP.

3844 352 3949 409 133

2254 473 2365 545 γάρ
2395 476 2617 540 ἐκεῖνοι,
2647 473 2704 525 εἴ
2736 489 2867 526 ποτε
2900 472 3141 543 κύματος
3176 472 3339 527 ῐδοιεν
3377 472 3613 544 ἐμϐολὴν
3656 470 3947 541 πόρρωθεν

2253 559 2668 631 κορυφουμένην
2692 561 2784 612 καί
2807 560 2947 613 κατὰ
2973 560 3167 631 μικρὸν
3192 558 3499 631 αὐξομένην
3522 562 3618 613 καὶ⁵
3640 557 3944 629 μέλλουσαν

2257 644 2551 715 βαπτίζειν·
2571 646 2634 699 τὸ
2671 649 2898 714 σκάφος.
2931 646 3027 700 καὶ
3070 646 3200 718 πρὶν
3234 646 3269 717 ἢ
3304 647 3533 717 πλησίον
3560 644 3810 714 γενέσθαι
3843 642 3939 696 τοῦ

2257 734 2439 787 πλοίου
2489 732 3001 805 προαποτεθνήκασι
3020 734 3122 803 κτῷ
3149 733 3261 786 δέει
3279 751 3293 763 ·
3323 732 3468 786 οὑτω
3496 732 3559 804 δὴ
3590 735 3858 796 κάκεῖναι,
3887 732 3943 783 εί

467 826 757 896 παρόντος,
816 822 1088 894 βαθυτάτη
1122 820 1190 895 ῆν
1225 826 1259 894 ἡ
1296 825 1445 895 σιγὴ,
1491 826 1708 877 πάντων
1758 825 1840 887 είς
1886 822 2151 893 ἀλλήλους
2251 838 2381 875 ποτε
2425 822 2618 891 φωνῶν
2666 823 2761 876 καὶ
2792 821 3112 891 ὀλολυγμῶν
3140 821 3368 892 ᾔσθοντο
3404 821 3741 892 φερομένων.
3765 821 3940 874 δεδοι-

471 912 798 983 βλεπόντων,
817 915 911 967 καὶ
935 914 1073 984 μήτε
1096 912 1315 984 ἐρέσθαι
1336 912 1426 964 τὸν
1451 910 1795 981 παρεστῶτα,
1824 912 1959 982 μήτε
1986 912 2149 965 ἀκοῦ-

458 984 564 1053 σαί
606 1019 658 1053 τι
712 1004 837 1072 παρ’
862 1001 1071 1053 ἐκείνου
1120 999 1425 1069 τολμῶντός
1454 1015 1617 1062 τινος.
1647 998 1750 1051 Τὸν
1776 1001 1885 1068 γάρ
1920 998 2147 1069 πλησίον

470 1088 796 1142 ὑπώπτευεν
824 1087 1072 1150 ἕκαστος,
1097 1085 1185 1138 διὰ
1206 1086 1266 1138 τὸ
1288 1084 1514 1148 πολλοὺς
1539 1086 1638 1155 ἤδη
1668 1088 1801 1158 παρ’
1829 1087 2019 1140 ἐλπίδα
2040 1090 2147 1142 πᾶ-

465 1191 566 1229 σαν
611 1176 676 1229 ἐκ
714 1175 887 1246 μέσης
928 1172 1379 1242 ἀναρπασθέντας
1425 1172 1522 1242 τῆς
1564 1173 1790 1244 ἀγορᾶς,
1829 1174 1978 1229 ἔνδον
2016 1193 2141 1229 κατ-

462 1261 683 1331 έχεσθαι
707 1281 717 1293 ·
746 1262 838 1314 καὶ
861 1260 1059 1322 πάντες
1088 1261 1239 1330 κοινῇ
1268 1262 1404 1330 πρὸς
1434 1258 1525 1311 τὸν
1552 1261 1781 1331 οὐρανὸν
1807 1260 2139 1332 ἐϐλέπομεν,

460 1348 560 1402 καὶ
589 1349 687 1411 τὰς
714 1350 903 1418 χεῖρας
932 1345 1278 1416 ἀνετείνομεν
1308 1348 1434 1417 σιγῇ
1460 1347 1564 1415 τὴν
1605 1346 1813 1401 ἀνωθεν
1850 1347 2143 1420 ἐκδεχόμε-

459 1455 540 1491 νοι
576 1438 771 1508 ῥοπὴν,
801 1438 895 1489 καὶ
928 1435 1058 1488 Θεὸν
1084 1434 1528 1506 παρακαλοῦντες
1559 1436 1908 1507 παραστῆναι
1936 1455 1994 1491 τε
2027 1442 2142 1504 τοῖς

456 1523 859 1593 δικαζομένοις,
892 1524 986 1577 καὶ
1015 1523 1252 1593 μαλάξαι
1282 1523 1384 1588 τάς
1404 1523 1512 1576 τῶν
1537 1524 1864 1587 δικαζόντων
1891 1526 2135 1596 καρδίας,

456 1612 555 1665 καὶ
603 1611 830 1681 ποιῆσαι
870 1612 1079 1682 ἥμερον
1105 1610 1357 1679 γενέσθαι
1386 1610 1484 1682 τὴν
1508 1611 1711 1681 ψῆφον.
1742 1611 1852 1665 Καὶ
1890 1614 2139 1686 καθάπερ

456 1700 508 1751 οί
530 1699 657 1761 τοὺς
682 1697 1052 1767 ναυαγοῦντας
1079 1698 1186 1751 ἀπὸ
1210 1698 1313 1767 τῆς
1343 1699 1447 1768 γῆς
1473 1698 1779 1768 βλέποντες,
1818 1700 2138 1771 προσελθεῖν

459 1786 560 1855 μὲν
610 1787 705 1847 καὶ
750 1789 907 1857 χεῖρα
936 1785 1116 1857 ὀρέξαι
1150 1786 1240 1867 καὶ
1269 1785 1561 1856 διορθῶσαι
1599 1784 1749 1858 [154]
1793 1787 1891 1857 τὴν
1929 1804 2137 1858 συμφο-

454 1872 561 1944 ράν
588 1876 688 1926 οὐκ
712 1872 914 1943 ἔχουσι,
937 1875 1049 1935 τοῖς
1078 1872 1285 1943 κύμασι
1308 1873 1692 1944 διειργόμενοι,
1723 1873 1924 1940 ἔξωθεν
1953 1874 2009 1928 δὲ
2027 1876 2136 1929 ἀπὸ

454 1958 566 2013 τῶν
594 1960 856 2028 αἰγιαλῶν
893 1962 991 2023 τὰς
1021 1963 1206 2031 χεῖρας
1231 1960 1625 2025 ἀνατείνοντες,
1660 1963 1755 2015 καὶ
1784 1961 2132 2033 δακρύοντες,

452 2046 545 2102 τὸν
566 2047 697 2100 Θεὸν
721 2048 1099 2117 παρακαλοῦσι
1122 2050 1473 2119 παραστῆναι
1496 2052 1610 2113 τοῖς
1632 2049 2142 2121 κλυδωνιζομένοιςο-

454 2132 599 2188 οὑτω
638 2136 731 2188 καὶ
763 2135 999 2191 ἐνταῦθα
1029 2137 1230 2200 πάντες
1264 2139 1389 2206 σιγῇ
1425 2137 1520 2189 καὶ
1548 2136 1692 2190 κατά
1733 2136 1973 2192 διάνοιαν
2005 2140 2135 2193 ἐκά-

453 2220 581 2276 λουν
609 2222 700 2277 τὸν
732 2222 884 2288 Θεὸν,
912 2224 1188 2290 ἀξιοῦντες
1214 2226 1326 2287 τοῖς
1358 2224 1415 2277 ἐν
1455 2223 1534 2294 τῷ
1570 2224 1924 2295 δικαστηρίῳ,
1959 2226 2133 2282 καθά-

454 2326 563 2381 περ
609 2312 666 2363 ἐν
706 2311 945 2382 κύμασιν
990 2310 1426 2381 ἀνειλημμένοις,
1460 2313 1641 2381 χεῖρα,
1675 2312 1879 2383 ὀρέξαι,
1915 2315 2007 2367 καὶ
2057 2317 2133 2387 μὴ

455 2398 813 2476 συγχωρῆσαι
842 2398 1332 2468 καταποντισθῆναι
1355 2397 1416 2451 τὸ
1441 2398 1669 2467 σκάφος,
1701 2399 1837 2470 μηδὲ
1866 2402 1945 2463 είς
1969 2403 2135 2457 ναυά-

453 2500 572 2552 γιον
598 2486 859 2549 παντελὲς
879 2485 1178 2539 καταλῦσαι
1199 2486 1308 2538 τῶν
1330 2485 1658 2547 δικαζόντων
1680 2487 1780 2557 τὴν
1802 2488 2003 2558 κρίσιν.
2020 2490 2133 2544 Καὶ

451 2569 624 2625 ταῦτα
661 2573 759 2643 μὲν
802 2569 869 2645 ἦν
918 2573 1025 2645 πρὸ
1056 2572 1163 2625 τῶν
1195 2573 1373 2644 θυρῶν
1395 2589 1407 2603 ’
1439 2572 1625 2643 ἐπειδὴ
1655 2573 1713 2626 δὲ
1744 2574 2005 2647 ἐνδοτέρω
2034 2577 2134 2647 τῆς

451 2657 624 2728 αὐλῆς
655 2658 965 2731 είσέϐημεν,
1006 2659 1167 2714 πάλιν
1192 2660 1403 2729 εἴδομεν
1428 2660 1590 2732 ἔτερα
1618 2659 1971 2735 φοϐερώτερα
2004 2665 2130 2717 τού-

452 2762 581 2806 των,
617 2747 954 2818 στρατιώτας
998 2747 1484 2818 καθωπλισμένους
1514 2747 1689 2816 ξίφεσι
1724 2749 1820 2802 καὶ
1852 2750 2129 2819 ῥοπάλοις,

452 2834 549 2886 καὶ
579 2834 777 2904 πολλὴν
801 2836 914 2899 τοῖς
941 2834 1088 2888 ἔνδον
1105 2835 1134 2875 δ
1156 2834 1440 2899 δικάζουσι
1470 2837 1571 2908 τὴν
1599 2837 1833 2907 ἡσυχίαν
1866 2838 2134 2910 παρέχον-

452 2938 570 2983 τας.
589 2922 804 2992 Ἐπειδὴ
848 2923 957 2994 γάρ
996 2924 1046 2975 οἱ
1082 2925 1453 2993 προσήκοντες
1482 2924 1719 2986 ἅπαντες
1755 2925 2004 2991 ἐκείνοις,
2041 2928 2132 2979 καὶ

452 3012 729 3077 γυναῖκες,
767 3011 860 3063 καὶ
893 3009 1149 3082 μητέρες,
1185 3010 1278 3063 καὶ
1312 3008 1632 3081 θυγατέρες,
1661 3010 1757 3063 καὶ
1785 3012 2021 3082 πατέρες
2051 3014 2133 3064 εί-

454 3101 748 3152 στήκεισαν
798 3097 905 3169 πρὸ
949 3096 1058 3151 τῶν
1109 3096 1203 3151 τυῦ
1250 3096 1601 3168 δικαστηρίου
1637 3096 1839 3169 θυρῶν,
1880 3094 2045 3160 ὥστε,
2081 3100 2138 3151 εῐ

450 3201 571 3237 τινα
603 3186 842 3256 συμϐαίη
871 3184 968 3256 τὴν
1009 3185 1104 3237 ἐπὶ
1146 3184 1376 3238 θάνατον
1402 3184 1790 3255 ἀπενεχθῆναι,
1823 3185 2027 3255 μηδένα
2066 3190 2131 3257 τῇ

452 3272 552 3343 θέᾳ
594 3274 694 3343 τῆς
732 3274 1017 3344 συμφορᾶς
1047 3273 1436 3344 ἐμπρησθέντα
1479 3271 1705 3342 θόρυϐόν
1741 3290 1865 3328 τινα
1906 3274 2131 3345 ποιῆσαι

455 3360 551 3413 καὶ
578 3359 845 3431 ταραχὴν,
873 3360 1156 3432 πόρρωθεν
1191 3358 1418 3428 ἐφόϐουν
1432 3360 1496 3431 ,οἱ
1528 3360 1856 3432 στρατιῶται
1900 3361 2131 3427 πάντας,

453 3449 1072 3521 προκαταλαμϐάνοντες
1096 3459 1119 3489 ε
1152 3449 1329 3503 αὐτῶν
1354 3449 1435 3521 τῷ
1459 3449 1568 3503 δέει
1599 3452 1700 3521 τὴν
1726 3448 1987 3508 διάνοιαν.

525 3539 599 3592 Τὸ
626 3538 683 3593 δὲ
706 3539 923 3593 πάντων
951 3538 1336 3611 ἐλεεινότερον,
1362 3546 1544 3611 μήτηρ
1564 3539 1663 3610 μία
1682 3541 1775 3593 καὶ
1802 3540 2003 3612 ἀδελφὴ
2024 3539 2135 3595 τῶν

450 3627 600 3682 ἔνδον
623 3627 959 3699 κρινομένων
992 3628 1156 3691 τινὸς,
1180 3629 1317 3700 πρὸς
1344 3629 1484 3683 αὐτὰ
1503 3628 1613 3681 τῶν
1645 3627 1974 3691 δικαζόντων
1997 3630 2132 3685 ἐκά-

422 3716 615 3789 ,θηντο
656 3715 725 3769 τά
778 3716 1049 3787 πρόθυρα,
1084 3717 1496 3788 κυλινδούμεναι
1530 3718 1659 3789 περὶ
1689 3718 1751 3771 τὸ
1795 3717 2010 3787 ἔδαφος,
2040 3720 2137 3773 καὶ

452 3805 631 3858 κοινὸν
662 3800 820 3859 οὖσαι
850 3804 1077 3879 θέατρον
1107 3809 1218 3869 τοῖς
1250 3804 1611 3876 περιεστῶσιν
1636 3804 1828 3868 ἅπασι,
1864 3805 2138 3875 συγκαλυ-

450 3892 719 3962 πτόμεναι
761 3892 860 3957 τάς
891 3892 1063 3964 ὄψεις,
1094 3894 1185 3948 καὶ
1223 3891 1474 3948 τοσοῦτον
1519 3892 1904 3964 αίσχυνόμεναι
1954 3897 2133 3965 μόνον,

447 3979 575 4036 ὅσον
608 3982 912 4054 ἐπέτρεπεν
937 3984 971 4054 ἡ
992 3982 1092 4052 τῆς
1119 3984 1406 4055 συμφορᾶς
1431 3982 1645 4053 ἀνάγκη
1663 3999 1676 4013 ο
1709 3983 1805 4037 καὶ
1825 3982 1948 4037 οὐτε
1975 3983 2139 4055 θερα-

449 4068 637 4133 παινὶς
665 4070 857 4136 αὐταῖς
888 4071 1093 4143 παρῆν,
1122 4070 1247 4125 οὔτε
1290 4071 1509 4141 γείτων,
1536 4070 1660 4124 οὔτε
1691 4070 1842 4143 φίλη,
1871 4073 1971 4126 οὐκ
1999 4073 2133 4146 άλλη

449 4174 533 4222 τις
570 4157 679 4213 τῶν
726 4161 1068 4233 ἐπιτηδείων,
1098 4160 1237 4215 ἀλλά
1276 4157 1436 4232 μόναι
1476 4159 1614 4232 μετά
1638 4160 1873 4217 εὐτελῶν
1903 4165 2135 4234 ἱματίων

450 4250 511 4303 ἐν
558 4251 711 4321 μέσῳ
752 4247 1027 4303 τοσούτων
1073 4248 1486 4319 ἀπειλημμέναι
1532 4250 1913 4321 στρατιωτῶν,
1958 4254 2135 4330 χαμαὶ

452 4336 920 4411 συρόμεναι·περὶ
965 4336 1064 4400 τὰς
1111 4335 1283 4408 θύρας
1314 4336 1503 4401 αὐτὰς,
1534 4337 1643 4390 τῶν
1673 4338 1819 4391 ἔνδον
1850 4337 2136 4411 δικκομέ-

450 4443 558 4480 νων
580 4424 915 4496 ἐλεεινότερα
940 4423 1207 4495 ἔπασχον,
1222 4424 1321 4496 τῆς
1346 4425 1459 4479 τῶν
1478 4425 1687 4495 δημίων
1706 4425 2001 4482 ἀκούουσαι
2024 4446 2137 4497 φω-

450 4514 567 4584 νῆς,
596 4512 689 4566 τοῦ
723 4511 927 4565 κτύπου
955 4511 1063 4565 τῶν
1096 4512 1398 4583 μαστίγων,
1430 4512 1525 4566 τοῦ
1559 4512 1758 4585 θρήνου
1792 4514 1901 4568 τῶν
1935 4533 2135 4586 μαστι-

452 4600 716 4672 ζομένων,
736 4600 836 4668 τῆς
866 4599 1103 4672 φοϐερᾶς
1124 4603 1234 4653 τῶν
1257 4600 1586 4667 δικαζόντων
1611 4601 1862 4673 ἀπειλῆς,
1892 4604 1987 4656 καὶ
2008 4604 2133 4658 καθ’

451 4688 683 4743 ἔκαστον
711 4688 820 4742 τῶν
858 4687 1170 4757 παιομένων
1201 4688 1594 4761 χαλεπωτέρας
1626 4690 1893 4746 ἐκείνων(1
1928 4691 2135 4762 ὑπέμε-

452 4794 543 4832 νον
586 4774 778 4839 ὀδύνας
822 4768 985 4828 αῦται
1024 4775 1241 4847 Ἐπειδὴ
1288 4776 1396 4850 γάρ
1429 4778 1488 4830 ἐν
1519 4780 1639 4842 ταῖς
1672 4777 1875 4848 ἐτέρων
1920 4797 2133 4852 μαρτυ-

456 4864 603 4936 ρίαις
627 4863 997 4919 ἐκινδυνεύετο
1026 4866 1060 4934 ἡ
1097 4862 1206 4917 τῶν
1227 4864 1589 4935 ἐγκλημάτων
1612 4864 1907 4933 ἀπόδειξις,
1931 4867 1984 4920 εί
2003 4869 2134 4923 ποτέ

453 4967 598 5015 τινος
630 4950 856 5022 ⁴ᾔσθοντο
896 4953 1317 5023 μαστιζομένου,
1346 4952 1488 5008 ὥστε
1522 4956 1695 5007 είπεῖν
1740 4958 1870 5019 τοὺς
1899 4956 2134 5011 ὑπευθύ-

454 5056 603 5104 νους,
630 5040 722 5092 καὶ
764 5040 1128 5105 ὀλολύζοντος,
1160 5044 1240 5105 είς
1287 5041 1379 5095 τὸν
1429 5041 1653 5113 οὐρανὸν
1697 5042 1992 5113 βλέπουσαι
2041 5046 2133 5100 τὸν

455 5127 589 5181 Θεὸν
622 5127 965 5199 παρεκάλουν
998 5128 1180 5183 δοῦναί
1210 5147 1333 5184 τινα
1378 5132 1531 5201 ἰσχὺν
1562 5130 1656 5184 καὶ
1686 5131 1963 5204 ὑπομονὴν
1990 5132 2135 5187 ἐκεί-

456 5232 554 5287 νῳ,
589 5213 729 5269 ὣστε
768 5213 985 5286 μὴ’τῶν
1008 5217 1187 5280 αὐτοῖς
1220 5218 1605 5288 προσηκόντων
1644 5218 1743 5288 τὴν
1778 5221 2051 5292 σωτηρίαν
2077 5222 2134 5273 ἐν

456 5307 578 5367 ταῖς
605 5303 809 5376 ἐτέρων
849 5304 1158 5369 ἀσθενείαις
1184 5306 1535 5376 προδοθῆναι,
1582 5306 1680 5378 τὴν
1721 5306 1973 5379 δριμεῖαν
2024 5309 2134 5362 ἀπὸ

458 5390 568 5443 τῶν
600 5390 824 5463 πληγῶν
851 5390 1043 5461 ὀδύνην
1080 5392 1155 5463 μὴ
1177 5394 1489 5465 δυναμένων
1516 5396 1758 5463 ἐνεγκεῖν
1778 5411 1791 5425 ·
1816 5396 1910 5449 καὶ
1936 5396 2133 5450 ταυτὸν

460 5478 622 5531 πάλιν
652 5472 764 5533 οἷον
810 5479 904 5533 ἐπὶ
939 5478 1050 5536 τῶν
1082 5478 1495 5552 χειμαζομένων
1530 5481 1833 5537 συνέϐαινε.
1864 5483 2134 5557 Καθάπερ

523 5603 548 5631 ⁸
573 5600 659 5652 Sic
678 5601 864 5668 plaga“
884 5601 1188 5668 [eget-{cum
1216 5604 1349 5663 Sav.,
1373 5606 1423 5654 in
1446 5609 1698 5668 pmlerilo
1720 5622 1745 5656 α
1766 5610 1985 5659 themate
1996 5611 2133 5659 ἄπει-

460 5679 544 5735 μι,
561 5676 656 5712 non
675 5661 731 5711 υι
753 5661 1007 5735 MoreL‘el
1030 5664 1223 5735 Monii...
1244 5661 1460 5735 ἀπίεμεῇ
1480 5669 1613 5729 quod
1644 5669 1703 5718 ad
1739 5671 1877 5721 verbi
1912 5673 2133 5723 inusitati

459 5725 632 5787 ἀπίημι
654 5736 873 5785 prmus
897 5730 1089 5787 tempus
1099 5725 1395 5787 pertinerei.
1414 5725 1546 5779 Emi.

521 5786 551 5825 ἓ»
570 5788 720 5849 nam.
746 5786 1013 5849 ol‘quidam’
1040 5786 1152 5836 is.
1176 5790 1273 5845 τοῖς
1292 5790 1487 5841 ἔνδοθεν.

526 5850 551 5917 ξ
580 5848 731 5917 ﬁdem!
945 5852 1207 5917 προκαταλ.
1234 5850 1405 5917 Morel.
1429 5855 1634 5905 πάντων.
1660 5871 1737 5917 πρ.

524 5905 553 5976 d_
580 5908 750 5976 Μοτοι.
781 5914 833 5956 el
860 5905 1028 5976 nam}
1056 5912 1151 5959 τῶν
1185 5915 1472 5976 παιομένων.
1496 5905 1771 5971 l’ronom'cn
1803 5916 1954 5970 habet
1978 5918 2127 5970 Savil.

462 5980 514 6025 cl
541 5972 663 6033 legit
687 5971 937 6031 interpres
985 5970 1115 6024 Εοιτ.

2250 913 2401 963 κυῖαι
2432 909 2808 981 μὴπρὸςοτάς
2852 910 3117 979 βασάνους
3156 911 3636 980 ἀπαγορεύσαντες
3677 912 3726 963 οί
3767 925 3944 962 κατα-

2252 999 2552 1069 μαρτυρεῖν
2587 996 3045 1068 ἀναγκαζόμενοι,
3072 996 3375 1051 κατείπωσί
3414 1013 3560 1060 τινος
3596 995 3706 1049 τῶν
3750 996 3939 1058 αὐτοῖς

2246 1084 2593 1155 ἐπιτηδείων,
2634 1070 2863 1156 μυρίους
2893 1085 3002 1155 πρὸ
3041 1084 3153 1139 τῶν
3192 1085 3488 1155 ὀφθαλμῶν
3534 1084 3722 1156 ἐώρων
3768 1082 3939 1138 θανά-

2243 1185 2391 1233 τους.
2424 1172 2534 1224 Καὶ
2558 1168 2625 1242 ῆν
2663 1172 2793 1225 ἰδεῖν
2816 1172 2964 1225 ἔνδον
2999 1171 3291 1242 βασάνους,
3318 1170 3422 1235 ἔξω
3463 1170 3760 1242 βασάνους·
3790 1170 3938 1224 ἐκεί.

2244 1273 2370 1321 νους
2398 1258 2496 1328 μὲν
2520 1261 2629 1330 γάρ
2658 1262 2708 1313 οί
2735 1261 2941 1330 δήμιοι,
2974 1258 3175 1323 ταύτας
3202 1258 3259 1312 δὲ
3286 1258 3608 1323 ἐϐασάνιζεν
3636 1260 3670 1330 ἡ
3697 1259 3799 1329 τῆς
3828 1257 3937 1326 φύ-

2244 1361 2381 1409 σεως
2404 1348 2656 1417 τυραννὶς
2687 1346 2787 1400 καὶ
2808 1347 2977 1418 ᾐςῶν
3009 1347 3336 1417 σπλάγχνων
3359 1346 3676 1416 συμπάθεια
3698 1363 3713 1375 ·
3747 1347 3843 1399 καὶ
3866 1342 3936 1416 ῆν

2242 1431 2391 1485 ἔνδον
2422 1430 2657 1503 Ὸρῆνος,
2696 1433 2801 1499 ἔξω
2834 1433 3036 1504 θρῆνος
3060 1450 3073 1463 ⁸
3121 1434 3269 1488 ἔνδον
3301 1433 3412 1487 τῶν
3457 1433 3798 1498 ὑπευθύνων,
3829 1432 3942 1498 ἔξω

2239 1519 2349 1596 τῶν
2378 1521 2563 1585 αὐτοῖς
2598 1520 2750 1593 [155]
2791 1522 3199 1593 προσηκόντων.
3223 1522 3443 1575 Μᾶλλον
3463 1520 3519 1575 δέ
3543 1522 3642 1589 οὐχ
3666 1517 3811 1575 οὗτοι
3836 1522 3937 1591 μόο

2239 1624 2351 1672 νον,
2386 1608 2524 1662 άλλά
2573 1610 2668 1663 καί
2696 1610 2852 1663 αὐτοὶ
2900 1611 2950 1662 οί
2999 1608 3313 1674 δικάζοντες
3349 1609 3608 1681 ἐθρήνουν
3642 1609 3783 1663 κατά
3812 1608 3935 1662 ma.

2238 1710 2407 1759 νοιαν,
2446 1694 2541 1749 καὶ
2590 1696 2948 1767 χαλεπώτερα
3003 1696 3225 1750 πάντων
3272 1696 3533 1766 ἔπασχον,
3570 1694 3714 1749 οὕτω
3756 1697 3934 1769 πικρᾷ

2237 1782 2515 1853 τραγῳδίᾳ
2538 1782 2975 1853 ἀναγκαζόμενοι
3009 1785 3132 1838 τότε
3165 1785 3481 1856 ὑπηρετεῖν.

2311 1868 2379 1939 β’.
2400 1869 2542 1938 Ἐγὼ
2575 1870 2633 1923 δὲ
2657 1871 3121 1941 παρακαθήμενος
3150 1871 3245 1925 καὶ
3272 1876 3449 1927 ταῦτα
3480 1870 3808 1942 βλέταυν,δτι
3834 1888 3936 1939 γυ⁴

2236 1959 2424 2019 ναῖκες
2448 1956 2543 2008 καὶ
2579 1957 2843 2029 παρθένοι
2880 1957 3322 2031 θαλαμευόμεναι
3351 1958 3447 2014 νῦν
3480 1961 3656 2014 κοινὸν
3681 1959 3935 2028 ἐγένοντο

2236 2042 2465 2115 θέατρον
2493 2045 2689 2111 ἆπασι,
2721 2048 2815 2098 καὶ
2850 2047 2906 2099 al
2951 2048 3046 2099 ἐπὶ
3091 2047 3383 2118 στρωμνῆς
3412 2047 3631 2116 άπαλῆς
3663 2047 3935 2101 κατακλιο

2234 2132 2483 2201 νόμεναι,
2507 2132 2570 2185 τὸ
2595 2132 2789 2200 ἔδαφος
2818 2134 2941 2187 ἀντὶ
2969 2135 3261 2205 στρωμνῆς
3282 2134 3486 2205 ἔχουσι,
3520 2135 3612 2188 καὶ
3645 2136 3703 2186 αἱ
3731 2132 3936 2187 τοσαύ-

2232 2235 2327 2287 της
2350 2219 2722 2275 ἀπολαύουσαι
2742 2220 3039 2291 θεραπείας
3060 2221 3482 2292 θεραπαινίδων,
3506 2222 3803 2292 εὐνούχων,
3826 2223 3934 2293 τῆς

2234 2305 2402 2375 ἄλλης
2437 2307 2657 2376 ἀπάσης
2696 2310 3021 2378 φαντασίας,
3054 2308 3148 2363 νῦν
3182 2310 3439 2363 ἀπάντων
3472 2311 3697 2363 ἐκείνων
3728 2309 3935 2381 ἔρημοι

2233 2393 2370 2463 πρὸς
2380 2395 2505 2458 τοὺς
2519 2395 2774 2448 ἁπάντων
2788 2397 2850 2448 σύ
2861 2414 3045 2465 ρονται
3058 2397 3243 2460 πόδας,
3260 2397 3491 2450 ἕκαστον
3507 2396 3934 2468 παρακαλοῦσαι

2236 2485 2669 2549 συνεισενεγκεῖν
2685 2500 2736 2534 τι
2752 2483 2863 2536 τῶν
2879 2486 2959 2547 είς
2982 2484 3142 2537 αὐτὸν
3169 2484 3408 2555 ἡκόντων
3426 2488 3537 2548 τοῖς
3557 2485 3933 2556 κρινομένοις,

2240 2574 2336 2627 καὶ
2348 2574 2527 2627 κοινὸν
2541 2572 2693 2644 παρά
2707 2572 2926 2627 πάντων
2941 2572 3096 2625 ἐλέου
3110 2573 3228 2625 τινά
3242 2571 3436 2643 ἔρανον
3454 2572 3575 2640 γενέ
3584 2568 3938 2637 σθαι,ἐφθεγο

2235 2661 2415 2732 ξάμην
2461 2663 2643 2715 ἐκεῖνο
2674 2662 2735 2715 τὸ
2780 2660 2876 2713 τοῦ
2905 2659 3279 2731 Σολομῶντος,
3324 2661 3661 2724 Matutam;
3684 2674 3939 2726 ματαιοο

2231 2739 2446 2806 nitur,
2469 2740 2541 2793 τὰ
2586 2738 2783 2794 πάντα
2814 2743 3163 2809 ματαιότης;
3193 2737 3346 2795 Εἶδον
3368 2742 3479 2812 γὰρ
3499 2739 3657 2794 τοῦτό
3679 2755 3736 2793 τε
3764 2740 3928 2805 αὐτὸ,

2231 2827 2326 2878 καὶ
2350 2825 2533 2897 ἕτερον
2560 2827 2738 2895 λόγιον
2759 2828 2825 2882 δι’
2852 2829 3030 2882 αὐτῶν
3050 2828 3157 2882 τῶν
3178 2830 3355 2901 ἔργων
3375 2827 3644 2893 ἐκϐαῖνον,
3662 2827 3722 2881 τὸ
3738 2827 3926 2895 λέγον,

2231 2914 2333 2979 ὅτι,
2388 2914 2563 2969 Πᾶσα
2608 2915 2759 2979 δόξα
2804 2915 3119 2987 ἀνθρώπου
3155 2921 3234 2982 ὡς
3276 2914 3459 2981 ἄνθος
3488 2916 3743 2984 χόρτου*
3782 2914 3932 2985 ἐξίῃ-

2220 3000 2417 3068 ράνθη
2467 3006 2501 3055 ό
2558 3004 2807 3071 χόρτος,
2850 3004 2946 3057 καὶ
2999 3004 3067 3058 τὸ
3110 3003 3294 3070 ἄνθος
3338 3002 3612 3068 ἐξέπεσε.
3653 3004 3761 3059 Καὶ
3809 3005 3928 3076 γάρ

2232 3087 2460 3153 πλοῦτος
2484 3090 2631 3154 τότε,
2666 3092 2760 3144 καὶ
2782 3092 3054 3161 εὐγένεια,
3090 3092 3185 3145 καί
3223 3093 3575 3161 περιφάνεια,
3613 3094 3707 3145 καὶ
3743 3092 3924 3160 φίλων

2231 3178 2559 3246 προστασία,
2588 3179 2682 3232 καὶ
2714 3180 3030 3248 συγγένεια,
3062 3180 3157 3233 καὶ
3193 3179 3368 3232 πάντα
3398 3178 3664 3250 ἠλέγχετο
3686 3180 3756 3234 τά
3788 3180 3928 3251 βιω-

2229 3267 2379 3329 τικά,
2400 3267 2501 3336 τῆς
2523 3267 2796 3337 ἁμαρτίας
2816 3269 2910 3319 καὶ
2931 3270 3030 3338 τῆς
3050 3267 3399 3338 παρανομίας
3422 3269 3522 3338 τῆς
3544 3253 3927 3339 γεγενημένης

2231 3350 2331 3421 τὴν
2365 3353 2675 3424 συμμαχίαν
2714 3356 2931 3410 ἃπασαν
2962 3354 3312 3425 τρεψαμένης
3354 3353 3575 3426 ταύτην.
3612 3355 3721 3408 Καὶ
3742 3355 3925 3409 καθά-

2235 3454 2343 3509 περ
2366 3443 2549 3513 μήτηρ
2586 3441 2885 3512 στρουθῶν,
2920 3442 3029 3495 τῶν
3049 3442 3277 3499 νεοττῶν
3300 3442 3725 3515 ἀφαιρεθέντων,
3744 3442 3945 3498 ἐλθοῦι

2235 3544 2304 3580 σα
2346 3528 2441 3582 καὶ
2488 3530 2587 3599 τὴν
2617 3529 2812 3583 καλιὰν
2846 3529 3084 3601 εὑροῦσα
3129 3532 3333 3602 κενὴν,
3376 3529 3657 3595 ἐξελέσθαι
3707 3530 3806 3602 μὲν
3854 3532 3925 3585 οὑ

2231 3614 2454 3669 δύναται
2491 3616 2619 3679 τούς
2646 3617 2878 3682 ἁλόντας
2906 3616 3082 3688 αὐτῆς
3118 3620 3390 3682 νεοττοὺς,
3419 3618 3827 3690 περιιπταμένη
3859 3619 3926 3675 δὶ

2232 3701 2327 3755 τοῦ
2354 3702 2591 3775 θηρατοῦ
2630 3706 2728 3768 τάς
2755 3707 2968 3777 χεῖρας,
2998 3704 3149 3776 αὐτῷ
3186 3704 3363 3777 τούτῳ
3396 3704 3494 3777 τὴν
3527 3704 3722 3775 ὀδύνην
3753 3704 3927 3759 ἐνδεί-

2233 3808 2457 3844 κνυται·
2487 3790 2631 3845 οῦτω
2661 3793 2727 3865 δὴ
2760 3794 2857 3847 καὶ
2889 3795 2945 3846 αί
2978 3796 3235 3862 γυναῖκες
3270 3793 3488 3847 ἐποίουν
3524 3793 3649 3847 τότε
3688 3795 3919 3857 ἐκεῖναι,

2233 3878 2695 3950 ἀναρπασθέντων
2740 3882 2933 3944 αὐταῖς
2968 3881 3033 3933 ἐκ
3071 3882 3171 3952 τῆς
3202 3882 3382 3945 οἰκίας
3418 3882 3527 3935 τῶν
3561 3882 3785 3945 παίδων,
3820 3882 3923 3937 καὶ

2232 3965 2381 4019 ἔνδον
2419 3966 2866 4038 ἀπειλημμένων,
2900 3967 3091 4040 ῶσπερ
3123 3971 3183 4023 ἐν
3206 3969 3411 4041 δικτύῳ
3441 3972 3551 4024 τινὶ
3581 3971 3676 4024 καὶ
3701 3971 3917 4039 παγίδι.

2235 4052 2556 4125 προσελθεῖν
2588 4055 2688 4125 μὲν
2719 4056 2815 4108 καὶ⁹
2845 4053 3121 4121 ἐξελέσθαι
3156 4057 3284 4121 τοὺς
3315 4058 3544 4122 ἁλόντας
3572 4060 3674 4112 οῦκ
3709 4058 3920 4129 ίσχυον,

2232 4140 2312 4211 τῷ
2340 4141 2398 4195 δὲ
2426 4142 2554 4213 περὶ
2576 4142 2675 4207 τὰς
2700 4143 2868 4215 θύρας
2902 4144 3077 4207 αὑτάς
3111 4144 3500 4208 καλινδεῖσθαι,
3543 4140 3635 4199 καὶ
3674 4146 3917 4218 θρηνεῖν,

2234 4230 2330 4282 καὶ⁵
2356 4229 2739 4302 ὀλοφύρεσθαι.
2765 4234 2860 4284 καὶ
2888 4233 2996 4285 τῶν
3028 4230 3415 4303 θηρευσάντων
3438 4234 3732 4304 πειρᾶσθαι
3761 4235 3922 4300 γενέ-

2234 4323 2357 4376 σθαι
2372 4323 2562 4392 ἐγγὺς,
2580 4322 2679 4393 τὴν
2698 4322 2893 4393 ὀδύνην
2913 4322 3203 4378 ἐδείκνυον.
3236 4322 3499 4403 Ταῦταίδὴ
3522 4325 3640 4378 τότε
3659 4321 3819 4395 ὀρῶν,
3843 4331 3933 4395 είς

2239 4409 2364 4463 νοῦν
2392 4410 2669 4481 ἐϐαλόμην
2691 4422 2715 4450 ο
2737 4412 2797 4465 τὸ
2819 4411 3052 4483 φοϐερὸν
3069 4414 3244 4466 ἐκεῖνο
3263 4412 3636 4483 δικαστήριον,
3668 4416 3929 4487 καὶπρὸς

2232 4498 2470 4568 ἐμαυτὸν
2492 4494 2647 4553 εἶπον
2668 4515 2682 4531 ’
2706 4501 2769 4554 Εί
2801 4502 2897 4555 νῦν
2926 4501 3231 4571 ἀνθρώπων
3250 4502 3602 4567 δικαζόντων,
3626 4506 3688 4558 οὐ
3714 4508 3925 4578 μήτηρ,

2230 4583 2331 4635 οὐκ
2368 4582 2590 4654 ἀδελφὴ,
2621 4584 2683 4637 οὐ
2709 4581 2915 4655 πατήρ,
2945 4585 3045 4637 οὐκ
3069 4584 3228 4648 ἄλλος
3252 4584 3445 4650 οὐδεὶς,
3470 4586 3647 4639 καίτοι
3675 4603 3738 4655 γε
3764 4588 3926 4642 ἀνεύο

2233 4666 2381 4722 θυνοι
2416 4669 2526 4722 τῶν
2561 4669 2941 4740 τολμηθέντων
2975 4670 3149 4735 ὄντες,
3194 4672 3293 4724 οὐκ
3325 4671 3600 4743 ἰσχύουσιν
3643 4674 3923 4738 ἐξελέσθαι

2228 4757 2358 4820 τούς
2391 4757 2765 4829 κρινομένους,
2798 4759 2879 4820 τίς
2914 4760 2971 4811 ἐν
2998 4758 3078 4825 τῷ
3125 4755 3461 4831 φώερῷἥοῦ
3497 4761 3735 4832 Χριστοῦ
3760 4763 3918 4832 δικα-

2231 4845 2439 4916 στηρίῳ
2481 4848 2891 4916 παραστήσεται
2924 4847 3267 4918 κρινομένοις
3316 4847 3479 4925 ἡμῖνς
3515 4850 3596 4912 τίς
3648 4850 3913 4921 τολμήσει

2230 4928 2390 5001 ῥῆξαι
2431 4930 2648 4999 φωνὴν;
2684 4930 2769 4992 τίς
2799 4927 3075 4993 ἐξελέσθαι
3105 4932 3230 4993 τοὺς
3261 4930 3644 5002 ἀπαγομένους
3690 4934 3782 4984 ἐπὶ
3812 4934 3914 4996 τάς

2225 5013 2536 5084 ἀφορήτους
2569 5012 2783 5076 ἐκείνας
2813 5012 3062 5075 κολάσεις
3084 5028 3099 5079 ;
3124 5012 3317 5067 Καίτοι
3344 5013 3552 5085 πρῶτοι
3572 5013 3673 5085 τῆς
3703 5013 3912 5068 πόλεως

2227 5099 2370 5175 ἦσαν
2400 5107 2450 5158 οί
2496 5106 2620 5159 τότε
2664 5106 3030 5175 δικαζόμενοι,
3069 5106 3164 5158 καὶ
3213 5105 3345 5160 αὐτὸ
3376 5106 3476 5175 τῆς
3530 5104 3809 5174 εὐγενείας
3844 5106 3910 5163 τὺ

2232 5194 2551 5263 κεφάλαιον.
2597 5194 2735 5247 um
2757 5194 2908 5263 ὅμως
2940 5195 3192 5264 ἠγάπων,
3228 5192 3391 5255 εἴτις
3428 5190 3537 5264 δῴη
3570 5192 3744 5247 πάντα
3772 5195 3909 5248 ἀπο.

2232 5280 2509 5345 ϐαλοῦσιν,
2534 5284 2583 5335 εί
2609 5282 2738 5346 δέοι,
2774 5283 2868 5336 καὶ
2907 5282 3006 5352 τὴν
3031 5280 3347 5352 ἐλευθερίαν
3373 5280 3541 5351 αὐτὴν
3568 5279 3671 5350 τῆς
3706 5282 3906 5352 παρού-

2234 5386 2334 5441 σης
2385 5370 2680 5426 ἀπολαύειν
2726 5370 2897 5441 ζωῆς.
2929 5370 3042 5440 Τῆς
3088 5369 3301 5441 ἡμέρας
3341 5368 3399 5422 δέ
3432 5368 3620 5422 λοιπὸν
3665 5369 3801 5439 πρὸς
3849 5372 3907 5424 τὸ

2231 5458 2382 5523 τέλος
2408 5459 2790 5531 ἐπειγομένης,
2833 5459 2929 5512 καὶ
2964 5457 3270 5529 βαθυτάτης
3296 5456 3598 5527 γενομένης
3646 5457 3907 5529 ἑσπέρας,

2233 5546 2329 5598 καὶ
2373 5545 2467 5598 τοῦ
2496 5545 2686 5609 τέλους
2730 5546 2833 5615 τῆς
2883 5545 3061 5615 ψήφου
3104 5542 3558 5616 προσδοκωμένου
3604 5545 3663 5596 ἐν
3701 5544 3910 5615 μείζονι

2232 5634 2437 5696 πάντες
2459 5630 2600 5705 ἦσαν
2647 5635 2876 5706 ἀγωνίᾳ,
2896 5633 3103 5687 καὶτὸν
3132 5631 3265 5686 Θεὸν
3292 5631 3477 5703 ἠξίουν
3506 5630 3765 5703 μέλλησίν
3777 5647 3913 5695 «τινα

2232 5724 2329 5776 καὶ
2378 5721 2644 5793 ἀναϐολὴν
2690 5721 2983 5792 γενέσθαι,
3018 5721 3111 5774 καὶ
3144 5722 3210 5791 τῇ
3244 5720 3389 5791 ψυχῇ
3437 5718 3547 5772 τῶν
3578 5718 3912 5784 δικαζόντων

2232 5810 2491 5881 ἐμϐαλεῖν
2517 5811 2597 5873 εἰς
2628 5811 2728 5882 τὴν
2750 5810 2845 5864 τοῦ
2885 5808 3151 5880 βασιλέως
3178 5806 3406 5878 γνώμην
3450 5808 3761 5876 ἀνενεγκεῖν
3795 5806 3913 5863 τῶν

2298 5918 2318 5978 ξ
2344 5916 2500 5967 Savil.
2527 5922 2582 5964 et
2600 5910 2800 5977 quidam
2820 5932 2943 5970 mss.
2969 5920 3034 5977 είς
3051 5916 3162 5968 νοῦν
3185 5915 3437 5978 ἐϐαλόμην.
3470 5913 3641 5965 Morel.
3665 5921 3717 5964 οι
3736 5912 3821 5965 alii
3842 5913 3910 5967 εἰς

2238 5976 2350 6027 νοῦν
2369 5978 2622 6043 ἐλαϐόμην.
