4232 6320
297 387 398 443 I37

297 502 445 572 ipsos
473 501 714 576 undique
751 511 977 576 cogente
1006 522 1028 562 :
1063 513 1122 563 et
1163 520 1346 565 vacua:
1383 509 1697 569 mulieribus
1746 517 1902 570 erant

292 594 496 649 domus
518 633 534 658 ,
564 609 793 651 vacuum
823 596 951 653 viris
974 595 1152 655 forum
1175 640 1192 667 ,
1221 601 1311 657 vix
1333 611 1514 662 autem
1537 603 1647 662 duo
1669 604 1753 662 vel
1794 615 1906 666 tres

293 693 490 740 euntes
515 685 568 740 in
596 685 776 741 medio
811 687 972 744 simul
1000 687 1360 759 videbantur,
1409 701 1465 750 et
1504 694 1608 768 ipsi
1636 706 1904 768 tamquam

294 776 524 831 animati
551 776 746 833 mortui
766 778 1197 849 circumeuntes;
1229 783 1510 842 abibamus
1537 786 1591 842 in
1612 786 1790 844 forum
1816 788 1905 858 ju-

295 864 494 922 diciale
531 875 808 939 gestorum
850 868 1010 928 tinem
1054 872 1217 930 visuri
1249 892 1262 927 :
1296 883 1350 932 et
1369 877 1631 934 collectas
1668 879 1898 937 civitatis

293 961 557 1030 reliquias
592 971 911 1031 cernentes,
955 964 1088 1021 illud
1118 967 1356 1023 omnium
1389 971 1621 1026 maxime
1648 970 1899 1029 admirati

291 1049 494 1107 fuimus
515 1091 534 1118 ,
578 1052 719 1124 quod
751 1053 1091 1113 multitudine
1117 1058 1260 1113 circa
1287 1058 1428 1115 fores
1455 1073 1731 1127 morante,
1764 1071 1904 1119 tam-

286 1155 452 1210 quam
487 1153 760 1213 prasente
800 1143 1016 1201 nemine
1040 1187 1055 1212 ,
1101 1147 1374 1204 silentium
1400 1159 1515 1230 erat
1543 1150 1901 1222 profundissi-

285 1249 434 1289 nnnn
456 1275 474 1299 ,
506 1235 757 1291 omnibus
794 1236 939 1294 inter
964 1251 1084 1295 sese
1122 1240 1532 1311 respicientibus
1554 1283 1571 1310 ,
1602 1252 1655 1300 et
1681 1246 1897 1303 nemine

297 1323 645 1381 assistentem
689 1325 1020 1399 interrogare
1039 1369 1055 1395 ,
1085 1339 1178 1385 aut
1205 1331 1490 1403 quidquam
1510 1334 1697 1393 audire
1711 1337 1785 1391 ab
1809 1337 1905 1396 ille

281 1415 539 1472 audente.
563 1415 874 1480 Proximum
904 1420 1046 1476 enim
1068 1421 1295 1495 quisque
1311 1433 1618 1497 suspectum
1637 1427 1896 1498 habebat:

275 1505 538 1575 quoniam
566 1507 718 1562 multi
735 1508 846 1579 jam
868 1520 1065 1580 praeter
1082 1527 1299 1570 omnem
1323 1518 1741 1587 spemexmedio
1759 1525 1899 1593 rapti

279 1591 397 1649 foro
409 1595 556 1651 intus
573 1599 960 1656 «ercebantur
972 1617 986 1656 :
1000 1607 1254 1661 etomnes
1269 1605 1532 1676 pariterin
1550 1607 1739 1666 caelum
1755 1591 1900 1683 aspi-

271 1686 578 1758 ciebamus,
591 1697 642 1745 et
656 1705 845 1749 manus
857 1695 1422 1763 extendehamus,eum
1437 1698 1650 1758 silentio
1664 1718 1897 1775 superne

273 1778 585 1835 subsidium
611 1792 1006 1853 exspectantes,
1038 1797 1092 1842 et
1125 1786 1237 1844 Deo
1256 1790 1638 1862 supplicantes,
1672 1803 1730 1850 ut
1748 1794 1895 1866 judi-

268 1869 464 1925 candis
479 1872 714 1940 adesset,
731 1883 784 1929 et
805 1876 1154 1946 judicantium
1167 1881 1332 1937 corda
1345 1884 1623 1953 mulceret,
1638 1893 1693 1942 et
1708 1886 1892 1944 mitem

271 1957 479 2016 faceret
505 1965 846 2020 sententiam.
881 1966 945 2023 Et
975 1968 1110 2026 sicut
1150 1971 1240 2042 qui
1283 1973 1658 2046 naufragantes
1682 1993 1712 2033 a
1741 1986 1885 2036 terra

269 2049 494 2119 vident,
539 2053 802 2112 accedere
826 2058 1041 2128 quidem
1067 2103 1082 2127 ,
1114 2072 1174 2119 et
1199 2078 1416 2120 manum
1448 2067 1723 2140 porrigere
1751 2110 1769 2138 ,
1799 2071 1886 2129 vel

269 2155 570 2198 :erumnam
608 2147 851 2204 relevare
878 2165 986 2206 non
1020 2163 1281 2224 possunt,
1313 2171 1436 2213 cum
1478 2160 1635 2218 undis
1661 2175 1885 2220 arcean-

270 2241 356 2286 tur
404 2251 419 2288 :
464 2237 803 2294 extrinsecus
850 2251 1029 2297 autem
1077 2243 1148 2300 ab
1199 2245 1339 2315 ipsis
1371 2247 1640 2307 littoribus
1689 2267 1883 2310 manus

263 2323 654 2394 extendentes,
686 2337 741 2385 et
779 2330 1136 2403 lacrymantes
1159 2377 1175 2403 ,
1210 2336 1376 2394 Deum
1398 2349 1555 2397 erant
1578 2351 1637 2398 ut
1664 2343 1882 2402 assistat

263 2410 652 2471 ﬂuctuantibus
683 2434 697 2471 :
729 2419 798 2474 ita
838 2429 894 2476 et
934 2420 1020 2478 hic
1059 2426 1218 2481 tacite
1257 2439 1446 2485 omnes
1485 2440 1666 2489 mente
1711 2433 1881 2491 Deum

264 2501 629 2574 invocabant,
663 2518 939 2580 petentes,
971 2524 1030 2568 ut
1057 2515 1122 2570 ad
1160 2517 1393 2575 tribunal
1423 2521 1568 2578 velut
1596 2522 1651 2580 in
1682 2521 1875 2583 ﬂuctus

261 2593 513 2650 adductis
537 2612 754 2655 manum
783 2603 1098 2674 porrigeret,
1122 2622 1222 2664 nec
1241 2609 1444 2668 sineret
1468 2614 1734 2687 navigium
1754 2618 1882 2676 sub-

274 2686 466 2757 mergi,
501 2702 605 2744 nec
635 2689 688 2744 in
714 2703 1014 2751 extremum
1041 2697 1377 2780 naufragium
1394 2686 1745 2774 iudicantium
1772 2709 1880 2765 sol-

261 2785 412 2831 veret
433 2775 716 2846 judicium.
735 2781 800 2837 Et
815 2783 930 2842 hare
953 2787 1166 2857 quidem
1185 2775 1339 2847 erant
1358 2809 1453 2865 pro
1470 2795 1704 2854 foribus:
1730 2809 1877 2871 post-

257 2879 420 2933 quam
435 2884 566 2926 vero
583 2871 893 2931 interiorem
907 2879 1082 2935 aulam
1100 2882 1458 2955 introivimus,
1473 2902 1658 2946 rursus
1671 2891 1772 2948 alia
1794 2893 1876 2951 bis

258 2959 583 3015 terribiliora
611 2962 861 3033 vidimus,
884 2968 1078 3026 milites
1097 2983 1334 3030 armatos
1355 2977 1578 3034 ensibus
1599 2984 1656 3036 et'
1680 2981 1868 3051 clavis,

256 3056 311 3102 et
340 3049 568 3104 multum
595 3051 819 3110 interius
844 3055 1204 3125 indicantibus
1244 3064 1480 3134 quietem
1531 3049 1868 3140 praestantes.

255 3135 523 3206 Quoniam
555 3141 696 3197 enim
725 3147 1013 3204 necessarii
1051 3148 1267 3208 illorum
1296 3167 1518 3226 omnes,
1558 3167 1614 3215 et
1648 3177 1864 3232 uxores,

253 3239 308 3285 et
327 3240 555 3301 matres,
583 3243 637 3290 et
663 3236 785 3293 filim
806 3278 822 3303 ,
853 3248 908 3295 et
932 3248 1114 3312 patres
1135 3253 1263 3302 ante
1303 3245 1407 3304 fori
1425 3249 1644 3321 januam
1669 3256 1870 3311 consti-

258 3331 438 3378 terant
462 3364 479 3390 ,
531 3326 661 3382 utsi
704 3329 946 3387 eveniret
986 3335 1292 3406 quempiam
1332 3336 1400 3421 ad
1442 3350 1670 3399 mortem
1717 3343 1862 3416 duci,

255 3429 415 3470 nemo
461 3434 714 3475 :ernmnre
767 3424 1076 3493 spectaculo
1122 3442 1418 3501 accensus,
1473 3437 1757 3493 tumultum
1808 3449 1865 3498 et

255 3507 614 3564 imitationem
658 3511 820 3569 ullam
865 3513 1108 3587 faceret,
1160 3533 1351 3580 omnes
1379 3526 1564 3595 procul
1606 3530 1864 3589 arcebant

253 3595 474 3661 milites,
508 3597 744 3667 ipsorum
776 3611 1010 3661 mentem
1041 3621 1239 3678 pavore
1266 3625 1722 3686 prmoccupantes.

325 3685 621 3744 Miserrtbile
664 3694 1028 3761 spectaculum.
1076 3727 1149 3740 —
1190 3700 1346 3770 Quod
1390 3685 1570 3762 autem
1621 3710 1860 3769 omnium

251 3777 495 3835 maxime
535 3781 872 3854 miserabile,
917 3799 1091 3848 mater
1116 3801 1173 3850 et
1215 3809 1373 3853 soror
1417 3800 1692 3871 cujusdam
1721 3847 1736 3872 ,
1768 3807 1860 3878 qui

247 3866 394 3922 intus
419 3869 776 3942 judicabatur,
811 3877 879 3934 ad
909 3878 1022 3950 ipsa
1046 3881 1400 3953 judicantium
1424 3866 1686 3950 vestibula
1709 3866 1857 3966 sic.

255 3959 404 4024 bant,
432 3974 492 4016 se
523 3961 668 4018 lmmi
686 3975 1012 4038 sternentes,
1034 3980 1089 4028 et
1114 3988 1410 4044 commune,
1428 3982 1676 4040 omnibus
1699 3959 1855 4044 facta

247 4049 723 4110 circumstantibus
751 4063 1114 4128 spectaculum
1140 4106 1156 4132 ,
1187 4067 1374 4124 oculos
1401 4073 1606 4141 velatae,
1646 4086 1701 4132 et
1738 4087 1856 4134 tan-

250 4151 362 4195 tum
417 4143 698 4202 dumtaxat
747 4145 1169 4225 erubescentes,
1226 4171 1485 4231 quantum
1534 4168 1854 4228 calamitatis

248 4234 548 4290 necessitas
580 4238 920 4332 permittebat
951 4260 966 4298 :
994 4259 1168 4317 neque
1194 4249 1381 4308 aderat
1408 4254 1538 4326 ipsis
1580 4261 1849 4332 ancillula,

247 4338 354 4377 non
379 4325 587 4393 vicina,
621 4343 727 4384 non
757 4315 926 4388 amica
945 4376 960 4402 ,
989 4351 1095 4392 non
1127 4339 1233 4396 ulla
1263 4348 1689 4404 necessariarum
1720 4352 1844 4420 alia,

247 4414 342 4470 sed
371 4417 503 4472 sola:
548 4419 638 4475 vili
677 4423 875 4480 amictu
916 4427 970 4481 in
1022 4430 1199 4487 medio
1252 4442 1330 4491 tot
1380 4439 1607 4496 militum
1639 4445 1844 4514 positze,

247 4519 341 4572 per
368 4506 590 4563 humum
621 4523 680 4564 se
724 4513 996 4571 trahentes
1021 4519 1162 4576 circa
1202 4523 1344 4593 ipsas
1387 4526 1532 4585 fores
1556 4572 1570 4595 ,
1623 4506 1688 4589 iis
1710 4576 1724 4600 ,
1757 4506 1847 4606 qui

247 4597 391 4652 intus
425 4597 825 4671 judicabautur,
857 4609 1099 4676 graviora
1133 4614 1468 4682 patiebantur
1491 4660 1506 4686 ,
1535 4597 1845 4683 carniticum

245 4703 429 4744 vocem
480 4692 794 4761 audientes,
841 4701 1124 4757 verberum
1163 4708 1435 4776 sonitum,
1480 4715 1842 4782 vapulantium

243 4781 467 4849 luctum,
495 4787 798 4874 tremendas
821 4789 1172 4859 judicantium
1197 4799 1392 4869 minas,
1415 4810 1471 4857 et
1497 4781 1622 4860 dum
1650 4808 1845 4880 singuli

243 4873 672 4944 llagellarentur,
723 4861 1057 4950 gravioribus
1099 4903 1258 4958 quam
1288 4861 1410 4948 illi,i
1438 4861 1842 4959 doloribu‘sah—te

186 5022 189 5023 γ
239 4965 682 5024 conﬁciebantur.
708 4970 969 5040 Quoniam
996 4978 1138 5033 enim
1170 4980 1222 5036 in
1251 4984 1478 5042 aliorum
1522 4993 1842 5052 testimoniis

238 5051 305 5107 de
325 5054 612 5111 criminum
634 5059 995 5122 declaratiune
1009 5069 1432 5145 periclitabatur,
1465 5079 1634 5138 sicubi
1654 5099 1842 5155 quem-

242 5148 380 5212 piam
399 5145 678 5217 ﬂagclia‘ri,
710 5164 764 5207 ut
787 5171 907 5210 reos
932 5158 1157 5229 diceret,
1181 5166 1502 5236 sentiebant,
1531 5181 1586 5227 et
1611 5175 1835 5245 ululare,

242 5236 290 5288 in
320 5238 512 5292 ett-lum
547 5244 890 5309 respicientes
935 5249 1098 5305 Dcnm
1145 5256 1366 5312 orabant
1413 5271 1469 5314 ut
1517 5263 1587 5318 illi
1630 5264 1824 5324 forliluo

239 5326 418 5382 dinem
435 5340 490 5384 et
513 5333 846 5390 tolerantiam
876 5339 1048 5408 daret,
1082 5359 1148 5399 ne
1166 5352 1586 5409 necessariorum
1614 5371 1836 5415 suorum

238 5419 380 5473 salus
392 5419 715 5490 proderetur
734 5442 826 5495 per
847 5429 1088 5498 aliorum,
1107 5450 1283 5492 acrem
1299 5441 1578 5499 verberum
1595 5448 1835 5507 dolorem

237 5507 378 5564 ferre
406 5527 515 5565 non
548 5514 834 5571 valentium
861 5559 876 5584 ,
907 5522 1268 5583 inﬁrmitatem
1303 5547 1316 5584 :
1349 5541 1402 5586 et
1429 5533 1533 5590 tale
1559 5538 1686 5607 quid
1713 5557 1834 5596 rur-

235 5614 372 5670 sum,
401 5605 567 5672 quale
593 5605 974 5667 ﬂuctuantibus
992 5617 1158 5685 solet,
1188 5622 1482 5681 accidebat.
1512 5605 1661 5685 Sicut
1689 5633 1830 5689 enim

295 5759 769 5852 Lyci-el.
789 5773 842 5817 et
863 5768 1153 5836 Montefalc.,
1177 5787 1284 5838 pro,
1304 5790 1450 5842 quam
1465 5772 1559 5846 illi,
1580 5781 1830 5852 legerunt,

209 5830 345 5880 quam
365 5820 626 5886 ﬂagellati.

545 5913 821 5982 PATBOL.
867 5923 987 5986 Gn.
1031 5926 1257 5991 XLIX.

1243 395 1329 453 AD
1369 395 1688 454 POPULUM
1727 399 2220 462 ANTIOCIIENUM
2270 407 2502 468 liOMlL.
2536 413 2652 471 Xlll

3521 433 3624 490 138

2019 513 2093 571 illi
2112 557 2130 586 ,
2157 517 2203 575 si
2227 521 2444 592 quando
2465 529 2624 583 undae
2652 527 2909 600 impetum
2945 535 3164 595 videant
3191 543 3402 601 eminus
3448 543 3622 603 insur-

2012 615 2264 678 gentem,
2313 614 2570 683 paulatim
2608 632 2943 680 crescentem
2973 636 3026 683 et
3052 643 3244 687 navem
3270 635 3618 710 submergere

2014 697 2304 758 minantem
2328 743 2346 771 ,
2391 705 2552 762 etiam
2607 710 2914 784 priusquam
2946 718 3045 788 ipsi
3086 725 3305 793 propior
3332 725 3457 794 ﬂat,
3490 697 3619 802 Ἶρι-ω

2013 788 2204 848 timore
2245 807 2346 850 ceu
2383 799 2578 854 mortui
2612 811 2740 858 sunt
2767 823 2781 860 :
2808 806 2892 863 sic
2931 819 2988 865 et
3018 788 3120 868 illa:
3146 788 3201 870 si
3225 819 3440 888 quando
3459 788 3620 882 voces

2010 886 2066 934 et
2103 881 2334 940 ululatus
2370 887 2660 946 audiebant
2683 896 2855 951 emitti
2879 938 2895 962 ,
2928 901 3115 957 veritae
3146 919 3213 960 ne
3241 881 3304 961 in
3337 881 3621 971 tormentis

2010 967 2316 1031 fatiscentes
2342 977 2432 1047 qui
2473 981 2840 1041 testimonium
2887 989 3069 1048 dicere
3098 998 3455 1070 cogebantur,
3482 967 3624 1060 cou-
3667 1028 3672 1036 ·

2008 1068 2090 1117 tra
2134 1068 2561 1128 necessariorum
2606 1075 2838 1146 aliquem
2882 1079 3119 1139 dicerent
3147 1128 3163 1154 ,
3215 1068 3447 1149 inﬁnitas
3488 1107 3619 1154 ante

2006 1155 2192 1213 oculos
2238 1168 2443 1236 mortes
2484 1163 2758 1224 videbant.
2801 1170 2868 1228 Et
2912 1184 3028 1231 erat
3069 1192 3299 1239 cernere
3327 1183 3473 1242 intus
3501 1198 3617 1244 tor-

2006 1257 2183 1304 menta
2208 1291 2224 1319 ,
2250 1261 2403 1310 extra
2435 1264 2739 1318 tormenta:
2770 1264 2892 1319 illos
2925 1283 3118 1340 nempe
3146 1276 3428 1335 carniﬁces
3450 1321 3467 1349 ,
3514 1281 3614 1338 bas

2005 1354 2134 1398 vero
2162 1353 2368 1404 natura:
2409 1351 2691 1421 torquebat
2733 1354 3016 1428 imperium
3064 1373 3120 1419 et
3159 1366 3426 1426 viseerum
3460 1387 3609 1430 eom-

2003 1434 2184 1503 passio
2216 1454 2232 1492 :
2262 1437 2407 1495 intus
2453 1439 2631 1500 luctus
2655 1486 2672 1509 ,
2722 1445 2853 1503 foris
2895 1451 3074 1510 luctus
3105 1473 3121 1510 :
3167 1456 3314 1516 intus
3350 1477 3606 1535 reomm,

2003 1522 2134 1582 foris
2161 1531 2608 1591 necessariorum.
2657 1535 2774 1594 lmo
2797 1556 2932 1599 vero
2969 1561 3078 1602 non-
3109 1548 3208 1619 ipsi
3246 1561 3479 1625 tantum,
3511 1522 3607 1615 sed

2000 1623 2055 1672 et
2101 1616 2204 1688 ipsi
2245 1621 2457 1690 lodices
2507 1627 2674 1686 corde
2719 1630 3012 1704 lugebant,
3071 1616 3142 1696 eti
3175 1646 3428 1704 omnibus
3465 1616 3606 1720 ’κη-

2001 1705 2146 1763 viora
2169 1710 2511 1782 patiebantur
2529 1757 2544 1786 ,
2587 1726 2695 1774 tam
2722 1725 2932 1782 acerba:
2961 1729 3255 1790 calamitati
3296 1705 3605 1800 ministrare

1998 1801 2189 1857 coacti.

2066 1890 2122 1949 2.
2156 1892 2267 1966 Ego
2300 1906 2477 1956 autem
2507 1904 2755 1962 assidens
2781 1918 2835 1965 et
2867 1911 2981 1968 hzrc
3006 1929 3236 1976 cernens
3259 1962 3276 1989 ,
3304 1924 3448 1995 quod
3484 1943 3597 1984 mu.

1997 1979 2160 2041 lieres
2187 1993 2242 2041 et
2278 1987 2545 2061 virgines,
2577 1995 2821 2056 thalamis
2847 2015 3102 2074 assuetae,
3136 2026 3276 2070 nunc
3311 1979 3600 2077 commune
3689 2029 3692 2032 ’

1993 2077 2200 2135 cunctis
2246 2086 2611 2152 spectaculum
2657 2089 2811 2149 facta:
2841 2109 3058 2165 essent,
3094 2111 3149 2157 et
3180 2106 3324 2163 molli
3367 2123 3597 2170 assueta:

1991 2174 2161 2224 strato
2183 2210 2200 2235 ,
2255 2179 2454 2231 terram
2504 2193 2604 2249 pro
2630 2191 2800 2240 strato
2828 2203 2969 2246 nunc
3010 2189 3270 2253 baberent
3291 2241 3307 2267 ,
3339 2210 3394 2256 et
3424 2219 3595 2274 nuper

1992 2263 2198 2317 tantum
2230 2275 2401 2332 nactae
2428 2268 2741 2344 obsequium
2765 2281 3142 2344 ancillularum
3166 2328 3181 2352 ,
3219 2263 3592 2352 cunuchorum

1988 2359 2044 2407 et
2071 2353 2290 2426 reliquae
2317 2361 2496 2417 omnis
2522 2377 2732 2435 pompae
2760 2409 2774 2434 ,
2807 2387 2948 2428 nunc
2971 2376 3222 2434 omnibus
3243 2381 3348 2438 illis
3371 2386 3592 2455 privata:

1986 2442 2054 2500 ad
2074 2447 2314 2505 omnium
2340 2451 2505 2522 pedes
2555 2469 3025 2526 prosternerentur
3045 2509 3062 2535 ,
3105 2471 3345 2544 singulos
3371 2442 3592 2536 orantes

1987 2543 2045 2590 ut
2083 2536 2281 2609 aliquid
2321 2541 2628 2612 judicandis
2671 2565 2768 2622 pro
2810 2553 3059 2615 facultate
3104 2536 3219 2618 sua.
3248 2565 3299 2620 in
3330 2567 3587 2625 auxilium

1983 2627 2332 2700 conferrent,
2360 2645 2416 2692 et
2440 2637 2600 2696 simul
2630 2655 2818 2700 omnes
2844 2647 3044 2721 aliquid
3072 2654 3456 2715 misericordia:
3479 2662 3588 2717 reis

1984 2719 2311 2791 tribuerent,
2358 2725 2485 2783 illud
2513 2729 2622 2786 dixi
2652 2719 2960 2794 Salomonis
2992 2759 3005 2794 :
3046 2740 3582 2818 Vanitasoauilamm,

1980 2818 2029 2864 et
2069 2813 2242 2867 omnia
2276 2817 2475 2873 vanitas
2514 2819 2787 2890 (Ecclc.l.
2820 2828 2876 2883 2.
2909 2830 2983 2898 7).
3043 2833 3301 2894 Videbam
3345 2842 3489 2899 enim
3532 2813 3588 2901 et

1980 2901 2084 2960 hoc
2126 2905 2337 2979 ipsum,
2369 2921 2424 2967 et
2470 2914 2614 2971 aliud
2640 2921 2916 2978 oraculum
2964 2924 3096 2997 ipsis
3135 2930 3296 2987 rebus
3342 2937 3582 3010 comple-

1980 3003 2114 3064 tum,
2145 3013 2358 3071 nempe,
2391 3001 2570 3062 Omnis
2593 3008 2760 3079 gloria
2789 3013 3010 3072 hominis
3037 3028 3278 3092 tanquam
3299 3026 3399 3096 ﬂos
3423 3001 3547 3098 [teni
3564 3047 3583 3084 :

1975 3089 2221 3144 siccatum
2266 3103 2342 3148 est
2375 3098 2602 3166 fenum,
2650 3112 2697 3155 et
2727 3105 2907 3161 cecidit
2947 3109 3046 3178 [ias
3093 3089 3249 3184 (irai.
3277 3089 3366 3173 λθ.
3502 3121 3579 3189 7).

1974 3177 2185 3237 Etenim
2214 3182 2413 3242 divitia:
2441 3197 2570 3253 tunc
2599 3201 2654 3248 et
2679 3177 2968 3267 nobilitas,
3013 3177 3229 3260 claritas
3251 3249 3266 3273 ,
3297 3218 3352 3264 ct
3381 3213 3584 3268 amico-

1972 3285 2092 3327 rum
2117 3277 2471 3344 patrocinium
2496 3322 2511 3346 ,
2542 3292 2598 3338 et
2626 3289 2908 3358 cognatio.
2952 3301 3008 3349 et
3044 3298 3226 3371 omnia
3258 3301 3383 3358 vitae
3429 3304 3581 3376 adju-

1971 3373 2150 3421 menta
2177 3366 2330 3425 nihili
2369 3381 2558 3441 erant,
2602 3388 2825 3448 peccato
2866 3392 2922 3439 et
2964 3368 3244 3458 iniquitate
3287 3366 3572 3453 commissa

1969 3468 2186 3513 omnem
2227 3459 2367 3518 hanc
2393 3478 2550 3534 opem
2576 3467 2921 3530 subvertente
2953 3493 2967 3530 :
2998 3488 3054 3534 et
3082 3481 3221 3537 sicut
3245 3486 3575 3546 avicularum

1968 3555 2142 3604 mater
2169 3551 2328 3621 pullis
2351 3555 2575 3614 sublatis
2605 3561 2856 3630 veniens,
2892 3575 2946 3622 et
2972 3568 3154 3626 nidum
3179 3573 3390 3633 inanem
3421 3595 3573 3637 coit.-

1967 3641 2183 3712 periens
2206 3685 2224 3713 ,
2272 3662 2399 3703 suos
2425 3651 2644 3721 quidem
2675 3656 2847 3725 pullos
2874 3671 3063 3732 captos
3102 3667 3315 3741 eripere
3341 3689 3448 3731 non
3473 3691 3575 3747 po-

1966 3739 2105 3802 test,
2132 3740 2404 3796 venatoris
2438 3750 2616 3800 autem
2647 3761 2839 3806 manus
2877 3739 3270 3816 circumvolans
3291 3804 3307 3831 ,
3350 3779 3447 3834 per
3472 3739 3574 3822 hoc

1965 3825 2138 3896 ipsum
2155 3827 2399 3888 dolorem
2429 3850 2584 3894 slum
2610 3838 2946 3901 demonstrat
2975 3864 2988 3900 :
3014 3849 3093 3906 sic
3115 3860 3170 3906 et
3193 3853 3296 3909 illa:
3322 3857 3574 3916 mulieres

1963 3925 2090 3976 tunc
2122 3919 2407 3992 faciebant,
2425 3930 2594 3999 raptis
2615 3933 2715 3987 sibi
2742 3933 2905 3992 domo
2932 3937 3075 4007 filiis,
3109 3951 3164 3999 et
3185 3944 3408 4004 interius
3436 3960 3570 4006 tam-

1961 4024 2119 4080 quam
2151 4014 2204 4068 in
2232 4023 2346 4071 rete
2384 4020 2650 4088 quoddam
2681 4025 2767 4080 vel
2813 4026 3059 4099 laqueum
3105 4039 3372 4109 arreptis,
3413 4034 3585 4099 accc:

1960 4099 2089 4157 dere
2113 4103 2326 4173 quidem
2349 4115 2404 4162 et
2426 4110 2636 4181 eripere
2656 4123 2843 4185 captos
2869 4134 2973 4174 non
2993 4099 3245 4191 poterani
3267 4146 3279 4181 :
3303 4099 3398 4185 sed
3422 4131 3564 4190 circa

1963 4189 2103 4247 fores
2136 4194 2278 4265 ipsas
2305 4212 2363 4251 se
2390 4199 2682 4258 volutando
2702 4245 2717 4271 ,
2752 4189 3021 4278 lugendo,
3048 4219 3337 4285 gemenda,
3367 4232 3422 4277 et
3447 4225 3563 4294 spi-

1957 4280 2284 4350 eulaqtoribus
2330 4290 2691 4362 propinquare
2733 4300 2986 4355 tentando
3037 4280 3283 4365 dolorem
3324 4280 3565 4370 idemdno

1957 4374 2220 4430 strabant.
2253 4377 2378 4435 Haec
2419 4383 2669 4454 equidem
2700 4396 2827 4446 tunc
2857 4395 3123 4463 aspiciens
3147 4439 3163 4466 ,
3194 4399 3247 4456 in
3279 4402 3423 4461 illius
3448 4417 3559 4463 tre-

1957 4467 2135 4524 mendi
2162 4469 2349 4541 judicii
2379 4476 2756 4546 cogitationem
2776 4485 2918 4551 veni,
2938 4498 2989 4541 et
3019 4489 3158 4546 intra
3178 4509 3263 4549 me
3281 4495 3523 4555 dicebam
3547 4523 3558 4555 :

1956 4558 2013 4616 Si
2044 4578 2184 4618 nunc
2227 4565 2295 4619 ab
2329 4565 2637 4626 hominibus
2667 4572 3033 4643 judicantibus
3068 4597 3174 4638 non
3204 4597 3378 4644 mater
3399 4633 3416 4658 ,
3448 4608 3554 4648 nou

1954 4665 2108 4707 soror
2131 4693 2145 4717 ,
2177 4669 2279 4709 non
2309 4666 2460 4726 pater
2483 4701 2497 4725 ,
2531 4675 2638 4716 non
2665 4663 2802 4719 alius
2827 4668 3090 4740 quispiam
3114 4713 3143 4750 ,κ
3165 4676 3290 4733 licet
3312 4694 3342 4733 a
3366 4696 3555 4754 perpe-

1955 4743 2104 4798 tratis
2135 4745 2407 4815 innnunis,
2441 4766 2563 4807 reos
2588 4754 2796 4825 eripere
2821 4770 3017 4829 potest,
3045 4743 3163 4836 quis
3195 4768 3246 4825 in
3279 4743 3560 4835 tremendo

1951 4831 2152 4889 Christi
2199 4835 2404 4905 judicio
2455 4841 2609 4896 nobis
2660 4845 2894 4904 adstabit
2943 4831 3285 4922 judicandisl
3331 4867 3455 4935 quis

1952 4941 2137 4982 vocem
2165 4942 2449 5001 erumpere
2475 4935 2731 4994 audebit?
2770 4943 2891 5011 quis
2916 4945 3177 5006 abductos
3201 4953 3268 5008 ad
3299 4955 3556 5015 intolera-

1947 5014 2086 5073 biles
2136 5020 2255 5076 illas
2306 5037 2497 5094 pmnas
2550 5029 2762 5098 eripere
2812 5034 3048 5093 valebit?
3100 5042 3260 5114 Atqui
3318 5014 3553 5107 civitatis

1951 5111 2225 5181 primates,
2257 5116 2346 5185 qui
2371 5127 2496 5174 tunc
2518 5119 2934 5196 judicabantnr,
2965 5141 3139 5199 erant,
3168 5111 3220 5190 et
3244 5137 3421 5208 ipsum
3452 5160 3550 5198 nu-

1951 5202 2168 5261 bilitatis
2188 5217 2368 5277 caput.
2415 5210 2664 5267 Attamen
2700 5215 2803 5269 laeti
2829 5216 3074 5288 fuissent,
3099 5225 3142 5279 si
3169 5202 3290 5296 quis
3317 5232 3398 5290 eis
3424 5249 3556 5290 con.

1948 5293 2217 5359 cessisset,
2250 5305 2307 5350 ut
2335 5300 2641 5358 amittentes
2662 5309 2859 5372 omnia,
2892 5322 2965 5378 et,
2997 5313 3044 5368 si
3067 5293 3550 5397 oporteret,ips:uu

1949 5384 2243 5442 libertatem
2267 5430 2282 5457 ,
2336 5395 2587 5460 praesenti
2625 5397 2730 5450 vita
2773 5384 3120 5468 potiremur.—
3144 5407 3239 5466 Die
3268 5384 3413 5470 vero.
3435 5417 3549 5487 jam

1945 5488 2169 5545 exacto,
2201 5481 2724 5559 profundissimoque
2753 5490 2893 5548 facto
2921 5511 3145 5568 vespere
3168 5542 3184 5566 ,
3213 5517 3336 5559 cum
3359 5481 3549 5578 judicii

1948 5566 2068 5624 linis
2096 5583 2532 5644 exspectaretur,
2565 5579 2616 5634 in
2649 5582 2840 5652 majori
2860 5599 3015 5643 erant
3039 5604 3232 5649 omnes
3254 5598 3550 5667 anxietate,

1947 5671 2000 5715 et
2028 5676 2057 5714 a
2083 5661 2195 5718 Deo
2233 5665 2485 5734 petebant
2524 5669 2834 5729 dilationem
2871 5677 3103 5748 aliquam
3127 5693 3179 5738 et
3209 5689 3546 5759 prorogatio-

1947 5767 2069 5808 nem
2100 5753 2216 5810 ﬂeri
2241 5797 2257 5824 ,
2303 5767 2357 5812 et
2395 5760 2746 5829 jutiicantium
2777 5767 2956 5825 animo
2983 5753 3233 5845 immitti,
3259 5790 3318 5835 ut
3344 5753 3410 5836 ad
3438 5781 3547 5837 lm-

1948 5848 2210 5918 peratoris
2229 5853 2550 5911 sententiam
2573 5857 2832 5916 referrent
2862 5865 3250 5937 exquisitorum
3279 5873 3545 5944 cognitio-

3175 5957 3216 6020 9
