4232 6320
2468 288 2515 298 κ

680 430 777 484 ιπς
1392 410 1448 466 s.
1487 403 1765 465 JOANNlS
1802 354 2274 459 cuntsosi'mtl
2311 358 2623 450 Ακςιιιιευ.
2664 356 3198 446 εοΝεῒΑΝτιὰθν.
3846 378 3949 433 tto

675 554 795 595 nem
843 556 856 592 :
898 535 1011 589 fore
1057 529 1199 585 enim
1244 523 1485 581 fortassis
1526 517 1739 589 aliquod
1790 518 1984 571 bonum
2036 528 2103 567 ex
2151 512 2250 564 hac

676 632 944 687 dilatione.
993 623 1057 679 Et
1097 629 1409 677 communes
1433 629 1464 666 a
1509 609 1703 682 pepulo
1742 604 2159 678 supplicationes
2184 598 2251 653 ad

664 721 927 789 benignas
954 713 1042 777 Dei
1060 723 1217 767 aures
1242 702 1642 765 emittebantnr,
1666 708 1721 753 ut
1748 704 1983 752 servaret
2002 689 2252 760 reliquias

673 781 939 871 civitatis,
992 816 1089 858 nec
1140 800 1307 868 ipsam
1353 810 1383 849 a
1430 788 1785 849 fundamentis
1832 783 2045 857 penitus
2087 781 2252 837 et'i'rti

674 888 894 953 sineret.
938 896 1045 948 Nec
1071 889 1254 945 videre
1290 887 1485 941 licebat
1512 886 1828 954 quemquam
1858 889 1961 929 non
1992 874 2109 930 lucc
2132 884 2253 926 tum

676 989 925 1058 lacrymis
966 988 1283 1041 clamantem
1313 996 1328 1033 ε
1361 984 1719 1033 verumtamen
1748 968 1876 1023 nihil
1903 980 2086 1058 eorum
2109 962 2253 1032 judi-

674 1096 766 1135 ees
782 1054 1004 1135 interius
1027 1087 1216 1130 causas
1243 1068 1516 1125 audientes
1538 1071 1665 1118 tuac
1693 1058 1941 1115 inflexit:
1972 1054 2069 1111 sed
2093 1065 2253 1107 unum

675 1172 847 1226 solum
881 1163 1272 1236 respiciebant,
1313 1165 1365 1213 ut
1402 1155 1625 1225 diligens
1661 1149 2063 1236 suntmissorum
2107 1149 2255 1213 qua-

674 1263 779 1317 stio
807 1235 990 1324 fleret,
1032 1263 1088 1311 et
1113 1262 1383 1328 postremo
1410 1245 1623 1303 catenis
1641 1242 1772 1313 ipsis
1796 1239 2007 1309 injectis
2053 1235 2107 1290 in
2131 1248 2258 1288 ear-

676 1366 853 1407 cerem
898 1364 993 1418 per
1025 1342 1258 1402 medium
1288 1339 1463 1398 forum
1504 1334 1765 1407 agebant,
1810 1330 2053 1385 homines
2091 1339 2263 1418 equos

675 1441 820 1510 ί]οηδὶ
841 1414 1061 1501 “sultis,
1098 1432 1276 1488 brevia
1305 1440 1602 1499 proponere
1629 1422 1837 1487 solitos,
1866 1419 2076 1510 aliaque
2101 1414 2259 1510 inna-

676 1525 819 1585 t'nera
849 1528 1086 1596 valentes
1111 1522 1335 1578 clariora
1366 1528 1648 1573 numerare
1676 1511 1849 1567 ofﬁcia
1879 1528 1892 1563 :
1922 1508 2060 1562 bona
2084 1504 2259 1576 publi-

677 1624 897 1684 cubant,
932 1630 984 1673 et
1004 1599 1064 1671 in
1100 1614 1335 1670 omnium
1369 1608 1568 1664 foribus
1594 1603 1861 1676 signacula
1885 1613 2109 1656 cernere
2133 1596 2262 1673 licc-

680 1714 783 1766 bat.
818 1712 881 1763 Et
922 1708 1110 1762 horum
1143 1716 1335 1758 uxores
1362 1708 1582 1771 paterna
1605 1695 1771 1751 domo
1793 1694 1979 1763 eiecta:
1999 1731 2013 1754 ,
2041 1688 2261 1758 singulas

680 1802 805 1856 illud
848 1816 927 1855 ιιιι
954 1800 1027 1852 ris
1074 1795 1175 1852 Job
1215 1809 1307 1863 per
1352 1805 1514 1861 opera
1563 1788 1897 1858 implebant:
1930 1783 2145 1836 domum
2194 1794 2261 1833 ex

678 1892 839 1944 domo
876 1899 929 1942 ιτι
978 1889 1154 1941 locum
1181 1900 1247 1939 ea
1282 1884 1403 1938 loco
1429 1876 1781 1935 circumibant
1802 1915 1820 1942 ,
1866 1870 2142 1927 diversorii
2174 1870 2259 1923 in-

677 1983 917 2052 digentes
966 1996 979 2031 :
1029 1990 1127 2030 nec
1152 1974 1293 2030 enim
1324 1971 1425 2025 hoc
1450 1972 1620 2040 ipsum
1645 1974 1762 2023 erat
1806 1965 1938 2035 ipsis
1990 1961 2147 2017 facile
2173 1976 2260 2016 re-

678 2051 886 2142 perire,
939 2077 1253 2135 unoquoque
1299 2061 1517 2115 timente
1559 2068 1614 2112 et
1657 2065 1920 2111 tremente
1960 2051 2261 2125 quempiam

678 2175 886 2213 reorum
920 2154 1341 2210 necessariorum
1373 2149 1645 2217 suscipere
1669 2155 1884 2200 etcurze
1916 2145 2130 2197 habere.

748 2249 1021 2303 Calamitas
1068 2245 1136 2297 (id
1174 2245 1403 2297 uirtutem
1445 2240 1603 2294 ducit.
1635 2265 1705 2279 —-
1752 2236 2132 2291 Verumtamen
2181 2241 2260 2286 tot

678 2340 765 2394 illa
805 2338 963 2407 passi.
992 2334 1241 2390 omnibus
1277 2332 1360 2387 his
1387 2329 1618 2385 contenti
1641 2336 1793 2383 erant
1816 2366 1831 2390 ,
1877 2324 2126 2394 quoniam
2156 2321 2260 2375 vita

679 2443 786 2482 non
816 2426 1121 2481 exciderant
1147 2420 1397 2494 praesenti
1427 2437 1440 2472 :
1470 2428 1521 2473 et
1561 2430 1732 2487 neque
1759 2413 2095 2483 pecuniarum
2126 2409 2261 2464 mul-

679 2526 765 2571 cta
793 2558 807 2581 ,
839 2530 1010 2584 neque
1039 2511 1322 2583 ignominia
1343 2551 1358 2576 ,
1388 2522 1558 2577 neque
1589 2514 1731 2559 tanta
1763 2502 2025 2558 traductio
2044 2543 2060 2568 ,
2089 2515 2261 2569 neque

678 2605 1050 2677 quodcumque
1085 2598 1229 2655 aliud
1255 2590 1554 2669 hnjnsmodi
1586 2597 1730 2665 ipsos
1755 2592 2051 2646 mordebat.
2098 2590 2259 2643 Cala-

679 2698 876 2753 ntitatis
913 2679 1053 2767 enim
1090 2692 1427 2764 magnitudo,
1470 2699 1526 2743 et
1555 2685 1755 2756 majora
1782 2683 1866 2739 his
1904 2681 2137 2754 patiendi
2163 2696 2259 2735 ett-

677 2788 951 2859 spectatio,
983 2800 1167 2840 eorum
1193 2784 1399 2837 animos
1429 2776 1788 2849 philosOphari
1819 2784 2020 2827 tantum
2048 2770 2255 2826 ell‘ecit:

679 2890 733 2934 et
761 2888 883 2933 tunc
907 2875 1180 2931 discebant
1202 2913 1217 2937 ,
1248 2888 1404 2940 quam
1434 2869 1602 2924 facilis
1633 2869 1703 2921 sit
1729 2866 1881 2920 nobis
1910 2866 2097 2929 virtus,
2128 2877 2256 2930 gro-

677 2969 828 3023 clivis
852 2976 907 3022 et
947 2965 1191 3034 expedita
1215 3005 1230 3029 ,
1278 2971 1332 3017 et
1370 2960 1511 3031 quod
1553 2973 1650 3029 per
1691 2965 1931 3011 nostrum
1988 2953 2260 3009 dumtaxat

678 3057 977 3128 neglectum
1022 3054 1280 3108 laboriosa
1317 3066 1404 3105 res
1445 3064 1565 3105 esse
1604 3047 1866 3102 videatur.
1911 3045 1973 3099 lli
2002 3044 2143 3099 enim
2172 3043 2261 3113 qui

678 3148 837 3219 paulo
887 3156 1011 3201 ante
1063 3145 1388 3199 uindicarunt
1443 3143 1695 3196 mulctam
1749 3139 2092 3209 pecuniarum
2155 3152 2261 3190 non

678 3253 829 3308 aque
855 3237 1088 3291 tulerunt
1107 3275 1120 3299 ,
1168 3232 1367 3302 majore
1398 3231 1562 3300 pressi
1596 3228 1908 3292 formidine,
1936 3241 2055 3282 cum
2081 3226 2258 3279 omnia

678 3342 771 3382 sua
799 3325 1104 3381 amisissent
1127 3365 1143 3390 ,
1173 3336 1237 3377 ac
1267 3322 1311 3376 si
1340 3320 1646 3375 thesaurum
1684 3317 2005 3372 invenissent
2029 3356 2045 3380 ,
2090 3317 2168 3370 sic
2203 3329 2262 3368 se

680 3417 966 3482 habebant,
993 3415 1240 3486 quoniam
1278 3414 1507 3466 animam
1547 3426 1652 3465 non
1682 3408 2041 3479 perdiderant.
2082 3405 2263 3475 Itaque

680 3510 723 3561 si
751 3505 938 3561 futnrze
966 3520 1155 3562 sensus
1176 3504 1435 3575 gehennre
1462 3516 1559 3556 nos
1586 3509 1826 3566 teneret,
1866 3509 1921 3553 et
1959 3496 2264 3551 intolerabi-

681 3599 759 3653 les
784 3598 896 3651 illas
922 3598 1277 3667 cogitaremus
1316 3607 1503 3664 pinnas
1525 3633 1541 3660 ,
1572 3591 1780 3648 etiamsi
1806 3605 1920 3645 rem
1949 3597 2002 3644 et
2030 3589 2261 3642 animam

680 3699 733 3743 et
755 3703 951 3756 corpus
978 3688 1067 3741 Dei
1098 3686 1300 3757 legibus
1326 3683 1730 3738 tradidissemus
1751 3720 1767 3745 ,
1802 3695 1905 3734 non
1932 3678 2258 3743 doleremus,

680 3780 909 3833 scientes
951 3776 1092 3848 quod
1145 3776 1343 3845 majora
1389 3772 1750 3835 lucrabimur,
1793 3784 1822 3823 a
1870 3768 2061 3825 futuris
2108 3768 2262 3822 malis

684 3868 1068 3923 liberationem.
1120 3865 1282 3921 Forte
1328 3878 1422 3918 cor
1462 3872 1696 3916 vestrum
1744 3875 1851 3915 non
1883 3875 2066 3930 parum
2094 3859 2263 3914 dicto-

638 4024 649 4037 ,η
683 3974 798 4014 rum
822 3958 1116 4027 deploratio
1142 3954 1365 4009 mollivit
1391 3970 1407 4019 ;
1435 3952 1527 4007 sed
1560 3967 1627 4007 ne
1652 3944 1830 4005 feratis
1845 3965 1984 4020 πει-θ
2018 3968 2033 4003 :
2064 3952 2262 4004 etenim

682 4049 930 4119 quoniam
960 4047 1266 4103 subtiliores
1312 4058 1430 4101 sum
1475 4056 1826 4113 aggressurus
1866 4040 2181 4104 sententias,
2209 4047 2266 4093 et

682 4139 939 4196 mollioris
977 4136 1189 4207 indigeo
1225 4135 1451 4199 mentis,
1493 4133 1595 4187 hoc
1634 4131 1733 4186 feci
1762 4130 1831 4186 de
1874 4130 2133 4185 industria
2163 4148 2175 4183 :
2208 4138 2264 4183 ut

683 4230 998 4285 narrationis
1024 4229 1211 4283 timore
1238 4243 1391 4281 mens
1418 4234 1589 4281 vestra
1612 4223 1755 4278 omni
1773 4233 1990 4291 torpore
2014 4236 2259 4283 excusso.

684 4322 749 4376 ab
769 4323 1013 4377 omnibus
1054 4335 1349 4390 enurgens
1385 4318 1507 4371 vita:
1536 4316 1710 4380 curis,
1761 4315 1926 4368 multa
1950 4328 2070 4367 cum
2100 4313 2264 4367 facili-

683 4423 788 4467 tate
836 4413 891 4467 in
930 4413 1121 4465 auium
1159 4408 1473 4479 profundum
1519 4406 1863 4459 dicendorum
1895 4405 2149 4459 virtutem.
2173 4403 2263 4459 de-

686 4509 876 4559 mittat.

755 4599 806 4648 3.
832 4596 972 4651 Satis
999 4595 1155 4664 igitur
1183 4603 1233 4646 et
1264 4594 1406 4662 prius
1448 4588 1598 4643 nobis
1637 4603 1815 4641 sermo
1857 4584 2260 4650 demonstravit,

682 4686 823 4758 quod
868 4686 1122 4738 naturalis
1157 4682 1314 4735 nobis
1350 4680 1421 4734 sit
1461 4681 1618 4733 insita
1659 4679 1743 4733 lex
1772 4678 2032 4731 bonorum
2056 4691 2111 4731 et
2136 4692 2265 4731 con-

685 4778 964 4833 trariorum
998 4783 1098 4828 :ut
1137 4783 1312 4827 autem
1350 4769 1679 4825 manifestior
1708 4769 1863 4833 nobis
1906 4768 1998 4822 fiat
2039 4768 2263 4822 demon-

683 4869 891 4930 stratio,
915 4868 971 4922 in
997 4865 1182 4921 eadem
1221 4874 1274 4917 et
1304 4862 1461 4916 hodie
1490 4876 1793 4917 sermonum
1825 4862 2045 4915 materia
2076 4863 2263 4914 iterum

682 4958 1077 5014 desmlabitnus.
1136 4955 1264 5009 Nam
1314 4952 1454 5023 quod
1497 4954 1565 5006 ab
1609 4953 1758 5006 initio
1807 4951 1947 5006 Deus
1993 4952 2263 5005 hominem

684 5050 925 5119 fingens,
972 5056 1193 5113 utraque
1239 5043 1641 5113 dignosceutem
1683 5041 1869 5095 fecerit
1914 5041 2125 5110 ipsum,
2173 5044 2266 5095 tle-

683 5148 981 5194 monstrant
1028 5153 1212 5191 omnes
1260 5134 1504 5189 homines
1552 5153 1566 5189 :
1617 5149 1739 5187 eum
1792 5148 2075 5202 peccamus
2125 5136 2265 5186 cuitu

684 5232 845 5285 etiam
879 5229 1115 5283 subditos
1152 5241 1430 5290 veremur;
1477 5235 1531 5280 et
1562 5239 1704 5292 smpe
1743 5223 1989 5276 dominus
2031 5234 2265 5277 scortmn

683 5322 891 5384 adiens,
919 5326 1102 5388 postea
1130 5332 1402 5370 servorum
1436 5315 1741 5385 quempiam
1769 5312 2148 5367 tuodestiot'ttm
2182 5313 2266 5365 itt-

686 5416 849 5469 tuitus
872 5413 1121 5477 erubuit,
1157 5420 1211 5463 et
1242 5410 1311 5463 ab
1337 5412 1435 5461 hac
1472 5408 1713 5476 improba
1740 5410 1820 5458 vta
1849 5407 2086 5460 recessit.
2125 5407 2265 5458 Ilur-

686 5522 803 5561 sttm
831 5513 951 5558 eum
978 5504 1063 5557 alii
1091 5517 1187 5555 nos
1223 5499 1524 5554 nontinibus
1549 5500 1674 5552 vitia
1703 5511 1881 5551 nostra
1915 5498 2270 5551 iudicantibus

686 5595 1027 5665 compellant,
1053 5593 1426 5647 contumeliam
1455 5590 1506 5643 id
1537 5603 1658 5644 esse
1683 5590 1910 5643 dicimus
1940 5608 1951 5641 :
1981 5600 2035 5643 et
2059 5590 2104 5643 si
2131 5604 2270 5657 a-gre

690 5686 919 5741 feramus
944 5726 958 5747 ,
1008 5684 1059 5736 in
1093 5683 1345 5752 judicium
1376 5696 1469 5735 eos
1494 5679 1583 5748 qui
1623 5678 1675 5732 id
1708 5678 1945 5733 fecerunt
1990 5680 2267 5733 trahimus.

693 5782 764 5835 ita
794 5779 1010 5845 scimus,
1042 5775 1169 5848 quid
1195 5774 1400 5839 vitium,
1435 5771 1563 5846 quid
1594 5771 1755 5829 virtus
1783 5772 1869 5825 sit.

2396 500 2554 571 Leges
2569 501 2989 568 charitatiserga'
3005 495 3315 565 tirocinium.
3339 520 3408 532 -—
3428 481 3541 545 Hoc
3564 490 3759 559 quippe
3774 488 3952 558 ipsum

2359 605 2411 650 et
2437 592 2681 648 Christus
2708 590 2987 663 declarans
3009 629 3024 652 ,
3070 596 3127 642 et
3163 585 3541 639 demonstrans
3578 598 3638 637 se
3685 581 3814 634 nihil
3847 597 3948 634 no-

2357 700 2483 740 vum
2504 725 2521 752 ,
2542 692 2634 739 aut
2656 688 2895 738 nostram
2922 674 3303 732 transcenderis
3333 683 3576 729 naturain
3599 672 3825 735 sancire,
3854 672 3953 725 st-d

2360 778 2448 843 id,
2494 774 2639 846 quod
2670 789 2698 827 a
2726 770 2990 844 principlo
3030 766 3375 823 conscientia:
3417 765 3683 820 indiderat
3726 773 3951 823 nostrae,

2362 878 2479 941 post
2508 866 2702 919 multas
2722 864 2841 917 illas
2863 858 3219 915 beatitudines
3246 857 3316 912 ita
3354 857 3570 911 dicebat
3598 874 3611 908 :
3640 856 3767 921 Qua:
3800 852 3953 908 vultis

2356 944 2413 1011 dt
2439 959 2635 1027 faciant
2655 953 2790 1007 vobis
2817 950 3065 1013 homines,
3093 949 3199 1002 haec
3226 956 3273 1002 et
3297 964 3382 1000 vos
3403 947 3556 1017 facile
3577 946 3700 1012 ipsis
3731 945 3951 1015 (Matth.

2363 1050 2417 1103 7.
2448 1046 2558 1117 12).
2590 1044 2705 1100 Non
2730 1058 2864 1113 opus
2886 1051 2967 1096 est
2984 1039 3164 1095 multis
3179 1038 3535 1103 sermonibus,
3559 1038 3751 1105 inquit,
3780 1052 3959 1105 neque

2362 1138 2581 1208 prolixis
2615 1134 2850 1205 legibus,
2897 1146 2998 1189 nec
3022 1132 3170 1186 varia
3191 1130 3433 1185 doctrina
3458 1145 3474 1186 :
3501 1128 3748 1183 Voluntas
3771 1136 3859 1182 tua
3886 1130 3957 1182 sit

2362 1229 2467 1284 lex.
2518 1223 2905 1281 Vis’benellcia
2948 1220 3180 1289 capere?
3219 1220 3406 1275 confer
3432 1218 3755 1274 [ueneficium
3776 1218 3955 1272 alteri.

2362 1318 2458 1376 Vis
2496 1315 2915 1373 misericordiam
2950 1312 3249 1381 consequi?
3294 1312 3552 1367 miserere
3581 1309 3829 1381 proximi.
3862 1308 3959 1363 Vis

2364 1411 2603 1467 laudari?
2647 1411 2799 1467 lauda
2848 1413 3031 1467 alium.
3083 1409 3174 1463 Vis
3213 1404 3422 1459 amari?
3459 1418 3597 1457 ama.
3626 1402 3717 1456 Vis
3756 1401 3960 1470 primas

2364 1502 2601 1558 habere?
2643 1504 2879 1558 concede
2911 1503 3027 1557 illas
3058 1501 3203 1561 prius
3246 1495 3425 1550 alteri.
3476 1494 3556 1547 Tu
3587 1493 3661 1546 sis
3686 1492 3869 1562 judex,
3900 1501 3960 1545 In

2364 1593 2444 1649 sis
2463 1594 2589 1648 vitae.
2612 1604 2713 1647 tua:
2743 1594 3033 1663 legislator.
3076 1592 3142 1645 Et
3176 1603 3390 1643 rursum
3420 1604 3433 1640 :
3464 1585 3614 1655 Quod
3648 1584 3799 1637 odisti
3819 1624 3834 1648 ,
3863 1583 3965 1634 alii

2366 1699 2428 1737 tte
2457 1684 2616 1753 facias
2644 1682 2791 1752 (Tob.
2815 1682 2863 1737 4.
2902 1682 3008 1751 l6).
3048 1680 3149 1734 Per
3184 1680 3284 1731 hoc
3311 1674 3525 1753 quidem
3556 1690 3584 1727 a
3614 1673 3752 1726 malo
3779 1671 3959 1740 fugant

2365 1752 2570 1826 inducit
2593 1813 2609 1836 ,
2645 1789 2736 1839 per
2772 1770 2902 1824 illud
2944 1780 3121 1824 autem
3152 1768 3360 1821 virtutis
3387 1752 3775 1835 operationem.
3806 1760 3960 1826 Quod

2367 1864 2537 1930 odisti,
2562 1865 2651 1916 alii
2672 1880 2731 1915 uc
2748 1864 2925 1933 facias.
2954 1860 3123 1916 Odisti
3146 1857 3521 1913 contumeliam
3550 1853 3691 1924 pati?
3715 1867 3781 1906 ne
3796 1852 3961 1905 alium

2366 1955 2569 2010 afficias
2595 1953 2935 2009 contumelia.
2988 1948 3454 2006 Odisti'invidiam
3496 1945 3641 2015 pati?
3690 1956 3863 2012 neque
3904 1952 3962 1994 tu

2366 2048 2521 2103 alteri
2568 2046 2824 2100 invideas.
2880 2042 3016 2098 Olio
3062 2042 3230 2096 babes
3286 2038 3443 2093 falli?
3493 2050 3667 2104 neque
3708 2044 3762 2087 ιιι
3808 2032 3962 2086 fallas

2367 2140 2549 2194 alium.
2602 2138 2667 2192 Et
2703 2151 2831 2191 vero
2876 2136 2927 2189 in
2972 2136 3221 2188 omnibus
3270 2130 3566 2201 generatim
3608 2127 3651 2181 si
3696 2125 3811 2178 hmc
3852 2124 3963 2178 du,»

2368 2231 2527 2284 verba
2576 2229 2939 2290 retineamus,
2986 2225 3087 2279 alia
3134 2222 3414 2291 disciplina
3445 2235 3551 2274 non
3581 2217 3959 2288 indigebimus.

2369 2319 2594 2375 Virtutis
2639 2318 2780 2371 enim
2836 2315 3198 2385 cognitionem
3251 2310 3444 2385 indidit
3498 2309 3693 2362 anima:
3739 2316 3961 2367 nostrae.

2366 2410 2629 2463 actionem
2685 2422 2815 2461 vero
2864 2415 2916 2461 et
2963 2402 3390 2459 emendationem
3432 2380 3704 2453 'voluntati
3764 2404 3961 2451 nostrae

2367 2502 2650 2556 concessit.
2692 2498 2958 2555 Fortassis
2987 2497 3272 2551 obscurum
3296 2503 3379 2549 est
3420 2492 3561 2561 quod
3594 2491 3827 2545 dicitur:
3859 2487 3929 2557 igi
3950 2519 3963 2529 -

2369 2600 2454 2646 tur
2482 2591 2534 2647 id
2570 2592 2746 2661 ipsum
2775 2587 3113 2644 manifestius
3155 2585 3378 2641 reddere
3406 2583 3663 2637 conabor.
3720 2578 3788 2634 Ut
3822 2578 3964 2632 scia-

2368 2697 2486 2737 mus
2504 2682 2645 2752 quod
2672 2682 2871 2737 bonum
2900 2680 2970 2733 sit
2990 2676 3373 2747 temperantia,
3406 2690 3512 2728 non
3538 2687 3674 2741 Opus
3704 2669 3965 2724 habemus

2367 2774 2575 2840 verbis,
2604 2788 2779 2842 neque
2813 2770 3056 2827 doctrina
3090 2785 3105 2822 :
3134 2780 3257 2822 nam
3298 2766 3350 2820 in
3382 2775 3568 2819 natura
3596 2762 3962 2832 cognitionem

2370 2866 2504 2919 hanc
2530 2864 2789 2918 habemus
2810 2905 2824 2929 ,
2865 2875 2967 2917 nec
2997 2875 3133 2931 Opus
3156 2867 3243 2913 est
3273 2873 3395 2912 cum
3423 2854 3700 2911 laboribus
3724 2862 3815 2907 aut
3842 2852 3965 2906 fati-

2366 2953 2669 3026 gationibus
2706 2952 2991 3007 circumire
3028 2961 3085 3005 et
3120 2962 3369 3020 quaerere
3397 2961 3464 3001 an
3506 2945 3707 3000 bonum
3732 2943 3802 2998 sit
3828 2951 3962 2996 lem-

2369 3044 2606 3115 pemntia
2636 3052 2691 3098 et
2717 3043 2846 3097 utile
2876 3059 2889 3097 :
2923 3041 3016 3097 sed
3041 3040 3312 3096 communi
3340 3037 3608 3094 sententia
3639 3048 3830 3091 omnes
3856 3035 3963 3088 hoc

2366 3137 2685 3193 confitemur
2703 3177 2718 3199 ,
2751 3144 2807 3189 et
2835 3149 2993 3211 neuio
3018 3133 3227 3188 dubitat
3246 3132 3315 3187 de
3342 3131 3557 3185 virtute.
3611 3126 3703 3183 Sic
3722 3136 3775 3181 et
3806 3126 3959 3179 adul-

2369 3230 2559 3283 terium
2592 3222 2790 3282 malum
2818 3238 2938 3293 esse
2970 3233 3253 3295 peteme,
3281 3232 3336 3279 et
3373 3236 3549 3292 neque
3575 3220 3662 3274 hic
3690 3218 3963 3274 laboribus

2366 3330 2417 3375 et
2444 3319 2721 3389 disciplina
2747 3317 2903 3372 nobis
2932 3324 3015 3373 est
3038 3330 3175 3385 opus
3199 3356 3215 3385 ,
3243 3322 3301 3369 ut
3336 3314 3538 3384 peccati
3572 3312 3729 3381 hujus
3761 3310 3962 3365 malitia

2368 3418 2652 3471 noscatur,
2684 3408 2782 3461 sed
2817 3420 3005 3461 omnes
3036 3406 3086 3458 in
3119 3404 3429 3473 hujusmodi
3458 3401 3738 3458 sententiis
3774 3416 3961 3458 sumus

2368 3515 2464 3570 per
2485 3514 2582 3554 nos
2609 3499 2755 3567 ipsos
2768 3497 2933 3563 docti,
2952 3506 3007 3552 et
3028 3498 3297 3560 virtutem,
3326 3494 3453 3548 licet
3480 3494 3649 3563 ipsam
3672 3507 3769 3547 nos
3794 3492 3959 3546 obca-

2369 3606 2530 3655 mus,
2577 3586 3018 3643 eomtneodamus
3048 3603 3061 3638 :
3095 3587 3233 3639 sicut
3279 3585 3511 3640 vicissim
3560 3584 3749 3637 vitium
3774 3622 3791 3648 ,
3837 3581 3961 3637 licet

2368 3697 2653 3752 Operemur
2677 3722 2692 3744 ,
2720 3681 2950 3735 odimus.
2995 3679 3062 3733 Et-
3089 3677 3192 3732 boc
3216 3676 3318 3732 fuit
3354 3676 3643 3730 maximum
3680 3674 3770 3732 Dei
3793 3674 3957 3730 bette-

2371 3776 2546 3829 ﬁcium
2568 3814 2584 3839 ,
2627 3783 2684 3827 ut
2708 3771 3098 3828 conscientiam
3125 3769 3339 3839 quidem
3369 3777 3608 3822 nostram
3639 3777 3693 3821 et
3720 3767 3957 3821 volunta-

2371 3879 2501 3934 tem,
2527 3877 2583 3922 et
2600 3867 2710 3937 jam
2734 3874 2858 3919 ante
2873 3864 3137 3919 actionem
3166 3860 3344 3916 virtuti
3367 3859 3680 3930 applicaret,
3711 3859 3958 3913 infestam
3994 3924 3999 3925 γ

2370 3968 2546 4012 autem
2590 3956 2836 4011 redderet
2864 3953 3209 4024 improbitati.
3234 3951 3382 4007 Sicut
3422 3952 3578 4021 igitur
3605 3949 3736 4012 dixi,
3768 3947 3959 4003 borum

2369 4047 2585 4118 quidem
2639 4046 2919 4100 amborum
2965 4043 3199 4113 cognitio
3241 4040 3479 4095 omnium
3528 4038 3799 4093 hominum
3826 4052 3959 4091 con-

2370 4138 2607 4193 scientia:
2655 4138 2812 4190 insita
2857 4143 2980 4199 est,
3020 4149 3118 4187 nec
3146 4133 3253 4187 ullo
3295 4131 3594 4201 indigemus
3634 4136 3963 4198 prmceptore

2370 4229 2435 4282 ad
2467 4229 2582 4282 haec
2610 4226 2894 4291 discenda;
2936 4224 3242 4280 emendatio
3268 4238 3397 4276 vero
3428 4220 3736 4287 laboribus,
3769 4218 3962 4273 volun-

2372 4321 2541 4398 tatiet
2567 4318 2743 4373 studio
2771 4316 2895 4371 data
2934 4323 3037 4371 est.
3082 4314 3261 4382 Quare
3304 4313 3558 4368 tandem?
3608 4311 3871 4378 Quoniam
3915 4311 3960 4363 si

2373 4420 2542 4465 totum
2591 4418 2795 4464 natura:
2844 4406 3155 4472 tribuisset,
3204 4405 3319 4461 sine
3366 4403 3583 4458 coronis
3627 4414 3683 4457 et
3729 4403 3964 4471 prtemiis

2372 4500 2707 4555 fuissemus:
2742 4508 2796 4553 et
2836 4499 2974 4552 sicut
3021 4497 3177 4551 bruta
3226 4496 3482 4550 virtutum
3523 4509 3655 4563 quas
3705 4491 3963 4547 habente

2374 4602 2581 4656 natura,
2614 4588 2915 4659 mercedem
2940 4597 3033 4641 aut
3054 4586 3265 4642 laudem
3288 4600 3481 4653 capere
3508 4601 3615 4639 non
3636 4585 3851 4646 debent,
3884 4584 3965 4637 sic

2374 4696 2546 4749 neque
2571 4678 2794 4743 nos,'si
2827 4678 3016 4732 horum
3058 4675 3256 4745 aliquid
3302 4674 3693 4727 habuissemus.
3750 4672 3966 4727 Natum

2372 4773 2515 4827 enim
2546 4786 2766 4824 munera
2792 4784 2894 4823 non
2928 4768 3235 4822 habentium
3259 4809 3274 4830 ,
3320 4768 3411 4819 sed
3442 4766 3644 4818 «latoris
3684 4774 3809 4817 sunt
3847 4762 3965 4818 laus

2372 4871 2426 4917 et
2446 4860 2863 4915 emnmcndatio.
2917 4858 3039 4911 Ideo
3066 4856 3224 4926 igitur
3255 4873 3361 4909 non
3393 4866 3561 4910 totum
3602 4864 3805 4909 natura}
3835 4869 3963 4924 per-

2373 4951 2562 5005 misit:
2594 4964 2656 5003 ac
2702 4964 2914 5004 rursum
2960 4948 3291 4999 voluntatem
3328 4956 3496 4999 totum
3546 4944 3755 5015 pondus
3792 4945 3967 4998 Susci-

2376 5056 2502 5110 pere
2528 5057 2634 5094 non
2664 5040 2931 5094 concessit
2956 5078 2973 5102 ,
3006 5051 3060 5091 et
3087 5038 3429 5107 cognitionis,
3461 5045 3520 5089 et
3548 5036 3964 5097 emendationis,

2374 5148 2442 5187 ne
2468 5149 2496 5186 a
2527 5132 2735 5185 virtutis
2773 5130 3041 5183 laboribus
3063 5128 3406 5190 abhorreret;
3437 5126 3528 5179 sed
3561 5126 3726 5180 dictat
3750 5124 3966 5193 quidem

2376 5224 2476 5293 ipsi
2520 5222 2842 5277 conscientia
2888 5235 3006 5289 qua:
3050 5227 3173 5273 sunt
3213 5217 3416 5287 agenda
3443 5258 3457 5281 ,
3503 5216 3568 5269 ad
3595 5214 3964 5283 operationem

2376 5328 2504 5367 vero
2531 5313 2642 5382 ipsa
2671 5312 2737 5365 de
2768 5325 2870 5365 suo
2894 5310 3078 5364 labore
3107 5308 3282 5363 affert.
3333 5308 3399 5361 Et
3442 5307 3583 5377 quod
3612 5308 3805 5365 bonum
3844 5306 3965 5374 qui-

2378 5404 2502 5457 dem
2527 5405 2593 5457 sit
2621 5402 2897 5456 moderate
2923 5400 3102 5453 vivere
3124 5442 3138 5464 ,
3181 5400 3296 5453 sine
3334 5399 3515 5452 labore
3546 5382 3792 5450 novimus
3820 5411 3835 5448 :
3864 5408 3963 5449 na-

2374 5497 2562 5549 turalis
2599 5496 2742 5548 enint
2784 5504 2867 5547 est
2916 5493 3176 5561 cognitio;
3230 5490 3636 5559 temperantiam
3688 5503 3813 5542 vero
3858 5502 3968 5539 non

2378 5600 2661 5657 possumus
2702 5599 2957 5641 exercere
2980 5625 2995 5649 ,
3028 5584 3130 5638 nisi
3161 5583 3497 5646 laborantes,
3536 5588 3592 5633 et
3618 5578 3969 5647 cupiditatem

2382 5680 2745 5741 refraenantes,
2775 5677 3105 5744 multumque
3125 5674 3414 5728 subeuntes
3443 5670 3661 5726 laboris.
3690 5669 3803 5724 Non
3826 5670 3971 5719 enim

2386 5771 2486 5825 hoc
2508 5782 2717 5839 quoque
2740 5767 2894 5823 nobis
2924 5764 3073 5821 adest
3104 5779 3134 5819 a
3163 5772 3347 5820 natura
3371 5805 3389 5833 ,
3417 5764 3551 5818 sicut
3582 5760 3815 5831 cognitio
3834 5800 3847 5822 ,
3878 5759 3976 5815 sed
