4232 6320
565 373 656 428 ἰόί

558 488 593 558 ή
620 486 839 558 γνιῖισις,
869 488 1005 545 ἀλλά
1030 488 1202 543 δεῖται
1228 487 1537 561 προθυμίας
1558 487 1653 542 καὶ
1675 488 1931 558 σπουδῆς.
1962 487 2039 540 Οὐ
2060 484 2235 555 ταύτῃ

537 576 607 631 .δέ
648 576 806 639 μόνον
836 575 1199 646 ἐπεκούφισεν
1230 576 1366 647 ἡμῖν
1411 575 1474 628 τὸ
1506 573 1703 645 βάρος,
1734 572 1870 628 ἀλλά
1914 574 2011 629 καὶ
2060 572 2234 645 ἐτέρῳ

554 663 738 735 τρόπῳ
771 663 956 727 πάλιν,
1003 664 1098 719 καί
1134 662 1314 717 αὑτῶν
1350 661 1461 716 τῶν
1490 660 1929 733 κατορθωμάτων
1968 660 2085 714 ενια
2117 677 2223 730 φυ-

555 748 685 805 σικά
728 752 889 821 ἀφεὶς
915 746 1056 806 εἰναι
1103 751 1162 804 ἐν
1191 751 1344 823 ήμῖν.
1382 750 1493 805 Καὶ
1535 748 1645 820 769
1690 748 1753 801 τὸ
1798 750 2235 815 συναγανακτεῖν

554 836 1089 914 ωῖςνὺϐριζομένοις
1121 838 1347 908 φυσικὸν
1374 837 1612 900 ἀπαντες
1642 835 1841 907 ἐχομεν
1875 834 2103 906 (εὐθέως
2132 831 2229 889 οὖν

553 928 667 990 τοῖς
711 926 1117 998 ἐπηρεάζουσιν
1158 924 1344 996 ἐχθροὶ
1379 922 1643 994 γινόμεθα
1666 965 1682 989 ,
1719 922 1823 977 κάν
1880 922 2049 995 μηδέν
2080 916 2235 994 ῶμεν

536 1013 712 1067 οαὺτοί
740 1014 1116 1080 πεπονθότες),
1157 1012 1252 1067 καὶ
1288 1011 1352 1065 τὸ
1396 1009 1725 1084 συνήδεσθαι
1756 1011 1869 1074 τοῖς
1896 1009 2235 1083 ἀντιλήψεως

554 1100 650 1154 καὶ
678 1099 929 1173 βοηθείας
954 1099 1312 1164 ἀπολαύουσι,
1346 1098 1442 1153 καὶ
1472 1102 1536 1153 τὸ
1564 1096 1943 1152 κατακλᾶσθαι
1979 1098 2075 1152 ἐπὶ
2106 1100 2229 1162 ταῖς

554 1186 757 1259 ἐτέρων
781 1190 1086 1259 συμφοραῖς
1102 1188 1197 1242 καί
1218 1188 1287 1259 τῇ
1312 1184 1663 1257 φιλοστοργίᾳ
1681 1186 1748 1256 τῇ
1774 1183 1913 1257 πρὸς
1934 1184 2229 1257 ἀλλήλους.

555 1274 675 1328 Κάν
718 1274 829 1348 769
854 1277 1201 1348 πραγμάτων
1232 1273 1585 1346 περιστάσεις
1628 1271 1830 1325 δοκῶσι
1864 1271 2233 1344 μικροψυχίαν

550 1360 675 1416 τινά
717 1363 993 1432 εἰσάγειν,
1027 1361 1144 1418 ἀλλ’
1170 1363 1323 1433 ὅμως
1359 1360 1557 1433 έχομεν
1585 1358 1763 1415 κοινὸν
1796 1360 1932 1430 πρὸς
1966 1359 2232 1432 ἀλλήλους

551 1448 792 1521 φίλτρον.
832 1450 945 1505 Καὶ
970 1448 1129 1504 τοῦτό
1154 1466 1239 1514 τις
1269 1448 1433 1517 σοφὸς
1478 1446 1852 1519 αἰνιττόμενος
1889 1446 2075 1517 έλεγεο
2101 1446 2233 1503 Πᾶν

550 1533 698 1595 ξῦον
718 1534 922 1605 ἀπσακᾷ
945 1536 1013 1592 τὸ
1040 1536 1247 1608 ὅμοιον
1269 1533 1450 1603 αὐτῷ,
1482 1534 1581 1589 καί
1605 1533 1916 1605 ἄνθρωπος
1940 1534 2055 1589 τὸν
2077 1537 2231 1603 uno

551 1623 695 1677 σίον
722 1623 934 1681 αὐτοῦ.

619 1710 682 1764 δ’.
705 1710 943 1777 Πολλοὺς
970 1712 1029 1767 δέ
1055 1712 1149 1765 καὶ
1175 1712 1394 1784 ἐτέρους
1414 1710 1554 1782 μετά
1571 1710 1665 1765 τοῦ
1684 1709 1981 1774 συνειδότος
1997 1709 2231 1780 ἐπέστη-

550 1814 645 1851 σεν
694 1799 825 1870 ήμῖν
871 1798 1229 1864 διδασκάλους
1265 1801 1295 1853 6
1340 1798 1507 1862 Θεός·
1555 1798 1651 1852 καί
1678 1798 1787 1870 769
1823 1798 2071 1869 πατέρας
2116 1800 2229 1861 τοῖς

552 1887 713 1950 υἱοῖς,
746 1887 843 1941 καὶ
886 1886 1155 1951 δεσπότας
1183 1888 1298 1950 τοῖς
1329 1885 1568 1951 δούλοις,
1597 1887 1692 1940 καὶ
1724 1886 1927 1958 ἀνδρας
1973 1888 2095 1949 ταῖς
2128 1902 2228 1954 γυ-

550 1972 714 2039 ναιξὶ,
733 1973 827 2027 καὶ
851 1974 1206 2037 διδασκάλους
1225 1976 1337 2037 τοῖς
1364 1972 1659 2045 μαθηταῖς,
1685 1975 1780 2026 καί
1802 1972 2104 2044 νομοθέτας
2135 1972 2229 2026 καὶ

548 2058 809 2123 δικαστὰς
840 2062 954 2124 τοῖς
983 2060 1328 2132 ἀρχομένοις,
1368 2060 1461 2114 καὶ
1499 2060 1687 2129 φίλους
1713 2063 1825 2123 τοῖς
1856 2058 2050 2127 φίλοις.
2090 2059 2231 2113 Πολ-

548 2145 705 2210 λάκις
747 2146 804 2200 δέ
834 2147 929 2200 καὶ
958 2150 1092 2219 παρ’
1133 2146 1343 2218 ἐχθρῶν
1382 2147 1755 2218 ἐκερδάναμεν
1800 2146 1902 2199 οὑκ
1944 2146 2225 2218 ἐλαττονῆ

549 2233 700 2305 παρά
722 2233 923 2303 φίλων
954 2235 1085 2289 ὅταν
1114 2234 1223 2307 769
1250 2237 1381 2306 ἡμῖν
1401 2232 1699 2297 όνειδίζωσι
1728 2232 1795 2286 τά
1830 2234 2224 2305 ἁμαρτήματα,

548 2322 643 2374 καὶ
664 2320 898 2384 ἄκοντας
927 2322 1008 2386 εἰς
1030 2321 1314 2393 διόρθωσιν
1335 2321 1517 2375 αὑτῶν
1545 2320 1898 2393 διεγείρουσι.
1925 2320 2228 2385 Τοσούτους

545 2407 603 2462 δέ
634 2410 766 2478 ήμῖν
786 2407 1142 2471 διδασκάλους
1172 2409 1494 2480 ἐπέστησεν.
1530 2408 1617 2462 ἵνα
1649 2407 1875 2472 εὔκολος
1904 2410 2039 2479 ἡμῖν
2071 2411 2105 2480 ή
2131 2408 2227 2462 τοῦ

546 2494 949 2560 λυσιτελοῦντος
995 2495 1214 2569 εῦρεσίς
1246 2513 1306 2550 τε
1347 2496 1442 2549 καί
1490 2495 1777 2567 διόρθωσις
1812 2494 2039 2566 γένηται
2062 2535 2077 2560 ,
2132 2494 2228 2549 τοῦ

548 2581 785 2654 πλήθους
814 2581 923 2635 τῶν
954 2582 1088 2653 πρὸς
1117 2583 1248 2636 αὐτὸ
1275 2582 1708 2637 συνελαυνόντων
1730 2583 1881 2654 ἡμᾶς
1913 2583 2014 2635 οὑκ
2036 2582 2227 2651 ἀφιένο

544 2685 637 2731 τος
665 2668 919 2721 ἐκπεσεῖν
954 2668 1062 2722 τῶν
1089 2668 1475 2741 συμφερόντων
1510 2671 1666 2740 ἡμῖν.
1701 2669 1820 2723 Κᾶν
1848 2667 1956 2741 γὰρ
1996 2667 2108 2722 τῶν
2134 2685 2227 2736 γε·

544 2754 887 2826 γεννηκότων
924 2756 1447 2826 καταφρονήσωμεν,
1471 2755 1600 2819 τοὺς
1629 2755 1899 2827 ἄρχοντας
1927 2755 2228 2819 δεδοικότες

545 2841 943 2913 ἐπιεικέστεροι
977 2842 1194 2905 πάντως
1216 2841 1454 2912 ἐσόμεθα
1472 2858 1485 2872 ⁸
1517 2842 1621 2896 κάν
1650 2843 1893 2906 ἐκείνους
1920 2842 2232 2896 διαπτύσω-

550 2945 651 2999 μεν
693 2928 1124 2999 ἁμαρτάνοντες,
1156 2928 1255 2999 τὴν
1294 2927 1389 2983 τοῦ
1432 2928 1737 2992 συνειδότος
1777 2928 2037 2983 οὐδέποτε
2067 2928 2229 3001 δυνη-

548 3014 754 3084 σόμεθα
779 3014 1064 3084 διαφυγεῖν
1102 3015 1453 3087 ἐπιτίμησιν
1488 3014 1590 3068 κάν
1629 3017 1837 3085 ταύτην
1863 3017 2228 3087 ἀτιμάσωμεν

545 3103 642 3155 καὶ
685 3088 1159 3173 διακρουσώμεθα,
1202 3102 1301 3172 τὴν
1348 3100 1500 3173 παρά
1548 3100 1655 3154 τῶν
1700 3100 1911 3157 πολλῶν
1956 3103 2228 3175 ὑπόληψιν

547 3188 845 3252 δεδοικότες
889 3188 1149 3259 ἀμείνους
1195 3187 1468 3258 ἐσόμεθα’
1509 3186 1613 3241 κᾶν
1645 3189 1785 3260 πρὸς
1818 3189 2023 3259 ταύτην
2074 3192 2229 3244 ἀναι-

550 3277 960 3347 σχυντήσωμεν,
985 3277 1014 3329 ό
1034 3274 1140 3329 τῶν
1164 3275 1343 3345 νόμων
1365 3274 1683 3344 ἐγκείμενος
1707 3286 1732 3314 ι
1757 3274 1922 3343 φόϐος
1947 3277 2041 3329 καὶ
2068 3276 2226 3329 ἄκον-

547 3378 647 3424 τας
686 3361 834 3431 ἡμᾶς
866 3360 1201 3432 σωφρονίσαι
1238 3359 1529 3431 δυνήσεται
1554 3398 1569 3423 ,
1610 3362 1705 3413 καὶ
1734 3361 1885 3423 νέους
1932 3362 2029 3431 μέν
2066 3362 2226 3425 ὄντας

548 3447 856 3502 διδάσκαλοι
882 3447 977 3502 καί
1008 3448 1262 3520 πατέρες,
1290 3446 1624 3518 αὐξηθέντας
1648 3448 1704 3500 δέ
1730 3448 1779 3501 οί
1804 3447 2094 3517 νομοθέται
2133 3451 2226 3501 καὶ¹

548 3535 807 3608 ἄρχοντες
845 3534 1251 3608 παραλαϐόντες
1281 3532 1669 3606 ῥυθμίζουσιν·
1702 3535 1755 3586 οῖ
1772 3550 1834 3587 τε
1863 3534 2094 3599 οἰκέται,
2128 3536 2223 3588 an
2281 3573 2291 3581 .

550 3620 921 3693 ῥᾳθυμότερον
956 3619 1291 3691 διακείμενοι
1330 3620 1469 3694 μετά
1501 3620 1610 3675 τῶν
1642 3619 1949 3692 εἰρημένων
1987 3622 2085 3674 καὶ
2126 3622 2225 3693 τὴν

551 3706 704 3779 παρὰ
742 3708 850 3761 τῶν
884 3707 1161 3762 δεσποτῶν
1199 3708 1447 3780 ἀνάγκην
1484 3708 1565 3772 εἰς
1617 3707 1973 3779 σωφροσύνην
2016 3708 2222 3778 έχουσι,

551 3797 647 3851 καὶ
690 3797 746 3849 αἰ
781 3797 1039 3863 γυναῖκες
1078 3795 1202 3857 τοὺς
1232 3792 1460 3865 ἀνδρας·
1513 3794 1831 3859 καίεπολλά
1884 3794 2225 3865 πανταχόθεν

550 3883 707 3954 ἡμῶν
745 3881 822 3953 τῷ
853 3880 1000 3949 γένει
1029 3881 1096 3934 τὰ
1129 3880 1305 3950 τειχία
1337 3880 1474 3949 1:96;
1499 3879 1561 3932 τὸ
1591 3880 1667 3951 μὴ
1701 3879 1902 3951 ῥαδίως
1923 3882 2004 3945 εἰς
2028 3882 2226 3936 κακίαν

550 3968 890 4039 ἐξολισθῆσαι
931 3968 1022 4022 καὶ
1080 3968 1433 4021 καταπεσεῖν.
1486 3966 1633 4037 Πρὸς
1670 3966 1729 4020 δέ
1767 3965 1979 4030 τούτοις
2029 3968 2223 4033 ἅπασι,

552 4058 644 4112 καί
669 4057 815 4110 νόσοι
842 4056 934 4109 καὶ
955 4053 1298 4125 περιστάσεις
1329 4052 1671 4124 πραγμάτων
1701 4054 1850 4123 ἡμᾶς
1875 4053 2190 4110 παιδεύουσι
2208 4072 2222 4089 ’

553 4145 646 4199 καὶ
677 4143 785 4215 γάρ
814 4143 907 4197 καὶ
934 4142 1098 4196 πενία
1126 4140 1381 4210 κατέχει.
1402 4140 1497 4194 καὶ
1536 4138 1710 4210 ζημία
1744 4140 2089 4211 σωφρονίζει,
2131 4144 2223 4197 καὶ

554 4230 794 4292 κίνδυνος
822 4228 1193 4291 καταστέλλει,
1225 4227 1319 4280 καὶ
1348 4225 1516 4279 πολλά
1554 4225 1717 4295 ἱτερα
1747 4226 1991 4281 τοιαῦτα.
2024 4231 2100 4283 06
2126 4247 2223 4299 φο-

554 4320 639 4371 ϐεῖ
670 4334 729 4370 σε
764 4316 989 4388 πατήρ;
1038 4314 1157 4369 οὑδὲ
1194 4312 1509 4374 διδάσκαλος
1536 4330 1551 4378 ;
1580 4312 1680 4365 οὐκ
1714 4312 1932 4385 ἀρχων;
1966 4316 2027 4369 οὐ
2061 4333 2221 4387 νομο-

554 4407 742 4477 θέτης;
767 4404 827 4458 οὑ
850 4403 1144 4473 δικαστής;
1179 4402 1279 4454 οὑκ
1324 4399 1575 4471 ἐντρέπει
1614 4417 1674 4453 σε
1706 4399 1889 4470 φίλος;
1925 4401 1985 4454 οὑ
2034 4402 2221 4459 δάκνει

554 4511 614 4547 σε
640 4492 867 4563 ἐχθρός;
897 4490 959 4543 οὑ
992 4489 1314 4561 σωφρονίζει
1338 4487 1635 4557 δεσπότηςς
1665 4488 1727 4542 οὑ
1769 4486 2013 4542 διδάσκει
2041 4491 2217 4563 ἀνήρ;

553 4582 613 4634 οὑ
647 4577 951 4648 διορθοῦταί
979 4592 1036 4629 σε
1074 4577 1133 4629 τὸ
1168 4574 1435 4640 συνειδόςς
1475 4574 1613 4627 Ἀλλ’
1643 4575 1924 4646 ἀρρωστία
1960 4577 2221 4643 πολλάκις

555 4664 856 4721 ἐπελθοῦσα
900 4664 1187 4735 σωματικὴ
1215 4662 1275 4715 τὸ
1310 4664 1417 4715 πᾶν
1447 4660 1797 4733 κατώρθωσεν
1837 4662 1934 4716 καὶ
1964 4663 2137 4735 ζημία
2166 4667 2223 4720 δὲ

552 4754 645 4808 τὸν
690 4748 1022 4822 θρασύτερον
1061 4748 1312 4820 ἐποίησεν
1353 4748 1782 4819 ἐπιεικέστερον
1828 4748 1981 4823 [139]
2026 4752 2120 4805 καὶ
2163 4755 2224 4805 τὸ

554 4840 619 4910 δὴ
649 4840 851 4911 μεῖζον,
883 4838 964 4891 ὅτι
986 4837 1086 4906 οὑχ
1118 4837 1249 4906 ἡμῖν
1282 4836 1460 4905 μόνον,
1488 4836 1623 4889 ἀλλά
1656 4836 1751 4888 καὶ
1780 4838 1986 4909 ἑτέροις
2023 4839 2221 4909 συμπί-

557 4944 757 4981 πτοντα
780 4925 848 4980 τὰ
873 4924 1020 4978 δεινά
1050 4924 1259 4993 μεγάλα
1293 4924 1441 4993 ἡμᾶς
1465 4922 1691 4991 ὠφελεῖν
1720 4923 1876 4979 εἴωθε
1901 4938 1913 4951 '
1940 4926 2034 4979 καὶ
2069 4928 2220 4980 αὑτοί

559 5016 659 5086 μὲν
693 5012 856 5083 μηδέν
880 5029 933 5065 τι
962 5011 1241 5074 παθόντες,
1265 5010 1485 5082 ἐτέρους
1516 5009 1571 5061 δὲ
1602 5008 1995 5081 κολαζομένους
2026 5012 2221 5077 ἰδόντες

556 5104 655 5157 οὑκ
691 5100 909 5153 ἔλαττον
936 5098 1158 5155 ἐκείνων
1190 5096 1687 5169 ἐσωφρονίσθημεν.

625 5202 797 5255 Τοῦτο
824 5199 919 5253 καὶ
950 5200 1042 5255 ἐπὶ
1072 5199 1179 5255 τῶν
1204 5198 1642 5269 κατορθωμάτων
1678 5198 1975 5267 συμϐαῖνον
2007 5198 2107 5252 ίδοι
2140 5217 2220 5264 τις

554 5295 618 5349 ἂν
643 5309 656 5324 ·
695 5290 882 5361 ὥσπερ
923 5286 1033 5359 769
1081 5285 1452 5357 κολαζομένων
1484 5286 1590 5338 τῶν
1629 5285 1816 5342 κακῶν
1838 5286 1865 5327 δ
1893 5285 2073 5353 ἓτεροι
2102 5288 2223 5356 βελι

555 5381 701 5440 τίους
748 5376 1024 5445 γίνονται·
1060 5371 1204 5427 οῦτω
1252 5373 1359 5429 τῶν
1409 5371 1629 5441 ἀγαθῶν
1676 5390 1728 5424 τι
1787 5370 2221 5443 κατορθούντων,

556 5466 739 5519 πολλοὶ
776 5466 853 5526 εἰς
885 5461 976 5520 τὸν
1012 5460 1125 5518 ἴσον
1169 5460 1453 5527 ἐνάγονται
1480 5460 1641 5529 ζῆλον
1674 5476 1685 5488 ⁸
1725 5460 1752 5511 ὃ
1779 5460 1843 5529 δὴ
1879 5461 1973 5512 καὶ
2004 5459 2096 5511 ἐπὶ
2126 5460 2223 5531 τῆς

553 5552 661 5606 τῶν
704 5552 881 5621 ὅρκων
929 5547 1125 5616 συνέϐη
1173 5548 1371 5617 φυγῆς.
1402 5547 1591 5600 Πολλοὶ
1619 5545 1727 5617 γὰρ
1765 5547 1981 5618 ἐτέρους
2024 5545 2223 5610 ἰδόντες

553 5640 651 5711 τὴν
676 5634 916 5707 πονηράν
941 5635 1309 5705 ἀποθεμένους
1338 5633 1448 5688 τῶν
1474 5635 1651 5703 ὅρκων
1682 5632 1989 5703 συνήθειαν,
2017 5634 2222 5705 ἐμιμή-

556 5743 717 5781 σαντο
738 5723 835 5796 τὴν
858 5721 1111 5792 σπουδὴν,
1140 5722 1233 5774 καὶ
1256 5721 1633 5791 περιεγένοντο
1662 5720 1760 5790 τῆς
1788 5720 2065 5795 ἁμαρτίας
2092 5737 2105 5751 ·
2141 5721 2221 5776 διὸ

554 5812 647 5867 καὶ
679 5811 837 5881 ἡμεῖς
868 5808 1271 5880 προθυμότερον
1294 5807 1395 5878 τῆς
1422 5807 1595 5875 αὐτῆς
1615 5806 1901 5875 ἁπτόμεθα
1918 5807 2077 5862 πάλιν
2095 5824 2232 5879 παρ-

615 5919 640 5986 ξ·
666 5913 889 5986 ξυνῆλθε
911 5926 1080 5986 πιερηὲ
1104 5926 1214 5986 μείς
1234 5912 1677 5986 ωεξλὲπιξιείμενος.
1706 5909 1879 5986 Μρτςι.
1902 5911 2182 5974 ἐγκείμενος.

614 5973 641 6012 ¹³
667 5978 763 6027 Alii
782 5978 876 6029 τῶν
897 5973 1127 6037 πονηρῶν.
1154 5974 1261 6022 λίοι
1285 5974 1367 6024 alii
1386 5973 1549 6024 πολλοὶ
1582 5973 1696 6037 πρὸς
1709 5973 1793 6020 τὸν
1816 5973 1938 6023 ἰσον.

1308 372 1364 429 S.
1406 369 1696 428 JOANNIS
1734 368 2229 428 CIIIIYSUSTOMI
2268 369 2588 427 ARCHIEP.
2625 368 3181 427 (ΞΟΝδΤΧΝΤΙΝΟΡ.

3906 368 4024 426 ὐἱ

2328 490 2605 552 αινέσεως.
2690 486 2783 558 Μὴ
2808 486 2917 559 γάρ
2954 504 3045 559 μοι
3076 485 3283 555 λεγέτω
3309 501 3428 551 τις,
3462 485 3546 539 δτι
3566 483 3763 538 ’πολλοὶ
3794 481 4025 559 111169-

2341 571 2521 628 θωσαν
2540 591 2554 605 ο
2588 574 2649 627 οὑ
2682 572 2841 628 τοῦτό
2869 574 2989 628 ἐστι
3020 573 3083 627 τὺ
3110 573 3443 644 ζητούμενον
3462 615 3477 640 ,
3517 572 3633 627 ἀλλ’
3656 573 3743 626 ῖνα
3790 572 4019 636 πάντες.

2346 661 2491 726 Ἕως
2516 661 2563 715 δ’
2595 662 2664 716 ἀν
2709 660 2785 733 μὴ
2824 661 2986 715 τοῦτο
3020 661 3149 725 ῖδω,
3185 661 3248 714 οὑ
3290 660 3524 728 δύναμαι
3555 659 3913 715 ἀναπνεῦσαι.
3958 659 4022 713 ’0

2338 748 2542 821 ποιμὴν
2564 749 2773 813 ἐκεῖνος
2801 750 2997 805 ἐκατδν
3017 748 3270 821 πρόϐατα
3294 746 3430 819 εἶχε,
3455 749 3551 802 καὶ
3576 749 3695 813 ἐνὸς
3720 746 4022 818 πλανηθέν-

2334 853 2459 902 τος.
2488 837 2591 891 οὑκ
2620 836 2925 910 ἐλάμϐανεν
2956 836 3210 910 αῖσθησιν
3244 836 3345 906 τῆς
3376 835 3653 908 σωτηρίας
3681 836 3791 889 τῶν
3826 836 4018 907 ἐνενήη

2335 940 2503 979 κοντα
2529 924 2687 979 ἐννέα
2704 964 2721 987 ,
2750 925 2856 989 ἐως
2902 925 2972 979 ἀν
3015 925 3075 978 τὸ
3110 923 3393 988 ἀπολωλὸς
3435 917 3565 995 εῦρε
3590 925 3688 978 καὶ
3713 927 3780 995 τῇ
3807 921 4019 996 ποίμνῃ

2336 1011 2499 1066 πάλιν
2535 1012 2838 1067 ἀπέδωκεν.
2875 1013 2989 1083 υὺχ
3032 1013 3163 1084 δρᾷς
3194 1013 3289 1066 καὶ
3318 1012 3411 1065 ἐπὶ
3438 1010 3531 1065 τοῦ
3560 1010 3811 1083 σώματος
3853 1010 4020 1065 τοῦτο

2334 1100 2657 1170 γινόμενονς
2696 1099 2793 1153 ἐὰν
2827 1099 2940 1172 γὰρ
2972 1099 3063 1153 τὸν
3102 1100 3279 1169 -δνυχα
3328 1098 3489 1170 μόνον
3540 1098 4021 1169 προσπταίσαντες

2333 1186 2761 1260 ἀναστρέψωμεν
2786 1228 2801 1253 ,
2829 1186 2952 1239 ὅλον
2998 1184 3077 1256 τῷ
3120 1185 3272 1256 μέλει
3309 1185 3564 1255 συναλγεῖ
3603 1186 3664 1240 τδ
3708 1184 3891 1256 σῶμα.
3922 1184 4020 1257 Μὴ

2332 1275 2514 1330 τοίνυν
2541 1274 2700 1329 τοῦτο
2730 1276 2892 1347 εἴπῃς
2913 1317 2926 1336 ,
2957 1274 3032 1338 ὡς
3062 1274 3233 1342 ὀλίγοι
3257 1273 3404 1338 τινές
3429 1272 3834 1346 ὑπελείφθησαν
3860 1274 3911 1327 οἰ
3938 1274 4020 1346 μὴ

2335 1362 2761 1435 κατωρθωκότες
2793 1374 2841 1427 ε,
2878 1361 2995 1416 ἀλλ’
3029 1365 3207 1417 ἐκεῖνο
3235 1363 3429 1416 σκόπει
3460 1363 3544 1417 ὅτι
3572 1355 3721 1417 οὗτοι
3754 1362 3805 1415 οἰ
3841 1361 4018 1429 ὀλίγοι

2337 1450 2413 1523 μὴ
2462 1451 2847 1524 διορθωθέντες
2900 1451 3125 1514 πολλοὺς
3173 1450 3578 1523 διαφθείρουσιν
3613 1449 3853 1522 ἐτέρους.
3904 1451 4019 1504 Καὶ

2333 1538 2442 1610 γάρ
2479 1534 2563 1604 εἷς
2593 1535 2663 1611 ἦν
2695 1542 2725 1595 ό
2752 1539 3143 1612 πεπορνευκὼς
3175 1538 3329 1611 παρά
3355 1537 3662 1611 Κορινθίοις
3684 1577 3700 1603 ,
3735 1539 3830 1592 καί
3863 1538 4019 1609 ὅμως

2331 1624 2506 1689 οὕτως
2550 1626 2768 1682 έστενεν
2816 1631 2845 1681 6
2878 1625 3090 1690 Παῦλος
3132 1627 3211 1691 ὡς
3246 1626 3378 1697 ὅλης
3418 1629 3519 1698 τῆς
3551 1626 3761 1690 πόλεως
3798 1624 4019 1679 ἀπολωο

2330 1711 2507 1777 λυίας.
2526 1714 2638 1767 Καὶ
2670 1714 2814 1784 μάλα
2841 1713 3069 1778 εἰκότως
3088 1732 3102 1745 ·
3130 1714 3247 1785 ᾔδει
3273 1714 3384 1785 769
3408 1715 3491 1767 δτι
3512 1713 3588 1785 μὴ
3614 1712 3985 1784 σωφρονισθέν
4002 1742 4017 1753 -

2333 1818 2422 1865 τος
2452 1801 2664 1857 ἐκείνου
2716 1802 2927 1873 ταχέως
2963 1801 3028 1856 τὸ
3079 1803 3294 1874 νόσημα
3329 1799 3545 1873 βαδίζον
3588 1800 3693 1872 6δῷ
3743 1802 3839 1854 καὶ
3888 1802 4021 1865 τοὺς

2332 1888 2526 1953 ἀλλους
2556 1890 2941 1962 ἐπιδραμεῖται
2984 1891 3212 1954 πάντας.
3250 1882 3404 1944 Εἶδον
3436 1887 3629 1962 πρώην
3657 1890 3717 1943 ἐν
3749 1889 3830 1961 τῷ
3861 1889 4019 1943 δικα-

2337 1979 2542 2049 στηρίῳ
2565 1978 2883 2049 δεδεμένους
2909 1979 3004 2032 καὶ
3026 1977 3408 2048 ἀπαγομένους
3432 1977 3521 2031 διὰ
3558 1976 3729 2047 μέσης
3761 1977 3862 2047 τῆς
3885 1978 4022 2046 ἀγο-

2337 2068 2437 2135 ρᾶς
2461 2068 2589 2131 τοὺς
2612 2068 2936 2137 περιφανεῖς
2964 2065 3206 2129 ἐκείνους
3238 2065 3459 2137 ἄνδρας,
3487 2066 3580 2119 καί
3614 2083 3778 2119 τινων
3798 2065 4014 2136 θαυμαο

2332 2152 2535 2216 ζόντων
2594 2152 2685 2207 διά
2733 2152 2833 2224 τὴν
2890 2152 3199 2224 ὑπερϐολὴν
3248 2154 3348 2224 τῆς
3405 2151 3655 2224 ὕϐρεως,
3690 2152 3859 2207 Οὑδέν
3910 2153 4019 2225 χρὴ

2331 2240 2665 2312 θαυμάζειν,
2715 2240 2895 2313 ἐτεροι
2926 2241 3114 2310 ελεγον
3140 2260 3152 2271 ·
3184 2241 3316 2296 ένθα
3348 2240 3460 2313 769
3488 2241 3556 2297 ἂν
3603 2238 3637 2315 ᾖ
3666 2240 4018 2304 καθοσίωσις.

2330 2328 2550 2400 ἀξίωμα
2594 2329 2746 2382 οὑδέν
2794 2328 3018 2398 ὠφελεῖ.
3056 2327 3267 2383 Οὐκοῦν
3314 2329 3495 2401 πολλῷ
3538 2330 3739 2401 μᾶλλον
3785 2329 3913 2383 ἔνθα
3950 2330 4020 2385 ἂν

2330 2415 2557 2470 ἀσέϐεια
2640 2457 2654 2476 ,
2686 2415 2908 2488 ἀξίωμα
2948 2415 3102 2470 οὑδέν
3131 2415 3353 2485 ὠφελεῖ.

2398 2520 2650 2575 ε’.Ταῦτα
2664 2516 2759 2576 οὖν
2774 2520 3080 2585 ἐννοοῦντες
3092 2521 3540 2593 διαναστήσωμεν
3550 2522 3895 2587 ἐαυτούς·ἐάν
3907 2524 4021 2595 γὰρ

2333 2610 2409 2680 μὴ
2434 2611 2537 2681 τὴν
2571 2612 2703 2681 παρ’
2726 2609 2883 2681 ὑμῶν
2913 2609 3153 2680 σπουδὴν
3185 2610 3344 2680 ὑμεῖς
3372 2610 3748 2683 εἰσενέγκητε,
3788 2613 4017 2683 περιττά

2329 2696 2400 2751 τά
2427 2698 2561 2769 παρ’
2589 2698 2748 2769 ⁴ἡμῶν
2780 2697 3018 2751 ᾶπαντα.
3056 2697 3123 2749 Τί
3164 2698 3397 2768 δήποτε;
3426 2698 3552 2751 Ὀτι
3600 2699 3697 2769 οὐχ
3736 2698 3925 2770 ὥσπερ
3958 2700 4018 2752 αἰ

2332 2784 2516 2840 λοιπαὶ
2542 2786 2761 2856 τέχναι,
2811 2782 2955 2838 οὕτω
3003 2785 3163 2855 καὶὴ
3212 2784 3568 2857 διδασκαλική
3603 2788 3718 2839 ἐστι
3762 2785 4015 2857 δύναμις.

2342 2873 2403 2929 ’0
2435 2874 2536 2944 μέν
2576 2872 2689 2946 γάρ
2716 2872 3103 2944 ἀργυροκόπος
3136 2866 3251 2926 οἷον
3294 2873 3362 2927 ἂν
3406 2872 3684 2947 χαλκεύσῃ
3710 2873 3773 2927 τό
3822 2873 4023 2940 σκεῦος

2331 2963 2424 3016 καὶ
2461 2962 2773 3033 ἀπόθηται,
2810 2961 3055 3016 τοιοῦτον
3097 2961 3269 3017 ἐλθὼν
3295 2965 3364 3034 τῇ
3398 2962 3629 3036 ἐπιούσῃ
3656 2962 3818 3016 πάλιν
3850 2963 4019 3033 εὑρή-

2331 3066 2441 3103 σει’
2478 3051 2573 3104 καὶ
2618 3052 2648 3103 6
2681 3049 3052 3121 χαλκοτύπος,
3112 3050 3206 3103 καὶ
3257 3051 3286 3103 ό
3333 3049 3603 3115 λιθοξόος,
3650 3050 3881 3105 καὶτῶν
3916 3050 4019 3121 δη-

2332 3138 2609 3208 μιουργῶν
2640 3138 2870 3201 ἕκαστος
2893 3131 3008 3191 οἷον
3049 3137 3115 3191 ἂν
3171 3139 3285 3209 ἀφῇ
3318 3138 3380 3191 τδ
3409 3140 3609 3192 οἰκεῖον
3630 3138 3811 3211 ἔργον,
3838 3139 4019 3194 τοιοῦ-

2327 3242 2419 3279 τον
2464 3224 2802 3295 ἀπολήψεται
2830 3224 2995 3279 πάλιν
3021 3240 3035 3254 ·
3082 3226 3177 3278 ἐπὶ
3218 3225 3277 3278 δέ
3313 3224 3469 3296 ήμῶν
3495 3226 3596 3296 οὑχ
3637 3224 3847 3289 οὕτως,
3877 3226 4019 3281 ἀλ.λά

2329 3314 2639 3367 τούναντίον
2689 3314 2836 3366 ἅπαν
2861 3328 2876 3343 ’
2910 3313 2973 3364 οὑ
3031 3312 3141 3383 769
3189 3310 3373 3382 ἀψυχα
3422 3312 3591 3385 σκεύη
3613 3356 3626 3376 ,
3657 3312 3793 3367 ἀλλά
3834 3312 4019 3385 ψυχὰς

2328 3398 2667 3471 χαλκεύομεν
2695 3398 2939 3468 λογικάς.
2975 3398 3074 3451 Διά
3091 3398 3252 3451 τοῦτο
3277 3399 3341 3451 οὑ
3378 3399 3653 3463 τοιούτους
3687 3401 3831 3470 ὑμᾶς
3864 3400 4019 3472 εὑρί·

2330 3504 2533 3558 σκομεν
2575 3487 2720 3551 οἴους
2772 3486 3265 3556 καταλιμπάνομεν
3288 3525 3306 3552 ,
3340 3486 3457 3541 ἀλλ’
3488 3487 3709 3543 ἐπειδάν
3757 3488 4018 3553 λαϐόντες

2331 3575 2473 3644 μετά
2497 3573 2693 3627 πολλοῦ
2732 3574 2979 3645 καμάτου
3014 3573 3425 3646 διαπλάσωμεν,
3462 3573 3865 3646 διορθώσωμεν,
3895 3576 4016 3648 θερ-

2332 3663 2596 3734 μοτέρους
2619 3660 3010 3733 ἐργασώμεθα,
3033 3660 3348 3729 ἐξελθόντας
3379 3664 3525 3733 ὑμᾶς
3548 3665 3582 3734 ή
3613 3662 3720 3717 τῶν
3759 3666 4016 3735 πραγμά-

2326 3765 2435 3802 των
2455 3749 2778 3820 περίστασις
2791 3748 3130 3819 πανταχόθεν
3153 3748 3670 3820 περιατοιχιζομένη
3695 3750 4016 3822 διαστρέφει

2330 3836 2520 3897 πάλιν,
2580 3838 2673 3889 καὶ
2705 3835 2926 3888 πλείονα
2979 3836 3210 3907 παρέχει
3259 3835 3359 3906 τὴν
3404 3835 3693 3889 δυσκολίαν
3725 3838 3876 3909 ήμῖν.
3910 3839 4013 3893 Διά

2326 3925 2485 3978 τοῦτο
2514 3924 2706 3994 δέομαι
2741 3923 2835 3976 καὶ⁸
2866 3922 3134 3977 ἀντιϐολῶ
3165 3924 3322 3995 χεῖρα
3352 3922 3540 3994 ὀρέξαι
3562 3963 3577 3984 ,
3609 3924 3703 3977 καὶ
3747 3924 3879 3997 ὅσην
3924 3927 4014 3979 ἐν-

2326 4013 2501 4067 ταῦθα
2552 4011 2815 4083 ποιοῦμαι
2847 4012 2948 4083 τὴν
2982 4010 3220 4082 σπουδὴν
3250 4010 3387 4082 πρὸς
3428 4010 3529 4085 τὴν
3574 4010 3861 4083 διόρθωσιν
3909 4014 4013 4084 τὴν

2328 4101 2603 4173 ὑμετέραν
2623 4140 2638 4164 ,
2672 4098 2944 4170 τοσαύτην
2978 4098 3308 4160 ἀπελθόντες
3336 4096 3585 4151 ἐντεῦθεν
3633 4099 4011 4157 ἐπιδείκνυσθε

2326 4189 2457 4260 περί
2496 4188 2595 4260 τὴν
2649 4186 2923 4259 σωτηρίαν
2961 4186 3063 4255 τὴν
3110 4184 3384 4254 ὑμετέραν
3422 4185 3698 4257 φροντίδα,
3730 4187 3856 4241 Είθε
3907 4190 4011 4260 μέν

2326 4278 2435 4348 769
2467 4275 2692 4331 δυνατὸν
2739 4269 2809 4345 ἦν
2844 4272 2986 4343 ὑπὲρ
3034 4270 3189 4341 ὑμῶν
3244 4270 3346 4342 ἐμέ
3396 4272 3734 4344 κατορθοῦν,
3788 4277 3883 4329 καὶ
3938 4279 4011 4331 τά

2326 4365 2538 4420 ἐπαθλα
2573 4363 2719 4433 ὑμᾶς
2746 4359 3048 4430 λαμϐάνειν
3082 4355 3235 4429 [μθ]
3267 4357 3378 4439 τῶν
3404 4354 3870 4431 κατορθωμάτων,
3912 4365 4009 4418 καὶ

2326 4454 2427 4507 οὑκ
2456 4452 2523 4505 ἂν
2547 4448 2801 4503 τοσοῦτον
2834 4445 3145 4517 ἠνώχλησα.
3187 4444 3348 4498 Ἀλλά
3372 4445 3425 4499 τί
3454 4445 3612 4501 πάθω
3634 4466 3648 4513 ;
3673 4449 3834 4503 τοῦτο
3871 4452 4010 4523 ἀμή.

2326 4556 2521 4613 χανον’
2575 4539 2791 4609 ἑκάστῳ
2829 4535 2938 4606 γάρ
2989 4533 3136 4588 κατά
3184 4532 3253 4587 τά
3304 4533 3443 4605 έργα
3493 4536 3658 4589 αὑτοῦ
3712 4538 4004 4596 ἀποδώσει.

2329 4631 2542 4699 ’Ὠσπερ
2601 4625 2694 4680 οὖν
2754 4625 2941 4694 μήτηρ
2978 4621 3159 4693 δρῶσα
3188 4622 3249 4676 τὸ
3280 4622 3491 4676 παιδίον
3521 4623 3788 4693 πυρέττον
3812 4665 3825 4686 .
3865 4643 4007 4698 παρ-

2326 4717 2539 4771 εστῶσα
2568 4712 2854 4783 ἀγχομένῳ
2903 4712 2999 4764 καὶ
3053 4710 3361 4782 καιομένῳ,
3420 4710 3693 4783 θρηνοῦσα
3745 4714 4007 4781 πολλάκις

2325 4801 2448 4858 εἷπε
2497 4802 2633 4873 πρὸς
2689 4801 2749 4853 τὸ
2802 4797 2995 4853 νοσοῦν
3050 4799 3301 4862 παιδίον,
3345 4798 3469 4852 Εἴθε
3503 4817 3591 4870 μοι
3640 4797 4004 4874 δυνατὺνῆν,

2323 4891 2534 4955 τέκνον,
2561 4889 2651 4942 τὸν
2686 4886 2919 4958 πυρετόν
2938 4885 3297 4952 ἀναδέξασθαι
3331 4887 3423 4939 τὸν
3453 4887 3565 4951 σὺν,
3598 4888 3693 4941 καὶ
3717 4890 3804 4942 ἐπ’
3830 4891 4005 4960 ἐμαυ-

2324 4981 2423 5052 τὴν
2452 4977 2674 5031 ἐλκύσαι
2699 4976 2796 5046 τὴν
2821 4974 2996 5043 φλόγα.
3014 4990 3027 5003 ’
3052 4972 3195 5027 οῦτω
3219 4972 3281 5044 δὴ
3310 4974 3405 5026 καί
3433 4973 3545 5042 ἐγὼ
3568 4973 3711 5044 λέγω
3731 4975 3846 5031 νῦν·
3872 4978 4004 5035 Εἴθε

2324 5066 2548 5121 δυνατὸν
2568 5060 2636 5134 ἦν
2657 5063 2759 5133 ἐμὲ
2783 5062 3094 5131 πονήσαντα
3131 5061 3270 5131 ὑπὲρ
3308 5061 3461 5130 ὑμῶν
3494 5062 3838 5134 κατορθῶσαι
3864 5067 4007 5122 πάν-

2324 5174 2432 5208 των
2454 5171 2467 5184 ³
2499 5152 2614 5207 ἀλλ’
2659 5151 2760 5203 οὐκ
2799 5148 2914 5201 ἐστι
2956 5146 3114 5201 τοῦτο
3133 5186 3148 5211 ,
3198 5148 3300 5200 οὑκ
3328 5147 3475 5201 ἔστιν
3501 5187 3515 5212 ,
3548 5148 3684 5204 άλλά
3713 5151 3823 5206 τῶν
3852 5154 4008 5227 αὑτῷ

2327 5240 2719 5315 πραττομένων
2747 5239 2978 5291 ἕκαστον
3014 5236 3227 5306 ἀνάγκη
3257 5235 3441 5289 δοῦναι
3473 5236 3575 5300 τάς
3614 5236 3880 5307 εὐθύνας,
3907 5246 4009 5300 καὶ

2324 5334 2425 5385 οὐκ
2461 5317 2669 5383 ἀν’ῖδοι
2722 5342 2808 5389 τις
2860 5324 3046 5395 ἕτερον
3078 5325 3218 5395 ὺπέρ
3250 5324 3438 5394 ἐτέρου
3485 5325 3868 5396 κολαζόμενον.
3904 5332 4009 5387 Διά

2324 5418 2483 5471 τοῦτο
2526 5413 2802 5484 ὀδυνῶμαι
2847 5413 2941 5465 καὶ
2969 5411 3155 5483 θρηνῶ
3174 5451 3189 5475 ,
3223 5411 3305 5465 ὅτι
3336 5411 3478 5466 κατὰ
3504 5412 3603 5484 τὴν
3630 5413 3845 5486 ἡμέραν
3874 5414 4008 5488 ὑμῖν

2325 5505 2542 5575 ἐκείνην
2576 5500 2994 5571 ἐγκαλουμένοις
3025 5500 3086 5551 οὑ
3131 5499 3435 5571 δυνήσομαι
3468 5502 3817 5573 παραστῆναι
3844 5521 3858 5534 ·
3899 5505 4006 5575 μά-

2324 5593 2480 5646 λιστα
2522 5590 2621 5661 μὲν
2652 5591 2761 5660 γὰρ
2802 5587 2920 5640 οὑδὲ
2956 5588 3240 5658 παρρησία
3300 5604 3395 5657 μοι
3424 5588 3559 5659 πρὸς
3595 5591 3685 5643 τὸν
3719 5589 3854 5644 Θεόν
3884 5593 4005 5649 ἐστι

2323 5678 2584 5747 τοσαύτη.
2625 5677 2687 5730 Εἰ
2716 5677 2773 5728 δὲ
2797 5676 2888 5728 καὶ
2916 5675 3233 5747 παρρησίαν
3263 5670 3409 5745 εἰχον
3434 5716 3449 5740 ,
3475 5676 3576 5729 οὑκ
3609 5677 3726 5749 εἰμί
3756 5679 4004 5747 Μωσέως

2322 5767 2623 5838 ἁγιώτερος
2645 5806 2660 5831 ,
2709 5764 2829 5818 οὑδὲ
2869 5762 3123 5834 Σαμουὴλ
3164 5763 3497 5835 δικαιότερος
3516 5803 3533 5830 ,
3562 5763 3657 5829 οὓς
3689 5767 3783 5820 ἐπὶ
3813 5768 4002 5823 τοσοῦ-

2389 5911 2411 5939 ε
2439 5908 2549 5957 Sav.
2583 5915 2635 5958 el
2677 5910 2883 5958 ma‘ima
2915 5920 3024 5970 pars
3053 5921 3169 5958 mss.
3192 5907 3575 5972 κατωρθωκότες,
3602 5906 3722 5959 Ilor.
3752 5911 3998 5978 κατορθῶ

2328 5986 2509 6027 σαντες.
