4232 6320
213 391 308 446 HI
1124 385 1215 438 AD
1257 375 1580 438 POI’L‘LLM
1623 368 2116 427 ANTIOCIIENUM
2183 370 2411 428 IIOMIL.
2452 372 2592 429 XIII.

213 521 352 574 opus
380 503 548 559 habet
577 501 861 558 sedulitate
894 506 951 553 ct
987 495 1184 552 studio.
1226 494 1336 549 Nec
1366 492 1540 548 solum
1563 491 1634 544 ita
1662 486 1814 542 uoln's

215 596 431 667 pondus
457 594 677 658 levavit,
708 591 802 648 sed
833 591 1014 646 etalio
1040 587 1199 644 modo
1225 601 1409 640 rursus
1441 586 1677 652 ipsorum
1707 594 1820 634 me-

216 677 445 745 ritorum
472 686 721 758 qttzndam
749 685 1010 741 naturalia
1045 681 1198 737 nobis
1219 693 1341 734 esse
1363 678 1572 733 sinetis.
1608 674 1816 730 Etenim

217 796 321 834 una
351 793 475 834 cum
509 778 582 833 iis
618 778 709 848 qui
746 774 1126 832 centumeliam
1172 771 1483 842 patiuntur,
1533 764 1817 836 indignari,

217 873 467 928 naturale
506 887 700 928 omnes
741 871 1000 925 habemus
1046 866 1264 936 (statim
1294 864 1492 935 quippe
1521 858 1823 947 infestanti-

214 964 319 1020 bus
345 961 837 1019 el’ficitnurinimici
861 1003 875 1027 ,
903 960 1029 1014 licet
1055 957 1154 1030 ipsi
1177 955 1314 1012 nihil
1338 955 1509 1010 simus
1539 950 1735 1022 passi).
1766 954 1823 1004 et

211 1055 478 1127 gratulari
506 1053 816 1110 defensione
841 1060 895 1106 et
910 1049 1115 1106 auxilio
1136 1046 1490 1119 potientibus,
1521 1051 1576 1099 et
1603 1041 1817 1096 inlalie-

213 1152 304 1206 nis
344 1148 742 1205 calamitatibus
768 1142 1303 1216 affligi,etcharitate
1330 1148 1525 1194 mutua.
1542 1135 1819 1192 delectari.

215 1239 333 1295 Etsi
363 1240 513 1294 enim
537 1253 714 1295 rerum
731 1252 886 1292 casus
908 1234 1234 1291 simultatem
1254 1230 1540 1303 quamdam
1567 1227 1822 1283 inducere

215 1330 545 1394 videantur,
599 1327 860 1382 habemus
910 1335 1090 1383 tamen
1146 1337 1490 1378 communem
1540 1320 1680 1374 inter
1723 1333 1822 1373 nos

214 1435 485 1476 antorem.
542 1419 611 1474 Et
655 1418 756 1476 hoc
792 1418 1009 1489 quidam
1037 1416 1251 1486 sapiens
1291 1414 1520 1469 innuens
1557 1410 1771 1467 dicebat
1804 1429 1818 1466 :

217 1512 388 1567 Omne
413 1511 610 1566 animal
628 1520 765 1565 amat
784 1510 876 1566 sibi
900 1509 1085 1576 simile,
1110 1516 1154 1562 et
1174 1506 1326 1562 homo
1352 1505 1642 1577 proximum
1671 1519 1822 1557 suum

215 1602 409 1674 (δι-σιξ.
448 1604 540 1658 15.
575 1603 688 1674 19).

289 1697 340 1749 ι.
380 1695 571 1750 Multos
599 1703 777 1750 autem
808 1704 861 1750 et
881 1693 1016 1749 alios
1040 1701 1234 1764 praeter
1257 1689 1646 1747 conscientiam
1679 1705 1820 1756 pra:—

213 1796 470 1855 ceptores
505 1785 833 1841 nobis-Deus
862 1786 1150 1856 pra-posuit
1185 1803 1197 1839 :
1227 1783 1426 1840 etenim
1467 1791 1647 1853 patres
1675 1781 1819 1846 filiis,

213 1890 276 1934 et
323 1879 574 1934 dominos
625 1879 796 1934 servis
821 1920 835 1942 ,
883 1889 937 1934 ct
979 1878 1123 1932 viros
1150 1876 1405 1932 uxoribus
1430 1917 1444 1940 ,
1491 1883 1546 1930 ct
1573 1873 1823 1930 doctores

213 1971 494 2042 discipulis
511 2011 526 2036 ,
556 1981 622 2026 et
638 1971 972 2042 legislatores
998 1979 1055 2027 et
1077 1970 1288 2040 jodices
1314 1967 1544 2025 subditis
1563 2011 1578 2033 ,
1611 1975 1666 2023 et
1685 1966 1823 2022 ami-

211 2079 310 2119 eos
336 2065 546 2119 amicis.
593 2064 750 2132 Stepc
789 2077 919 2119 vero
949 2072 1005 2120 et
1042 2065 1111 2118 ab
1133 2062 1364 2116 inimicis
1396 2075 1502 2115 non
1534 2058 1713 2114 minus
1740 2057 1823 2112 lu-

212 2172 466 2221 cramur,
509 2171 670 2227 quam
708 2158 777 2211 ab
810 2157 998 2211 amicis
1027 2175 1040 2209 :
1073 2172 1196 2211 cum
1227 2156 1371 2211 enim
1409 2154 1565 2211 nobis
1601 2159 1820 2223 peccata

211 2246 698 2316 esprobraverint,
728 2247 888 2302 etiam
934 2246 1129 2301 invitos
1169 2247 1223 2301 in
1256 2248 1495 2318 ipsorum
1519 2245 1821 2301 cor-rectio-

213 2353 340 2393 nem
367 2338 629 2397 exeimnt.
683 2338 786 2394 Tot
816 2351 993 2393 autem
1028 2340 1279 2394 doctores
1307 2339 1468 2394 nobis
1496 2337 1814 2409 prmposuit,

212 2441 276 2488 ut
313 2430 487 2488 facilis
522 2432 676 2487 nobis
707 2433 954 2487 utilitatis
991 2433 1228 2488 inventio
1254 2440 1311 2486 et
1336 2432 1608 2502 reparatio
1642 2431 1817 2495 fleret,

214 2523 559 2579 multitudine
605 2525 672 2578 ad
725 2523 776 2578 id
826 2523 1268 2593 compcllentium
1315 2538 1422 2578 non
1475 2523 1822 2592 permittente

214 2631 314 2670 nos
340 2615 410 2671 ab
439 2617 502 2671 iis
523 2658 538 2682 ,
583 2633 703 2686 qua:
732 2617 887 2671 nobis
926 2617 1253 2686 expediunt,
1289 2615 1559 2673 excidere.
1607 2616 1821 2671 Etenim

211 2709 260 2762 si
284 2717 537 2778 parentes
563 2717 971 2764 contemnamus
989 2750 1002 2772 ,
1033 2709 1379 2780 magistratus
1408 2709 1680 2774 timentes,
1709 2707 1820 2763 eri-

212 2814 338 2853 mus
364 2799 586 2854 omnino
626 2799 866 2855 mitiores
900 2817 912 2853 :
943 2809 996 2854 et
1035 2800 1079 2854 si
1123 2801 1243 2854 illos
1281 2800 1333 2852 in
1364 2799 1604 2869 peccatis
1633 2799 1821 2870 despi-

209 2891 462 2957 ciamus,
501 2907 791 2962 numquam
839 2892 1187 2948 conscientiae
1234 2890 1820 2961 increpationem.efl‘u-

209 2997 343 3051 gere
370 2997 653 3051 possumus
685 2999 698 3035 :
731 2992 786 3039 et
827 2982 870 3039 si
915 2983 1052 3038 hanc
1100 2998 1459 3053 aspernemur
1487 2991 1542 3038 et
1582 2982 1819 3052 repella-

211 3087 357 3138 mus,
379 3073 668 3130 multorum
682 3074 991 3144 opinionem
1017 3076 1289 3140 timentes,
1312 3073 1565 3130 meliores
1580 3073 1820 3142 erimus;

211 3163 260 3216 si
302 3163 371 3218 ad
417 3163 554 3220 hanc
589 3181 694 3220 non
724 3166 1142 3232 erubescamus,
1194 3166 1393 3222 insitus
1438 3167 1612 3238 legum
1658 3168 1822 3223 timor

212 3254 299 3308 vel
343 3253 539 3309 invitos
578 3271 674 3311 nos
703 3257 967 3328 castigare
1009 3259 1247 3327 poterit:
1278 3267 1334 3314 et
1361 3273 1457 3314 eos
1483 3260 1572 3329 qui
1590 3259 1820 3330 juvenes

213 3353 364 3411 sunt,
394 3347 634 3416 magistri
663 3357 714 3403 et
746 3359 926 3418 patres
949 3390 963 3414 ,
1004 3348 1219 3404 adultos
1249 3366 1379 3404 vero
1409 3351 1743 3421 legislatorcs
1763 3360 1820 3408 et

214 3437 492 3508 principes
513 3439 564 3492 in
597 3454 782 3494 curam
811 3454 960 3494 suam
985 3450 1261 3496 sumentes
1282 3451 1623 3511 componunt
1653 3460 1666 3496 :
1694 3458 1815 3498 ser-

213 3529 379 3600 vique
422 3529 642 3600 segnius
682 3545 742 3586 se
790 3531 1048 3586 habentes
1073 3541 1127 3586 et
1153 3548 1181 3584 a
1228 3531 1551 3601 supradictis
1577 3543 1629 3588 et
1653 3551 1684 3588 a
1715 3533 1818 3590 do-

214 3619 378 3675 tninis
422 3622 796 3677 necessitatem
835 3623 1115 3677 modestia
1157 3624 1434 3680 servanda:
1478 3624 1712 3692 habent,
1764 3635 1820 3681 et

215 3712 474 3768 mulieres
497 3728 527 3765 a
552 3714 712 3778 viris;
742 3723 795 3768 et
818 3716 965 3768 multi
990 3715 1226 3786 undique
1252 3717 1434 3787 generi
1464 3726 1651 3772 nostro
1678 3718 1817 3772 muri

214 3813 340 3857 sunt
361 3846 376 3869 ,
406 3820 474 3859 ne
511 3804 664 3859 facile
707 3805 757 3860 in
789 3807 970 3861 vitium
1002 3807 1304 3864 dilabantur
1333 3819 1386 3864 et
1426 3809 1704 3865 cadamus.
1736 3811 1817 3866 Ad

214 3893 330 3950 hate
354 3904 536 3951 autem
566 3897 744 3950 omnia
763 3907 816 3952 et
843 3899 1186 3968 a-gritodines
1213 3911 1268 3955 et
1298 3902 1632 3971 negotiorum
1662 3918 1817 3971 pres-

212 4002 353 4041 sura:
395 4002 495 4043 nos
540 3988 736 4044 docent
770 4007 781 4042 :
819 3990 1020 4045 ctenim
1052 4002 1105 4046 ct
1143 4002 1426 4062 paupertas
1467 3993 1720 4060 cohibet,
1763 4003 1818 4049 et

215 4077 414 4131 mulcta
444 4078 705 4149 castigat,
745 4089 800 4136 et
819 4081 1117 4152 periculum
1144 4085 1406 4153 corripit,
1433 4095 1488 4140 et
1519 4086 1685 4140 multa
1713 4087 1815 4141 alia

214 4166 544 4238 lmjusmodi.
595 4169 714 4226 Non
743 4181 908 4228 terret
934 4181 994 4228 te
1013 4175 1205 4244 pater?
1247 4191 1346 4231 nec
1388 4179 1683 4248 magister?
1709 4193 1816 4234 non

212 4260 510 4329 princeps?
557 4276 663 4316 non
706 4261 1017 4332 legislator?
1066 4280 1172 4320 non
1206 4265 1412 4336 judex?
1455 4284 1561 4322 non
1597 4280 1647 4324 te
1687 4286 1816 4325 con-

213 4351 388 4407 fundit
422 4353 669 4409 amicus?
693 4371 798 4412 non
826 4365 877 4412 te
906 4356 1118 4412 mordet
1146 4358 1432 4414 inimicus?
1460 4378 1563 4415 non
1593 4363 1824 4433 castigat

211 4442 504 4498 dominus?
533 4459 641 4499 non
671 4444 833 4501 docet
867 4447 1127 4502 maritus?
1153 4464 1261 4503 non
1295 4451 1513 4521 corrigit
1537 4453 1818 4508 conscien-

213 4533 325 4589 tia?
394 4535 501 4591 Sed
553 4537 852 4608 corporalis
906 4540 1170 4610 :rgritudo
1232 4544 1620 4613 superveniens
1672 4561 1817 4616 same

213 4627 396 4681 omnia
422 4631 698 4697 correxit,
734 4640 789 4686 et
827 4632 1026 4687 mulcta
1069 4634 1329 4690 audacem
1370 4637 1494 4692 fecit
1534 4637 1817 4696 humanio-

214 4736 370 4776 rem:
398 4722 650 4791 quodque
686 4725 927 4793 profecto
961 4726 1136 4796 majus
1181 4737 1262 4783 est
1284 4769 1298 4791 ,
1341 4744 1447 4783 non
1480 4739 1682 4785 tantum
1717 4747 1810 4788 no-

213 4812 297 4866 bis
318 4853 335 4876 ,
367 4812 465 4867 scd
492 4827 546 4868 et
578 4813 698 4870 aliis
737 4815 1033 4872 accidentia
1061 4819 1198 4873 mala
1235 4837 1560 4891 magnopere
1591 4837 1690 4877 nos
1715 4824 1817 4880 ad-

211 4901 406 4970 juvare
443 4915 838 4961 consueverunt
871 4924 885 4960 :
914 4915 968 4961 et
1011 4908 1111 4976 ipsi
1145 4925 1312 4980 grave
1343 4911 1418 4966 nil
1454 4913 1634 4981 passi,
1680 4915 1816 4971 alios

216 5009 344 5047 vero
396 4994 571 5063 puniri
622 4997 958 5066 conspicati,
1011 5016 1116 5053 non
1175 5002 1352 5056 minus
1403 5002 1511 5059 illis
1567 5006 1812 5078 castigati

283 5176 540 5234 Adversus
569 5180 883 5250 juramenta.
911 5212 983 5224 —-
1019 5183 1130 5238 lloc
1166 5196 1218 5239 et
1264 5187 1315 5240 in
1358 5187 1650 5244 benefactis
1688 5191 1810 5261 quis

215 5269 392 5326 videat
419 5271 639 5328 evenire
668 5289 682 5327 :
713 5274 848 5328 sicut
892 5276 1037 5330 enim
1063 5276 1191 5330 dum
1214 5278 1515 5348 puniuntur
1542 5282 1690 5348 mali,
1720 5285 1812 5341 alii

213 5361 466 5416 meliores
509 5360 817 5419 efﬁciuntur
845 5383 858 5420 :
886 5367 964 5420 sic
1011 5367 1167 5422 bonis
1208 5368 1346 5424 bene
1386 5386 1445 5425 se
1479 5375 1808 5442 gerentibus,

217 5451 363 5507 multi
392 5452 462 5508 ad
495 5453 726 5509 similem
766 5456 940 5510 zelum
977 5455 1304 5513 inducuntur
1342 5480 1354 5515 :
1390 5463 1532 5532 quod
1569 5466 1696 5519 etin
1735 5466 1813 5536 ju-

220 5553 578 5600 tatnentorum
619 5544 743 5617 fuga
790 5547 1032 5618 contigit.
1074 5549 1222 5604 Multi
1268 5553 1412 5606 enitn
1459 5555 1594 5611 alios
1635 5557 1810 5614 intuiti

221 5635 404 5692 Italam
431 5637 750 5708 deposuisse
780 5639 996 5710 jurandi
1044 5643 1486 5702 consuetudinem
1509 5688 1523 5710 ,
1573 5649 1808 5706 studium

214 5727 392 5786 unitati
421 5737 573 5796 sunt,
601 5741 986 5803 peccatumque
1009 5733 1255 5790 vicerunt
1281 5754 1293 5789 :
1325 5747 1607 5808 propterea
1628 5753 1683 5797 et
1709 5759 1806 5802 nos

211 5821 503 5895 mplius
531 5822 725 5880 iterum
759 5824 1005 5883 eamdem
1044 5829 1311 5901 tangimus
1355 5831 1794 5895 admonitionem.

3435 378 3533 430 II‘!

1930 482 2101 539 Nemo
2127 483 2272 541 enim
2304 484 2434 540 mihi
2455 485 2620 554 dicat,
2655 486 2800 543 Multi
2827 489 3058 545 correcti
3093 499 3219 546 sunt
3252 509 3265 543 :
3305 491 3404 547 hoc
3426 509 3530 547 mm

1929 585 2014 632 est
2040 577 2184 647 quod
2208 581 2487 648 quaeritur,
2518 580 2612 636 sed
2647 590 2706 637 ut
2726 597 2937 638 omnes.
2972 582 3152 639 Donec
3193 581 3294 640 hoc
3324 583 3528 649 videro.

1928 667 2201 738 respirare
2239 684 2346 724 non
2391 686 2628 740 possunt.
2665 671 2854 728 Pastor
2894 673 2982 730 ille
3022 682 3239 731 centum
3269 691 3398 733 oves
3448 678 3529 733 ha-

1933 757 2112 826 bebat,
2141 768 2196 816 et
2217 775 2320 816 una
2347 763 2567 829 amissa,
2601 779 2708 819 non
2731 767 2899 822 sensit
2926 765 2992 824 de
3019 769 3309 840 nonaginta
3339 786 3530 826 novent

1928 853 2104 908 salute
2121 853 2558 924 delectationem,
2586 858 2759 915 donec
2788 861 3048 929 perditam
3073 862 3276 919 invenit
3307 872 3364 920 et
3386 868 3530 936 grrgi

1929 946 2163 1002 restituit
2187 946 2400 1017 (Matth.
2429 949 2514 1004 18.
2545 948 2633 1006 12.
2669 952 2780 1024 15).
2812 952 2930 1009 Non
2951 955 3130 1010 cernis
3149 964 3203 1012 et
3233 956 3286 1011 iu
3306 969 3532 1028 corpore

1931 1039 2034 1096 hoc
2089 1038 2247 1097 fieri?
2291 1041 2338 1098 si
2391 1043 2536 1099 enim
2578 1045 2660 1100 vel
2714 1062 2944 1119 unguctn
2986 1049 3161 1104 solum
3201 1048 3534 1106 offendentis

1929 1130 2312 1200 subvertimus,
2337 1140 2507 1189 totum
2528 1149 2725 1207 corpus
2752 1139 2994 1193 membro
3024 1139 3296 1196 condolct.
3328 1140 3403 1196 Ne
3433 1142 3529 1210 igi-

1931 1233 2018 1280 tur
2041 1225 2209 1292 dicas,
2255 1226 2418 1284 Pauci
2459 1228 2678 1299 quidam
2726 1230 2895 1286 relicti
2933 1241 3076 1290 sunt.
3124 1233 3212 1302 qui
3264 1250 3367 1288 non
3405 1228 3535 1290 simt

1929 1317 2158 1373 correcti
2183 1333 2198 1382 ;
2227 1318 2320 1373 sed
2353 1319 2480 1375 illud
2501 1320 2803 1387 censidera,
2835 1323 2977 1394 quod
3003 1324 3084 1378 isti
3112 1326 3262 1394 pauci
3287 1343 3391 1381 non
3412 1343 3534 1382 cor-

1929 1411 2060 1466 recti
2100 1412 2298 1468 multos
2326 1425 2674 1486 corrumpant
2705 1416 2858 1473 alios.
2910 1418 3117 1473 Etenim
3163 1427 3220 1475 ot
3258 1420 3397 1490 apud
3439 1421 3533 1476 (2o.-

1930 1501 2157 1560 rintbios
2185 1520 2323 1561 unus
2345 1515 2464 1562 erat
2493 1505 2810 1577 fornicatus,
2851 1522 2903 1565 et
2944 1519 3122 1567 tamen
3177 1512 3248 1566 ita
3287 1513 3535 1582 gemebat

1930 1596 2145 1663 l‘aulus,
2178 1606 2449 1671 tamquam
2502 1608 2608 1656 tota
2655 1601 2864 1674 perdita
2905 1603 3122 1660 civitate
3163 1603 3386 1678 (l.Cor.
3427 1607 3485 1674 5)
3517 1624 3533 1679 :_

1928 1699 1981 1746 et
2019 1691 2243 1758 merito;
2284 1692 2490 1749 sciebat
2526 1694 2707 1761 enim,
2756 1695 2851 1751 illo
2889 1710 2997 1751 non
3045 1709 3310 1764 correcta,
3349 1699 3531 1754 vitium

1928 1798 2154 1854 serpens
2179 1794 2235 1840 et
2273 1785 2410 1842 alios
2437 1801 2630 1844 omnes
2674 1788 2984 1845 invasurum
3021 1807 3164 1848 esse.
3211 1791 3332 1848 Vidi
3364 1810 3534 1864 nuper

1929 1874 1982 1928 in
2025 1873 2230 1944 judicio
2273 1875 2480 1934 vinctos
2529 1886 2585 1934 et
2630 1894 2729 1950 per
2776 1882 3009 1938 medium
3056 1882 3230 1940 forum
3275 1885 3533 1942 abductos

1929 1965 2050 2020 illos
2077 1966 2315 2024 illustres
2333 1970 2490 2026 .viros
2521 1987 2534 2025 :
2559 1979 2616 2027 et
2642 1972 2959 2042 quibusdam
2988 1979 3329 2033 contumelia:
3356 1996 3535 2034 exues-

1927 2069 2047 2110 sum
2085 2056 2514 2127 admirantibus,
2552 2059 2687 2117 nihil
2727 2063 2982 2120 admirari
3011 2078 3244 2135 oportet,
3283 2068 3532 2124 dict-haut

1927 2147 2016 2201 alii
2045 2165 2058 2203 :
2088 2147 2184 2204 ubi
2205 2150 2350 2205 enim
2382 2150 2676 2221 damnatio,
2703 2153 2936 2226 dignitas
2963 2159 3094 2214 nihil
3127 2162 3363 2230 prodest.
3388 2162 3530 2218 Nou-

1928 2255 1998 2296 ne
2025 2240 2184 2312 igitur
2211 2243 2384 2299 multo
2408 2245 2600 2318 magis,
2629 2247 2718 2304 ubi
2747 2249 2818 2304 sit
2848 2250 3116 2322 impietas,
3144 2253 3275 2308 nihil
3303 2254 3532 2327 dignitas

1926 2334 2145 2404 adjuvat
2165 2335 2189 2391 ἲ

1997 2427 2052 2483 5.
2086 2426 2213 2484 Hazc
2237 2428 2398 2501 igitur
2418 2434 2737 2505 cogitantes,
2762 2451 2860 2493 nos
2889 2439 3033 2508 ipsos
3054 2440 3352 2499 excitemus
3382 2463 3396 2496 :
3431 2444 3529 2497 nisi

1927 2520 2071 2576 enim
2103 2519 2337 2578 studium
2364 2524 2720 2584 adhibueritis
2743 2543 2840 2585 vos
2863 2572 2877 2594 .
2909 2547 2938 2585 a
2968 2532 3123 2588 nobis
3146 2535 3327 2589 omnia
3359 2552 3529 2605 agon-

1928 2621 2016 2667 tur
2039 2613 2331 2684 superﬂua.
2365 2616 2504 2686 Quid
2546 2619 2621 2675 ita
2659 2620 2915 2677 tandem?
2953 2624 3218 2690 Quoniam
3262 2644 3365 2679 non
3393 2629 3531 2682 SINII

1926 2708 2149 2780 reliqua:
2174 2716 2320 2765 artes
2343 2749 2359 2775 ,
2389 2710 2460 2764 ita
2483 2719 2567 2767 est
2592 2713 2981 2783 magisterium.
3015 2717 3360 2786 Argentarius
3384 2721 3530 2774 enim

1925 2799 2078 2857 faber
2111 2801 2506 2876 qualecumque
2541 2821 2636 2863 vas
2669 2809 2948 2865 excuderit
2988 2821 3043 2868 et
3072 2815 3390 2883 reposuerit,
3423 2812 3532 2868 talo

1925 2891 2186 2962 postridie
2223 2909 2477 2952 reversus
2525 2898 2719 2954 iterum
2765 2899 3002 2957 inveniet
3051 2921 3065 2957 :
3110 2910 3166 2959 et
3207 2904 3430 2958 mrarius
3477 2916 3528 2960 et

1926 2987 2314 3042 marmorarios
2365 2995 2422 3043 et
2471 2989 2738 3046 artificum
2782 2992 3010 3065 quisque
3045 2995 3209 3064 quale
3257 2996 3529 3064 prpprium

1925 3090 2061 3146 opus
2104 3075 2392 3146 dimiserit,
2426 3080 2532 3136 tale
2562 3097 2776 3138 rursum
2817 3085 3061 3154 recipiet.
3088 3084 3243 3142 Circa
3275 3103 3373 3143 nos
3401 3105 3531 3144 vero

1927 3182 2033 3221 non
2078 3166 2173 3233 ita,
2220 3169 2318 3224 sed
2353 3171 2683 3227 contrarium
2731 3176 2952 3230 omnino
2988 3195 3000 3230 :
3036 3194 3142 3230 non
3169 3179 3312 3232 enim
3354 3180 3496 3234 inani

1926 3269 2068 3315 mata
2095 3274 2243 3326 vasa,
2270 3261 2365 3317 sed
2386 3263 2594 3318 animas
2624 3265 2868 3320 cudimus
2909 3268 3216 3324 rationJes.
3259 3270 3384 3325 Ideo
3422 3288 3528 3326 non

1923 3355 2063 3410 tales
2096 3369 2194 3411 vos
2234 3355 2563 3424 invenimus,
2599 3360 2788 3431 quales
2835 3362 3208 3434 relinquimus,
3244 3367 3337 3422 sed
3386 3379 3529 3437 post-

1924 3461 2089 3516 quam
2113 3455 2394 3518 susceptos
2425 3449 2594 3506 multo
2619 3451 2802 3508 labore
2829 3453 3300 3513 reformat-erimus
3330 3468 3525 3515 eteor—

1925 3540 2245 3608 rexerimus,
2292 3552 2348 3599 et
2372 3545 2711 3603 eﬂ'ecerimus
2753 3548 3126 3620 ferventiores,
3165 3569 3410 3625 egressos
3438 3573 3530 3612 nc-

1923 3631 2190 3702 gotiorum
2238 3634 2641 3693 circumstantia
2683 3655 2777 3694 vos
2822 3642 3055 3713 undique
3096 3645 3527 3702 circumcurrens

1924 3739 2138 3780 rursum
2169 3730 2447 3796 pervertit,
2489 3741 2544 3788 et
2577 3733 2836 3801 majorem
2874 3737 3029 3791 nobis
3075 3739 3276 3807 praebet
3300 3739 3532 3798 difficul-

1925 3825 2112 3873 tatem.
2143 3817 2349 3876 Idcirco
2369 3823 2616 3894 supplico
2643 3835 2699 3881 et
2723 3843 2840 3894 oro,
2881 3845 3098 3885 manum
3140 3834 3446 3906 porrigatis,
3477 3847 3530 3893 ct

1922 3918 2183 3979 quantum
2210 3926 2311 3984 ego
2352 3913 2441 3970 hic
2482 3916 2550 3971 ad
2587 3921 2976 3977 correctionem
3020 3933 3254 3980 vestram
3291 3928 3527 3984 studium

1923 4001 2080 4067 facio,
2113 4011 2318 4060 tantum
2349 4021 2445 4061 vos
2475 4005 2602 4064 hinc
2622 4010 2847 4081 digressi
2878 4014 3018 4068 circa
3047 4015 3274 4072 Salutem
3295 4029 3527 4074 vestram

1922 4109 2068 4149 cura:
2098 4094 2504 4154 demonstretis.
2558 4100 2770 4157 Utinam
2821 4114 3003 4174 posset
3039 4107 3175 4172 fieri,
3209 4120 3270 4164 ut-
3292 4126 3393 4182 ego
3434 4128 3529 4182 pro

1922 4187 2074 4242 vobis
2105 4188 2243 4245 bene
2284 4206 2540 4258 mererer,
2587 4203 2642 4248 et
2679 4196 2993 4252 meritorum
3039 4199 3219 4255 bravia
3246 4217 3341 4256 vos
3371 4219 3530 4274 cape-

1923 4280 2088 4342 retis;
2120 4295 2221 4336 nec
2247 4289 2453 4337 tantum
2494 4299 2592 4339 vos
2631 4301 2930 4342 vexassent.
2978 4288 3085 4346 Sed
3125 4292 3252 4362 quid
3299 4293 3528 4351 faciam?

1923 4371 2026 4427 hoc
2070 4372 2404 4445 impossibile
2434 4385 2561 4432 est:
2604 4379 2797 4448 cuique
2844 4383 2987 4434 enim
3035 4384 3327 4440 secundum
3363 4403 3526 4457 opera

1921 4482 2018 4521 sua
2049 4470 2330 4526 retribuet.
2363 4472 2515 4528 Sicut
2544 4475 2706 4546 igitur
2737 4489 2909 4534 mater
2937 4479 3103 4535 filium
3133 4481 3524 4541 febricitantem

1921 4576 2171 4628 cernens,
2204 4563 2407 4620 dolenti
2451 4575 2506 4622 ct
2546 4568 2754 4624 ardenti
2800 4573 3077 4638 assistens,
3119 4573 3309 4646 lugens
3357 4593 3530 4648 argm-

1924 4652 2056 4706 tanti
2097 4652 2231 4709 dicit
2269 4654 2423 4711 filio:
2458 4655 2694 4726 Utinam,
2727 4660 2821 4727 fili,
2872 4663 3073 4718 febrem
3113 4679 3215 4736 ego
3253 4669 3526 4739 suscipere

1923 4756 2157 4812 possem,
2186 4756 2242 4802 et
2272 4749 2324 4802 in
2348 4763 2436 4804 me
2459 4747 2730 4807 flammam
2761 4753 3036 4811 attrahere
3061 4775 3074 4811 :
3099 4758 3177 4813 sic
3205 4761 3444 4828 profecto
3471 4775 3527 4815 et

1921 4850 2024 4907 ego
2048 4854 2193 4896 nunc
2223 4840 2345 4897 dico
2371 4859 2385 4896 :
2414 4842 2914 4916 Utinam-possibile
2944 4859 3088 4906 esset
3119 4866 3206 4907 me
3248 4869 3346 4923 pro
3375 4856 3526 4911 vobis

1921 4929 2254 4989 laborantem
2276 4935 2528 4992 omnibus
2541 4949 2707 4995 urecte
2748 4957 2942 5012 agere;
2985 4944 3080 4999 sed
3111 4961 3218 5002 non
3247 4947 3373 5003 licet
3400 4948 3523 5016 hoc,

1921 5039 2029 5078 non
2058 5024 2206 5090 licet,
2238 5027 2333 5082 sed
2354 5043 2624 5099 quemque
2651 5046 2874 5089 necesse
2903 5045 2986 5089 est
3028 5051 3057 5089 a
3105 5051 3165 5092 se
3208 5041 3521 5095 coounisso-

1922 5129 2042 5170 rum
2082 5116 2348 5174 rationem
2388 5119 2618 5178 reddere
2647 5138 2661 5176 :
2694 5139 2868 5194 neque
2899 5127 3080 5183 videre
3117 5139 3200 5185 est
3237 5132 3399 5187 alium
3429 5152 3526 5203 pro

1918 5209 2025 5264 alio
2049 5210 2246 5282 puniri.
2276 5212 2563 5283 Propterea
2596 5215 2754 5272 doleo
2780 5225 2836 5273 et
2888 5218 3065 5290 lugeo,
3099 5222 3221 5292 quia
3257 5225 3404 5279 vobis
3434 5227 3522 5282 die

1920 5298 2013 5354 illo
2035 5291 2301 5359 accusatis
2319 5304 2576 5362 assistere
2613 5322 2718 5362 non
2750 5319 2958 5380 potero,
3001 5291 3232 5369 maxime
3259 5332 3381 5371 cum
3429 5335 3523 5374 oe-

1917 5408 2024 5463 que
2053 5395 2183 5450 mihi
2213 5396 2407 5453 fiducia
2433 5400 2575 5468 apud
2620 5401 2788 5457 Deum
2835 5403 2905 5457 sit
2939 5411 3121 5470 tanta;
3152 5407 3196 5461 si
3222 5423 3347 5462 vero
3376 5422 3431 5466 et
3461 5410 3521 5466 fio

1916 5485 2127 5542 duciam
2151 5487 2429 5559 haberem,
2454 5506 2561 5546 non
2593 5507 2710 5547 sum
2737 5493 2881 5550 Moss
2914 5497 3167 5562 sanctior,
3210 5514 3383 5570 neque
3425 5502 3519 5556 Sa-

1917 5581 2091 5635 muele
2109 5580 2322 5652 justior,
2355 5597 2490 5653 quos
2523 5584 2773 5642 virtutem
2804 5598 3005 5645 tantam
3041 5602 3360 5662 assequutos
3385 5595 3518 5650 dixit

1916 5673 2065 5727 non:1
2091 5688 2250 5742 posse
2273 5674 2401 5746 quid
2418 5675 2635 5734 Judmos
2660 5679 2936 5751 adjuvare,
2960 5683 3100 5756 quod
3124 5685 3289 5741 nimio
3315 5693 3518 5759 torpori

1980 5789 1995 5818 ι
2028 5784 2253 5863 ριῇίηηοη
2276 5789 2512 5853 permisit,
2543 5807 2646 5857 pro,
2673 5794 2799 5848 dixit
2833 5811 2944 5851 non.
2986 5807 3037 5854 Et
3057 5803 3121 5854 ita
3149 5805 3294 5856 vertit
3319 5812 3516 5860 Bernar-

1915 5851 2007 5901 dus
2028 5853 2098 5902 Bri
2106 5851 2292 5905 manus.
