4232 6320
766 346 866 403 145

761 460 968 529 seipsos
994 460 1065 515 illi
1090 459 1595 537 dedisscutllerem.
1623 470 1791 543 l5,l).
1811 472 2071 545 Quoniam
2096 476 2252 544 igitur
2274 492 2338 531 ex

760 552 993 620 propriis
1017 554 1266 622 Operibus
1309 558 1555 626 punimur
1586 570 1637 614 et
1672 560 1964 628 salvamur,
2013 564 2338 633 Studeamus,

758 648 965 710 qlia-sd,
990 657 1113 699 cum
1137 644 1257 700 aliis
1285 648 1532 705 omnibus
1552 659 1605 704 ct
1648 650 1748 706 hoc
1774 654 1987 721 explere
2009 654 2338 723 inlaudatum,

758 740 815 785 ut
844 746 966 788 cum
988 732 1126 791 bona
1152 752 1255 808 spe
1284 739 1407 794 hine
1433 740 1691 798 abeuntes
1719 744 1979 812 promissa
2022 746 2158 801 bona
2192 762 2335 804 asse-

1382 352 1442 409 S.
1480 355 1758 427 JOANNIS
1782 358 2257 417 CllBYSOSTOMI
2298 363 2613 424 ARCHIEP.
2656 371 3185 436 CONSTANTINOP.

3937 394 4047 453 κά

2448 496 2697 552 quamur,
2740 490 2909 558 gratia
2960 504 3014 546 et
3062 493 3387 566 benignitate
3434 500 3653 557 Domini
3693 505 3862 561 nostri
3907 507 4050 565 Jesu

2456 573 2675 642 Christi,
2702 593 2795 646 per
2818 595 2976 648 quem
3013 594 3205 640 etcum
3229 604 3334 657 quo
3375 589 3517 647 Patri
3551 595 3738 664 gloria,
3776 613 3891 673 ut“?
3912 615 4041 659 cum

2446 676 2633 722 Sancto
2663 668 2885 738 Spiritu,
2911 689 3050 731 nunc
3080 687 3135 732 et
3169 694 3400 750 semper,
3430 695 3480 739 et
3510 687 3561 741 in
3587 690 3789 745 saecula.
3820 668 4040 747 siccato-

2447 769 2585 811 rum.
2618 758 2812 816 Amen.

784 863 2555 897 ..___.____________________________________7_

753 957 999 1004 rerum
1037 960 1198 1006 eam
1242 965 1320 1006 an
1362 965 1671 1009 sueusru
1714 968 2026 1015 LIBERATO
2068 970 2151 1011 ET
2203 970 2594 1020 CONSTI’I‘UTO
2636 980 2701 1022 tu
2745 983 3030 1041 nouem,
3075 990 3322 1041 eurum
3369 995 3625 1041 suasum

832 1059 1162 1105 CONHCTIS
1198 1063 1558 1113 sustentans
1599 1066 1960 1113 Tnsueams
2006 1066 2497 1129 runuavsuuar,
2546 1076 2627 1119 ET
2658 1079 2952 1127 CONVICI‘I
2996 1086 3192 1144 sun;
3239 1092 3321 1134 οε
3367 1094 3489 1138 noc

3682 1000 4041 1049 CIVITATE!

3531 1096 3751 1140 ιϐιτυει
3786 1101 4040 1150 ΗΔΒΙΤᾹ

834 1161 945 1205 εετ
986 1162 1275 1232 nouum,
1323 1141 1404 1205 ar
1445 1165 1527 1205 ns
1570 1166 2089 1216 sunaxanronuu
2140 1168 2555 1248 ausnasuru
2597 1177 2954 1226 unumne
2998 1141 3272 1244 muns;
3305 1190 3585 1246 tnaoous
3617 1197 3699 1239 ne
3741 1141 4041 1251 suum;

831 1262 913 1305 er
953 1264 1149 1306 sanna
1193 1264 1273 1305 s1-
1312 1262 1600 1307 sspu'rus
1644 1263 1940 1307 msronu
1990 1265 2316 1311 pauonem
2362 1270 2499 1326 EST,
2546 1273 2628 1318 nr
2670 1279 3210 1343 pauens-rusum.
3257 1290 3428 1344 QUOD
3492 1296 3575 1341 ex
3640 1298 3766 1342 uno
3833 1302 4045 1353 wsb

830 1360 1047 1407 usuro
1087 1363 1458 1413 uascunrrun
1503 1347 1877 1411 renaunts‘.

2226 1473 2431 1522 αοοα
2436 1472 2539 1525 Olet

1384 1618 1577 1655 nom
1600 1616 1684 1653 ιη’
1691 1640 1703 1653 .

825 1706 877 1761 ί.
917 1705 1033 1762 Non
1065 1721 1251 1777 parum
1278 1707 1548 1763 civitatem
1576 1708 1731 1762 nobis
1770 1708 1885 1763 lteri
1926 1709 2171 1764 diabolus
2211 1724 2336 1781 per-

750 1799 998 1867 turba-Vrit,
1024 1800 1119 1855 sed
1155 1808 1209 1855 et
1234 1801 1376 1855 Deus
1417 1815 1517 1854 nos
1554 1800 1747 1854 lterum
1784 1815 1889 1854 non
1927 1816 2111 1869 parum
2136 1811 2329 1857 conso-

749 1891 882 1946 latus
911 1900 1016 1956 est,
1060 1892 1133 1947 ita
1176 1902 1231 1948 ιιι
1270 1893 1492 1962 quisque
1536 1903 1775 1946 nostrum
1816 1902 2118 1962 opportune
2154 1893 2333 1950 dicere

748 1981 919 2049 possit.
961 1981 1098 2038 illud
1141 1982 1509 2053 propheticum
1558 2002 1572 2038 :
1622 1982 1914 2039 Secundum
1957 1985 2331 2042 multitudinem

746 2073 979 2127 dolorum
1008 2090 1231 2127 mearum
1268 2075 1321 2127 in
1350 2075 1500 2128 corde
1531 2090 1639 2129 meo
1664 2075 2039 2129 consolationes
2078 2085 2179 2131 tua
2202 2077 2333 2132 lazti-

746 2164 1278 2231 ﬁcaverant-animam
1306 2180 1469 2219 meant
1500 2164 1679 2236 (Psal.
1701 2164 1788 2220 95.
1815 2165 1944 2235 19.).
1975 2165 2085 2222 Nec
2126 2174 2338 2223 tantum

743 2253 1090 2320 consolando,
1114 2255 1207 2310 sed
1236 2264 1290 2309 et
1314 2255 1623 2326 perturbari
1642 2254 2033 2326 permittendo,
2048 2256 2333 2325 providen-

745 2346 880 2399 tiam
898 2345 1052 2401 nobis
1075 2360 1224 2401 suam
1249 2346 1389 2402 Dens
1412 2345 1672 2403 exhibuit.
1700 2345 1851 2415 Quod
1874 2349 2015 2404 enim
2041 2362 2328 2421 numquam

743 2436 923 2493 «licere
950 2436 1155 2503 destiti,
1187 2438 1286 2494 hoc
1310 2448 1367 2495 et
1391 2439 1548 2495 hodie
1573 2440 1743 2494 dicam
1759 2481 1786 2507 ,ἱ
1803 2455 1909 2495 non
1946 2441 2107 2498 modo
2132 2458 2329 2499 remm-

744 2542 929 2581 aarum
959 2527 1278 2583 solutionem
1301 2568 1317 2593 ,
1360 2528 1454 2585 sed
1485 2539 1547 2584 et
1586 2530 1772 2584 harum
1815 2532 2223 2599 per-missionem
2262 2548 2331 2592 ex

746 2615 847 2670 Dei;
879 2615 1245 2671 benevolentia
1279 2632 1417 2673 esse.
1460 2618 1594 2675 Cum
1632 2621 1775 2675 enim
1814 2635 1913 2677 nos
1951 2620 2020 2677 ad
2061 2632 2329 2693 torporem

741 2706 1076 2765 declinantes
1099 2709 1260 2776 ridet,
1285 2721 1337 2764 et
1375 2710 1449 2766 ab
1483 2711 1648 2781 ipsius
1683 2711 2041 2769 familiaritate
2080 2714 2335 2770 resilienq.

743 2808 843 2863 tes,
875 2813 938 2854 ac
975 2800 1329 2869 spiritualium
1370 2801 1568 2855 nullam
1609 2803 1869 2858 rationem
1895 2802 2175 2872 habentes,
2199 2818 2331 2875 pau-

742 2891 850 2945 lum
885 2906 981 2946 nos
1019 2892 1343 2961 derelinquit
1365 2935 1383 2967 ,
1426 2902 1485 2948 ut
1512 2894 1583 2948 ita
1614 2894 1880 2965 castigati,
1909 2894 1975 2950 ad
1998 2894 2331 2965 ipsumstu-~

741 2982 941 3039 diosius
968 2983 1275 3040 redeamus.
1330 2986 1399 3041 Et
1434 2986 1562 3056 quid
1590 2984 1869 3042 admiraris
1894 3028 1910 3053 ,
1954 2987 2002 3043 si
2047 2988 2190 3047 circa
2229 3003 2339 3046 nos

740 3062 1033 3151 torpentes
1059 3074 1161 3129 hoc
1190 3076 1351 3141 facit,
1394 3077 1590 3147 quippe
1618 3092 1738 3135 cum
1771 3077 1967 3132 Paulus
1996 3086 2052 3134 et
2093 3078 2148 3140 in
2176 3093 2238 3136 se
2273 3087 2335 3135 et.

741 3169 794 3225 in
848 3168 1127 3238 discipulis
1180 3169 1296 3225 suis
1340 3169 1478 3225 hanc
1530 3170 1884 3225 tentationum
1938 3185 2155 3226 causam
2206 3186 2329 3229 esse

739 3259 987 3319 dixerit?
1036 3260 1248 3317 Etenim
1293 3260 1368 3317 ad
1408 3260 1716 3317 Corinthios
1767 3262 2058 3318 secundam
2108 3263 2329 3320 mittens

739 3351 1041 3423 epistolam,
1072 3353 1150 3407 sic
1178 3352 1445 3415 dicebat}
1466 3350 1602 3410 Nolo
1628 3369 1714 3408 uos
1742 3353 1999 3424 ignorare,
2029 3357 2239 3425 fratres,
2263 3356 2328 3412 ds

740 3443 1061 3499 tribulatione
1104 3444 1240 3515 facta
1287 3445 1427 3499 nobis
1473 3446 1525 3501 in
1552 3445 1709 3514 Asia,
1756 3446 1898 3516 quod
1936 3463 2093 3517 supra
2121 3447 2327 3503 modum

739 3538 937 3609 gravati
962 3554 1137 3592 sumus
1161 3554 1317 3609 supra
1347 3539 1577 3593 uirtutem
1597 3580 1613 3604 ,
1640 3538 1715 3592 ita
1742 3548 1797 3592 ut
1825 3540 2029 3593 traderet
2058 3555 2150 3597 nos
2176 3540 2329 3595 etiam

739 3630 904 3684 sinere
923 3646 949 3695 ;_
972 3629 1063 3684 sed
1088 3629 1186 3697 ipsi
1213 3631 1267 3683 in
1293 3631 1436 3685 nobis
1460 3630 1585 3699 ipsis
1610 3646 1909 3700 responsum
1944 3632 2121 3686 mortis
2148 3632 2328 3686 habui.

738 3738 859 3779 mus.
896 3721 989 3794 (Ξ.
1014 3722 1134 3776 Cor.
1158 3723 1282 3779 i.8.
1308 3721 1379 3794 9)
1412 3739 1427 3779 ε
1467 3723 1617 3793 quasi
1664 3723 1909 3788 diceret,
1955 3723 2087 3779 Tam
2135 3738 2326 3796 magna

739 3816 923 3884 nobis,
946 3816 1151 3887 inquit,
1183 3816 1472 3873 incubuere
1498 3816 1734 3889 pericula
1760 3857 1776 3883 ,
1825 3826 1886 3872 ut
1909 3817 2089 3874 vivere
2114 3817 2324 3874 abomi-

740 3922 1015 3975 naremur,
1044 3922 1145 3963 nec
1172 3909 1407 3978 amplius
1428 3923 1767 3978 speraremus
1797 3908 1958 3963 ullam
1986 3908 2101 3964 fore
2130 3908 2325 3965 bonam

739 3999 1090 4054 mutationem
1110 4040 1127 4067 ,
1170 4014 1271 4055 nec
1298 4000 1398 4054 nisi
1428 4009 1659 4055 mortem
1689 3999 2108 4068 exspectandum
2135 4008 2280 4056 esset
2308 4017 2323 4054 :

739 4090 844 4146 hoc
868 4091 1010 4147 enim
1036 4091 1166 4146 illud
1192 4099 1295 4157 est,
1328 4089 1440 4163 Ipsi
1465 4092 1519 4147 in
1549 4091 1693 4146 nobis
1719 4092 1843 4161 ipsis
1868 4108 2167 4161 responsum
2191 4108 2328 4146 moro

738 4183 804 4237 tis
828 4181 1137 4247 habuimus;
1166 4182 1261 4238 sed
1291 4190 1465 4237 tamen
1502 4190 1621 4252 post
1668 4170 1867 4236 tantam
1895 4181 2326 4252 deeperationem

740 4274 945 4345 depulit
971 4276 1109 4330 Deus
1139 4275 1427 4345 procellam
1449 4316 1466 4341 ,
1497 4284 1550 4329 et
1581 4274 1776 4329 nubem
1804 4273 2000 4343 abegit,
2032 4288 2236 4345 uosque
2259 4290 2328 4329 ex

737 4367 871 4435 ipsis
897 4368 1088 4421 mortis
1115 4366 1351 4421 faucibus
1372 4364 1587 4434 eripuit.
1616 4363 1741 4418 Mox
1767 4362 2156 4428 demonstrans,
2181 4364 2325 4435 quod

738 4455 1039 4511 concedere
1067 4456 1197 4511 utin
1224 4464 1424 4514 tantum
1457 4454 1816 4513 incideremus
1844 4454 2160 4522 perieulum,
2192 4455 2328 4515 mul-

741 4555 811 4602 ta:
854 4556 971 4603 erat
1018 4546 1366 4617 providentiae
1392 4562 1548 4615 opus,
1577 4561 1644 4601 ex
1696 4545 2076 4600 tentationibus
2120 4547 2331 4603 lucrum

737 4639 903 4695 etiam
946 4648 1170 4708 ,partum
1211 4646 1514 4701 memorat;
1564 4638 1663 4690 hoc
1709 4646 1888 4691 autem
1933 4644 2083 4699 erat,
2113 4636 2332 4692 assidue

737 4726 809 4784 ad
833 4727 1009 4798 ipsum
1039 4727 1328 4796 respicere,
1374 4726 1470 4782 sed
1512 4727 1586 4781 nil
1630 4741 1880 4796 magnum
1923 4740 2115 4795 sapere
2153 4740 2327 4797 neque

735 4820 947 4877 extolli.
993 4819 1282 4891 Propterea
1311 4834 1433 4875 cum
1463 4819 1717 4884 dixisset,
1767 4817 1881 4890 Ipsi
1921 4821 1973 4873 in
2018 4820 2161 4873 nobis
2204 4820 2328 4889 ipsis

737 4929 1036 4985 responsura
1060 4914 1236 4968 mortis
1262 4913 1566 4979 Itabuimus,
1603 4920 1652 4967 et
1691 4926 1905 4965 causam
1950 4910 2148 4966 intulit.
2196 4911 2327 4978 Qua:

739 5018 867 5060 vero
892 5003 1011 5060 hac
1036 5012 1121 5060 est
1147 5003 1350 5059 causa?
1382 5001 1449 5057 Ut
1490 5018 1593 5055 non
1629 5003 1787 5056 simus
1818 5001 2030 5068 ﬁdentes
2069 5002 2121 5055 in
2160 5001 2323 5066 nobis,

737 5094 935 5165 inquit,
965 5093 1062 5151 sed
1079 5094 1134 5149 in
1151 5092 1282 5162 Deo,
1315 5093 1407 5164 qui
1427 5094 1635 5147 suscitat
1664 5101 1890 5145 mortuos
1918 5090 1993 5163 (2.
2019 5090 2136 5147 Cor.
2168 5093 2219 5147 1.
2246 5092 2323 5163 9).

736 5185 1105 5242 Dormitantes
1126 5184 1271 5242 enim
1292 5200 1391 5239 nos
1416 5192 1469 5239 et
1490 5182 1739 5252 delapsos
1758 5182 2167 5253 expergefacere
2189 5183 2329 5240 solet

743 5283 801 5333 et
826 5276 1062 5332 excitare
1084 5316 1100 5343 ,
1130 5283 1187 5332 et
1230 5274 1589 5345 religiosiores
1620 5273 1796 5329 facere
1838 5275 2188 5330 tentatiouum
2223 5290 2325 5329 na-

740 5377 879 5423 tura.
911 5364 1044 5424 Cum
1074 5367 1233 5438 igitur
1263 5366 1493 5431 videris,
1533 5366 1731 5421 dilecte
1756 5407 1771 5431 ,
1804 5368 2150 5421 tentationetn
2186 5383 2327 5427 nunc

740 5458 959 5527 quidem
1005 5459 1361 5524 exstinctam,
1402 5471 1616 5512 rursum
1661 5467 1839 5512 autem
1888 5470 2207 5523 accensam,
2260 5474 2328 5515 ne

739 5549 922 5606 anituo
960 5550 1208 5606 concidas
1242 5564 1347 5605 neu
1388 5548 1654 5613 refugias;
1701 5545 1794 5603 sed
1837 5546 2032 5602 bonam
2060 5562 2210 5618 spem
2244 5561 2322 5606 te-

807 5668 823 5695 ι
860 5664 1000 5714 savii.
1019 5662 1152 5725 hunc
1166 5663 1287 5712 item
1302 5663 1353 5711 in
1365 5661 1589 5725 margitte
1606 5660 1798 5725 tituituu
1820 5660 1983 5717 adfert
2004 5674 2018 5711 :
2046 5660 2331 5716 Exhortatio

743 5727 805 5777 de
828 5724 1112 5789 abstinentia
1123 5723 1409 5789 juramenti,
1448 5723 1495 5774 ct
1518 5723 1645 5783 quod
1668 5724 1943 5787 frequenter
1953 5730 2205 5785 Jurantem
2225 5726 2326 5789 fre-

745 5792 948 5861 quenter
965 5784 1109 5837 etiam
1128 5784 1386 5849 'perjurare
1410 5797 1600 5837 necesse
1622 5791 1709 5835 est.

2448 1626 2595 1675 neas,
2630 1614 2767 1670 illud
2786 1618 2923 1675 intra
2956 1623 3182 1692 teipsum
3205 1626 3548 1697 ratiocinans,
3578 1633 3847 1702 quodnon
3876 1650 4045 1705 pem

2439 1716 2531 1756 sus
2560 1718 2661 1758 nec
2686 1718 2961 1763 aversatus
2992 1728 3092 1767 nos
3119 1713 3257 1769 Deus
3283 1716 3618 1776 inimicorum
3646 1725 3890 1780 manibus
3923 1734 4032 1781 tra-

2437 1791 2562 1857 dat,
2594 1795 2688 1849 sed
2715 1799 3064 1857 studiosiores
3088 1813 3143 1858 et
3170 1805 3271 1861 sibi
3314 1809 3483 1878 magis
3528 1810 3815 1869 familiares
3844 1814 4032 1872 facere

2438 1884 2642 1941 volens.
2677 1887 2751 1943 Ne
2781 1890 2938 1962 igitur
2963 1895 3202 1950 animttm
3233 1898 3661 1973 despondeamus
3680 1945 3693 1967 ,
3724 1921 3825 1960 nec
3850 1918 4033 1961 muta-

2440 1980 2640 2033 tionem
2670 1981 2721 2034 in
2754 1984 2943 2041 melius
2972 1986 3338 2057 desperemus,
3370 1993 3464 2048 sed
3491 1996 3819 2052 celerrimam
3846 2014 4034 2070 spere-

2437 2070 2558 2126 mds
2586 2069 2701 2128 fore
2728 2077 3185 2149 tranquillitatem,
3209 2091 3263 2137 et
3285 2084 3524 2140 omnium
3544 2088 3734 2158 quibus
3759 2069 4033 2160 agitaturus

2439 2164 2758 2220 tumultuum
2787 2166 2947 2225 tinem
2979 2170 3031 2225 in
3064 2172 3228 2228 Deum
3261 2176 3621 2246 projicientcs,
3655 2196 3865 2236 rursum
3892 2184 4037 2238 cm.-.

2434 2264 2583 2311 sueta
2612 2257 2969 2330 attingamus,
3012 2263 3330 2336 solitamque
3374 2267 3426 2321 in
3466 2270 3700 2324 medium
3728 2272 4041 2330 doctrinam

2436 2348 2792 2418 producamus
2815 2352 2833 2385 ²
2858 2370 2872 2407 :
2902 2369 3090 2411 rursus
3128 2358 3269 2412 enim
3301 2358 3451 2421 vobis
3480 2364 3548 2416 de
3576 2363 3762 2418 eadem
3804 2368 4036 2421 materia

2434 2439 2615 2496 dicere
2641 2443 2783 2511 volo,
2809 2454 2866 2499 ut
2888 2444 2957 2501 de
2986 2456 3166 2502 mente
3197 2459 3375 2505 vestra
3396 2452 3632 2521 improba
3658 2453 3867 2523 jurandi
3895 2472 4029 2512 cun-

2434 2534 2664 2591 suetudo
2692 2536 2945 2593 radicitus
2973 2540 3251 2596 evellatur.

2506 2645 2704 2703 Iterum
2728 2659 2908 2705 contra
2922 2652 3236 2721 juramenta.
3258 2683 3325 2695 -
3351 2653 3553 2712 Idcirco
3572 2673 3791 2714 necesse
3813 2675 4026 2714 rursum

2434 2737 2501 2793 ad
2530 2738 2775 2801 eamdem
2806 2741 3095 2813 confugere
3132 2745 3594 2816 supplicationem.
3629 2750 3836 2806 Etenim
3867 2764 4031 2808 niuea

2434 2845 2531 2887 vos
2558 2832 2775 2902 rogavi,
2809 2841 2868 2889 ut
2893 2832 3115 2891 Joannis
3144 2847 3303 2907 caput
3330 2838 3624 2894 abscissum
3652 2841 3827 2896 adhuc
3851 2842 4029 2897 calido

2433 2935 2627 2978 cruore
2650 2922 2924 2983 destillans
2950 2934 3225 2985 sumentes
3241 2927 3350 2994 ,sic
3375 2927 3590 2989 domum
3620 2932 3844 3003 quisque
3871 2949 4037 2993 suam.

2433 3010 2666 3068 nedeatis
2688 3052 2716 3081 ι,
2733 3022 2789 3070 et
2816 3017 3013 3086 putetis
3041 3026 3165 3073 ante
3195 3018 3381 3074 oculos
3408 3020 3605 3077 habere
3636 3023 3805 3092 ipsum
3836 3035 4031 3079 Vocem

2434 3103 2767 3161 emittentem
2810 3115 2867 3163 et
2906 3107 3172 3168 dicentem
3216 3128 3229 3164 :
3272 3109 3406 3167 Odio
3437 3110 3627 3171 habete
3668 3113 4031 3185 jugulatnrent

2424 3210 2613 3252 meum
2648 3194 3032 3266 juramentum.
3078 3199 3230 3268 Quod
3259 3201 3552 3272 increpatio
3582 3220 3687 3258 non
3716 3203 3843 3260 fecit
3866 3250 3881 3273 ,
3925 3207 4035 3272 line

2433 3286 2559 3345 fecit
2602 3288 2967 3359 jurameutum
2997 3309 3011 3347 :
3044 3292 3185 3365 quod
3228 3294 3307 3351 ira
3354 3311 3463 3349 non
3507 3296 3677 3365 potuit
3724 3299 4025 3368 tyrannica,

2433 3379 2537 3436 hoc
2570 3380 2798 3451 perjurii,
2827 3384 3117 3440 necessitas
3142 3383 3337 3440 effecit.
3368 3386 3510 3443 Sane
3538 3388 3749 3458 quando
3775 3392 4036 3446 omnibus

2434 3471 2646 3542 publice
2670 3472 3009 3531 audientibus
3031 3476 3381 3546 arguebatur,
3413 3477 3826 3547 increpationem
3858 3496 4029 3551 gone.

2432 3576 2559 3620 rose
2604 3564 2745 3629 tulit,
2770 3574 3064 3636 tyrannus;
3115 3580 3235 3620 cum
3267 3582 3394 3624 vero
3427 3583 3486 3625 se
3524 3570 3577 3623 in
3600 3569 4035 3638 jutamentm-nut

2433 3655 2807 3711 necessitatem
2834 3655 3032 3727 adegit,
3062 3666 3189 3713 tunc
3211 3658 3342 3713 illud
3366 3659 3574 3715 beatum
3597 3671 3755 3730 caput
3778 3662 4025 3719 abst-iuit.

2434 3746 2548 3803 Hoc
2576 3747 2749 3819 ipsum
2779 3747 2939 3819 igitur
2965 3758 3021 3804 et
3048 3764 3190 3804 nunc
3232 3758 3354 3819 pcto
3374 3791 3388 3816 ,
3436 3760 3491 3805 et
3526 3756 3706 3819 petere
3749 3769 3853 3807 non
3882 3753 4028 3809 desi-

2434 3850 2575 3898 stam
2595 3884 2610 3911 ,
2644 3852 2701 3897 ut
2726 3858 3060 3914 quocumque
3089 3842 3379 3899 abierimus
3397 3885 3411 3905 ,
3448 3843 3547 3897 hoc
3574 3854 3841 3915 gestantes
3867 3856 4029 3915 caput

2435 3933 2723 4002 abeamus,
2752 3943 2806 3990 et
2833 3935 3085 3990 omnibus
3111 3936 3456 3991 ostendamus
3499 3938 3739 3993 clamans
3777 3950 3832 3994 et
3873 3941 4028 4010 jura—

2436 4031 2613 4079 menta
2662 4026 2991 4095 vituperans.
3055 4026 3308 4093 Quamvis
3364 4043 3596 4098 namque
3650 4028 3805 4084 valde
3856 4030 4030 4093 simus

2437 4113 2610 4183 ignavi
2658 4123 2711 4169 et
2760 4116 3125 4186 negligentes,
3174 4119 3363 4187 capitis
3413 4119 3551 4174 illius
3594 4122 3779 4176 oculos
3827 4122 4030 4189 intuiti,

2438 4204 2746 4261 terribiliter
2785 4219 2885 4260 nos
2914 4207 3261 4276 respicientes
3285 4250 3299 4275 ,
3331 4217 3384 4263 et
3414 4210 3677 4265 minantes
3697 4211 4028 4281 jurantibus,

2437 4297 2589 4353 freno
2614 4299 2760 4354 omni
2786 4298 3158 4355 vehementius
3196 4314 3292 4371 per
3319 4302 3563 4357 timorem
3594 4303 3896 4383 huiusmodi
3937 4322 4026 4361 re-

2440 4393 2608 4460 pressi
2633 4433 2647 4455 ,
2675 4392 2926 4448 cohibere
2949 4402 3001 4447 et
3025 4402 3268 4450 avertere
3297 4393 3449 4450 facile
3476 4396 3767 4465 poterimus
3792 4397 4025 4468 linguam

2435 4496 2465 4535 a
2491 4480 2704 4551 jurandi
2734 4484 3044 4553 praecipitio.
3074 4483 3185 4539 Nec
3210 4487 3353 4540 enim
3381 4485 3483 4542 hoc
3506 4486 3682 4541 solum
3710 4486 3873 4543 habet
3902 4491 4024 4543 mali

2431 4572 2815 4642 juramentum,
2858 4574 3003 4645 quod
3030 4585 3083 4629 et
3110 4586 3424 4631 temeratum
3454 4586 3508 4633 et
3531 4588 3797 4633 servatum
3821 4579 4029 4646 juratus

2439 4680 2613 4736 pana:
2638 4664 2797 4722 faciat
2820 4665 3105 4734 obnoxios,
3135 4666 3278 4737 quod
3308 4668 3361 4722 in
3386 4668 3533 4723 nullo
3555 4679 3895 4738 peccatorum
3923 4669 4033 4724 alio

2436 4756 2679 4813 accidere
2702 4758 2963 4828 quispiam
2990 4757 3172 4824 videt;
3204 4758 3298 4813 sed
3323 4768 3380 4815 et
3405 4758 3548 4813 aliud
3578 4774 3682 4813 non
3721 4761 3898 4815 minus
3927 4761 4031 4816 isto

2438 4850 2659 4905 malum.
2685 4849 2822 4917 Quid
2847 4858 3026 4911 autem
3050 4850 3152 4906 hoc
3176 4852 3303 4908 est?
3330 4850 3482 4919 Quod
3505 4868 3680 4922 neque
3702 4853 4028 4923 volentibus,

2439 4957 2613 5013 neque
2640 4942 2975 5000 studentibus
3002 4945 3199 5014 saepius
3244 4945 3498 5015 possibile
3536 4947 3605 5001 sit
3647 4946 3784 5002 bene
3819 4947 4029 5018 iurare.

2438 5033 2618 5088 Primo
2663 5037 2785 5104 quia
2823 5034 3129 5107 frequenter
3149 5036 3356 5105 iurans,
3384 5046 3439 5091 et
3477 5037 3661 5091 Volens
3713 5048 3767 5093 et
3806 5037 4029 5106 invitus,

2436 5134 2493 5181 et
2520 5127 2763 5183 nesciens
2789 5136 2842 5183 et
2866 5115 3065 5193 sciens,
3093 5137 3147 5185 et
3176 5130 3316 5183 serio
3336 5138 3388 5183 et
3415 5129 3561 5197 joco,
3584 5138 3638 5183 et
3678 5128 3747 5183 ab
3768 5131 3843 5185 ira
3884 5146 4033 5202 smpe

2436 5216 2609 5273 elatus
2629 5227 2684 5273 et
2711 5219 2947 5275 a-multis
2972 5220 3114 5285 aliis,
3140 5219 3358 5273 omnino
3386 5220 3667 5290 peierabit.
3692 5221 3767 5275 Et
3792 5221 3876 5277 his
3896 5238 4029 5278 eon-

2439 5310 2663 5365 tradicet
2702 5302 2858 5365 nemo
2901 5326 3115 5379 :usque
3159 5310 3295 5366 adeo
3344 5311 3558 5380 planum
3603 5321 3657 5366 et
3685 5312 4031 5372 manifestum

2436 5412 2551 5469 est,
2578 5400 2721 5472 quod
2749 5402 2974 5457 multum
2997 5401 3264 5472 jurautem
3286 5444 3301 5468 ,
3335 5402 3607 5473 periurum
3636 5420 3754 5462 esse
3779 5421 4029 5462 necessu.

2472 5618 2475 5619 ν
2502 5582 2514 5611 ³
2552 5585 2807 5650 sav..post,
2822 5577 3148 5650 proﬁcientes,
3166 5577 3242 5627 sic
3264 5575 3447 5650 liabet;
3466 5584 3743 5650 ιζσῃαςιηιμ
3758 5589 3857 5641 pro,
3874 5577 4030 5627 eruni-

2432 5638 2755 5713 ιτιιδμωέίάπι
2776 5638 3001 5709 σθαιίαὶ
3023 5645 3072 5709 ει
3092 5638 3182 5713 ἐυρ
3198 5639 3395 5713 σιεὲειεέη
3535 5638 4029 5713 [πεαιιξεζηκψψ

2436 5700 2706 5775 desinatis;
2726 5700 2948 5773 egoluero
2968 5700 3195 5752 adsueta
3214 5700 3450 5767 attirtgant
3471 5700 3555 5752 un
3567 5714 3649 5752 um
3670 5700 3955 5764 solitaeque
3976 5700 4028 5750 ist

2436 5766 2651 5819 multum
2672 5762 3247 5828 doctrnramproducan.
