4232 6320
460 327 563 384 HS

454 455 662 513 γματος
683 434 781 509 τῆς
805 433 1040 507 φύσεως,
1063 433 1159 489 καὶ⁸
1177 431 1447 498 εἰδὼςκαὶ
1459 431 1621 513 ἑκὼν,
1643 431 2120 502 ἀναγκασθήσεται

441 525 775 597 ,ἐπιορκῆσαι
799 523 1040 586 πάντως.
1073 520 1342 583 Πολλάκις
1377 518 1508 588 γοῦν
1536 517 1630 572 ἐπὶ
1659 517 1757 589 τῆς
1782 516 1963 580 οἰκίας·
1995 518 2120 588 ἀρι-

453 607 1084 681 στοποιουμένωνήμῶν,
1111 606 1207 662 καὶ
1233 602 1345 660 τῶν
1369 600 1594 661 οἰκετῶν
1623 620 1775 668 τινος
1793 602 2114 674 διαμαρτόν-

450 716 558 762 τος,
585 696 764 768 ὤμοσε
795 694 1212 767 μαστιγώσεινή
1235 694 1392 765 γυνή·
1418 688 1539 746 εἶτα
1565 689 1879 762 ἀντώμοσεν
1905 693 1933 744 6
1953 690 2114 761 ἀνὴρ,

449 785 519 840 τά
537 783 751 840 ἐναντία
771 781 1185 853 ἐπιφιλονεικῶν
1209 781 1303 835 καὶ
1331 780 1432 834 οὐκ
1452 779 1734 852 ἐκτρέπων
1757 790 1808 831 ι.
1851 776 2117 833 Ἐνταῦθα

449 872 551 927 κᾶν
570 872 599 926 6
623 888 675 925 τι
701 871 766 927 ἂν
797 871 1120 942 ποιήσωσιν,
1143 867 1359 938 ἀνάγκη
1375 867 1592 929 πάντως
1618 864 1902 937 ἐπιορκίαν
1919 864 2120 934 συστῆ-

451 972 558 1012 ναι·
589 958 710 1014 οὐδὲ
739 958 844 1031 γάρ
873 956 1220 1029 βουλομένοις
1252 956 1438 1018 αὐτοῖς
1467 953 1590 1008 οὐδέ
1619 949 1983 1016 σπουδάζουσι
2014 967 2117 1021 φυ-

449 1044 608 1111 λάξαι
639 1044 862 1100 δυνατὸν
894 1044 986 1098 τὸν
1019 1044 1182 1116 ὅρκον
1220 1042 1427 1097 λοιπόν·
1463 1040 1580 1095 ἀλλ’
1607 1040 1746 1111 ὅπερ
1773 1038 1842 1092 ἀν
1869 1037 2122 1108 γένηται,

452 1132 676 1204 θάτερος
699 1131 877 1186 αὐτῶν
905 1131 1162 1202 ἐπιορκία⁵
1183 1128 1470 1183 ἀλώσεται·
1506 1125 1707 1198 μᾶλλον
1733 1124 1790 1179 66
1818 1123 2119 1196 ἀμφότεροι

450 1220 707 1284 πάντως·
764 1222 870 1274 καὶ.
910 1221 1049 1284 πῶς,
1114 1217 1226 1288 ἐγὼ
1273 1217 1416 1287 λέγω
1444 1234 1457 1247 ·
1513 1214 1672 1269 τοῦτο
1731 1214 1840 1285 γάρ
1885 1215 2002 1267 ἐστι
2056 1212 2120 1266 16

451 1306 772 1379 παράδοξον.
825 1307 885 1360 '0
924 1306 1130 1378 ὀμόσας
1171 1303 1536 1376 μαστιγώσειν
1577 1302 1668 1356 τὸν
1706 1301 1926 1372 οἰκέτην
1953 1299 1988 1372 ἢ
2018 1299 2118 1370 τὴν

453 1394 825 1467 θεραπαινίδα,
874 1390 993 1448 εἶτα
1039 1392 1324 1456 κωλυθεὶς,
1378 1392 1538 1456 αὑτός
1571 1407 1630 1444 τε
1677 1388 1991 1462 ἐπιώρκησε
2042 1386 2118 1460 μή

451 1482 680 1553 ποιήσας
702 1481 838 1553 ὅπερ
867 1480 1076 1551 ὤμοσε,
1109 1479 1213 1557 καὶ
1233 1479 1313 1551 τῷ
1343 1479 1648 1535 κωλύσαντι
1685 1477 1848 1532 πάλιν
1881 1477 1977 1531 καὶ
2003 1475 2119 1528 610-

451 1565 679 1639 κύψαντι
704 1570 802 1640 τήν
831 1567 1087 1640 εὐορκίαν
1125 1567 1188 1620 16
1225 1567 1477 1638 ἔγκλημα
1507 1566 1606 1636 τῆς
1636 1563 1920 1636 ἐπιορκίας
1959 1579 2116 1633 περι-

450 1655 700 1727 έστησεν.
722 1655 795 1710 06
817 1655 928 1727 γάρ
952 1655 1003 1708 οί
1032 1654 1414 1725 ἐπιορκοῦντες
1446 1653 1627 1724 μόνον,
1656 1650 1794 1706 ἀλλά
1813 1651 1907 1704 καὶ
1931 1651 1981 1703 οί
2005 1649 2120 1703 616‘-

453 1755 570 1812 ροις
586 1740 683 1812 τήν
709 1741 954 1812 ἀνάγκην
983 1739 1187 1812 ταύτην
1216 1739 1543 1809 ἐφιστῶντες
1568 1737 1860 1792 ὑπεύθυνοι
1890 1735 2000 1790 τῶν
2023 1735 2120 1796 αύ-

458 1829 560 1881 τῶν
601 1826 960 1898 ἐγκλημάτων
1001 1828 1160 1882 είσίν.
1193 1827 1308 1882 Ούκ
1347 1829 1406 1880 ἐν
1442 1825 1642 1890 οἰκίαις
1669 1824 1728 1878 δέ
1767 1824 1948 1896 μόνον,
1985 1821 2119 1876 ἀλλά

455 1914 547 1969 καί
574 1917 632 1969 ἐν
663 1918 781 1981 ταῖς
801 1917 1028 1986 ἀγοραῖς
1057 1915 1156 1969 ίδοι
1188 1932 1271 1979 τις
1307 1915 1373 1969 ἀν
1405 1914 1562 1969 τοῦτο
1598 1914 1902 1984 γινόμενον,
1937 1911 2030 1966 καὶ
2060 1911 2120 1962 ἐν

454 2006 572 2067 ταῖς
602 2003 803 2074 μάχαις
843 2002 1098 2073 μάλιστα,
1135 2002 1262 2056 ὅταν
1293 2002 1429 2073 πρὸς
1466 2000 1728 2072 ἀλλήλους
1756 1999 2118 2062 πυκτεύοντες

452 2089 842 2160 άντομνύωσιν,
871 2090 902 2142 6
937 2089 1034 2160 μὲν
1071 2089 1385 2159 τυπτήσειν,
1413 2088 1443 2140 6
1474 2087 1530 2141 δέ
1563 2086 1637 2158 μή
1669 2084 2060 2155 τυπτήσεσθαι·
2089 2087 2123 2138 6

453 2172 554 2245 μέν
593 2177 919 2248 ἀφαιρήσειν
950 2175 1012 2229 16
1048 2175 1282 2246 ίμάτιον,
1323 2175 1352 2227 ὅ
1380 2175 1438 2228 δέ
1462 2174 1563 2227 ούκ
1595 2170 1928 2244 ἐπιτρέψειν·
1958 2173 1988 2226 6
2018 2170 2118 2241 μὲν

451 2263 773 2333 ἀπαιτήσειν
815 2261 875 2315 τδ
909 2260 1192 2333 ἀργύριον,
1222 2263 1254 2315 6
1271 2260 1327 2314 δέ
1351 2261 1451 2314 οὐκ
1475 2258 1793 2314 ἀποδώσειν·
1827 2259 1923 2312 καὶ
1948 2257 2120 2313 πολλά

450 2348 507 2402 δέ
545 2348 707 2420 ἐτερα
746 2348 964 2404 ἐναντία
998 2347 1223 2402 τοιαῦτα
1252 2347 1680 2417 φιλονεικοῦντες
1705 2345 1986 2417 ὀμνύουσι.
2012 2343 2118 2399 Καὶ

449 2437 509 2489 ἐν
542 2433 922 2508 ἐργαστηρίοις
958 2434 1016 2488 66
1054 2436 1149 2489 καὶ
1187 2433 1576 2498 διδασκαλείοις
1608 2433 1706 2487 ῖδοι
1738 2450 1823 2497 τις
1862 2432 1930 2488 ἀν
1961 2431 2118 2486 τοῦτο

450 2522 766 2594 συμϐαῖνον.
807 2521 1073 2587 Πολλάκις
1115 2519 1246 2591 γοῦν
1287 2521 1535 2592 τεχνίτης
1573 2520 1878 2591 διωμόσατο
1906 2519 1986 2591 τῷ
2014 2538 2120 2591 μα-

451 2609 592 2680 θητῇ
620 2609 695 2680 μὴ
728 2609 992 2683 πρότερον
1019 2610 1182 2664 αύτόν
1218 2609 1447 2677 ἀφήσειν
1479 2609 1671 2677 φαγεῖν
1701 2608 1797 2660 καὶ
1827 2609 1989 2674 πιεῖν,
2013 2609 2119 2674 ἐως

451 2694 518 2749 ἄν
547 2694 789 2749 τό.δοθέν
819 2696 981 2767 ἔργον
1009 2697 1155 2750 ἀπαν
1184 2694 1377 2767 ἀνύσῃ.
1418 2693 1598 2748 Τοῦτο
1613 2693 1670 2747 δὲ
1704 2697 1799 2748 καὶ
1836 2695 2118 2765 παιδαγω-

450 2782 549 2850 γδς
576 2781 836 2846 πολλάκις
870 2781 1008 2853 πρὸς
1039 2781 1180 2846 νέον,
1227 2783 1322 2836 καὶ
1358 2781 1494 2852 πρὸς
1525 2781 1856 2852 θεράπαιναν
1895 2783 2119 2854 ἐποίησε

448 2867 729 2934 δέσποινα,
774 2868 866 2921 καὶ
908 2867 1122 2939 ἀνάγκη
1157 2867 1256 2938 τῆς
1289 2868 1526 2940 ἑσπέρας
1556 2868 1992 2940 καταλαϐούσης,
2022 2872 2118 2924 καί

448 2953 545 3008 τοῦ
587 2954 748 3026 ἔργου
783 2954 858 3026 μὴ
893 2953 1309 3026 πληρωθέντος,·
1339 2954 1373 3025 ἢ
1421 2955 1561 3026 λιμῷ
1589 2955 1951 3027 διαφθαρῆναι
1992 2957 2116 3021 τοὺς

450 3042 552 3096 ούκ
579 3041 902 3105 ἀνύσαντας,
944 3041 978 3111 ἢ
1022 3040 1348 3112 ἐπιορκῆσαι
1387 3043 1513 3105 106;
1540 3043 1842 3112 ὀμόσαντας
1876 3043 2113 3109 πάντως.

463 3128 522 3183 '0
546 3128 655 3200 γὰρ
680 3128 912 3198 πονηρὸς
925 3126 1134 3198 δαίμων
1151 3128 1376 3192 ἐκεῖνος,
1392 3129 1420 3181 6
1439 3132 1548 3192 τοῖς
1570 3129 1792 3198 ἀγαθοῖς
1813 3130 2119 3202 ἐφεδρεύων

452 3217 540 3269 ἀεὶ
577 3218 688 3277 τοῖς
715 3213 1025 3286 ἡμετέροις,
1058 3215 1346 3286 παρεστώς
1385 3216 1478 3268 καὶ
1516 3216 1728 3269 ἀκούων
1755 3217 1854 3288 τῆς
1874 3217 2120 3290 ἀνάγκης

449 3300 558 3353 τῶν
586 3302 784 3373 ὅρκων,
823 3303 900 3364 εἰς
940 3300 1211 3371 ῥᾳθυμίαν
1242 3303 1369 3365 106;
1405 3302 1736 3366 ὑπευθύνους
1769 3304 2047 3375 ἐμϐάλλει,
2083 3307 2117 3378 ἦ

452 3387 645 3462 ἑτέραν
671 3386 956 3441 δυσκολίαν
985 3388 1300 3458 ἐργάζεται,
1334 3388 1474 3442 ὥστε
1511 3391 1586 3460 μὴ
1617 3390 1995 3462 πληρωθέντος
2023 3394 2118 3448 τοῦ

453 3476 635 3547 ἔργου,
668 3475 764 3529 καὶ
796 3475 1010 3545 πληγάς
1033 3476 1127 3529 καὶ
1158 3474 1345 3545 ῦϐρεις
1379 3477 1470 3529 καί
1500 3478 1784 3549 ἐπιορκίας
1821 3480 1916 3533 καί
1949 3481 2119 3553 μυρία

452 3563 614 3632 ἔτερα
645 3560 893 3630 γενέσθαι
921 3560 1089 3615 δεινά.
1123 3560 1272 3634 [145]
1311 3562 1577 3635 Καθάπερ
1614 3564 1721 3636 γάρ
1749 3567 1938 3632 παῖδες
1967 3585 2116 3640 σχοι-

453 3649 564 3702 νίον
598 3648 808 3720 μακρὸν
836 3649 931 3700 καὶ
957 3649 1350 3720 διεφθαρμένον
1385 3651 1634 3715 ἕλκοντες
1663 3655 1992 3719 ἁπεναντίας
2019 3657 2118 3711 ἀλ-

452 3735 629 3807 λήλων
648 3736 677 3775 ι’
706 3735 843 3806 μετά
863 3735 1063 3806 πολλῆς
1082 3738 1182 3806 τῆς
1204 3737 1404 3807 ῥύμης,
1429 3738 1608 3819 ῦπτέοι
1630 3739 1830 3804 πάντες
1861 3743 2123 3798 πίπτουσι·

451 3822 548 3877 τοῦ
579 3823 811 3893 σχοινίου
847 3823 1010 3894 μέσου
1045 3823 1450 3895 διαρῤαγέντος,
1491 3826 1586 3878 καὶ
1613 3828 1664 3879 οί
1703 3828 1800 3898 μέν
1825 3829 1924 3893 τὰς
1945 3847 2116 3899 κεφα-

451 3909 573 3974 λὰς,
605 3911 662 3962 οἱ·
687 3909 744 3962 δὲ
777 3907 964 3982 ἕτερόν
999 3927 1052 3963 τι
1085 3911 1179 3964 τοῦ
1219 3910 1470 3981 σώματος
1507 3911 1896 3984 τιτρώσκονται
1930 3917 2113 3989 μέρος·

449 3995 592 4050 οῦτω
629 3995 694 4066 δή
734 3995 826 4049 καὶ⁵
857 3997 905 4050 οί
946 3997 1336 4068 ἀντομνύοντες
1363 3998 1612 4070 ἀλλήλοις
1647 4001 1994 4066 ἀπεναντίας,
2023 4004 2115 4057 τοῦ

449 4084 610 4154 ὅρκου
649 4083 1039 4155 διαρραγέντος
1074 4085 1180 4138 ὑπὸ
1204 4086 1305 4156 τῆς
1335 4084 1444 4138 τῶν
1471 4086 1816 4155 πραγμάτων
1849 4090 2112 4162 ἀνάγκης,

449 4172 530 4233 είς
552 4171 611 4223 16
636 4171 734 4239 τῆς
759 4171 1040 4242 ἐπιορκίας
1065 4172 1366 4243 ἀμφότεροι
1389 4172 1792 4228 καταπίπτουσι
1815 4175 2111 4249 βάραθρον,

447 4257 499 4308 οί
527 4257 623 4327 μέν
647 4255 793 4326 αὐτῷ
815 4256 892 4327 τῷ
915 4259 1214 4328 ἐπιορκεῖν,
1241 4258 1289 4312 οἰ
1311 4257 1367 4311 δέ
1388 4257 1466 4327 τῷ
1491 4257 1586 4330 τήν
1610 4260 1789 4314 αἰτίαν
1810 4262 1909 4334 τῆς
1930 4264 2114 4336 ἐπιορ-

446 4340 572 4405 κίας
597 4345 897 4413 παρασχεῖν
923 4344 1151 4416 ἑτέροις.

516 4427 582 4498 β’.
601 4430 707 4482 Καὶ
722 4430 807 4482 ῖνα
833 4431 905 4501 μὴ
925 4430 1080 4484 τοῦτο
1103 4431 1211 4484 ἀπὸ
1225 4433 1335 4485 τῶν
1351 4435 1408 4486 ἐν
1433 4435 1552 4499 ταῖς
1577 4435 1776 4500 οἰκίαις
1802 4437 1896 4490 καὶ
1923 4438 2031 4492 τῶν
2055 4441 2114 4492 ἐν

444 4517 564 4577 ταῖς
607 4516 832 4585 ἀγοραῖς
877 4516 996 4569 καθ’
1039 4518 1276 4588 ἑκάστην
1325 4521 1538 4593 ήμέραν
1584 4523 1884 4594 γινομένων
1928 4527 2108 4595 μόνον,

446 4599 582 4652 ἀλλὰ
622 4601 715 4653 καὶ
749 4601 844 4653 ἀπ’
879 4603 1058 4655 αὐτῶν
1083 4604 1192 4657 τῶν
1229 4607 1461 4678 Γραφῶν
1497 4608 1728 4680 γένηται
1755 4610 1930 4682 δῆλον,
1964 4613 2110 4666 ἱστο-

452 4685 570 4772 ρίαν
593 4685 724 4756 ὕμῖν
749 4686 985 4740 παλαιάν
1003 4705 1125 4744 τινα
1150 4691 1479 4765 διηγήσομαι
1499 4699 1612 4758 τοῖς
1636 4698 1946 4768 εἰρημένοις
1968 4716 2108 4772 συμο

449 4771 755 4830 ϐαίνουσαν.
803 4773 1165 4831 Ἐπελθόντων
1207 4782 1337 4833 ποτὲ
1380 4783 1488 4835 τῶν
1526 4783 1802 4856 πολεμίων
1829 4790 1940 4852 τοῖς
1979 4771 2111 4842 Ἰουο

445 4856 653 4946 δαίοις,
677 4861 772 4913 καὶ
800 4861 892 4915 τοῦ
942 4863 1194 4918 ’Ῑωνάθαν
1228 4868 1365 4935 (υἱὸς
1401 4869 1458 4922 δέ
1496 4866 1650 4934 οὗτος
1685 4869 1754 4942 ἦν
1790 4873 1885 4927 τοῦ
1914 4875 2106 4946 Σαοὺλ)

443 4941 570 5029 106;
602 4945 699 5014 μέν
729 4947 1156 5016 κατακόψαντος,
1189 4954 1318 5016 106;
1345 4954 1405 5007 66
1435 4957 1516 5018 εἰς
1545 4941 1723 5027 φυγήν
1756 4941 2105 5029 ἐμϐαλόντος,

445 5027 764 5099 βουλόμενος
793 5034 821 5085 6
847 5034 1016 5088 Σαοὺλ
1045 5039 1072 5089 6
1102 5037 1290 5091 τούτου
1322 5041 1504 5112 πατὴρ
1539 5027 1800 5112 μειζόνως
1828 5048 1969 5102 κατὰ

443 5116 872 5209 ὑπολειφθέντων
913 5122 972 5174 τὸ
1015 5125 1376 5196 στρατόπεδον
1425 5129 1710 5202 διεγεῖραι,
1755 5135 1848 5187 καί
1885 5137 2105 5209 ποιῆσαι

443 5203 524 5294 μή
559 5204 823 5294 πρότερον
869 5209 1190 5280 ἀποστῆναι,
1237 5214 1340 5278 ἐως
1385 5216 1462 5269 ἂν
1499 5220 1705 5283 πάντας
1750 5203 2102 5294 χειρώσηται,

441 5291 746 5382 τούναντίον
771 5295 914 5366 ήπερ
933 5296 1196 5369 ἠθέλησεν
1223 5300 1478 5372 ἔπραξεν,
1508 5305 1713 5376 ὀμόσας
1743 5291 1850 5373 ἕως
1867 5291 2104 5382 ἑσπέρας

442 5376 643 5468 μηδένα
674 5384 868 5468 φαγεῖν
909 5383 1092 5456 ἄρτον,
1130 5386 1234 5451 ἕως
1263 5388 1590 5460 ἐκδικήσεως
1622 5393 1732 5448 τῶν
1765 5396 1975 5468 ἐχθρῶν
2007 5376 2106 5453 αύ-

441 5462 549 5517 106.
577 5460 723 5556 ᾎρα
758 5467 812 5556 τί
840 5469 1028 5524 τούτου
1053 5472 1248 5540 γένοιτ’
1275 5474 1342 5529 ἀν
1372 5477 1755 5551 ἀνοητότερον;
1787 5460 2100 5556 ᾗεπονηκόο

437 5568 531 5614 τας
559 5552 669 5624 γὰρ
694 5555 788 5608 καὶ
811 5560 1222 5626 κατακοπέντας
1251 5574 1272 5602 ο
1302 5566 1641 5634 στρατιώτας
1658 5571 1889 5638 ὀφείλων
1919 5552 2102 5628 διαναο

494 5644 738 5728 ς-ξιρςᾲτά
759 5652 944 5728 ἐναντία
964 5656 1335 5728 ἐπιφιλονεικῶν,
1358 5662 1439 5728 καὶ
1472 5663 1573 5728 οὐκί
1594 5664 1849 5728 ἐκτρέπων.
1875 5667 2023 5720 Savil.
2049 5679 2102 5721 et

429 5709 627 5793 warm
833 5709 1117 5793 ιναγξίαρξαι
1127 5709 1809 5793 ἀντισιςςιξφιλονιιὶῶὲζξιᾶῐῷἱ
1821 5709 2097 5793 ἐπῖἐρὲὲἓῷζξ

495 5770 1034 5860 ξ’·ὲὶίὲεξιλέἠέοέὲητέῖξῖ
1047 5780 1161 5860 εει
1177 5770 1332 5860 ἢ
1347 5770 2095 5860 ὲὲὶιὶέῑάῗέἕτῖέῖ

439 5832 693 5946 “oms;le
717 5834 833 5949 agn
821 5837 1035 5899 κάματον
1053 5841 1199 5889 πολὺν
1231 5832 1995 5914 ὑπομείὴντάξξρἰόιιίιιῖἕῖἒὲῖί
2009 5832 2098 5906 ἱεΕέ

664 5912 740 5949 su.
836 5917 897 5949 Ir-

571 5909 740 5950 $808!].
760 5909 897 5956 ΜΠ.

1199 318 1258 379 S.
1294 313 1578 377 JOANNIS
1612 313 1794 374 CHRY
1809 314 2113 373 SUSTOMI
2147 309 2468 373 ARCHIEP.
2509 307 3055 374 CONSTANTI'NOI’.

3791 312 3902 372 ηε

2226 431 2435 486 παῦσαι
2469 429 2565 484 καί
2601 430 2970 503 νεαρωτέρους
2999 429 3289 499 ἐπαφεῖναι
3313 430 3428 494 τοῖς
3453 427 3752 501 πολεμίοις.
3780 429 3902 485 τῶν·

2226 515 2502 588 πολεμίων
2547 514 2728 570 αὐτῶν
2773 514 3150 587 χαλεπώτερον
3200 516 3600 588 κατειργάσατο
3648 515 3737 570 διά
3790 513 3902 588 τῆς

2221 603 2464 672 ἀνάγκης
2483 600 2576 656 τοῦ
2602 603 2788 674 ὅρκου,
2815 602 2959 674 λιμῷ
2990 602 3265 674 παραδοὺς
3285 604 3481 666 αὐτοὺς
3503 602 3892 678 χαλεπωτάτω.

2222 690 2494 761 Σφαλερὺν
2522 691 2622 762 μὶν
2650 688 2742 744 οὖν
2769 691 2829 743 16
2854 690 2950 744 καῖ
2978 689 3108 760 περὶ
3131 689 3324 743 ἑαυτοῦ
3345 707 3468 743 τινα
3491 690 3741 762 ὀμνύναι·
3767 690 3896 745 πολ-

2219 777 2289 832 λά
2313 777 2421 848 γάρ
2451 777 2556 831 ύπδ
2583 777 2682 848 τῆς
2710 777 2820 830 τῶν
2849 777 3190 848 πραγμάτων
3217 777 3597 848 περιστάσεως
3629 776 3894 849 βιαζόμε-

2221 864 2308 919 θα·
2338 864 2398 918 16
2423 864 2480 918 δὲ
2506 865 2600 920 καὶ
2625 865 2723 935 τὴν
2747 864 2951 936 ἐτέρων
2981 863 3206 934 γνώμην
3232 865 3299 934 τῇ
3325 864 3432 917 τῶν
3461 864 3681 918 οἰκείων
3713 865 3906 936 ὅρκων

2218 951 2434 1024 ἀνάγκη
2479 952 2782 1021 καταδῆσαι
2825 951 3006 1022 πολλῷ
3047 949 3482 1023 σφαλερώτερον,
3520 951 3616 1006 καὶ
3661 950 3898 1022 μάλιστα

2220 1039 2346 1091 ὅταν
2376 1037 2452 1109 μὴ
2480 1037 2610 1109 περί
2631 1039 2748 1101 ἐνὸς
2771 1038 2866 1092 καὶ
2893 1037 2993 1092 δύο
3016 1038 3110 1092 καὶ
3132 1037 3323 1108 τριῶν,
3345 1035 3480 1092 ἀλλά
3503 1037 3634 1108 περί
3659 1037 3902 1109 πλήθους

2221 1124 2450 1196 ἀπείρου
2479 1141 2564 1188 τις
2587 1124 2782 1197 ὀμνύῃ·
2819 1125 2956 1196 ὅπερ
2985 1126 3015 1178 6
3045 1124 3217 1177 Σαοὺλ
3248 1121 3370 1178 τότε
3411 1122 3670 1196 ἐποίησεν
3701 1125 3900 1198 ἀπεριο

2223 1212 2494 1276 σκέπτως,
2528 1213 2620 1267 καί
2647 1213 2769 1267 οῦτε
2802 1213 2884 1267 ὅτι
2913 1212 3059 1276 εἰκὸς
3089 1207 3158 1284 ἦν
3192 1213 3250 1264 ἐν
3285 1209 3461 1276 οὕτως
3492 1211 3705 1283 ἀπείρῳ
3736 1211 3901 1285 δήμῳ

2220 1297 2318 1352 ινα
2354 1299 2484 1368 γοῦν
2519 1318 2643 1356 τινα
2671 1301 2980 1374 παραϐῆναι
3003 1298 3093 1354 16v
3121 1300 3284 1370 ὅρκον
3312 1298 3616 1372 ἐνενόησεν,
3656 1298 3782 1354 οῦτε
3813 1297 3899 1354 ὅτι

2208 1385 2548 1459 ’στρατιῶται
2570 1387 2662 1442 καὶ
2684 1386 3011 1460 στρατιῶται
3034 1385 3399 1458 πολεμοῦντες
3421 1386 3558 1441 πολὺ
3577 1387 3900 1457 φιλοσοφίας

2221 1473 2584 1545 ἀφεστήκασι,
2621 1475 2715 1530 καί⁵
2744 1473 2980 1546 γαστρὸς
3000 1473 3028 1515 ἀ
3057 1476 3278 1546 κρατεῖν
3306 1475 3408 1528 οὐκ
3433 1474 3776 1541 ἐπίστανται,
3799 1475 3899 1529 καὶ

2225 1560 2463 1630 μάλιστα
2495 1562 2625 1616 ὅταν
2653 1562 2821 1626 11016;
2853 1563 2882 1615 6
2912 1563 3159 1632 κάματος
3301 1561 3462 1616 ’Δλλά
3500 1563 3676 1617 ταῦτα
3719 1562 3898 1617 πάντα

2223 1645 2466 1718 παριδὼν
2503 1649 2730 1712 ἐκεῖνος,
2769 1648 2845 1712 ώς
2872 1649 3002 1717 περὶ
3028 1648 3146 1712 ἐνὸς
3177 1648 3387 1703 οἰκέτου
3429 1648 3590 1720 μόνον
3621 1649 3813 1719 ὀμνὺς,
3839 1648 3901 1703 δν

2221 1733 2458 1797 εὗκόλως
2475 1733 2706 1804 ἠδύνατο
2732 1738 3048 1805 κατασχεῖν.
3077 1735 3220 1789 οῦτω
3242 1753 3308 1788 πε
3317 1737 3370 1808 ρ“ι
3391 1736 3593 1798 παντὸς
3617 1735 3903 1804 ἐλογίσατο

2219 1819 2312 1873 τοῦ
2347 1820 2731 1891 στρατοπέδου.
2763 1823 2863 1876 Διά
2887 1840 2970 1876 τοι
3000 1822 3159 1876 τοῦτο
3185 1823 3452 1894 τοσαύτην
3482 1823 3660 1895 ῆνοιξε
3680 1822 3761 1893 τῷ
3781 1822 3902 1876 δια-

2221 1907 2362 1979 ϐόλῳ
2389 1907 2579 1980 θύραν.
2607 1910 2685 1974 ώς
2722 1909 2797 1982 μή
2839 1910 2998 1981 μόνον
3034 1909 3129 1964 δύο
3170 1910 3265 1964 καὶ
3295 1914 3445 1982 τρεῖς
3482 1912 3577 1965 καὶ
3605 1911 3904 1982 τέτταρας,

2219 1993 2355 2048 άλλά
2376 1994 2553 2066 πολλῷ
2578 1995 2796 2060 πλείους
2820 1998 2927 2050 άπὸ
2947 1995 3044 2050 τοῦ
3069 1997 3243 2068 ὅρκου·
3262 1997 3453 2052 τούτου
3477 2000 3534 2052 ἐν
3561 1998 3760 2070 βραχεῖ
3777 2015 3900 2052 και·

2221 2080 2301 2153 ρῷ
2333 2083 2524 2150 πλέξαι
2551 2084 2856 2154 ἐπιορκίας.
2897 2075 3108 2157 Ὠσπερ
3141 2087 3249 2158 γάρ
3273 2088 3404 2140 ὅταν
3439 2088 3564 2158 μηδ’
3599 2089 3738 2153 ὅλως
3766 2087 3898 2159 ὀμό-

2221 2185 2427 2240 σωμεν,
2469 2171 2685 2226 ἃπασαν
2717 2171 2866 2242 αύτῷ
2893 2172 2991 2244 τὴν
3014 2173 3218 2226 είσοδον
3242 2174 3685 2246 ἀποφράττομεν·
3721 2175 3901 2241 οὕτως

2219 2257 2315 2311 ἐάν
2333 2258 2428 2311 ινα
2451 2259 2612 2330 ὅρκον
2636 2259 2934 2331 προώμεθα
2967 2260 3148 2331 μόνον,
3179 2260 3381 2333 πολλὴν
3409 2261 3558 2333 αύτῷ
3583 2262 3901 2333 παρέχομεν

2220 2345 2470 2412 ἐξουσίαν
2509 2347 2782 2402 συνθεῖναι
2832 2347 3032 2420 μυρίας
3076 2349 3385 2419 ἐπιορκίας.
3420 2350 3537 2402 Καὶ·
3565 2349 3816 2421 καθάπερ
3844 2351 3900 2405 σί

2217 2431 2316 2496 τάς
2343 2433 2529 2504 σειρὰς
2560 2434 2871 2499 πλέκοντες,
2904 2436 2972 2491 ἂν
3000 2437 3098 2507 μὲν
3128 2435 3292 2506 ἔχωσι
3325 2435 3418 2490 16v
3456 2435 3754 2507 κατέχοντα
3794 2437 3864 2490 αὐ
3880 2467 3901 2479 ο

2218 2522 2328 2584 τοῖς
2354 2521 2452 2591 τὴν
2483 2522 2682 2594 ἀρχὴν,
2713 2523 2848 2592 μετά
2882 2522 3172 2594 ἀκριϐείας
3199 2523 3420 2579 ἃπασαν
3445 2524 3770 2594 ἐργάζονται
3795 2524 3902 2595 τὴν

2220 2605 2447 2678 πλοκήν·
2471 2605 2536 2661 ἀν
2555 2608 2612 2661 66
2651 2608 2840 2680 μηδεὶς
2879 2611 2907 2662 ὀ
2932 2608 3093 2663 τοῦτο
3125 2609 3297 2664 ποιῶν
3332 2607 3390 2682 ᾖ.
3416 2609 3525 2662 066‘
3547 2611 3898 2681 ἐπιχειρῆσαι

2219 2691 2449 2748 δύναιντ’
2475 2693 2542 2748 ἂν
2563 2695 2661 2766 τήν
2687 2696 2883 2768 ἀρχήν·
2910 2696 3001 2750 τὸν
3022 2697 3184 2750 αὑτὸν
3199 2697 3255 2750 δέ
3270 2697 3470 2768 τρόπον
3492 2697 3582 2750 καί
3605 2698 3634 2750 ὀ
3653 2696 3902 2762 διάϐολος

2218 2779 2320 2844 τάς
2354 2780 2550 2852 σειράς
2589 2780 2697 2834 τῶν
2752 2783 3168 2854 ἁμαρτημάτων
3222 2783 3379 2854 ήμῶν
3432 2783 3666 2850 πλέκων,
3718 2783 3784 2838 ἀν
3821 2785 3901 2857 μὴ

2221 2867 2484 2938 λάϐητὴν
2511 2867 2684 2940 ἀρχὴν
2727 2869 2835 2922 ἀπὸ
2878 2870 2978 2940 τῆς
3023 2869 3267 2941 γλώττης
3303 2871 3403 2942 τῆς
3441 2871 3714 2943 ήμετέρας
3774 2873 3901 2927 οὐδὲ

2221 2954 2564 3026 ἐπιχειρῆσαι
2596 2954 2796 3010 δύναιτ’
2824 2957 2910 3011 ἀν·
2941 2955 3007 3010 ἃν
3040 2956 3096 3010 δέ
3121 2957 3296 3029 ἀρχὴν
3325 2957 3682 3029 ποιησώμεθα
3713 2959 3896 3030 μόνον,

2218 3039 2408 3112 ὥσπερ
2446 3043 2588 3112 χειρὶ
2617 3045 2686 3114 τῇ
2721 3042 2941 3116 γλώττῃ
2981 3043 3073 3096 τὸν
3119 3045 3297 3116 ὅρκον·
3325 3043 3486 3115 ήμῶν
3530 3047 3898 3116 κατεχόντων,

2222 3127 2362 3196 μετά
2401 3127 2601 3199 πολλῆς
2633 3128 2817 3182 λοιπὸν
2847 3130 2945 3200 τῆς
2973 3130 3158 3194 ἀδείας
3190 3132 3288 3202 τήν
3329 3133 3571 3204 πονηρὰν
3609 3132 3773 3186 αὐτοῦ
3805 3135 3899 3187 τέ-

2220 3231 2352 3284 χνην
2381 3215 2764 3280 ἐπιδείκνυται,
2787 3216 2938 3288 [141]
2964 3218 3023 3283 ἐξ
3047 3219 3164 3282 ἐνὸς
3194 3220 3358 3290 ὅρκου
3396 3220 3596 3291 μυρίας
3630 3221 3901 3287 συντιθεὶς

2222 3303 2313 3354 καὶ
2342 3301 2556 3355 πλέκων
2577 3305 2883 3374 ἐπιορκίας·
2911 3304 2940 3356 ὃ
2964 3305 3027 3377 δή
3058 3306 3152 3358 καὶ
3168 3305 3260 3358 νῦν
3277 3307 3369 3359 ἐπὶ
3393 3306 3486 3360 τοῦ
3511 3307 3682 3361 Σαοὺλ
3705 3311 3900 3382 ἐποίη-

2223 3405 2314 3442 σεν
2334 3383 2506 3453 οὗτος.
2542 3391 2682 3461 ὐρα
2712 3391 2842 3460 γοῦν
2875 3393 3075 3458 εὐθέως
3102 3393 3190 3447 οἴα
3220 3395 3428 3463 γίνεται
3449 3394 3527 3466 τῷ
3546 3396 3693 3467 ὅρκῳ
3717 3397 3898 3468 τούτῳ

2220 3475 2406 3545 παγίς.
2448 3477 2716 3548 Δρυμῶνα
2758 3488 2780 3518 ε
2824 3479 3026 3551 παρῄει
3072 3480 3132 3533 16
3182 3482 3539 3553 στρατόπεδον
3587 3484 3900 3552 μελισσῶνα

2219 3562 2442 3634 έχοντα,
2489 3565 2584 3618 καὶ
2618 3566 2646 3617 6
2687 3566 2956 3636 μελισσὼν
2995 3568 3136 3622 κατὰ
3185 3569 3476 3639 πρόσωπον
3516 3571 3608 3624 τοῦ
3650 3571 3822 3642 ἀγροῦ
3847 3571 3896 3638 ί,

2221 3652 2316 3704 καὶ⁹
2339 3651 2583 3720 εἰσῆλθεν
2613 3655 2641 3706 ὀ
2661 3653 2790 3718 λαὸς
2817 3656 2896 3718 είς
2921 3655 3014 3708 16v
3045 3655 3403 3726 μελλισσῶνα,
3431 3658 3524 3711 καὶ
3551 3659 3900 3729 διεπορεύετο

2220 3737 2416 3794 λαλῶν.
2451 3736 2604 3804 Εῐδες
2635 3735 2747 3794 οἷον
2777 3742 2838 3795 16
2869 3742 3179 3814 βάραθρον;
3207 3745 3455 3814 τράπεζα
3479 3747 3896 3819 ἐσχεδιασμένη,

2223 3825 2308 3878 ῖνα
2347 3827 2442 3881 καὶ
2475 3828 2536 3881 16
2563 3828 2784 3882 εῦκολον
2810 3831 2909 3901 τῆς
2940 3832 3352 3902 ἐπιχειρήσεως,
3408 3835 3501 3887 καὶ
3551 3835 3613 3888 16
3654 3836 3752 3906 ήδῦ
3794 3837 3893 3908 τῆς

2218 3914 2443 3984 τροφῆς,
2487 3915 2581 3968 καὶ
2611 3918 2645 3987 ή
2689 3914 2783 3970 τοῦ
2823 3916 3087 3988 λήσεσθαι
3130 3919 3285 3982 ἐλπὶς
3332 3923 3411 3984 εἰς
3449 3921 3548 3993 τὴν
3580 3923 3894 3994 παράϐασιν

2219 4000 2415 4064 06106;
2445 4003 2846 4074 προκαλέσηται
2875 4005 2984 4058 τῶν
3008 4006 3207 4078 ὅρκων.
3247 4008 3397 4060 Ὅτε
3427 4009 3536 4081 γὰρ
3562 4010 3740 4081 λιμὸς,
3770 4012 3797 4065 ὅ
3831 4029 3891 4065 τε

2221 4088 2462 4157 κάματος
2487 4089 2579 4142 καὶ
2612 4091 2641 4143 6
2682 4092 2873 4162 καιρὸς
2896 4091 3091 4161 (Πᾶσα
3113 4094 3221 4167 γάρ
3247 4096 3285 4162 ἦ
3312 4093 3408 4164 τῆ,
3443 4096 3624 4165 φησὶν,
3649 4097 3892 4168 ἠρίστα)

2216 4174 2338 4226 τότε
2373 4173 2546 4229 ὤθουν
2577 4177 2672 4230 ἐπὶ
2710 4178 2808 4248 τὴν
2844 4181 3209 4251 παρανομίαν.
3250 4183 3361 4235 Καὶ
3394 4185 3426 4254 ή
3456 4183 3564 4237 τῶν
3593 4185 3802 4256 κηρίων
3833 4187 3892 4240 δὲ

2217 4260 2340 4330 6.14;
2364 4261 2560 4328 ἔξωθεν
2586 4265 2783 4328 αὐτοὺς
2812 4266 3170 4338 προεκαλεῖτο
3201 4269 3470 4324 ἐκλύουσα
3501 4272 3600 4342 τὴν
3621 4273 3886 4328 εὐτονίαν·

2215 4347 2277 4400 τό
2308 4366 2366 4402 τε
2396 4351 2505 4421 γάρ
2531 4351 2628 4422 ήδὺ
2657 4353 2749 4404 καὶ
2779 4353 3196 4425 εύπαράσκευον
3217 4359 3241 4396 8
3269 4359 3366 4429 τῆς
3389 4359 3691 4430 τραπέζης.
3715 4362 3892 4415 καὶτὸ

2214 4434 2567 4508 δυσφώρατον
2601 4439 2701 4509 τῆς
2733 4439 2964 4507 κλοπῆς,
3002 4444 3162 4497 ίκανά
3198 4447 3380 4498 πᾶσαν
3417 4442 3483 4517 ἦν
3509 4447 3762 4502 δελεάσαι
3791 4439 3932 4521 τῆἷῗ

2216 4525 2551 4594 φιλοσοφίαν.
2583 4527 2644 4580 Εἰ
2673 4527 2781 4597 γὰρ
2807 4529 2948 4600 κρέα
2969 4525 3060 4601 ἦν,
3091 4530 3236 4603 ᾇπερ
3264 4533 3414 4604 ἕψειν
3439 4535 3534 4588 καί
3561 4535 3731 4608 ὀπτᾷν
3758 4537 3888 4604 ἔδει,

2213 4611 2313 4665 οὐκ
2352 4610 2418 4665 ἂν
2458 4611 2632 4676 οῦτως
2673 4614 2852 4667 αὐτῶν
2887 4616 3181 4689 ἐγοήτευσε
3211 4619 3309 4691 τὴν
3336 4621 3536 4693 ψυχὴν,
3579 4625 3636 4677 ἐν
3667 4623 3747 4695 τῷ
3779 4641 3886 4694 μα-

2215 4699 2483 4768 γειρεύειν
2514 4699 2653 4753 αύτά
2677 4701 2771 4754 καί⁵
2801 4704 2939 4774 πρὸς
2963 4705 3168 4776 τροφὴν
3197 4708 3637 4778 παρασκευάζειν
3669 4711 3890 4781 μελλόν-

2212 4803 2341 4850 των,
2365 4787 2459 4840 καὶ
2489 4786 2878 4857 βραδυνόντων,
2911 4792 3004 4844 καὶ
3034 4794 3478 4862 καραδοκούντων
3499 4799 3528 4837 Ιι
3557 4796 3884 4855 ἁλώσεσθαι·

2213 4872 2328 4925 νυνὶ
2353 4872 2410 4925 δέ
2442 4873 2591 4926 οὐδὲν
2621 4874 2860 4928 τοιοῦτον
2891 4871 2981 4948 ἦν,
3020 4879 3157 4933 ἀλλά
3190 4878 3314 4951 μέλι
3353 4884 3535 4952 μόνον,
3576 4884 3704 4938 ἔνθα
3736 4903 3806 4958 πρ
3819 4903 3883 4942 α-

2211 4961 2479 5046 γματείας
2513 4961 2609 5030 μὲν
2641 4962 2898 5034 οὐδεμιᾶς
2929 4965 3035 5018 ἔδει
3074 4968 3352 5039 τοιαύτης,
3379 4972 3538 5042 ήρκει
3558 4971 3612 5026 δέ
3631 4973 3786 5046 ἀκρῳ
3804 4975 3887 5046 τῷ

2209 5045 2456 5116 δακτύλῳ
2499 5048 2746 5119 βάψαντα
2797 5056 3085 5122 μετασχεῖν
3117 5057 3214 5126 τῆς
3237 5057 3516 5128 τραπέζης
3550 5061 3643 5112 καὶ
3676 5045 3881 5118 λαθεῖν.

2223 5133 2362 5186 Ἀλλ’
2395 5135 2544 5203 ὅμως
2571 5138 2768 5192 ἐκεῖνοι
2797 5141 3045 5209 κατεῖχον
3075 5141 3174 5211 τῆς
3205 5142 3522 5212 ἐπιθυμίας,
3553 5145 3649 5200 καὶ⁴
3676 5147 3777 5202 οὐκ
3798 5143 3884 5202 εἷ-

2209 5237 2310 5272 πον
2349 5221 2485 5292 πρδς
2513 5223 2756 5288 ἑαυτούς·
2792 5225 2856 5278 Τί
2892 5226 2949 5278 δὲ
2986 5229 3119 5298 ήμῖν
3153 5229 3332 5298 μέλεις
3378 5231 3452 5302 μὴ
3481 5231 3589 5302 γάρ
3629 5234 3693 5305 δή
3724 5237 3886 5306 ήμῶν

2207 5323 2291 5370 τις
2321 5308 2573 5378 ὠμόσατο
2596 5313 2611 5352 ί
2645 5312 2838 5380 τοῦτο;
2865 5315 3072 5380 ἐκεῖνος
3094 5315 3256 5372 δώσει
3277 5319 3433 5393 δίκην
3454 5321 3564 5375 τῶν
3586 5323 3887 5393 ἀπερισκέ-

2208 5411 2355 5448 πτων
2395 5395 2594 5467 ὅρκων.
2625 5399 2782 5463 Τίνος
2816 5400 2925 5472 γάρ
2953 5403 3137 5476 ἐνικεν
3167 5404 3356 5475 (byw;
3405 5409 3546 5462 Ἀλλ’
3577 5410 3730 5466 οὐδὲν
3758 5413 3885 5466 τού·

2266 5550 2294 5637 ΣΙ
2745 5559 2825 5606 alii
2851 5561 2931 5606 καὶ
2952 5562 3073 5610 πολὺ
3099 5564 3277 5626 ἄρεα-ει·
3293 5562 3416 5623 σότες
3441 5567 3662 5631 γαστρός.

2305 5615 2407 5663 Alii
2436 5616 2463 5662 δ
2549 5615 2626 5665 ην.
3139 5615 3148 5626 '
3402 5615 3416 5623 ’
3451 5615 3462 5628 ⁸
3514 5615 3523 5616 ί
3567 5615 3578 5631 “

2324 5675 2402 5724 Slc
2422 5631 2598 5726 ιεῗᾶ
2617 5677 2800 5726 inlcro.
2827 5683 3152 5726 restinximus-
3179 5684 3462 5726 unm“..-
3482 5687 3598 5726 1...:

2275 5671 2295 5750 ξ
2319 5675 2402 5750 §lc
2422 5671 2598 5750 eLXX
2617 5677 2800 5750 i‘nlcrp.
2827 5683 3152 5733 restiwimus.
3177 5684 3462 5750 Legebalur
3482 5687 3620 5738 λαοῦ.
3652 5691 3783 5740 Eon.

2266 5737 2293 5801 ξ
2317 5735 2428 5801 ξαν.
2459 5735 2836 5801 ἐμπαράσκεύον.

2201 5795 2502 5909 τωὶεὲζὶἐοιὶ
2520 5795 2662 5849 ιειίιιι
2685 5802 3096 5866 προσδοκώντων.
3113 5804 3260 5858 Forte
3282 5808 3548 5871 legendum
3567 5814 3874 5877 προσδοκών-

2271 5919 2287 5958 ί
2318 5920 2413 5970 Alli
2436 5922 2726 5986 διωμόσατο.
