4232 6320
267 340 367 399 ιιδ

264 456 401 512 tium
427 453 522 510 sit.
562 450 813 510 Secundo
831 491 851 518 ,
878 450 979 508 etsi
1007 465 1112 505 non
1156 461 1337 520 raptus
1357 490 1372 515 ,
1413 459 1508 504 aut
1551 437 1754 503 invitus
1777 454 1872 500 aut

267 545 518 616 ignorans
551 541 655 597 hoc
683 540 932 612 patiatur,
959 539 1027 595 ab
1054 539 1168 609 ipsa
1199 539 1273 593 rei
1304 546 1514 598 natura,
1547 545 1601 590 et
1622 535 1871 590 volunta-

265 634 378 691 rius
404 641 463 690 et
487 632 666 688 sciens
692 632 916 686 omnino
945 629 1187 700 peierare
1223 636 1462 698 cogetur.
1493 625 1702 696 Saepius
1723 625 1866 681 enim

267 723 414 786 dimi
458 723 615 780 nobis
655 720 1073 794 prandentibus,
1106 728 1162 776 et
1203 733 1480 775 servorum
1518 717 1697 789 aliquo
1739 730 1868 786 pec-

267 823 462 881 cante,
491 828 551 869 se
591 812 741 868 illum
781 811 1165 883 ﬁagellaturam
1196 824 1336 865 uxor
1358 807 1595 878 iuravit,
1633 821 1760 862 mox
1785 805 1868 860 vir

273 907 600 963 contrarium
626 904 865 975 iuravit,
913 914 970 959 et
1009 903 1234 968 restitit,
1268 916 1368 956 nec
1415 900 1658 972 permisit
1681 900 1722 952 ί.
1768 898 1868 954 Hic

270 995 532 1070 quidquid
561 995 802 1060 fecerint,
830 1008 1048 1050 necesse
1071 1003 1154 1048 est
1178 993 1399 1048 omnino
1428 991 1718 1061 periurium
1739 1004 1868 1044 con-

271 1087 420 1146 stitui
450 1105 465 1142 :
495 1101 597 1142 nec
635 1086 778 1141 enim
805 1084 1104 1140 volentibus
1149 1085 1279 1153 ip-is
1312 1091 1367 1141 et
1391 1080 1731 1138 studentibus
1754 1079 1865 1151 iam

269 1190 355 1238 est
398 1161 656 1251 pussi'biie
701 1177 970 1234 custodire
1017 1176 1420 1249 iuramentum;
1472 1173 1569 1230 sed
1612 1170 1869 1244 quidquid

269 1271 514 1337 accidat,
554 1271 791 1342 ipsorum
835 1269 975 1324 alter
1013 1267 1228 1339 periurii
1275 1281 1399 1322 reus
1426 1265 1551 1331 ﬁet,
1579 1264 1664 1321 vel
1692 1263 1870 1335 petius

275 1362 453 1430 ambo,
481 1361 586 1417 hoc
609 1360 815 1416 scilicet
840 1359 1022 1424 modo,
1050 1373 1211 1430 quem
1238 1357 1454 1413 dicam:
1487 1355 1590 1411 hoc
1619 1354 1762 1411 enim
1787 1362 1872 1410 est

277 1451 610 1508 admirabile.
638 1450 856 1507 Juratus
898 1465 958 1506 se
983 1447 1374 1520 ﬁagellaturum
1415 1460 1630 1502 servum
1656 1443 1741 1500 vel
1769 1459 1871 1498 an-

277 1543 511 1599 cillulam
534 1583 550 1608 ,
591 1551 778 1614 postea
808 1541 1140 1613 prohibitus,
1170 1547 1226 1595 et
1269 1539 1384 1610 ipse
1411 1537 1696 1608 peierarit,
1739 1551 1874 1607 quo-

276 1633 419 1689 niam
448 1649 557 1690 non
586 1632 714 1688 fecit
735 1632 878 1704 quod
900 1632 1102 1708 iuravit
1125 1649 1140 1687 :
1165 1640 1221 1686 et
1245 1630 1615 1701 prohibentem
1641 1642 1706 1683 ac
1726 1628 1874 1698 iura-

275 1725 443 1779 menti
472 1725 751 1778 veritatem
781 1723 1160 1793 impedientem
1189 1722 1407 1793 periurii
1432 1720 1658 1776 crimine
1684 1720 1875 1791 alliga-

276 1816 374 1869 vit.
411 1813 528 1871 Non
557 1815 703 1871 enim
749 1814 1051 1886 peierantes
1092 1823 1336 1880 tantum,
1379 1811 1474 1868 sed
1502 1812 1625 1869 aliis
1663 1825 1877 1882 quoque

274 1907 652 1963 necessitatem
681 1906 820 1962 hanc
841 1906 1152 1973 aﬁ‘erentes,
1178 1903 1492 1962 eorundem
1515 1904 1592 1959 rei
1617 1911 1744 1958 sunt
1769 1903 1878 1958 cri-

275 1999 482 2054 minum
513 2015 529 2052 :
555 2013 661 2054 nec
707 1997 853 2052 domi
905 2006 1107 2052 tantum
1131 2037 1148 2064 ,
1179 1996 1277 2053 sed
1315 2003 1372 2052 et
1413 1995 1468 2050 in
1514 1993 1730 2065 publico
1774 1993 1879 2050 hoc

276 2090 546 2161 quispiam
574 2090 690 2145 ﬁeri
722 2090 939 2158 videat,
971 2099 1025 2145 et
1065 2091 1118 2146 in
1151 2089 1341 2160 pugnis
1368 2088 1636 2154 maxime,
1663 2085 1880 2159 quando

277 2180 423 2236 inter
447 2195 508 2235 se
538 2188 836 2250 pugnantes
864 2179 1132 2234 contraria
1150 2178 1334 2249 iurant
1363 2194 1378 2232 :
1409 2176 1498 2233 hic
1521 2175 1738 2248 quidem
1761 2192 1882 2232 ver-

280 2272 620 2339 beratnrum,
651 2273 741 2328 ille
762 2288 890 2328 vero
915 2287 1021 2327 non
1051 2273 1384 2328 verberatum
1410 2270 1475 2326 iri
1505 2287 1520 2324 ε
1550 2269 1638 2325 hic
1661 2269 1882 2341 pallium

279 2380 344 2422 se
370 2365 674 2421 ablaturum
695 2408 710 2433 ,
758 2365 851 2420 ille
879 2381 983 2421 non
1025 2365 1412 2437 permissurum
1440 2381 1456 2417 :
1488 2363 1576 2418 hic
1600 2373 1881 2432 argentum

278 2473 340 2513 se
365 2457 744 2528 repetiturum,
779 2457 870 2513 ille
892 2473 1019 2511 vero
1044 2472 1104 2512 se
1133 2472 1241 2511 non
1270 2454 1605 2510 redditurum
1632 2471 1647 2507 :
1671 2461 1728 2509 et
1747 2451 1884 2508 mul-

280 2557 336 2603 ta
376 2548 485 2603 alia
522 2547 910 2603 contendentes
952 2548 1133 2617 iurant
1173 2546 1502 2616 huiusmodi.
1536 2545 1651 2601 Hoc
1673 2559 1804 2602 vero
1830 2552 1886 2601 et

281 2639 340 2694 in
365 2637 596 2694 officinis
621 2647 676 2692 et
702 2637 904 2692 scholis
923 2638 1187 2708 quispiam
1207 2637 1426 2693 evenire
1450 2635 1650 2692 videat.
1676 2635 1886 2706 Smpius

281 2730 483 2799 quippe
531 2729 722 2784 artifex
768 2728 1088 2797 discipulum
1126 2727 1410 2783 comedere
1449 2734 1506 2782 et
1550 2727 1736 2782 bibere
1776 2741 1884 2782 non

283 2821 434 2889 prius
458 2833 520 2875 se
546 2819 930 2891 permissurum
958 2833 1079 2873 esse
1102 2817 1336 2888 iuravit,
1367 2833 1525 2889 quam
1549 2826 1720 2873 totum
1750 2831 1888 2888 opus

285 2913 588 2981 iniunctum
613 2912 930 2982 expedierit.
965 2912 1076 2967 Hoc
1100 2922 1280 2967 autem
1309 2921 1364 2967 et
1403 2910 1724 2982 paedagogus
1743 2924 1889 2980 srepe

286 3002 344 3056 in
372 3017 596 3071 puerum
623 3013 678 3058 et
702 3003 755 3056 in
779 3002 1028 3058 ancillam
1053 3001 1270 3058 domina
1299 3002 1423 3057 fecit
1447 3018 1462 3056 :
1484 3011 1540 3056 et
1559 3015 1781 3056 necesse
1806 3007 1890 3055 est

286 3093 702 3162 superveniente
732 3107 994 3162 vespere,
1041 3103 1097 3148 et
1139 3108 1304 3164 opere
1347 3107 1454 3147 non
1503 3092 1761 3162 impleto,
1804 3090 1890 3147 vel

290 3182 432 3240 fame
477 3200 587 3240 non
633 3185 983 3255 expedientes
1009 3187 1258 3252 absumi,
1304 3185 1389 3240 vel
1431 3185 1638 3254 iuratos
1670 3184 1892 3240 omnino

288 3279 558 3349 peierare.
608 3279 871 3351 Maliguus
913 3281 1058 3336 enim
1088 3279 1298 3337 daemon
1342 3279 1434 3336 ille
1478 3280 1634 3336 bonis
1678 3295 1895 3352 semper

290 3373 494 3446 nostris
521 3372 777 3427 insidians
801 3373 1006 3436 adstat,
1039 3383 1094 3428 et
1123 3373 1554 3442 iuramentorum
1596 3373 1894 3429 necessita-

292 3473 402 3518 tem
423 3462 670 3529 audiens,
694 3463 746 3518 in
770 3471 1038 3533 torporem
1060 3463 1326 3518 obnoxios
1353 3464 1598 3534 impellit,
1623 3463 1708 3518 vel
1728 3462 1893 3518 aliam

289 3554 516 3611 molitur
539 3553 909 3610 difﬁcultatem
934 3597 948 3617 ,
983 3565 1042 3610 ut
1069 3569 1175 3610 non
1207 3555 1426 3624 impleto
1454 3569 1620 3626 opere
1644 3562 1700 3610 et
1728 3554 1897 3626 plaga:

291 3656 353 3702 et
376 3647 718 3703 contumelia:
746 3656 800 3701 et
838 3646 1071 3717 periuria
1111 3656 1165 3701 et
1204 3644 1408 3701 inﬁnita
1448 3647 1552 3702 alia
1579 3644 1719 3700 mala
1746 3644 1894 3700 ﬁant.

293 3740 448 3797 Sicut
484 3740 630 3795 enim
662 3740 812 3810 pueri
845 3739 1134 3794 funiculum
1167 3738 1384 3809 longum
1414 3748 1468 3794 ct
1493 3746 1804 3807 corruptum
1829 3751 1900 3792 ex

295 3832 573 3887 contrario
595 3831 736 3886 inter
762 3846 822 3886 se
850 3829 1120 3886 trahentes
1144 3844 1265 3884 cum
1294 3829 1464 3885 multo
1492 3832 1694 3900 impetu
1719 3827 1900 3898 supini

296 3937 492 3978 omnes
520 3923 720 3977 eadunt
765 3921 1005 3977 funiculo
1046 3936 1142 3992 per
1171 3920 1406 3976 medium
1435 3919 1680 3990 disrupto
1698 3959 1718 3987 ,
1759 3927 1818 3974 et
1844 3918 1901 3974 hi

299 4014 520 4085 quidem
547 4015 744 4084 capite,
768 4015 843 4069 illi
870 4029 1002 4070 vero
1029 4015 1132 4069 alia
1156 4014 1398 4084 corporis
1425 4022 1575 4083 parte
1601 4011 1898 4069 feriuntur:

301 4109 384 4164 sic
407 4117 464 4163 et
492 4109 634 4163 inter
662 4122 724 4164 se
751 4108 1018 4163 contraria
1042 4107 1318 4178 iurantes,
1340 4106 1651 4177 iuramento
1686 4120 1787 4176 pro
1812 4119 1900 4160 re-

294 4217 427 4256 rum
456 4201 781 4257 necessitate
805 4200 1072 4271 disrupto,
1102 4201 1154 4254 in
1185 4199 1407 4270 periurii
1435 4200 1749 4255 barathrum
1775 4198 1908 4254 utri-

303 4312 412 4368 que
439 4295 671 4363 cadunt,
703 4294 759 4350 hi
800 4294 1016 4366 quidem
1061 4292 1375 4365 peierando,
1411 4292 1485 4348 illi
1512 4307 1644 4350 vero
1687 4291 1907 4364 periurii

303 4405 530 4448 causam
573 4389 694 4445 aliis
723 4387 1029 4460 praebendo.

381 4482 441 4537 2.
471 4481 557 4536 Ex
577 4481 752 4538 Sutilis
777 4481 990 4536 historia
1007 4481 1422 4552 juramentorum
1447 4479 1719 4550 perniciem
1743 4489 1912 4534 osten-

307 4574 410 4629 dit.
436 4603 510 4613 —
538 4571 608 4628 Et
633 4581 690 4627 ut
718 4572 820 4627 hoc
856 4587 962 4626 non
1002 4582 1205 4626 tantum
1240 4586 1308 4627 ex
1339 4571 1404 4626 iis
1426 4586 1549 4640 qua:
1573 4570 1814 4641 quotidie
1856 4571 1910 4625 in

309 4662 569 4718 domibus
592 4669 647 4716 et
672 4662 861 4731 plateis
889 4661 1042 4727 ﬁunt,
1066 4660 1161 4716 sed
1189 4662 1352 4717 etiam
1375 4675 1443 4715 ex
1472 4660 1601 4731 ipsis
1624 4659 1914 4729 Scripturis

313 4754 388 4809 sit
428 4755 767 4808 manifestum
793 4794 810 4825 ,
854 4754 1126 4824 antiquam
1165 4753 1317 4809 vobis
1359 4753 1646 4825 quamdam
1685 4751 1915 4811 narrabo

319 4848 601 4903 historiam
627 4847 786 4902 dictis
813 4846 1239 4902 convenientem.
1272 4846 1465 4903 Hostes
1508 4845 1796 4917 aliquando
1817 4845 1916 4902 Ju-

317 4941 472 4996 dzcos
488 4956 609 4995 cum
634 4940 973 5002 invasissent,
987 4954 1182 5009 eosque
1201 4938 1460 4995 Jonathas
1478 4952 1760 5009 aggressus
1774 4946 1918 4994 esset

318 5036 435 5108 (hic
458 5043 640 5089 autem
664 5042 780 5088 erat
800 5033 976 5090 Saulis
1003 5033 1186 5098 ﬁliusl,
1206 5043 1259 5087 et
1287 5032 1387 5088 hos
1411 5032 1625 5102 quidem
1655 5030 1919 5086 trucidas-

321 5136 427 5190 set,
474 5126 596 5181 illos
648 5140 778 5182 vero
823 5125 877 5179 in
922 5125 1099 5194 fugam
1141 5124 1535 5180 convertisset:
1562 5125 1749 5179 volens
1790 5122 1920 5178 Sani

326 5218 488 5288 huius
536 5228 690 5287 pater
724 5217 954 5287 amplius
983 5225 1168 5273 contra
1195 5216 1428 5286 reliquos
1450 5217 1742 5271 exercitum
1773 5215 1923 5270 exci-

327 5323 471 5376 tare,
495 5321 552 5365 et
577 5311 752 5367 facere
779 5328 846 5365 ne
880 5310 1028 5379 prius
1051 5310 1372 5376 absisteret,
1403 5325 1562 5381 quam
1606 5326 1794 5366 omnes
1824 5327 1925 5381 op-

331 5402 652 5472 pressisset,
697 5401 1024 5456 contrarium
1067 5416 1228 5471 quam
1270 5400 1470 5469 voluit,
1503 5401 1672 5458 fecit:
1715 5402 1927 5472 iuratus

333 5494 606 5549 neminem
655 5505 824 5563 usque
872 5493 940 5547 ad
990 5507 1269 5563 vesperam
1329 5507 1520 5563 panem
1565 5504 1927 5550 eomesturum

336 5601 505 5657 usque
531 5585 600 5640 ad
630 5585 861 5639 hostium
887 5583 1143 5639 ultionem
1170 5597 1410 5640 suorum.
1438 5583 1575 5653 Quid
1613 5598 1804 5656 nempe
1831 5584 1930 5642 hac

402 5744 421 5774 ι
453 5740 596 5793 Savii.
613 5751 668 5791 et
690 5739 885 5804 plurimi
908 5739 1230 5804 nanuscripti,
1250 5746 1562 5792 Contrarium
1577 5741 1768 5804 iuravit
1786 5748 1831 5794 cl
1855 5755 1934 5795 re-

342 5805 454 5856 stitit
475 5801 765 5857 contatdéns
788 5811 832 5857 et
855 5819 947 5858 non
969 5801 1269 5871 permittens.

1150 330 1244 394 an
1280 323 1604 402 ῐιοιιυωιι
1643 337 2136 400 ANﬂOCllENUii
2197 337 2429 397 ilOillL.
2472 336 2607 396 xlv.

3467 345 3574 404 {id

1976 463 2036 502 re
2079 449 2296 508 stultius
2339 451 2455 508 ﬁeri
2502 452 2726 524 posset?
2771 451 3042 531 Fatigatos
3079 454 3255 523 enim,
3296 464 3353 513 et
3386 454 3571 515 labore

1973 543 2145 600 multo
2185 558 2400 615 pressos
2441 545 2637 601 milites
2677 561 2799 601 cum
2837 547 3140 605 refocillare
3167 549 3477 614 debuisset,
3517 561 3573 604 et

1973 635 2225 692 fortiores
2268 637 2511 693 hostibus
2542 639 2831 702 immittere
2851 681 2866 705 ,
2907 638 3155 697 hostibus
3185 641 3316 713 ipsis
3354 642 3572 714 gravius

1973 743 2070 809 eos
2099 728 2278 785 habuit
2300 771 2317 796 ,
2345 744 2443 799 per
2463 730 2751 800 iurameuti
2779 731 3153 788 necessitatem
3195 731 3326 788 fami
3360 735 3570 805 gravis-

1972 821 2126 875 simae
2165 819 2311 890 ipsos
2340 819 2558 876 tradens
2592 820 2671 892 (Ι.
2696 820 2826 893 Reg.
2853 822 2939 877 14.
2962 821 3054 877 2i.
3077 821 3288 895 etsqq.)
3311 838 3329 877 :
3355 823 3570 895 pericu-

1975 909 2148 966 losum
2192 909 2390 980 quippe
2427 909 2496 966 de
2536 910 2716 981 seipse
2756 911 3064 982 quempiam
3102 910 3324 982 iurare;
3375 914 3575 983 saepius

1973 1004 2118 1060 enim
2145 1019 2177 1059 ι
2204 1017 2384 1060 rerum
2405 1003 2804 1060 circumstantia
2836 1004 3116 1075 cogimur;
3142 1003 3372 1060 aliorum
3394 1012 3574 1061 autem

1973 1075 2761 1166 sententiam.iuramentorum
2809 1109 3031 1150 suorum
3073 1093 3395 1152 necessitate
3422 1109 3576 1151 com-

1977 1185 2329 1257 prehendere,
2358 1186 2528 1241 multo
2554 1185 2908 1256 periculosius
2927 1227 2943 1251 ,
2973 1193 3032 1241 et
3053 1184 3288 1240 maxime
3311 1187 3434 1240 cum
3465 1200 3573 1239 non

1974 1276 2045 1333 de
2074 1291 2184 1331 uno
2205 1317 2222 1342 ,
2254 1285 2350 1332 aut
2375 1275 2583 1330 duobus
2604 1274 2696 1332 vel
2743 1275 2912 1331 tribus
2933 1314 2951 1342 ,
2997 1273 3095 1329 sed
3138 1274 3207 1330 de
3234 1272 3578 1329 multitudine

1976 1368 2098 1439 quis
2123 1366 2330 1424 inﬁnita
2347 1367 2492 1437 iuret
2518 1383 2532 1421 :
2559 1366 2700 1422 sicut
2720 1374 2844 1422 tunc
2863 1363 2989 1422 Saftl
3013 1362 3407 1421 inconsiderate
3431 1364 3576 1428 fecit,

1978 1473 2154 1529 neque
2180 1457 2432 1527 cogitavit
2472 1455 2839 1513 verisimiliter
2870 1471 2936 1511 ex
2981 1463 3129 1510 tanto
3159 1469 3383 1510 numero
3411 1469 3577 1508 unum

1979 1549 2172 1606 saltem
2197 1549 2559 1620 iuramentum
2586 1555 3047 1619 transgressurum
3077 1560 3217 1613 esse,
3247 1560 3424 1616 neque
3451 1559 3582 1600 con-

1960 1640 2236 1698 :sideravit
2263 1640 2462 1696 milites
2503 1649 2559 1696 et
2594 1638 2798 1696 milites
2836 1648 3170 1710 pugnantes,
3216 1646 3272 1694 et
3299 1637 3525 1693 multum
3550 1652 3581 1690 a

1983 1730 2318 1803 philosophia
2365 1731 2571 1786 alienos
2610 1739 2854 1786 ventrem
2887 1730 3104 1785 vincere
3144 1743 3252 1792 non
3302 1741 3495 1798 posse,
3527 1734 3586 1782 et

1983 1823 2217 1880 maxime
2242 1838 2364 1879 cum
2409 1822 2560 1878 labor
2585 1823 2657 1878 sit
2697 1821 2982 1892 plurimus.
3011 1819 3120 1876 Sed
3147 1819 3264 1875 hmo
3286 1818 3466 1874 omnia
3497 1817 3586 1872 ille

1983 1915 2286 1987 despiciens
2311 1954 2327 1982 ,
2361 1923 2632 1984 tamquam
2662 1913 2732 1968 de
2775 1928 2882 1968 uno
2930 1920 3137 1966 tantum
3178 1923 3336 1966 servo
3371 1908 3583 1977 iurans,

1984 2024 2144 2079 quem
2175 2007 2330 2062 facile
2356 2006 2609 2061 cohibere
2638 2013 2840 2076 posset,
2871 2005 2948 2058 sic
2973 2002 3041 2058 de
3062 2002 3208 2057 omni
3236 1999 3584 2056 ratiocinatus

1985 2109 2068 2158 est
2095 2099 2354 2156 exercitu.
2383 2097 2454 2153 Et
2478 2096 2599 2152 ideo
2621 2105 2827 2152 tantum
2848 2094 3065 2152 diabolo
3104 2093 3309 2149 aditum
3349 2091 3584 2162 aperuit,

1987 2201 2045 2248 ut
2086 2200 2194 2246 nun
2225 2189 2386 2245 modo
2414 2188 2522 2244 duo
2558 2197 2614 2244 et
2659 2187 2759 2243 tria
2801 2195 2854 2244 et
2883 2197 3114 2257 quatuor
3137 2226 3152 2252 ,
3198 2183 3295 2240 sed
3336 2191 3393 2238 et
3419 2182 3588 2236 multo

1987 2285 2141 2356 plura
2171 2281 2276 2338 hoc
2303 2297 2371 2339 ex
2393 2282 2700 2352 iuramento
2729 2279 2876 2336 brevi
2908 2288 3150 2347 tempore
3180 2275 3413 2346 periuria
3439 2281 3590 2332 texe-

1989 2383 2090 2432 ret.
2134 2373 2288 2431 Sicut
2312 2373 2458 2431 enim
2487 2387 2610 2428 cum
2653 2371 2787 2426 nihil
2827 2369 3049 2427 omnino
3086 2367 3366 2437 iuramus,
3397 2376 3590 2434 omnes

1989 2465 2091 2536 ipsi
2120 2463 2296 2521 aditus
2320 2462 2652 2520 obstruimus
2680 2479 2698 2520 :
2727 2461 2800 2517 ita
2829 2459 2877 2515 si
2914 2474 3078 2515 unum
3121 2457 3400 2513 dumtaxat
3437 2453 3589 2525 iura-

1990 2566 2231 2616 mentum
2259 2556 2602 2614 emiserimus
2627 2596 2641 2619 ,
2693 2553 2796 2624 ipsi
2837 2565 3085 2623 magnam
3133 2547 3338 2604 inﬁnita
3366 2559 3591 2615 compo-

1989 2651 2156 2708 nendi
2183 2649 2418 2722 periuria
2455 2654 2777 2719 potestatem
2818 2644 3142 2716 praebemus.
3171 2639 3242 2695 Et
3265 2639 3407 2694 sicut
3435 2635 3473 2691 ii
3500 2634 3594 2706 qui

1990 2753 2211 2801 catenas
2235 2742 2590 2812 complicant,
2623 2739 2670 2795 si
2705 2753 2830 2794 eum
2858 2736 2948 2808 qui
2975 2744 3135 2806 caput
3166 2742 3313 2789 tenet
3336 2729 3591 2790 habeant,

1992 2833 2148 2891 facile
2173 2842 2230 2890 et
2250 2832 2537 2904 diligenter
2562 2838 2730 2886 totam
2756 2827 3046 2897 expediunt
3071 2823 3332 2880 nodorum
3362 2819 3591 2876 seriem:

1993 2925 2040 2981 si
2059 2939 2189 2980 vero
2213 2922 2303 2995 qui
2329 2920 2494 2978 faciat
2523 2921 2626 2978 hoc
2646 2919 2787 2975 adsit
2813 2932 2993 2984 nemo,
3017 2931 3119 2971 nec
3144 2915 3351 2971 initium
3378 2908 3596 2982 aggredi

1993 3022 2260 3088 possunt:
2287 3013 2479 3070 eodem
2520 3012 2682 3067 modo
2708 3009 2953 3066 diabolus
2996 3021 3211 3078 quoque
3253 3012 3596 3076 peccatorum

1995 3116 2305 3164 nostrorum
2334 3115 2551 3162 catenas
2578 3111 2824 3168 nectens,
2853 3099 2955 3155 nisi
2980 3114 3012 3154 a
3037 3098 3213 3168 lingua
3239 3104 3422 3150 nostra
3450 3093 3600 3164 prin-

1996 3198 2196 3269 cipium
2241 3196 2437 3263 ducat,
2486 3207 2597 3250 nco
2630 3190 2846 3264 aggredi
2887 3187 3101 3261 quidem
3132 3187 3340 3258 possit;
3383 3184 3429 3240 si
3468 3197 3600 3238 vero

1998 3303 2099 3344 nos
2145 3286 2468 3359 principium
2503 3284 2783 3339 dumtaxat
2827 3279 3112 3337 fecerimus
3138 3319 3153 3343 ,
3210 3277 3386 3347 lingua
3443 3274 3600 3345 quasi

1998 3395 2183 3446 manu,
2227 3377 2594 3450 iuramentum
2635 3373 2794 3431 nobis
2837 3370 3214 3435 retinentibus,
3262 3381 3385 3422 cum
3433 3364 3599 3420 multa

1995 3473 2108 3546 iam
2135 3469 2350 3527 licentia
2389 3467 2678 3539 malignam
2715 3473 2888 3520 artem
2926 3477 3077 3532 suam
3118 3466 3355 3523 exercet,
3399 3473 3469 3512 ex
3494 3471 3602 3510 uno

1996 3564 2306 3636 iuramento
2333 3560 2615 3616 innumera
2642 3570 2972 3627 componens
2999 3561 3055 3609 et
3096 3562 3284 3608 texens
3325 3548 3560 3620 periuria
3585 3566 3599 3602 :

2001 3654 2147 3727 quod
2189 3653 2428 3725 profecto
2465 3659 2520 3707 et
2558 3664 2702 3706 nunc
2744 3649 2798 3703 in
2839 3646 3004 3703 Saﬁle
3048 3645 3134 3700 hic
3171 3643 3367 3699 eﬁ‘ecit.
3408 3640 3605 3711 Aspice

2004 3761 2200 3818 nempe
2226 3744 2398 3817 qualis
2427 3745 2531 3798 hoc
2568 3742 2877 3813 iuramento
2906 3739 3131 3808 laqueus
3170 3735 3430 3791 exoritur.
3478 3731 3603 3803 Syl-

2005 3855 2125 3896 vam
2151 3837 2457 3912 praeteribat
2476 3837 2747 3891 exercitus
2772 3832 3032 3904 apiarium
3060 3829 3370 3892 habentem,
3394 3833 3450 3880 et
3475 3822 3606 3879 illud
3701 3897 3708 3904 _

2006 3943 2131 3988 ante
2161 3931 2352 3986 faciem
2380 3928 2492 4000 agri
2521 3927 2562 3995 ⁸,
2589 3935 2646 3982 et
2673 3927 2948 3995 ingressus
2976 3930 3061 3977 est
3091 3920 3318 3990 populus
3355 3917 3422 3972 ad
3461 3916 3609 3985 apia-

2008 4025 2147 4081 rium
2171 4065 2186 4091 ,
2218 4031 2275 4078 et
2317 4019 2582 4076 transibat
2627 4017 2874 4087 loquens.
2919 4011 3111 4067 Vidisti
3155 4018 3412 4080 quantum
3453 4007 3605 4062 bara-

2011 4114 2229 4173 thrum?
2252 4112 2434 4168 Mensa
2453 4112 2953 4178 extemporanea,ut
2971 4111 3027 4158 et
3045 4098 3339 4156 accedendi
3363 4097 3608 4164 facilitas,

2010 4217 2067 4266 et
2091 4204 2405 4263 nutrimenti
2433 4202 2702 4265 suavitas,
2731 4207 2787 4255 et
2816 4194 3016 4252 latendi
3041 4208 3166 4264 spes
3195 4191 3249 4246 in
3271 4189 3607 4261 iuramento-

2012 4317 2134 4358 rum
2177 4297 2664 4370 transgressionem
2709 4293 2855 4362 ipsos
2890 4288 3152 4346 alliceret.
3183 4284 3320 4340 Nam
3362 4282 3532 4336 fames
3561 4290 3617 4334 ct

2015 4395 2166 4451 labor
2193 4401 2249 4449 et
2276 4401 2488 4462 tempus
2509 4386 2716 4462 (Omnis
2735 4384 2903 4450 enim,
2931 4381 3123 4452 inquit,
3148 4388 3283 4433 terra
3309 4370 3614 4446 prandebat)

2017 4489 2035 4556 (
2047 4489 2097 4543 ί.
2113 4486 2243 4557 Reg.
2263 4485 2351 4539 ﬂ.
2368 4479 2465 4553 25)
2487 4491 2616 4535 tunc
2633 4478 2700 4532 ad
2724 4472 3219 4548 praevaricationem
3241 4464 3610 4557 impellebant.

2016 4555 2283 4634 Favorum
2328 4580 2578 4644 aspectus
2618 4583 2833 4640 quoque
2876 4563 3041 4619 animi
3066 4561 3328 4631 _vigorem
3378 4555 3615 4618 solvens,

2019 4671 2354 4726 extrinsecus
2394 4666 2540 4734 ipsos
2567 4662 2843 4719 invitabat.
2880 4657 3080 4713 Mensze
3110 4653 3255 4708 enim
3284 4662 3395 4705 tum
3421 4647 3618 4717 iucun-

2019 4762 2192 4825 ditas,
2224 4769 2334 4814 tum
2363 4755 2536 4812 facilis
2571 4760 2859 4824 apparatus
2879 4791 2896 4816 ,
2942 4757 2996 4804 et
3021 4740 3460 4815 deprehendendi
3492 4737 3616 4791 furti

2022 4851 2308 4908 difﬁcultas
2346 4861 2561 4904 omnem
2605 4841 2998 4914 philosOphiam
3047 4837 3232 4890 fallere
3263 4839 3527 4904 poterant.
3562 4831 3617 4882 Si

2025 4962 2220 5017 nempe
2239 4958 2429 5006 carnes
2459 4941 2703 5004 fuissent,
2730 4950 2864 5007 quas
2893 4933 3097 4989 elixare
3117 4929 3201 4984 vel
3230 4938 3438 4983 torrere
3464 4939 3624 4994 oporo

2029 5051 2192 5105 teret,
2226 5055 2333 5093 non
2371 5045 2576 5092 tantum
2623 5033 2862 5102 ipsorum
2891 5026 3101 5081 animos
3126 5021 3471 5085 allexissent,
3502 5031 3624 5072 cum

2031 5137 2081 5190 in
2114 5135 2243 5205 ipsis
2273 5127 2566 5200 coquendis
2596 5133 2650 5180 et
2677 5123 2744 5179 ad
2772 5136 2951 5177 eseam
2989 5113 3358 5189 prteparandis
3388 5110 3627 5166 cunctari

2030 5238 2083 5282 et
2113 5224 2325 5280 tardare
2343 5226 2637 5292 oporteret,
2672 5217 2726 5270 in
2755 5230 2812 5269 re
2855 5206 3186 5281 deprehendi
3211 5212 3586 5274 exspectantes
3615 5217 3629 5251 :

2034 5332 2174 5372 nunc
2203 5331 2331 5370 vero
2361 5315 2430 5367 nil
2462 5319 2578 5367 erat
2607 5308 2711 5363 tale
2735 5349 2751 5373 ,
2796 5304 2890 5360 sed
2923 5302 3027 5356 mel
3058 5299 3230 5355 solum
3253 5339 3267 5363 ,
3315 5295 3404 5350 ubi
3447 5293 3632 5346 labore

2035 5410 2182 5465 nullo
2207 5421 2341 5478 opus
2367 5414 2483 5459 erat
2506 5418 2522 5466 ;
2564 5398 2866 5455 sufﬁciebat
2901 5402 3078 5448 autem
3110 5401 3380 5443 summum
3405 5383 3630 5453 digitum

2037 5474 2384 5572 intingenten.
2413 5511 2482 5552 ex
2513 5507 2698 5549 mensa
2727 5503 2940 5558 capere.
2973 5485 3351 5540 Verumtamen
3378 5478 3455 5532 illi
3483 5474 3632 5572 cupi-

2037 5567 2256 5653 ditatem
2301 5593 2700 5655 continuerunt,
2745 5598 2844 5640 nec
2889 5581 3026 5636 intra
3073 5591 3132 5633 se
3177 5575 3466 5638 dixerunt,
3495 5567 3634 5635 Quid

2113 5804 2131 5835 ‘
2165 5808 2240 5852 διε
2262 5795 2455 5865 plurimi
2481 5804 2586 5849 Mss.
2607 5790 2822 5851 Moutcf.,
2851 5786 3032 5856 populi.
3061 5801 3165 5851 ιτς),
3183 5780 3316 5848 agri.
