  <div class='ocr_page' id='page_1' title='image "/cluster/home/n/w/nwhite01/storage/ocr_20150623/49/pst.000005712465/149.png"; bbox 0 0 4232 6320; ppageno 0'>
   <div class='ocr_carea' id='block_1_1' title="bbox 646 346 747 411">
    <p class='ocr_par' dir='ltr' id='par_1_1' title="bbox 646 346 747 411">
     <span class='ocr_line' id='line_1_1' title="bbox 646 346 747 411; baseline 0.05 -10"><span class='ocrx_word' id='word_1_1' title='bbox 646 346 747 411; x_wconf 77' lang='lat' dir='ltr'><strong>H7</strong></span> 
     </span>
    </p>
   </div>
   <div class='ocr_carea' id='block_1_2' title="bbox 645 454 2231 528">
    <p class='ocr_par' dir='ltr' id='par_1_2' title="bbox 645 454 2231 528">
     <span class='ocr_line' id='line_1_2' title="bbox 645 454 2231 528; baseline -0.004 -12"><span class='ocrx_word' id='word_1_2' title='bbox 645 461 801 517; x_wconf 85' lang='lat' dir='ltr'><strong>nobis</strong></span> <span class='ocrx_word' id='word_1_3' title='bbox 841 474 987 521; x_wconf 65' lang='lat' dir='ltr'><strong>cura:</strong></span> <span class='ocrx_word' id='word_1_4' title='bbox 1032 457 1159 515; x_wconf 72' lang='lat' dir='ltr'><strong>est!</strong></span> <span class='ocrx_word' id='word_1_5' title='bbox 1205 456 1458 528; x_wconf 85' lang='lat' dir='ltr'><strong>numquid</strong></span> <span class='ocrx_word' id='word_1_6' title='bbox 1512 465 1753 514; x_wconf 84' lang='lat' dir='ltr'><strong>nostrum</strong></span> <span class='ocrx_word' id='word_1_7' title='bbox 1801 457 2077 527; x_wconf 80' lang='lat' dir='ltr'><strong>quisquam</strong></span> <span class='ocrx_word' id='word_1_8' title='bbox 2128 454 2231 509; x_wconf 85' lang='lat' dir='ltr'><strong>hoc</strong></span> 
     </span>
    </p>
   </div>
   <div class='ocr_carea' id='block_1_3' title="bbox 637 546 2227 623">
    <p class='ocr_par' dir='ltr' id='par_1_3' title="bbox 637 546 2227 623">
     <span class='ocr_line' id='line_1_3' title="bbox 637 546 2227 623; baseline -0.006 -14"><span class='ocrx_word' id='word_1_9' title='bbox 637 550 889 623; x_wconf 75' lang='lat' dir='ltr'><strong>jumvit?</strong></span> <span class='ocrx_word' id='word_1_10' title='bbox 931 550 1021 606; x_wconf 82' lang='lat' dir='ltr'><strong>ille</strong></span> <span class='ocrx_word' id='word_1_11' title='bbox 1071 546 1449 606; x_wconf 72' lang='lat' dir='ltr'><strong>inconsiderati</strong></span> <span class='ocrx_word' id='word_1_12' title='bbox 1496 563 1684 619; x_wconf 66' lang='lat' dir='ltr'><strong>partas</strong></span> <span class='ocrx_word' id='word_1_13' title='bbox 1727 548 1877 606; x_wconf 86' lang='lat' dir='ltr'><strong>dabit</strong></span> <span class='ocrx_word' id='word_1_14' title='bbox 1918 546 2227 617; x_wconf 76' lang='lat' dir='ltr'><strong>jus-amenti.</strong></span> 
     </span>
    </p>
   </div>
   <div class='ocr_carea' id='block_1_4' title="bbox 641 638 2229 713">
    <p class='ocr_par' dir='ltr' id='par_1_4' title="bbox 641 638 2229 713">
     <span class='ocr_line' id='line_1_4' title="bbox 641 638 2229 713; baseline -0.005 -14"><span class='ocrx_word' id='word_1_15' title='bbox 641 644 819 711; x_wconf 79' lang='lat' dir='ltr'><strong>Quare</strong></span> <span class='ocrx_word' id='word_1_16' title='bbox 845 657 1076 713; x_wconf 79' lang='lat' dir='ltr'><strong>namque</strong></span> <span class='ocrx_word' id='word_1_17' title='bbox 1092 641 1349 712; x_wconf 74' lang='lat' dir='ltr'><strong>iurabat?</strong></span> <span class='ocrx_word' id='word_1_18' title='bbox 1377 640 1444 695; x_wconf 80' lang='lat' dir='ltr'><strong>At</strong></span> <span class='ocrx_word' id='word_1_19' title='bbox 1471 641 1601 696; x_wconf 81' lang='lat' dir='ltr'><strong>nihil</strong></span> <span class='ocrx_word' id='word_1_20' title='bbox 1625 638 1884 712; x_wconf 83' lang='lat' dir='ltr'><strong>ejusmodi</strong></span> <span class='ocrx_word' id='word_1_21' title='bbox 1909 638 2229 709; x_wconf 78' lang='lat' dir='ltr'><strong>cogitarunt,</strong></span> 
     </span>
    </p>
   </div>
   <div class='ocr_carea' id='block_1_5' title="bbox 642 732 2235 789">
    <p class='ocr_par' dir='ltr' id='par_1_5' title="bbox 642 732 2235 789">
     <span class='ocr_line' id='line_1_5' title="bbox 642 732 2235 789; baseline -0.002 -1"><span class='ocrx_word' id='word_1_22' title='bbox 642 732 738 788; x_wconf 80' lang='lat' dir='ltr'><strong>sed</strong></span> <span class='ocrx_word' id='word_1_23' title='bbox 784 748 906 788; x_wconf 88' lang='lat' dir='ltr'><strong>cum</strong></span> <span class='ocrx_word' id='word_1_24' title='bbox 953 734 1119 788; x_wconf 90' lang='lat' dir='ltr'><strong>multa</strong></span> <span class='ocrx_word' id='word_1_25' title='bbox 1168 733 1463 788; x_wconf 88' lang='lat' dir='ltr'><strong>transibant</strong></span> <span class='ocrx_word' id='word_1_26' title='bbox 1508 732 1803 789; x_wconf 75' lang='lat' dir='ltr'><strong>reverentia</strong></span> <span class='ocrx_word' id='word_1_27' title='bbox 1844 748 1859 785; x_wconf 90' lang='lat'><strong>:</strong></span> <span class='ocrx_word' id='word_1_28' title='bbox 1899 740 1955 787; x_wconf 86' lang='lat' dir='ltr'><strong>et</strong></span> <span class='ocrx_word' id='word_1_29' title='bbox 1992 745 2113 787; x_wconf 86' lang='lat' dir='ltr'><strong>cum</strong></span> <span class='ocrx_word' id='word_1_30' title='bbox 2155 740 2235 785; x_wconf 90' lang='lat' dir='ltr'><strong>tot</strong></span> 
     </span>
    </p>
   </div>
   <div class='ocr_carea' id='block_1_6' title="bbox 642 822 2226 895">
    <p class='ocr_par' dir='ltr' id='par_1_6' title="bbox 642 822 2226 895">
     <span class='ocr_line' id='line_1_6' title="bbox 642 822 2226 895; baseline -0.005 -12"><span class='ocrx_word' id='word_1_31' title='bbox 642 832 861 889; x_wconf 57' lang='lat' dir='ltr'><strong>essent,</strong></span> <span class='ocrx_word' id='word_1_32' title='bbox 892 840 1010 895; x_wconf 82' lang='lat' dir='ltr'><strong>qua:</strong></span> <span class='ocrx_word' id='word_1_33' title='bbox 1040 824 1183 893; x_wconf 89' lang='lat' dir='ltr'><strong>ipsos</strong></span> <span class='ocrx_word' id='word_1_34' title='bbox 1208 823 1523 890; x_wconf 86' lang='lat' dir='ltr'><strong>allicerent,</strong></span> <span class='ocrx_word' id='word_1_35' title='bbox 1555 823 1890 892; x_wconf 85' lang='lat' dir='ltr'><strong>disciplinam</strong></span> <span class='ocrx_word' id='word_1_36' title='bbox 1921 822 2226 888; x_wconf 85' lang='lat' dir='ltr'><strong>servabant,</strong></span> 
     </span>
    </p>
   </div>
   <div class='ocr_carea' id='block_1_7' title="bbox 645 913 2227 987">
    <p class='ocr_par' dir='ltr' id='par_1_7' title="bbox 645 913 2227 987">
     <span class='ocr_line' id='line_1_7' title="bbox 645 913 2227 987; baseline 0.005 -21"><span class='ocrx_word' id='word_1_37' title='bbox 645 914 710 979; x_wconf 74' lang='lat' dir='ltr'><strong>Et</strong></span> <span class='ocrx_word' id='word_1_38' title='bbox 739 915 984 969; x_wconf 73' lang='lat' dir='ltr'><strong>transibat</strong></span> <span class='ocrx_word' id='word_1_39' title='bbox 1026 914 1251 985; x_wconf 79' lang='lat' dir='ltr'><strong>populus</strong></span> <span class='ocrx_word' id='word_1_40' title='bbox 1296 917 1502 984; x_wconf 84' lang='lat' dir='ltr'><strong>loquens</strong></span> <span class='ocrx_word' id='word_1_41' title='bbox 1539 915 1558 982; x_wconf 89' lang='lat'>(</span> <span class='ocrx_word' id='word_1_42' title='bbox 1578 915 1629 971; x_wconf 79' lang='grc' dir='ltr'><strong>Ι.</strong></span> <span class='ocrx_word' id='word_1_43' title='bbox 1651 913 1783 986; x_wconf 64' lang='lat' dir='ltr'><strong>Reg.</strong></span> <span class='ocrx_word' id='word_1_44' title='bbox 1808 915 1895 971; x_wconf 74' lang='grc'><strong>14.</strong></span> <span class='ocrx_word' id='word_1_45' title='bbox 1916 913 2045 987; x_wconf 70' lang='grc'><strong>26).</strong></span> <span class='ocrx_word' id='word_1_46' title='bbox 2086 915 2227 983; x_wconf 75' lang='lat' dir='ltr'><strong>Quid</strong></span> 
     </span>
    </p>
   </div>
   <div class='ocr_carea' id='block_1_8' title="bbox 641 1004 2230 1075">
    <p class='ocr_par' dir='ltr' id='par_1_8' title="bbox 641 1004 2230 1075">
     <span class='ocr_line' id='line_1_8' title="bbox 641 1004 2230 1075; baseline 0.007 -18"><span class='ocrx_word' id='word_1_47' title='bbox 641 1012 726 1063; x_wconf 80' lang='lat' dir='ltr'><strong>est</strong></span> <span class='ocrx_word' id='word_1_48' title='bbox 746 1045 760 1070; x_wconf 94' lang='lat'><strong>,</strong></span> <span class='ocrx_word' id='word_1_49' title='bbox 788 1004 1022 1075; x_wconf 79' lang='lat' dir='ltr'><strong>Loquens</strong></span> <span class='ocrx_word' id='word_1_50' title='bbox 1040 1006 1066 1059; x_wconf 62' lang='grc' dir='ltr'><em>ἵ</em></span> <span class='ocrx_word' id='word_1_51' title='bbox 1094 1005 1351 1061; x_wconf 89' lang='lat' dir='ltr'><strong>Dolorem</strong></span> <span class='ocrx_word' id='word_1_52' title='bbox 1381 1005 1554 1066; x_wconf 82' lang='lat' dir='ltr'><strong>verbis</strong></span> <span class='ocrx_word' id='word_1_53' title='bbox 1579 1007 1917 1069; x_wconf 76' lang='lat' dir='ltr'><strong>consolantes</strong></span> <span class='ocrx_word' id='word_1_54' title='bbox 1942 1007 2081 1065; x_wconf 79' lang='lat' dir='ltr'><strong>inter</strong></span> <span class='ocrx_word' id='word_1_55' title='bbox 2106 1023 2230 1068; x_wconf 66' lang='lat' dir='ltr'><strong>sese</strong></span> 
     </span>
    </p>
   </div>
   <div class='ocr_carea' id='block_1_9' title="bbox 641 1090 1893 1163">
    <p class='ocr_par' dir='ltr' id='par_1_9' title="bbox 641 1090 1893 1163">
     <span class='ocr_line' id='line_1_9' title="bbox 641 1090 1893 1163; baseline 0.009 -17"><span class='ocrx_word' id='word_1_56' title='bbox 641 1093 1012 1163; x_wconf 73' lang='lat' dir='ltr'><strong>loquebantur.</strong></span> <span class='ocrx_word' id='word_1_57' title='bbox 1876 1090 1893 1101; x_wconf 64' lang='grc'><em>’</em></span> 
     </span>
    </p>
   </div>
   <div class='ocr_carea' id='block_1_10' title="bbox 704 1184 2226 1262">
    <p class='ocr_par' dir='ltr' id='par_1_10' title="bbox 704 1184 2226 1262">
     <span class='ocr_line' id='line_1_10' title="bbox 704 1184 2226 1262; baseline 0.007 -23"><span class='ocrx_word' id='word_1_58' title='bbox 704 1186 759 1239; x_wconf 84' lang='grc'><strong>5.</strong></span> <span class='ocrx_word' id='word_1_59' title='bbox 789 1184 922 1253; x_wconf 85' lang='lat' dir='ltr'><strong>Quid</strong></span> <span class='ocrx_word' id='word_1_60' title='bbox 952 1185 1130 1255; x_wconf 81' lang='lat' dir='ltr'><strong>igitur,</strong></span> <span class='ocrx_word' id='word_1_61' title='bbox 1162 1190 1628 1257; x_wconf 80' lang='lat' dir='ltr'><strong>postquamomnis</strong></span> <span class='ocrx_word' id='word_1_62' title='bbox 1645 1190 1871 1261; x_wconf 87' lang='lat' dir='ltr'><strong>populus</strong></span> <span class='ocrx_word' id='word_1_63' title='bbox 1894 1192 2226 1262; x_wconf 85' lang='lat' dir='ltr'><strong>disciplinam</strong></span> 
     </span>
    </p>
   </div>
   <div class='ocr_carea' id='block_1_11' title="bbox 642 1275 2225 1348">
    <p class='ocr_par' dir='ltr' id='par_1_11' title="bbox 642 1275 2225 1348">
     <span class='ocr_line' id='line_1_11' title="bbox 642 1275 2225 1348; baseline 0.009 -22"><span class='ocrx_word' id='word_1_64' title='bbox 642 1275 898 1339; x_wconf 81' lang='lat' dir='ltr'><strong>servavit,</strong></span> <span class='ocrx_word' id='word_1_65' title='bbox 929 1291 1058 1341; x_wconf 74' lang='lat' dir='ltr'><strong>num</strong></span> <span class='ocrx_word' id='word_1_66' title='bbox 1087 1276 1214 1334; x_wconf 81' lang='lat' dir='ltr'><strong>nihil</strong></span> <span class='ocrx_word' id='word_1_67' title='bbox 1244 1278 1470 1348; x_wconf 84' lang='lat' dir='ltr'><strong>amplius</strong></span> <span class='ocrx_word' id='word_1_68' title='bbox 1497 1289 1672 1341; x_wconf 86' lang='lat' dir='ltr'><strong>actum</strong></span> <span class='ocrx_word' id='word_1_69' title='bbox 1700 1290 1802 1347; x_wconf 78' lang='lat' dir='ltr'><strong>est,</strong></span> <span class='ocrx_word' id='word_1_70' title='bbox 1835 1282 1929 1337; x_wconf 88' lang='lat' dir='ltr'><strong>sed</strong></span> <span class='ocrx_word' id='word_1_71' title='bbox 1955 1294 2225 1341; x_wconf 72' lang='lat' dir='ltr'><strong>servatum</strong></span> 
     </span>
    </p>
   </div>
   <div class='ocr_carea' id='block_1_12' title="bbox 640 1363 2223 1444">
    <p class='ocr_par' dir='ltr' id='par_1_12' title="bbox 640 1363 2223 1444">
     <span class='ocr_line' id='line_1_12' title="bbox 640 1363 2223 1444; baseline 0.007 -26"><span class='ocrx_word' id='word_1_72' title='bbox 640 1372 723 1426; x_wconf 82' lang='lat' dir='ltr'><strong>est</strong></span> <span class='ocrx_word' id='word_1_73' title='bbox 766 1363 1167 1433; x_wconf 77' lang='lat' dir='ltr'><strong>juramentum?</strong></span> <span class='ocrx_word' id='word_1_74' title='bbox 1224 1366 1333 1427; x_wconf 82' lang='lat' dir='ltr'><strong>Nec</strong></span> <span class='ocrx_word' id='word_1_75' title='bbox 1385 1369 1458 1423; x_wconf 89' lang='lat' dir='ltr'><strong>ita</strong></span> <span class='ocrx_word' id='word_1_76' title='bbox 1506 1369 1722 1441; x_wconf 82' lang='lat' dir='ltr'><strong>quidem</strong></span> <span class='ocrx_word' id='word_1_77' title='bbox 1780 1381 2050 1433; x_wconf 84' lang='lat' dir='ltr'><strong>servatum</strong></span> <span class='ocrx_word' id='word_1_78' title='bbox 2105 1384 2223 1444; x_wconf 82' lang='lat' dir='ltr'><strong>est,</strong></span> 
     </span>
    </p>
   </div>
   <div class='ocr_carea' id='block_1_13' title="bbox 639 1454 2223 1536">
    <p class='ocr_par' dir='ltr' id='par_1_13' title="bbox 639 1454 2223 1536">
     <span class='ocr_line' id='line_1_13' title="bbox 639 1454 2223 1536; baseline 0.009 -25"><span class='ocrx_word' id='word_1_79' title='bbox 639 1454 732 1511; x_wconf 71' lang='lat' dir='ltr'><strong>Sed</strong></span> <span class='ocrx_word' id='word_1_80' title='bbox 793 1464 1127 1522; x_wconf 79' lang='lat' dir='ltr'><strong>temeratum.</strong></span> <span class='ocrx_word' id='word_1_81' title='bbox 1203 1457 1443 1525; x_wconf 84' lang='lat' dir='ltr'><strong>Qualiter</strong></span> <span class='ocrx_word' id='word_1_82' title='bbox 1508 1470 1730 1531; x_wconf 79' lang='lat' dir='ltr'><strong>autem,</strong></span> <span class='ocrx_word' id='word_1_83' title='bbox 1799 1473 1858 1519; x_wconf 86' lang='lat' dir='ltr'><strong>et</strong></span> <span class='ocrx_word' id='word_1_84' title='bbox 1914 1467 2223 1536; x_wconf 85' lang='lat' dir='ltr'><strong>quomodo,</strong></span> 
     </span>
    </p>
   </div>
   <div class='ocr_carea' id='block_1_14' title="bbox 639 1544 2227 1616">
    <p class='ocr_par' dir='ltr' id='par_1_14' title="bbox 639 1544 2227 1616">
     <span class='ocr_line' id='line_1_14' title="bbox 639 1544 2227 1616; baseline 0.011 -19"><span class='ocrx_word' id='word_1_85' title='bbox 639 1544 816 1603; x_wconf 84' lang='lat' dir='ltr'><strong>statim</strong></span> <span class='ocrx_word' id='word_1_86' title='bbox 872 1546 1099 1613; x_wconf 81' lang='lat' dir='ltr'><strong>audietis</strong></span> <span class='ocrx_word' id='word_1_87' title='bbox 1127 1588 1142 1616; x_wconf 87' lang='lat'><strong>,</strong></span> <span class='ocrx_word' id='word_1_88' title='bbox 1186 1557 1243 1602; x_wconf 90' lang='lat' dir='ltr'><strong>ut</strong></span> <span class='ocrx_word' id='word_1_89' title='bbox 1306 1558 1361 1612; x_wconf 84' lang='lat' dir='ltr'><strong>et</strong></span> <span class='ocrx_word' id='word_1_90' title='bbox 1399 1566 1612 1608; x_wconf 89' lang='lat' dir='ltr'><strong>omnem</strong></span> <span class='ocrx_word' id='word_1_91' title='bbox 1650 1553 1858 1610; x_wconf 85' lang='lat' dir='ltr'><strong>diaboli</strong></span> <span class='ocrx_word' id='word_1_92' title='bbox 1911 1565 2079 1615; x_wconf 70' lang='lat' dir='ltr'><strong>artem</strong></span> <span class='ocrx_word' id='word_1_93' title='bbox 2126 1557 2227 1613; x_wconf 85' lang='lat' dir='ltr'><strong>ad-</strong></span> 
     </span>
    </p>
   </div>
   <div class='ocr_carea' id='block_1_15' title="bbox 638 1634 2225 1715">
    <p class='ocr_par' dir='ltr' id='par_1_15' title="bbox 638 1634 2225 1715">
     <span class='ocr_line' id='line_1_15' title="bbox 638 1634 2225 1715; baseline 0.009 -28"><span class='ocrx_word' id='word_1_94' title='bbox 638 1634 875 1693; x_wconf 83' lang='lat' dir='ltr'><strong>discatis.</strong></span> <span class='ocrx_word' id='word_1_95' title='bbox 942 1637 1192 1695; x_wconf 80' lang='lat' dir='ltr'><strong>Jonatlras</strong></span> <span class='ocrx_word' id='word_1_96' title='bbox 1234 1642 1412 1707; x_wconf 87' lang='lat' dir='ltr'><strong>enim,</strong></span> <span class='ocrx_word' id='word_1_97' title='bbox 1469 1643 1556 1712; x_wconf 78' lang='lat' dir='ltr'><strong>qui</strong></span> <span class='ocrx_word' id='word_1_98' title='bbox 1611 1660 1713 1703; x_wconf 77' lang='lat' dir='ltr'><strong>non</strong></span> <span class='ocrx_word' id='word_1_99' title='bbox 1751 1645 1983 1703; x_wconf 76' lang='lat' dir='ltr'><strong>audierat</strong></span> <span class='ocrx_word' id='word_1_100' title='bbox 2028 1658 2225 1715; x_wconf 75' lang='lat' dir='ltr'><strong>patrem</strong></span> 
     </span>
    </p>
   </div>
   <div class='ocr_carea' id='block_1_16' title="bbox 638 1728 2283 1809">
    <p class='ocr_par' dir='ltr' id='par_1_16' title="bbox 638 1728 2283 1809">
     <span class='ocr_line' id='line_1_16' title="bbox 638 1728 2283 1809; baseline 0.01 -31"><span class='ocrx_word' id='word_1_101' title='bbox 638 1742 786 1789; x_wconf 70' lang='lat' dir='ltr'><strong>suum</strong></span> <span class='ocrx_word' id='word_1_102' title='bbox 826 1728 1085 1797; x_wconf 78' lang='lat' dir='ltr'><strong>jnrantem</strong></span> <span class='ocrx_word' id='word_1_103' title='bbox 1108 1770 1123 1797; x_wconf 93' lang='lat'><strong>,</strong></span> <span class='ocrx_word' id='word_1_104' title='bbox 1171 1734 1387 1791; x_wconf 64' lang='lat' dir='ltr'><strong>extendit</strong></span> <span class='ocrx_word' id='word_1_105' title='bbox 1430 1737 1765 1791; x_wconf 68' lang='lat' dir='ltr'><strong>summitatem</strong></span> <span class='ocrx_word' id='word_1_106' title='bbox 1815 1739 2003 1807; x_wconf 80' lang='lat' dir='ltr'><strong>sceptri</strong></span> <span class='ocrx_word' id='word_1_107' title='bbox 2026 1778 2041 1803; x_wconf 88' lang='lat'><strong>,</strong></span> <span class='ocrx_word' id='word_1_108' title='bbox 2073 1740 2226 1809; x_wconf 63' lang='lat' dir='ltr'><strong>quod</strong></span> <span class='ocrx_word' id='word_1_109' title='bbox 2276 1776 2283 1781; x_wconf 74' lang='grc' dir='ltr'><em>ι</em></span> 
     </span>
    </p>
   </div>
   <div class='ocr_carea' id='block_1_17' title="bbox 639 1808 2224 1898">
    <p class='ocr_par' dir='ltr' id='par_1_17' title="bbox 639 1808 2224 1898">
     <span class='ocr_line' id='line_1_17' title="bbox 639 1808 2224 1898; baseline 0.011 -31"><span class='ocrx_word' id='word_1_110' title='bbox 639 1808 848 1872; x_wconf 79' lang='lat' dir='ltr'><strong>Iwbcbat</strong></span> <span class='ocrx_word' id='word_1_111' title='bbox 900 1822 951 1874; x_wconf 87' lang='lat' dir='ltr'><strong>in</strong></span> <span class='ocrx_word' id='word_1_112' title='bbox 993 1838 1146 1875; x_wconf 72' lang='lat' dir='ltr'><strong>titanu</strong></span> <span class='ocrx_word' id='word_1_113' title='bbox 1186 1840 1315 1890; x_wconf 75' lang='lat' dir='ltr'><strong>sua,</strong></span> <span class='ocrx_word' id='word_1_114' title='bbox 1347 1834 1392 1877; x_wconf 86' lang='lat' dir='ltr'><strong>et</strong></span> <span class='ocrx_word' id='word_1_115' title='bbox 1441 1825 1643 1879; x_wconf 68' lang='lat' dir='ltr'><strong>intintit</strong></span> <span class='ocrx_word' id='word_1_116' title='bbox 1692 1826 1746 1883; x_wconf 80' lang='lat' dir='ltr'><strong>in</strong></span> <span class='ocrx_word' id='word_1_117' title='bbox 1800 1831 1969 1898; x_wconf 74' lang='lat' dir='ltr'><strong>favum</strong></span> <span class='ocrx_word' id='word_1_118' title='bbox 2017 1808 2179 1885; x_wconf 80' lang='lat' dir='ltr'><strong>mellis</strong></span> <span class='ocrx_word' id='word_1_119' title='bbox 2205 1868 2224 1897; x_wconf 85' lang='lat'><strong>,</strong></span> 
     </span>
    </p>
   </div>
   <div class='ocr_carea' id='block_1_18' title="bbox 618 1896 2227 1990">
    <p class='ocr_par' dir='ltr' id='par_1_18' title="bbox 618 1896 2227 1990">
     <span class='ocr_line' id='line_1_18' title="bbox 618 1896 2227 1990; baseline 0.011 -31"><span class='ocrx_word' id='word_1_120' title='bbox 618 1902 685 1959; x_wconf 71' lang='lat' dir='ltr'><strong>’et</strong></span> <span class='ocrx_word' id='word_1_121' title='bbox 710 1896 945 1964; x_wconf 75' lang='lat' dir='ltr'><strong>convertit</strong></span> <span class='ocrx_word' id='word_1_122' title='bbox 976 1928 1179 1966; x_wconf 83' lang='lat' dir='ltr'><strong>manum</strong></span> <span class='ocrx_word' id='word_1_123' title='bbox 1202 1931 1346 1968; x_wconf 78' lang='lat' dir='ltr'><strong>suam</strong></span> <span class='ocrx_word' id='word_1_124' title='bbox 1390 1916 1440 1969; x_wconf 85' lang='lat' dir='ltr'><strong>in</strong></span> <span class='ocrx_word' id='word_1_125' title='bbox 1477 1934 1532 1970; x_wconf 84' lang='lat' dir='ltr'><strong>os</strong></span> <span class='ocrx_word' id='word_1_126' title='bbox 1574 1934 1760 1985; x_wconf 78' lang='lat' dir='ltr'><strong>suum,</strong></span> <span class='ocrx_word' id='word_1_127' title='bbox 1807 1930 1855 1975; x_wconf 85' lang='lat' dir='ltr'><strong>et</strong></span> <span class='ocrx_word' id='word_1_128' title='bbox 1901 1932 2227 1990; x_wconf 70' lang='lat' dir='ltr'><strong>respexerunt</strong></span> 
     </span>
    </p>
   </div>
   <div class='ocr_carea' id='block_1_19' title="bbox 637 2000 2223 2088">
    <p class='ocr_par' dir='ltr' id='par_1_19' title="bbox 637 2000 2223 2088">
     <span class='ocr_line' id='line_1_19' title="bbox 637 2000 2223 2088; baseline 0.008 -35"><span class='ocrx_word' id='word_1_129' title='bbox 637 2000 770 2057; x_wconf 84' lang='lat' dir='ltr'><strong>oculi</strong></span> <span class='ocrx_word' id='word_1_130' title='bbox 798 2001 908 2069; x_wconf 71' lang='lat' dir='ltr'><strong>ejus</strong></span> <span class='ocrx_word' id='word_1_131' title='bbox 938 2002 957 2073; x_wconf 91' lang='lat'>(</span> <span class='ocrx_word' id='word_1_132' title='bbox 986 2003 1035 2056; x_wconf 80' lang='lat' dir='ltr'><strong>l.</strong></span> <span class='ocrx_word' id='word_1_133' title='bbox 1066 2002 1193 2074; x_wconf 78' lang='lat' dir='ltr'><strong>Reg.</strong></span> <span class='ocrx_word' id='word_1_134' title='bbox 1221 2005 1308 2067; x_wconf 73' lang='lat' dir='ltr'><strong>l4.</strong></span> <span class='ocrx_word' id='word_1_135' title='bbox 1333 2005 1403 2059; x_wconf 77' lang='lat'><strong>27</strong></span> <span class='ocrx_word' id='word_1_136' title='bbox 1423 2006 1468 2077; x_wconf 92' lang='lat'><strong>).</strong></span> <span class='ocrx_word' id='word_1_137' title='bbox 1499 2005 1630 2067; x_wconf 83' lang='lat' dir='ltr'><strong>Vide</strong></span> <span class='ocrx_word' id='word_1_138' title='bbox 1657 2024 1814 2080; x_wconf 86' lang='lat' dir='ltr'><strong>quem</strong></span> <span class='ocrx_word' id='word_1_139' title='bbox 1838 2010 1904 2088; x_wconf 85' lang='lat' dir='ltr'><strong>ad</strong></span> <span class='ocrx_word' id='word_1_140' title='bbox 1934 2013 2223 2080; x_wconf 75' lang='lat' dir='ltr'><strong>pcrjurium</strong></span> 
     </span>
    </p>
   </div>
   <div class='ocr_carea' id='block_1_20' title="bbox 641 2089 2222 2169">
    <p class='ocr_par' dir='ltr' id='par_1_20' title="bbox 641 2089 2222 2169">
     <span class='ocr_line' id='line_1_20' title="bbox 641 2089 2222 2169; baseline 0.011 -25"><span class='ocrx_word' id='word_1_141' title='bbox 641 2089 867 2160; x_wconf 80' lang='lat' dir='ltr'><strong>impulit,</strong></span> <span class='ocrx_word' id='word_1_142' title='bbox 893 2107 997 2148; x_wconf 92' lang='lat' dir='ltr'><strong>non</strong></span> <span class='ocrx_word' id='word_1_143' title='bbox 1026 2109 1190 2153; x_wconf 88' lang='lat' dir='ltr'><strong>unum</strong></span> <span class='ocrx_word' id='word_1_144' title='bbox 1212 2095 1438 2155; x_wconf 80' lang='lat' dir='ltr'><strong>militum</strong></span> <span class='ocrx_word' id='word_1_145' title='bbox 1458 2137 1475 2165; x_wconf 85' lang='lat'><strong>,</strong></span> <span class='ocrx_word' id='word_1_146' title='bbox 1507 2097 1601 2153; x_wconf 87' lang='lat' dir='ltr'><strong>sed</strong></span> <span class='ocrx_word' id='word_1_147' title='bbox 1633 2098 2171 2169; x_wconf 75' lang='lat' dir='ltr'><strong>ipsumjuratiliiium</strong></span> <span class='ocrx_word' id='word_1_148' title='bbox 2207 2120 2222 2161; x_wconf 88' lang='lat'><strong>:</strong></span> 
     </span>
    </p>
   </div>
   <div class='ocr_carea' id='block_1_21' title="bbox 643 2184 2256 2256">
    <p class='ocr_par' dir='ltr' id='par_1_21' title="bbox 643 2184 2256 2256">
     <span class='ocr_line' id='line_1_21' title="bbox 643 2184 2256 2256; baseline 0.007 -15"><span class='ocrx_word' id='word_1_149' title='bbox 643 2196 741 2241; x_wconf 80' lang='lat' dir='ltr'><strong>nec</strong></span> <span class='ocrx_word' id='word_1_150' title='bbox 777 2184 919 2238; x_wconf 89' lang='lat' dir='ltr'><strong>enim</strong></span> <span class='ocrx_word' id='word_1_151' title='bbox 950 2184 1242 2255; x_wconf 85' lang='lat' dir='ltr'><strong>perjurium</strong></span> <span class='ocrx_word' id='word_1_152' title='bbox 1272 2197 1484 2256; x_wconf 83' lang='lat' dir='ltr'><strong>patrare</strong></span> <span class='ocrx_word' id='word_1_153' title='bbox 1515 2197 1716 2245; x_wconf 86' lang='lat' dir='ltr'><strong>tantum</strong></span> <span class='ocrx_word' id='word_1_154' title='bbox 1756 2190 1971 2247; x_wconf 83' lang='lat' dir='ltr'><strong>volebat</strong></span> <span class='ocrx_word' id='word_1_155' title='bbox 1999 2233 2011 2255; x_wconf 89' lang='lat'><strong>.</strong></span> <span class='ocrx_word' id='word_1_156' title='bbox 2040 2209 2224 2251; x_wconf 82' lang='lat' dir='ltr'><strong>verum</strong></span> <span class='ocrx_word' id='word_1_157' title='bbox 2250 2232 2256 2237; x_wconf 93' lang='lat'><strong><em>-</em></strong></span> 
     </span>
    </p>
   </div>
   <div class='ocr_carea' id='block_1_22' title="bbox 641 2270 2223 2351">
    <p class='ocr_par' dir='ltr' id='par_1_22' title="bbox 641 2270 2223 2351">
     <span class='ocr_line' id='line_1_22' title="bbox 641 2270 2223 2351; baseline 0.011 -29"><span class='ocrx_word' id='word_1_158' title='bbox 641 2280 695 2336; x_wconf 73' lang='lat' dir='ltr'><strong>et</strong></span> <span class='ocrx_word' id='word_1_159' title='bbox 722 2270 810 2325; x_wconf 85' lang='lat' dir='ltr'><strong>lilii</strong></span> <span class='ocrx_word' id='word_1_160' title='bbox 841 2274 1039 2329; x_wconf 72' lang='lat' dir='ltr'><strong>cmdem</strong></span> <span class='ocrx_word' id='word_1_161' title='bbox 1068 2277 1457 2345; x_wconf 86' lang='lat' dir='ltr'><strong>componebat,</strong></span> <span class='ocrx_word' id='word_1_162' title='bbox 1486 2288 1540 2332; x_wconf 90' lang='lat' dir='ltr'><strong>et</strong></span> <span class='ocrx_word' id='word_1_163' title='bbox 1557 2278 1669 2334; x_wconf 83' lang='lat' dir='ltr'><strong>hoc</strong></span> <span class='ocrx_word' id='word_1_164' title='bbox 1697 2289 1854 2336; x_wconf 84' lang='lat' dir='ltr'><strong>antea</strong></span> <span class='ocrx_word' id='word_1_165' title='bbox 1886 2281 2223 2351; x_wconf 70' lang='lat' dir='ltr'><strong>moliebatur,</strong></span> 
     </span>
    </p>
   </div>
   <div class='ocr_carea' id='block_1_23' title="bbox 639 2366 2223 2447">
    <p class='ocr_par' dir='ltr' id='par_1_23' title="bbox 639 2366 2223 2447">
     <span class='ocr_line' id='line_1_23' title="bbox 639 2366 2223 2447; baseline 0.009 -32"><span class='ocrx_word' id='word_1_166' title='bbox 639 2372 695 2425; x_wconf 79' lang='lat' dir='ltr'><strong>et</strong></span> <span class='ocrx_word' id='word_1_167' title='bbox 720 2373 962 2418; x_wconf 88' lang='lat' dir='ltr'><strong>naturam</strong></span> <span class='ocrx_word' id='word_1_168' title='bbox 986 2366 1152 2437; x_wconf 83' lang='lat' dir='ltr'><strong>ipsam</strong></span> <span class='ocrx_word' id='word_1_169' title='bbox 1183 2377 1369 2427; x_wconf 83' lang='lat' dir='ltr'><strong>contra</strong></span> <span class='ocrx_word' id='word_1_170' title='bbox 1387 2370 1617 2439; x_wconf 89' lang='lat' dir='ltr'><strong>seipsam</strong></span> <span class='ocrx_word' id='word_1_171' title='bbox 1640 2369 2223 2447; x_wconf 62' lang='lat' dir='ltr'><strong>diuiderefestinabat:</strong></span> 
     </span>
    </p>
   </div>
   <div class='ocr_carea' id='block_1_24' title="bbox 640 2456 2228 2538">
    <p class='ocr_par' dir='ltr' id='par_1_24' title="bbox 640 2456 2228 2538">
     <span class='ocr_line' id='line_1_24' title="bbox 640 2456 2228 2538; baseline 0.013 -31"><span class='ocrx_word' id='word_1_172' title='bbox 640 2466 693 2517; x_wconf 72' lang='lat' dir='ltr'><strong>et</strong></span> <span class='ocrx_word' id='word_1_173' title='bbox 720 2456 859 2524; x_wconf 87' lang='lat' dir='ltr'><strong>quod</strong></span> <span class='ocrx_word' id='word_1_174' title='bbox 888 2457 1013 2510; x_wconf 87' lang='lat' dir='ltr'><strong>olim</strong></span> <span class='ocrx_word' id='word_1_175' title='bbox 1046 2458 1097 2513; x_wconf 90' lang='lat' dir='ltr'><strong>in</strong></span> <span class='ocrx_word' id='word_1_176' title='bbox 1125 2458 1372 2530; x_wconf 73' lang='lat' dir='ltr'><strong>Jcphtbze</strong></span> <span class='ocrx_word' id='word_1_177' title='bbox 1400 2460 1600 2525; x_wconf 81' lang='lat' dir='ltr'><strong>fecerat</strong></span> <span class='ocrx_word' id='word_1_178' title='bbox 1628 2463 1822 2533; x_wconf 70' lang='lat' dir='ltr'><strong>(ludis.</strong></span> <span class='ocrx_word' id='word_1_179' title='bbox 1844 2468 1939 2521; x_wconf 78' lang='grc' dir='ltr'><strong>Η.</strong></span> <span class='ocrx_word' id='word_1_180' title='bbox 1970 2468 2058 2538; x_wconf 68' lang='lat'><strong>39.)</strong></span> <span class='ocrx_word' id='word_1_181' title='bbox 2078 2512 2091 2533; x_wconf 90' lang='lat'><strong>,</strong></span> <span class='ocrx_word' id='word_1_182' title='bbox 2125 2469 2228 2526; x_wconf 86' lang='lat' dir='ltr'><strong>huc</strong></span> 
     </span>
    </p>
   </div>
   <div class='ocr_carea' id='block_1_25' title="bbox 640 2548 2227 2629">
    <p class='ocr_par' dir='ltr' id='par_1_25' title="bbox 640 2548 2227 2629">
     <span class='ocr_line' id='line_1_25' title="bbox 640 2548 2227 2629; baseline 0.013 -31"><span class='ocrx_word' id='word_1_183' title='bbox 640 2554 694 2599; x_wconf 87' lang='lat' dir='ltr'><strong>ct</strong></span> <span class='ocrx_word' id='word_1_184' title='bbox 712 2553 896 2615; x_wconf 75' lang='lat' dir='ltr'><strong>postea</strong></span> <span class='ocrx_word' id='word_1_185' title='bbox 920 2561 979 2603; x_wconf 85' lang='lat' dir='ltr'><strong>se</strong></span> <span class='ocrx_word' id='word_1_186' title='bbox 1003 2548 1265 2605; x_wconf 82' lang='lat' dir='ltr'><strong>facturum</strong></span> <span class='ocrx_word' id='word_1_187' title='bbox 1288 2552 1555 2622; x_wconf 84' lang='lat' dir='ltr'><strong>sperabat.</strong></span> <span class='ocrx_word' id='word_1_188' title='bbox 1583 2555 1906 2615; x_wconf 81' lang='lat' dir='ltr'><strong>Etenimiﬂe</strong></span> <span class='ocrx_word' id='word_1_189' title='bbox 1926 2559 2046 2615; x_wconf 45' lang='lat' dir='ltr'><strong>.Duo</strong></span> <span class='ocrx_word' id='word_1_190' title='bbox 2075 2562 2227 2629; x_wconf 79' lang='lat' dir='ltr'><strong>polli-</strong></span> 
     </span>
    </p>
   </div>
   <div class='ocr_carea' id='block_1_26' title="bbox 638 2637 2226 2716">
    <p class='ocr_par' dir='ltr' id='par_1_26' title="bbox 638 2637 2226 2716">
     <span class='ocr_line' id='line_1_26' title="bbox 638 2637 2226 2716; baseline 0.014 -27"><span class='ocrx_word' id='word_1_191' title='bbox 638 2637 776 2699; x_wconf 75' lang='lat' dir='ltr'><strong>citus</strong></span> <span class='ocrx_word' id='word_1_192' title='bbox 804 2653 862 2693; x_wconf 91' lang='lat' dir='ltr'><strong>se</strong></span> <span class='ocrx_word' id='word_1_193' title='bbox 886 2639 1115 2710; x_wconf 81' lang='lat' dir='ltr'><strong>primum</strong></span> <span class='ocrx_word' id='word_1_194' title='bbox 1146 2641 1247 2697; x_wconf 84' lang='lat' dir='ltr'><strong>sibi</strong></span> <span class='ocrx_word' id='word_1_195' title='bbox 1275 2657 1619 2703; x_wconf 83' lang='lat' dir='ltr'><strong>occursurum</strong></span> <span class='ocrx_word' id='word_1_196' title='bbox 1650 2658 1770 2716; x_wconf 88' lang='lat' dir='ltr'><strong>post</strong></span> <span class='ocrx_word' id='word_1_197' title='bbox 1796 2648 1917 2709; x_wconf 86' lang='lat' dir='ltr'><strong>belli</strong></span> <span class='ocrx_word' id='word_1_198' title='bbox 1952 2651 2226 2711; x_wconf 77' lang='lat' dir='ltr'><strong>victurism</strong></span> 
     </span>
    </p>
   </div>
   <div class='ocr_carea' id='block_1_27' title="bbox 636 2726 2226 2805">
    <p class='ocr_par' dir='ltr' id='par_1_27' title="bbox 636 2726 2226 2805">
     <span class='ocr_line' id='line_1_27' title="bbox 636 2726 2226 2805; baseline 0.014 -30"><span class='ocrx_word' id='word_1_199' title='bbox 636 2726 999 2796; x_wconf 76' lang='lat' dir='ltr'><strong>jngulaturutn</strong></span> <span class='ocrx_word' id='word_1_200' title='bbox 1032 2771 1049 2795; x_wconf 89' lang='lat'><strong>,</strong></span> <span class='ocrx_word' id='word_1_201' title='bbox 1083 2729 1140 2793; x_wconf 82' lang='lat' dir='ltr'><strong>in</strong></span> <span class='ocrx_word' id='word_1_202' title='bbox 1179 2731 1301 2787; x_wconf 66' lang='lat' dir='ltr'><strong>ﬁlim</strong></span> <span class='ocrx_word' id='word_1_203' title='bbox 1331 2749 1515 2792; x_wconf 89' lang='lat' dir='ltr'><strong>necem</strong></span> <span class='ocrx_word' id='word_1_204' title='bbox 1556 2737 1749 2794; x_wconf 83' lang='lat' dir='ltr'><strong>cecidit</strong></span> <span class='ocrx_word' id='word_1_205' title='bbox 1780 2755 1795 2805; x_wconf 90' lang='lat'>;</span> <span class='ocrx_word' id='word_1_206' title='bbox 1829 2739 2044 2796; x_wconf 80' lang='lat' dir='ltr'><strong>ﬁliolam</strong></span> <span class='ocrx_word' id='word_1_207' title='bbox 2082 2743 2226 2799; x_wconf 84' lang='lat' dir='ltr'><strong>enim</strong></span> 
     </span>
    </p>
   </div>
   <div class='ocr_carea' id='block_1_28' title="bbox 642 2819 2228 2899">
    <p class='ocr_par' dir='ltr' id='par_1_28' title="bbox 642 2819 2228 2899">
     <span class='ocr_line' id='line_1_28' title="bbox 642 2819 2228 2899; baseline 0.016 -30"><span class='ocrx_word' id='word_1_208' title='bbox 642 2819 868 2898; x_wconf 84' lang='lat' dir='ltr'><strong>primam</strong></span> <span class='ocrx_word' id='word_1_209' title='bbox 917 2820 1018 2877; x_wconf 86' lang='lat' dir='ltr'><strong>sibi</strong></span> <span class='ocrx_word' id='word_1_210' title='bbox 1062 2836 1431 2882; x_wconf 84' lang='lat' dir='ltr'><strong>occurrentem</strong></span> <span class='ocrx_word' id='word_1_211' title='bbox 1482 2827 1775 2894; x_wconf 85' lang='lat' dir='ltr'><strong>immolavit</strong></span> <span class='ocrx_word' id='word_1_212' title='bbox 1794 2872 1818 2899; x_wconf 86' lang='lat'><strong>,,</strong></span> <span class='ocrx_word' id='word_1_213' title='bbox 1848 2842 1915 2889; x_wconf 49' lang='lat' dir='ltr'><strong>vet</strong></span> <span class='ocrx_word' id='word_1_214' title='bbox 1954 2833 2228 2895; x_wconf 21' lang='lat' dir='ltr'><strong>Deusinon</strong></span> 
     </span>
    </p>
   </div>
   <div class='ocr_carea' id='block_1_29' title="bbox 640 2910 932 2981">
    <p class='ocr_par' dir='ltr' id='par_1_29' title="bbox 640 2910 932 2981">
     <span class='ocr_line' id='line_1_29' title="bbox 640 2910 932 2981; baseline 0.034 -22"><span class='ocrx_word' id='word_1_215' title='bbox 640 2910 932 2981; x_wconf 81' lang='lat' dir='ltr'><strong>prohibuit.</strong></span> 
     </span>
    </p>
   </div>
   <div class='ocr_carea' id='block_1_30' title="bbox 646 2983 2229 3079">
    <p class='ocr_par' dir='ltr' id='par_1_30' title="bbox 646 2983 2229 3079">
     <span class='ocr_line' id='line_1_30' title="bbox 646 2983 2229 3079; baseline 0.006 -24"><span class='ocrx_word' id='word_1_216' title='bbox 646 2983 655 2992; x_wconf 65' lang='grc'><em>’</em></span> <span class='ocrx_word' id='word_1_217' title='bbox 710 3003 951 3074; x_wconf 69' lang='lat' dir='ltr'><strong>lepid/ta:</strong></span> <span class='ocrx_word' id='word_1_218' title='bbox 991 3007 1219 3077; x_wconf 73' lang='lat' dir='ltr'><strong>emplo</strong></span> <span class='ocrx_word' id='word_1_219' title='bbox 1253 3009 1534 3079; x_wconf 79' lang='lat' dir='ltr'><strong>juramenti</strong></span> <span class='ocrx_word' id='word_1_220' title='bbox 1558 3009 1800 3066; x_wconf 72' lang='lat' dir='ltr'><strong>donatum</strong></span> <span class='ocrx_word' id='word_1_221' title='bbox 1828 3014 2130 3073; x_wconf 72' lang='lat' dir='ltr'><strong>osutrditur.</strong></span> <span class='ocrx_word' id='word_1_222' title='bbox 2157 3043 2229 3065; x_wconf 54' lang='lat' dir='ltr'><strong>q—</strong></span> 
     </span>
    </p>
   </div>
   <div class='ocr_carea' id='block_1_31' title="bbox 641 3095 2229 3168">
    <p class='ocr_par' dir='ltr' id='par_1_31' title="bbox 641 3095 2229 3168">
     <span class='ocr_line' id='line_1_31' title="bbox 641 3095 2229 3168; baseline 0.01 -20"><span class='ocrx_word' id='word_1_223' title='bbox 641 3095 708 3152; x_wconf 66' lang='lat' dir='ltr'><strong>lit</strong></span> <span class='ocrx_word' id='word_1_224' title='bbox 728 3096 850 3150; x_wconf 67' lang='lat' dir='ltr'><strong>novi</strong></span> <span class='ocrx_word' id='word_1_225' title='bbox 878 3097 1091 3168; x_wconf 85' lang='lat' dir='ltr'><strong>quidem</strong></span> <span class='ocrx_word' id='word_1_226' title='bbox 1122 3098 1415 3157; x_wconf 81' lang='lat' dir='ltr'><strong>inﬁdelium</strong></span> <span class='ocrx_word' id='word_1_227' title='bbox 1447 3103 1643 3161; x_wconf 85' lang='lat' dir='ltr'><strong>multos</strong></span> <span class='ocrx_word' id='word_1_228' title='bbox 1660 3104 2038 3167; x_wconf 79' lang='lat' dir='ltr'><strong>crudelitatem</strong></span> <span class='ocrx_word' id='word_1_229' title='bbox 2066 3115 2123 3162; x_wconf 85' lang='lat' dir='ltr'><strong>et</strong></span> <span class='ocrx_word' id='word_1_230' title='bbox 2151 3108 2229 3163; x_wconf 89' lang='lat' dir='ltr'><strong>in-</strong></span> 
     </span>
    </p>
   </div>
   <div class='ocr_carea' id='block_1_32' title="bbox 644 3189 2231 3268">
    <p class='ocr_par' dir='ltr' id='par_1_32' title="bbox 644 3189 2231 3268">
     <span class='ocr_line' id='line_1_32' title="bbox 644 3189 2231 3268; baseline 0.008 -27"><span class='ocrx_word' id='word_1_231' title='bbox 644 3189 1208 3248; x_wconf 83' lang='lat' dir='ltr'><strong>lmmanitatemnobis</strong></span> <span class='ocrx_word' id='word_1_232' title='bbox 1222 3192 1603 3266; x_wconf 82' lang='lat' dir='ltr'><strong>:improperare</strong></span> <span class='ocrx_word' id='word_1_233' title='bbox 1628 3206 1845 3268; x_wconf 78' lang='lat' dir='ltr'><strong>propter</strong></span> <span class='ocrx_word' id='word_1_234' title='bbox 1868 3235 1873 3257; x_wconf 73' lang='grc' dir='ltr'><strong>ς</strong></span> <span class='ocrx_word' id='word_1_235' title='bbox 1885 3198 1990 3259; x_wconf 83' lang='lat' dir='ltr'><strong>hoc</strong></span> <span class='ocrx_word' id='word_1_236' title='bbox 2026 3199 2231 3259; x_wconf 68' lang='lat' dir='ltr'><strong>sterili-</strong></span> 
     </span>
    </p>
   </div>
   <div class='ocr_carea' id='block_1_33' title="bbox 642 3281 2232 3358">
    <p class='ocr_par' dir='ltr' id='par_1_33' title="bbox 642 3281 2232 3358">
     <span class='ocr_line' id='line_1_33' title="bbox 642 3281 2232 3358; baseline 0.01 -25"><span class='ocrx_word' id='word_1_237' title='bbox 642 3281 817 3346; x_wconf 70' lang='lat' dir='ltr'><strong>cium;</strong></span> <span class='ocrx_word' id='word_1_238' title='bbox 868 3297 968 3353; x_wconf 85' lang='lat' dir='ltr'><strong>ego</strong></span> <span class='ocrx_word' id='word_1_239' title='bbox 1020 3299 1145 3339; x_wconf 87' lang='lat' dir='ltr'><strong>vero</strong></span> <span class='ocrx_word' id='word_1_240' title='bbox 1174 3286 1365 3342; x_wconf 66' lang='lat' dir='ltr'><strong>multae</strong></span> <span class='ocrx_word' id='word_1_241' title='bbox 1424 3289 1775 3358; x_wconf 58' lang='lat' dir='ltr'><strong>&quot;evidentia:</strong></span> <span class='ocrx_word' id='word_1_242' title='bbox 1819 3300 1882 3348; x_wconf 81' lang='lat' dir='ltr'><strong>et</strong></span> <span class='ocrx_word' id='word_1_243' title='bbox 1931 3292 2232 3351; x_wconf 70' lang='lat' dir='ltr'><strong>dementire</strong></span> 
     </span>
    </p>
   </div>
   <div class='ocr_carea' id='block_1_34' title="bbox 643 3370 2232 3448">
    <p class='ocr_par' dir='ltr' id='par_1_34' title="bbox 643 3370 2232 3448">
     <span class='ocr_line' id='line_1_34' title="bbox 643 3370 2232 3448; baseline 0.011 -24"><span class='ocrx_word' id='word_1_244' title='bbox 643 3370 1154 3436; x_wconf 76' lang='lat' dir='ltr'><strong>demonstrationem</strong></span> <span class='ocrx_word' id='word_1_245' title='bbox 1192 3378 1611 3448; x_wconf 72' lang='lat' dir='ltr'><strong>permissionem</strong></span> <span class='ocrx_word' id='word_1_246' title='bbox 1641 3380 1705 3439; x_wconf 51' lang='lat' dir='ltr'><strong>lin</strong></span> <span class='ocrx_word' id='word_1_247' title='bbox 1735 3382 2125 3441; x_wconf 78' lang='lat' dir='ltr'><strong>hocsocrillcio</strong></span> <span class='ocrx_word' id='word_1_248' title='bbox 2154 3384 2232 3441; x_wconf 68' lang='lat' dir='ltr'><strong>fa~</strong></span> 
     </span>
    </p>
   </div>
   <div class='ocr_carea' id='block_1_35' title="bbox 643 3465 2231 3542">
    <p class='ocr_par' dir='ltr' id='par_1_35' title="bbox 643 3465 2231 3542">
     <span class='ocr_line' id='line_1_35' title="bbox 643 3465 2231 3542; baseline 0.009 -23"><span class='ocrx_word' id='word_1_249' title='bbox 643 3474 785 3519; x_wconf 78' lang='lat' dir='ltr'><strong>ctam</strong></span> <span class='ocrx_word' id='word_1_250' title='bbox 824 3479 944 3519; x_wconf 89' lang='lat' dir='ltr'><strong>esse</strong></span> <span class='ocrx_word' id='word_1_251' title='bbox 989 3465 1245 3535; x_wconf 83' lang='lat' dir='ltr'><strong>dicerem,</strong></span> <span class='ocrx_word' id='word_1_252' title='bbox 1295 3477 1350 3525; x_wconf 92' lang='lat' dir='ltr'><strong>et</strong></span> <span class='ocrx_word' id='word_1_253' title='bbox 1397 3470 1539 3542; x_wconf 87' lang='lat' dir='ltr'><strong>quod</strong></span> <span class='ocrx_word' id='word_1_254' title='bbox 1581 3472 1798 3542; x_wconf 74' lang='lat' dir='ltr'><strong>generis</strong></span> <span class='ocrx_word' id='word_1_255' title='bbox 1826 3474 2006 3531; x_wconf 80' lang='lat' dir='ltr'><strong>mostri</strong></span> <span class='ocrx_word' id='word_1_256' title='bbox 2049 3488 2231 3533; x_wconf 75' lang='lat' dir='ltr'><strong>curam</strong></span> 
     </span>
    </p>
   </div>
   <div class='ocr_carea' id='block_1_36' title="bbox 644 3552 2235 3639">
    <p class='ocr_par' dir='ltr' id='par_1_36' title="bbox 644 3552 2235 3639">
     <span class='ocr_line' id='line_1_36' title="bbox 644 3552 2235 3639; baseline 0.011 -31"><span class='ocrx_word' id='word_1_257' title='bbox 644 3552 867 3625; x_wconf 78' lang='lat' dir='ltr'><strong>gerens,</strong></span> <span class='ocrx_word' id='word_1_258' title='bbox 899 3556 1099 3612; x_wconf 70' lang='lat' dir='ltr'><strong>cwdcm</strong></span> <span class='ocrx_word' id='word_1_259' title='bbox 1131 3558 1275 3614; x_wconf 81' lang='lat' dir='ltr'><strong>illam</strong></span> <span class='ocrx_word' id='word_1_260' title='bbox 1305 3574 1412 3616; x_wconf 90' lang='lat' dir='ltr'><strong>non</strong></span> <span class='ocrx_word' id='word_1_261' title='bbox 1438 3561 1795 3632; x_wconf 80' lang='lat' dir='ltr'><strong>prohibuerit.</strong></span> <span class='ocrx_word' id='word_1_262' title='bbox 1828 3564 1897 3623; x_wconf 79' lang='lat' dir='ltr'><strong>:8i</strong></span> <span class='ocrx_word' id='word_1_263' title='bbox 1941 3566 2085 3623; x_wconf 86' lang='lat' dir='ltr'><strong>enim</strong></span> <span class='ocrx_word' id='word_1_264' title='bbox 2112 3575 2235 3639; x_wconf 83' lang='lat' dir='ltr'><strong>post</strong></span> 
     </span>
    </p>
   </div>
   <div class='ocr_carea' id='block_1_37' title="bbox 647 3652 2233 3731">
    <p class='ocr_par' dir='ltr' id='par_1_37' title="bbox 647 3652 2233 3731">
     <span class='ocr_line' id='line_1_37' title="bbox 647 3652 2233 3731; baseline 0.011 -30"><span class='ocrx_word' id='word_1_265' title='bbox 647 3659 827 3703; x_wconf 58' lang='lat' dir='ltr'><strong>sotqu</strong></span> <span class='ocrx_word' id='word_1_266' title='bbox 858 3652 1346 3721; x_wconf 83' lang='lat' dir='ltr'><strong>ctpromissionem</strong></span> <span class='ocrx_word' id='word_1_267' title='bbox 1393 3655 1537 3719; x_wconf 81' lang='lat' dir='ltr'><strong>illam</strong></span> <span class='ocrx_word' id='word_1_268' title='bbox 1576 3660 2233 3731; x_wconf 37' lang='lat' dir='ltr'><strong>sacriﬁciumlprobibuis-</strong></span> 
     </span>
    </p>
   </div>
   <div class='ocr_carea' id='block_1_38' title="bbox 646 3741 2235 3831">
    <p class='ocr_par' dir='ltr' id='par_1_38' title="bbox 646 3741 2235 3831">
     <span class='ocr_line' id='line_1_38' title="bbox 646 3741 2235 3831; baseline 0.013 -40"><span class='ocrx_word' id='word_1_269' title='bbox 646 3751 749 3806; x_wconf 85' lang='lat' dir='ltr'><strong>set,</strong></span> <span class='ocrx_word' id='word_1_270' title='bbox 780 3741 931 3796; x_wconf 85' lang='lat' dir='ltr'><strong>multi</strong></span> <span class='ocrx_word' id='word_1_271' title='bbox 973 3742 1135 3797; x_wconf 86' lang='lat' dir='ltr'><strong>etiam</strong></span> <span class='ocrx_word' id='word_1_272' title='bbox 1176 3754 1297 3814; x_wconf 86' lang='lat' dir='ltr'><strong>post</strong></span> <span class='ocrx_word' id='word_1_273' title='bbox 1336 3745 1775 3831; x_wconf 65' lang='lat' dir='ltr'><strong>JephthaiDeum</strong></span> <span class='ocrx_word' id='word_1_274' title='bbox 1821 3762 2101 3822; x_wconf 77' lang='lat' dir='ltr'><strong>sperantes</strong></span> <span class='ocrx_word' id='word_1_275' title='bbox 2126 3771 2235 3813; x_wconf 82' lang='lat' dir='ltr'><strong>non</strong></span> 
     </span>
    </p>
   </div>
   <div class='ocr_carea' id='block_1_39' title="bbox 645 3836 2233 3913">
    <p class='ocr_par' dir='ltr' id='par_1_39' title="bbox 645 3836 2233 3913">
     <span class='ocr_line' id='line_1_39' title="bbox 645 3836 2233 3913; baseline 0.013 -28"><span class='ocrx_word' id='word_1_276' title='bbox 645 3842 1039 3901; x_wconf 80' lang='lat' dir='ltr'><strong>suscepturum,</strong></span> <span class='ocrx_word' id='word_1_277' title='bbox 1065 3836 1228 3899; x_wconf 81' lang='lat' dir='ltr'><strong>multa</strong></span> <span class='ocrx_word' id='word_1_278' title='bbox 1242 3838 1511 3899; x_wconf 87' lang='lat' dir='ltr'><strong>vovissent</strong></span> <span class='ocrx_word' id='word_1_279' title='bbox 1538 3838 1841 3910; x_wconf 74' lang='lat' dir='ltr'><strong>huiusmodi</strong></span> <span class='ocrx_word' id='word_1_280' title='bbox 1860 3854 2003 3913; x_wconf 78' lang='lat' dir='ltr'><strong>rota,</strong></span> <span class='ocrx_word' id='word_1_281' title='bbox 2032 3855 2086 3901; x_wconf 82' lang='lat' dir='ltr'><strong>et</strong></span> <span class='ocrx_word' id='word_1_282' title='bbox 2108 3860 2233 3905; x_wconf 75' lang='lat' dir='ltr'><strong>sen-</strong></span> 
     </span>
    </p>
   </div>
   <div class='ocr_carea' id='block_1_40' title="bbox 645 3925 2231 3999">
    <p class='ocr_par' dir='ltr' id='par_1_40' title="bbox 645 3925 2231 3999">
     <span class='ocr_line' id='line_1_40' title="bbox 645 3925 2231 3999; baseline 0.012 -24"><span class='ocrx_word' id='word_1_283' title='bbox 645 3925 746 3976; x_wconf 72' lang='lat' dir='ltr'><strong>sim</strong></span> <span class='ocrx_word' id='word_1_284' title='bbox 804 3925 1202 3993; x_wconf 78' lang='lat' dir='ltr'><strong>progredientes</strong></span> <span class='ocrx_word' id='word_1_285' title='bbox 1238 3928 1301 3984; x_wconf 86' lang='lat' dir='ltr'><strong>in</strong></span> <span class='ocrx_word' id='word_1_286' title='bbox 1345 3928 1576 3987; x_wconf 83' lang='lat' dir='ltr'><strong>filiorum</strong></span> <span class='ocrx_word' id='word_1_287' title='bbox 1632 3932 1832 3992; x_wconf 56' lang='lat' dir='ltr'><strong>caedem</strong></span> <span class='ocrx_word' id='word_1_288' title='bbox 1887 3935 2231 3999; x_wconf 75' lang='lat' dir='ltr'><strong>incidissent:</strong></span> 
     </span>
    </p>
   </div>
   <div class='ocr_carea' id='block_1_41' title="bbox 649 4015 2235 4095">
    <p class='ocr_par' dir='ltr' id='par_1_41' title="bbox 649 4015 2235 4095">
     <span class='ocr_line' id='line_1_41' title="bbox 649 4015 2235 4095; baseline 0.013 -31"><span class='ocrx_word' id='word_1_289' title='bbox 649 4030 788 4074; x_wconf 75' lang='lat' dir='ltr'><strong>princ</strong></span> <span class='ocrx_word' id='word_1_290' title='bbox 824 4030 950 4069; x_wconf 82' lang='lat' dir='ltr'><strong>vero</strong></span> <span class='ocrx_word' id='word_1_291' title='bbox 988 4015 1115 4077; x_wconf 85' lang='lat' dir='ltr'><strong>illud</strong></span> <span class='ocrx_word' id='word_1_292' title='bbox 1139 4031 1322 4088; x_wconf 82' lang='lat' dir='ltr'><strong>opere</strong></span> <span class='ocrx_word' id='word_1_293' title='bbox 1366 4021 1683 4091; x_wconf 77' lang='lat' dir='ltr'><strong>permittens</strong></span> <span class='ocrx_word' id='word_1_294' title='bbox 1711 4022 1918 4093; x_wconf 86' lang='lat' dir='ltr'><strong>impleri</strong></span> <span class='ocrx_word' id='word_1_295' title='bbox 1947 4065 1963 4092; x_wconf 89' lang='lat'><strong>,</strong></span> <span class='ocrx_word' id='word_1_296' title='bbox 1992 4036 2235 4095; x_wconf 74' lang='lat' dir='ltr'><strong>posteros</strong></span> 
     </span>
    </p>
   </div>
   <div class='ocr_carea' id='block_1_42' title="bbox 647 4106 2234 4189">
    <p class='ocr_par' dir='ltr' id='par_1_42' title="bbox 647 4106 2234 4189">
     <span class='ocr_line' id='line_1_42' title="bbox 647 4106 2234 4189; baseline 0.014 -35"><span class='ocrx_word' id='word_1_297' title='bbox 647 4119 833 4159; x_wconf 70' lang='lat' dir='ltr'><strong>&quot;mnes</strong></span> <span class='ocrx_word' id='word_1_298' title='bbox 860 4106 1150 4176; x_wconf 81' lang='lat' dir='ltr'><strong>prohibuit.</strong></span> <span class='ocrx_word' id='word_1_299' title='bbox 1190 4108 1271 4165; x_wconf 87' lang='lat' dir='ltr'><strong>.Et</strong></span> <span class='ocrx_word' id='word_1_300' title='bbox 1295 4110 1436 4181; x_wconf 90' lang='lat' dir='ltr'><strong>quod</strong></span> <span class='ocrx_word' id='word_1_301' title='bbox 1466 4110 1569 4185; x_wconf 86' lang='lat' dir='ltr'><strong>hoc</strong></span> <span class='ocrx_word' id='word_1_302' title='bbox 1600 4113 1673 4169; x_wconf 85' lang='lat' dir='ltr'><strong>sit</strong></span> <span class='ocrx_word' id='word_1_303' title='bbox 1700 4128 1919 4182; x_wconf 82' lang='lat' dir='ltr'><strong>verum,</strong></span> <span class='ocrx_word' id='word_1_304' title='bbox 1942 4125 2234 4189; x_wconf 77' lang='lat' dir='ltr'><strong>postquam</strong></span> 
     </span>
    </p>
   </div>
   <div class='ocr_carea' id='block_1_43' title="bbox 649 4195 2237 4279">
    <p class='ocr_par' dir='ltr' id='par_1_43' title="bbox 649 4195 2237 4279">
     <span class='ocr_line' id='line_1_43' title="bbox 649 4195 2237 4279; baseline 0.013 -32"><span class='ocrx_word' id='word_1_305' title='bbox 649 4195 893 4267; x_wconf 67' lang='lat' dir='ltr'><strong>.lcphtlne</strong></span> <span class='ocrx_word' id='word_1_306' title='bbox 921 4199 1081 4254; x_wconf 82' lang='lat' dir='ltr'><strong>ﬁliola</strong></span> <span class='ocrx_word' id='word_1_307' title='bbox 1113 4200 1209 4257; x_wconf 85' lang='lat' dir='ltr'><strong>fuit</strong></span> <span class='ocrx_word' id='word_1_308' title='bbox 1229 4202 1472 4273; x_wconf 77' lang='lat' dir='ltr'><strong>iugulata</strong></span> <span class='ocrx_word' id='word_1_309' title='bbox 1498 4244 1520 4271; x_wconf 84' lang='lat'><strong>,</strong></span> <span class='ocrx_word' id='word_1_310' title='bbox 1549 4212 1622 4262; x_wconf 87' lang='lat' dir='ltr'><strong>.ut</strong></span> <span class='ocrx_word' id='word_1_311' title='bbox 1640 4207 1989 4279; x_wconf 76' lang='lat' dir='ltr'><strong>sempiterna:</strong></span> <span class='ocrx_word' id='word_1_312' title='bbox 2028 4224 2237 4267; x_wconf 83' lang='lat' dir='ltr'><strong>memo-</strong></span> 
     </span>
    </p>
   </div>
   <div class='ocr_carea' id='block_1_44' title="bbox 650 4289 2235 4369">
    <p class='ocr_par' dir='ltr' id='par_1_44' title="bbox 650 4289 2235 4369">
     <span class='ocr_line' id='line_1_44' title="bbox 650 4289 2235 4369; baseline 0.015 -29"><span class='ocrx_word' id='word_1_313' title='bbox 650 4289 742 4359; x_wconf 68' lang='lat' dir='ltr'><strong>riu:</strong></span> <span class='ocrx_word' id='word_1_314' title='bbox 770 4290 1050 4347; x_wconf 81' lang='lat' dir='ltr'><strong>calamitas</strong></span> <span class='ocrx_word' id='word_1_315' title='bbox 1075 4302 1239 4362; x_wconf 83' lang='lat' dir='ltr'><strong>esset,</strong></span> <span class='ocrx_word' id='word_1_316' title='bbox 1269 4309 1376 4351; x_wconf 85' lang='lat' dir='ltr'><strong>neu</strong></span> <span class='ocrx_word' id='word_1_317' title='bbox 1396 4297 1601 4354; x_wconf 79' lang='lat' dir='ltr'><strong>malum</strong></span> <span class='ocrx_word' id='word_1_318' title='bbox 1632 4298 1885 4357; x_wconf 79' lang='lat' dir='ltr'><strong>oblivioni</strong></span> <span class='ocrx_word' id='word_1_319' title='bbox 1918 4300 2235 4369; x_wconf 70' lang='lat' dir='ltr'><strong>traderetur,</strong></span> 
     </span>
    </p>
   </div>
   <div class='ocr_carea' id='block_1_45' title="bbox 647 4380 2238 4463">
    <p class='ocr_par' dir='ltr' id='par_1_45' title="bbox 647 4380 2238 4463">
     <span class='ocr_line' id='line_1_45' title="bbox 647 4380 2238 4463; baseline 0.011 -30"><span class='ocrx_word' id='word_1_320' title='bbox 647 4380 786 4452; x_wconf 72' lang='lat' dir='ltr'><strong>apud</strong></span> <span class='ocrx_word' id='word_1_321' title='bbox 807 4381 1027 4438; x_wconf 68' lang='lat' dir='ltr'><strong>Iudaeos</strong></span> <span class='ocrx_word' id='word_1_322' title='bbox 1050 4384 1136 4443; x_wconf 78' lang='lat' dir='ltr'><strong>lex</strong></span> <span class='ocrx_word' id='word_1_323' title='bbox 1158 4393 1249 4441; x_wconf 86' lang='lat' dir='ltr'><strong>est</strong></span> <span class='ocrx_word' id='word_1_324' title='bbox 1268 4385 1394 4444; x_wconf 83' lang='lat' dir='ltr'><strong>ista.</strong></span> <span class='ocrx_word' id='word_1_325' title='bbox 1410 4428 1427 4452; x_wconf 84' lang='lat'><strong>,</strong></span> <span class='ocrx_word' id='word_1_326' title='bbox 1461 4388 1694 4460; x_wconf 83' lang='lat' dir='ltr'><strong>virgines</strong></span> <span class='ocrx_word' id='word_1_327' title='bbox 1722 4390 2081 4463; x_wconf 79' lang='lat' dir='ltr'><strong>illotempore</strong></span> <span class='ocrx_word' id='word_1_328' title='bbox 2106 4408 2238 4449; x_wconf 81' lang='lat' dir='ltr'><strong>con-</strong></span> 
     </span>
    </p>
   </div>
   <div class='ocr_carea' id='block_1_46' title="bbox 651 4474 2236 4547">
    <p class='ocr_par' dir='ltr' id='par_1_46' title="bbox 651 4474 2236 4547">
     <span class='ocr_line' id='line_1_46' title="bbox 651 4474 2236 4547; baseline 0.009 -21"><span class='ocrx_word' id='word_1_329' title='bbox 651 4474 925 4535; x_wconf 79' lang='lat' dir='ltr'><strong>venientes</strong></span> <span class='ocrx_word' id='word_1_330' title='bbox 976 4475 1326 4547; x_wconf 75' lang='lat' dir='ltr'><strong>quadraginta</strong></span> <span class='ocrx_word' id='word_1_331' title='bbox 1386 4477 1573 4537; x_wconf 86' lang='lat' dir='ltr'><strong>diebus</strong></span> <span class='ocrx_word' id='word_1_332' title='bbox 1628 4483 1969 4543; x_wconf 81' lang='lat' dir='ltr'><strong>commissam</strong></span> <span class='ocrx_word' id='word_1_333' title='bbox 2034 4484 2236 4547; x_wconf 64' lang='lat' dir='ltr'><strong>andem</strong></span> 
     </span>
    </p>
   </div>
   <div class='ocr_carea' id='block_1_47' title="bbox 651 4564 2233 4649">
    <p class='ocr_par' dir='ltr' id='par_1_47' title="bbox 651 4564 2233 4649">
     <span class='ocr_line' id='line_1_47' title="bbox 651 4564 2233 4649; baseline 0.011 -31"><span class='ocrx_word' id='word_1_334' title='bbox 651 4564 964 4638; x_wconf 70' lang='lat' dir='ltr'><strong>deplorare,</strong></span> <span class='ocrx_word' id='word_1_335' title='bbox 996 4575 1052 4621; x_wconf 91' lang='lat' dir='ltr'><strong>ut</strong></span> <span class='ocrx_word' id='word_1_336' title='bbox 1094 4568 1241 4649; x_wconf 66' lang='lat' dir='ltr'><strong>luctu</strong></span> <span class='ocrx_word' id='word_1_337' title='bbox 1294 4570 1459 4627; x_wconf 68' lang='lat' dir='ltr'><strong>cedis</strong></span> <span class='ocrx_word' id='word_1_338' title='bbox 1512 4572 1825 4632; x_wconf 86' lang='lat' dir='ltr'><strong>memoriam</strong></span> <span class='ocrx_word' id='word_1_339' title='bbox 1870 4586 2233 4643; x_wconf 67' lang='lat' dir='ltr'><strong>reuerenter...</strong></span> 
     </span>
    </p>
   </div>
   <div class='ocr_carea' id='block_1_48' title="bbox 658 4659 2235 4732">
    <p class='ocr_par' dir='ltr' id='par_1_48' title="bbox 658 4659 2235 4732">
     <span class='ocr_line' id='line_1_48' title="bbox 658 4659 2235 4732; baseline 0.011 -26"><span class='ocrx_word' id='word_1_340' title='bbox 658 4665 904 4731; x_wconf 74' lang='lat' dir='ltr'><strong>posteros</strong></span> <span class='ocrx_word' id='word_1_341' title='bbox 930 4672 1118 4713; x_wconf 88' lang='lat' dir='ltr'><strong>omnes</strong></span> <span class='ocrx_word' id='word_1_342' title='bbox 1140 4659 1517 4729; x_wconf 84' lang='lat' dir='ltr'><strong>prudentiores</strong></span> <span class='ocrx_word' id='word_1_343' title='bbox 1551 4662 1749 4722; x_wconf 84' lang='lat' dir='ltr'><strong>faciant</strong></span> <span class='ocrx_word' id='word_1_344' title='bbox 1779 4706 1795 4732; x_wconf 92' lang='lat'><strong>,</strong></span> <span class='ocrx_word' id='word_1_345' title='bbox 1818 4666 2120 4724; x_wconf 53' lang='lat' dir='ltr'><strong>tetdiscant</strong></span> <span class='ocrx_word' id='word_1_346' title='bbox 2162 4668 2235 4729; x_wconf 89' lang='lat' dir='ltr'><strong>illi</strong></span> 
     </span>
    </p>
   </div>
   <div class='ocr_carea' id='block_1_49' title="bbox 654 4747 2235 4830">
    <p class='ocr_par' dir='ltr' id='par_1_49' title="bbox 654 4747 2235 4830">
     <span class='ocr_line' id='line_1_49' title="bbox 654 4747 2235 4830; baseline 0.012 -32"><span class='ocrx_word' id='word_1_347' title='bbox 654 4747 704 4815; x_wconf 76' lang='lat' dir='ltr'><strong>in</strong></span> <span class='ocrx_word' id='word_1_348' title='bbox 734 4758 912 4803; x_wconf 90' lang='lat' dir='ltr'><strong>mente</strong></span> <span class='ocrx_word' id='word_1_349' title='bbox 942 4749 1034 4803; x_wconf 89' lang='lat' dir='ltr'><strong>Dei</strong></span> <span class='ocrx_word' id='word_1_350' title='bbox 1056 4764 1162 4806; x_wconf 89' lang='lat' dir='ltr'><strong>non</strong></span> <span class='ocrx_word' id='word_1_351' title='bbox 1188 4750 1390 4821; x_wconf 86' lang='lat' dir='ltr'><strong>fuisse,</strong></span> <span class='ocrx_word' id='word_1_352' title='bbox 1419 4762 1477 4810; x_wconf 90' lang='lat' dir='ltr'><strong>ut</strong></span> <span class='ocrx_word' id='word_1_353' title='bbox 1518 4753 1623 4813; x_wconf 86' lang='lat' dir='ltr'><strong>hoc</strong></span> <span class='ocrx_word' id='word_1_354' title='bbox 1654 4756 2053 4830; x_wconf 56' lang='lat' dir='ltr'><strong>normamque</strong></span> <span class='ocrx_word' id='word_1_355' title='bbox 2092 4760 2235 4822; x_wconf 84' lang='lat' dir='ltr'><strong>enim</strong></span> 
     </span>
    </p>
   </div>
   <div class='ocr_carea' id='block_1_50' title="bbox 655 4837 2236 4923">
    <p class='ocr_par' dir='ltr' id='par_1_50' title="bbox 655 4837 2236 4923">
     <span class='ocr_line' id='line_1_50' title="bbox 655 4837 2236 4923; baseline 0.009 -30"><span class='ocrx_word' id='word_1_356' title='bbox 655 4837 834 4908; x_wconf 83' lang='lat' dir='ltr'><strong>lugere</strong></span> <span class='ocrx_word' id='word_1_357' title='bbox 871 4849 925 4895; x_wconf 91' lang='lat' dir='ltr'><strong>et</strong></span> <span class='ocrx_word' id='word_1_358' title='bbox 952 4841 1165 4911; x_wconf 84' lang='lat' dir='ltr'><strong>plorare</strong></span> <span class='ocrx_word' id='word_1_359' title='bbox 1190 4844 1423 4916; x_wconf 71' lang='lat' dir='ltr'><strong>virgines</strong></span> <span class='ocrx_word' id='word_1_360' title='bbox 1452 4848 1803 4917; x_wconf 72' lang='lat' dir='ltr'><strong>permisisset.</strong></span> <span class='ocrx_word' id='word_1_361' title='bbox 1836 4850 1913 4909; x_wconf 62' lang='lat' dir='ltr'><strong>.Et</strong></span> <span class='ocrx_word' id='word_1_362' title='bbox 1960 4850 2103 4923; x_wconf 83' lang='lat' dir='ltr'><strong>quod</strong></span> <span class='ocrx_word' id='word_1_363' title='bbox 2132 4867 2236 4907; x_wconf 87' lang='lat' dir='ltr'><strong>non</strong></span> 
     </span>
    </p>
   </div>
   <div class='ocr_carea' id='block_1_51' title="bbox 653 4931 2240 5009">
    <p class='ocr_par' dir='ltr' id='par_1_51' title="bbox 653 4931 2240 5009">
     <span class='ocr_line' id='line_1_51' title="bbox 653 4931 2240 5009; baseline 0.009 -23"><span class='ocrx_word' id='word_1_364' title='bbox 653 4931 961 4999; x_wconf 81' lang='lat' dir='ltr'><strong>conjectura</strong></span> <span class='ocrx_word' id='word_1_365' title='bbox 999 4934 1233 5009; x_wconf 87' lang='lat' dir='ltr'><strong>sitquod</strong></span> <span class='ocrx_word' id='word_1_366' title='bbox 1261 4937 1457 5005; x_wconf 84' lang='lat' dir='ltr'><strong>dicitur</strong></span> <span class='ocrx_word' id='word_1_367' title='bbox 1476 4980 1500 5006; x_wconf 81' lang='grc'><strong><em>,</em></strong></span> <span class='ocrx_word' id='word_1_368' title='bbox 1535 4938 1659 5003; x_wconf 83' lang='lat' dir='ltr'><strong>linis</strong></span> <span class='ocrx_word' id='word_1_369' title='bbox 1682 4940 2088 5002; x_wconf 68' lang='lat' dir='ltr'><strong>demonstravit.</strong></span> <span class='ocrx_word' id='word_1_370' title='bbox 2104 4944 2240 5003; x_wconf 61' lang='lat' dir='ltr'><strong>.llost</strong></span> 
     </span>
    </p>
   </div>
   <div class='ocr_carea' id='block_1_52' title="bbox 655 5022 2236 5101">
    <p class='ocr_par' dir='ltr' id='par_1_52' title="bbox 655 5022 2236 5101">
     <span class='ocr_line' id='line_1_52' title="bbox 655 5022 2236 5101; baseline 0.009 -26"><span class='ocrx_word' id='word_1_371' title='bbox 655 5022 783 5095; x_wconf 84' lang='lat' dir='ltr'><strong>illud</strong></span> <span class='ocrx_word' id='word_1_372' title='bbox 814 5025 955 5085; x_wconf 89' lang='lat' dir='ltr'><strong>enim</strong></span> <span class='ocrx_word' id='word_1_373' title='bbox 980 5027 1302 5091; x_wconf 72' lang='lat' dir='ltr'><strong>sacriﬁcium</strong></span> <span class='ocrx_word' id='word_1_374' title='bbox 1339 5045 1499 5087; x_wconf 85' lang='lat' dir='ltr'><strong>nemo</strong></span> <span class='ocrx_word' id='word_1_375' title='bbox 1527 5031 1632 5087; x_wconf 82' lang='lat' dir='ltr'><strong>tale</strong></span> <span class='ocrx_word' id='word_1_376' title='bbox 1672 5032 1780 5088; x_wconf 84' lang='lat' dir='ltr'><strong>Deo</strong></span> <span class='ocrx_word' id='word_1_377' title='bbox 1827 5045 2008 5089; x_wconf 87' lang='lat' dir='ltr'><strong>vntum</strong></span> <span class='ocrx_word' id='word_1_378' title='bbox 2054 5035 2236 5101; x_wconf 82' lang='lat' dir='ltr'><strong>vovit;</strong></span> 
     </span>
    </p>
   </div>
   <div class='ocr_carea' id='block_1_53' title="bbox 655 5118 2242 5199">
    <p class='ocr_par' dir='ltr' id='par_1_53' title="bbox 655 5118 2242 5199">
     <span class='ocr_line' id='line_1_53' title="bbox 655 5118 2242 5199; baseline 0.015 -34"><span class='ocrx_word' id='word_1_379' title='bbox 655 5124 937 5197; x_wconf 68' lang='lat' dir='ltr'><strong>propterea</strong></span> <span class='ocrx_word' id='word_1_380' title='bbox 984 5118 1086 5180; x_wconf 78' lang='lat' dir='ltr'><strong>hoc</strong></span> <span class='ocrx_word' id='word_1_381' title='bbox 1132 5136 1239 5187; x_wconf 80' lang='lat' dir='ltr'><strong>non</strong></span> <span class='ocrx_word' id='word_1_382' title='bbox 1292 5124 1591 5194; x_wconf 82' lang='lat' dir='ltr'><strong>prohibuit:</strong></span> <span class='ocrx_word' id='word_1_383' title='bbox 1624 5126 1767 5196; x_wconf 85' lang='lat' dir='ltr'><strong>quod</strong></span> <span class='ocrx_word' id='word_1_384' title='bbox 1808 5137 1988 5187; x_wconf 86' lang='lat' dir='ltr'><strong>autem</strong></span> <span class='ocrx_word' id='word_1_385' title='bbox 2036 5129 2148 5199; x_wconf 86' lang='lat' dir='ltr'><strong>ipse</strong></span> <span class='ocrx_word' id='word_1_386' title='bbox 2174 5130 2242 5185; x_wconf 85' lang='lat' dir='ltr'><strong>de</strong></span> 
     </span>
    </p>
   </div>
   <div class='ocr_carea' id='block_1_54' title="bbox 655 5208 2241 5291">
    <p class='ocr_par' dir='ltr' id='par_1_54' title="bbox 655 5208 2241 5291">
     <span class='ocr_line' id='line_1_54' title="bbox 655 5208 2241 5291; baseline 0.007 -23"><span class='ocrx_word' id='word_1_387' title='bbox 655 5208 801 5268; x_wconf 75' lang='lat' dir='ltr'><strong>Isaac</strong></span> <span class='ocrx_word' id='word_1_388' title='bbox 829 5212 1335 5287; x_wconf 80' lang='lat' dir='ltr'><strong>mandaverat,.ips_s</strong></span> <span class='ocrx_word' id='word_1_389' title='bbox 1360 5221 1543 5289; x_wconf 83' lang='lat' dir='ltr'><strong>vetuit,</strong></span> <span class='ocrx_word' id='word_1_390' title='bbox 1570 5236 1666 5291; x_wconf 90' lang='lat' dir='ltr'><strong>per</strong></span> <span class='ocrx_word' id='word_1_391' title='bbox 1681 5223 1843 5285; x_wconf 72' lang='lat' dir='ltr'><strong>antibo</strong></span> <span class='ocrx_word' id='word_1_392' title='bbox 1868 5222 2241 5287; x_wconf 78' lang='lat' dir='ltr'><strong>demonstrans</strong></span> 
     </span>
    </p>
   </div>
   <div class='ocr_carea' id='block_1_55' title="bbox 655 5305 2242 5386">
    <p class='ocr_par' dir='ltr' id='par_1_55' title="bbox 655 5305 2242 5386">
     <span class='ocr_line' id='line_1_55' title="bbox 655 5305 2242 5386; baseline 0.008 -29"><span class='ocrx_word' id='word_1_393' title='bbox 655 5316 715 5369; x_wconf 75' lang='lat' dir='ltr'><strong>se</strong></span> <span class='ocrx_word' id='word_1_394' title='bbox 745 5318 850 5358; x_wconf 90' lang='lat' dir='ltr'><strong>non</strong></span> <span class='ocrx_word' id='word_1_395' title='bbox 878 5305 1109 5375; x_wconf 76' lang='lat' dir='ltr'><strong>gaudere</strong></span> <span class='ocrx_word' id='word_1_396' title='bbox 1135 5305 1438 5382; x_wconf 69' lang='lat' dir='ltr'><strong>huiusmodi</strong></span> <span class='ocrx_word' id='word_1_397' title='bbox 1472 5312 1766 5369; x_wconf 77' lang='lat' dir='ltr'><strong>sacriﬁciis.</strong></span> <span class='ocrx_word' id='word_1_398' title='bbox 1823 5315 1928 5371; x_wconf 86' lang='lat' dir='ltr'><strong>Sed</strong></span> <span class='ocrx_word' id='word_1_399' title='bbox 1983 5317 2242 5386; x_wconf 81' lang='lat' dir='ltr'><strong>rnulignus</strong></span> 
     </span>
    </p>
   </div>
   <div class='ocr_carea' id='block_1_56' title="bbox 657 5393 2239 5474">
    <p class='ocr_par' dir='ltr' id='par_1_56' title="bbox 657 5393 2239 5474">
     <span class='ocr_line' id='line_1_56' title="bbox 657 5393 2239 5474; baseline 0.008 -23"><span class='ocrx_word' id='word_1_400' title='bbox 657 5393 867 5471; x_wconf 74' lang='lat' dir='ltr'><strong>d-rmun</strong></span> <span class='ocrx_word' id='word_1_401' title='bbox 893 5405 948 5452; x_wconf 90' lang='lat' dir='ltr'><strong>ct</strong></span> <span class='ocrx_word' id='word_1_402' title='bbox 977 5414 1118 5455; x_wconf 87' lang='lat' dir='ltr'><strong>nunc</strong></span> <span class='ocrx_word' id='word_1_403' title='bbox 1142 5400 1303 5457; x_wconf 88' lang='lat' dir='ltr'><strong>talem</strong></span> <span class='ocrx_word' id='word_1_404' title='bbox 1335 5402 1645 5473; x_wconf 75' lang='lat' dir='ltr'><strong>tragtediam</strong></span> <span class='ocrx_word' id='word_1_405' title='bbox 1688 5416 1897 5474; x_wconf 85' lang='lat' dir='ltr'><strong>patrare</strong></span> <span class='ocrx_word' id='word_1_406' title='bbox 1942 5409 2239 5465; x_wconf 86' lang='lat' dir='ltr'><strong>contende-</strong></span> 
     </span>
    </p>
   </div>
   <div class='ocr_carea' id='block_1_57' title="bbox 660 5482 2236 5569">
    <p class='ocr_par' dir='ltr' id='par_1_57' title="bbox 660 5482 2236 5569">
     <span class='ocr_line' id='line_1_57' title="bbox 660 5482 2236 5569; baseline 0.009 -32"><span class='ocrx_word' id='word_1_407' title='bbox 660 5482 747 5547; x_wconf 73' lang='lat' dir='ltr'><strong>bat</strong></span> <span class='ocrx_word' id='word_1_408' title='bbox 770 5525 785 5546; x_wconf 87' lang='lat'><strong>.</strong></span> <span class='ocrx_word' id='word_1_409' title='bbox 810 5485 1034 5558; x_wconf 75' lang='lat' dir='ltr'><strong>ideoque</strong></span> <span class='ocrx_word' id='word_1_410' title='bbox 1058 5488 1325 5553; x_wconf 63' lang='lat' dir='ltr'><strong>lonathan</strong></span> <span class='ocrx_word' id='word_1_411' title='bbox 1364 5494 1433 5547; x_wconf 91' lang='lat' dir='ltr'><strong>ad</strong></span> <span class='ocrx_word' id='word_1_412' title='bbox 1466 5496 1961 5563; x_wconf 73' lang='lat' dir='ltr'><strong>przcvaricatiunem</strong></span> <span class='ocrx_word' id='word_1_413' title='bbox 2011 5500 2236 5569; x_wconf 87' lang='lat' dir='ltr'><strong>impulit.</strong></span> 
     </span>
    </p>
   </div>
   <div class='ocr_carea' id='block_1_58' title="bbox 658 5574 2237 5660">
    <p class='ocr_par' dir='ltr' id='par_1_58' title="bbox 658 5574 2237 5660">
     <span class='ocr_line' id='line_1_58' title="bbox 658 5574 2237 5660; baseline 0.009 -29"><span class='ocrx_word' id='word_1_414' title='bbox 658 5574 713 5654; x_wconf 68' lang='lat' dir='ltr'><strong>§i</strong></span> <span class='ocrx_word' id='word_1_415' title='bbox 755 5578 872 5650; x_wconf 83' lang='lat' dir='ltr'><strong>quis</strong></span> <span class='ocrx_word' id='word_1_416' title='bbox 895 5583 1037 5648; x_wconf 84' lang='lat' dir='ltr'><strong>enim</strong></span> <span class='ocrx_word' id='word_1_417' title='bbox 1089 5584 1313 5640; x_wconf 83' lang='lat' dir='ltr'><strong>militum</strong></span> <span class='ocrx_word' id='word_1_418' title='bbox 1364 5587 1954 5660; x_wconf 64' lang='lat' dir='ltr'><strong>pracvaricatnslegem</strong></span> <span class='ocrx_word' id='word_1_419' title='bbox 2006 5592 2187 5648; x_wconf 84' lang='lat' dir='ltr'><strong>fuisset</strong></span> <span class='ocrx_word' id='word_1_420' title='bbox 2224 5635 2237 5658; x_wconf 92' lang='lat'><strong>,</strong></span> 
     </span>
    </p>
   </div>
   <div class='ocr_carea' id='block_1_59' title="bbox 660 5676 2239 5750">
    <p class='ocr_par' dir='ltr' id='par_1_59' title="bbox 660 5676 2239 5750">
     <span class='ocr_line' id='line_1_59' title="bbox 660 5676 2239 5750; baseline 0.011 -28"><span class='ocrx_word' id='word_1_421' title='bbox 660 5686 763 5740; x_wconf 69' lang='lat' dir='ltr'><strong>non</strong></span> <span class='ocrx_word' id='word_1_422' title='bbox 810 5687 1055 5743; x_wconf 85' lang='lat' dir='ltr'><strong>magnum</strong></span> <span class='ocrx_word' id='word_1_423' title='bbox 1105 5676 1155 5731; x_wconf 90' lang='lat' dir='ltr'><strong>id</strong></span> <span class='ocrx_word' id='word_1_424' title='bbox 1207 5678 1401 5734; x_wconf 88' lang='lat' dir='ltr'><strong>malum</strong></span> <span class='ocrx_word' id='word_1_425' title='bbox 1431 5679 1526 5750; x_wconf 84' lang='lat' dir='ltr'><strong>ipsi</strong></span> <span class='ocrx_word' id='word_1_426' title='bbox 1563 5681 1869 5748; x_wconf 69' lang='lat' dir='ltr'><strong>videbatur;</strong></span> <span class='ocrx_word' id='word_1_427' title='bbox 1904 5700 2041 5738; x_wconf 87' lang='lat' dir='ltr'><strong>nunc</strong></span> <span class='ocrx_word' id='word_1_428' title='bbox 2066 5694 2239 5739; x_wconf 85' lang='lat' dir='ltr'><strong>autem</strong></span> 
     </span>
    </p>
   </div>
   <div class='ocr_carea' id='block_1_60' title="bbox 662 5768 2240 5847">
    <p class='ocr_par' dir='ltr' id='par_1_60' title="bbox 662 5768 2240 5847">
     <span class='ocr_line' id='line_1_60' title="bbox 662 5768 2240 5847; baseline 0.01 -27"><span class='ocrx_word' id='word_1_429' title='bbox 662 5768 812 5825; x_wconf 73' lang='lat' dir='ltr'><strong>atatis</strong></span> <span class='ocrx_word' id='word_1_430' title='bbox 870 5768 1223 5835; x_wconf 56' lang='lat' dir='ltr'><strong>insaturabili.»</strong></span> <span class='ocrx_word' id='word_1_431' title='bbox 1275 5773 1560 5840; x_wconf 84' lang='lat' dir='ltr'><strong>humanis,</strong></span> <span class='ocrx_word' id='word_1_432' title='bbox 1596 5790 1693 5831; x_wconf 90' lang='lat' dir='ltr'><strong>nec</strong></span> <span class='ocrx_word' id='word_1_433' title='bbox 1748 5792 1998 5847; x_wconf 84' lang='lat' dir='ltr'><strong>umquam</strong></span> <span class='ocrx_word' id='word_1_434' title='bbox 2044 5780 2240 5835; x_wconf 77' lang='lat' dir='ltr'><strong>nostris</strong></span> 
     </span>
    </p>
   </div>
   <div class='ocr_carea' id='block_1_61' title="bbox 1372 334 3178 411">
    <p class='ocr_par' dir='ltr' id='par_1_61' title="bbox 1372 334 3178 411">
     <span class='ocr_line' id='line_1_61' title="bbox 1372 334 3178 411; baseline 0.004 -15"><span class='ocrx_word' id='word_1_435' title='bbox 1372 342 1428 411; x_wconf 75' lang='grc'><strong>8.</strong></span> <span class='ocrx_word' id='word_1_436' title='bbox 1469 341 1747 404; x_wconf 66' lang='lat' dir='ltr'><strong>JOANNK</strong></span> <span class='ocrx_word' id='word_1_437' title='bbox 1780 334 2257 401; x_wconf 64' lang='lat' dir='ltr'><strong>CHRYSOSTOII</strong></span> <span class='ocrx_word' id='word_1_438' title='bbox 2292 337 2612 398; x_wconf 39' lang='lat' dir='ltr'><strong>A‘RCHLEP.</strong></span> <span class='ocrx_word' id='word_1_439' title='bbox 2642 341 3178 407; x_wconf 72' lang='lat' dir='ltr'><strong>CONSTANTINOP.</strong></span> 
     </span>
    </p>
   </div>
   <div class='ocr_carea' id='block_1_62' title="bbox 3828 365 3928 422">
    <p class='ocr_par' dir='ltr' id='par_1_62' title="bbox 3828 365 3928 422">
     <span class='ocr_line' id='line_1_62' title="bbox 3828 365 3928 422; baseline -0.02 0"><span class='ocrx_word' id='word_1_440' title='bbox 3828 365 3928 422; x_wconf 62' lang='grc' dir='ltr'><strong>Ηυξ</strong></span> 
     </span>
    </p>
   </div>
   <div class='ocr_carea' id='block_1_63' title="bbox 2341 454 3925 544">
    <p class='ocr_par' dir='ltr' id='par_1_63' title="bbox 2341 454 3925 544">
     <span class='ocr_line' id='line_1_63' title="bbox 2341 454 3925 544; baseline 0.017 -37"><span class='ocrx_word' id='word_1_441' title='bbox 2341 454 2583 523; x_wconf 78' lang='lat' dir='ltr'><strong>expletus</strong></span> <span class='ocrx_word' id='word_1_442' title='bbox 2612 459 2842 514; x_wconf 84' lang='lat' dir='ltr'><strong>miseriis</strong></span> <span class='ocrx_word' id='word_1_443' title='bbox 2861 502 2877 528; x_wconf 86' lang='lat'><strong>,</strong></span> <span class='ocrx_word' id='word_1_444' title='bbox 2908 464 3038 518; x_wconf 85' lang='lat' dir='ltr'><strong>nihil</strong></span> <span class='ocrx_word' id='word_1_445' title='bbox 3063 474 3337 521; x_wconf 87' lang='lat' dir='ltr'><strong>strenuum</strong></span> <span class='ocrx_word' id='word_1_446' title='bbox 3367 486 3427 525; x_wconf 85' lang='lat' dir='ltr'><strong>sc</strong></span> <span class='ocrx_word' id='word_1_447' title='bbox 3461 469 3635 527; x_wconf 76' lang='lat' dir='ltr'><strong>facere</strong></span> <span class='ocrx_word' id='word_1_448' title='bbox 3663 476 3877 544; x_wconf 78' lang='lat' dir='ltr'><strong>putabat</strong></span> <span class='ocrx_word' id='word_1_449' title='bbox 3908 519 3925 542; x_wconf 87' lang='lat'><em>.</em></span> 
     </span>
    </p>
   </div>
   <div class='ocr_carea' id='block_1_64' title="bbox 2337 543 3923 625">
    <p class='ocr_par' dir='ltr' id='par_1_64' title="bbox 2337 543 3923 625">
     <span class='ocr_line' id='line_1_64' title="bbox 2337 543 3923 625; baseline 0.016 -28"><span class='ocrx_word' id='word_1_450' title='bbox 2337 543 2379 597; x_wconf 89' lang='lat' dir='ltr'><strong>si</strong></span> <span class='ocrx_word' id='word_1_451' title='bbox 2418 545 2620 602; x_wconf 58' lang='lat' dir='ltr'><strong>tandem</strong></span> <span class='ocrx_word' id='word_1_452' title='bbox 2663 550 2942 608; x_wconf 86' lang='lat' dir='ltr'><strong>moliretur</strong></span> <span class='ocrx_word' id='word_1_453' title='bbox 2970 555 3297 625; x_wconf 81' lang='lat' dir='ltr'><strong>simplicem:</strong></span> <span class='ocrx_word' id='word_1_454' title='bbox 3327 560 3420 614; x_wconf 82' lang='lat' dir='ltr'><strong>sed</strong></span> <span class='ocrx_word' id='word_1_455' title='bbox 3464 563 3565 617; x_wconf 89' lang='lat' dir='ltr'><strong>nisi</strong></span> <span class='ocrx_word' id='word_1_456' title='bbox 3612 543 3704 618; x_wconf 80' lang='lat' dir='ltr'><strong>ﬂlii</strong></span> <span class='ocrx_word' id='word_1_457' title='bbox 3752 580 3923 624; x_wconf 80' lang='lat' dir='ltr'><strong>morte</strong></span> 
     </span>
    </p>
   </div>
   <div class='ocr_carea' id='block_1_65' title="bbox 2334 638 3920 727">
    <p class='ocr_par' dir='ltr' id='par_1_65' title="bbox 2334 638 3920 727">
     <span class='ocr_line' id='line_1_65' title="bbox 2334 638 3920 727; baseline 0.015 -38"><span class='ocrx_word' id='word_1_458' title='bbox 2334 638 2477 707; x_wconf 86' lang='lat' dir='ltr'><strong>regis</strong></span> <span class='ocrx_word' id='word_1_459' title='bbox 2520 638 2797 727; x_wconf 75' lang='lat' dir='ltr'><strong>dexteram</strong></span> <span class='ocrx_word' id='word_1_460' title='bbox 2837 645 3118 715; x_wconf 80' lang='lat' dir='ltr'><strong>pollueret,</strong></span> <span class='ocrx_word' id='word_1_461' title='bbox 3164 647 3354 705; x_wconf 84' lang='lat' dir='ltr'><strong>fecisse</strong></span> <span class='ocrx_word' id='word_1_462' title='bbox 3398 651 3529 706; x_wconf 89' lang='lat' dir='ltr'><strong>nihil</strong></span> <span class='ocrx_word' id='word_1_463' title='bbox 3566 668 3626 709; x_wconf 87' lang='lat' dir='ltr'><strong>se</strong></span> <span class='ocrx_word' id='word_1_464' title='bbox 3669 674 3920 727; x_wconf 78' lang='lat' dir='ltr'><strong>tnaguum</strong></span> 
     </span>
    </p>
   </div>
   <div class='ocr_carea' id='block_1_66' title="bbox 2333 722 3924 818">
    <p class='ocr_par' dir='ltr' id='par_1_66' title="bbox 2333 722 3924 818">
     <span class='ocr_line' id='line_1_66' title="bbox 2333 722 3924 818; baseline 0.017 -38"><span class='ocrx_word' id='word_1_465' title='bbox 2333 722 2710 789; x_wconf 77' lang='lat' dir='ltr'><strong>arbitrabatur.</strong></span> <span class='ocrx_word' id='word_1_466' title='bbox 2745 735 2810 794; x_wconf 83' lang='lat' dir='ltr'><strong>Et</strong></span> <span class='ocrx_word' id='word_1_467' title='bbox 2835 738 2965 809; x_wconf 86' lang='lat' dir='ltr'><strong>quid</strong></span> <span class='ocrx_word' id='word_1_468' title='bbox 3010 738 3132 793; x_wconf 90' lang='lat' dir='ltr'><strong>dico</strong></span> <span class='ocrx_word' id='word_1_469' title='bbox 3181 739 3274 795; x_wconf 83' lang='lat' dir='ltr'><strong>lilii</strong></span> <span class='ocrx_word' id='word_1_470' title='bbox 3313 742 3560 798; x_wconf 68' lang='lat' dir='ltr'><strong>cedem?</strong></span> <span class='ocrx_word' id='word_1_471' title='bbox 3603 722 3924 818; x_wconf 63' lang='lat' dir='ltr'><strong>excogitmit</strong></span> 
     </span>
    </p>
   </div>
   <div class='ocr_carea' id='block_1_67' title="bbox 2332 822 3921 897">
    <p class='ocr_par' dir='ltr' id='par_1_67' title="bbox 2332 822 3921 897">
     <span class='ocr_line' id='line_1_67' title="bbox 2332 822 3921 897; baseline 0.012 -20"><span class='ocrx_word' id='word_1_472' title='bbox 2332 822 2477 877; x_wconf 88' lang='lat' dir='ltr'><strong>enim</strong></span> <span class='ocrx_word' id='word_1_473' title='bbox 2508 824 2802 883; x_wconf 81' lang='lat' dir='ltr'><strong>sceleratus</strong></span> <span class='ocrx_word' id='word_1_474' title='bbox 2853 829 2938 885; x_wconf 89' lang='lat' dir='ltr'><strong>ille</strong></span> <span class='ocrx_word' id='word_1_475' title='bbox 2968 840 3023 887; x_wconf 89' lang='lat' dir='ltr'><strong>et</strong></span> <span class='ocrx_word' id='word_1_476' title='bbox 3052 832 3151 887; x_wconf 88' lang='lat' dir='ltr'><strong>hac</strong></span> <span class='ocrx_word' id='word_1_477' title='bbox 3193 850 3405 890; x_wconf 86' lang='lat' dir='ltr'><strong>rursum</strong></span> <span class='ocrx_word' id='word_1_478' title='bbox 3450 840 3921 897; x_wconf 81' lang='lat' dir='ltr'><strong>exsecrabiliorem</strong></span> 
     </span>
    </p>
   </div>
   <div class='ocr_carea' id='block_1_68' title="bbox 2332 906 3924 999">
    <p class='ocr_par' dir='ltr' id='par_1_68' title="bbox 2332 906 3924 999">
     <span class='ocr_line' id='line_1_68' title="bbox 2332 906 3924 999; baseline 0.014 -34"><span class='ocrx_word' id='word_1_479' title='bbox 2332 914 2507 968; x_wconf 89' lang='lat' dir='ltr'><strong>moliri</strong></span> <span class='ocrx_word' id='word_1_480' title='bbox 2528 906 2732 971; x_wconf 62' lang='lat' dir='ltr'><strong>tandem</strong></span> <span class='ocrx_word' id='word_1_481' title='bbox 2758 922 2781 972; x_wconf 72' lang='grc'>2</span> <span class='ocrx_word' id='word_1_482' title='bbox 2806 918 2861 974; x_wconf 85' lang='lat' dir='ltr'><strong>Si</strong></span> <span class='ocrx_word' id='word_1_483' title='bbox 2880 922 3021 975; x_wconf 83' lang='lat' dir='ltr'><strong>enim</strong></span> <span class='ocrx_word' id='word_1_484' title='bbox 3045 924 3219 979; x_wconf 85' lang='lat' dir='ltr'><strong>sciens</strong></span> <span class='ocrx_word' id='word_1_485' title='bbox 3249 935 3541 994; x_wconf 84' lang='lat' dir='ltr'><strong>peccasset,</strong></span> <span class='ocrx_word' id='word_1_486' title='bbox 3573 938 3625 983; x_wconf 89' lang='lat' dir='ltr'><strong>et</strong></span> <span class='ocrx_word' id='word_1_487' title='bbox 3650 930 3924 999; x_wconf 82' lang='lat' dir='ltr'><strong>jugulatus</strong></span> 
     </span>
    </p>
   </div>
   <div class='ocr_carea' id='block_1_69' title="bbox 2332 1004 3921 1077">
    <p class='ocr_par' dir='ltr' id='par_1_69' title="bbox 2332 1004 3921 1077">
     <span class='ocr_line' id='line_1_69' title="bbox 2332 1004 3921 1077; baseline 0.012 -19"><span class='ocrx_word' id='word_1_488' title='bbox 2332 1004 2545 1072; x_wconf 80' lang='lat' dir='ltr'><strong>fuisset,</strong></span> <span class='ocrx_word' id='word_1_489' title='bbox 2580 1007 2673 1063; x_wconf 83' lang='lat' dir='ltr'><strong>lilii</strong></span> <span class='ocrx_word' id='word_1_490' title='bbox 2697 1009 2875 1065; x_wconf 81' lang='lat' dir='ltr'><strong>cat-des</strong></span> <span class='ocrx_word' id='word_1_491' title='bbox 2897 1021 3104 1068; x_wconf 86' lang='lat' dir='ltr'><strong>tantum</strong></span> <span class='ocrx_word' id='word_1_492' title='bbox 3156 1015 3210 1070; x_wconf 91' lang='lat' dir='ltr'><strong>id</strong></span> <span class='ocrx_word' id='word_1_493' title='bbox 3254 1027 3369 1073; x_wconf 91' lang='lat' dir='ltr'><strong>erat</strong></span> <span class='ocrx_word' id='word_1_494' title='bbox 3402 1038 3417 1074; x_wconf 91' lang='lat'><strong>:</strong></span> <span class='ocrx_word' id='word_1_495' title='bbox 3472 1036 3612 1075; x_wconf 91' lang='lat' dir='ltr'><strong>nunc</strong></span> <span class='ocrx_word' id='word_1_496' title='bbox 3648 1033 3824 1077; x_wconf 88' lang='lat' dir='ltr'><strong>autem</strong></span> <span class='ocrx_word' id='word_1_497' title='bbox 3853 1040 3921 1077; x_wconf 73' lang='lat' dir='ltr'><strong>ex</strong></span> 
     </span>
    </p>
   </div>
   <div class='ocr_carea' id='block_1_70' title="bbox 2332 1098 3917 1185">
    <p class='ocr_par' dir='ltr' id='par_1_70' title="bbox 2332 1098 3917 1185">
     <span class='ocr_line' id='line_1_70' title="bbox 2332 1098 3917 1185; baseline 0.012 -34"><span class='ocrx_word' id='word_1_498' title='bbox 2332 1098 2628 1167; x_wconf 76' lang='lat' dir='ltr'><strong>ignorantia</strong></span> <span class='ocrx_word' id='word_1_499' title='bbox 2648 1104 3021 1171; x_wconf 62' lang='lat' dir='ltr'><strong>prmvaricatus</strong></span> <span class='ocrx_word' id='word_1_500' title='bbox 3044 1106 3167 1178; x_wconf 89' lang='lat' dir='ltr'><strong>(nec</strong></span> <span class='ocrx_word' id='word_1_501' title='bbox 3182 1111 3326 1165; x_wconf 86' lang='lat' dir='ltr'><strong>enim</strong></span> <span class='ocrx_word' id='word_1_502' title='bbox 3348 1111 3547 1167; x_wconf 85' lang='lat' dir='ltr'><strong>audivit</strong></span> <span class='ocrx_word' id='word_1_503' title='bbox 3561 1113 3677 1182; x_wconf 86' lang='lat' dir='ltr'><strong>jura</strong></span> <span class='ocrx_word' id='word_1_504' title='bbox 3687 1116 3917 1185; x_wconf 82' lang='lat' dir='ltr'><strong>menta).</strong></span> 
     </span>
    </p>
   </div>
   <div class='ocr_carea' id='block_1_71' title="bbox 2328 1186 3919 1270">
    <p class='ocr_par' dir='ltr' id='par_1_71' title="bbox 2328 1186 3919 1270">
     <span class='ocr_line' id='line_1_71' title="bbox 2328 1186 3919 1270; baseline 0.012 -29"><span class='ocrx_word' id='word_1_505' title='bbox 2328 1186 2521 1245; x_wconf 87' lang='lat' dir='ltr'><strong>deinde</strong></span> <span class='ocrx_word' id='word_1_506' title='bbox 2546 1190 2876 1259; x_wconf 79' lang='lat' dir='ltr'><strong>interfectus,</strong></span> <span class='ocrx_word' id='word_1_507' title='bbox 2901 1195 3165 1267; x_wconf 89' lang='lat' dir='ltr'><strong>duplicem</strong></span> <span class='ocrx_word' id='word_1_508' title='bbox 3196 1203 3335 1270; x_wconf 85' lang='lat' dir='ltr'><strong>patri</strong></span> <span class='ocrx_word' id='word_1_509' title='bbox 3358 1202 3599 1257; x_wconf 89' lang='lat' dir='ltr'><strong>dolorem</strong></span> <span class='ocrx_word' id='word_1_510' title='bbox 3629 1204 3919 1262; x_wconf 67' lang='lat' dir='ltr'><strong>edet-isset:</strong></span> 
     </span>
    </p>
   </div>
   <div class='ocr_carea' id='block_1_72' title="bbox 2330 1277 3915 1360">
    <p class='ocr_par' dir='ltr' id='par_1_72' title="bbox 2330 1277 3915 1360">
     <span class='ocr_line' id='line_1_72' title="bbox 2330 1277 3915 1360; baseline 0.013 -30"><span class='ocrx_word' id='word_1_511' title='bbox 2330 1277 2495 1332; x_wconf 82' lang='lat' dir='ltr'><strong>lilium</strong></span> <span class='ocrx_word' id='word_1_512' title='bbox 2515 1281 2680 1347; x_wconf 89' lang='lat' dir='ltr'><strong>enim,</strong></span> <span class='ocrx_word' id='word_1_513' title='bbox 2706 1290 2760 1337; x_wconf 84' lang='lat' dir='ltr'><strong>et</strong></span> <span class='ocrx_word' id='word_1_514' title='bbox 2788 1282 2953 1339; x_wconf 88' lang='lat' dir='ltr'><strong>lilium</strong></span> <span class='ocrx_word' id='word_1_515' title='bbox 2980 1288 3069 1357; x_wconf 89' lang='lat' dir='ltr'><strong>qui</strong></span> <span class='ocrx_word' id='word_1_516' title='bbox 3099 1289 3229 1344; x_wconf 89' lang='lat' dir='ltr'><strong>nihil</strong></span> <span class='ocrx_word' id='word_1_517' title='bbox 3263 1302 3575 1360; x_wconf 83' lang='lat' dir='ltr'><strong>peccaverat</strong></span> <span class='ocrx_word' id='word_1_518' title='bbox 3604 1336 3617 1359; x_wconf 89' lang='lat'><strong>,</strong></span> <span class='ocrx_word' id='word_1_519' title='bbox 3666 1297 3915 1351; x_wconf 83' lang='lat' dir='ltr'><strong>immola-</strong></span> 
     </span>
    </p>
   </div>
   <div class='ocr_carea' id='block_1_73' title="bbox 2331 1370 3912 1453">
    <p class='ocr_par' dir='ltr' id='par_1_73' title="bbox 2331 1370 3912 1453">
     <span class='ocr_line' id='line_1_73' title="bbox 2331 1370 3912 1453; baseline 0.011 -33"><span class='ocrx_word' id='word_1_520' title='bbox 2331 1376 2480 1423; x_wconf 86' lang='lat' dir='ltr'><strong>turus</strong></span> <span class='ocrx_word' id='word_1_521' title='bbox 2507 1379 2643 1425; x_wconf 89' lang='lat' dir='ltr'><strong>crat.</strong></span> <span class='ocrx_word' id='word_1_522' title='bbox 2667 1370 2773 1427; x_wconf 89' lang='lat' dir='ltr'><strong>Sed</strong></span> <span class='ocrx_word' id='word_1_523' title='bbox 2814 1373 2926 1443; x_wconf 87' lang='lat' dir='ltr'><strong>jam</strong></span> <span class='ocrx_word' id='word_1_524' title='bbox 2955 1375 3022 1431; x_wconf 89' lang='lat' dir='ltr'><strong>ad</strong></span> <span class='ocrx_word' id='word_1_525' title='bbox 3048 1376 3284 1434; x_wconf 70' lang='lat' dir='ltr'><strong>historia:</strong></span> <span class='ocrx_word' id='word_1_526' title='bbox 3318 1382 3521 1453; x_wconf 85' lang='lat' dir='ltr'><strong>reliqua</strong></span> <span class='ocrx_word' id='word_1_527' title='bbox 3548 1384 3782 1439; x_wconf 89' lang='lat' dir='ltr'><strong>eundum</strong></span> <span class='ocrx_word' id='word_1_528' title='bbox 3810 1396 3912 1443; x_wconf 87' lang='lat' dir='ltr'><strong>est.</strong></span> 
     </span>
    </p>
   </div>
   <div class='ocr_carea' id='block_1_74' title="bbox 2330 1458 3914 1547">
    <p class='ocr_par' dir='ltr' id='par_1_74' title="bbox 2330 1458 3914 1547">
     <span class='ocr_line' id='line_1_74' title="bbox 2330 1458 3914 1547; baseline 0.014 -37"><span class='ocrx_word' id='word_1_529' title='bbox 2330 1458 2615 1530; x_wconf 78' lang='lat' dir='ltr'><strong>Postquam</strong></span> <span class='ocrx_word' id='word_1_530' title='bbox 2643 1464 2786 1517; x_wconf 86' lang='lat' dir='ltr'><strong>enim</strong></span> <span class='ocrx_word' id='word_1_531' title='bbox 2841 1466 3112 1535; x_wconf 85' lang='lat' dir='ltr'><strong>comedit,</strong></span> <span class='ocrx_word' id='word_1_532' title='bbox 3140 1468 3488 1540; x_wconf 79' lang='lat' dir='ltr'><strong>Respexmtnt</strong></span> <span class='ocrx_word' id='word_1_533' title='bbox 3530 1475 3662 1529; x_wconf 78' lang='lat' dir='ltr'><strong>oculi</strong></span> <span class='ocrx_word' id='word_1_534' title='bbox 3707 1476 3867 1547; x_wconf 78' lang='lat' dir='ltr'><strong>ipsius</strong></span> <span class='ocrx_word' id='word_1_535' title='bbox 3901 1519 3914 1539; x_wconf 89' lang='lat'><strong>.</strong></span> 
     </span>
    </p>
   </div>
   <div class='ocr_carea' id='block_1_75' title="bbox 2349 1547 3931 1628">
    <p class='ocr_par' dir='ltr' id='par_1_75' title="bbox 2349 1547 3931 1628">
     <span class='ocr_line' id='line_1_75' title="bbox 2349 1547 3931 1628; baseline 0.008 -25"><span class='ocrx_word' id='word_1_536' title='bbox 2349 1547 2545 1619; x_wconf 89' lang='lat' dir='ltr'><strong>inquit.</strong></span> <span class='ocrx_word' id='word_1_537' title='bbox 2561 1548 2788 1605; x_wconf 78' lang='lat' dir='ltr'><strong>Multam</strong></span> <span class='ocrx_word' id='word_1_538' title='bbox 2807 1559 2863 1607; x_wconf 89' lang='lat' dir='ltr'><strong>et</strong></span> <span class='ocrx_word' id='word_1_539' title='bbox 2882 1551 3009 1608; x_wconf 82' lang='lat' dir='ltr'><strong>hinc</strong></span> <span class='ocrx_word' id='word_1_540' title='bbox 3025 1554 3169 1625; x_wconf 87' lang='lat' dir='ltr'><strong>regis</strong></span> <span class='ocrx_word' id='word_1_541' title='bbox 3182 1568 3403 1614; x_wconf 86' lang='lat' dir='ltr'><strong>accusat</strong></span> <span class='ocrx_word' id='word_1_542' title='bbox 3424 1562 3731 1628; x_wconf 78' lang='lat' dir='ltr'><strong>stultitiam,</strong></span> <span class='ocrx_word' id='word_1_543' title='bbox 3750 1565 3931 1620; x_wconf 74' lang='lat' dir='ltr'><strong>decla-</strong></span> 
     </span>
    </p>
   </div>
   <div class='ocr_carea' id='block_1_76' title="bbox 2349 1644 3929 1721">
    <p class='ocr_par' dir='ltr' id='par_1_76' title="bbox 2349 1644 3929 1721">
     <span class='ocr_line' id='line_1_76' title="bbox 2349 1644 3929 1721; baseline 0.01 -25"><span class='ocrx_word' id='word_1_544' title='bbox 2349 1659 2478 1698; x_wconf 85' lang='lat' dir='ltr'><strong>rans</strong></span> <span class='ocrx_word' id='word_1_545' title='bbox 2499 1644 2701 1701; x_wconf 87' lang='lat' dir='ltr'><strong>milites</strong></span> <span class='ocrx_word' id='word_1_546' title='bbox 2716 1657 2948 1703; x_wconf 84' lang='lat' dir='ltr'><strong>cunctos</strong></span> <span class='ocrx_word' id='word_1_547' title='bbox 2958 1647 3072 1706; x_wconf 79' lang='lat' dir='ltr'><strong>fere</strong></span> <span class='ocrx_word' id='word_1_548' title='bbox 3084 1648 3284 1706; x_wconf 84' lang='lat' dir='ltr'><strong>famem</strong></span> <span class='ocrx_word' id='word_1_549' title='bbox 3302 1653 3685 1721; x_wconf 67' lang='lat' dir='ltr'><strong>obczecas‘se,et</strong></span> <span class='ocrx_word' id='word_1_550' title='bbox 3702 1658 3929 1713; x_wconf 75' lang='lat' dir='ltr'><strong>multnn</strong></span> 
     </span>
    </p>
   </div>
   <div class='ocr_carea' id='block_1_77' title="bbox 2346 1735 3930 1821">
    <p class='ocr_par' dir='ltr' id='par_1_77' title="bbox 2346 1735 3930 1821">
     <span class='ocr_line' id='line_1_77' title="bbox 2346 1735 3930 1821; baseline 0.01 -34"><span class='ocrx_word' id='word_1_551' title='bbox 2346 1735 2591 1805; x_wconf 84' lang='lat' dir='ltr'><strong>ipsorum</strong></span> <span class='ocrx_word' id='word_1_552' title='bbox 2623 1738 2801 1794; x_wconf 90' lang='lat' dir='ltr'><strong>oculis</strong></span> <span class='ocrx_word' id='word_1_553' title='bbox 2836 1738 3106 1798; x_wconf 81' lang='lat' dir='ltr'><strong>infudisse</strong></span> <span class='ocrx_word' id='word_1_554' title='bbox 3132 1742 3449 1814; x_wconf 85' lang='lat' dir='ltr'><strong>caliginem.</strong></span> <span class='ocrx_word' id='word_1_555' title='bbox 3473 1745 3671 1803; x_wconf 77' lang='lat' dir='ltr'><strong>Postea</strong></span> <span class='ocrx_word' id='word_1_556' title='bbox 3704 1752 3930 1821; x_wconf 84' lang='lat' dir='ltr'><strong>conspi-</strong></span> 
     </span>
    </p>
   </div>
   <div class='ocr_carea' id='block_1_78' title="bbox 2344 1825 3933 1909">
    <p class='ocr_par' dir='ltr' id='par_1_78' title="bbox 2344 1825 3933 1909">
     <span class='ocr_line' id='line_1_78' title="bbox 2344 1825 3933 1909; baseline 0.008 -30"><span class='ocrx_word' id='word_1_557' title='bbox 2344 1834 2498 1880; x_wconf 87' lang='lat' dir='ltr'><strong>catus</strong></span> <span class='ocrx_word' id='word_1_558' title='bbox 2518 1825 2739 1895; x_wconf 87' lang='lat' dir='ltr'><strong>quidatn</strong></span> <span class='ocrx_word' id='word_1_559' title='bbox 2773 1827 3030 1894; x_wconf 86' lang='lat' dir='ltr'><strong>militum,</strong></span> <span class='ocrx_word' id='word_1_560' title='bbox 3055 1828 3169 1885; x_wconf 84' lang='lat' dir='ltr'><strong>ait:</strong></span> <span class='ocrx_word' id='word_1_561' title='bbox 3190 1830 3465 1901; x_wconf 78' lang='lat' dir='ltr'><strong>Adjttrans</strong></span> <span class='ocrx_word' id='word_1_562' title='bbox 3496 1835 3933 1909; x_wconf 81' lang='lat' dir='ltr'><strong>adjumvitpatcr</strong></span> 
     </span>
    </p>
   </div>
   <div class='ocr_carea' id='block_1_79' title="bbox 2346 1918 3930 1999">
    <p class='ocr_par' dir='ltr' id='par_1_79' title="bbox 2346 1918 3930 1999">
     <span class='ocr_line' id='line_1_79' title="bbox 2346 1918 3930 1999; baseline 0.009 -30"><span class='ocrx_word' id='word_1_563' title='bbox 2346 1927 2465 1971; x_wconf 83' lang='lat' dir='ltr'><strong>tuus</strong></span> <span class='ocrx_word' id='word_1_564' title='bbox 2494 1918 2770 1988; x_wconf 78' lang='lat' dir='ltr'><strong>populum,</strong></span> <span class='ocrx_word' id='word_1_565' title='bbox 2798 1920 2979 1977; x_wconf 78' lang='lat' dir='ltr'><strong>dicens</strong></span> <span class='ocrx_word' id='word_1_566' title='bbox 3005 1937 3025 1976; x_wconf 89' lang='lat'><strong>:</strong></span> <span class='ocrx_word' id='word_1_567' title='bbox 3058 1920 3382 1980; x_wconf 65' lang='lat' dir='ltr'><strong>Maledicta“</strong></span> <span class='ocrx_word' id='word_1_568' title='bbox 3413 1927 3493 1982; x_wconf 78' lang='lat' dir='ltr'><strong>vir</strong></span> <span class='ocrx_word' id='word_1_569' title='bbox 3518 1930 3609 1999; x_wconf 79' lang='lat' dir='ltr'><strong>qui</strong></span> <span class='ocrx_word' id='word_1_570' title='bbox 3642 1932 3930 1984; x_wconf 75' lang='lat' dir='ltr'><strong>comederit</strong></span> 
     </span>
    </p>
   </div>
   <div class='ocr_carea' id='block_1_80' title="bbox 2339 2010 3923 2085">
    <p class='ocr_par' dir='ltr' id='par_1_80' title="bbox 2339 2010 3923 2085">
     <span class='ocr_line' id='line_1_80' title="bbox 2339 2010 3923 2085; baseline 0.009 -23"><span class='ocrx_word' id='word_1_571' title='bbox 2339 2025 2529 2077; x_wconf 75' lang='lat' dir='ltr'><strong>partem</strong></span> <span class='ocrx_word' id='word_1_572' title='bbox 2548 2010 2706 2066; x_wconf 78' lang='lat' dir='ltr'><strong>hodie</strong></span> <span class='ocrx_word' id='word_1_573' title='bbox 2734 2020 2823 2067; x_wconf 66' lang='grc' dir='ltr'><strong>εει</strong></span> <span class='ocrx_word' id='word_1_574' title='bbox 2844 2012 3035 2083; x_wconf 74' lang='lat' dir='ltr'><strong>defecit</strong></span> <span class='ocrx_word' id='word_1_575' title='bbox 3059 2017 3315 2085; x_wconf 72' lang='lat' dir='ltr'><strong>populus.</strong></span> <span class='ocrx_word' id='word_1_576' title='bbox 3348 2017 3420 2071; x_wconf 81' lang='lat' dir='ltr'><strong>Et</strong></span> <span class='ocrx_word' id='word_1_577' title='bbox 3443 2019 3583 2073; x_wconf 71' lang='lat' dir='ltr'><strong>dixit</strong></span> <span class='ocrx_word' id='word_1_578' title='bbox 3608 2018 3872 2076; x_wconf 74' lang='lat' dir='ltr'><strong>lauat/tas</strong></span> <span class='ocrx_word' id='word_1_579' title='bbox 3904 2043 3923 2078; x_wconf 84' lang='lat'><strong>:</strong></span> 
     </span>
    </p>
   </div>
   <div class='ocr_carea' id='block_1_81' title="bbox 2340 2101 3924 2185">
    <p class='ocr_par' dir='ltr' id='par_1_81' title="bbox 2340 2101 3924 2185">
     <span class='ocr_line' id='line_1_81' title="bbox 2340 2101 3924 2185; baseline 0.011 -32"><span class='ocrx_word' id='word_1_580' title='bbox 2340 2101 2596 2157; x_wconf 80' lang='lat' dir='ltr'><strong>Dissoluit</strong></span> <span class='ocrx_word' id='word_1_581' title='bbox 2616 2113 2769 2173; x_wconf 81' lang='lat' dir='ltr'><strong>pater</strong></span> <span class='ocrx_word' id='word_1_582' title='bbox 2785 2122 2932 2161; x_wconf 75' lang='lat' dir='ltr'><strong>metu</strong></span> <span class='ocrx_word' id='word_1_583' title='bbox 2959 2115 3156 2163; x_wconf 79' lang='lat' dir='ltr'><strong>terram</strong></span> <span class='ocrx_word' id='word_1_584' title='bbox 3174 2110 3220 2181; x_wconf 88' lang='grc' dir='ltr'><strong>(Ι</strong></span> <span class='ocrx_word' id='word_1_585' title='bbox 3236 2150 3250 2165; x_wconf 94' lang='grc'><strong>.</strong></span> <span class='ocrx_word' id='word_1_586' title='bbox 3282 2111 3409 2183; x_wconf 74' lang='lat' dir='ltr'><strong>Reg.</strong></span> <span class='ocrx_word' id='word_1_587' title='bbox 3434 2113 3520 2168; x_wconf 73' lang='grc' dir='ltr'><strong>Η.</strong></span> <span class='ocrx_word' id='word_1_588' title='bbox 3538 2112 3629 2169; x_wconf 66' lang='lat'><strong>28.</strong></span> <span class='ocrx_word' id='word_1_589' title='bbox 3651 2116 3763 2185; x_wconf 71' lang='lat'><strong>29).</strong></span> <span class='ocrx_word' id='word_1_590' title='bbox 3780 2116 3924 2182; x_wconf 49' lang='grc' dir='ltr'><strong>ρυλε</strong></span> 
     </span>
    </p>
   </div>
   <div class='ocr_carea' id='block_1_82' title="bbox 2330 2191 3968 2276">
    <p class='ocr_par' dir='ltr' id='par_1_82' title="bbox 2330 2191 3968 2276">
     <span class='ocr_line' id='line_1_82' title="bbox 2330 2191 3968 2276; baseline 0.01 -33"><span class='ocrx_word' id='word_1_591' title='bbox 2330 2200 2439 2257; x_wconf 87' lang='lat' dir='ltr'><strong>est,</strong></span> <span class='ocrx_word' id='word_1_592' title='bbox 2471 2191 3058 2266; x_wconf 55' lang='lat' dir='ltr'><strong>:DissoluiH-Perdidit,</strong></span> <span class='ocrx_word' id='word_1_593' title='bbox 3089 2200 3338 2270; x_wconf 90' lang='lat' dir='ltr'><strong>corrupit</strong></span> <span class='ocrx_word' id='word_1_594' title='bbox 3378 2216 3591 2258; x_wconf 73' lang='lat' dir='ltr'><strong>omnes.</strong></span> <span class='ocrx_word' id='word_1_595' title='bbox 3634 2204 3929 2259; x_wconf 83' lang='lat' dir='ltr'><strong>Temeratn</strong></span> <span class='ocrx_word' id='word_1_596' title='bbox 3964 2274 3968 2276; x_wconf 13' lang='grc' dir='ltr'>γ</span> 
     </span>
    </p>
   </div>
   <div class='ocr_carea' id='block_1_83' title="bbox 2335 2280 3929 2357">
    <p class='ocr_par' dir='ltr' id='par_1_83' title="bbox 2335 2280 3929 2357">
     <span class='ocr_line' id='line_1_83' title="bbox 2335 2280 3929 2357; baseline 0.009 -23"><span class='ocrx_word' id='word_1_597' title='bbox 2335 2280 2501 2351; x_wconf 87' lang='lat' dir='ltr'><strong>igitur</strong></span> <span class='ocrx_word' id='word_1_598' title='bbox 2519 2282 2884 2357; x_wconf 81' lang='lat' dir='ltr'><strong>jurejurando</strong></span> <span class='ocrx_word' id='word_1_599' title='bbox 2902 2302 3097 2344; x_wconf 83' lang='lat' dir='ltr'><strong>omnes</strong></span> <span class='ocrx_word' id='word_1_600' title='bbox 3111 2291 3395 2355; x_wconf 82' lang='lat' dir='ltr'><strong>tacebant,</strong></span> <span class='ocrx_word' id='word_1_601' title='bbox 3424 2302 3480 2348; x_wconf 90' lang='lat' dir='ltr'><strong>et</strong></span> <span class='ocrx_word' id='word_1_602' title='bbox 3503 2309 3654 2347; x_wconf 87' lang='lat' dir='ltr'><strong>reum</strong></span> <span class='ocrx_word' id='word_1_603' title='bbox 3690 2310 3851 2349; x_wconf 88' lang='lat' dir='ltr'><strong>nemo</strong></span> <span class='ocrx_word' id='word_1_604' title='bbox 3874 2296 3929 2349; x_wconf 87' lang='lat' dir='ltr'><strong>in</strong></span> 
     </span>
    </p>
   </div>
   <div class='ocr_carea' id='block_1_84' title="bbox 2334 2373 3930 2446">
    <p class='ocr_par' dir='ltr' id='par_1_84' title="bbox 2334 2373 3930 2446">
     <span class='ocr_line' id='line_1_84' title="bbox 2334 2373 3930 2446; baseline 0.009 -22"><span class='ocrx_word' id='word_1_605' title='bbox 2334 2373 2573 2427; x_wconf 85' lang='lat' dir='ltr'><strong>medium</strong></span> <span class='ocrx_word' id='word_1_606' title='bbox 2600 2390 2763 2446; x_wconf 88' lang='lat' dir='ltr'><strong>agere</strong></span> <span class='ocrx_word' id='word_1_607' title='bbox 2783 2376 3040 2434; x_wconf 87' lang='lat' dir='ltr'><strong>audebat.</strong></span> <span class='ocrx_word' id='word_1_608' title='bbox 3072 2377 3192 2434; x_wconf 83' lang='lat' dir='ltr'><strong>Non</strong></span> <span class='ocrx_word' id='word_1_609' title='bbox 3226 2381 3503 2435; x_wconf 89' lang='lat' dir='ltr'><strong>modicum</strong></span> <span class='ocrx_word' id='word_1_610' title='bbox 3537 2393 3719 2437; x_wconf 86' lang='lat' dir='ltr'><strong>autem</strong></span> <span class='ocrx_word' id='word_1_611' title='bbox 3747 2393 3801 2439; x_wconf 86' lang='lat' dir='ltr'><strong>et</strong></span> <span class='ocrx_word' id='word_1_612' title='bbox 3823 2385 3930 2439; x_wconf 79' lang='lat' dir='ltr'><strong>hnc</strong></span> 
     </span>
    </p>
   </div>
   <div class='ocr_carea' id='block_1_85' title="bbox 2331 2464 3931 2543">
    <p class='ocr_par' dir='ltr' id='par_1_85' title="bbox 2331 2464 3931 2543">
     <span class='ocr_line' id='line_1_85' title="bbox 2331 2464 3931 2543; baseline 0.008 -26"><span class='ocrx_word' id='word_1_613' title='bbox 2331 2464 2476 2518; x_wconf 88' lang='lat' dir='ltr'><strong>aliud</strong></span> <span class='ocrx_word' id='word_1_614' title='bbox 2498 2468 2705 2521; x_wconf 82' lang='lat' dir='ltr'><strong>crimen</strong></span> <span class='ocrx_word' id='word_1_615' title='bbox 2730 2466 2933 2523; x_wconf 90' lang='lat' dir='ltr'><strong>factum</strong></span> <span class='ocrx_word' id='word_1_616' title='bbox 2953 2478 3067 2536; x_wconf 85' lang='lat' dir='ltr'><strong>est;</strong></span> <span class='ocrx_word' id='word_1_617' title='bbox 3089 2484 3197 2525; x_wconf 90' lang='lat' dir='ltr'><strong>non</strong></span> <span class='ocrx_word' id='word_1_618' title='bbox 3215 2472 3367 2527; x_wconf 76' lang='lat' dir='ltr'><strong>‘enim</strong></span> <span class='ocrx_word' id='word_1_619' title='bbox 3393 2474 3571 2527; x_wconf 87' lang='lat' dir='ltr'><strong>solum</strong></span> <span class='ocrx_word' id='word_1_620' title='bbox 3597 2475 3856 2543; x_wconf 83' lang='lat' dir='ltr'><strong>pcjerant.</strong></span> <span class='ocrx_word' id='word_1_621' title='bbox 3880 2494 3931 2537; x_wconf 86' lang='lat' dir='ltr'><strong>s.</strong></span> 
     </span>
    </p>
   </div>
   <div class='ocr_carea' id='block_1_86' title="bbox 2328 2555 3928 2631">
    <p class='ocr_par' dir='ltr' id='par_1_86' title="bbox 2328 2555 3928 2631">
     <span class='ocr_line' id='line_1_86' title="bbox 2328 2555 3928 2631; baseline 0.011 -26"><span class='ocrx_word' id='word_1_622' title='bbox 2328 2555 2424 2607; x_wconf 84' lang='lat' dir='ltr'><strong>sed</strong></span> <span class='ocrx_word' id='word_1_623' title='bbox 2438 2565 2497 2607; x_wconf 84' lang='lat' dir='ltr'><strong>et</strong></span> <span class='ocrx_word' id='word_1_624' title='bbox 2510 2559 2716 2612; x_wconf 86' lang='lat' dir='ltr'><strong>conscii</strong></span> <span class='ocrx_word' id='word_1_625' title='bbox 2739 2569 2793 2613; x_wconf 88' lang='lat' dir='ltr'><strong>et</strong></span> <span class='ocrx_word' id='word_1_626' title='bbox 2809 2560 3124 2631; x_wconf 79' lang='lat' dir='ltr'><strong>nbtegentes</strong></span> <span class='ocrx_word' id='word_1_627' title='bbox 3145 2563 3470 2619; x_wconf 87' lang='lat' dir='ltr'><strong>criminibus</strong></span> <span class='ocrx_word' id='word_1_628' title='bbox 3494 2567 3928 2622; x_wconf 76' lang='lat' dir='ltr'><strong>communicant.</strong></span> 
     </span>
    </p>
   </div>
   <div class='ocr_carea' id='block_1_87' title="bbox 2398 2638 3890 2716">
    <p class='ocr_par' dir='ltr' id='par_1_87' title="bbox 2398 2638 3890 2716">
     <span class='ocr_line' id='line_1_87' title="bbox 2398 2638 3890 2716; baseline 0.007 -22"><span class='ocrx_word' id='word_1_629' title='bbox 2398 2639 2455 2697; x_wconf 66' lang='grc' dir='ltr'><strong>ι.</strong></span> <span class='ocrx_word' id='word_1_630' title='bbox 2485 2638 2684 2697; x_wconf 68' lang='lat' dir='ltr'><strong>Verum</strong></span> <span class='ocrx_word' id='word_1_631' title='bbox 2710 2641 2932 2711; x_wconf 77' lang='lat' dir='ltr'><strong>reliquis</strong></span> <span class='ocrx_word' id='word_1_632' title='bbox 2962 2643 3253 2701; x_wconf 75' lang='lat' dir='ltr'><strong>videamus.</strong></span> <span class='ocrx_word' id='word_1_633' title='bbox 3287 2646 3352 2700; x_wconf 77' lang='lat' dir='ltr'><strong>Et</strong></span> <span class='ocrx_word' id='word_1_634' title='bbox 3398 2648 3558 2716; x_wconf 77' lang='lat' dir='ltr'><strong>inquit</strong></span> <span class='ocrx_word' id='word_1_635' title='bbox 3600 2649 3768 2703; x_wconf 76' lang='lat' dir='ltr'><strong>Sm‘tt:</strong></span> <span class='ocrx_word' id='word_1_636' title='bbox 3816 2650 3890 2705; x_wconf 80' lang='lat' dir='ltr'><strong>De</strong></span> 
     </span>
    </p>
   </div>
   <div class='ocr_carea' id='block_1_88' title="bbox 2332 2732 3923 2807">
    <p class='ocr_par' dir='ltr' id='par_1_88' title="bbox 2332 2732 3923 2807">
     <span class='ocr_line' id='line_1_88' title="bbox 2332 2732 3923 2807; baseline 0.007 -23"><span class='ocrx_word' id='word_1_637' title='bbox 2332 2732 2632 2786; x_wconf 76' lang='lat' dir='ltr'><strong>scendamus</strong></span> <span class='ocrx_word' id='word_1_638' title='bbox 2668 2743 2781 2804; x_wconf 84' lang='lat' dir='ltr'><strong>post</strong></span> <span class='ocrx_word' id='word_1_639' title='bbox 2801 2734 3129 2805; x_wconf 79' lang='lat' dir='ltr'><strong>alienigenas,</strong></span> <span class='ocrx_word' id='word_1_640' title='bbox 3158 2746 3202 2789; x_wconf 89' lang='lat' dir='ltr'><strong>et</strong></span> <span class='ocrx_word' id='word_1_641' title='bbox 3230 2737 3531 2807; x_wconf 72' lang='lat' dir='ltr'><strong>diripiuntur</strong></span> <span class='ocrx_word' id='word_1_642' title='bbox 3569 2756 3650 2794; x_wconf 83' lang='lat' dir='ltr'><strong>eos</strong></span> <span class='ocrx_word' id='word_1_643' title='bbox 3669 2755 3687 2794; x_wconf 91' lang='lat'><strong>:</strong></span> <span class='ocrx_word' id='word_1_644' title='bbox 3706 2734 3763 2794; x_wconf 41' lang='lat' dir='ltr'><strong>‘ct</strong></span> <span class='ocrx_word' id='word_1_645' title='bbox 3790 2742 3923 2795; x_wconf 71' lang='lat' dir='ltr'><strong>dixit</strong></span> 
     </span>
    </p>
   </div>
   <div class='ocr_carea' id='block_1_89' title="bbox 2329 2825 3920 2901">
    <p class='ocr_par' dir='ltr' id='par_1_89' title="bbox 2329 2825 3920 2901">
     <span class='ocr_line' id='line_1_89' title="bbox 2329 2825 3920 2901; baseline 0.004 -22"><span class='ocrx_word' id='word_1_646' title='bbox 2329 2826 2586 2892; x_wconf 78' lang='lat' dir='ltr'><strong>sacerdos,</strong></span> <span class='ocrx_word' id='word_1_647' title='bbox 2619 2825 2931 2881; x_wconf 63' lang='lat' dir='ltr'><strong>decedamus</strong></span> <span class='ocrx_word' id='word_1_648' title='bbox 2954 2826 3054 2883; x_wconf 80' lang='lat' dir='ltr'><strong>huc</strong></span> <span class='ocrx_word' id='word_1_649' title='bbox 3075 2827 3144 2881; x_wconf 83' lang='lat' dir='ltr'><strong>ad</strong></span> <span class='ocrx_word' id='word_1_650' title='bbox 3170 2827 3335 2883; x_wconf 81' lang='lat' dir='ltr'><strong>Deum</strong></span> <span class='ocrx_word' id='word_1_651' title='bbox 3362 2828 3525 2899; x_wconf 74' lang='lat' dir='ltr'><strong>(Ibid.</strong></span> <span class='ocrx_word' id='word_1_652' title='bbox 3541 2850 3592 2884; x_wconf 70' lang='grc' dir='ltr'><strong>ν.</strong></span> <span class='ocrx_word' id='word_1_653' title='bbox 3625 2831 3737 2901; x_wconf 77' lang='lat' dir='ltr'><strong>3G).</strong></span> <span class='ocrx_word' id='word_1_654' title='bbox 3763 2834 3920 2886; x_wconf 79' lang='lat' dir='ltr'><strong>Anti-</strong></span> 
     </span>
    </p>
   </div>
   <div class='ocr_carea' id='block_1_90' title="bbox 2331 2916 3923 2992">
    <p class='ocr_par' dir='ltr' id='par_1_90' title="bbox 2331 2916 3923 2992">
     <span class='ocr_line' id='line_1_90' title="bbox 2331 2916 3923 2992; baseline 0.006 -25"><span class='ocrx_word' id='word_1_655' title='bbox 2331 2917 2509 2986; x_wconf 84' lang='lat' dir='ltr'><strong>quitus</strong></span> <span class='ocrx_word' id='word_1_656' title='bbox 2528 2917 2679 2975; x_wconf 74' lang='lat' dir='ltr'><strong>enim</strong></span> <span class='ocrx_word' id='word_1_657' title='bbox 2701 2918 2849 2973; x_wconf 87' lang='lat' dir='ltr'><strong>&#39;Deus</strong></span> <span class='ocrx_word' id='word_1_658' title='bbox 2874 2917 2980 2973; x_wconf 75' lang='lat' dir='ltr'><strong>dux</strong></span> <span class='ocrx_word' id='word_1_659' title='bbox 3009 2928 3128 2975; x_wconf 85' lang='lat' dir='ltr'><strong>erat</strong></span> <span class='ocrx_word' id='word_1_660' title='bbox 3156 2919 3440 2985; x_wconf 82' lang='lat' dir='ltr'><strong>bellorum,</strong></span> <span class='ocrx_word' id='word_1_661' title='bbox 3470 2932 3522 2975; x_wconf 87' lang='lat' dir='ltr'><strong>et</strong></span> <span class='ocrx_word' id='word_1_662' title='bbox 3540 2916 3747 2992; x_wconf 76' lang='lat' dir='ltr'><strong>absque</strong></span> <span class='ocrx_word' id='word_1_663' title='bbox 3776 2922 3923 2977; x_wconf 80' lang='lat' dir='ltr'><strong>illius</strong></span> 
     </span>
    </p>
   </div>
   <div class='ocr_carea' id='block_1_91' title="bbox 2331 3009 3917 3082">
    <p class='ocr_par' dir='ltr' id='par_1_91' title="bbox 2331 3009 3917 3082">
     <span class='ocr_line' id='line_1_91' title="bbox 2331 3009 3917 3082; baseline 0.007 -21"><span class='ocrx_word' id='word_1_664' title='bbox 2331 3009 2912 3078; x_wconf 75' lang='lat' dir='ltr'><strong>sententianumquam</strong></span> <span class='ocrx_word' id='word_1_665' title='bbox 2937 3010 3197 3081; x_wconf 86' lang='lat' dir='ltr'><strong>attingere</strong></span> <span class='ocrx_word' id='word_1_666' title='bbox 3237 3028 3463 3082; x_wconf 85' lang='lat' dir='ltr'><strong>pugnam</strong></span> <span class='ocrx_word' id='word_1_667' title='bbox 3494 3014 3606 3068; x_wconf 87' lang='lat' dir='ltr'><strong>ausi</strong></span> <span class='ocrx_word' id='word_1_668' title='bbox 3645 3012 3873 3069; x_wconf 71' lang='lat' dir='ltr'><strong>fuiSscnt</strong></span> <span class='ocrx_word' id='word_1_669' title='bbox 3903 3057 3917 3072; x_wconf 94' lang='lat'><strong>.</strong></span> 
     </span>
    </p>
   </div>
   <div class='ocr_carea' id='block_1_92' title="bbox 2332 3100 3922 3175">
    <p class='ocr_par' dir='ltr' id='par_1_92' title="bbox 2332 3100 3922 3175">
     <span class='ocr_line' id='line_1_92' title="bbox 2332 3100 3922 3175; baseline 0.006 -21"><span class='ocrx_word' id='word_1_670' title='bbox 2332 3111 2386 3155; x_wconf 89' lang='lat' dir='ltr'><strong>et</strong></span> <span class='ocrx_word' id='word_1_671' title='bbox 2410 3100 2606 3159; x_wconf 81' lang='lat' dir='ltr'><strong>bellum</strong></span> <span class='ocrx_word' id='word_1_672' title='bbox 2654 3102 2785 3173; x_wconf 83' lang='lat' dir='ltr'><strong>ipsis</strong></span> <span class='ocrx_word' id='word_1_673' title='bbox 2831 3103 3041 3175; x_wconf 82' lang='lat' dir='ltr'><strong>pietatis</strong></span> <span class='ocrx_word' id='word_1_674' title='bbox 3082 3106 3306 3161; x_wconf 86' lang='lat' dir='ltr'><strong>materia</strong></span> <span class='ocrx_word' id='word_1_675' title='bbox 3337 3105 3515 3161; x_wconf 69' lang='lat' dir='ltr'><strong>ﬁebat.</strong></span> <span class='ocrx_word' id='word_1_676' title='bbox 3544 3105 3653 3163; x_wconf 83' lang='lat' dir='ltr'><strong>Nec</strong></span> <span class='ocrx_word' id='word_1_677' title='bbox 3681 3106 3825 3167; x_wconf 80' lang='lat' dir='ltr'><strong>enim</strong></span> <span class='ocrx_word' id='word_1_678' title='bbox 3853 3124 3922 3164; x_wconf 77' lang='lat' dir='ltr'><strong>ex</strong></span> 
     </span>
    </p>
   </div>
   <div class='ocr_carea' id='block_1_93' title="bbox 2331 3196 3922 3270">
    <p class='ocr_par' dir='ltr' id='par_1_93' title="bbox 2331 3196 3922 3270">
     <span class='ocr_line' id='line_1_93' title="bbox 2331 3196 3922 3270; baseline 0.004 -21"><span class='ocrx_word' id='word_1_679' title='bbox 2331 3196 2925 3267; x_wconf 81' lang='lat' dir='ltr'><strong>corporisinllrmitate,</strong></span> <span class='ocrx_word' id='word_1_680' title='bbox 2956 3197 3049 3252; x_wconf 87' lang='lat' dir='ltr'><strong>sed</strong></span> <span class='ocrx_word' id='word_1_681' title='bbox 3080 3210 3297 3269; x_wconf 88' lang='lat' dir='ltr'><strong>propter</strong></span> <span class='ocrx_word' id='word_1_682' title='bbox 3316 3211 3532 3270; x_wconf 84' lang='lat' dir='ltr'><strong>peccata</strong></span> <span class='ocrx_word' id='word_1_683' title='bbox 3553 3198 3922 3265; x_wconf 83' lang='lat' dir='ltr'><strong>vincebantur,</strong></span> 
     </span>
    </p>
   </div>
   <div class='ocr_carea' id='block_1_94' title="bbox 2333 3288 3924 3359">
    <p class='ocr_par' dir='ltr' id='par_1_94' title="bbox 2333 3288 3924 3359">
     <span class='ocr_line' id='line_1_94' title="bbox 2333 3288 3924 3359; baseline 0.003 -18"><span class='ocrx_word' id='word_1_684' title='bbox 2333 3288 2380 3341; x_wconf 90' lang='lat' dir='ltr'><strong>si</strong></span> <span class='ocrx_word' id='word_1_685' title='bbox 2396 3288 2620 3358; x_wconf 82' lang='lat' dir='ltr'><strong>quando</strong></span> <span class='ocrx_word' id='word_1_686' title='bbox 2644 3288 2771 3343; x_wconf 87' lang='lat' dir='ltr'><strong>victi</strong></span> <span class='ocrx_word' id='word_1_687' title='bbox 2797 3297 2956 3344; x_wconf 89' lang='lat' dir='ltr'><strong>sunt:</strong></span> <span class='ocrx_word' id='word_1_688' title='bbox 2990 3303 3089 3343; x_wconf 87' lang='lat' dir='ltr'><strong>nec</strong></span> <span class='ocrx_word' id='word_1_689' title='bbox 3111 3291 3343 3359; x_wconf 81' lang='lat' dir='ltr'><strong>potentia</strong></span> <span class='ocrx_word' id='word_1_690' title='bbox 3374 3301 3429 3344; x_wconf 90' lang='lat' dir='ltr'><strong>et</strong></span> <span class='ocrx_word' id='word_1_691' title='bbox 3453 3290 3759 3346; x_wconf 79' lang='lat' dir='ltr'><strong>fortitudine</strong></span> <span class='ocrx_word' id='word_1_692' title='bbox 3785 3332 3800 3357; x_wconf 88' lang='lat'><strong>,</strong></span> <span class='ocrx_word' id='word_1_693' title='bbox 3824 3291 3924 3355; x_wconf 77' lang='lat' dir='ltr'><strong>sed</strong></span> 
     </span>
    </p>
   </div>
   <div class='ocr_carea' id='block_1_95' title="bbox 2336 3382 3921 3457">
    <p class='ocr_par' dir='ltr' id='par_1_95' title="bbox 2336 3382 3921 3457">
     <span class='ocr_line' id='line_1_95' title="bbox 2336 3382 3921 3457; baseline 0.003 -23"><span class='ocrx_word' id='word_1_694' title='bbox 2336 3395 2566 3451; x_wconf 86' lang='lat' dir='ltr'><strong>superna</strong></span> <span class='ocrx_word' id='word_1_695' title='bbox 2594 3382 2959 3438; x_wconf 84' lang='lat' dir='ltr'><strong>benevolentia</strong></span> <span class='ocrx_word' id='word_1_696' title='bbox 2997 3382 3299 3448; x_wconf 78' lang='lat' dir='ltr'><strong>vincebant,</strong></span> <span class='ocrx_word' id='word_1_697' title='bbox 3331 3382 3773 3457; x_wconf 81' lang='lat' dir='ltr'><strong>quandocumque</strong></span> <span class='ocrx_word' id='word_1_698' title='bbox 3798 3384 3921 3445; x_wconf 56' lang='lat' dir='ltr'><strong>tin-</strong></span> 
     </span>
    </p>
   </div>
   <div class='ocr_carea' id='block_1_96' title="bbox 2336 3474 3926 3544">
    <p class='ocr_par' dir='ltr' id='par_1_96' title="bbox 2336 3474 3926 3544">
     <span class='ocr_line' id='line_1_96' title="bbox 2336 3474 3926 3544; baseline 0.001 -16"><span class='ocrx_word' id='word_1_699' title='bbox 2336 3474 2569 3529; x_wconf 82' lang='lat' dir='ltr'><strong>cebant:</strong></span> <span class='ocrx_word' id='word_1_700' title='bbox 2601 3482 2657 3529; x_wconf 89' lang='lat' dir='ltr'><strong>et</strong></span> <span class='ocrx_word' id='word_1_701' title='bbox 2692 3474 2914 3529; x_wconf 81' lang='lat' dir='ltr'><strong>victoria</strong></span> <span class='ocrx_word' id='word_1_702' title='bbox 2950 3484 3008 3532; x_wconf 89' lang='lat' dir='ltr'><strong>et</strong></span> <span class='ocrx_word' id='word_1_703' title='bbox 3032 3474 3213 3530; x_wconf 87' lang='lat' dir='ltr'><strong>clades</strong></span> <span class='ocrx_word' id='word_1_704' title='bbox 3249 3475 3564 3530; x_wconf 77' lang='lat' dir='ltr'><strong>exercitatio</strong></span> <span class='ocrx_word' id='word_1_705' title='bbox 3591 3475 3717 3544; x_wconf 70' lang='lat' dir='ltr'><strong>ipsis</strong></span> <span class='ocrx_word' id='word_1_706' title='bbox 3740 3484 3797 3535; x_wconf 83' lang='lat' dir='ltr'><strong>et</strong></span> <span class='ocrx_word' id='word_1_707' title='bbox 3816 3478 3926 3530; x_wconf 76' lang='lat' dir='ltr'><strong>vir.-</strong></span> 
     </span>
    </p>
   </div>
   <div class='ocr_carea' id='block_1_97' title="bbox 2338 3564 3924 3640">
    <p class='ocr_par' dir='ltr' id='par_1_97' title="bbox 2338 3564 3924 3640">
     <span class='ocr_line' id='line_1_97' title="bbox 2338 3564 3924 3640; baseline 0.001 -17"><span class='ocrx_word' id='word_1_708' title='bbox 2338 3568 2468 3623; x_wconf 85' lang='lat' dir='ltr'><strong>tutis</strong></span> <span class='ocrx_word' id='word_1_709' title='bbox 2488 3567 2774 3623; x_wconf 89' lang='lat' dir='ltr'><strong>instructio</strong></span> <span class='ocrx_word' id='word_1_710' title='bbox 2802 3576 2918 3624; x_wconf 89' lang='lat' dir='ltr'><strong>erat</strong></span> <span class='ocrx_word' id='word_1_711' title='bbox 2943 3586 2956 3622; x_wconf 89' lang='lat'><strong>:</strong></span> <span class='ocrx_word' id='word_1_712' title='bbox 2986 3583 3089 3623; x_wconf 88' lang='lat' dir='ltr'><strong>nec</strong></span> <span class='ocrx_word' id='word_1_713' title='bbox 3121 3569 3250 3638; x_wconf 81' lang='lat' dir='ltr'><strong>ipsis</strong></span> <span class='ocrx_word' id='word_1_714' title='bbox 3277 3578 3501 3638; x_wconf 87' lang='lat' dir='ltr'><strong>tantum,</strong></span> <span class='ocrx_word' id='word_1_715' title='bbox 3531 3569 3624 3625; x_wconf 85' lang='lat' dir='ltr'><strong>sed</strong></span> <span class='ocrx_word' id='word_1_716' title='bbox 3652 3570 3812 3625; x_wconf 84' lang='lat' dir='ltr'><strong>etiam</strong></span> <span class='ocrx_word' id='word_1_717' title='bbox 3838 3564 3924 3640; x_wconf 84' lang='lat' dir='ltr'><strong>ip-</strong></span> 
     </span>
    </p>
   </div>
   <div class='ocr_carea' id='block_1_98' title="bbox 2336 3659 3925 3732">
    <p class='ocr_par' dir='ltr' id='par_1_98' title="bbox 2336 3659 3925 3732">
     <span class='ocr_line' id='line_1_98' title="bbox 2336 3659 3925 3732; baseline 0.003 -20"><span class='ocrx_word' id='word_1_718' title='bbox 2336 3659 2899 3731; x_wconf 73' lang='lat' dir='ltr'><strong>soseppugnantibus.</strong></span> <span class='ocrx_word' id='word_1_719' title='bbox 2914 3660 3135 3715; x_wconf 85' lang='lat' dir='ltr'><strong>Etenim</strong></span> <span class='ocrx_word' id='word_1_720' title='bbox 3162 3660 3264 3715; x_wconf 85' lang='lat' dir='ltr'><strong>hoc</strong></span> <span class='ocrx_word' id='word_1_721' title='bbox 3287 3662 3413 3732; x_wconf 81' lang='lat' dir='ltr'><strong>ipsis</strong></span> <span class='ocrx_word' id='word_1_722' title='bbox 3437 3660 3771 3721; x_wconf 80' lang='lat' dir='ltr'><strong>manifestum</strong></span> <span class='ocrx_word' id='word_1_723' title='bbox 3786 3671 3925 3727; x_wconf 88' lang='lat' dir='ltr'><strong>erat,</strong></span> 
     </span>
    </p>
   </div>
   <div class='ocr_carea' id='block_1_99' title="bbox 2337 3743 3927 3821">
    <p class='ocr_par' dir='ltr' id='par_1_99' title="bbox 2337 3743 3927 3821">
     <span class='ocr_line' id='line_1_99' title="bbox 2337 3743 3927 3821; baseline 0.002 -17"><span class='ocrx_word' id='word_1_724' title='bbox 2337 3750 2477 3821; x_wconf 80' lang='lat' dir='ltr'><strong>quod</strong></span> <span class='ocrx_word' id='word_1_725' title='bbox 2509 3766 2613 3807; x_wconf 90' lang='lat' dir='ltr'><strong>non</strong></span> <span class='ocrx_word' id='word_1_726' title='bbox 2654 3765 2924 3807; x_wconf 83' lang='lat' dir='ltr'><strong>armorum</strong></span> <span class='ocrx_word' id='word_1_727' title='bbox 2956 3762 3143 3806; x_wconf 86' lang='lat' dir='ltr'><strong>natura</strong></span> <span class='ocrx_word' id='word_1_728' title='bbox 3173 3794 3188 3818; x_wconf 93' lang='lat'><strong>,</strong></span> <span class='ocrx_word' id='word_1_729' title='bbox 3238 3743 3334 3807; x_wconf 84' lang='lat' dir='ltr'><strong>sed</strong></span> <span class='ocrx_word' id='word_1_730' title='bbox 3379 3752 3688 3808; x_wconf 87' lang='lat' dir='ltr'><strong>bellantium</strong></span> <span class='ocrx_word' id='word_1_731' title='bbox 3721 3752 3827 3806; x_wconf 87' lang='lat' dir='ltr'><strong>vita</strong></span> <span class='ocrx_word' id='word_1_732' title='bbox 3873 3761 3927 3807; x_wconf 88' lang='lat' dir='ltr'><strong>ct</strong></span> 
     </span>
    </p>
   </div>
   <div class='ocr_carea' id='block_1_100' title="bbox 2338 3841 3924 3914">
    <p class='ocr_par' dir='ltr' id='par_1_100' title="bbox 2338 3841 3924 3914">
     <span class='ocr_line' id='line_1_100' title="bbox 2338 3841 3924 3914; baseline 0.002 -19"><span class='ocrx_word' id='word_1_733' title='bbox 2338 3841 2543 3897; x_wconf 82' lang='lat' dir='ltr'><strong>meritis</strong></span> <span class='ocrx_word' id='word_1_734' title='bbox 2572 3857 2691 3897; x_wconf 92' lang='lat' dir='ltr'><strong>cum</strong></span> <span class='ocrx_word' id='word_1_735' title='bbox 2716 3841 2913 3897; x_wconf 70' lang='lat' dir='ltr'><strong>ludat-is</strong></span> <span class='ocrx_word' id='word_1_736' title='bbox 2936 3842 3136 3897; x_wconf 85' lang='lat' dir='ltr'><strong>bellum</strong></span> <span class='ocrx_word' id='word_1_737' title='bbox 3162 3841 3569 3897; x_wconf 83' lang='lat' dir='ltr'><strong>decernebatur.</strong></span> <span class='ocrx_word' id='word_1_738' title='bbox 3599 3842 3713 3905; x_wconf 88' lang='lat' dir='ltr'><strong>lloc</strong></span> <span class='ocrx_word' id='word_1_739' title='bbox 3744 3843 3924 3914; x_wconf 88' lang='lat' dir='ltr'><strong>itaque</strong></span> 
     </span>
    </p>
   </div>
   <div class='ocr_carea' id='block_1_101' title="bbox 2337 3932 3927 4003">
    <p class='ocr_par' dir='ltr' id='par_1_101' title="bbox 2337 3932 3927 4003">
     <span class='ocr_line' id='line_1_101' title="bbox 2337 3932 3927 4003; baseline -0.001 -16"><span class='ocrx_word' id='word_1_740' title='bbox 2337 3932 2572 3987; x_wconf 87' lang='lat' dir='ltr'><strong>scientes</strong></span> <span class='ocrx_word' id='word_1_741' title='bbox 2624 3932 2931 3999; x_wconf 65' lang='lat' dir='ltr'><strong>Madianaai,</strong></span> <span class='ocrx_word' id='word_1_742' title='bbox 2981 3942 3037 3989; x_wconf 92' lang='lat' dir='ltr'><strong>et</strong></span> <span class='ocrx_word' id='word_1_743' title='bbox 3080 3942 3466 4002; x_wconf 73' lang='lat' dir='ltr'><strong>cognoscentes</strong></span> <span class='ocrx_word' id='word_1_744' title='bbox 3517 3944 3730 4003; x_wconf 79' lang='lat' dir='ltr'><strong>gentem</strong></span> <span class='ocrx_word' id='word_1_745' title='bbox 3782 3934 3927 3993; x_wconf 84' lang='lat' dir='ltr'><strong>illam</strong></span> 
     </span>
    </p>
   </div>
   <div class='ocr_carea' id='block_1_102' title="bbox 2340 4024 3925 4098">
    <p class='ocr_par' dir='ltr' id='par_1_102' title="bbox 2340 4024 3925 4098">
     <span class='ocr_line' id='line_1_102' title="bbox 2340 4024 3925 4098; baseline 0.003 -19"><span class='ocrx_word' id='word_1_746' title='bbox 2340 4024 2801 4096; x_wconf 77' lang='lat' dir='ltr'><strong>inexpugnabilem</strong></span> <span class='ocrx_word' id='word_1_747' title='bbox 2830 4041 2951 4082; x_wconf 87' lang='lat' dir='ltr'><strong>esse</strong></span> <span class='ocrx_word' id='word_1_748' title='bbox 2982 4067 2997 4093; x_wconf 93' lang='lat'><strong>,</strong></span> <span class='ocrx_word' id='word_1_749' title='bbox 3040 4037 3094 4081; x_wconf 89' lang='lat' dir='ltr'><strong>et</strong></span> <span class='ocrx_word' id='word_1_750' title='bbox 3137 4026 3398 4082; x_wconf 86' lang='lat' dir='ltr'><strong>machinis</strong></span> <span class='ocrx_word' id='word_1_751' title='bbox 3438 4028 3651 4098; x_wconf 88' lang='lat' dir='ltr'><strong>quidem</strong></span> <span class='ocrx_word' id='word_1_752' title='bbox 3683 4037 3737 4083; x_wconf 85' lang='lat' dir='ltr'><strong>ct</strong></span> <span class='ocrx_word' id='word_1_753' title='bbox 3763 4031 3925 4087; x_wconf 84' lang='lat' dir='ltr'><strong>armis</strong></span> 
     </span>
    </p>
   </div>
   <div class='ocr_carea' id='block_1_103' title="bbox 2337 4118 3924 4188">
    <p class='ocr_par' dir='ltr' id='par_1_103' title="bbox 2337 4118 3924 4188">
     <span class='ocr_line' id='line_1_103' title="bbox 2337 4118 3924 4188; baseline 0.004 -17"><span class='ocrx_word' id='word_1_754' title='bbox 2337 4118 2630 4187; x_wconf 78' lang='lat' dir='ltr'><strong>expugnari</strong></span> <span class='ocrx_word' id='word_1_755' title='bbox 2658 4132 2764 4172; x_wconf 90' lang='lat' dir='ltr'><strong>non</strong></span> <span class='ocrx_word' id='word_1_756' title='bbox 2785 4132 2981 4187; x_wconf 83' lang='lat' dir='ltr'><strong>posse,</strong></span> <span class='ocrx_word' id='word_1_757' title='bbox 3014 4129 3236 4187; x_wconf 86' lang='lat' dir='ltr'><strong>peccato</strong></span> <span class='ocrx_word' id='word_1_758' title='bbox 3263 4133 3393 4173; x_wconf 89' lang='lat' dir='ltr'><strong>vero</strong></span> <span class='ocrx_word' id='word_1_759' title='bbox 3421 4127 3623 4173; x_wconf 86' lang='lat' dir='ltr'><strong>tantum</strong></span> <span class='ocrx_word' id='word_1_760' title='bbox 3655 4119 3799 4188; x_wconf 83' lang='lat' dir='ltr'><strong>ipsos</strong></span> <span class='ocrx_word' id='word_1_761' title='bbox 3840 4136 3924 4177; x_wconf 89' lang='lat' dir='ltr'><strong>ea-</strong></span> 
     </span>
    </p>
   </div>
   <div class='ocr_carea' id='block_1_104' title="bbox 2331 4196 3923 4291">
    <p class='ocr_par' dir='ltr' id='par_1_104' title="bbox 2331 4196 3923 4291">
     <span class='ocr_line' id='line_1_104' title="bbox 2331 4196 3923 4291; baseline 0.003 -30"><span class='ocrx_word' id='word_1_762' title='bbox 2331 4223 2467 4280; x_wconf 80' lang='lat' dir='ltr'><strong>pere</strong></span> <span class='ocrx_word' id='word_1_763' title='bbox 2490 4208 2650 4264; x_wconf 79' lang='lat' dir='ltr'><strong>facile</strong></span> <span class='ocrx_word' id='word_1_764' title='bbox 2671 4222 2795 4264; x_wconf 82' lang='lat' dir='ltr'><strong>esse</strong></span> <span class='ocrx_word' id='word_1_765' title='bbox 2828 4250 2843 4277; x_wconf 91' lang='lat'><strong>,</strong></span> <span class='ocrx_word' id='word_1_766' title='bbox 2878 4210 3121 4279; x_wconf 79' lang='lat' dir='ltr'><strong>virgines</strong></span> <span class='ocrx_word' id='word_1_767' title='bbox 3147 4209 3418 4291; x_wconf 76' lang='lat' dir='ltr'><strong>Speciosas</strong></span> <span class='ocrx_word' id='word_1_768' title='bbox 3443 4196 3699 4265; x_wconf 81' lang='lat' dir='ltr'><strong>ornantes</strong></span> <span class='ocrx_word' id='word_1_769' title='bbox 3727 4220 3777 4263; x_wconf 89' lang='lat' dir='ltr'><strong>ct</strong></span> <span class='ocrx_word' id='word_1_770' title='bbox 3804 4222 3923 4266; x_wconf 82' lang='lat' dir='ltr'><strong>ante</strong></span> 
     </span>
    </p>
   </div>
   <div class='ocr_carea' id='block_1_105' title="bbox 2338 4302 3925 4372">
    <p class='ocr_par' dir='ltr' id='par_1_105' title="bbox 2338 4302 3925 4372">
     <span class='ocr_line' id='line_1_105' title="bbox 2338 4302 3925 4372; baseline -0.001 -13"><span class='ocrx_word' id='word_1_771' title='bbox 2338 4311 2512 4359; x_wconf 85' lang='lat' dir='ltr'><strong>castra</strong></span> <span class='ocrx_word' id='word_1_772' title='bbox 2537 4311 2837 4363; x_wconf 83' lang='lat' dir='ltr'><strong>statuentes</strong></span> <span class='ocrx_word' id='word_1_773' title='bbox 2855 4342 2870 4367; x_wconf 87' lang='lat'><em>.</em></span> <span class='ocrx_word' id='word_1_774' title='bbox 2901 4302 2968 4357; x_wconf 90' lang='lat' dir='ltr'><strong>ad</strong></span> <span class='ocrx_word' id='word_1_775' title='bbox 2995 4303 3268 4357; x_wconf 73' lang='lat' dir='ltr'><strong>lasciviam</strong></span> <span class='ocrx_word' id='word_1_776' title='bbox 3292 4302 3495 4357; x_wconf 81' lang='lat' dir='ltr'><strong>milites</strong></span> <span class='ocrx_word' id='word_1_777' title='bbox 3514 4303 3883 4372; x_wconf 76' lang='lat' dir='ltr'><strong>provocabunt</strong></span> <span class='ocrx_word' id='word_1_778' title='bbox 3910 4346 3925 4368; x_wconf 86' lang='lat'><strong>,</strong></span> 
     </span>
    </p>
   </div>
   <div class='ocr_carea' id='block_1_106' title="bbox 2343 4392 3926 4466">
    <p class='ocr_par' dir='ltr' id='par_1_106' title="bbox 2343 4392 3926 4466">
     <span class='ocr_line' id='line_1_106' title="bbox 2343 4392 3926 4466; baseline 0.001 -17"><span class='ocrx_word' id='word_1_779' title='bbox 2343 4410 2436 4466; x_wconf 88' lang='lat' dir='ltr'><strong>per</strong></span> <span class='ocrx_word' id='word_1_780' title='bbox 2463 4394 2867 4453; x_wconf 86' lang='lat' dir='ltr'><strong>fornicationem</strong></span> <span class='ocrx_word' id='word_1_781' title='bbox 2897 4393 2991 4449; x_wconf 87' lang='lat' dir='ltr'><strong>Dei</strong></span> <span class='ocrx_word' id='word_1_782' title='bbox 3040 4394 3300 4449; x_wconf 78' lang='lat' dir='ltr'><strong>auxilium</strong></span> <span class='ocrx_word' id='word_1_783' title='bbox 3347 4392 3562 4449; x_wconf 81' lang='lat' dir='ltr'><strong>auferre</strong></span> <span class='ocrx_word' id='word_1_784' title='bbox 3608 4395 3926 4451; x_wconf 80' lang='lat' dir='ltr'><strong>studentes:</strong></span> 
     </span>
    </p>
   </div>
   <div class='ocr_carea' id='block_1_107' title="bbox 2332 4486 3937 4562">
    <p class='ocr_par' dir='ltr' id='par_1_107' title="bbox 2332 4486 3937 4562">
     <span class='ocr_line' id='line_1_107' title="bbox 2332 4486 3937 4562; baseline 0.002 -22"><span class='ocrx_word' id='word_1_785' title='bbox 2332 4486 2483 4558; x_wconf 79' lang='lat' dir='ltr'><strong>quod</strong></span> <span class='ocrx_word' id='word_1_786' title='bbox 2514 4486 2731 4562; x_wconf 83' lang='lat' dir='ltr'><strong>quidem</strong></span> <span class='ocrx_word' id='word_1_787' title='bbox 2758 4496 2815 4544; x_wconf 90' lang='lat' dir='ltr'><strong>et</strong></span> <span class='ocrx_word' id='word_1_788' title='bbox 2856 4486 3056 4542; x_wconf 76' lang='lat' dir='ltr'><strong>evenit.</strong></span> <span class='ocrx_word' id='word_1_789' title='bbox 3084 4487 3372 4559; x_wconf 74' lang='lat' dir='ltr'><strong>Postquam</strong></span> <span class='ocrx_word' id='word_1_790' title='bbox 3400 4488 3542 4544; x_wconf 85' lang='lat' dir='ltr'><strong>enim</strong></span> <span class='ocrx_word' id='word_1_791' title='bbox 3569 4488 3620 4545; x_wconf 90' lang='lat' dir='ltr'><strong>in</strong></span> <span class='ocrx_word' id='word_1_792' title='bbox 3644 4496 3937 4557; x_wconf 22' lang='lat' dir='ltr'><strong>peceatum,</strong></span> 
     </span>
    </p>
   </div>
   <div class='ocr_carea' id='block_1_108' title="bbox 2345 4580 3929 4652">
    <p class='ocr_par' dir='ltr' id='par_1_108' title="bbox 2345 4580 3929 4652">
     <span class='ocr_line' id='line_1_108' title="bbox 2345 4580 3929 4652; baseline 0.001 -18"><span class='ocrx_word' id='word_1_793' title='bbox 2345 4582 2680 4649; x_wconf 82' lang='lat' dir='ltr'><strong>inciderunt,</strong></span> <span class='ocrx_word' id='word_1_794' title='bbox 2706 4582 2957 4638; x_wconf 90' lang='lat' dir='ltr'><strong>omnibus</strong></span> <span class='ocrx_word' id='word_1_795' title='bbox 2982 4580 3103 4637; x_wconf 80' lang='lat' dir='ltr'><strong>facti</strong></span> <span class='ocrx_word' id='word_1_796' title='bbox 3128 4589 3259 4639; x_wconf 84' lang='lat' dir='ltr'><strong>sunt</strong></span> <span class='ocrx_word' id='word_1_797' title='bbox 3274 4580 3691 4652; x_wconf 55' lang='lat' dir='ltr'><strong>expugnabilem</strong></span> <span class='ocrx_word' id='word_1_798' title='bbox 3723 4594 3774 4635; x_wconf 88' lang='lat' dir='ltr'><strong>ct</strong></span> <span class='ocrx_word' id='word_1_799' title='bbox 3797 4597 3929 4651; x_wconf 77' lang='lat' dir='ltr'><strong>quos</strong></span> 
     </span>
    </p>
   </div>
   <div class='ocr_carea' id='block_1_109' title="bbox 2342 4674 3931 4745">
    <p class='ocr_par' dir='ltr' id='par_1_109' title="bbox 2342 4674 3931 4745">
     <span class='ocr_line' id='line_1_109' title="bbox 2342 4674 3931 4745; baseline 0 -17"><span class='ocrx_word' id='word_1_800' title='bbox 2342 4684 2577 4729; x_wconf 81' lang='lat' dir='ltr'><strong>artnaet</strong></span> <span class='ocrx_word' id='word_1_801' title='bbox 2620 4675 2827 4745; x_wconf 89' lang='lat' dir='ltr'><strong>equi-et</strong></span> <span class='ocrx_word' id='word_1_802' title='bbox 2852 4674 3049 4735; x_wconf 84' lang='lat' dir='ltr'><strong>milites</strong></span> <span class='ocrx_word' id='word_1_803' title='bbox 3078 4683 3134 4728; x_wconf 90' lang='lat' dir='ltr'><strong>ct</strong></span> <span class='ocrx_word' id='word_1_804' title='bbox 3171 4674 3700 4733; x_wconf 83' lang='lat' dir='ltr'><strong>tot-machinamenta</strong></span> <span class='ocrx_word' id='word_1_805' title='bbox 3738 4690 3931 4743; x_wconf 71' lang='lat' dir='ltr'><strong>capere</strong></span> 
     </span>
    </p>
   </div>
   <div class='ocr_carea' id='block_1_110' title="bbox 2330 4765 3928 4844">
    <p class='ocr_par' dir='ltr' id='par_1_110' title="bbox 2330 4765 3928 4844">
     <span class='ocr_line' id='line_1_110' title="bbox 2330 4765 3928 4844; baseline 0.002 -23"><span class='ocrx_word' id='word_1_806' title='bbox 2330 4784 2449 4829; x_wconf 72' lang='lat' dir='ltr'><strong>non</strong></span> <span class='ocrx_word' id='word_1_807' title='bbox 2476 4776 2777 4844; x_wconf 81' lang='lat' dir='ltr'><strong>potuerunt</strong></span> <span class='ocrx_word' id='word_1_808' title='bbox 2799 4810 2813 4833; x_wconf 93' lang='lat'><strong>,</strong></span> <span class='ocrx_word' id='word_1_809' title='bbox 2848 4768 2947 4824; x_wconf 87' lang='lat' dir='ltr'><strong>bos</strong></span> <span class='ocrx_word' id='word_1_810' title='bbox 2988 4769 3191 4838; x_wconf 75' lang='lat' dir='ltr'><strong>peccati</strong></span> <span class='ocrx_word' id='word_1_811' title='bbox 3223 4776 3411 4822; x_wconf 87' lang='lat' dir='ltr'><strong>natura</strong></span> <span class='ocrx_word' id='word_1_812' title='bbox 3460 4767 3664 4829; x_wconf 75' lang='lat' dir='ltr'><strong>vinctos</strong></span> <span class='ocrx_word' id='word_1_813' title='bbox 3692 4765 3928 4835; x_wconf 62' lang='lat' dir='ltr'><strong>hostibus</strong></span> 
     </span>
    </p>
   </div>
   <div class='ocr_carea' id='block_1_111' title="bbox 2331 4852 3931 4933">
    <p class='ocr_par' dir='ltr' id='par_1_111' title="bbox 2331 4852 3931 4933">
     <span class='ocr_line' id='line_1_111' title="bbox 2331 4852 3931 4933; baseline -0.001 -18"><span class='ocrx_word' id='word_1_814' title='bbox 2331 4852 2595 4933; x_wconf 63' lang='lat' dir='ltr'><strong>tradidit:</strong></span> <span class='ocrx_word' id='word_1_815' title='bbox 2621 4861 2793 4933; x_wconf 88' lang='lat' dir='ltr'><strong>clypei</strong></span> <span class='ocrx_word' id='word_1_816' title='bbox 2843 4860 3060 4933; x_wconf 83' lang='lat' dir='ltr'><strong>quidem</strong></span> <span class='ocrx_word' id='word_1_817' title='bbox 3110 4871 3165 4917; x_wconf 88' lang='lat' dir='ltr'><strong>ct</strong></span> <span class='ocrx_word' id='word_1_818' title='bbox 3210 4860 3379 4919; x_wconf 78' lang='lat' dir='ltr'><strong>basta:</strong></span> <span class='ocrx_word' id='word_1_819' title='bbox 3408 4868 3463 4916; x_wconf 92' lang='lat' dir='ltr'><strong>et</strong></span> <span class='ocrx_word' id='word_1_820' title='bbox 3504 4860 3713 4929; x_wconf 71' lang='lat' dir='ltr'><strong>sagittm</strong></span> <span class='ocrx_word' id='word_1_821' title='bbox 3742 4875 3931 4921; x_wconf 82' lang='lat' dir='ltr'><strong>oumos</strong></span> 
     </span>
    </p>
   </div>
   <div class='ocr_carea' id='block_1_112' title="bbox 2339 4951 3928 5021">
    <p class='ocr_par' dir='ltr' id='par_1_112' title="bbox 2339 4951 3928 5021">
     <span class='ocr_line' id='line_1_112' title="bbox 2339 4951 3928 5021; baseline -0.003 -11"><span class='ocrx_word' id='word_1_822' title='bbox 2339 4955 2540 5011; x_wconf 83' lang='lat' dir='ltr'><strong>frustra</strong></span> <span class='ocrx_word' id='word_1_823' title='bbox 2585 4963 2773 5021; x_wconf 87' lang='lat' dir='ltr'><strong>erant;</strong></span> <span class='ocrx_word' id='word_1_824' title='bbox 2803 4956 2981 5015; x_wconf 77' lang='lat' dir='ltr'><strong>vultus</strong></span> <span class='ocrx_word' id='word_1_825' title='bbox 3004 4964 3183 5012; x_wconf 88' lang='lat' dir='ltr'><strong>autem</strong></span> <span class='ocrx_word' id='word_1_826' title='bbox 3210 4952 3392 5015; x_wconf 71' lang='lat' dir='ltr'><strong>“forma</strong></span> <span class='ocrx_word' id='word_1_827' title='bbox 3434 4962 3487 5008; x_wconf 91' lang='lat' dir='ltr'><strong>et</strong></span> <span class='ocrx_word' id='word_1_828' title='bbox 3518 4952 3679 5018; x_wconf 83' lang='lat' dir='ltr'><strong>animi</strong></span> <span class='ocrx_word' id='word_1_829' title='bbox 3711 4951 3928 5013; x_wconf 54' lang='lat' dir='ltr'><strong>inscitia</strong></span> 
     </span>
    </p>
   </div>
   <div class='ocr_carea' id='block_1_113' title="bbox 2331 5042 3937 5116">
    <p class='ocr_par' dir='ltr' id='par_1_113' title="bbox 2331 5042 3937 5116">
     <span class='ocr_line' id='line_1_113' title="bbox 2331 5042 3937 5116; baseline -0.001 -17"><span class='ocrx_word' id='word_1_830' title='bbox 2331 5047 2444 5102; x_wconf 81' lang='lat' dir='ltr'><strong>bos</strong></span> <span class='ocrx_word' id='word_1_831' title='bbox 2463 5046 2787 5116; x_wconf 59' lang='lat' dir='ltr'><strong>expugnavit</strong></span> <span class='ocrx_word' id='word_1_832' title='bbox 2805 5088 2819 5111; x_wconf 88' lang='lat'><strong>,</strong></span> <span class='ocrx_word' id='word_1_833' title='bbox 2842 5045 3040 5116; x_wconf 88' lang='lat' dir='ltr'><strong>alioqui</strong></span> <span class='ocrx_word' id='word_1_834' title='bbox 3062 5053 3330 5108; x_wconf 75' lang='lat' dir='ltr'><strong>strenuos.</strong></span> <span class='ocrx_word' id='word_1_835' title='bbox 3365 5044 3652 5112; x_wconf 81' lang='lat' dir='ltr'><strong>Propterea</strong></span> <span class='ocrx_word' id='word_1_836' title='bbox 3682 5042 3937 5104; x_wconf 81' lang='lat' dir='ltr'><strong>admonet</strong></span> 
     </span>
    </p>
   </div>
   <div class='ocr_carea' id='block_1_114' title="bbox 2336 5136 3935 5209">
    <p class='ocr_par' dir='ltr' id='par_1_114' title="bbox 2336 5136 3935 5209">
     <span class='ocr_line' id='line_1_114' title="bbox 2336 5136 3935 5209; baseline -0.003 -17"><span class='ocrx_word' id='word_1_837' title='bbox 2336 5139 2560 5209; x_wconf 83' lang='lat' dir='ltr'><strong>quidam</strong></span> <span class='ocrx_word' id='word_1_838' title='bbox 2597 5137 2839 5195; x_wconf 61' lang='lat' dir='ltr'><strong>dicens‘:</strong></span> <span class='ocrx_word' id='word_1_839' title='bbox 2874 5136 2959 5191; x_wconf 82' lang='lat' dir='ltr'><strong>Ne</strong></span> <span class='ocrx_word' id='word_1_840' title='bbox 3002 5136 3169 5197; x_wconf 83' lang='lat' dir='ltr'><strong>discas</strong></span> <span class='ocrx_word' id='word_1_841' title='bbox 3209 5136 3645 5208; x_wconf 65' lang='lat' dir='ltr'><strong>pulchritudinem,</strong></span> <span class='ocrx_word' id='word_1_842' title='bbox 3669 5136 3893 5193; x_wconf 78' lang='lat' dir='ltr'><strong>alienam</strong></span> <span class='ocrx_word' id='word_1_843' title='bbox 3922 5179 3935 5198; x_wconf 79' lang='lat'><strong>,</strong></span> 
     </span>
    </p>
   </div>
   <div class='ocr_carea' id='block_1_115' title="bbox 2345 5227 3943 5301">
    <p class='ocr_par' dir='ltr' id='par_1_115' title="bbox 2345 5227 3943 5301">
     <span class='ocr_line' id='line_1_115' title="bbox 2345 5227 3943 5301; baseline -0.003 -16"><span class='ocrx_word' id='word_1_844' title='bbox 2345 5243 2393 5285; x_wconf 78' lang='lat' dir='ltr'><strong>rt</strong></span> <span class='ocrx_word' id='word_1_845' title='bbox 2420 5248 2484 5286; x_wconf 74' lang='lat' dir='ltr'><strong>ne</strong></span> <span class='ocrx_word' id='word_1_846' title='bbox 2506 5248 2744 5287; x_wconf 76' lang='lat' dir='ltr'><strong>occurras</strong></span> <span class='ocrx_word' id='word_1_847' title='bbox 2776 5230 2973 5286; x_wconf 76' lang='lat' dir='ltr'><strong>mulieri</strong></span> <span class='ocrx_word' id='word_1_848' title='bbox 2997 5229 3267 5300; x_wconf 81' lang='lat' dir='ltr'><strong>fornicanti</strong></span> <span class='ocrx_word' id='word_1_849' title='bbox 3301 5230 3319 5301; x_wconf 95' lang='lat'><strong>(</strong></span> <span class='ocrx_word' id='word_1_850' title='bbox 3346 5227 3505 5289; x_wconf 78' lang='lat' dir='ltr'><strong>Ecrli.</strong></span> <span class='ocrx_word' id='word_1_851' title='bbox 3541 5228 3594 5285; x_wconf 77' lang='lat'><strong>9.</strong></span> <span class='ocrx_word' id='word_1_852' title='bbox 3619 5229 3673 5283; x_wconf 81' lang='grc'><strong>8.</strong></span> <span class='ocrx_word' id='word_1_853' title='bbox 3705 5229 3740 5291; x_wconf 70' lang='grc'><strong>5</strong></span> <span class='ocrx_word' id='word_1_854' title='bbox 3764 5232 3803 5298; x_wconf 89' lang='grc'><strong>).</strong></span> <span class='ocrx_word' id='word_1_855' title='bbox 3831 5227 3943 5293; x_wconf 61' lang='lat' dir='ltr'><strong>uel</strong></span> 
     </span>
    </p>
   </div>
   <div class='ocr_carea' id='block_1_116' title="bbox 2348 5320 3939 5392">
    <p class='ocr_par' dir='ltr' id='par_1_116' title="bbox 2348 5320 3939 5392">
     <span class='ocr_line' id='line_1_116' title="bbox 2348 5320 3939 5392; baseline -0.004 -12"><span class='ocrx_word' id='word_1_856' title='bbox 2348 5328 2481 5380; x_wconf 82' lang='lat' dir='ltr'><strong>enim</strong></span> <span class='ocrx_word' id='word_1_857' title='bbox 2508 5325 2721 5382; x_wconf 79' lang='lat' dir='ltr'><strong>distillat</strong></span> <span class='ocrx_word' id='word_1_858' title='bbox 2745 5342 2777 5378; x_wconf 87' lang='lat' dir='ltr'><strong>a</strong></span> <span class='ocrx_word' id='word_1_859' title='bbox 2797 5325 2942 5378; x_wconf 87' lang='lat' dir='ltr'><strong>labiis</strong></span> <span class='ocrx_word' id='word_1_860' title='bbox 2967 5322 3194 5379; x_wconf 76' lang='lat' dir='ltr'><strong>mulieris</strong></span> <span class='ocrx_word' id='word_1_861' title='bbox 3219 5322 3537 5392; x_wconf 68' lang='lat' dir='ltr'><strong>fornicantis,</strong></span> <span class='ocrx_word' id='word_1_862' title='bbox 3564 5320 3700 5391; x_wconf 83' lang='lat' dir='ltr'><strong>quod</strong></span> <span class='ocrx_word' id='word_1_863' title='bbox 3725 5320 3939 5373; x_wconf 77' lang='lat' dir='ltr'><strong>adtent-</strong></span> 
     </span>
    </p>
   </div>
   <div class='ocr_carea' id='block_1_117' title="bbox 2331 5414 3939 5491">
    <p class='ocr_par' dir='ltr' id='par_1_117' title="bbox 2331 5414 3939 5491">
     <span class='ocr_line' id='line_1_117' title="bbox 2331 5414 3939 5491; baseline -0.004 -19"><span class='ocrx_word' id='word_1_864' title='bbox 2331 5419 2738 5491; x_wconf 75' lang='lat' dir='ltr'><strong>~pusimpinguat</strong></span> <span class='ocrx_word' id='word_1_865' title='bbox 2765 5427 2939 5489; x_wconf 75' lang='lat' dir='ltr'><strong>guttur</strong></span> <span class='ocrx_word' id='word_1_866' title='bbox 2959 5427 3101 5471; x_wconf 79' lang='lat' dir='ltr'><strong>tuum</strong></span> <span class='ocrx_word' id='word_1_867' title='bbox 3128 5458 3143 5481; x_wconf 92' lang='lat'><strong>,</strong></span> <span class='ocrx_word' id='word_1_868' title='bbox 3173 5416 3491 5487; x_wconf 79' lang='lat' dir='ltr'><strong>postmodum</strong></span> <span class='ocrx_word' id='word_1_869' title='bbox 3517 5423 3686 5467; x_wconf 82' lang='lat' dir='ltr'><strong>autem</strong></span> <span class='ocrx_word' id='word_1_870' title='bbox 3711 5414 3939 5477; x_wconf 69' lang='lat' dir='ltr'><strong>micarius</strong></span> 
     </span>
    </p>
   </div>
   <div class='ocr_carea' id='block_1_118' title="bbox 2350 5503 3935 5600">
    <p class='ocr_par' dir='ltr' id='par_1_118' title="bbox 2350 5503 3935 5600">
     <span class='ocr_line' id='line_1_118' title="bbox 2350 5503 3935 5600; baseline -0.006 -32"><span class='ocrx_word' id='word_1_871' title='bbox 2350 5512 2466 5568; x_wconf 70' lang='lat' dir='ltr'><strong>felle</strong></span> <span class='ocrx_word' id='word_1_872' title='bbox 2490 5514 2655 5584; x_wconf 85' lang='lat' dir='ltr'><strong>ipsum</strong></span> <span class='ocrx_word' id='word_1_873' title='bbox 2676 5512 2893 5566; x_wconf 77' lang='lat' dir='ltr'><strong>inuenies</strong></span> <span class='ocrx_word' id='word_1_874' title='bbox 2916 5551 2932 5578; x_wconf 95' lang='lat'><strong>,</strong></span> <span class='ocrx_word' id='word_1_875' title='bbox 2954 5518 2999 5563; x_wconf 84' lang='lat' dir='ltr'><strong>et</strong></span> <span class='ocrx_word' id='word_1_876' title='bbox 3021 5509 3217 5565; x_wconf 71' lang='lat' dir='ltr'><strong>acutius</strong></span> <span class='ocrx_word' id='word_1_877' title='bbox 3246 5506 3417 5577; x_wconf 82' lang='lat' dir='ltr'><strong>gladio</strong></span> <span class='ocrx_word' id='word_1_878' title='bbox 3444 5505 3652 5600; x_wconf 73' lang='lat' dir='ltr'><strong>ancipiti</strong></span> <span class='ocrx_word' id='word_1_879' title='bbox 3673 5503 3854 5574; x_wconf 79' lang='lat' dir='ltr'><strong>(Prov.</strong></span> 
     </span>
    </p>
   </div>
   <div class='ocr_carea' id='block_1_119' title="bbox 2350 5606 2510 5674">
    <p class='ocr_par' dir='ltr' id='par_1_119' title="bbox 2350 5606 2510 5674">
     <span class='ocr_line' id='line_1_119' title="bbox 2350 5606 2510 5674; baseline -0.038 -15"><span class='ocrx_word' id='word_1_880' title='bbox 2350 5606 2403 5659; x_wconf 81' lang='lat'><strong>5.</strong></span> <span class='ocrx_word' id='word_1_881' title='bbox 2435 5608 2510 5674; x_wconf 79' lang='lat' dir='ltr'><strong>t).</strong></span> 
     </span>
    </p>
   </div>
   <div class='ocr_carea' id='block_1_120' title="bbox 2411 5710 3939 5781">
    <p class='ocr_par' dir='ltr' id='par_1_120' title="bbox 2411 5710 3939 5781">
     <span class='ocr_line' id='line_1_120' title="bbox 2411 5710 3939 5781; baseline -0.003 -12"><span class='ocrx_word' id='word_1_882' title='bbox 2411 5722 2426 5753; x_wconf 70' lang='grc' dir='ltr'>ί</span> <span class='ocrx_word' id='word_1_883' title='bbox 2467 5720 2569 5775; x_wconf 78' lang='lat' dir='ltr'><strong>Alii,</strong></span> <span class='ocrx_word' id='word_1_884' title='bbox 2595 5716 2784 5781; x_wconf 70' lang='lat' dir='ltr'><strong>sapr</strong></span> <span class='ocrx_word' id='word_1_885' title='bbox 2807 5715 3008 5777; x_wconf 80' lang='lat' dir='ltr'><strong>quidam</strong></span> <span class='ocrx_word' id='word_1_886' title='bbox 3027 5714 3211 5767; x_wconf 68' lang='lat' dir='ltr'><strong>dicens.</strong></span> <span class='ocrx_word' id='word_1_887' title='bbox 3227 5711 3352 5769; x_wconf 81' lang='lat' dir='ltr'><strong>Infra</strong></span> <span class='ocrx_word' id='word_1_888' title='bbox 3374 5711 3455 5763; x_wconf 86' lang='lat' dir='ltr'><strong>alii</strong></span> <span class='ocrx_word' id='word_1_889' title='bbox 3522 5719 3636 5773; x_wconf 63' lang='lat' dir='ltr'><strong>om:</strong></span> <span class='ocrx_word' id='word_1_890' title='bbox 3653 5710 3718 5761; x_wconf 88' lang='lat' dir='ltr'><strong>ad</strong></span> <span class='ocrx_word' id='word_1_891' title='bbox 3735 5718 3939 5775; x_wconf 67' lang='lat' dir='ltr'><strong>tempta.</strong></span> 
     </span>
    </p>
   </div>
   <div class='ocr_carea' id='block_1_121' title="bbox 2348 5778 2923 5851">
    <p class='ocr_par' dir='ltr' id='par_1_121' title="bbox 2348 5778 2923 5851">
     <span class='ocr_line' id='line_1_121' title="bbox 2348 5778 2923 5851; baseline -0.014 -16"><span class='ocrx_word' id='word_1_892' title='bbox 2348 5798 2451 5851; x_wconf 60' lang='lat' dir='ltr'><strong>pro,</strong></span> <span class='ocrx_word' id='word_1_893' title='bbox 2478 5778 2605 5847; x_wconf 77' lang='lat' dir='ltr'><strong>quod</strong></span> <span class='ocrx_word' id='word_1_894' title='bbox 2629 5778 2693 5833; x_wconf 76' lang='lat' dir='ltr'><strong>ad</strong></span> <span class='ocrx_word' id='word_1_895' title='bbox 2719 5787 2923 5841; x_wconf 78' lang='lat' dir='ltr'><strong>tempus.</strong></span> 
     </span>
    </p>
   </div>
  </div>
