4232 6320
414 333 516 387 ιω

487 448 813 504 Meretricum
838 463 1022 503 mores.
1045 477 1114 490 -
1131 446 1382 505 Meretrix
1411 448 1554 506 enim
1580 464 1767 506 amare
1801 450 2010 517 nescit,

409 539 506 595 sed
537 540 822 596 insidiatur
863 551 1103 609 tantum;
1133 556 1398 597 venenum
1449 543 1611 598 habet
1655 542 1822 614 ipsius
1849 556 2014 598 oscu-

409 632 546 694 lum,
567 640 622 686 et
650 633 884 687 toxicum
915 634 1275 704 perniciosum
1301 648 1386 689 ns.
1433 633 1488 691 Si
1514 649 1644 690 vero
1686 649 1796 690 non
1833 635 2013 690 statim

407 737 665 796 apparet,
695 724 816 780 ideo
844 728 1016 797 magis
1041 727 1210 798 ipsam
1265 726 1450 798 fugere
1474 737 1727 798 Oportet,
1757 727 2012 800 quoniam

407 813 610 888 obtegit
658 819 949 886 perniciem
976 829 1032 875 et
1065 831 1293 876 mortem
1335 820 1498 877 habet
1531 820 1759 877 celatam
1783 863 1800 889 ,
1835 838 1935 877 nec
1983 837 2012 876 a

407 911 720 979 primordiis
751 914 1085 970 manifeStam
1110 928 1370 984 apparere
1420 915 1700 984 permittit.
1758 915 1941 986 Itaque
1965 915 2012 970 si

405 1002 528 1072 quis
543 1004 868 1074 voluptatem
885 1016 1126 1061 sectatur
1137 1017 1190 1062 ct
1206 1008 1367 1061 vitam
1379 1006 1578 1063 hetitiae
1595 1008 1826 1078 plenam,
1847 1006 2016 1061 forni-

404 1095 645 1150 cantium
674 1097 945 1152 consortia
972 1099 1260 1156 mulierum
1291 1099 1455 1172 fugiat
1477 1119 1491 1155 :
1511 1099 1822 1157 bellisenim
1850 1100 2012 1155 innu-

404 1186 572 1240 meris
597 1196 654 1241 et
681 1188 996 1250 tumultibus
1023 1199 1324 1245 amaturum
1354 1191 1567 1247 animos
1597 1191 1840 1262 implent,
1870 1206 2005 1247 cnn-

407 1279 585 1334 tinuas
629 1279 761 1350 ipsis
805 1296 1015 1352 pugnas
1044 1283 1526 1352 contentionesque
1555 1284 1889 1339 concitantes
1915 1298 2013 1353 per

404 1371 590 1436 ret-ba,
617 1386 714 1441 per
741 1387 904 1443 opera
930 1377 1149 1431 omnia:
1177 1385 1236 1431 et
1276 1377 1414 1432 sicut
1439 1376 1675 1432 hostium
1703 1375 2010 1431 inimicissi-

406 1463 475 1513 mi
499 1502 514 1524 ,
547 1462 627 1516 sic
657 1463 896 1532 profecto
941 1473 998 1519 et
1027 1465 1109 1519 ha:
1138 1467 1318 1520 onmia
1347 1466 1548 1522 faciunt
1575 1475 1633 1522 et
1670 1466 2010 1536 negotiantur

404 1551 471 1605 ad
498 1552 602 1607 hoc
627 1594 642 1617 ,
673 1565 734 1608 ut
759 1553 857 1625 ipsi
889 1556 942 1610 in
971 1556 1316 1627 ignominiam
1349 1567 1402 1613 et
1429 1566 1801 1628 paupertatem
1828 1567 2008 1612 extre-

404 1659 601 1713 maque
640 1647 779 1701 mala
829 1647 1090 1704 incidant.
1135 1649 1199 1704 Et
1227 1650 1679 1720 quemadmodum
1721 1658 2008 1705 venatores

403 1736 608 1790 retibus
634 1741 874 1794 extensis
900 1741 1187 1812 sylvestria
1211 1742 1463 1798 animalia
1489 1742 1782 1797 immittere
1806 1756 2002 1812 aggre-

401 1828 650 1900 diuntur,
684 1840 740 1885 ut
769 1832 880 1902 ipsa
906 1831 1195 1902 jugulent:
1229 1834 1300 1888 ita
1329 1843 1385 1889 et
1406 1833 1490 1888 lue
1526 1843 1808 1903 postquam
1850 1833 2006 1888 lasci-

410 1926 512 1980 viae
539 1941 745 1996 pennas
763 1926 1000 1997 undique
1012 1925 1355 1981 extenderint
1383 1941 1480 1996 per
1503 1926 1688 1982 oculos
1711 1934 1767 1982 et
1792 1924 2007 1982 habitus

400 2025 455 2070 et
478 2016 642 2072 verba
666 2059 682 2084 ,
711 2027 896 2087 postea
917 2031 1048 2073 suos
1077 2017 1326 2088 injiciunt
1345 2026 1616 2073 amatores
1637 2027 1690 2073 et
1719 2017 1999 2089 colligant,

399 2122 506 2162 non
540 2109 687 2178 prius
705 2109 1029 2166 absistentes
1049 2152 1065 2177 ,
1086 2125 1246 2181 quam
1267 2118 1322 2165 et
1344 2111 1586 2180 ipsorum
1610 2125 1856 2166 cruorem
1886 2110 2004 2166 ebi-

397 2199 599 2266 beriut,
633 2201 950 2258 insultantes
977 2202 1340 2272 postmodum,
1371 2211 1426 2257 et
1450 2203 1690 2272 ipsorum
1718 2201 2002 2258 stultitiam

396 2303 706 2361 carpentes,
733 2302 790 2349 et
808 2293 1034 2348 multum
1061 2293 1132 2350 de
1159 2293 1288 2364 ipsis
1309 2297 1475 2348 risum
1496 2293 1801 2349 fundentes.
1818 2293 2004 2364 Neque

395 2385 541 2439 enim
565 2393 622 2440 ut
658 2385 1084 2441 misericordiam
1133 2387 1370 2442 inveniat
1397 2385 1590 2456 dignus
1615 2394 1698 2441 est
1726 2385 2004 2456 hujusmo-

395 2475 451 2529 di
475 2517 492 2542 ,
539 2473 637 2531 sed
669 2486 726 2530 ut
769 2476 1081 2532 derideatur
1119 2486 1172 2530 et
1210 2476 1523 2532 mordeatur
1550 2519 1564 2541 .
1597 2492 1721 2532 cum
1752 2476 1998 2542 muliere,

395 2576 452 2618 et
501 2565 726 2621 muliere
779 2568 1070 2622 meretrice
1108 2567 1356 2622 stolidior
1393 2577 1673 2638 appareat.
1705 2567 2001 2636 Propterea

396 2669 586 2709 rursus
603 2669 702 2710 nos
726 2655 982 2712 admonet
1011 2659 1227 2727 sapiens
1253 2657 1341 2713 ille
1362 2672 1483 2713 cum
1514 2657 1672 2712 dicit:
1701 2656 1826 2712 Bibe
1842 2673 2002 2726 aquas

397 2748 461 2799 de
485 2748 618 2801 uasis
646 2748 743 2802 tuis
768 2757 815 2802 et
845 2748 909 2802 de
933 2757 1135 2802 tuorum
1166 2758 1430 2819 puteorum
1457 2753 1546 2819 [on
1557 2762 1602 2803 te
1619 2767 1638 2803 :
1664 2759 1718 2804 et
1748 2765 1960 2804 rursum
1981 2789 1997 2815 ,

393 2837 581 2893 Cervus
605 2840 844 2895 anticitia
864 2849 912 2894 et
934 2840 1109 2911 pullus
1145 2851 1347 2894 tuarum
1375 2841 1657 2911 gratiarum
1680 2849 2003 2894 conversetur

394 2941 558 2984 tecum
587 2931 606 3002 (
633 2929 790 2986 Prov.
837 2933 899 3006 5.,
934 2934 1021 2989 I5.
1058 2947 1109 2990 et
1146 2951 1260 3006 sqq.
1298 2931 1316 3003 )
1342 2949 1355 2984 :
1383 2931 1450 2987 de
1476 2947 1644 2988 uxore
1671 2947 1768 3002 per
1789 2933 2002 3003 nuptia-

394 3039 515 3079 rum
541 3025 713 3095 legem
735 3025 1076 3082 cohabitante
1094 3027 1214 3082 talia
1244 3027 1429 3082 dicens
1454 3045 1465 3079 :
1500 3027 1643 3095 Quid
1671 3025 2000 3097 derelinquis

393 3115 735 3185 adiutricem,
769 3127 825 3173 et
847 3117 916 3172 ad
945 3118 1331 3174 insidiatricem
1352 3118 1524 3174 curris
1545 3121 1569 3172 ἰ’
1599 3118 1725 3189 quid
1749 3115 1875 3174 vita:
1901 3133 1997 3174 so-

391 3208 530 3262 ciam
558 3209 826 3264 aversaris
851 3249 866 3274 ,
901 3218 953 3263 et
977 3223 1131 3276 eam,
1177 3224 1298 3279 qum
1344 3208 1505 3263 vitam
1550 3219 1696 3263 tuam
1735 3207 2000 3264 subvertit

391 3299 661 3354 sectaris?
692 3299 815 3355 Haec
859 3299 1162 3356 membrum
1216 3311 1363 3354 tuum
1403 3309 1456 3356 et
1502 3315 1697 3371 corpus
1733 3309 1862 3366 est;
1909 3300 1998 3355 illa

390 3393 602 3462 gladius
628 3406 836 3451 acutus.
871 3395 1200 3474 Propterea,
1233 3396 1457 3463 dilecti,
1485 3396 1650 3469 fugite
1681 3395 1998 3454 fornicatio-

392 3501 514 3539 nem
541 3493 597 3540 ct
627 3497 848 3556 pr0pter
876 3488 1162 3557 praesentia
1193 3487 1334 3542 tnala
1365 3528 1380 3552 ,
1429 3497 1484 3543 et
1512 3495 1737 3558 promer
1779 3502 1995 3558 poenam

391 3576 645 3630 futuram.
691 3576 852 3631 Forte
889 3588 1206 3649 argumento
1249 3580 1517 3635 excidisse
1564 3581 1811 3636 videmur
1830 3622 1856 3651 ,
1897 3581 1995 3636 sed

391 3664 492 3721 hoc
512 3680 622 3720 non
647 3673 729 3721 est.
748 3667 1034 3733 excidere;
1078 3684 1184 3723 non
1225 3671 1365 3729 enim
1408 3669 1664 3725 historias
1687 3669 1839 3726 vobis
1859 3673 1994 3726 sim-

392 3756 605 3825 pliciter
641 3756 821 3828 legere
851 3758 1098 3814 volumus
1122 3799 1137 3824 ,
1185 3761 1276 3815 sed
1322 3761 1682 3831 uequitiarum
1720 3777 1817 3816 vos
1856 3761 1996 3816 infe-

391 3848 651 3902 stantium
690 3863 961 3920 quamque
1005 3851 1306 3920 corrigere:
1343 3851 1463 3906 ideo
1493 3851 1804 3923 frequentes
1843 3853 1996 3910 vobis

391 3935 732 3992 immittitnus
776 3941 1148 4009 correptiones
1181 3981 1196 4006 ,
1241 3943 1445 3997 varium
1487 3942 1639 3998 vobis
1688 3958 1996 3998 sermonem

389 4038 767 4084 construentes
788 4070 803 4096 ,
830 4033 953 4101 quia
979 4033 1150 4087 varias
1173 4033 1518 4104 tegritudincs
1546 4035 1597 4090 in
1619 4044 1768 4090 tanto
1796 4037 1992 4106 populo

388 4133 509 4174 esse
533 4120 824 4176 verisimile
850 4133 931 4178 est
961 4141 976 4177 :
1028 4139 1128 4180 nec
1169 4141 1331 4180 unum
1375 4127 1548 4182 solum
1579 4143 1771 4184 curare
1801 4129 1994 4186 subtus

389 4213 544 4268 nobis
574 4217 906 4284 propositum
934 4219 1148 4283 est,scd
1175 4219 1336 4273 multa
1372 4231 1429 4275 et
1461 4223 1636 4278 varia:
1668 4221 1871 4278 idcirco
1892 4238 1986 4278 va-

389 4306 528 4360 rium
567 4307 731 4362 etiam
773 4323 895 4364 esse
933 4311 1196 4366 doctrinm
1244 4312 1697 4368 medicamentum
1749 4324 1984 4385 oportet.

389 4398 698 4456 Redeamus
729 4401 892 4472 igitur
918 4419 986 4459 eo
1015 4445 1030 4468 ,
1060 4404 1202 4461 unde
1249 4405 1474 4476 digressi
1505 4423 1693 4465 sumus
1726 4449 1746 4474 ,
1787 4419 1844 4464 ut
1875 4411 1991 4470 lucc

385 4491 712 4548 diceremus.
762 4493 826 4548 Et
863 4497 992 4550 dixit
1034 4498 1270 4552 sacerdos
1293 4513 1312 4552 :
1343 4501 1654 4554 Accedamus
1697 4502 1765 4555 ad
1803 4501 1987 4559 Deum.

389 4581 454 4636 Et
479 4581 641 4638 Deum
665 4584 796 4640 Statil
820 4588 1147 4658 interrogavit
1166 4605 1184 4643 :
1205 4589 1280 4644 Αιι
1300 4592 1600 4645 descendam
1619 4602 1731 4662 post
1748 4593 1990 4663 alienige-

386 4693 496 4756 nas,
525 4688 571 4731 et
591 4679 757 4732 trades
788 4679 926 4750 ipsos
956 4681 1005 4734 in
1033 4699 1210 4736 manus
1239 4685 1420 4738 meas?
1462 4684 1527 4738 Et
1550 4702 1651 4739 non
1668 4688 1926 4756 respondit
1944 4688 1990 4742 ci

384 4770 435 4822 in
463 4768 546 4823 die
566 4770 658 4823 illa
682 4767 1022 4843 Dominus“.
1049 4771 1174 4845 Reg.
1204 4775 1287 4829 M.
1322 4776 1409 4831 56.
1444 4778 1553 4846 57).
1577 4777 1810 4847 Respice
1838 4777 1989 4833 beni-

382 4858 641 4931 gnitatem
679 4869 732 4915 ct
765 4853 1235 4919 mansuetudinem
1263 4866 1673 4923 clementissimi
1719 4869 1833 4924 Dei.
1868 4869 1986 4924 Non

383 4952 527 5008 enim
581 4953 782 5010 fulmen
827 4959 1052 5012 immisit
1081 5001 1095 5024 ,
1128 4975 1301 5031 neque
1334 4973 1530 5017 terram
1561 4967 1864 5029 concussit;
1892 4967 1985 5024 sed

381 5046 523 5115 quod
557 5047 609 5102 in
634 5050 836 5107 anticus
853 5053 1007 5106 amici
1045 5053 1262 5120 faciunt,
1291 5056 1505 5125 quando
1528 5060 1873 5114 contumeliis
1903 5060 1985 5115 af-

383 5133 505 5191 fecti
533 5135 768 5204 fueriut',
802 5139 903 5196 hoc
934 5155 986 5197 et
1016 5143 1066 5197 in
1096 5159 1309 5200 servum
1343 5147 1602 5202 Dominus
1631 5148 1791 5205 fecit:
1821 5154 1987 5208 tacuit

382 5234 587 5281 tantum
617 5269 632 5294 ,
681 5244 775 5298 per
816 5231 1086 5288 silentium
1134 5234 1360 5306 loquens
1408 5249 1462 5293 et
1507 5256 1722 5294 omnem
1754 5243 1852 5312 ipsi
1885 5243 1982 5297 dc-

381 5329 690 5373 moustraus
723 5321 1163 5391 indignationem.
1187 5323 1449 5397 Cognovit
1471 5328 1573 5384 hoc
1595 5329 1720 5386 ὃιίιΙ
1758 5373 1773 5396 ,
1811 5331 1874 5386 Et
1899 5335 1982 5387 di-

377 5407 490 5462 xit:
521 5409 778 5465 Adducilc
821 5430 995 5468 omnes
1042 5417 1200 5472 tribus
1251 5421 1459 5489 populi,
1505 5432 1552 5475 et
1583 5425 1868 5493 cognoscite
1893 5441 1909 5478 :
1939 5435 1983 5479 ιι

381 5501 544 5556 ridete
571 5505 624 5556 itt
660 5520 757 5574 quo
794 5510 982 5576 factum
1009 5521 1079 5563 cst
1110 5511 1260 5564 hodie
1291 5525 1553 5582 peccatum
1584 5517 1678 5569 Itoc
1699 5560 1712 5583 ,
1740 5521 1983 5587 quoniam

378 5595 493 5648 rieit
548 5593 800 5651 Dominus
825 5641 838 5663 ,
889 5603 975 5668 qui
1015 5603 1209 5657 salvum
1250 5607 1368 5676 fecit
1409 5607 1612 5663 Israel:
1641 5615 1776 5676 quod
1812 5614 1857 5666 si
1901 5628 1982 5669 re-

376 5689 635 5772 sponderit
664 5701 843 5745 contra
870 5692 1132 5749 lauat/tan
1159 5696 1326 5764 ﬁlium
1357 5717 1543 5767 meum,
1564 5715 1722 5758 morte
1739 5706 1981 5762 morietur

382 5777 453 5845 (ι.
493 5778 619 5853 Reg.
653 5782 738 5838 ιι.
773 5782 884 5847 58).
912 5783 1101 5844 Vidisti
1133 5791 1532 5849 temeritatem?
1558 5796 1779 5852 intuitus
1809 5807 1974 5854 teme-

1308 335 1402 390 Λῐ)
1441 333 1766 394 Ροιδυιυιι
1805 333 2294 393 ANTIOCﬂE-NUM
2359 335 2589 394 ilOMlL.
2633 337 2769 395 XIV.

3621 336 3726 393 130

2126 459 2302 505 ratum
2330 451 2482 521 prius
2491 451 2881 522 juramentnm,
2909 468 3085 525 neque
3114 456 3192 510 sic
3211 455 3525 527 castigatur.
3552 457 3648 512 sed
3674 469 3731 514 et

2121 542 2415 598 secundum
2439 542 2625 614 adjicit
2655 560 2890 600 rursum.
2945 546 3010 601 Et
3044 547 3329 602 considera
3371 547 3569 604 diaboli
3616 565 3733 603 ma-

2123 634 2482 705 lignitatem".
2510 636 2774 704 Quoniam
2821 637 2964 692 enim
3004 638 3411 709 cognoscebat,
3439 638 3585 710 quod
3624 625 3730 694 sti-.-

2123 729 2242 800 pius
2285 745 2419 800 puer
2459 727 2827 800 deprehensus
2854 738 2922 785 et
2965 730 3018 784 in
3055 730 3289 785 medimn
3319 731 3638 802 productus,
3661 745 3729 786 es

2121 821 2239 892 ipso
2277 831 2496 892 aspectu
2535 821 2714 878 statim
2761 831 2968 893 patrem
3017 823 3262 894 mitigare
3309 835 3375 879 et.
3401 823 3542 894 regis
3590 824 3728 879 iram

2120 912 2330 969 mollire
2379 921 2628 982 poterat,
2654 914 3014 969 secundorum
3059 927 3247 968 rursus
3289 913 3727 984 jurameutornm

2118 1003 2442 1059 necessitate
2486 1003 2653 1073 ipsius
2677 1005 2998 1059 sententiam
3036 1003 3435 1074 prmoccupavit
3466 1045 3481 1069 ,
3522 1003 3730 1073 duplici

2117 1093 2349 1166 quodam
2375 1095 2590 1151 vinculo
2616 1093 2875 1152 cohibens
2902 1095 3096 1165 ipsum,
3127 1110 3228 1151 nec
3255 1096 3571 1166 permittens
3593 1111 3724 1164 pro-

2118 1186 2250 1256 pria;
2277 1185 2392 1242 lleri
2422 1187 2704 1243 sententiae
2732 1185 3011 1243 dominum
3037 1228 3057 1253 ,
3082 1186 3176 1242 sed
3225 1186 3463 1258 undique
3491 1187 3541 1240 in
3571 1187 3728 1242 illam

2116 1277 2322 1334 cazdem
2350 1278 2585 1350 iniquam
2613 1278 2922 1352 impellens,
2949 1288 3005 1336 et
3046 1279 3288 1336 nondum
3322 1289 3600 1350 comperto
3629 1281 3727 1350 qui

2116 1378 2415 1439 peccasset,
2437 1370 2698 1440 judicium
2715 1362 2866 1436 fecit,
2888 1381 2944 1426 et
2973 1388 3123 1427 reum
3141 1372 3409 1439 nesciens,
3440 1371 3720 1427 ltttadam-

2116 1463 2261 1516 navit
2284 1462 2591 1518 sententia:
2622 1471 2677 1518 et
2707 1472 2858 1532 pater
2884 1462 3056 1517 metus
3080 1470 3164 1519 est
3211 1461 3306 1517 lilii
3349 1461 3590 1518 carnifex
3619 1503 3636 1528 ,
3666 1471 3724 1518 et

2113 1560 2240 1607 ante
2268 1566 2494 1608 examen
2522 1552 2886 1608 damnationis
2932 1551 3150 1622 protulit
3192 1552 3534 1608 sententiam.
3581 1551 3722 1622 Quid

2115 1644 2218 1700 hoc
2245 1643 2664 1700 irrationabilius
2693 1645 2808 1700 ﬁeri
2838 1643 3059 1716 posset?

2184 1737 2239 1793 5.
2269 1735 2395 1791 llaec
2421 1737 2582 1808 igitur
2603 1737 2694 1792 illo
2719 1736 2933 1793 dicente
2961 1737 3132 1808 magis
3161 1736 3336 1793 timuit
3374 1738 3635 1810 populus,
3665 1749 3726 1795 et

2111 1842 2303 1884 omnes
2323 1838 2478 1884 erant
2499 1828 2551 1883 in
2579 1837 2812 1908 tpmore
2830 1837 2887 1884 et
2910 1831 3101 1884 timore
3119 1831 3287 1884 multo
3308 1848 3320 1860 ·
3349 1830 3595 1885 diabolus
3625 1846 3725 1885 an-

2114 1930 2222 1976 tem
2254 1920 2540 1976 laetabatur
2567 1962 2583 1986 ,
2606 1935 2728 1974 cum
2755 1935 2947 1975 omnes
2969 1920 3159 1976 anxios
3189 1919 3513 1977 reddidisset
3534 1923 3576 1976 '.
3600 1920 3727 1978 Non

2110 2013 2246 2066 enim
2275 2021 2387 2066 erat
2413 2012 2504 2083 qui
2527 2011 2887 2081 responderet,
2928 2011 3135 2082 inquit,
3182 2027 3245 2066 ea:
3273 2021 3375 2066 toto
3419 2015 3608 2083 papula
3629 2029 3647 2066 :
3673 2023 3726 2066 et-

2113 2103 2245 2157 dixit
2274 2102 2406 2158 Sail
2437 2145 2451 2168 ,
2495 2101 2592 2157 Vos
2636 2101 2777 2156 eritis
2815 2102 2867 2157 in
2897 2102 3184 2156 servitutem
3209 2143 3224 2168 ,
3253 2113 3300 2157 et
3345 2120 3436 2174 ego
3485 2112 3532 2156 et
3579 2105 3728 2172 ﬁlius

2110 2211 2249 2249 meus
2263 2193 2518 2249 Jonatltas
2533 2194 2585 2248 in
2609 2193 2897 2248 seruitutem
2919 2194 2964 2265 (Ι
2980 2232 2994 2246 .
3005 2193 3130 2263 Reg.
3145 2215 3172 2247 κο
3183 2234 3201 2247 .
3213 2193 3302 2248 59.
3318 2195 3432 2263 40).
3455 2194 3605 2262 Quod
3624 2211 3722 2248 au-

2111 2298 2218 2343 tem
2244 2287 2395 2355 dicit,
2429 2287 2535 2344 tale
2556 2296 2670 2343 est:
2701 2285 2842 2341 Nihil
2859 2285 3024 2352 aliud,
3055 2286 3246 2359 inquit,
3278 2287 3526 2354 studetis,
3556 2302 3726 2357 quam

2109 2379 2355 2435 bosnbus
2393 2395 2492 2434 vos
2537 2378 2750 2434 tradere
2778 2420 2793 2444 ,
2839 2386 2892 2433 et
2922 2392 3020 2448 pro
3048 2376 3230 2432 liberis
3253 2391 3444 2433 servos
3491 2375 3674 2434 facere
3699 2420 3725 2444 ι

2110 2472 2278 2526 Deum
2317 2480 2505 2526 contra
2545 2484 2641 2525 vos
2687 2469 3010 2540 instigantes
3034 2510 3050 2534 ,
3091 2484 3241 2522 reum
3288 2483 3393 2522 non
3435 2469 3723 2524 tradendo.

2107 2561 2336 2632 Respice
2364 2569 2611 2618 autemet
2636 2561 2794 2616 aliam
2821 2575 2888 2615 ex
2909 2559 3220 2630 jurameutu
3250 2558 3536 2614 conﬂatam
3579 2575 3719 2614 con-

2107 2655 2458 2712 trarietatem.
2487 2655 2621 2712 Cum
2650 2655 2795 2710 enim
2826 2669 2963 2726 Opus
2992 2663 3134 2711 esset
3154 2693 3168 2716 ,
3198 2653 3243 2707 si
3264 2667 3536 2710 auctorem
3565 2656 3718 2708 inve«

2107 2748 2225 2803 nire
2254 2749 2496 2812 volebat.
2525 2748 2656 2804 nihil
2690 2750 2796 2804 tale
2827 2752 3016 2805 minari
3047 2791 3072 2818 ,
3095 2766 3194 2807 nec
3217 2750 3526 2823 iuramento
3555 2749 3718 2802 ultio-

2105 2857 2229 2898 nem
2252 2831 2492 2913 obligare
2523 2883 2539 2906 ,
2567 2851 2621 2898 et
2648 2842 2963 2900 audaciores
2993 2843 3116 2901 facti
3157 2859 3306 2901 reum
3335 2843 3636 2915 promptius
3665 2843 3724 2897 in

2104 2931 2341 2988 medium
2372 2941 2627 3003 agerent;
2683 2932 2774 2989 ille
2812 2949 3025 2990 rursum
3052 2951 3117 2990 ex
3146 2937 3221 2990 ira
3260 2945 3314 2990 et
3336 2936 3518 2988 furore
3547 2935 3730 2988 multo

2107 3032 2165 3079 et
2214 3025 2377 3094 priori
2421 3024 2647 3079 stultitia
2670 3033 2856 3081 contra
2887 3067 2902 3091 ,
2944 3041 3105 3096 quam
3139 3026 3257 3080 vult
3285 3068 3300 3091 ,
3344 3027 3539 3080 iterum
3571 3025 3718 3078 facit.

2104 3114 2243 3182 Quid
2270 3129 2406 3185 opus
2425 3124 2506 3170 est
2534 3114 2702 3170 multa
2726 3115 2947 3171 dicere?
2966 3116 3106 3172 Surti
3132 3117 3403 3186 negotium
3423 3115 3717 3182 concessit,

2103 3215 2158 3261 et
2182 3215 2328 3262 sorte
2355 3205 2730 3261 examinantur
2757 3207 2883 3262 Saul
2905 3217 2958 3263 et
2984 3207 3261 3263 .lonathas.
3296 3206 3361 3266 Et
3381 3206 3510 3261 dixit
3535 3205 3666 3261 Sail
3682 3221 3702 3260 :

2101 3295 2270 3351 Jacite
2295 3307 2481 3350 sortem
2510 3297 2643 3351 inter
2669 3314 2749 3352 me
2775 3308 2823 3351 et
2844 3296 3147 3363 lauat/tan;
3177 3309 3222 3351 et
3242 3299 3446 3368 jacinnt
3475 3307 3660 3351 sortem
3694 3339 3709 3359 ,

2103 3395 2154 3441 et
2178 3387 2382 3456 capitur
2409 3385 2683 3441 Jonathas.
2733 3386 2801 3442 Et
2843 3388 2974 3443 dixit
3013 3387 3144 3443 Saiil
3180 3390 3248 3442 ad
3271 3387 3578 3442 lauat/mn:
3606 3387 3713 3441 Λιι-

2103 3480 2282 3534 anntia
2301 3476 2446 3546 mihi,
2487 3479 2611 3550 quid
2629 3479 2834 3544 fecisti?
2867 3479 2932 3535 Et
2956 3482 3276 3534 aanuntiauit
3303 3481 3402 3550 ipsi
3428 3478 3717 3544 lauat/tas,

2103 3569 2273 3624 dicens
2295 3587 2317 3624 ε
2333 3567 2557 3624 Gustans
2576 3571 2778 3642 gustavi
2802 3572 2853 3624 in
2885 3572 3176 3626 summitate
3202 3572 3420 3642 sceptri,
3449 3571 3585 3641 quod
3610 3572 3717 3625 lta-.

2107 3664 2282 3719 bebam
2313 3665 2371 3718 in
2410 3681 2567 3718 manu
2605 3681 2715 3719 mea
2740 3705 2754 3731 ,
2784 3682 2965 3735 parum
2997 3665 3160 3720 mellis
3189 3666 3208 3696 ³
3237 3675 3282 3719 et
3324 3683 3382 3720 en
3407 3683 3498 3737 ego
3526 3667 3717 3720 marios

2102 3757 2182 3828 (ί.
2221 3756 2345 3827 lieg.
2376 3757 2471 3811 Η.
2493 3755 2581 3811 49..
2606 3757 2721 3828 45).
2753 3757 2921 3823 Quem
2949 3772 3052 3811 n0n
3080 3757 3385 3824 ﬂexissent,
3417 3773 3575 3826 quem
3606 3775 3714 3814 non

2103 3849 2156 3903 in
2207 3847 2626 3904 misericordiam
2685 3849 2920 3919 egissent
2989 3849 3103 3904 hate
3161 3849 3365 3904 verba?
3421 3849 3719 3908 Considera

2101 3951 2358 4010 quantum
2388 3941 2636 4011 procella:
2661 3940 2856 3996 deinde
2897 3941 3024 3996 Suitl
3068 3941 3320 3996 sustinuit
3347 3983 3360 4006 ,
3391 3957 3511 3996 cum
3543 3941 3711 4009 ipsius

2101 4033 2306 4088 viscera
2334 4034 2768 4102 dirutnperentur
2793 4077 2804 4096 ,
2833 4042 2889 4088 et
2917 4033 3183 4103 utrimque
3230 4033 3710 4104 profundissimtnn

2099 4134 2383 4196 appareret
2405 4125 2794 4194 praecipitium;
2843 4125 2937 4178 scd
2970 4136 3145 4180 tamen
3178 4141 3275 4179 nrc
3316 4126 3382 4178 ita
3432 4135 3716 4182 correctus

2100 4228 2182 4271 est
2204 4233 2216 4269 :
2241 4215 2335 4271 sed
2359 4215 2485 4286 quid
2511 4216 2625 4270 ait?
2661 4214 2783 4270 llwc
2813 4215 2969 4286 faciat
2998 4215 3122 4269 milii
3162 4213 3333 4280 Deus,
3364 4227 3411 4270 st
3443 4217 3554 4270 Ita'c
3574 4219 3712 4287 adji-

2098 4308 2198 4362 ciat
2220 4348 2236 4372 ,
2259 4308 2500 4377 quoniam
2536 4318 2695 4362 morte
2721 4307 2950 4362 morieris
2985 4307 3134 4361 hodie
3161 4309 3178 4377 (
3211 4305 3292 4365 lb.
3322 4330 3372 4367 ν.
3403 4310 3468 4363 ιιι
3492 4309 3533 4382 ).
3570 4309 3712 4368 Ecce

2100 4399 2313 4454 tertium
2345 4414 2530 4455 rursus
2556 4399 2920 4468 juramentum
2944 4441 2958 4466 ,
2990 4413 3090 4454 nec
3115 4399 3430 4469 simpliciter
3456 4402 3711 4466 tertium,

2096 4489 2194 4545 sed
2231 4491 2392 4546 etiam
2429 4506 2549 4546 cum
2591 4491 2755 4546 multa
2798 4492 3056 4561 temporis
3105 4493 3368 4563 angustia.
3415 4492 3531 4548 Non
3558 4496 3705 4549 enim

2097 4584 2414 4653 simpliciter
2456 4583 2636 4651 dixit,
2691 4582 2971 4640 Morieris:
3010 4584 3103 4639 sed
3153 4583 3339 4639 Hodie.
3394 4585 3709 4644 Festiuahat

2095 4677 2238 4732 enim
2276 4675 2523 4732 diabolus
2566 4678 2738 4746 ipsum
2787 4679 2843 4732 in.
2883 4677 3022 4732 hanc
3057 4677 3271 4748 impiam
3299 4694 3457 4750 agere
3496 4680 3705 4737 eadem

2096 4779 2148 4823 et
2195 4769 2490 4839 impellere.
2552 4768 2840 4837 Propterea
2886 4783 2986 4824 nec
3029 4771 3309 4825 sententia:
3335 4781 3530 4826 statum
3558 4771 3706 4830 diem

2093 4859 2351 4915 adhibere
2398 4861 2688 4930 permittit,
2721 4877 2787 4915 ne
2813 4876 2914 4930 qua
2966 4876 3032 4916 ex
3061 4876 3214 4917 mora
3244 4863 3367 4916 mali
3404 4862 3492 4917 ﬁat
3521 4880 3706 4919 corre-

2093 4953 2220 5007 ctio.
2255 4952 2468 5007 Etdixit
2497 4953 2725 5023 populus
2751 4953 2815 5014 ad
2848 4955 3004 5009 Sani:
3036 4953 3160 5009 lltrc
3179 4956 3336 5026 faciat
3361 4957 3503 5012 nobis
3539 4956 3700 5025 Deus,

2093 5055 2140 5100 at
2187 5048 2294 5100 Ittrc
2333 5047 2576 5115 adiiciat.
2607 5049 2650 5098 si
2686 5057 2843 5099 ωσι-ιδ
2885 5049 3127 5102 morietur
3159 5088 3173 5114 ,
3225 5051 3313 5121 qui
3337 5051 3454 5120 fecit
3483 5054 3701 5106 salutent

2093 5152 2332 5209 Magnam
2365 5136 2551 5192 Israel.
2603 5136 2734 5192 Vivit
2781 5137 3035 5193 Dominus
3068 5182 3080 5202 ,
3131 5141 3175 5194 si
3204 5142 3350 5196 cadet
3393 5144 3611 5213 capillus
3640 5145 3705 5197 de

2092 5230 2256 5298 capite
2272 5231 2381 5300 ejus
2398 5231 2450 5284 in
2481 5233 2688 5295 terram,
2714 5230 2831 5300 quia
2853 5232 3252 5286 misericordiam
3271 5231 3369 5288 Dei
3395 5233 3514 5304 fecit
3545 5236 3596 5288 in
3620 5235 3706 5290 die

2093 5321 2188 5373 hac
2218 5319 2378 5391 (Ibid.
2412 5343 2459 5376 γ.
2489 5321 2604 5392 45).
2638 5322 2780 5377 Ecce
2807 5331 2861 5379 et
2901 5324 3125 5394 popult.~
3155 5326 3450 5381 secundum
3475 5327 3700 5397 jurarit.

2091 5422 2144 5468 et
2178 5414 2287 5484 regi
2326 5416 2654 5469 contrarium
2681 5415 2898 5485 iuravit.
2953 5417 3089 5472 Nunt
3130 5419 3258 5472 mihi
3291 5420 3700 5475 reminiscimini

2092 5505 2385 5562 funiculum
2407 5524 2436 5562 a
2468 5509 2705 5578 puerulis
2734 5520 2956 5564 tractum
2989 5555 3002 5577 ,
3045 5527 3073 5566 e
3141 5512 3441 5583 disruptum
3467 5555 3482 5581 ,
3511 5525 3564 5569 et
3592 5524 3700 5568 tra-

2159 5621 2175 5652 ¹
2212 5622 2462 5671 Sententia
2509 5621 2794 5684 imperfecta
2827 5623 3018 5674 videtur
3064 5623 3431 5675 Moutelalconio
3452 5639 3528 5676 cut
3554 5628 3702 5677 mini-

2088 5695 2170 5749 me
2192 5683 2505 5749 assentimus.
2531 5683 2772 5749 (notorum
2791 5689 2953 5736 omnia
2981 5686 3282 5749 exculplaria
3305 5690 3376 5738 sic
3398 5689 3600 5738 habent.

2153 5746 2173 5776 ί
2212 5743 2297 5793 Alii
2320 5757 2418 5794 uno
2444 5747 2614 5805 verbo,
2643 5743 2900 5798 lwtubatur
2924 5743 3145 5798 nantibus
3164 5748 3346 5799 ana'it's.

2155 5807 2176 5839 ³
2209 5811 2274 5858 ita
2290 5813 2394 5859 Sav.
2424 5817 2474 5860 ct
2497 5809 2703 5859 maxima
2728 5821 2841 5875 pars
2860 5817 2962 5862 Mss.
2983 5809 3130 5861 ιιυωι
3148 5824 3265 5862 vero
3292 5811 3568 5877 :Esigttum
3580 5810 3697 5863 mel.
