4232 6320
540 346 633 402 151

532 462 731 517 irentes
757 462 990 533 supinos
1004 463 1389 536 proﬁcientem.
1417 466 1622 520 Juravit
1649 467 1773 523 Saﬁl
1804 484 1908 524 non
1935 469 2125 535 semei,

524 568 716 621 ineque
738 552 852 620 bis,
881 553 976 610 sed
1002 540 1056 610 et
1083 556 1305 625 saepius:
1338 560 1604 613 contraria
1625 560 1821 629 juravit
1853 560 2080 631 populus
2115 604 2129 625 ,

539 654 592 697 et
612 643 721 713 jam
744 644 1118 704 contendebat.
1149 646 1377 704 Necesse
1398 648 1508 719 jam
1532 651 1750 705 omnino
1769 650 2132 719 juramentum

538 734 709 789 scindi
739 754 751 789 :
786 738 906 791 nam
953 744 1052 792 nos
1080 753 1269 794 omnes
1295 754 1423 796 vere
1443 743 1654 811 jurasse
1672 750 1755 797 est
1781 742 2128 812 impossibile.

611 824 1029 882 Juromentorum
1058 830 1251 883 damna
1271 830 1451 885 multa.
1474 858 1545 876 -ο-
1573 831 1681 887 Nec
1704 833 1833 888 mihi
1864 834 1941 889 rei
1970 848 2132 889 even-

534 918 650 968 tum
680 915 849 982 dicas,
874 917 975 973 sed
1002 920 1195 989 cogita,
1223 928 1353 990 quot
1380 922 1515 975 mala
1546 922 1921 988 nascebantur,
1944 934 1997 979 et
2024 932 2133 978 tra-

535 1003 769 1074 gzediam
807 1014 862 1061 et
888 1008 1229 1079 tyrannidem
1250 1011 1488 1066 venturis
1516 1025 1614 1081 per
1640 1013 1893 1069 Absaiom
1931 1014 2134 1070 similes

542 1096 668 1153 hinc
706 1098 949 1155 diabolus
991 1101 1249 1157 struebat.
1279 1103 1334 1159 Si
1367 1104 1510 1159 enim
1555 1105 1817 1161 voluisset
1859 1122 1950 1163 rex
1995 1108 2131 1163 resi-

537 1198 685 1245 stere
720 1200 781 1246 et
809 1191 875 1245 ad
906 1192 1267 1261 juramentum
1309 1196 1625 1266 procedere,
1669 1207 1809 1254 totus
1851 1201 2139 1257 restitisset

536 1281 787 1349 populus,
838 1290 892 1336 et
921 1284 1165 1354 tyrannis
1209 1287 1577 1343 crudelissimo
1617 1289 1752 1346 facta
1803 1291 1988 1347 fuisset
2026 1309 2043 1346 :
2076 1302 2141 1348 et‘

542 1382 751 1449 rursum
794 1373 839 1428 si
880 1374 1138 1431 voluisset
1183 1377 1323 1433 ﬁlius
1363 1370 1594 1449 propria:
1636 1384 1926 1440 consulens
1974 1387 2137 1442 saluti

534 1459 777 1531 seipsum
800 1467 1058 1520 exercitui
1081 1467 1299 1536 dedere,
1325 1472 1592 1540 parricida
1618 1476 1795 1531 statim
1819 1478 2129 1535 exstitisset.

540 1549 704 1635 Vides
728 1561 783 1607 ct
813 1556 1164 1624 tyrannidem,
1193 1569 1247 1613 et
1276 1559 1367 1614 ﬁlii
1390 1560 1615 1629 cat-dem,
1638 1575 1693 1620 et
1712 1568 2053 1635 parricidium
2079 1580 2134 1625 et

534 1634 734 1695 bellum
765 1644 939 1710 civile,
972 1656 1025 1700 et
1048 1663 1298 1718 pugnam,
1328 1657 1382 1705 et
1403 1634 1785 1723 jugulationes,
1814 1667 1867 1711 et
1890 1673 2128 1727 cruores,

529 1739 594 1783 et
642 1732 842 1786 inﬁnita
885 1736 1147 1793 cadavera
1191 1756 1256 1794 ex
1298 1758 1405 1796 uno
1452 1753 1658 1813 patrata
1698 1747 2022 1815 juramento.
2071 1752 2130 1806 Si

543 1834 773 1889 namque
816 1824 1012 1878 bellum
1061 1829 1172 1882 ﬁeri
1215 1832 1530 1898 accidisset,
1564 1836 1783 1915 el‘Sai'li
1818 1826 2039 1895 forsitan
2078 1852 2132 1897 et

530 1908 799 1966 Jonatltas
834 1912 1103 1982 jugulatus
1137 1919 1351 1984 fuisset,
1380 1932 1435 1977 et
1465 1908 1869 1984 inuiti‘militum
1910 1931 2132 1987 fuissent

528 2001 834 2084 trucidati:
878 2013 933 2058 et
981 2009 1109 2060 nulli
1156 2010 1233 2064 sie
1270 2011 1632 2079 juramentum
1676 2018 1812 2077 bene
1855 2025 2128 2081 cessisset.

530 2086 718 2160 itaque
757 2108 823 2149 ne
847 2097 1158 2153 consideres
1194 2100 1315 2168 hoc,
1339 2106 1479 2174 quod
1530 2124 1635 2163 non
1674 2110 1747 2165 ita
1794 2111 1991 2169 factum
2021 2118 2126 2183 sit;

526 2183 631 2278 sed
660 2184 789 2239 illud
815 2188 1094 2244 considera
1118 2230 1133 2256 ,
1172 2194 1312 2261 quod
1343 2197 1417 2251 rci
1446 2208 1635 2255 natura
1665 2202 1780 2257 lucc
1823 2204 1937 2261 ﬁeri
1963 2222 2128 2278 coge-

531 2269 629 2327 hat
673 2291 687 2327 :
734 2279 962 2347 populus
1009 2292 1187 2337 autem
1228 2284 1373 2341 vicit.
1424 2289 1537 2359 Age
1582 2290 1743 2361 igitur
1786 2269 2130 2353 numeremus

526 2366 822 2421 commissa
864 2370 1116 2439 pcrjurizh
1159 2362 1498 2433 Temeratum
1555 2392 1637 2437 est
1678 2385 1908 2454 primum
1953 2387 2131 2447 Saulis

529 2453 892 2522 jnramentum
932 2476 963 2515 a
1009 2462 1117 2517 ﬁlio
1161 2482 1176 2519 :
1217 2469 1510 2525 secundum
1551 2453 1773 2544 rursus,
1817 2486 1871 2533 et
1911 2483 2127 2538 tertium

530 2545 707 2639 ipsius
735 2546 907 2603 Saulis
930 2551 999 2607 de
1042 2553 1131 2608 ﬁlii
1159 2557 1344 2612 caede:
1376 2569 1431 2615 et
1455 2564 1601 2619 visus
1631 2574 1714 2621 est
1742 2571 1972 2639 populus
2004 2588 2129 2630 vere

526 2636 776 2705 iurasse;
804 2642 898 2695 sed
929 2643 978 2697 si
1018 2647 1137 2715 quis
1163 2648 1447 2720 diligenter
1488 2670 1600 2711 rem
1647 2636 1942 2730 examinet,
1978 2675 2031 2720 et
2069 2666 2127 2721 hi

529 2737 936 2812 rursns'omncs
963 2735 1183 2803 perjurii
1221 2741 1537 2800 criminibus
1566 2746 1787 2804 obnoxii
1816 2750 1949 2809 facti
1977 2768 2126 2812 sunt.

524 2806 705 2917 ipsius
725 2820 868 2873 enim
885 2821 1131 2879 Jonatbtn
1154 2839 1358 2897 patrem
1380 2834 1624 2904 pejerare
1647 2806 2126 2917 coegerunt,

531 2900 704 2999 tilium
737 2926 842 2964 non
880 2913 1165 2972 dedentes.
1214 2900 1544 2995 Vides‘quot
1588 2900 1837 2989 homines
1881 2900 2129 2993 tum.

530 2997 739 3064 lentes,
793 3010 902 3058 tum
946 3005 1141 3064 invitos
1188 3013 1423 3083 perjurio
1469 3018 1735 3079 obnoxios
1785 3041 1947 3083 unum
2002 3028 2127 3086 fecit

527 3088 933 3187 jummentttm?
966 3107 1099 3167 quot
1144 3103 1280 3157 mala
1321 3106 1563 3164 molitum
1618 3121 1733 3181 est,
1778 3127 1908 3187 quot
1947 3120 2125 3177 credes

524 3181 760 3245 patravit
784 3183 798 3237 ε

592 3270 655 3323 13.
688 3268 948 3341 Equidem
994 3293 1300 3340 sermonem
1333 3287 1595 3359 incipiens
1640 3298 1858 3365 promisi
1905 3316 1992 3357 me
2029 3303 2123 3359 de-

523 3367 948 3422 ttioustratnrum
984 3370 1035 3424 in
1064 3379 1345 3434 contrariis
1374 3380 1696 3450 iuramentis
1732 3393 1956 3449 omnino
2006 3412 2125 3465 per-

374 3452 411 3455 "
438 3456 441 3457 ⁷
523 3454 723 3558 jurium
750 3461 912 3523 nasci,
938 3461 1157 3521 historia
1178 3483 1307 3524 vero
1324 3487 1606 3544 progressa
1633 3482 1799 3539 multo
1823 3482 1939 3553 plus
1964 3452 2121 3558 quorm

521 3546 765 3601 reuabar
808 3549 1200 3612 demonstravit
1231 3576 1247 3612 :
1278 3578 1384 3617 non
1426 3567 1569 3622 enim
1596 3586 1757 3626 unum
1794 3546 1850 3630 et
1892 3546 2027 3632 duos
2068 3591 2123 3635 et

526 4001 913 4105 ﬁli-amentum.
944 4007 1158 4069 Etenim
1188 4015 1464 4075 civitatum
1495 4034 1550 4079 et
1594 4028 1877 4086 mulierum
1906 4042 1959 4089 et
1986 4050 2116 4105 pue—

525 4092 767 4151 rniornm
793 4100 1131 4171 captivitate,
1169 4117 1225 4162 et
1261 4108 1541 4181 incendio,
1574 4127 1629 4172 et
1654 4092 2003 4179 barbarorum
2033 4128 2114 4183 in-

518 4186 742 4243 vasione
762 4230 777 4253 ,
803 4200 858 4244 et
882 4204 1188 4251 sanctorum
1222 4197 1553 4272 pollutione,
1598 4216 1653 4263 et
1681 4209 1973 4270 innumeris
1996 4217 2117 4273 aliis

516 4282 855 4345 gravioribus
884 4288 1036 4343 malis
1069 4288 1284 4347 Iudaeos
1313 4294 1491 4351 affecit
1529 4315 1691 4355 unum
1719 4317 1909 4361 omnes
1942 4307 2115 4379 jusju-

519 4370 769 4425 randum.
798 4374 902 4430 Sed
933 4377 984 4430 in
1028 4378 1246 4451 long-um
1283 4398 1589 4443 sermonem
1622 4395 1868 4459 protendi
1907 4370 2063 4454 video
2099 4417 2115 4455 :

518 4471 806 4533 propterea
834 4469 1071 4526 historice
1103 4472 1259 4544 hujus
1281 4480 1643 4537 narrationem
1676 4484 1762 4541 hic
1786 4487 2068 4546 absolvens
2092 4534 2109 4559 ,

514 4564 641 4609 eum
666 4556 889 4613 Joannis
911 4564 1084 4632 capite
1110 4564 1354 4623 Jonathze
1374 4570 1602 4639 eaedem,
1624 4584 1679 4629 et
1702 4579 1990 4646 perniciem
2020 4556 2110 4652 ge;

516 4648 755 4701 neralem
799 4652 960 4707 totius
982 4656 1164 4725 pepuli
1212 4658 1335 4714 licet
1364 4677 1469 4716 non
1510 4664 1831 4735 admissam,
1860 4661 1927 4726 de
1956 4648 2108 4743 jura-

516 4747 820 4793 mentorum
844 4750 1026 4798 tamen
1053 4750 1372 4806 necessitate
1399 4757 1821 4825 provenientem,
1854 4763 1992 4819 inter
2018 4782 2110 4822 vos

512 4842 942 4888 commemorare
971 4835 1245 4905 exhortor,
1270 4849 1324 4894 et
1348 4840 1515 4909 domi,
1547 4856 1601 4901 et
1636 4848 1688 4902 in
1723 4849 1859 4920 foro,
1888 4864 1940 4907 et
1967 4855 2106 4925 apud

512 4921 791 4989 conjuges.
820 4935 877 4977 et
920 4927 1059 4995 apud
1104 4930 1338 5000 amicos,
1366 4936 1587 5007 ct-apud
1629 4939 1835 4997 vicinos
1856 4985 1870 5009 ,
1890 4952 1949 4998 et
1970 4921 2107 5017 apud

514 5026 709 5066 manes
725 5018 1046 5083 generaliter
1070 5021 1227 5091 hujus
1243 5024 1319 5078 rei
1351 5040 1535 5084 curam
1552 5044 1739 5101 gerem
1761 5048 1779 5087 ι
1807 5050 1905 5090 nec
1922 5048 2109 5105 putare

516 5102 766 5158 idoneam
802 5122 921 5163 esse
961 5112 1113 5167 nobis
1142 5114 1545 5187 defensionem,
1590 5122 1636 5177 si
1663 5102 2104 5185 consuetudinem

510 5198 930 5262 prmteudam‘us.
958 5202 1109 5271 Quod
1146 5208 1289 5263 enim
1315 5215 1589 5271 excusatio
1623 5216 1739 5273 lucc
1777 5220 1846 5274 sit
1886 5231 1941 5277 et
1972 5238 2107 5293 prm-

508 5293 708 5353 textns,
740 5308 837 5347 nec
879 5299 1298 5367 consuetudinis,
1334 5304 1429 5360 sed
1464 5310 1697 5379 torporis
1725 5311 1794 5366 sit
1823 5315 2003 5383 culpa,
2037 5316 2106 5370 ab

516 5378 604 5432 his
632 5397 749 5449 qua:
776 5384 884 5452 jam
911 5402 1163 5457 evenere,
1196 5394 1347 5450 vobis
1372 5378 1695 5465 persuadere
1724 5378 1978 5462 conabor.

583 5471 870 5542 Imperator
899 5482 1236 5540 Antiocheam
1257 5487 1447 5543 balneis
1470 5491 1793 5550 interdixerat
1810 5498 1861 5551 in
1878 5516 2095 5569 prauam.

508 5556 753 5618 Civitatis
780 5568 968 5626 balnea
996 5574 1291 5645 imperator
1321 5580 1613 5650 obstruxit,
1644 5600 1698 5640 et
1736 5556 1899 5651 lavari
1939 5593 2097 5661 jussit

509 5659 797 5727 nentinem,
829 5672 881 5716 ct
918 5664 1085 5735 legem
1126 5671 1422 5740 transgredi
1444 5683 1535 5731 est
1573 5690 1734 5733 ausus
1777 5659 1957 5749 nemo,
2004 5695 2093 5739 aut

508 5746 705 5804 iactitat
750 5752 1029 5822 incusare,
1062 5769 1151 5814 aut
1197 5763 1640 5823 consuetudinem
1692 5746 2025 5835 portendere
2072 5793 2087 5833 :

1278 346 1338 405 'S.
1378 349 1654 407 JOANNIS
1690 346 2165 408 CHRYSOSTOM!
2213 354 2527 415 ARCHIEP.
2550 358 3084 428 CONSTANTiNOl‘.

3286 312 3295 345 κ

3736 384 3841 440 1δὶ

2242 490 2427 531 verum
2450 488 2503 534 et
2525 480 2613 549 qui
2644 496 2788 552 saepe
2815 495 2939 538 sunt
2967 484 3019 541 in
3049 486 3363 557 mgritudine
3389 491 3511 558 viri,
3544 493 3797 550 mulieres
3817 538 3837 564 ,

2241 570 2391 637 pueri
2420 579 2474 625 et
2501 585 2678 638 senes,
2701 584 2757 627 et
2781 576 2963 630 multae
2990 588 3173 649 partus
3194 580 3470 639 doloribus
3494 596 3744 642 reconter
3774 588 3843 642 li-

2245 660 2446 715 beratzc
2468 664 2743 730 mulieres,
2773 674 2828 722 et
2854 682 3042 724 omnes
3070 674 3378 727 necessario
3404 677 3510 732 tale
3536 677 3837 734 remedium

2243 762 2504 821 petentes,
2525 756 2692 811 velint
2710 759 2880 814 nolint
2902 762 3211 818 mandatum
3235 764 3340 819 hoc
3358 765 3563 835 ferunt,
3584 779 3639 825 et
3660 788 3840 842 neque

2242 847 2488 902 morbum
2517 851 2781 918 corporis,
2825 864 3000 922 neque
3024 855 3430 913 consuetudinis
3454 862 3791 930 tyrannidem
3816 904 3837 932 ,

2240 952 2414 1009 neque
2446 940 2575 994 aliis
2615 943 2961 1009 peccantibus
2995 958 3055 999 se
3098 946 3304 1015 puniri,
3338 963 3437 1003 nec
3468 951 3612 1005 aliud
3646 953 3837 1007 talium

2239 1030 2527 1101 quidquam
2574 1034 2950 1102 praetendunt:
3002 1036 3097 1092 sed
3144 1037 3450 1108 hujusmodi
3498 1051 3648 1111 grate
3691 1045 3841 1099 esci-

2239 1122 2391 1192 piunt
2415 1123 2694 1192 ultionem,
2726 1125 2845 1194 quia
2873 1126 3074 1196 majora
3098 1126 3410 1198 exspectant
3434 1132 3591 1197 mala,
3623 1142 3680 1188 et
3700 1149 3839 1202 quo-

2237 1216 2366 1273 tidie
2415 1229 2700 1286 precantur
2750 1218 3010 1276 hactenus
3059 1222 3267 1291 regium
3331 1222 3564 1278 furorem
3617 1226 3834 1281 sistere.

2245 1307 2403 1363 Vides
2431 1309 2570 1379 quod
2596 1310 2681 1365 ubi
2712 1319 2796 1367 est
2818 1312 2996 1372 timor.
3029 1312 3184 1368 facile
3210 1314 3450 1369 solvatur
3477 1316 3835 1382 consuetudo,

2239 1400 2449 1455 etiamsi
2478 1401 2630 1458 valde
2668 1401 2921 1458 diuturna
2961 1404 3029 1460 sit
3060 1414 3115 1458 ct
3152 1407 3490 1461 necessaria?
3531 1409 3692 1479 Atqui
3721 1425 3835 1463 non

2238 1493 2401 1548 lavari
2431 1510 2618 1565 grave.
2651 1496 2764 1550 Etsi
2792 1499 2934 1552 enim
2965 1498 3169 1553 centies
3200 1497 3677 1569 philosophemur,
3707 1517 3834 1556 cor-

2237 1586 2387 1652 poris
2433 1595 2619 1640 natura
2646 1588 2915 1657 arguitur,
2948 1588 3080 1642 nihil
3114 1590 3184 1645 ab
3207 1590 3372 1644 animi
3403 1590 3735 1662 philosophia
3775 1594 3830 1646 in

2236 1675 2508 1744 propriam
2524 1676 2882 1733 valetudinem
2901 1678 3141 1748 adjuvari
3167 1698 3180 1733 :
3202 1695 3310 1734 non
3327 1681 3509 1749 jurare
3525 1697 3654 1735 vero
3678 1682 3834 1737 Valde

2236 1764 2411 1832 facile,
2445 1775 2498 1821 et
2528 1768 2731 1822 nullum
2754 1770 2905 1824 all'crl
2924 1768 3466 1837 nocumentum,'non
3491 1774 3841 1843 corporibus,

2237 1876 2343 1914 non
2372 1861 2585 1926 animis,
2612 1862 2706 1916 sed
2738 1864 2901 1917 etiam
2928 1866 3151 1920 multum
3180 1866 3551 1930 emolumenti,
3584 1881 3832 1936 magnam

2236 1952 2540 2016 utilitatem,
2570 1954 2791 2008 multam
2831 1956 3178 2023 epuientiatn.
3208 1956 3489 2023 Quomodo
3526 1958 3685 2028 igitur
3721 1970 3829 2011 non

2235 2044 2526 2100 absurdum
2567 2047 2892 2116 lmperatore
2920 2047 3164 2117 jubente,
3200 2049 3290 2104 vel
3315 2048 3631 2104 difﬁcillima
3662 2050 3831 2104 sustin

2232 2150 2386 2199 nere,
2430 2136 2542 2191 Deo
2573 2151 2700 2192 vero
2738 2145 3009 2193 statuente
3049 2137 3109 2192 id
3143 2138 3284 2208 quod
3328 2154 3503 2209 neque
3532 2153 3693 2209 grave
3737 2141 3829 2204 sit,

2234 2240 2408 2295 neque
2428 2226 2667 2292 difﬁcile,
2696 2235 2879 2283 ventm
2910 2244 3165 2298 perquam
3190 2229 3345 2284 facile
3370 2239 3428 2284 et
3446 2231 3826 2295 commodum,
3876 2240 3885 2248 ‘

2232 2326 2580 2375 contemnere
2597 2330 2650 2374 et
2665 2319 2913 2376 deridere
2926 2328 2983 2376 et
3001 2321 3443 2377 consuetudinem
3460 2321 3831 2390 pr:etendcre?

2232 2408 2329 2470 Ne,
2376 2425 2580 2481 qumso,
2613 2428 2680 2467 ne
2720 2413 2772 2466 in
2806 2422 3006 2466 tantum
3049 2414 3276 2469 salutem
3312 2422 3551 2466 nostram
3589 2419 3834 2467 contem-

2234 2516 2444 2565 namus,
2469 2503 2562 2557 scd
2585 2505 2870 2558 timeamus
2892 2505 3076 2568 Deum,
3104 2504 3238 2557 sicut
3265 2505 3534 2558 hominem
3556 2506 3825 2557 timemus.

2231 2591 2365 2646 Novi
2410 2608 2509 2647 vos
2557 2593 2902 2649 exhorruisse
2942 2594 3137 2648 talibus
3177 2595 3408 2659 auditis;
3460 2594 3555 2649 sed
3607 2594 3832 2648 horrore

2233 2683 2450 2750 dignum
2482 2694 2562 2738 εει
2591 2699 2658 2737 ne
2688 2694 2894 2737 tantum
2929 2684 3142 2753 quidem
3193 2685 3322 2751 Deo,
3352 2693 3609 2754 quantum
3656 2683 3831 2737 homi-

2234 2774 2388 2827 nibus
2432 2773 2691 2829 honorem
2727 2775 3052 2841 attribuere;
3095 2777 3189 2830 sed
3233 2777 3576 2845 imperatoria
3612 2776 3828 2832 decreta

2230 2864 2514 2934 diligenter
2532 2865 2901 2932 observantes,
2929 2866 3107 2921 divina
3127 2867 3270 2925 etde
3289 2868 3435 2922 uelis
3456 2867 3674 2936 delapsa
3693 2882 3829 2923 con-

2228 2959 2467 3025 culcare,
2491 2967 2549 3013 et
2568 2974 3023 3029 supervacaneum
3052 2975 3171 3014 esse
3196 2969 3391 3032 putare
3413 2961 3560 3016 circa
3585 2960 3690 3014 hoc
3710 2968 3829 3014 stu-

2226 3047 2395 3103 dium.
2437 3048 2692 3116 Quaenam
2740 3050 3010 3105 excusatio
3060 3052 3217 3106 nobis
3262 3051 3368 3106 erit
3411 3050 3657 3121 reliqua?
3706 3065 3829 3120 quae

2230 3156 2360 3195 vero
2409 3142 2593 3206 venia,
2630 3143 2845 3213 quando
2884 3152 3012 3213 post
3057 3153 3259 3198 tantam
3300 3142 3720 3198 admonitionem
3770 3141 3827 3196 in

2229 3234 2419 3289 iisdem
2451 3234 2868 3304 permauemus?
2916 3236 3127 3291 Etenim
3152 3244 3413 3290 nascente
3441 3236 3655 3291 miseria
3687 3235 3823 3303 hac,

2228 3340 2347 3396 qua:
2372 3324 2642 3381 civitatem
2687 3326 2920 3390 detinet,
2965 3326 3106 3382 hanc
3150 3327 3324 3397 incepi
3354 3326 3773 3381 admonitionem
3806 3343 3820 3381 :

2226 3426 2283 3472 et
2330 3417 2422 3472 illa
2457 3416 2673 3487 quidem
2706 3417 2818 3487 jam
2843 3417 3004 3473 debet
3048 3417 3218 3481 ﬁniri,
3268 3433 3366 3472 nos
3413 3432 3542 3474 vero
3586 3419 3823 3473 nondum

2226 3511 2763 3580 ununb‘explevimus
2800 3510 3129 3565 mandatum.
3176 3510 3458 3578 Quomodo
3504 3512 3662 3582 igitur
3705 3528 3824 3566 ma-

2226 3602 2400 3656 lorum
2450 3617 2551 3656 nos
2598 3602 2954 3658 detinentium
3004 3612 3251 3672 petemus
3294 3602 3652 3668 solutionem,
3696 3619 3820 3657 cum

2226 3708 2325 3747 nec
2338 3704 2501 3748 unum
2521 3694 2670 3748 obire
2697 3693 3005 3749 mandatum
3024 3694 3387 3764 potuerimus?
3411 3695 3679 3764 quomodo
3694 3710 3823 3749 vero

2224 3783 2420 3838 bonam
2447 3786 2876 3854 exspectabimus
2916 3786 3301 3841 mutationem?
3328 3787 3599 3856 quomodo
3639 3797 3821 3842 autem

2225 3874 2540 3929 arabimus?
2565 3885 2669 3946 Qua
2711 3876 2893 3946 lingua
2937 3877 3103 3931 Deum
3149 3874 3555 3932 in‘vocabimus‘!
3576 3874 3638 3933 Si
3671 3879 3817 3932 enim

2224 3967 2400 4038 legem
2436 3984 2822 4040 exsequamur,
2868 3971 3088 4025 multam
3130 3971 3411 4039 capiemus
3453 3970 3816 4039 voluptatem,

2222 4061 2553 4132 Imperatore
2574 4062 2776 4117 civitati
2794 4063 3115 4133 conciliato;
3139 4063 3183 4117 si
3203 4076 3330 4118 vero
3354 4064 3405 4117 in
3426 4072 3648 4132 peccato
3667 4078 3812 4116 man-

2223 4156 2472 4220 serimus,
2504 4155 2681 4225 pudor
2707 4166 2761 4211 et
2798 4156 3143 4226 opprobrium
3187 4157 3422 4225 undique
3468 4156 3623 4210 nobis
3665 4156 3812 4211 crit:

2222 4247 2476 4317 quoniam
2496 4262 2624 4302 cum
2655 4247 2799 4302 Deus
2821 4247 3115 4315 periculum
3145 4248 3389 4312 solverit,
3417 4262 3517 4301 nos
3538 4247 3595 4302 in
3622 4247 3814 4302 eodem

2221 4341 2514 4395 mansimus
2556 4349 2792 4411 torpore.
2834 4336 3052 4395 Utinam
3100 4339 3230 4394 mihi
3276 4340 3462 4395 liceret
3496 4339 3817 4410 frequenter

2216 4432 2506 4503 jnrantinm
2529 4435 2736 4487 animas
2763 4449 2977 4499 exuere,
3002 4444 3065 4489 et
3083 4435 3316 4503 ipsarum
3345 4433 3513 4488 oculis
3547 4434 3817 4501 subjicere

2217 4524 2442 4579 Vulnera
2484 4534 2537 4582 et
2581 4524 2863 4579 cicatrices
2905 4540 3039 4595 quas
3066 4525 3306 4595 quotidie
3352 4524 3568 4592 capiunt
3607 4538 3637 4576 a
3664 4524 3812 4592 jura-

2222 4617 2453 4671 tnentis:
2489 4632 2587 4671 nec
2618 4617 3000 4670 admonitionis
3044 4627 3136 4669 aut
3161 4616 3370 4670 consilii
3411 4616 3809 4685 indigercmus:

2219 4710 2471 4780 quoniam
2498 4706 2777 4764 vulnerum
2810 4719 3058 4777 aspectus
3087 4708 3232 4762 omni
3260 4724 3511 4763 sermone
3536 4708 3811 4778 potentius

2219 4803 2343 4858 huic
2382 4802 2639 4872 improba:
2682 4802 3053 4857 consuetudini
3089 4803 3251 4856 etiam
3300 4801 3587 4871 plurimum
3632 4799 3821 4873 adhzcg

2219 4908 2398 4952 rentes
2444 4911 2476 4951 a
2523 4895 2722 4949 malitia
2754 4895 3021 4949 abducere
3072 4903 3271 4963 posset.
3331 4892 3710 4947 Verumtamen
3765 4892 3809 4945 si

2216 4990 2393 5043 minus
2408 4988 2597 5052 oculis,
2623 4987 2931 5057 cogitationi
2953 4984 3166 5056 quidem
3187 4994 3333 5040 certe
3352 4985 3587 5054 ipsorqu
3614 4984 3809 5037 animm

2214 5081 2450 5137 dedecus
2480 5079 2765 5150 subjicere,
2793 5088 2853 5134 et
2878 5079 3047 5148 ipsam
3071 5077 3390 5132 tabefactam
3418 5086 3472 5132 et
3497 5084 3808 5146 corruptam

2214 5171 2499 5226 ostendere
2526 5171 2667 5225 licet.
2699 5170 2844 5224 Sicut
2857 5168 3018 5233 enim,
3043 5169 3232 5238 inquit,
3260 5183 3433 5222 servus
3460 5167 3549 5235 qui
3570 5167 3809 5219 continue

2215 5263 2527 5333 ﬂagellatur,
2559 5262 2620 5315 de
2644 5262 2879 5315 cicatrice
2900 5277 3002 5314 non
3031 5260 3355 5313 mandabitur
3379 5275 3398 5314 :
3430 5259 3503 5312 sic
3516 5259 3728 5328 jurans,
3753 5266 3807 5309 et

2217 5353 2377 5408 Deum
2420 5371 2617 5423 semper
2655 5356 2944 5413 nominans,
2969 5370 3000 5406 α
3033 5362 3238 5423 peccato
3278 5368 3376 5404 non
3415 5346 3654 5403 innocens
3682 5347 3805 5415 ﬁet‘

2208 5448 2400 5517 (Ereti.
2428 5450 2517 5504 23.
2549 5448 2658 5521 ll).
2694 5446 3027 5517 lmpossibile
3055 5447 3219 5510 enim,
3265 5443 3596 5513 impossibile
3623 5456 3685 5497 os
3713 5441 3804 5511 ju-

2214 5550 2453 5594 ramento
2478 5539 2855 5604 assuefactum,
2885 5554 2990 5593 non
3012 5537 3322 5607 frequenter
3342 5536 3601 5605 pejerare.
3664 5532 3802 5588 Pro-

2212 5646 2392 5704 pterea
2424 5635 2664 5703 supplico
2691 5632 2962 5695 omnibus,
2984 5640 3044 5684 ut
3067 5629 3422 5700 perniciosam
3446 5627 3584 5682 hanc
3611 5636 3665 5681 et
3694 5626 3800 5680 im-

2273 5788 2292 5819 ι
2327 5786 2463 5836 Savil.
2483 5796 2536 5840 et
2559 5786 2739 5850 aliquo:
2764 5798 2888 5852 .uss.,
2909 5790 3172 5857 inmundas
3192 5794 3299 5848 erit.
