4232 6320
357 329 461 384 £53

355 442 580 518 probam
610 443 1063 500 consuetudinem
1093 445 1424 516 deponentes
1464 464 1530 504 ex
1569 452 1770 518 anima,
1802 455 1963 511 aliam

353 548 612 589 coronam
639 537 943 604 reportetis.
971 535 1041 590 Et
1069 537 1208 592 sicut
1227 538 1421 609 ubique
1451 539 1520 597 de
1540 542 1752 599 civitate
1779 555 1962 604 nostra

355 636 600 692 cantant,
632 627 774 697 quod
799 628 970 698 prima
995 629 1236 684 omnium
1268 631 1317 684 in
1345 632 1479 688 orbe
1509 643 1772 690 terrarum
1802 639 1960 693 Clu-i-

353 721 656 774 etianorum
692 733 888 774 nomen
916 719 1086 774 induit
1113 721 1128 752 ¹
1157 739 1171 774 :
1199 721 1275 776 sic
1306 721 1464 779 facile
1491 734 1550 779 ut
1568 741 1757 782 onmes
1783 728 1962 786 dicant

351 805 524 865 solam
554 809 798 863 omnium
831 810 884 864 in
913 811 1114 866 mundo
1161 813 1497 868 Antiochiam
1536 819 1766 888 propriis
1805 820 1958 889 jura-

352 911 535 956 menta
578 901 776 958 ﬁnibus
815 903 1101 973 expulisse.
1153 906 1266 959 lmo
1307 922 1436 962 vero
1465 909 1509 962 si
1557 910 1659 966 hoc
1699 911 1821 979 fiat,
1850 930 1959 970 non

350 1003 558 1050 taiitum
579 995 693 1064 ipsa
711 996 1073 1062 coronabitur,
1099 1012 1286 1053 verum
1312 1000 1472 1056 etiam
1490 1002 1620 1058 alias
1637 1004 1688 1058 in
1707 1007 1957 1064 eumdem

348 1085 526 1140 zelum
553 1086 781 1157 rediget.
832 1087 896 1141 Et
922 1088 1058 1143 sicut
1082 1088 1507 1147 Christianorum
1547 1111 1744 1152 nomen
1766 1139 1780 1162 ,
1810 1099 1959 1156 velut

349 1193 416 1232 ex
438 1178 677 1249 quodam
704 1177 853 1234 fonte
873 1179 996 1236 hinc
1019 1181 1300 1253 incipiens,
1325 1193 1493 1239 totum
1517 1187 1778 1244 mundum
1800 1191 1957 1248 inun-

345 1270 502 1326 davit
539 1289 553 1326 :
585 1271 664 1325 sic
693 1271 934 1342 profecto
958 1283 1014 1329 et
1041 1275 1290 1330 meritmn
1320 1278 1422 1333 hoc
1446 1279 1679 1335 radicem
1709 1291 1764 1338 et
1792 1269 1954 1339 occa-

420 1377 433 1405 '
462 1393 569 1434 sav.
598 1393 650 1435 et
672 1386 863 1449 quidam
883 1395 1012 1448 Mss,
1037 1401 1209 1439 nomen
1231 1389 1322 1441 sibi
1344 1393 1624 1458 adscripsit.

358 1503 2741 1567 ———-+————___________

348 1619 576 1662 nmen
649 1621 712 1662 tu
783 1622 1240 1669 cauum'rmu
1302 1616 1616 1676 CIVITATIS
1669 1637 2060 1700 ΑΝτιοοΗω,

1285 334 1376 388 AD
1415 334 1742 394 POPULUM
1780 340 2272 402 ANTIOCHENUII
2350 345 2584 406 HOMIL.
2627 351 2745 408 XV.

3577 365 3679 418 εει

2072 457 2280 514 sionem
2314 459 2439 516 hinc
2463 464 2703 532 capiens,
2730 481 2923 523 omnes
2955 479 3152 524 terram
3181 470 3482 528 habitantes
3512 473 3678 532 disi-i-

2073 551 2227 620 pulos
2246 563 2456 614 vestros
2467 555 2956 631 efficiet,utduplex
2976 563 3128 618 vobis
3143 574 3197 620 et
3214 565 3407 636 triplex
3428 568 3517 623 ﬁat
3531 583 3678 624 mer.

2069 657 2184 710 ces,
2208 654 2264 700 et
2283 645 2350 702 de
2370 650 2601 718 prOpriis
2623 654 2912 722 meritis,et
2932 656 3001 712 de
3027 658 3255 714 aliorum
3274 660 3540 719 doctrina.
3567 663 3679 720 lloe

2069 734 2373 793 diademate
2400 742 2643 810 quolibet
2681 746 2834 801 vobis
2858 749 2965 803 erit
3006 751 3340 821 splendidius
3372 771 3384 808 :
3414 754 3519 811 hoc
3557 772 3676 834 mc-

2070 830 2318 898 tropolim
2348 833 2499 888 vobis
2526 836 2795 893 civitatem
2836 839 2992 897 iaciet
3023 859 3127 898 non
3157 845 3210 899 in
3259 857 3400 902 terra
3427 832 3637 904 tantum
3663 889 3680 916 ,

2065 936 2252 977 verum
2282 933 2336 979 et
2383 926 2435 980 in
2467 930 2615 985 cmlis
2645 947 2658 984 :
2692 931 2794 988 hoc
2835 944 2890 990 et
2930 936 3084 992 nobis
3111 939 3200 995 die
3238 941 3326 995 illa
3367 945 3675 1014 patrocinia.

2066 1013 2228 1078 bitur,
2256 1025 2312 1072 et
2336 1019 2556 1088 justitia:
2576 1038 2830 1081 coronam
2862 1029 3016 1084 nobis
3034 1031 3226 1088 aﬂ'eret
3250 1052 3264 1089 :
3293 1013 3450 1105 quam
3479 1046 3536 1091 ut
3558 1053 3679 1091 om-

2065 1121 2161 1160 nes
2183 1122 2565 1179 assequamur,
2597 1115 2756 1172 detur
2791 1122 2961 1190 gratia
3003 1131 3061 1178 et
3088 1124 3416 1195 benignitate
3464 1128 3675 1185 Domini

2064 1198 2235 1251 nostri
2271 1197 2398 1254 Jesu
2429 1201 2664 1268 Christi,
2707 1223 2828 1262 cum
2875 1228 2981 1280 quo
3009 1213 3151 1268 Patri
3194 1216 3385 1287 gloria,
3428 1216 3590 1273 simul
3621 1230 3674 1274 et

2062 1298 2250 1342 sancto
2279 1289 2522 1359 Spiritui,
2555 1312 2697 1352 nunc
2727 1309 2781 1354 et
2807 1316 3040 1373 semper,
3076 1313 3130 1361 et
3161 1307 3213 1361 in
3260 1310 3457 1365 sa:cula
3490 1316 3669 1368 saeuo

2059 1377 2255 1435 lorum.
2289 1384 2482 1442 Amen.

2751 1545 3676 1572 —______________

2110 1648 2355 1697 UTILEM
2401 1655 2642 1711 UBIQUE
2700 1661 3000 1710 TIMOREM
3073 1667 3216 1712 ESSE
3283 1671 3672 1727 LUCTUMQU!

429 1722 573 1764 nisu
606 1723 978 1776 UTILIOBEM,
1015 1726 1095 1767 ET
1124 1726 1189 1769 1N
1225 1727 1414 1771 ILLUD
1440 1732 1708 1790 merum,
1741 1738 2022 1786 aeuosce
2052 1745 2225 1799 QUOD
2257 1752 2321 1796 IN
2352 1755 2556 1801 ωςωο
2593 1760 2986 1814 LAQUEORUM
3040 1767 3431 1816 PEBTRANSIS
3480 1754 3506 1835 ί
3527 1756 3668 1818 Ec-

429 1805 512 1835 ..l.‘
577 1806 616 1835 η
682 1805 761 1835 οη
794 1807 810 1835 \
888 1827 965 1835 .._
1012 1825 1174 1835 ..ι-υ.-
1222 1828 1406 1835 _____-
1457 1831 1538 1835 -__,

425 1805 532 1866 cli.
577 1806 636 1865 9.
682 1805 761 1864 20
794 1807 838 1885 ),
886 1827 965 1868 ετ
1009 1825 1179 1877 QUOD
1222 1828 1410 1873 rasus
1448 1831 1721 1894 JURARB,
1767 1838 1946 1891 QUAM
1990 1843 2328 1895 occmzne.

1684 1958 2324 2025 +9me

956 2084 1177 2126 IOIILIA
1218 2087 1316 2129 ιν.

419 2156 474 2210 1.
507 2156 802 2225 Oportebat
824 2167 879 2213 et
907 2157 1070 2216 hodie
1096 2169 1153 2217 et
1194 2163 1471 2232 superiore
1509 2167 1734 2226 sabbato
1772 2171 1842 2229 de
1864 2190 1951 2244 je-

339 2245 492 2315 juuin
523 2244 703 2303 facere
734 2264 1042 2305 sermonem
1072 2268 1086 2306 :
1117 2253 1556 2324 intempestivum
1601 2260 1704 2317 hoc
1746 2262 1950 2322 dictum

337 2352 464 2392 esse
492 2339 896 2420 cogitet-nemo.
919 2339 1051 2396 Nam
1083 2342 1135 2398 in
1163 2343 1350 2400 diebus
1369 2347 1584 2417 quidem
1609 2350 1797 2425 jejunii
1817 2370 1953 2412 cun-

338 2427 460 2480 silio
486 2428 621 2482 nihil
650 2417 787 2498 Opus
815 2440 899 2486 est
922 2441 977 2486 et
1003 2432 1392 2503 admonitione,
1421 2437 1534 2509 ipsa
1566 2417 1950 2516 dierum'prm-

338 2522 512 2575 sentia
547 2523 710 2577 etiam
737 2525 1224 2596 negligentissimos
1252 2529 1318 2584 ad
1340 2530 1529 2602 jejunii
1552 2543 1822 2594 certamen
1849 2555 1947 2596 ex-

337 2616 584 2682 citante;
617 2617 710 2672 sed
749 2621 1011 2688 quoniam
1052 2619 1329 2678 hominum
1365 2626 1520 2681 multi
1559 2628 1822 2700 jejunium
1849 2649 1947 2705 ag-

336 2707 601 2777 gressuri,
633 2717 902 2780 tamquam
933 2711 1108 2784 longae
1133 2713 1348 2770 cuidam
1377 2716 1679 2777 obsessioni
1726 2724 1946 2782 traden-

333 2798 437 2854 dus
483 2800 552 2854 sit
601 2810 817 2869 venter,
849 2806 1083 2874 crapulae
1125 2813 1180 2860 et
1221 2807 1467 2864 ebrietati
1510 2825 1948 2886 praeoccupantes

337 2889 624 2959 indulgent
653 2909 666 2945 :
697 2908 1016 2964 rursumque
1041 2897 1243 2966 egressi
1273 2908 1521 2969 tanquam
1540 2917 1607 2957 ex
1633 2904 1789 2976 longa
1809 2923 1942 2978 qua-

331 2980 456 3037 dam
475 2984 675 3046 esurio,
702 2994 755 3040 et
776 2987 924 3055 gravi
948 2987 1138 3058 jejunii
1171 3005 1390 3047 carcere
1417 2994 1598 3062 soluti,
1625 3011 1747 3052 cum
1774 3003 1946 3058 multo

333 3077 610 3136 dedecore
634 3081 701 3136 ad
724 3097 939 3138 mensas
953 3096 1193 3153 currunt,
1221 3105 1320 3145 ceu
1347 3090 1624 3148 studentes
1648 3094 1748 3148 sibi
1769 3103 1941 3150 ortam

334 3183 400 3223 ex
438 3169 650 3240 jejunio
696 3173 977 3230 utilitatem
1029 3179 1262 3249 crapulae
1302 3196 1527 3238 excessu
1568 3199 1778 3240 rursum
1816 3202 1943 3256 per-

333 3260 500 3329 dere;
531 3278 711 3334 operae
741 3267 972 3336 pretium
1003 3269 1102 3324 fuit
1125 3279 1182 3326 et
1211 3279 1358 3339 tunc,
1385 3281 1440 3330 et
1466 3289 1609 3330 nunc
1636 3275 1704 3331 de
1731 3285 1940 3348 tempe-

334 3352 506 3407 rantia
534 3353 818 3412 insumere
843 3373 1173 3416 sermonem.

405 3441 686 3500 Catamitus
712 3447 914 3504 virtutis
950 3452 1217 3522 magistra.
1246 3483 1317 3493 —
1345 3453 1730 3514 Verumtamen
1766 3475 1941 3531 neque

331 3534 482 3603 prius
501 3537 793 3608 quidquam
817 3539 1125 3612 hujusmodi
1144 3543 1398 3615 diximus,
1429 3563 1603 3620 neque
1629 3565 1773 3606 nunc
1794 3551 1942 3608 dice-

332 3641 451 3682 mus
484 3644 501 3684 :
537 3628 788 3686 instantis
812 3633 957 3687 enim
992 3635 1312 3692 calamitatis
1339 3639 1500 3694 timor
1536 3655 1635 3710 pro
1665 3643 1812 3697 omni
1837 3643 1937 3698 ad-

333 3720 628 3776 monitione
668 3732 726 3778 et
768 3726 995 3780 consilio
1048 3739 1360 3790 cunctorum
1409 3733 1615 3787 animas
1665 3735 1932 3791 moderari

332 3811 491 3867 valet.
522 3812 654 3883 Quis
680 3817 823 3871 enim
846 3827 955 3872 tam
977 3820 1141 3875 miser
1164 3832 1219 3876 et
1243 3838 1600 3892 arrumuosus,
1625 3836 1682 3881 ut
1709 3828 1760 3882 in
1791 3837 1936 3885 tanta

329 3910 650 3974 tempestate
685 3907 1019 3965 inebrietur?
1044 3913 1164 3981 quis
1204 3921 1311 3967 tam
1359 3914 1694 3983 insensatus,
1724 3929 1779 3974 ut
1803 3922 1936 3977 civi-

329 4000 438 4049 tate
458 3993 540 4050 sic
557 3994 871 4066 ﬂuctuante,
888 4008 945 4056 et
962 4003 1239 4074 naufragio
1264 4005 1352 4060 tali
1373 4006 1687 4065 imminente
1711 4027 1819 4066 non
1841 4027 1932 4068 so-

325 4081 476 4139 brius
506 4086 577 4141 sit
619 4095 676 4143 et
698 4089 903 4159 vigilet,
945 4101 1001 4148 ct
1028 4093 1129 4148 hac
1155 4095 1427 4152 anxietate
1464 4113 1571 4152 non
1601 4098 1929 4171 diligentius,

324 4189 488 4246 quam
517 4179 664 4234 omni
699 4183 929 4238 consilio
958 4193 1015 4240 et
1052 4184 1420 4245 admonitione
1457 4191 1790 4262 corrigatur?
1811 4193 1927 4249 Non

321 4266 465 4322 enim
497 4276 702 4325 tantum
739 4269 954 4331 efficere
994 4277 1190 4345 poterit
1233 4293 1433 4346 sermo,
1465 4292 1723 4352 quantum
1766 4285 1930 4342 timur

321 4369 579 4429 operatur
606 4373 698 4418 :et
727 4364 830 4420 hoc
855 4366 1030 4437 ipsum
1057 4384 1124 4424 ex
1151 4371 1236 4437 iis,
1268 4388 1388 4442 qum
1409 4389 1551 4429 nunc
1579 4376 1922 4445 acciderunt,

321 4449 697 4511 demonstrare
736 4455 892 4514 facile
932 4469 1034 4516 est.
1065 4459 1208 4529 Quot
1234 4478 1466 4535 namque
1503 4480 1783 4523 sermones
1828 4470 1925 4524 im-

322 4544 627 4614 pendimus,
656 4550 990 4621 torpidorum
1020 4555 1220 4612 multos
1242 4556 1614 4626 admonentes,
1647 4572 1704 4618 et
1727 4579 1926 4622 consu-

319 4633 496 4691 lentes
530 4646 590 4692 ut
619 4639 829 4696 theatra
869 4652 927 4698 et
963 4644 1109 4700 illinc
1140 4649 1516 4716 provenientes
1556 4652 1804 4711 lascivias
1836 4657 1922 4712 di-

317 4728 634 4786 mitterent?
658 4742 714 4788 et
739 4748 845 4790 non
871 4736 1246 4808 abstinebant,
1277 4741 1373 4796 sed
1401 4758 1617 4813 semper
1653 4761 1824 4817 usque
1852 4748 1920 4804 ad

317 4819 459 4878 hanc
489 4821 632 4879 diem
655 4825 724 4881 ad
747 4827 934 4885 illicita
958 4832 1266 4888 saltantium
1293 4839 1599 4906 spectacula
1627 4855 1918 4898 concurre-

315 4911 465 4980 bant,
513 4914 833 4975 diabolicam
879 4922 1198 4980 concionem
1244 4926 1506 4983 adversus
1544 4929 1634 4984 Dei
1672 4931 1919 4988 ecclesiae

314 5002 710 5072 plenitudinem
741 5011 1173 5082 constituebant,
1202 5025 1257 5071 et
1287 5017 1446 5089 hujus
1475 5020 1578 5075 loci
1607 5023 1917 5092 psalmodiis

311 5094 578 5152 clamores
606 5099 731 5159 inde
757 5117 879 5157 cum
919 5105 1087 5161 multa
1116 5108 1311 5163 sublati
1339 5111 1676 5168 vehementia
1701 5117 1914 5173 obstre-

312 5185 531 5253 pebant.
564 5188 673 5246 Sed
719 5206 848 5248 ecce
885 5211 1028 5252 ntilic
1075 5201 1372 5258 tacentibus
1413 5203 1566 5258 nobis
1610 5216 1665 5261 et
1689 5206 1821 5264 nihil
1847 5210 1915 5266 de

313 5275 416 5332 hoc
438 5278 766 5351 dicentibus,
795 5296 988 5355 sponte
1026 5289 1362 5348 orchestram
1389 5295 1813 5366 obstruxerunt,
1859 5310 1915 5355 et

309 5369 484 5426 circus
528 5371 914 5433 inaccessibilis
960 5378 1130 5437 factus
1158 5394 1261 5439 est.
1315 5375 1562 5442 Antehac
1604 5399 1910 5446 nostrorum

310 5461 459 5516 multi
484 5463 554 5518 ad
582 5463 702 5521 illos
731 5470 1052 5538 currebant;
1085 5489 1228 5528 nunc
1252 5487 1430 5532 autem
1459 5478 1608 5535 illinc
1632 5497 1823 5537 mnnes
1842 5482 1911 5538 ad

308 5555 591 5612 ecclesiam
635 5557 1024 5631 confugerunt,
1073 5573 1130 5619 et
1172 5576 1412 5623 nostwm
1458 5586 1648 5628 omnes
1693 5572 1912 5629 laudant

311 5643 495 5701 Deum.

375 5736 635 5796 Cebenna:
661 5743 811 5797 timor
836 5747 976 5808 regni
997 5764 1237 5805 coronam
1259 5749 1431 5813 aﬁ‘crt.
1451 5781 1522 5793 --
1547 5753 1707 5812 Vides
1732 5771 1908 5829 quau-

628 5829 902 5918 Psrson.
952 5836 1070 5896 Gn.
1116 5838 1335 5900 XLIX.

2061 2099 2174 2147 tum
2222 2113 2286 2151 ex
2319 2099 2512 2158 timore
2554 2104 2690 2162 lucri
2740 2107 2937 2166 factum
2984 2113 3258 2170 estiNisi
3307 2116 3480 2172 bonus
3521 2131 3673 2176 esset

2061 2184 2243 2277 timor,
2275 2190 2400 2246 ﬁliis
2441 2204 2620 2264 patres
2651 2199 2972 2273 pmdagogos
3002 2220 3109 2259 non
3136 2217 3536 2277 prmponerent,
3563 2225 3670 2267 non

2060 2274 2748 2370 legislatores-civitatibus
2793 2293 2933 2348 ullos
2978 2274 3341 2367 magistratus.
3392 2274 3530 2367 Quid
3573 2318 3671 2370 ge-

2056 2365 2233 2423 henna
2280 2376 2528 2444 gravius?
2554 2380 2650 2434 sed
2678 2381 2836 2451 hujus
2865 2395 3010 2441 metu
3043 2365 3118 2442 nil
3149 2390 3330 2445 utilius
3357 2408 3372 2445 :
3403 2365 3668 2462 gehennae

2057 2474 2289 2532 namque
2319 2465 2481 2522 timor
2508 2471 2656 2541 regni
2703 2475 2859 2529 nobis
2884 2477 3044 2533 παθη
3065 2495 3344 2536 coronam.
3377 2482 3480 2539 [lbi
3509 2485 3670 2541 timor

2055 2562 2160 2619 est,
2195 2555 2333 2611 livor
2361 2575 2467 2614 non
2493 2572 2576 2616 est
2602 2582 2617 2617 :
2647 2565 2735 2620 ubi
2763 2567 2926 2623 timor
2966 2581 3072 2638 est,
3122 2575 3474 2642 pecuniarum
3512 2593 3666 2633 amor

2055 2659 2165 2700 non
2197 2660 2363 2706 vexat
2392 2670 2406 2706 :
2434 2653 2526 2709 ubi
2553 2656 2717 2712 timor
2744 2669 2848 2727 est,
2881 2663 3182 2719 exstinctus
3211 2665 3361 2723 furor
3385 2677 3489 2734 est,
3518 2672 3668 2739 cupi-

2053 2739 2194 2797 ditas
2243 2742 2487 2814 improba
2530 2761 2798 2816 correcta,
2827 2756 3007 2808 omnis
3055 2755 3442 2815 irrationabilis
3490 2763 3668 2832 passio

2051 2835 2429 2890 exterminata.
2461 2837 2531 2894 Et
2577 2840 2719 2896 sicut
2765 2843 2818 2898 in
2847 2843 3012 2902 domo
3042 2857 3220 2904 stante
3253 2851 3425 2906 milite
3453 2869 3669 2922 semper

2051 2935 2280 2993 armato,
2311 2944 2417 2983 non
2447 2930 2606 2996 latro,
2638 2949 2747 2989 non
2778 2934 2884 3004 fur,
2915 2954 3023 2994 non
3053 2941 3193 2996 alius
3218 2943 3339 3012 quis
3370 2944 3494 2998 talia
3526 2948 3665 3000 mala

2051 3021 2379 3086 patrantium
2427 3039 2692 3096 apparere
2735 3033 2956 3102 propius
2997 3034 3259 3093 audebit:
3290 3037 3369 3092 sic
3419 3047 3473 3094 ct
3520 3051 3666 3096 metu

2050 3110 2257 3165 animas
2288 3125 2501 3170 nostras
2530 3132 2849 3190 occupante,
2881 3124 3221 3183 illiberalium
3253 3130 3398 3185 nulla
3443 3143 3661 3202 pertur-

2049 3198 2327 3258 bationum
2357 3207 2512 3263 facile
2539 3210 2696 3266 nobis
2722 3215 2987 3285 subrepit,
3016 3217 3114 3274 sed
3140 3235 3333 3276 omnes
3357 3198 3586 3292 fugiunt,
3609 3235 3664 3280 et

2049 3292 2342 3361 pelluntur,
2377 3296 2589 3355 timoris
2619 3301 2849 3374 imperio
2891 3307 3128 3381 undique
3155 3322 3381 3368 exactm.
3410 3312 3521 3370 Nec
3560 3315 3664 3370 huc

2047 3384 2221 3440 solum
2253 3395 2337 3441 est
2365 3389 2508 3458 quod
2549 3406 2617 3447 ex
2649 3394 2842 3452 timore
2884 3398 3176 3468 lucramur,
3205 3418 3392 3459 verum
3419 3413 3473 3460 et
3515 3406 3659 3461 aliud

2047 3474 2153 3532 hoc
2183 3481 2353 3535 multo
2374 3482 2571 3553 majus.
2598 3485 2715 3542 Non
2744 3489 2892 3545 enim
2917 3490 3193 3564 improbas
3222 3505 3426 3552 tantum
3447 3508 3661 3555 nostras

2045 3572 2264 3641 expellit
2293 3577 2592 3648 passiones,
2611 3581 2706 3637 sed
2733 3591 2790 3638 et
2816 3599 3032 3642 omnem
3057 3602 3181 3643 cum
3211 3589 3375 3645 multa
3405 3591 3660 3650 facilitate

2045 3662 2298 3720 virtutem
2345 3667 2567 3724 inducit.
2601 3669 2704 3727 Ubi
2753 3673 2916 3731 timor
2944 3685 3049 3742 est,
3095 3678 3167 3734 ibi
3212 3689 3268 3736 et
3295 3683 3657 3757 cleemosyna:
3757 3700 3759 3704 '

2043 3754 2301 3825 studium,
2331 3768 2387 3813 et
2424 3761 2684 3817 orationis
2715 3764 2965 3834 intentio,
3013 3778 3070 3823 et
3104 3770 3359 3843 lacrymm
3386 3754 3658 3832 ferventes

2041 3857 2097 3902 et
2124 3847 2415 3918 continuat,
2459 3865 2515 3910 et
2543 3857 2776 3926 gemitus
2819 3861 3040 3918 multam
3090 3863 3350 3922 habentes
3391 3884 3656 3940 compun-

2039 3942 2296 3999 ctionem.
2328 3945 2470 4002 Nihil
2502 3950 2645 4006 enim
2675 3960 2882 4008 tantum
2908 3966 3126 4023 peccata
3156 3962 3448 4029 consumit,
3482 3964 3653 4019 virtu-

2041 4041 2258 4106 temque
2282 4052 2530 4109 crescere
2571 4039 2700 4096 facit
2728 4051 2783 4097 et
2804 4047 3132 4116 germinare,
3163 4062 3421 4120 quantum
3451 4055 3651 4111 assidui

2037 4127 2249 4185 timoris
2298 4141 2509 4188 natura.
2542 4133 2956 4222 Propterea‘gui
3004 4155 3112 4197 non
3161 4144 3294 4199 vivit
3336 4145 3389 4200 in
3423 4146 3648 4216 timore.

2035 4230 2183 4278 recte
2222 4223 2376 4279 illum
2421 4240 2583 4296 agere
2611 4243 2720 4284 non
2765 4239 2853 4286 est
2900 4233 3152 4302 possibile
3183 4254 3199 4290 :
3227 4238 3368 4293 sicut
3409 4240 3646 4297 vicissim

2033 4326 2156 4367 cum
2210 4315 2406 4371 timore
2453 4317 2725 4376 viventem
2757 4331 2841 4376 est
2891 4323 3227 4396 impossibile
3271 4344 3518 4400 peccare.
3571 4333 3650 4391 Ne

2033 4403 2193 4474 igitur
2229 4406 2531 4476 doleamus,
2562 4409 2782 4481 dilecti,
2814 4430 2992 4486 neque
3018 4419 3257 4474 animum
3301 4421 3646 4493 despondea-

2032 4510 2154 4551 mus
2182 4497 2252 4554 ob
2303 4511 2629 4569 praesentem
2662 4503 3090 4573 tribulationum,
3141 4510 3235 4566 sed
3269 4513 3523 4572 solertem
3552 4517 3648 4573 Dei

2029 4589 2348 4659 sapientiam
2392 4593 2745 4650 admiremur.
2792 4595 2944 4653 Unde
2971 4615 3204 4672 namque
3238 4603 3508 4661 civitatem
3542 4624 3646 4663 no-

2026 4691 2194 4737 stram
2246 4683 2492 4742 diabolus
2538 4702 2599 4744 se
2639 4703 2955 4746 eversurum
3004 4696 3260 4763 speravit,
3308 4698 3486 4754 Deus‘
3516 4699 3644 4757 inde

2026 4775 2261 4830 restituit
2319 4776 2488 4848 ipsam
2543 4788 2600 4835 et
2648 4786 2905 4840 correxit.
2974 4787 3229 4843 Diabolus
3277 4805 3472 4861 nempe
3520 4792 3643 4860 qni-

2024 4866 2250 4924 husdam
2283 4871 2461 4942 impiis
2499 4875 2807 4933 hominibus
2831 4879 3134 4952 inspiravit,
3169 4892 3226 4936 ut
3252 4882 3639 4953 Imperatorem

2023 4967 2230 5016 statuas
2260 4962 2468 5031 injuriis
2509 4963 2812 5037 afficerent,
2854 4985 2963 5041 quo
2988 4981 3044 5026 et
3073 4966 3249 5042 ipsum
3284 4974 3434 5031 urbis
3460 4976 3638 5032 solum
3680 5021 3687 5026 .

2023 5049 2433 5121 destrueretur;
2467 5056 2607 5114 Deus
2623 5067 2804 5116 autem
2830 5059 2934 5117 hoc
2961 5063 3076 5133 ipso
3104 5062 3246 5120 facto
3276 5065 3344 5119 ad
3373 5066 3639 5136 majorem

2022 5151 2262 5200 nostram
2308 5149 2701 5205 correctionem
2747 5166 2875 5208 usus
2905 5162 3026 5221 est,
3054 5166 3381 5225 exepectatze
3409 5161 3638 5215 commi-

2021 5237 2257 5292 nationis
2303 5243 2498 5296 timore
2525 5258 2742 5299 omnem
2773 5246 3070 5302 extrudens
3115 5258 3385 5319 torporem
3417 5268 3433 5305 :
3460 5261 3515 5306 et
3555 5252 3635 5308 fa-

2018 5338 2163 5386 ctum
2193 5341 2277 5388 est
2321 5343 2510 5390 contra
2560 5352 2722 5407 quam
2772 5338 2986 5395 daemon
3034 5341 3271 5408 volebat,
3304 5358 3369 5398 ex
3416 5344 3482 5400 iis
3508 5361 3630 5415 qua

2020 5421 2134 5494 ipse
2178 5435 2468 5483 struxerat.
2503 5428 2710 5485 Civitas
2737 5432 2881 5487 enim
2910 5434 3334 5504 quotidie‘nobis
3358 5453 3625 5509 expurgav

2019 5524 2185 5584 tur,et
2206 5519 2470 5590 augiporti
2496 5534 2549 5576 et
2576 5520 2716 5576 bivia
2737 5533 2793 5578 et
2813 5524 3006 5594 plateie
3043 5525 3284 5582 liberatae
3302 5529 3624 5585 meretriciis

2079 5703 2096 5735 ⁸
2133 5710 2200 5756 Ita
2232 5712 2340 5758 Sav.
2378 5714 2431 5760 et
2467 5708 2678 5760 maxima
2715 5721 2829 5774 pars
2861 5718 2965 5762 Mss.
3004 5717 3052 5760 In
3085 5709 3249 5760 μοι-ει.
3289 5726 3409 5763 vero
3443 5713 3617 5772 deest.

2017 5773 2162 5818 Deus.

2058 5778 2162 5817 ιω.

3273 5866 3350 5926 10
