4232 6320
655 343 754 396 135

649 465 703 506 et
753 454 969 511 lubricis
1005 466 1129 511 sunt
1170 459 1414 520 cantibus
1445 478 1459 515 :
1489 469 1543 515 et
1587 474 1925 534 quocumque
1954 461 2248 532 respexerit

639 543 865 614 aliquis,
914 545 1335 617 supplicationes
1377 543 1862 609 et’benedictiones
1912 561 1967 608 et
2002 553 2251 624 lacrymze

656 649 756 695 vro
781 635 890 691 risu
928 637 1123 707 soluto,
1156 648 1210 695 et
1235 642 1397 697 verba
1443 642 1832 715 philosophiam
1881 646 2129 703 halzentia
2155 660 2251 717 pro

664 725 836 781 eerbis
880 729 1168 800 turpibus:
1201 741 1253 788 et
1283 734 1507 790 ecclesia
1559 736 1695 792 taeta
1740 737 1895 793 nobis
1940 746 2023 793 est
2062 738 2252 795 civitas

659 826 790 885 tota,
820 816 1050 876 officinis
1078 822 1295 890 clausis,
1328 826 1576 882 omnibus
1603 828 1655 883 in
1682 827 1765 883 his
1796 829 2022 898 publicis
2045 829 2251 899 suppli-

658 908 965 966 cationibus
991 910 1131 969 diem
1165 923 1332 969 totum
1363 918 1667 986 agentibus,
1697 927 1752 973 et
1779 918 1946 973 Deum
1977 934 2081 974 una
2108 934 2256 975 com-

660 1001 916 1070 munique
970 1018 1102 1058 voce
1152 1020 1273 1059 cum
1317 1007 1482 1061 multa
1533 1008 1904 1065 invocantibus
1948 1010 2251 1081 alacritate.

662 1089 793 1158 Quis
815 1091 932 1148 hinc
946 1100 1124 1151 sermo
1145 1112 1392 1166 umquam
1420 1101 1673 1168 expedire
1692 1084 1996 1173 potuisset?
2021 1118 2140 1172 qua:
2161 1102 2256 1157 ad-

664 1184 889 1239 monitio
905 1185 929 1237 ’ἶ
948 1186 1088 1255 quod
1112 1188 1431 1243 consilium?
1452 1201 1647 1261 quanta
1671 1194 1926 1263 temporis
1944 1193 2213 1264 longitudo
2232 1194 2256 1248 ?

732 1275 788 1328 2.
843 1274 1133 1357 Propterea
1190 1280 1299 1334 Deo
1348 1284 1546 1352 gratias
1593 1299 1832 1354 agamus,
1884 1301 1989 1339 non
2032 1286 2258 1341 moleste

664 1366 918 1437 feramus,
964 1387 1065 1427 nec
1096 1373 1454 1443 indignemur.
1494 1363 1648 1445 Quod
1676 1379 1819 1433 enim
1864 1380 2059 1434 bonum
2086 1379 2156 1434 sit
2194 1380 2260 1434 ti—

666 1474 804 1526 mor,
849 1471 905 1516 et
959 1473 1255 1520 memorata
1300 1465 1807 1524 demonstraverunt
1840 1488 1853 1524 :
1882 1470 2002 1525 audi
2033 1486 2160 1526 vero
2205 1479 2261 1529 et

663 1552 1004 1608 Salomouem
1054 1554 1121 1610 de
1176 1555 1278 1612 hoc
1326 1558 1395 1612 ita
1453 1560 1958 1630 philosophantem,
2014 1560 2258 1617 Salomo-

666 1657 812 1705 nem,
841 1643 1079 1714 inquam,
1108 1648 1355 1703 omnibus
1406 1648 1720 1704 innutritum
1748 1650 1970 1715 deliciis,
2002 1661 2059 1707 et
2096 1650 2260 1705 multa

671 1737 894 1805 potitum
926 1738 1185 1795 libertate.
1232 1741 1367 1809 Quid
1396 1744 1556 1812 igitur
1602 1744 1771 1813 inquit
1795 1744 1931 1799 ille?
1980 1744 2164 1799 Melius
2190 1754 2261 1799 est

667 1828 744 1882 ire
756 1829 1041 1903 iii'domum
1063 1832 1226 1886 luctus
1248 1849 1399 1903 quam
1432 1835 1484 1887 in
1513 1835 1717 1889 domum
1745 1836 1954 1889 convivii
1983 1834 2178 1905 (I'Iccle.
2206 1837 2259 1890 7.

673 1920 730 1991 ὅ)
756 1918 855 1992 (a).
890 1921 1028 1989 Quid
1059 1933 1162 1990 est,
1201 1940 1406 1995 quaeso,
1432 1927 1571 1997 quod
1604 1928 1726 1983 ais?
1759 1928 1855 1983 Ubi
1887 1930 2079 1990 luctus,
2111 1937 2162 1981 et
2184 1927 2262 1981 la-

671 2026 890 2082 cryniae,
918 2023 973 2068 et
995 2015 1245 2084 gemitus,
1271 2025 1324 2072 et
1348 2017 1522 2084 dolor,
1551 2030 1602 2073 et
1630 2020 1840 2075 tristitia
1868 2028 2035 2081 tanta,
2075 2019 2264 2074 melius

670 2103 817 2166 illine
862 2103 1172 2172 abscedere,
1220 2123 1377 2178 quam
1430 2110 1515 2165 tibi
1547 2111 1779 2177 chorem,
1824 2120 1877 2165 et
1921 2111 2183 2182 cymbala,
2213 2120 2267 2166 et

669 2194 830 2261 risus,
859 2204 914 2251 et
941 2195 1165 2266 deliciae,
1188 2208 1243 2254 et
1269 2201 1505 2271 crapula,
1536 2211 1587 2257 ct
1611 2202 1876 2257 ebrietas?
1903 2202 2096 2263 Etiam,
2121 2203 2195 2257 ait
2220 2203 2264 2256 '.

680 2283 901 2350 Verum,
945 2302 1048 2358 qua
1079 2287 1146 2344 de
1187 2304 1369 2358 causa,
1401 2289 1603 2362 qumSo,
1633 2302 1688 2347 et
1716 2293 2078 2363 quapropter?
2120 2292 2268 2360 Quo-

678 2378 820 2433 niam
865 2380 1013 2436 llliiic
1054 2380 1270 2452 quidem
1316 2384 1624 2453 petulantia,
1676 2384 1801 2439 hinc
1834 2399 1963 2439 vero
2010 2384 2267 2439 modestia

676 2470 912 2525 nascitur
940 2488 953 2524 :
986 2480 1040 2526 et
1069 2474 1113 2526 si
1142 2473 1259 2549 quis
1284 2472 1350 2528 ad
1376 2474 1725 2544 opulentioris
1753 2476 1907 2531 abeat
1943 2476 2267 2543 convivium,

679 2575 785 2614 non
831 2561 1060 2631 amplius
1084 2564 1206 2618 etim
1233 2564 1419 2619 eadem
1461 2565 1644 2620 laetitia
1670 2567 1884 2621 domum
1929 2577 2225 2622 revertetur
2252 2608 2266 2631 ,

680 2649 970 2729 sedtrisiis
998 2653 1208 2723 quidem
1235 2654 1301 2709 ad
1331 2670 1550 2711 uxorem
1574 2657 1792 2722 redibit,
1822 2658 1989 2713 tristis
2016 2668 2189 2713 autem
2218 2669 2269 2714 et

677 2741 745 2797 de
768 2756 865 2797 sua
907 2758 1089 2799 mensa
1121 2745 1477 2815 partieipabit,
1507 2755 1562 2802 et
1592 2750 1845 2803 molestus
1873 2750 2041 2804 servis
2067 2760 2118 2803 ct
2150 2749 2270 2804 tiliis

683 2843 734 2888 et
766 2834 1015 2889 omnibus
1055 2837 1155 2891 erit
1186 2837 1513 2905 domesticis,
1563 2857 1629 2895 ex
1672 2840 1894 2896 aliorum
1924 2843 2077 2911 copia
2122 2857 2287 2897 suam

633 2957 639 2975 .
679 2923 989 2993 diligentius
1035 2937 1399 2996 paupertatem
1429 2929 1797 2993 considerans.
1828 2931 1937 2986 Nec
1969 2932 2069 2987 hoc
2099 2934 2270 2987 solum

676 3028 761 3073 est
785 3034 964 3089 grave,
999 3020 1092 3076 sed
1116 3020 1166 3075 id
1192 3022 1352 3076 etiam
1379 3022 1521 3093 quod
1551 3038 1693 3093 δωρο
1720 3024 1929 3079 vocanti
1958 3039 2017 3080 se
2042 3025 2107 3078 ad
2139 3040 2272 3079 con-

678 3111 877 3166 vivium
927 3112 1158 3180 invidet;
1193 3124 1245 3169 et
1290 3115 1422 3170 nihil
1476 3118 1685 3186 penitus
1726 3117 1855 3172 boui
1900 3120 2143 3188 gratique
2178 3134 2272 3173 sn-

682 3219 836 3259 mens
872 3204 1088 3261 domum
1119 3206 1423 3263 revertitur.
1472 3208 1626 3264 Circa
1678 3210 1919 3280 lugentes
1970 3228 2093 3266 vero
2142 3213 2271 3267 nihil

681 3298 791 3357 tale
835 3298 936 3359 dini
983 3309 1177 3373 potest,
1227 3301 1319 3361 sed
1366 3302 1528 3360 multa
1572 3302 1643 3361 ibi
1693 3302 2081 3377 pllilOSOpllln,
2111 3306 2273 3359 multa

685 3394 965 3449 modestia.
1024 3395 1193 3449 Simul
1244 3396 1387 3451 enim
1434 3411 1500 3452 ac
1556 3397 1817 3466 quispiam
1883 3396 2076 3452 domus
2125 3412 2276 3453 mor-

682 3496 829 3542 tuum
879 3486 1127 3544 habentis
1171 3489 1489 3545 vestibulum
1536 3490 1857 3554 ascenderit,
1884 3500 2150 3545 mortuum
2194 3493 2276 3545 in-

682 3578 846 3631 tuitus
879 3585 1108 3646 tuitum,
1128 3579 1414 3650 jacentem,
1440 3591 1493 3636 et
1520 3596 1736 3635 uxorem
1761 3582 1938 3635 crines
1967 3581 2273 3649 vellentem,

686 3670 1005 3725 lacerantem
1059 3687 1263 3742 genas,
1319 3683 1373 3727 et
1418 3674 1631 3729 brachia
1682 3686 1994 3742 secantem,
2051 3677 2275 3743 corripi-

685 3773 788 3825 tur,
835 3764 1093 3828 trisuitiir,
1124 3775 1178 3818 et
1202 3766 1591 3819 consideutium
1619 3766 1841 3835 quisque
1869 3766 1934 3820 ad
1980 3768 2277 3836 proximum

685 3853 759 3907 tiil
788 3852 929 3906 aliud
971 3853 1222 3923 loquitur,
1264 3871 1420 3923 quam
1455 3856 1594 3924 quod
1643 3856 1715 3909 nil
1761 3870 1969 3921 sumus,
1998 3867 2053 3911 ct
2082 3857 2278 3911 malitia

684 3953 863 3996 nostra
894 3944 961 3997 sit
990 3942 1290 4000 ineﬂ‘abilis.
1319 3945 1455 4013 Quid
1489 3945 1570 4000 his
1607 3945 1785 4001 verbis
1825 3946 2116 4015 sapientius
2159 3961 2279 4000 esse

688 4037 875 4105 possit,
919 4050 1037 4090 cum
1067 4044 1120 4091 et
1149 4046 1349 4091 natura:
1380 4039 1638 4093 vilitatem
1686 4053 2057 4109 agnoscamus,
2102 4047 2155 4093 et
2185 4053 2281 4092 no-

682 4138 852 4183 stram
882 4144 1194 4184 accusemus
1220 4130 1636 4198 improbitatem,
1668 4140 1720 4185 et
1750 4131 1878 4184 nihil
1906 4145 2026 4184 esse
2049 4145 2282 4196 pi-zesen-

688 4221 761 4275 tia
788 4222 1083 4293 cogitemus
1118 4242 1129 4277 :
1160 4223 1279 4276 aliis
1326 4224 1538 4292 quidem
1583 4223 1782 4288 verbis,
1810 4224 2070 4277 sententia
2104 4233 2279 4276 tamen

689 4313 877 4368 eadem
906 4313 1211 4368 Salomonis
1242 4314 1324 4368 illa
1374 4315 1653 4384 loquentes
1697 4315 1961 4368 mirabilia
2004 4324 2058 4369 et
2104 4316 2280 4368 mult-.e

692 4403 843 4475 plena
877 4402 1246 4473 philosophice,
1291 4402 1499 4459 l'ani'tas
1524 4406 1818 4469 vanitatum,
1849 4414 1897 4459 et
1929 4406 2098 4459 omnia
2136 4406 2283 4458 raui-

695 4507 772 4550 tas
802 4493 1001 4565 (Ecrte.
1032 4497 1085 4550 l.
1131 4494 1210 4565 2).
1246 4495 1561 4567 Lugentium
1590 4495 1805 4551 domum
1838 4497 2127 4566 ingressus,
2175 4505 2284 4550 sta-

691 4588 785 4640 tim
843 4587 1093 4659 lacrymis
1156 4585 1460 4641 defunctum
1530 4588 1907 4658 prosequitur,
1958 4588 2169 4643 etiamsi
2217 4588 2285 4641 sit

685 4678 958 4733 inimicus.
979 4677 1166 4733 Vidisti
1194 4688 1391 4749 quanto
1420 4681 1607 4736 melior
1634 4681 1745 4735 hinc
1765 4696 1921 4752 quant
1953 4681 2036 4735 illa
2060 4680 2285 4735 domus?

690 4769 785 4826 Ille
813 4771 978 4836 enim,
1014 4771 1222 4826 etiamsi
1271 4774 1473 4827 amicus
1516 4771 1606 4839 sit,
1652 4772 1889 4839 invidet;
1939 4772 2023 4827 hic
2062 4782 2282 4840 autent,

694 4861 900 4915 etiamsi
933 4860 1176 4916 inimicus
1203 4860 1291 4930 sit,
1325 4861 1652 4935 lacryinatur
1684 4880 1699 4919 :
1727 4864 1868 4934 quod
1898 4864 2135 4919 omnium
2166 4880 2283 4919 ina-

691 4952 831 5005 xime
874 4952 1011 5007 Deus
1043 4953 1290 5022 exquirit,
1341 4965 1399 5008 tit
1440 4970 1547 5010 non
1594 4955 1906 5010 insultemus
1952 4954 2038 5020 iis,
2069 4956 2155 5025 qui
2188 4971 2284 5009 nos

690 5041 1095 5098 eontristavere.
1125 5044 1239 5099 Non
1265 5044 1385 5101 hinc
1405 5057 1583 5102 autem
1615 5045 1726 5102 sola
1752 5058 1971 5115 possunt
1996 5046 2118 5099 hinc
2144 5046 2278 5099 bona

761 5169 777 5199 ³
804 5167 940 5225 Haec,
963 5164 1110 5216 etiam
1136 5164 1221 5223 ait,
1245 5163 1292 5213 in
1315 5169 1422 5215 solo
1451 5167 1620 5214 Morel.
1647 5167 1841 5212 desunt.

763 5228 833 5287 (α)
862 5230 913 5277 lu
929 5222 1213 5288 lias‘voces,’
1233 5238 1374 5288 quam
1399 5226 1446 5275 in
1470 5228 1668 5275 domum
1687 5222 1908 5288 convivii,
1935 5226 2029 5274 hoc
2047 5226 2292 5281 dederunt

697 5286 937 5339 munitum
964 5286 1186 5337 editores
1210 5286 1403 5341 Veneti,
1430 5302 1475 5349 p.
1501 5287 1603 5337 155.
1637 5289 1686 5335 Β.
1716 5287 1746 5335 6
1773 5302 1784 5335 ;
1816 5302 1833 5333 t
1864 5286 1924 5335 Ut
1947 5288 2091 5337 verba
2118 5297 2297 5338 sanetae

700 5350 912 5413 pagime,
940 5357 1086 5411 prout
1110 5348 1187 5413 hic
1211 5364 1235 5397 a
1261 5348 1690 5413 D._t.‘.lir,vsostomo
1733 5349 2063 5413 referuntur,“
2082 5351 2301 5400 ﬁdeliter

702 5408 972 5470 vertamus,
996 5425 1089 5459 vox
1113 5410 1244 5459 risus
1266 5411 1606 5473 substituenda
1632 5416 1710 5457 est
1731 5414 1838 5458 voci
1863 5408 2064 5473 i'out'ivit'
2088 5424 2104 5460 :
2125 5426 2298 5473 quam-

704 5474 777 5535 vis
808 5488 909 5525 tum
936 5474 1166 5535 Vulgata,
1194 5481 1293 5520 tum
1319 5472 1642 5533 Septuaginta
1670 5485 1806 5535 cum_
1832 5471 2063 5535 hebraieo
2087 5471 2293 5521 consen-

702 5534 846 5596 tiaitt;
873 5530 1106 5598 quodque
1134 5530 1310 5598 mirum
1344 5530 1765 5598 inagis't'ideatur,
1794 5530 1900 5593 ipse
1925 5531 2297 5589 Clirysostnmus

699 5593 905 5646 sensuni
951 5593 1179 5645 lectionis
1218 5593 1478 5656 hebraieie,
1528 5599 1574 5643 in
1620 5595 1680 5641 iis
1728 5609 1839 5656 quae
1878 5603 2170 5655 sequuntur,
2214 5609 2297 5644 re-

702 5662 888 5721 spexit,
910 5664 965 5708 et
1007 5659 1154 5720 paulo
1197 5654 1403 5708 interius
1428 5660 1542 5721 (col.
1575 5656 1677 5721 le,
1715 5654 1758 5704 I.‘
1780 5657 1855 5715 tl)
1883 5654 2111 5721 eumdem
2140 5660 2296 5721 locum

704 5716 979 5788 SalomOnis
1002 5716 1463 5788 denuoprot'ereiis,
1491 5716 1633 5779 legit,
1654 5731 1765 5778 cum
1790 5719 2104 5782 septuaginta
2142 5717 2296 5768 luter-

707 5784 948 5845 pretibus,
974 5784 1199 5841 convivii,
1225 5794 1337 5842 non,
1365 5784 1511 5831 risus.
1542 5797 1558 5828 i

1399 344 1453 418 S.
1490 345 1768 403 JOANNIS
1803 312 2284 406 CllftYSOS'ICMl
2322 347 2640 406 ARCIIIEP.
2671 345 3207 406 CONSTANTINOP.

3840 335 3947 394 {55

2354 464 2589 535 excerpi,
2616 477 2800 519 verum
2845 471 2901 519 et
2937 462 3040 517 alia
3069 461 3154 517 his
3178 476 3284 516 non
3316 457 3542 513 minora.
3586 456 3796 512 Etenim
3824 470 3954 527 peo-

2353 564 2595 611 catorum
2624 553 2848 626 quisque
2889 567 3108 609 suorum
3138 551 3519 618 reminiscitur,
3560 547 3823 607 tremendi
3851 549 3953 603 tri-

2356 646 2565 702 bunalis
2601 656 2657 703 et
2702 659 2984 718 pinnarum
3032 644 3247 699 illarum
3288 652 3344 699 et
3381 642 3592 713 iudicii,
3633 656 3697 697 ac
3727 641 3855 697 licet
3880 641 3955 693 sit

2356 736 2562 794 intinita
2591 737 2659 793 ab
2683 736 2802 793 aliis
2831 749 3019 807 passus
3040 735 3202 801 mala,
3227 741 3284 789 et
3297 732 3442 788 domi
3464 732 3706 788 tristitias
3732 730 3954 795 habeat,

2359 828 2600 899 ipsorum
2626 828 2865 883 omnium
2893 825 3099 883 medela
3138 835 3313 895 capta,
3347 825 3417 878 ita
3460 824 3767 878 revertitur.
3794 820 3987 890 Cogi-,

2359 928 2477 975 tans
2498 921 2640 975 enim
2668 928 2724 975 et
2749 935 2809 975 se
2829 928 2886 976 et
2926 933 3022 975 eos
3059 931 3272 982 omnes,
3301 916 3389 985 qui
3430 913 3679 985 superbia
3702 922 3914 967 tument
3938 950 3958 975 ,

2359 1010 2587 1081 idipsum
2632 1010 2784 1066 brevi
2823 1024 3077 1080 passuros
3118 1022 3261 1074 esse,
3313 1016 3369 1061 et
3412 1005 3719 1060 transitoria
3762 1012 3959 1059 cuncta

2359 1085 2644 1172 praesentia
2669 1098 2945 1167 essc,'sive
2970 1099 3152 1156 suavia
3183 1099 3290 1154 sint
3318 1098 3430 1151 sive
3461 1098 3651 1161 tristia,
3685 1094 3961 1150 tristitiam

2360 1202 2416 1249 et
2450 1193 2705 1249 invidiam
2733 1208 2944 1249 omnem
2970 1192 3266 1263 deponens,
3298 1199 3352 1245 et
3391 1190 3557 1244 levem
3588 1188 3817 1243 reddens
3843 1183 3963 1239 aui-

2362 1300 2526 1351 mam,
2570 1294 2624 1340 et
2653 1286 2951 1350 relevatus,
2981 1283 3060 1338 sic
3104 1282 3322 1337 domum
3365 1292 3707 1336 revertetur:
3737 1290 3792 1335 ct
3834 1279 3961 1343 huic

2364 1377 2690 1434 mansuetior
2716 1385 2817 1431 erit
2842 1377 2895 1431 iu
2925 1391 3134 1442 omnes,
3165 1388 3219 1431 et
3244 1374 3545 1439 humanior,
3578 1374 3876 1444 benignior,
3903 1380 3963 1427 et

2363 1464 2672 1539 sapientior,
2716 1467 3016 1523 futurorum
3050 1469 3242 1522 timore
3282 1467 3447 1537 ipsius
3494 1466 3723 1519 animam
3770 1463 3963 1518 subin-

2363 1575 2549 1632 grcsso
2586 1570 2640 1616 et
2686 1573 2875 1615 omnes
2916 1559 3099 1629 spinas
3138 1558 3474 1614 absuiiieiite.
3508 1556 3575 1611 Et
3618 1558 3731 1611 lia'c
3777 1554 3963 1609 omnia

2365 1654 2795 1725 eognoseeusille
2813 1652 3045 1721 dicebat,
3068 1652 3254 1707 Melius
3276 1665 3345 1709 est
3372 1654 3446 1707 ire
3463 1653 3530 1705 ad
3550 1656 3754 1705 deorum
3772 1653 3963 1714 luctus,

2367 1762 2521 1808 quant
2547 1746 2616 1800 ad
2653 1746 2859 1801 domum
2895 1745 3107 1800 convivii
3134 1743 3328 1813 (lict-te.
3363 1745 3415 1798 7.
3450 1745 3527 1811 3).
3580 1743 3725 1796 Illinc
3756 1752 3962 1808 torpor.

2369 1840 2494 1895 hinc
2517 1840 2756 1913 anxietas
2778 1839 3012 1893 nascitur
3039 1855 3053 1891 :
3088 1837 3231 1893 illiue
3267 1840 3620 1905 Contemptus,
3651 1833 3773 1886 hinc
3803 1831 3964 1885 timor

2369 1934 2434 1989 ad
2464 1948 2675 1990 onmem
2709 1948 2805 1988 nos
2833 1934 3079 1988 virtutem
3102 1931 3373 1986 deducens
3402 1930 3441 1981 '.
3473 1927 3581 1982 Nisi
3604 1928 3800 1982 bonum
3820 1932 3967 1979 esset

2373 2027 2554 2091 timor,
2584 2041 2690 2081 non
2719 2025 2917 2081 multos
2964 2023 3310 2094 iinpcudisset
3333 2020 3576 2076 Christus
3606 2032 3883 2074 sermones
3910 2027 3976 2073 et

2371 2118 2579 2188 longos,
2615 2117 2683 2172 tle
2728 2132 2883 2187 pinna
2927 2127 2979 2171 et
3028 2115 3287 2186 supplicio
3332 2114 3439 2169 ilhc
3484 2113 3673 2167 tuturis
3719 2111 3966 2179 loquens.

2372 2210 2555 2265 Timor
2581 2210 2649 2264 uil
2679 2209 2820 2263 aliud
2848 2219 2949 2273 est,
2977 2223 3137 2279 quam
3169 2221 3352 2262 murus
3381 2216 3435 2262 ct
3475 2204 3885 2264 munimentum,
3912 2210 3970 2256 ct

2374 2302 2535 2358 turris
2576 2302 3001 2374 inexpugnabilis
3032 2320 3046 2356 :
3074 2301 3272 2356 etenim
3296 2298 3459 2353 multa
3492 2298 3644 2351 nobis
3672 2295 3970 2349 munitione

2372 2409 2508 2465 Opus
2550 2404 2672 2458 est;
2713 2393 2837 2463 quia
2887 2392 3067 2446 multa:
3116 2401 3238 2445 sunt
3283 2390 3513 2458 undique
3562 2384 3789 2442 lllSltllilf.
3833 2390 3971 2435 sicut

2380 2486 2495 2556 ipse
2518 2484 2768 2542 Salomon
2798 2500 3008 2539 rursum
3029 2482 3107 2538 sic
3143 2482 3439 2536 admonens
3471 2478 3681 2533 dicet-at
3706 2516 3720 2528 .
3745 2480 3973 2542 itguoa‘e

2373 2580 2508 2648 quod
2523 2579 2575 2631 in
2597 2579 2760 2631 medio
2777 2579 3072 2646 laqueorum
3100 2575 3305 2634 transis,
3339 2583 3382 2625 ct
3402 2586 3552 2635 super
3575 2569 3973 2636 propugnaculis

2375 2669 2510 2724 urbis
2538 2670 2557 2700 ¹
2580 2670 2808 2723 ambulas
2839 2667 3024 2735 (lit-(ti.
3051 2667 3105 2723 9.
3148 2666 3266 2733 9.0).
3305 2663 3482 2732 l'apa‘,
3525 2670 3655 2730 quot
3686 2656 3973 2712 "bonorum

2377 2760 2592 2831 plenum
2640 2769 2725 2816 est
2775 2759 2875 2815 lioe
2924 2759 3178 2823 verbum,
3233 2771 3330 2812 nec
3378 2753 3555 2810 minus
3602 2766 3760 2821 quam
3809 2763 3974 2818 supe-

2379 2851 2486 2906 rins
2509 2852 2522 2906 !

2449 2941 2516 2995 In
2547 2943 2734 2996 mundo
2778 2945 2927 3013 plena
2962 2942 3131 2996 omnia
3164 2940 3375 3006 laqueis.
3404 2966 3469 2977 —
3509 2935 3687 3003 Ipsum
3732 2933 3891 3002 igitur
3920 2930 3976 2984 iu

2380 3046 2556 3091 metite
2576 3037 2800 3105 quisque
2827 3044 3005 3090 nostra
3027 3035 3341 3097 scriltattttts,
3364 3041 3418 3086 et
3444 3044 3655 3097 semper
3687 3032 3737 3080 tu
3768 3040 3946 3079 metuo
3966 3053 3978 3065 -

2381 3126 2456 3180 ria
2487 3125 2943 3190 circutiileraiuus,
2976 3136 3026 3179 et
3054 3140 3158 3187 non
3191 3123 3341 3177 laede
3389 3124 3747 3191 poet-aluums.
3779 3114 3977 3168 Inscri-
4052 3174 4069 3181 α

2382 3221 2565 3274 bamus
2614 3220 2779 3288 prius
2812 3221 2981 3289 ipsum
3028 3233 3148 3273 eum
3197 3216 3341 3271 omni
3382 3216 3651 3284 diligentia
3682 3213 3977 3265 discentes.

2381 3310 2493 3363 Non
2539 3312 2682 3364 enim
2732 3310 2900 3364 dixit:
2936 3310 3126 3377 Aspice
3175 3308 3313 3375 quod
3347 3311 3397 3359 ιιι
3443 3291 3978 3370 ιιιριιιυίλιιιιρυτιιω

2381 3403 2694 3476 pertransis,
2728 3402 2843 3464 sed,
2894 3403 3137 3471 Agnosrc.
3191 3399 3253 3451 lit
3294 3411 3456 3467 quate
3503 3397 3654 3451 dixit.
3705 3392 3981 3463 .tqnoscc.’

2382 3498 2742 3554 Obtimbratus
2766 3505 2869 3555 eSt,
2910 3493 3099 3562 inquit,
3133 3494 3351 3558 laqueus
3384 3507 3395 3540 :
3431 3491 3531 3541 hoc
3570 3501 3713 3540 cuttii
3757 3490 3981 3550 laqueus

2382 3599 2482 3651 est,
2506 3587 2721 3659 quando
2744 3602 2848 3643 nou
2871 3594 3051 3655 aperte
3073 3597 3217 3639 mors
3238 3589 3478 3649 apparet,
3504 3593 3673 3646 neque
3695 3576 3979 3629 nianitesta

2383 3679 2584 3744 clades,
2636 3678 2729 3733 sed
2775 3680 3007 3747 undique
3055 3677 3267 3729 obtecta
3297 3672 3503 3743 adiacet
3536 3687 3549 3723 :
3585 3679 3867 3738 propterea
3897 3666 3981 3718 di-

2383 3772 2479 3835 xit,
2530 3772 2777 3841 Agnosco.
2827 3769 2985 3823 Multa
3021 3767 3111 3821 tibi
3148 3782 3295 3836 opus
3322 3776 3403 3820 est
3448 3758 3979 3821 consulerationc,et

2384 3862 2621 3933 diligenti
2648 3861 2977 3917 scrutatione
3002 3876 3015 3911 ε
3041 3859 3179 3912 sicut
3217 3855 3355 3928 enim
3388 3855 3536 3924 pueri
3568 3863 3706 3907 terra
3737 3852 3980 3920 laqueos,

2384 3955 2463 4009 sic
2510 3954 2751 4009 diabolus
2794 3953 2915 4007 vita:
2960 3946 3320 4018 voluptatibus
3360 3956 3571 4015 peccata
3620 3942 3979 3998 circumtesit.

2385 4044 2492 4100 Sed
2540 4058 2771 4114 agnosce
2823 4051 3161 4113 perSCrutaus
3210 4038 3534 4108 diligenter:
3568 4046 3621 4089 ct
3673 4035 3715 4089 si
3771 4035 3981 4088 lucrttut

2387 4136 2698 4203 occurrerit,
2747 4150 2813 4190 ne
2859 4134 3062 4189 lucrum
3112 4129 3339 4199 asiiicias
3386 4128 3581 4189 solum,
3614 4125 3705 4182 sed
3740 4135 3983 4179 scrutare

2386 4231 2776 4301 diligenter,nc
2803 4226 2936 4282 forte
2964 4240 3110 4280 mors
3139 4235 3193 4279 et
3220 4232 3493 4293 peceatum
3512 4221 3661 4299 intra
3684 4220 3890 4273 lucrum
3913 4216 3983 4271 sit

2387 4321 2755 4377 absconditum
2788 4337 2803 4375 :
2835 4330 2889 4373 et
2935 4318 2980 4372 si
3018 4316 3232 4381 videris,
3265 4313 3467 4383 refugo.
3498 4312 3699 4367 Rursus
3725 4320 3847 4363 citui
3889 4308 3985 4362 de-

2387 4418 2600 4472 lectatio
2629 4425 2683 4469 et
2720 4414 2963 4482 voluptas
3008 4408 3318 4473 occurrerit,
3359 4421 3426 4461 ne
3454 4404 3779 4473 voluptatem
3808 4401 3983 4455 solum

2389 4509 2665 4578 respicias,
2707 4506 2799 4562 sed
2832 4520 2898 4560 ne
2928 4503 3065 4558 forte
3108 4501 3354 4571 iniquitas
3391 4498 3567 4566 aliqua
3598 4496 3651 4549 in
3693 4494 3985 4563 voluptatis

2392 4600 2653 4671 profundo
2682 4598 2994 4652 obumbrata
3042 4594 3131 4657 sit,
3183 4590 3465 4659 diligenter
3508 4584 3811 4651 considera,
3857 4595 3911 4637 et
3940 4583 3984 4636 si

2392 4695 2676 4755 inveneris,
2708 4690 2931 4745 resilito.
2971 4687 3093 4742 Sive
3118 4683 3358 4739 consulat
3384 4681 3668 4751 quispiam,
3717 4678 3829 4732 sive
3855 4675 3987 4730 adu—

2393 4786 2551 4850 letur,
2582 4784 2693 4838 sive
2720 4782 3061 4850 obsequatur,
3093 4777 3205 4832 sive
3251 4777 3482 4828 honores
3509 4771 3840 4840 polliceatur,
3871 4768 3987 4821 sivo
4048 4780 4057 4783 ·

2393 4878 2762 4948 quodcumque
2791 4870 2968 4934 aliud;
3001 4868 3178 4922 omnia
3223 4880 3344 4920 cum
3394 4862 3664 4933 diligentia
3710 4859 3987 4939 examine-

2395 4988 2533 5034 mus,
2578 4979 2633 5021 et
2676 4965 2907 5035 undique
2955 4960 3390 5023 consideremus,
3438 4973 3506 5010 ne
3548 4954 3684 5008 forte
3733 4952 3986 5005 damnum

2393 5061 2628 5133 aliquod,
2659 5077 2723 5112 ne
2773 5060 2907 5111 forte
2953 5054 3241 5123 periculum
3274 5049 3484 5118 aliquod
3517 5063 3582 5101 ex
3612 5045 3858 5109 consilio,
3907 5041 3987 5096 vel

2396 5157 2620 5217 honore,
2655 5152 2733 5204 vel
2767 5148 3026 5215 obsequio
3056 5145 3209 5199 nobis
3230 5142 3463 5202 eveniat,
3489 5148 3542 5193 et
3564 5153 3635 5192 ue
3664 5136 3911 5191 celeriter
3939 5143 3991 5187 et

2396 5246 2786 5303 inconsiderate
2833 5255 3193 5295 accurramus.
3240 5236 3294 5292 Si
3324 5236 3466 5301 enim
3513 5250 3651 5285 unus
3699 5240 3901 5284 tantum
3936 5235 3990 5280 ct

2396 5341 2499 5395 duo
2532 5337 2699 5406 laquei
2734 5336 2926 5397 l'ureut,
2963 5332 3130 5386 facilis
3156 5338 3295 5383 esset
3321 5325 3558 5381 custodia
3587 5340 3601 5386 ;
3634 5335 3773 5374 nunc
3811 5330 3991 5372 autem

2397 5433 2629 5503 ipsorum
2684 5429 3072 5483 multitudinem
3129 5424 3412 5478 ostendere
3465 5420 3651 5472 volens
3696 5415 3991 5475 Salomon,

2396 5523 2664 5596 quomodo
2693 5523 2820 5575 dicit
2843 5520 3024 5573 audias
3042 5536 3074 5599 ἑ
3100 5518 3326 5587 Agnosce
3351 5512 3487 5582 quod
3516 5512 3566 5563 in
3596 5509 3758 5562 medio
3787 5506 3992 5603 laqueo-

2395 5634 2507 5671 rum
2539 5613 2834 5685 perti-ansis.
2876 5610 2989 5666 Non
3020 5610 3170 5672 dixit,
3218 5606 3375 5661 Juxta
3417 5605 3633 5673 laqueos
3663 5608 3954 5670 pertritum
3977 5632 3994 5661 .

2462 5733 2478 5763 ί
2518 5730 2601 5839 Alii
2632 5743 2645 5777 :
2676 5726 2795 5839 Illinc
2823 5725 2982 5784 timor,
3000 5725 3142 5777 timor
3159 5722 3227 5773 ad
3248 5732 3450 5777 omnem,
3471 5724 3569 5768 θω.

2464 5798 2482 5825 ¹
2522 5806 2548 5839 Α.
2574 5794 2622 5839 ii.
2650 5802 2707 5837 ur
2739 5802 2855 5839 tum.

2464 5798 2482 5825 ’
2522 5794 2622 5847 alii,
2650 5794 2855 5839 ttrbium.
