4232 6320
489 366 592 421 ίὸῚ

496 487 825 558 Ἑπίγνωθι,
858 489 941 542 ὅτι
972 487 1229 558 ἐνμέσῳ
1275 488 1541 557 παγίδων
1576 488 1916 554 διαϐαίνεις.
1950 488 2059 542 Καὶ
2097 490 2155 542 ἐν

483 573 630 642 οἰκία
653 572 895 639 παγίδες,
924 570 1019 623 καὶ
1039 570 1130 623 ἐπὶ
1152 572 1431 641 τραπέζης
1456 570 1697 638 παγίδες,
1730 571 1824 624 καὶ
1854 572 1946 623 ἐπὶ
1972 569 2155 623 συλλό-

482 688 593 739 γων
625 671 868 739 παγίδες.
901 669 1165 734 Πολλάκις
1192 671 1610 742 ἀπερισκέπτως
1636 689 1720 735 τις
1753 671 1954 742 μεταξὺ
1984 672 2151 740 φίλων

483 771 701 844 0αρρὦ
742 770 1044 841 ἐφθέγξατό
1084 790 1135 825 τι
1169 772 1277 825 τῶν
1310 773 1409 825 οὐκ
1448 770 1770 842 ὀφειλόντων
1807 770 2149 842 ἐξενεχθῆναι

482 874 548 941 ρς
558 873 763 942 μάτων,
792 873 886 926 καὶ
912 872 1151 927 κίνδυνον
1176 874 1373 944 ἤνεγκε
1398 870 1669 937 τοσοῦτον,
1697 869 1837 924 ὥστε
1861 871 2150 943 ὁλόκληρον

479 971 781 1043 ἀνατρέψαι
800 973 899 1044 τὴν
923 974 1115 1027 οίκίαν.

547 1097 616 1157 γ’.
634 1090 973 1161 Πανταχόθεν
988 1090 1163 1142 τοίνυν
1182 1086 1580 1159 διερευνώμεθα
1594 1086 1663 1141 τὰ
1682 1088 1977 1159 πράγματα
2012 1087 2151 1159 μετά

477 1191 781 1262 ἀκριϐείας.
832 1190 1095 1254 Πολλάκις
1138 1191 1232 1244 καὶ
1275 1189 1409 1261 γυνὴ
1452 1190 1640 1257 γέγονε
1688 1190 1855 1259 παγίς
1906 1192 2020 1253 τοῖς
2072 1190 2148 1261 μὴ

478 1277 827 1362 προσέχουσι,
859 1290 1117 1354 πολλάκις
1142 1290 1349 1352 παιδία,
1393 1289 1649 1353 πολλάκις
1691 1290 1856 1360 φίλοι,
1892 1289 2149 1355 πολλάκις

472 1391 735 1459 γείτονες.
784 1392 894 1446 Καὶ
940 1390 1081 1454 τίνος
1126 1389 1313 1451 ἔνεκεν
1361 1370 1620 1441 τοσαῦται
1655 1387 1903 1457 παγίδες,
1951 1388 2144 1459 φησίν;

479 1494 597 1547 ’Ὶνα
628 1494 703 1565 μή
735 1493 978 1548 κάτωθεν
1012 1491 1324 1563 πτὼμεθα,
1350 1490 1487 1545 ἀλλά
1509 1490 1580 1544 τά
1597 1489 1710 1544 ἀνω
1737 1490 2009 1562 ζητῶμεν.
2040 1490 2149 1542 Καὶ

474 1593 584 1664 γάρ
604 1594 672 1647 τά
689 1593 928 1655 πετεινὰ,
946 1593 1049 1655 ἕως
1069 1592 1136 1646 ἂν
1150 1595 1239 1646 τὸν
1260 1591 1461 1662 ὑψηλὸν
1483 1590 1622 1662 ἀέρα
1642 1590 1834 1660 τέμνῃ,
1857 1589 1917 1641 οὑ
1940 1588 2148 1658 ταχέως

476 1694 776 1747 ἁλίσκεται·
819 1693 961 1747 οῦτω
998 1692 1094 1746 καὶ
1128 1694 1213 1754 σὺ,
1258 1691 1362 1753 ἔως
1402 1692 1466 1744 ἂν
1500 1690 1637 1760 πρὸς
1676 1688 1744 1741 τά
1782 1689 1894 1742 ἀνω
1922 1686 2146 1757 βλέπῃς,

474 1792 597 1846 οὔτε
626 1794 730 1847 ὑπὸ
772 1793 1013 1862 παγίδος,
1049 1791 1171 1845 οὔτε
1209 1791 1297 1860 ὑφ’
1330 1789 1522 1861 ἑτέρας
1557 1788 1701 1851 τινὸς
1730 1787 1915 1859 ἀλὼσῃ
1953 1785 2148 1857 ῥᾳδίως

474 1888 785 1964 ἐπιϐουλῆς.
810 1892 1047 1964 Ἰξευτὴς
1083 1891 1231 1945 ἐστιν
1266 1893 1294 1945 ό
1334 1889 1597 1952 διάϐολος·
1634 1887 1792 1957 γενοῦ
1827 1886 2002 1939 τοίνυν
2038 1884 2147 1940 τῶν

473 1993 682 2046 ἐκείνου
723 1992 986 2064 καλάμων
1025 1992 1371 2063 ὑψηλότερος.
1396 1992 1454 2043 '0
1493 2007 1628 2060 προς
1664 1989 1721 2041 τὸ
1769 1987 1902 2057 ὕψος
1940 1985 2147 2050 ἀναϐὰς

474 2093 658 2146 οὐκέτι
683 2093 831 2146 οὐδὲν
857 2093 1197 2165 θαυμάσεται
1216 2092 1324 2145 τῶν
1353 2089 1621 2161 βιωτικῶν
1643 2087 2000 2159 πραγμάτων·
2027 2086 2151 2151 ἀλλ’.

474 2193 682 2264 ὥσπερ,
702 2192 916 2245 ἐπειδάν
942 2195 1021 2257 είς
1044 2193 1143 2263 τὴν
1171 2190 1412 2263 κορυφὴν
1433 2188 1832 2258 άναδράμωμεν
1851 2186 1958 2240 τῶν
1981 2187 2143 2258 όρῶν,

478 2287 649 2358 μικρά
689 2288 783 2341 καὶ
824 2290 857 2357 ή
893 2287 1049 2349 πόλις
1090 2287 1223 2356 ημῖν
1262 2282 1399 2339 εῖν-αι
1432 2285 1579 2337 δοκεῖ
1612 2282 1706 2335 καὶ
1743 2282 1813 2335 τά
1846 2282 2021 2353 τείχη,
2054 2288 2147 2339 καὶ

480 2383 781 2451 μυρμήκων
808 2381 963 2449 δίκην
996 2382 1087 2433 ἐπὶ
1116 2381 1213 2449 τῆς
1247 2380 1349 2448 γῆς
1374 2380 1424 2430 οί
1453 2378 1642 2447 ἄνδρες
1672 2379 1803 2447 ἡμῖν
1844 2376 2168 2446 βαδίζοντεςε

476 2476 771 2545 φαίνονται·
825 2473 997 2537 οὕτως
1030 2473 1248 2528 ἐπειδάν
1286 2474 1375 2526 ἐπὶ
1417 2472 1516 2542 τὴν
1560 2471 1769 2542 ὑψηλὴν
1807 2471 2009 2524 ἔννοιαν
2047 2471 2146 2540 τῆς

476 2570 790 2639 φιλοσοφίας
826 2568 1075 2641 ἀνέλθῃς,
1105 2567 1259 2621 οὐδέν
1285 2584 1344 2620 σε
1366 2566 1477 2621 τῶν
1506 2567 1597 2618 ἐπὶ
1626 2568 1723 2638 τῆς
1751 2568 1857 2637 γῆς
1879 2566 2145 2637 ἐκπλῆξαι

474 2667 783 2736 δυνήσεται,
829 2663 967 2718 ἀλλά
1013 2663 1185 2734 μικρά
1232 2662 1412 2716 πάντα
1445 2666 1715 2732 φανεῖται,
1754 2667 1849 2717 καὶ
1893 2662 2142 2731 πλοῦτος,

475 2763 569 2813 καὶ
604 2759 751 2823 δόξα,
794 2760 890 2812 καὶ
925 2758 1235 2822 δυναστεία,
1275 2760 1369 2811 καὶ
1420 2758 1552 2829 τιμὴ
1599 2760 1693 2811 καὶ
1731 2759 1785 2812 εί
1818 2777 1870 2812 τι
1907 2758 2146 2813 τοιοῦτον

474 2856 679 2925 ἕτερον,
720 2857 846 2908 ὅταν
882 2854 952 2908 τά
992 2855 1049 2907 ἐν
1089 2855 1336 2925 οὐρανοῖς
1369 2852 1591 2924 βλέπῃς·
1624 2854 1874 2925 καθάπερ
1914 2851 2005 2908 οὖν
2051 2857 2146 2909 καὶ

394 2948 395 2951 “
476 2950 671 3022 Παύλῳ
704 2949 875 3021 μικρά
908 2950 1086 3003 πάντα
1118 2949 1386 3018 ἐφαίνετο,
1417 2950 1511 3002 καὶ
1541 2951 1747 3021 νεκρῶν
1777 2952 2147 3023 ἀχρηστότερα

473 3049 543 3101 τά
564 3046 792 3118 λαμπρά
817 3046 911 3101 τοῦ
935 3046 1203 3117 παρόντος
1222 3044 1357 3115 βίου.
1377 3046 1475 3099 Διά
1497 3045 1657 3099 τοῦτο
1678 3046 1770 3098 καὶ
1795 3047 1922 3099 ἐϐόα
1948 3047 2141 3115 λέγων·

475 3143 639 3213 Ἐμοί
671 3146 897 3213 κόσμος
920 3142 1303 3211 ἐσταύρωται·
1338 3141 1424 3195 διά
1448 3140 1605 3195 τοῦτο
1640 3142 1733 3196 καὶ
1751 3144 1881 3214 ἡμῖν
1915 3144 2145 3215 παρῄνει

474 3241 666 3307 λέγων·
701 3240 777 3293 Τὰ
805 3239 926 3292 ἄνω
954 3238 1241 3307 φρονεῖτε.
1273 3239 1460 3302 Ἀνω;
1491 3240 1617 3292 ποῖα
1642 3238 1840 3306 λέγεις,
1872 3239 1990 3292 εἰπέ
2026 3257 2143 3309 μοι;

474 3340 606 3391 ὅπου
633 3337 803 3407 ήλιος,
828 3336 963 3390 ὅπου
995 3334 1225 3406 σελήνης
1256 3335 1390 3405 Οὐχὶ
1412 3374 1427 3400 ,
1457 3334 1639 3405 φησίν.
1669 3335 1831 3388 Ἀλλά
1857 3334 1959 3388 ποῦ
1979 3353 1994 3400 ;
2014 3337 2147 3390 ὅπου

475 3434 715 3505 ἄγγελοι,
744 3434 878 3486 ὅπου
904 3430 1255 3503 ἀρχάγγελοι,
1294 3430 1429 3484 ὅπου
1458 3430 1526 3483 τὰ
1552 3432 1818 3503 χερουϋὶμ
1842 3432 1935 3485 καὶ
1965 3433 2036 3487 τά
2060 3450 2148 3487 σε·

478 3530 685 3603 ραφίμ;
732 3531 895 3601 Οὐχὶ,
947 3530 1134 3602 φησίν.
1180 3528 1342 3583 Ἀλλά
1382 3528 1521 3595 ποῦς
1582 3529 1774 3584 Ὅπου
1814 3534 1847 3585 ό
1894 3533 2147 3599 Χριστός

475 3628 646 3680 ἐστιν
659 3626 729 3680 ἐν
743 3622 909 3692 δεξιᾷ
926 3625 1033 3681 τοῦ
1056 3624 1205 3680 Θεοῦ
1226 3623 1576 3695 καθήμενος.
1602 3624 1925 3696 Πειθώμεθα
1946 3628 2143 3694 τοίνυν,

476 3723 694 3776 κάκεῖνο
716 3721 977 3792 διηνεκῶς
997 3719 1361 3791 λογιζώμεθα,
1381 3722 1463 3774 ὅτι
1496 3720 1750 3791 καθάπερ
1773 3721 1851 3792 τῷ
1883 3722 2147 3794 στρουθίῳ

475 3814 666 3884 ὄφελος
692 3814 841 3869 οὐδὲν
865 3799 973 3871 τῶν
1008 3813 1224 3887 πτερῶν
1268 3814 1374 3868 ὑπὸ
1414 3813 1515 3884 τῆς
1552 3814 1775 3884 παγίδος
1804 3816 2002 3881 ἁλόντι,
2034 3818 2148 3872 ἀλλ’

474 3911 596 3979 εἰκῆ
620 3910 713 3965 καὶ
740 3910 918 3982 μάτην
940 3909 1323 3981 πτερύσσεται·
1352 3908 1493 3963 οὕτω
1516 3910 1610 3964 καὶ
1633 3912 1714 3964 σοὶ
1739 3911 1849 3965 τῶν
1874 3911 2149 3985 λογισμῶν

476 4004 627 4059 οὐδὲν
658 4005 867 4075 ὄφελος,
898 4004 995 4059 ἐάν
1030 4005 1169 4060 κατά
1201 4005 1402 4075 κράτος
1432 4003 1537 4057 ὑπὸ
1562 4004 1664 4076 τῆς
1692 4008 1934 4078 πονηρᾶς
1961 4009 2150 4063 ἐπιθυ-

478 4100 609 4171 μίας
647 4102 811 4173 άλῷς,
860 4101 976 4156 ἀλλ’
1015 4102 1116 4156 ὅσα
1165 4102 1234 4156 ἂν
1269 4102 1590 4174 σκιρτήσῃς,
1636 4102 1827 4169 ἑάλως.
1858 4104 1957 4159 Διά
1994 4106 2151 4160 τοῦτο

476 4198 652 4267 πτερὰ
670 4201 781 4262 τοῖς
802 4197 1121 4269 στρουθίοις,
1150 4197 1237 4253 ῖνα
1254 4197 1467 4271 ἐκφύγῃ
1489 4199 1589 4264 τάς
1611 4202 1861 4269 παγίδας·
1885 4201 1975 4256 διά
1991 4202 2150 4257 τοῦτο

476 4292 727 4363 λογισμοὶ
754 4297 867 4358 τοῖς
894 4292 1219 4365 ἀνθρώποις,
1246 4295 1333 4348 ῖνα
1359 4295 1638 4365 ἐκφύγωσι
1661 4297 1729 4351 τά
1754 4299 2145 4371 ἁμαρτήματα.

478 4386 611 4439 Τίνα
629 4383 721 4440 οὖν
744 4387 938 4458 ἕξομεν
966 4387 1314 4459 συγγνώμην,
1336 4390 1457 4444 τίνα
1482 4390 1540 4445 δέ
1560 4390 1873 4463 ἀπολογίαν,
1894 4394 2022 4449 ὅταν
2039 4396 2148 4449 τῶν

477 4481 687 4549 ἀλόγων
714 4476 863 4553 ὦμεν
894 4482 1237 4555 ἀνοητότεροι
1256 4499 1270 4548 ;

557 4581 616 4634 '0
645 4580 745 4651 μὲν
778 4581 887 4650 γάρ
918 4581 1174 4651 στρουθὸς
1206 4581 1353 4648 ἅπαξ
1391 4583 1554 4647 ἀλοὺς
1590 4585 1696 4638 ὑπὸ
1740 4588 1986 4655 παγίδος,
2027 4586 2147 4643 εἶτα

474 4674 771 4745 διαφυγὼν,
811 4678 905 4730 καὶ
957 4676 1153 4745 ἔλαφος
1184 4677 1239 4729 δὲ
1280 4680 1359 4743 εἰς
1386 4679 1645 4733 δίκτυονι
1694 4682 2013 4753 ἐμπεσοῦσα
2055 4686 2146 4740 καὶ

475 4771 738 4843 διαδρᾶσα
763 4813 777 4837 ,
837 4772 1109 4837 δυσκόλως
1160 4772 1459 4828 ἁλώσονται
1519 4777 1678 4831 πάλιν
1726 4781 1857 4842 τοῖς
1922 4781 2105 4846 αὐτοῖς
2128 4798 2142 4812 ·

6 4862 831 5129 βῆ
860 4869 893 4939 ή
920 4870 1085 4940 πεῖρα
1115 4868 1435 4933 διδάσκαλος
1465 4870 1764 4940 ἀσφαλείας
1811 4872 1962 4947 [156]
1998 4876 2144 4944 γίνε-

552 4984 589 5019 ι.
630 4965 822 5036 Ἡμεῖς
862 4964 922 5018 δὲ
955 4963 1217 5029 πολλάκις
1246 4968 1357 5029 τοῖς
1386 4965 1571 5031 αὐτοῖς
1610 4967 1854 5035 ἀλόντες,
1886 4972 2001 5034 τοῖς
2048 4973 2144 5025 αὑ-

474 5062 589 5122 τοῖς
617 5058 1039 5129 περιπίπτομεν,
1065 5061 1159 5113 καὶ
1192 5059 1311 5113 οὐδὲ
1341 5061 1450 5115 τῶν
1479 5062 1688 5129 ἀλόγων
1708 5064 1768 5118 τὸ
1791 5068 2144 5129 προνοητικὸν

552 4963 589 5019 ῐ.
630 4965 822 5036 Ἡμεῖς
862 4964 922 5018 δὲ
955 4963 1217 5029 πολλάκις
1246 4968 1357 5029 τοῖς
1386 4965 1571 5031 αὐτοῖς
1610 4967 1854 5035 ἀλόντες,
1886 4972 2001 5034 τοῖς
2048 4973 2147 5025 αὑ-

474 5062 589 5122 τοῖς
617 5058 1039 5131 περιπίπτομεν,
1065 5061 1159 5113 καὶ
1192 5059 1311 5113 οὐδὲ
1341 5061 1450 5115 τῶν
1479 5062 1688 5132 ἀλόγων
1708 5064 1768 5118 τὸ
1791 5068 2148 5137 προνοητικὸν

477 5156 570 5208 καὶ
620 5156 1096 5227 μεμεριμνημένον
1142 5157 1191 5211 οί
1244 5156 1387 5229 λόγῳ
1428 5160 1750 5230 τιμηθέντες
1809 5161 2141 5234 μιμούμεθα.

476 5250 718 5314 Ποσάκις
766 5245 859 5305 οὗν
922 5250 1118 5315 ίδόντες
1155 5254 1423 5321 γυναῖκα,
1466 5255 1635 5327 μυρία
1686 5256 1961 5327 ἐπάθομεν
1998 5260 2147 5313 δεινά

476 5342 659 5396 οἶκαδε
695 5344 1183 5415 ἀναχωρήσαντες,
1222 5347 1313 5400 καὶ
1351 5348 1447 5418 τὴν
1489 5350 1779 5422 ἐπιθυμίαν
1819 5351 2142 5423 δεξάμενοι,

480 5441 575 5491 καὶ
607 5438 700 5491 ἐπὶ
733 5439 951 5503 πολλαῖς
980 5440 1328 5512 ὀδυνηθέντες
1355 5444 1607 5515 ἡμέραις,
1636 5446 1751 5500 ἀλλ’
1773 5448 1921 5518 ὅμως
1952 5452 2011 5502 οὐ
2039 5468 2143 5504 σω-

480 5534 861 5606 φρονιζόμεθα,
918 5536 1054 5591 ἀλλά
1090 5538 1241 5608 μόλις
1278 5539 1339 5593 τὸ
1393 5540 1656 5611 πρότερον
1705 5541 2143 5614 θεραπεύσαντες

477 5631 655 5699 ἕλκος,
682 5633 842 5711 πάλιν
866 5636 979 5697 τοῖς
1002 5635 1185 5699 αὑτοῖς
1209 5636 1629 5707 περιπίπτομεν,
1658 5639 1753 5691 καὶ
1781 5640 1884 5694 ὑπὸ
1913 5642 2024 5697 τῶν
2042 5645 2143 5698 αύ-

476 5724 584 5798 τῶν
613 5726 967 5798 ἀλισκόμεθα,
992 5731 1085 5784 καὶ
1103 5731 1191 5786 διά
1218 5731 1473 5803 βραχεῖαν
1492 5733 1684 5805 ήδονὴν
1702 5734 1897 5805 ὅψεως,
1920 5738 2140 5813 διηνεκῆ

478 5835 597 5873 τινα
626 5821 722 5874 καὶ
753 5824 962 5898 χρόνιον
984 5827 1323 5899 ὑπομένομεν
1351 5828 1565 5901 ὀδύνην.
1602 5830 1740 5885 Ἀλλ’
1760 5834 1854 5887 ἐὰν
1878 5835 2140 5905 μάθωμεν

536 5936 557 5961 ⁸
577 5938 677 5989 Δίίὶ
700 5943 763 5997 εἰς
789 5944 970 5995 δίκτυα.

1236 364 1294 421 S.
1334 364 1617 420 JOANNIS
1653 363 2145 421 CIIRYSOSTOMI
2185 361 2503 418 ARCHIEP.
2532 357 3087 449 _CONSTANTINOP.

3829 360 3937 415 153

2264 477 2501 547 συνεχῶς
2538 475 2740 545 ταύτην
2784 474 3056 541 ἐπιλέγειν
3100 475 3310 536 ἑαυτοῖς
3350 475 3450 541 τὴν
3494 472 3678 543 ῥῆσιν,
3714 472 3939 524 πάντων

2262 569 2680 641 ἀποστησόμεθα
2726 568 2835 621 τῶν
2867 569 3083 621 δεινῶν·
3118 568 3283 635 παγίς
3313 569 3545 638 μεγίστη
3594 567 3788 630 κάλλος
3831 584 3938 633 γυ-

2262 669 2446 730 ναικός
2467 685 2479 699 ·
2516 667 2714 738 μᾶλλον
2744 667 2801 719 δέ
2823 667 2942 735 οὐχὶ
2971 664 3167 726 κάλλος
3200 663 3481 732 γυναικὸς,
3516 662 3631 715 ἀλλ’
3663 665 3697 733 ή
3731 664 3935 716 ἀκόλα-

2262 775 2385 823 στος
2411 760 2562 830 ὄψις·
2599 760 2675 830 μὴ
2704 759 2813 831 γάρ
2856 759 2922 831 δή
2948 757 3018 812 τά
3052 760 3352 830 πράγματα
3393 758 3788 828 διαϐάλλωμεν,
3816 757 3939 810 ἀλλ’

2259 854 2408 923 ἡμᾶς
2440 852 2535 907 καὶ
2566 852 2663 924 τὴν
2687 853 2964 923 ήμετέραν
2995 853 3271 924 ρᾳθυμίαν
3291 870 3305 884 ο
3356 852 3491 923 μηδὲ
3530 852 3799 922 λέγωμεν,
3838 852 3937 923 Μὴ

2096 996 2101 999 .
2190 1020 2195 1023 γ
2259 949 2507 1004 ἔστωσαν
2528 952 2805 1018 γυναῖκες,
2835 949 2971 1002 ἀλλά
3002 950 3095 1019 Μῆ
3128 950 3369 1002 ἔστωσαν
3395 952 3639 1019 μοιχεῖα·
3679 947 3811 1019 μηδὲ
3847 947 3938 1001 λέ-

2259 1059 2473 1114 γωμεν,
2507 1043 2598 1114 Μὴ
2628 1043 2769 1096 ἔστω
2796 1043 3011 1107 κάλλος,
3042 1043 3178 1096 ἀλλά
3210 1043 3301 1113 Μὴ
3327 1042 3466 1095 ἔστω
3504 1043 3755 1113 πορνεία·
3796 1042 3936 1112 μηδὲ

2258 1136 2523 1207 λέγωμεν,
2555 1138 2647 1208 Μὴ
2674 1136 2813 1190 ἔστω
2843 1137 3040 1200 κοιλία,
3068 1137 3206 1190 ἀλλά
3230 1137 3321 1207 Μὴ
3362 1136 3503 1188 ἔστω
3522 1135 3797 1206 ἀδηφαγία
3823 1154 3836 1166 ·
3869 1138 3933 1187 οὺ

2256 1232 2417 1302 γάρή
2442 1233 2619 1287 κοιλία
2634 1234 2731 1305 τήν
2761 1234 3069 1304 ἀδηφαγίαν
3094 1236 3258 1295 ποιεῖ,
3290 1231 3458 1301 ἀλλ’ἢ
3490 1232 3731 1302 ἡμετέρα
3765 1231 3935 1303 ῥαθυ-

2260 1327 2376 1396 μία.
2406 1328 2496 1398 Μὴ
2516 1329 2762 1400 λέγωμεν
2782 1328 2871 1382 διά
2885 1329 2945 1382 τὸ
2965 1331 3158 1398 φαγεῖν
3181 1328 3275 1381 καὶ
3296 1331 3439 1381 πιεῖν
3463 1330 3639 1382 πάντα
3658 1330 3724 1383 τά
3746 1332 3896 1384 κακά
3916 1348 3932 1360 ·

2255 1425 2316 1476 ού
2369 1424 2478 1496 γάρ
2521 1424 2611 1479 διά
2663 1424 2855 1489 τοῦτο,
2894 1424 3031 1478 ἀλλά
3075 1423 3163 1478 διά
3214 1423 3312 1495 τὴν
3360 1424 3633 1496 ρᾳθυμίαν
3685 1428 3782 1479 καὶ
3828 1427 3933 1496 τὴν

2254 1520 2556 1593 ἀπληστίαν
2588 1522 2688 1594 τὴν
2711 1521 3008 1591 ήμετέραν.
3046 1521 3162 1575 Οὐκ
3197 1520 3369 1590 ἔφαγε
3396 1521 3529 1590 γοῦν
3567 1521 3685 1574 οὐδὲ
3717 1522 3871 1574 ἔπιεν
3904 1526 3934 1576 ὁ

2254 1615 2517 1682 διάϐολος,
2544 1619 2637 1672 καὶ
2669 1618 2971 1671 κατέπεσεν
2991 1635 3006 1651 ο
3032 1617 3202 1686 ἔφαγε
3228 1619 3321 1671 καὶ
3347 1619 3500 1673 ἔπιεν
3521 1621 3549 1672 ὁ
3576 1619 3808 1682 Παῦλος,
3834 1618 3934 1671 καὶ

2254 1715 2334 1777 είς
2371 1714 2460 1767 τὸν
2509 1715 2737 1785 οὐρανὸν
2786 1714 3003 1785 ἀνῆλθε.
3040 1714 3225 1769 Πόσων
3280 1716 3463 1769 ἀκούω
3509 1715 3801 1783 λεγόντων,
3834 1716 3931 1785 Μὴ

2255 1807 2393 1861 ἔστω
2430 1811 2626 1864 πενίαί
2665 1811 3136 1882 Ἐπιστομίζωμεν
3189 1811 3371 1865 τοίνυν
3420 1813 3549 1875 τοὺς
3592 1810 3663 1864 τά
3702 1811 3933 1865 τοιαῦτα

2254 1904 2734 1972 δυσχεραίνοντας·
2765 1906 3084 1978 βλασφημία
3127 1906 3237 1977 γὰρ
3265 1906 3327 1959 τὸ
3363 1906 3432 1959 τά
3482 1906 3707 1959 τοιαῦτα
3748 1906 3931 1973 λέγειν

2254 2000 2388 2053 ἐστί.
2445 2000 2708 2071 Λέγωμεν
2763 2002 2940 2056 τοίνυν
2980 2004 3116 2073 πρὸς
3165 2002 3383 2065 αὐτούς·
3417 1999 3505 2071 Μὴ
3551 2002 3691 2053 ἔστω
3735 2017 3931 2072 μικρο-

2252 2090 2453 2161 ψυχία·
2500 2093 2659 2148 πενία
2701 2096 2809 2167 γὰρ
2841 2097 3011 2167 μυρία
3044 2098 3127 2156 είς
3151 2096 3241 2150 τὸν
3288 2097 3402 2167 βίον
3428 2096 3585 2167 ήμῶν
3632 2098 3934 2167 εἰσήγαγεν

2254 2186 2474 2253 ἀγαθά,
2510 2188 2605 2241 καὶ
2656 2190 2824 2260 χωρὶς
2879 2192 3067 2254 πενίας
3111 2193 3140 2244 ὁ
3193 2190 3423 2255 πλοῦτος
3482 2192 3777 2264 ἄχρηστος.
3833 2191 3931 2262 Μὴ

2253 2280 2432 2334 τοίνυν
2483 2284 2622 2353 μήτε
2658 2282 2846 2336 τοῦτον
2883 2288 3021 2354 μήτε
3072 2286 3287 2356 ἐκείνην
3316 2286 3721 2356 διαϐάλλωμεν·
3766 2286 3932 2338 πενία

2253 2376 2361 2447 γάρ
2385 2376 2481 2430 καὶ
2528 2374 2755 2441 πλοῦτος
2809 2377 2950 2431 ὅπλα
2985 2379 3103 2431 ἐστὶ
3136 2379 3275 2449 πρὸς
3320 2379 3521 2451 ἀρετὴν
3558 2380 3797 2450 ἑκάτερα
3824 2380 3932 2449 φέ-

2258 2488 2440 2541 ροντα,
2475 2472 2541 2526 ἂν
2564 2473 2853 2545 ἐθέλωμεν.
2875 2476 3086 2547 ’Ὥσπερ
3103 2474 3197 2531 οὖν
3215 2478 3245 2528 ό
3274 2479 3519 2544 γενναῖος
3563 2474 3931 2546 στρατιώτης.

2252 2561 2363 2621 οἷον
2412 2567 2479 2621 ἂν
2509 2568 2673 2621 ὅπλον
2707 2552 2881 2641 λάϐῃ,
2913 2569 3013 2639 τὴν
3046 2569 3252 2623 οἰκείαν
3287 2571 3489 2643 ἀρετὴν
3526 2570 3927 2624 ἐπιδείκνυται·

2252 2662 2425 2726 οὕτως
2466 2666 2495 2717 ό
2521 2663 2780 2734 ἀνανδρος
2805 2664 2899 2717 καὶ
2930 2664 3104 2729 δειλὸς
3132 2666 3221 2736 ὑφ’
3248 2667 3527 2737 ἑκατέρων
3553 2666 3926 2737 ἐμποδίζεται.

2254 2757 2363 2810 Καὶ
2414 2758 2501 2811 ἵνα
2538 2758 2736 2831 μάθῃς,
2771 2760 2855 2812 ὅτι
2897 2759 3054 2813 τοῦτό
3092 2761 3242 2815 ἐστιν
3290 2761 3512 2832 ἀληθὲς,
3547 2760 3930 2832 ἀναμνήσθητι

2258 2868 2347 2920 μοι
2372 2852 2466 2904 τοῦ
2500 2851 2641 2917 Ἰὼϐ,
2669 2853 2729 2915 δς
2758 2853 2895 2924 ὁμοῦ
2942 2857 3036 2908 καὶ
3076 2854 3328 2921 πλούσιος
3363 2858 3457 2911 καὶ
3492 2858 3663 2929 πένης
3691 2857 3884 2926 γέγονε
3910 2896 3930 2924 ,

2254 2948 2348 2999 καὶ
2377 2948 2613 3020 ἑκάτερα
2650 2948 2718 3002 τά
2761 2948 2900 3002 ὅπλα
2949 2952 3389 3022 μετεχειρίσατο,
3420 2954 3517 3008 καὶ
3558 2954 3617 3006 ἐν
3648 2952 3930 3023 ἑκατέροις

2253 3042 2547 3113 ἐκράτησε.
2603 3043 2713 3096 Καὶ
2745 3043 2836 3097 ὅτε
2889 3044 2990 3115 μὲν
3030 3045 3284 3110 πλούσιος
3310 3042 3398 3118 ἦν,
3431 3047 3639 3116 ἔλεγεν·
3683 3047 3746 3102 Ἠ
3776 3047 3930 3113 θύρα

2247 3154 2365 3205 μου
2400 3137 2579 3191 παντί
2616 3137 3148 3212 ἐλθόντι-ἠκέσατο
3169 3157 3184 3172 ·
3229 3143 3319 3196 ὅτε
3354 3142 3411 3195 δὲ
3457 3143 3626 3212 πένης
3669 3142 3929 3211 γέγονεν,

2254 3229 2459 3300 ἔλεγεν·
2498 3233 2559 3285 '0
2586 3234 2796 3301 Κύριος
2821 3208 3063 3299 ἔδωκεν,
3097 3238 3131 3288 ό
3150 3236 3364 3303 Κύριος
3390 3208 3708 3305 ἀφείλετο·
3738 3208 3819 3301 ὡς
3848 3236 3933 3301 τῷ

2254 3326 2448 3393 Κυρίῳ
2475 3325 2707 3393 ἔδοξεν,
2744 3328 2898 3381 οὓτω
2928 3327 3029 3381 καί
3072 3327 3330 3398 ἐγένετο.
3366 3330 3495 3381 Ὀτε
3551 3328 3804 3392 πλούσιος
3835 3325 3929 3401 ἦν,

2254 3420 2455 3493 πολλὴν
2507 3422 2606 3494 τὴν
2658 3423 2986 3493 φιλοξενίαν,
3023 3425 3113 3477 ὅτε
3140 3424 3307 3495 πένης
3338 3424 3551 3493 γέγονε,
3582 3424 3786 3495 πολλὴν
3825 3427 3932 3497 τὴν

2255 3518 2534 3590 ὑπομονὴν
2565 3517 2898 3583 ἐπεδείξατο.
2941 3519 3052 3573 Καὶ
3084 3520 3148 3573 σὺ
3170 3520 3350 3573 τοίνυν
3391 3519 3651 3583 πλούσιος
3679 3516 3758 3586 εἷς
3796 3521 3932 3574 πολ-

2254 3613 2350 3685 λὴν
2374 3614 2716 3668 ἐπιδείκνυσο
2745 3614 2843 3687 τὴν
2871 3615 3259 3688 ἐλεημοσύνην.
3294 3618 3471 3689 Πένης
3504 3619 3764 3686 γέγονας;
3791 3615 3930 3676 ,πολ-

2254 3708 2351 3780 λήν
2378 3709 2476 3780 τὴν
2506 3710 2803 3781 καρτερίαν
2843 3712 2956 3795 καὶ.
2976 3713 3077 3785 τὴν
3115 3714 3416 3785 ὑπομονήν.
3444 3715 3582 3770 Οὔτε
3616 3717 3725 3788 γάρ
3756 3716 3931 3771 πλοῦ-

2254 3819 2343 3865 τος
2385 3802 2575 3867 κακὸν,
2606 3801 2729 3856 οὔτε
2759 3804 2919 3857 πενία
2954 3805 3138 3869 ἁπλῶς
3157 3824 3171 3837 ·
3199 3807 3335 3861 ἀλλά
3367 3810 3518 3881 παρά
3547 3808 3644 3882 τὴν
3669 3811 3932 3882 προαίρε-

2257 3914 2341 3952 σιν
2364 3897 2475 3951 τῶν
2506 3898 2800 3970 χρωμένων
2828 3897 3067 3969 ἑκάτερα
3094 3899 3269 3955 ταῦτα
3293 3902 3525 3970 γίνεται.

2323 3991 2387 4050 δ’.
2413 3994 2797 4065 Παιδεύσωμεν
2819 3995 2998 4048 τοίνυν
3021 3996 3246 4061 ἑαυτοὺς
3279 3997 3353 4067 μὴ
3386 3998 3640 4062 τοιαύτας
3661 3999 3790 4069 περὶ
3820 3998 3930 4054 τῶν

2257 4089 2596 4160 πραγμάτων
2624 4088 2769 4160 ἔχειν
2798 4090 2898 4155 τάς
2925 4092 3157 4162 κρίσεις,
3197 4093 3332 4165 μηδὲ
3357 4093 3425 4147 τά
3470 4093 3606 4166 ἔργα
3636 4093 3732 4147 τοῦ
3767 4092 3928 4155 Θεοῦ,

2257 4179 2397 4233 ἀλλά
2434 4180 2533 4251 τὴν
2564 4180 2883 4252 προαίρεσιν
2919 4184 3019 4255 τήν
3050 4185 3296 4257 πονηράν
3324 4186 3434 4240 τῶν
3480 4185 3783 4258 ἀνθρώπων
3813 4186 3934 4239 δια-

2256 4269 2491 4324 ϐάλλειν.
2548 4271 2652 4325 Τὸν
2717 4273 3050 4345 μικρόψυχον
3104 4275 3229 4329 οὐδὲ
3274 4278 3302 4331 ό
3360 4276 3588 4341 πλοῦτος
3642 4276 3929 4347 ὠφελῆσαι

2254 4360 2513 4417 δύναται·
2547 4363 2638 4417 τὸν
2677 4364 3052 4437 μεγαλόψυχον
3099 4368 3221 4421 οὐδὲ
3270 4370 3333 4440 ή,,
3348 4369 3509 4424 πενία
3550 4366 3929 4425 καταϐλάπτει

2256 4454 2410 4509 ποτέ.

2337 4560 2682 4631 Ἐπιγνῶμεν
2702 4564 2883 4618 τοίνυν
2906 4564 3007 4628 τάς
3030 4567 3285 4634 παγίδας,
3308 4568 3403 4621 καὶ
3431 4566 3712 4639 πόρρωθεν
3746 4569 3927 4623 αὐτῶν

2257 4653 2561 4726 βαδίζωμεν
2580 4671 2593 4684 ·
2631 4656 2946 4727 ἐπιγνῶμεν
2973 4658 3101 4723 τοὺς
3130 4662 3432 4730 κρημνοὺς,
3457 4664 3552 4717 καὶ
3588 4662 3724 4733 μηδέ
3755 4663 3928 4731 ἐγγὺς

2254 4746 2555 4816 γινώμεθα.
2600 4747 2770 4801 Τοῦτο
2804 4750 3104 4819 ἀσφαλείας
3137 4753 3268 4823 ήμῐν
3300 4753 3454 4807 ἔσται
3482 4752 3633 4827 [157]
3660 4756 3927 4825 μεγίστης

2255 4838 2531 4906 ὑπόθεσις,
2552 4840 2613 4892 τὸ
2637 4843 2712 4911 μὴ
2733 4842 2800 4895 τά
2822 4844 3196 4915 ἁμαρτήματα
3221 4844 3444 4914 φεύγειν
3467 4846 3647 4917 μόνον,
3671 4848 3808 4903 ἀλλά
3830 4846 3929 4905 καὶ

2252 4928 2323 4979 τά
2346 4928 2615 5001 ἀδιάφορα
2646 4932 2745 5000 μὲν
2784 4928 2922 4986 εἶναι
2962 4934 3241 5001 δοκοῦντα,
3274 4937 3411 5008 πρὸς
3440 4937 3495 4990 δὲ
3526 4938 3625 5002 τάς
3652 4940 3931 5012 ἁμαρτίας

2252 5021 2284 5090 ή
2294 5022 2399 5090 μᾶς
2422 5021 2863 5086 ὑποσκελίζοντα.
2894 5022 3019 5079 Οἷόν
3041 5044 3093 5081 τι
3126 5026 3289 5097 λέγω·
3327 5030 3400 5082 Τὸ
3426 5030 3590 5101 γελᾷν
3618 5033 3713 5084 καί⁵
3740 5034 3931 5087 ἀστεῖα

2253 5111 2430 5181 λέγειν
2459 5114 2519 5166 ού
2542 5114 2691 5167 δοκεῖ
2721 5116 2820 5186 μὲν
2848 5117 3269 5190 ὡμολογημένον
3287 5122 3591 5194 ἁμάρτημα
3619 5119 3780 5186 εἶναι,
3803 5126 3928 5191 ἀγει

2252 5204 2311 5257 δὲ
2361 5206 2443 5267 είς
2488 5204 2909 5277 ὡμολογημένον
2950 5196 3295 5281 ἐάμάρτημα·
3340 5212 3601 5277 πολλάκις
3651 5213 3783 5282 γοῦν
3821 5216 3931 5269 ἀπὸ

2253 5295 2487 5362 γέλωτος
2512 5295 2714 5367 αἰσχρά
2737 5299 2955 5369 ῥήματα
2980 5302 3246 5366 τίκτεται,
3276 5302 3383 5356 ἀπὸ
3408 5305 3667 5375 ῥημάτων
3686 5307 3932 5377 αἰσχρῶν
3990 5354 3991 5357 η

2255 5386 2482 5459 πράξεις
2524 5382 2907 5460 αἰσχρότεραι·
2940 5390 3199 5454 πολλάκις
3242 5392 3347 5446 ἀπὸ
3400 5397 3659 5465 ῥημάτων
3702 5398 3795 5450 καὶ
3836 5398 3932 5466 γέ-

2253 5477 2422 5540 λωτος
2470 5474 2708 5551 λοιδορία
2754 5483 2850 5535 καὶ
2888 5480 3065 5554 ὕϐρις,
3111 5484 3221 5537 ἀπὸ
3268 5484 3537 5557 λοιδορίας
3578 5490 3674 5541 καὶ
3716 5488 3930 5561 ὕϐρεως

2255 5569 2459 5640 πληγαὶ
2512 5574 2608 5626 καὶ
2649 5573 2962 5645 τραύματα,
3016 5576 3126 5628 ἀπὸ
3174 5579 3507 5649 τραυμάτων
3549 5581 3642 5633 καὶ
3702 5580 3928 5651 πληγῶν

2254 5663 2461 5731 σφαγαὶ
2493 5665 2586 5717 καὶ
2621 5665 2791 5732 φόνοι.
2828 5667 2924 5719 Ἂν
2956 5669 3136 5720 τοίνυν
3175 5670 3376 5741 μέλλῃς
3416 5673 3543 5743 περὶ
3574 5673 3801 5727 σεαυτοῦ
3831 5693 3935 5730 κα-

2251 5758 2361 5823 λῶς
2396 5760 2767 5830 βουλεύεσθαι,
2802 5763 2923 5833 οὐχὶ
2960 5762 3028 5818 τά
3068 5765 3270 5835 αἰσχρά
3317 5768 3540 5837 ῥήματα
3585 5768 3766 5839 μόνον,
3805 5770 3928 5825 οὺδι

2250 5853 2318 5906 τὰ
2342 5854 2542 5924 αἰσχρά
2570 5855 2889 5926 πράγματα.
2916 5855 3036 5909 οὐδὲ
3060 5855 3161 5919 τάς
3189 5857 3404 5930 πληγὰς
3422 5860 3517 5913 καὶ
3542 5862 3613 5916 τά
3634 5861 3928 5935 τραύματα

2254 5950 2345 6000 καὶ
2382 5951 2507 6009 τοὺς
2551 5947 2763 6015 φόνους,
2812 5946 2945 6001 ἀλλά
2992 5949 3084 6002 καὶ
3121 5949 3283 6004 αὑτὸν
3312 5951 3403 6004 τὸν
3446 5950 3671 6025 ἀκαιρον
3711 5956 3926 6023 γέλωτα
