4232 6320
292 396 386 449 l5?

298 509 413 571 sed,
448 503 515 560 Its
545 502 711 557 medio
737 501 1049 570 laqueorum.
1083 493 1359 560 Utrimque
1394 487 1550 544 nobis
1581 483 1859 556 voragines
1883 525 1897 547 ,

300 599 569 666 utrimque
618 591 749 646 doli.
804 586 1073 643 Processit
1116 583 1380 653 quispiam
1429 582 1480 634 in
1531 580 1740 637 forum,
1775 575 1905 627 vidit

302 688 600 748 inimicum,
640 681 844 738 exarsit
884 690 953 734 ex
998 682 1217 746 aspectu
1260 672 1377 726 solo
1430 687 1442 723 :
1500 668 1630 722 vidit
1672 666 1904 720 amicum

303 779 514 833 laudent
552 779 967 842 conscquentem
989 807 1004 832 ,
1034 764 1253 819 invidit:
1277 761 1409 817 vidit
1440 773 1755 831 pauperem,
1779 771 1908 811 con-

302 855 606 937 tempsit,et
620 863 862 933 deSpexit
879 879 892 912 :
907 860 1144 922 divitem,
1159 854 1411 911 etinvidit
1428 871 1440 907 :
1457 852 1758 922 quempiam
1779 850 1909 903 vidit

303 959 557 1014 atfectum
574 954 845 1025 injuria,et
864 965 1005 1021 aagre
1023 948 1142 1002 tulit
1160 966 1173 1000 :
1190 944 1495 1016 quempiam
1509 942 1641 997 vidit
1654 939 1908 995 infestan-

305 1064 436 1118 tem,
460 1060 515 1104 et
543 1048 843 1117 indignatus
873 1053 957 1098 est
985 1061 998 1095 :
1028 1041 1159 1095 vidit
1185 1038 1480 1109 speciosam
1502 1038 1804 1098 mulierem,
1823 1049 1911 1087 ca-

307 1152 428 1213 ptus
446 1150 549 1196 est.
577 1138 760 1192 Viden‘
776 1146 904 1205 quot
926 1133 1097 1202 laquei
1118 1133 1141 1183 ἲ
1169 1131 1293 1185 Ideo
1312 1129 1693 1199 dicit,Agnosce
1708 1125 1842 1197 quod
1860 1126 1910 1177 in

292 1232 476 1286 \ntedio
502 1231 794 1299 laqueorum
826 1225 1032 1277 transis.
1064 1223 1124 1276 Et
1165 1220 1310 1275 domi
1338 1220 1534 1288 laquei,
1568 1230 1622 1271 et
1648 1218 1698 1271 itt
1728 1231 1914 1270 mensa

309 1323 507 1391 laquei,
557 1331 610 1375 et
661 1319 711 1372 in
756 1314 1102 1371 concionibus
1146 1312 1342 1382 laquei.
1370 1310 1577 1380 Smpius
1608 1307 1914 1362 inconside-

309 1425 424 1469 rate
451 1412 571 1481 quis
599 1410 736 1463 inter
764 1409 963 1461 amicos
998 1404 1293 1468 confidens,
1317 1403 1568 1472 loquutus
1590 1411 1672 1455 cst
1701 1399 1915 1469 aliquod

309 1505 597 1559 verborum
642 1516 761 1573 qum
791 1498 1013 1569 proferri
1046 1512 1150 1551 non
1174 1495 1401 1560 debent,
1437 1502 1491 1547 et
1550 1493 1655 1547 tale
1703 1491 1920 1561 pertulit

313 1596 610 1667 periculum
632 1634 647 1657 ,
678 1601 735 1646 ut
777 1600 938 1645 totam
967 1590 1187 1643 domum
1212 1587 1567 1641 snbverterct.

387 1689 443 1742 5.
475 1685 725 1754 Undique
755 1684 912 1753 igitur
939 1697 1025 1734 res
1044 1695 1165 1734 cum
1197 1677 1467 1748 diligentia
1499 1683 1917 1746 perscrutetnur.

320 1781 385 1833 Et.
416 1794 554 1831 uxor
580 1790 723 1845 saepe
759 1790 863 1828 non
906 1771 1305 1826 advertentibus
1346 1768 1567 1838 laqueus
1612 1776 1694 1821 est
1737 1764 1873 1819 facta
1904 1806 1919 1830 ,

318 1884 464 1941 saepe
493 1868 610 1931 filii,
644 1881 787 1934 saepe
816 1864 997 1929 amici,
1030 1861 1191 1915 vicini
1237 1873 1399 1928 smpe.
1434 1859 1493 1911 Et
1520 1873 1624 1926 qua
1667 1856 1733 1910 de
1759 1871 1817 1909 re
1848 1863 1926 1909 tot

320 1961 541 2033 laquei?
588 1960 663 2014 Ne
689 1959 939 2013 deorsum
970 1955 1233 2017 volemus,
1281 1951 1375 2005 sed
1406 1950 1684 2020 superiora
1713 1961 1927 2019 quaera-

324 2070 466 2108 mus.
500 2052 711 2107 Etenim
743 2049 973 2105 volatilia
1000 2048 1173 2103 donec
1198 2047 1361 2099 altum
1388 2058 1568 2097 aerem
1592 2049 1795 2104 secant,
1821 2056 1929 2093 non

326 2146 482 2199 facile
512 2144 798 2212 capiuntur
830 2158 843 2194 :
874 2141 943 2193 ita
974 2148 1029 2193 tu
1056 2138 1229 2193 donec
1254 2135 1321 2190 ad
1365 2135 1641 2204 superiora
1670 2148 1927 2203 respexe-

325 2238 420 2297 ris,
457 2249 560 2289 nec
590 2233 779 2303 laqueo
812 2245 910 2285 nec
936 2230 1056 2285 ullis
1100 2228 1253 2282 facile
1297 2227 1524 2296 capieris
1552 2223 1778 2279 insidiis.
1822 2224 1931 2277 Au-

326 2341 455 2396 ceps
485 2335 568 2381 est
589 2320 833 2378 diabolus
863 2339 876 2375 :
909 2320 985 2375 sis
1010 2320 1171 2390 igitur
1196 2318 1363 2387 ipsius
1386 2316 1606 2371 calamis
1626 2314 1928 2369 sublimior.

326 2420 429 2484 Qui
474 2408 720 2471 ascendit
770 2414 823 2468 in
872 2412 1059 2475 altum,
1110 2427 1216 2464 non
1265 2408 1497 2478 amplius
1543 2407 1703 2461 ullam
1752 2420 1932 2459 rerum

324 2510 680 2565 adrnirabitur
733 2507 1125 2567 humanarum,
1182 2502 1278 2557 sed
1335 2502 1473 2556 sicut
1542 2511 1821 2569 postquam
1881 2498 1933 2551 in

289 2605 293 2608 ’
328 2600 593 2656 montium
622 2600 880 2655 verticem
906 2596 1329 2658 ascenderimus,
1362 2610 1517 2663 parva
1545 2594 1697 2647 nobis
1725 2599 1779 2645 et
1810 2591 1937 2644 urbs

328 2706 384 2749 ct
414 2693 615 2750 inmnia
652 2699 938 2761 apparent,
981 2697 1037 2743 et
1084 2686 1424 2742 formicarum
1458 2700 1605 2741 more
1637 2683 1790 2738 nobis
1838 2681 1938 2736 viri

329 2803 500 2857 super
537 2794 736 2841 terram
785 2785 863 2839 ire
889 2784 1138 2847 videntur
1167 2799 1183 2836 :
1214 2782 1292 2835 sic
1319 2787 1596 2850 postquam
1627 2777 1695 2832 ad
1740 2778 1938 2831 celsam

333 2876 696 2950 pltilosOpbiae
739 2876 1115 2946 cogitationem
1160 2872 1489 2938 ascenderis,
1533 2870 1666 2924 nihil
1693 2879 1940 2924 terreno-

333 2987 453 3025 rum
488 2978 542 3025 te
590 2967 882 3038 percellere
912 2966 1127 3037 poterit,
1159 2963 1256 3020 sed
1288 2978 1448 3035 parva
1474 2962 1796 3017 videbuntur
1822 2975 1943 3013 om-

336 3064 448 3129 nia,
478 3070 534 3117 et
578 3061 801 3127 divitiae,
832 3068 883 3114 et
910 3057 1100 3130 gloria,
1128 3066 1179 3112 et
1213 3056 1469 3126 potentia,
1495 3064 1552 3109 ct
1589 3052 1788 3119 honor,
1818 3059 1874 3107 et
1898 3050 1943 3105 si

336 3154 466 3227 quid
497 3153 643 3207 aliud
690 3151 1015 3221 huiusmodi,
1050 3165 1172 3204 etim
1212 3148 1444 3203 czelcstia
1475 3145 1733 3215 reSpicias
1761 3160 1776 3199 :
1809 3144 1949 3199 sicut

339 3246 549 3303 scilicet
573 3255 627 3300 ct
653 3245 821 3300 Paulo
866 3257 1027 3313 parva
1057 3241 1237 3296 omnia
1269 3240 1608 3305 videbantur,
1642 3246 1697 3293 et
1725 3237 1948 3293 mortuis

340 3336 614 3393 inutiliora
656 3350 741 3401 ea,
782 3350 902 3405 quae
931 3334 983 3388 in
1026 3331 1278 3403 praesenti
1324 3333 1427 3384 vita
1479 3338 1604 3385 sunt
1633 3328 1937 3398 splendida.

343 3430 640 3498 Propterea
667 3426 954 3492 clamabat,
982 3425 1169 3481 dicens
1198 3442 1214 3477 :
1246 3422 1379 3477 Mihi
1419 3424 1638 3477 mundus
1674 3422 1951 3490 cruciﬁxus

346 3527 418 3573 cst
442 3516 592 3590 (Gal.
620 3517 675 3572 6.
727 3517 816 3588 14)
854 3535 867 3570 :
902 3516 1024 3570 ideo
1053 3524 1107 3570 et
1138 3530 1236 3571 nos
1262 3513 1587 3569 admonebat
1612 3511 1697 3567 his
1722 3512 1901 3567 verbis
1935 3529 1950 3567 :

349 3606 480 3672 Qum
521 3624 722 3662 sursum
769 3615 887 3660 sunt
931 3605 1095 3675 sapite
1138 3604 1353 3676 (Coloss.
1387 3604 1441 3658 5.
1472 3602 1553 3673 2).
1588 3601 1714 3668 Quae
1752 3618 1954 3656 sursum

347 3712 465 3754 sunt
488 3701 516 3754 ἲ
541 3701 717 3771 qualia
744 3699 902 3762 dicis,
935 3698 1020 3753 die
1047 3698 1224 3753 mihi?
1254 3699 1341 3752 ubi
1367 3698 1469 3762 sol,
1503 3698 1589 3751 ubi
1616 3698 1784 3752 luna?
1813 3697 1950 3762 Non,

349 3792 541 3863 inquit.
572 3791 679 3847 Sed
708 3792 797 3847 ubi
820 3791 845 3845 ἲ
872 3791 957 3847 ubi
985 3791 1183 3861 angeli,
1213 3790 1304 3846 ubi
1330 3790 1658 3861 archangeli,
1691 3790 1781 3845 tibi
1816 3790 1957 3846 Che-

350 3886 526 3939 rnbim
574 3892 630 3939 et
672 3882 998 3953 Seraphim?
1044 3881 1185 3947 Non,
1242 3882 1413 3952 inquit
1503 3881 1608 3938 Sed
1659 3881 1794 3937 ubi?
1845 3879 1947 3937 Ubi

352 3975 588 4031 Christus
607 3984 677 4030 cst
696 3977 751 4029 in
769 3975 976 4031 dextera
1000 3973 1093 4029 Dei
1106 3976 1286 4030 sedens
1309 3973 1361 4046 (Ι
1366 3973 1468 4029 bid.
1488 3991 1540 4030 v.
1567 3976 1642 4048 1).
1668 3974 1958 4030 Pal-eamus

355 4068 533 4138 igitur.
565 4074 622 4121 et
664 4065 793 4122 illud
819 4065 1036 4121 assidue
1066 4066 1469 4130 ratiocinemur,
1513 4066 1656 4136 quod
1687 4067 1826 4120 sicut
1848 4066 1961 4121 avi-

354 4159 489 4213 cula:
518 4157 713 4228 laqueo
754 4164 927 4227 capta:
975 4156 1179 4211 alarum
1224 4158 1423 4211 utilitas
1451 4158 1617 4221 nulla,
1644 4158 1739 4213 sed
1764 4157 1958 4213 frustra

357 4256 412 4304 et
436 4249 709 4303 incassum
744 4248 860 4304 alas
888 4248 1125 4303 concutit
1154 4265 1168 4301 :
1198 4247 1271 4301 ita
1303 4247 1394 4301 tibi
1422 4248 1568 4303 nulla
1596 4248 1960 4303 ratiocinatio-

359 4358 486 4396 num
514 4342 737 4406 utilitas,
765 4341 810 4395 si
838 4341 905 4395 ab
946 4340 1186 4411 improba
1213 4341 1426 4411 penitus
1454 4341 1745 4411 cupiditate
1774 4353 1962 4411 captus

359 4435 455 4500 sis,
501 4433 599 4489 sed
627 4442 1116 4504 quantumcumque
1162 4434 1438 4498 resilieris,
1490 4445 1678 4506 captus
1725 4450 1805 4490 es.
1838 4434 1963 4490 Ideo

361 4525 459 4578 ala:
489 4532 618 4578 sunt
658 4523 902 4590 aviculis,
934 4532 995 4579 ut
1021 4524 1275 4594 eﬂ'ugiant
1306 4525 1525 4595 laqueos
1557 4544 1570 4579 :
1601 4526 1721 4581 ideo
1746 4528 1963 4582 ratioci-

362 4616 609 4669 nationes
637 4613 967 4680 hominibus,
999 4625 1057 4669 ut
1084 4625 1303 4685 peccata
1348 4615 1569 4685 fugiant.
1602 4616 1772 4684 Quam
1806 4618 1966 4687 igitur

363 4706 572 4760 veniam
625 4702 961 4772 habebimus,
1011 4722 1171 4776 quam
1224 4722 1354 4763 vero
1401 4707 1792 4776 defensionem,
1842 4727 1965 4766 cum

363 4796 535 4851 brutis
561 4797 729 4850 simus
755 4797 1158 4852 clementiores?

434 4886 770 4956 Experientia
808 4889 1021 4940 cautela:
1064 4888 1325 4959 magistra.
1352 4918 1425 4929 —-
1465 4891 1687 4947 Avicula
1736 4907 1967 4961 namque

364 4980 531 5032 semel
580 4986 734 5048 capta
781 4979 994 5049 laqueo,
1034 4996 1156 5035 mox
1196 4981 1397 5051 elapsa,
1427 4992 1483 5038 et
1517 4998 1709 5038 cervus
1753 4984 1804 5037 in
1854 4992 1970 5038 rete

366 5070 623 5125 decidens
646 5079 701 5126 et
726 5071 1005 5141 effugiens,
1039 5073 1226 5128 iisdem
1274 5076 1466 5130 iterum
1500 5076 1717 5131 difficile
1746 5078 1957 5146 capiun-

370 5174 497 5215 tur:
532 5176 657 5216 nam
708 5162 901 5232 cuique
945 5164 1005 5218 ﬁt
1048 5167 1376 5234 experientia
1426 5169 1649 5221 cautelae
1693 5171 1966 5237 magistra.

370 5251 476 5307 Nos
517 5254 717 5321 smpius
761 5253 949 5307 iisdem
980 5257 1141 5325 capti,
1172 5257 1221 5309 in
1266 5256 1452 5311 eadem
1495 5259 1770 5313 cadimns:
1801 5275 1972 5328 neque

374 5346 650 5399 brutorum
682 5345 1071 5415 providentiam
1098 5358 1154 5402 et
1179 5349 1591 5403 sollicitudinem
1625 5366 1722 5405 nos
1766 5351 1973 5404 ratione

374 5436 608 5489 decorati
638 5436 932 5490 imitamur.
973 5437 1193 5504 Quoties
1223 5440 1423 5509 quippe
1450 5439 1728 5493 mulierem
1756 5445 1971 5509 conspi-

374 5527 505 5587 tati,
548 5542 833 5580 innumera
866 5529 1002 5595 passi
1035 5545 1220 5583 smnus
1249 5533 1448 5599 gravia,
1476 5531 1691 5585 domum
1718 5520 1974 5601 concepta

378 5618 573 5671 reversi
603 5618 918 5686 cupiditate,
955 5629 1008 5675 et
1050 5622 1232 5675 multis
1261 5623 1446 5677 diebus
1488 5624 1671 5679 dolore
1712 5625 1975 5679 confecti?

383 5708 763 5763 Vermntamen
812 5725 915 5762 non
959 5712 1297 5782 eorrigimur,
1336 5715 1430 5768 sed
1458 5714 1542 5768 vix
1586 5717 1764 5784 priore
1793 5731 1977 5772 curato

381 5804 617 5857 vulnere.
654 5814 840 5855 rursus
869 5802 917 5856 in
949 5804 1133 5860 eadem
1176 5805 1426 5874 labimur,
1455 5818 1507 5861 et
1550 5809 1616 5863 ab
1656 5808 1843 5865 iisdem
1880 5826 1973 5865 ex-

1244 380 1333 435 AD
1374 368 1699 432 POI‘ULUM
1738 365 2228 424 ANTIOCIIENUM
2296 364 2523 420 li0.\liL.
2574 363 2685 419 XV.

3507 355 3605 406 15c

2011 497 2327 552 pugnantur,
2354 491 2409 537 et
2446 490 2665 552 propter
2696 479 2911 535 brevem
2943 480 3089 535 visus
3118 478 3446 549 voluptatem
3487 479 3610 533 diu-

2010 588 2221 631 turnum
2261 575 2548 643 quemdam
2575 582 2628 629 et
2652 574 2964 627 eontinuum
2992 572 3232 627 dolorem
3255 572 3606 626 sustinemus.

2010 668 2118 723 Sed
2142 668 2187 722 si
2218 666 2524 736 frequenter
2560 665 2838 720 nobishoc
2868 673 3113 735 repetere
3140 658 3342 718 dictum
3364 662 3615 719 didiceri-

2013 775 2153 824 mus,
2173 757 2425 813 onmibus
2452 757 2604 831 malis
2635 756 3043 811 abstinehimus.
3071 755 3320 825 Laqueus
3350 736 3618 810 maximus

2013 851 2252 915 mulieris
2290 850 2459 903 forma
2490 866 2503 900 :
2552 850 2660 902 imo
2700 862 2831 902 vero
2861 862 2969 902 non
3012 847 3255 902 mulieris
3299 845 3491 912 forma,
3519 844 3618 901 sed

2016 943 2243 998 lascivus
2290 952 2556 1011 aspectus.
2587 940 2701 994 Non
2745 940 2888 995 enim
2950 954 3035 993 res
3077 939 3489 1004 calumniemur,
3518 938 3615 992 sed

2016 1051 2115 1089 nos
2155 1044 2207 1089 et
2236 1045 2475 1088 nostrum
2509 1043 2814 1101 torporem;
2862 1045 3037 1101 neque
3059 1031 3299 1085 dicamus
3332 1047 3345 1082 :
3395 1028 3472 1085 Ne
3514 1030 3623 1084 sint

2020 1127 2297 1191 mulieres,
2331 1118 2446 1189 sed,
2479 1123 2556 1179 Ne
2580 1123 2686 1178 sint
2711 1122 2971 1177 adulteria
2998 1140 3010 1175 :
3058 1138 3231 1192 neque
3259 1122 3520 1194 dicamus,
3545 1120 3625 1176 Ne

2014 1220 2081 1274 sit
2114 1219 2471 1287 pulchritudo.
2502 1217 2618 1283 sed,
2654 1217 2729 1271 Ne
2768 1217 2839 1270 sit
2887 1215 3170 1270 fornicatio
3212 1234 3225 1267 :
3272 1230 3446 1284 neque
3473 1214 3628 1269 dica-

2021 1325 2159 1370 mus.
2194 1309 2269 1364 Ne
2301 1311 2368 1362 sit
2398 1319 2604 1369 venter,
2651 1307 2768 1370 sed,
2799 1308 2915 1362 Non
2956 1308 3027 1362 sit
3051 1307 3268 1377 crapula
3295 1325 3308 1362 :
3346 1322 3449 1361 non
3478 1305 3625 1361 enim

2022 1410 2208 1454 venter
2252 1401 2524 1469 crapulam
2576 1400 2721 1465 facit,
2761 1399 2855 1454 sed
2904 1399 3223 1469 negligentia
3271 1409 3476 1454 nostra.
3508 1398 3627 1453 Non

2022 1494 2299 1557 dicamus,
2348 1493 2485 1558 Quia
2536 1493 2836 1553 cemeditur
2893 1500 2948 1546 ct
3005 1492 3223 1557 bibitur,
3271 1484 3452 1545 omnia
3505 1491 3631 1546 hinc

2026 1583 2164 1638 maia
2195 1602 2206 1635 :
2244 1599 2349 1638 non
2381 1585 2524 1638 enim
2569 1594 2787 1654 propter
2818 1584 2939 1648 hoc,
2968 1584 3063 1639 scd
3095 1594 3315 1654 propter
3357 1593 3630 1654 torporem

2025 1682 2081 1729 ct
2111 1674 2395 1744 ingluviem
2444 1687 2703 1729 nostram.
2733 1675 2848 1729 Non
2880 1676 3114 1752 comedit
3147 1677 3344 1747 quippe
3372 1692 3471 1732 nec
3502 1677 3633 1732 bibit

2028 1765 2291 1832 diabolus,
2321 1776 2375 1821 et
2415 1767 2647 1821 cecidit:
2681 1768 2917 1821 comedit
2944 1778 2998 1821 et
3044 1767 3179 1823 bibit
3228 1768 3444 1836 Paulus,
3485 1778 3540 1824 et
3582 1771 3632 1824 in

2028 1859 2217 1913 cretum
2261 1859 2524 1914 ascendit.
2560 1861 2701 1927 Quot
2738 1860 2979 1915 dicentes
3016 1861 3194 1927 audio,
3235 1861 3351 1917 Non
3382 1862 3453 1917 sit
3500 1878 3634 1933 pau-

2032 1952 2248 2021 pertas?
2295 1951 2681 2007 Obmutescerc
2723 1952 2980 2007 faciamus
3025 1954 3183 2023 igitur
3224 1969 3339 2020 eos,
3380 1957 3468 2026 qui
3513 1958 3635 2009 talia

2032 2058 2173 2113 mgre
2219 2044 2439 2098 ferunt:
2469 2044 2801 2115 blaSphetnia
2837 2046 2980 2100 enim
3023 2054 3107 2101 est
3139 2046 3265 2100 talia
3295 2046 3495 2103 dicere.
3544 2049 3635 2104 Di-

2034 2153 2217 2192 camus
2245 2138 2406 2208 igitur
2437 2138 2589 2208 ipsis,
2624 2138 2741 2194 Non
2768 2141 2840 2195 sit
2869 2139 3279 2211 pusillanimitas
3308 2160 3321 2198 :
3356 2153 3641 2214 paupertas

2035 2230 2179 2284 enim
2206 2231 2487 2285 innumera
2512 2231 2635 2286 vita:
2658 2231 2799 2286 bona
2822 2232 3001 2287 intulit
3027 2242 3249 2299 nostras,
3279 2243 3336 2290 et
3368 2236 3485 2291 sine
3510 2251 3639 2306 pau-

2038 2330 2247 2389 pertate
2282 2321 2497 2377 inutiles
2526 2331 2650 2377 sunt
2678 2321 2899 2377 divitize.
2938 2322 3017 2378 Ne
3046 2324 3437 2380 caiumniemur
3464 2326 3645 2398 itaque

2039 2426 2137 2465 nec
2166 2410 2282 2479 has,
2315 2426 2416 2466 nec
2458 2412 2602 2466 illam
2634 2429 2648 2465 :
2682 2421 2969 2482 paupertas
2998 2414 3141 2469 enim
3185 2425 3242 2470 et
3269 2414 3469 2472 divitia:
3520 2430 3647 2474 sunt

2040 2517 2207 2569 arma,
2234 2502 2303 2557 ad
2329 2494 2579 2558 virtutem
2606 2514 2835 2574 utraque
2866 2503 3114 2571 ferentia,
3140 2507 3185 2561 si
3212 2507 3462 2563 velimus.
3494 2510 3648 2569 Sicut

2041 2595 2201 2665 igitur
2248 2590 2543 2664 generosus
2590 2595 2765 2659 miles,
2796 2595 3171 2668 quodcumque
3199 2596 3401 2654 ferrum
3448 2601 3646 2670 capiat,

2038 2684 2313 2753 propriam
2344 2686 2595 2740 virtutem
2631 2687 2869 2742 ostendit
2904 2705 2919 2743 :
2965 2688 3043 2744 sic
3073 2690 3303 2747 imbellis
3330 2700 3383 2748 et
3428 2691 3650 2763 ignavus

2043 2777 2111 2830 ab
2136 2776 2386 2830 omnibus
2429 2776 2739 2848 impeditur.
2769 2778 2838 2833 Et
2864 2787 2924 2833 ut
2945 2778 3122 2835 discas
3149 2779 3252 2836 hoc
3290 2796 3476 2837 verum
3506 2797 3651 2854 esse,

2046 2871 2187 2926 illius
2218 2872 2348 2924 mihi
2377 2869 2481 2926 Job
2510 2871 2818 2937 recordare,
2845 2872 2937 2943 qui
2983 2873 3143 2929 simul
3173 2886 3229 2930 et
3258 2874 3410 2931 dives
3437 2886 3490 2931 et
3518 2892 3652 2945 pau-

2048 2978 2144 3032 per
2163 2963 2334 3019 factus
2354 2973 2457 3030 est,
2479 2973 2534 3019 et
2559 2974 2783 3035 utraque
2803 2980 2952 3020 arma
2975 2970 3242 3033 tractavit,
3263 2978 3315 3023 ct
3343 2969 3394 3023 in
3413 2971 3655 3042 utriSque

2050 3054 2193 3109 vicit.
2227 3054 2295 3109 Et
2321 3055 2536 3126 quando
2566 3055 2721 3111 dives
2751 3056 2968 3126 quidem
3013 3069 3151 3124 erat,
3182 3058 3394 3116 dicebat
3423 3078 3437 3115 :
3477 3060 3656 3117 Ianua

2051 3162 2162 3200 mea
2201 3147 2340 3199 omni
2388 3147 2604 3201 venienti
2646 3148 2742 3218 fuit
2780 3158 2959 3217 aperta
3007 3148 3128 3219 (Job
3160 3150 3400 3223 31.32);
3441 3155 3657 3221 quando

2052 3252 2183 3292 vero
2212 3252 2417 3306 pauper
2457 3236 2625 3293 factus
2652 3249 2758 3306 est,
2790 3239 3040 3295 dicebat:
3074 3242 3325 3297 Dominus
3349 3244 3508 3309 dedit,
3543 3243 3656 3300 Do-

2054 3332 2223 3384 minus
2261 3329 2502 3396 abstulit;
2533 3333 2661 3386 sicut
2700 3331 2922 3387 Domino
2972 3335 3183 3404 placuit,
3230 3336 3302 3389 ita
3346 3340 3536 3407 factum
3578 3349 3654 3394 est

2056 3421 2116 3483 (J
2118 3423 2179 3476 ob
2195 3424 2218 3478 i
2234 3463 2247 3475 .
2262 3421 2379 3496 21).
2396 3423 2528 3478 Dum
2548 3423 2643 3478 fuit
2663 3424 2832 3489 dives,
2848 3426 3067 3481 multam
3088 3427 3523 3497 hospitalitatem,
3538 3448 3660 3490 cum

2056 3512 2228 3567 factus
2252 3522 2335 3567 est
2365 3527 2586 3582 pauper,
2618 3515 2841 3569 multam
2871 3516 3179 3585 patientiam
3218 3518 3480 3574 exhibuit.
3514 3522 3580 3577 Et
3604 3531 3661 3578 tu

2058 3603 2217 3675 igitur
2255 3606 2300 3659 si
2337 3605 2490 3661 dives
2518 3621 2597 3672 es,
2633 3607 2853 3661 multant
2879 3607 3190 3664 demonstra
3228 3611 3660 3685 electilesynam:

2059 3697 2103 3750 si
2135 3711 2337 3767 pauper
2381 3696 2556 3752 factus
2593 3712 2674 3763 es,
2702 3698 2969 3768 patientia:
2996 3701 3226 3757 nmltum
3257 3712 3313 3759 et
3341 3704 3662 3762 tolerantiae.

2060 3786 2243 3858 Neque
2282 3789 2425 3844 enim
2464 3789 2664 3844 divitia:
2690 3790 2891 3845 malum
2913 3833 2928 3857 ,
2964 3809 3065 3850 nec
3093 3804 3376 3865 paupertas
3403 3799 3667 3868 simplici-

2064 3889 2165 3946 ter,
2191 3879 2281 3935 sed
2300 3883 2450 3950 juxta
2478 3882 2806 3937 voluntatem
2837 3886 3097 3940 utentium
3126 3885 3243 3942 haec
3268 3898 3493 3956 utraque
3511 3892 3667 3948 fiunt.

2136 3974 2189 4027 4.
2217 3970 2327 4027 Nos
2353 3972 2514 4043 igitur
2540 3973 2686 4042 ipsos
2714 3975 3075 4040 instituamus.
3104 3986 3294 4034 utnon
3336 3981 3458 4035 talia
3487 3982 3555 4038 de
3578 3998 3669 4039 re-

2065 4062 2164 4118 bus
2188 4061 2663 4134 feramusjndicia,
2696 4081 2871 4136 neque
2903 4068 2996 4122 Dei
3024 4084 3211 4137 Opera,
3245 4071 3338 4126 scd
3366 4073 3668 4142 improbam

2067 4153 2340 4210 hominum
2363 4158 2689 4213 voluntatem
2708 4168 3044 4215 accusemus.
3070 4161 3253 4234 Neque
3276 4166 3670 4235 pusillanimem

2066 4246 2264 4302 divitia:
2307 4260 2530 4318 possunt
2569 4251 2844 4321 adjuvare,
2877 4269 2977 4309 nec
3018 4258 3361 4327 magnanimo
3390 4263 3673 4333 pauperies

2067 4354 2299 4409 Unquam
2335 4351 2512 4396 nocet.

2143 4430 2444 4486 Occasiones
2485 4433 2721 4487 vitanda.
2752 4462 2822 4475 -—-
2847 4436 3216 4506 Aguoscamus
3243 4439 3404 4511 igitur
3426 4442 3670 4513 laqueos,

2069 4521 2214 4577 etab
2246 4523 2374 4590 ipsis
2406 4524 2587 4593 procul
2615 4537 2830 4579 eamus:
2854 4542 3209 4597 agnoscamus
3235 4532 3547 4600 prtecipitia,
3572 4551 3675 4591 nec

2071 4615 2580 4684 appropinquemus.
2617 4616 2729 4671 Hoc
2772 4619 3004 4673 maxime
3048 4624 3352 4678 securitatis
3381 4626 3533 4680 nobis
3573 4630 3680 4685 erit

2072 4705 2305 4768 occasio,
2338 4721 2443 4760 non
2492 4715 2695 4761 tantum
2742 4718 2958 4777 peccata
3007 4710 3212 4783 fugere,
3242 4730 3426 4770 verum
3476 4727 3529 4773 et
3557 4736 3679 4791 qua:

2072 4797 2319 4851 videntur
2369 4799 2719 4854 ittdiﬂerentia
2752 4800 2968 4871 quidem
3017 4820 3157 4872 esse,
3209 4807 3303 4863 sed
3350 4810 3418 4864 ad
3463 4825 3680 4881 peccata

2077 4903 2178 4942 nos
2206 4890 2570 4959 supplantant.
2605 4892 2847 4963 Exempli
2875 4910 3036 4950 causa
3065 4897 3263 4966 ridere,
3304 4910 3357 4955 et
3378 4902 3565 4971 jocosa
3600 4907 3683 4961 di-

2075 4995 2200 5034 cere
2225 4981 2411 5049 verba,
2443 4998 2548 5037 non
2595 4984 2935 5040 manifestum
2971 4989 3186 5058 quidem
3239 5004 3514 5060 peccatmn
3563 5012 3686 5053 esse

2077 5071 2307 5137 videtur,
2347 5073 2441 5127 sed
2483 5075 2535 5127 itt
2579 5075 2921 5132 manifestum
2963 5080 3165 5134 crimen
3214 5080 3461 5138 inducit:
3491 5101 3685 5157 nempe

2079 5165 2275 5235 Sa-pius
2313 5182 2379 5220 ex
2426 5166 2538 5220 risu
2588 5169 2760 5237 turpia
2807 5183 3100 5226 nascuntur
3145 5175 3329 5237 verba.
3363 5192 3392 5229 a
3442 5180 3687 5248 turpibus

2079 5258 2257 5312 verbis
2288 5260 2529 5314 actiones
2575 5263 2859 5330 turpiores.
2889 5263 3098 5333 Sa-pius
3139 5282 3204 5321 ex
3252 5270 3429 5325 verbis
3474 5281 3529 5326 et
3575 5273 3687 5328 risu

2081 5350 2325 5404 convicia
2371 5362 2425 5405 et
2454 5355 2825 5421 contumelias;
2874 5355 2940 5410 de
2982 5359 3226 5413 convicio
3270 5370 3325 5415 et
3364 5367 3691 5419 contumelia

2084 5443 2251 5512 plaga:
2268 5453 2321 5497 et
2351 5445 2593 5508 vulnera,
2617 5446 2685 5501 de
2703 5448 3013 5504 vulneribus
3037 5462 3090 5506 et
3106 5453 3275 5523 plagis
3302 5457 3478 5512 caedes
3507 5470 3559 5513 et
3584 5459 3687 5513 ho-

2086 5535 2321 5587 micidia.
2346 5536 2400 5589 Si
2434 5536 2528 5589 tibi
2561 5538 2720 5607 igitur
2750 5540 2885 5595 bene
2905 5544 3246 5598 consulturus
3272 5562 3349 5613 es,
3378 5564 3480 5602 non
3516 5552 3693 5620 turpia

2088 5634 2290 5679 tantum
2325 5629 2506 5693 verba,
2539 5646 2710 5699 neque
2742 5634 2913 5701 turpia
2950 5642 3152 5688 tantum
3194 5636 3354 5702 facta,
3385 5657 3555 5711 neque
3581 5645 3691 5711 pla-

2086 5733 2179 5785 gas
2220 5727 2273 5771 ct
2301 5720 2518 5773 vulnera
2551 5732 2605 5776 et
2645 5723 2952 5791 homicidia,
2998 5744 3183 5782 verum
3207 5740 3259 5784 ct
3290 5731 3463 5800 ipsum
3499 5736 3691 5793 intem-

2090 5811 2351 5880 pestivum
2384 5813 2547 5868 risum
2593 5823 2648 5870 et
2686 5817 2845 5872 verba
2900 5818 3069 5891 fugies
3118 5824 3385 5891 scurrilia,
3436 5830 3689 5895 quernum
