4232 6320
585 402 687 459 1313

579 511 1019 583 subsequendam
1052 511 1318 570 malorum
1346 514 1499 570 radix
1523 514 1649 571 talia
1674 530 1797 573 esse
1822 516 2018 571 solent.
2040 513 2172 570 Pro-

579 615 759 675 pterea
800 604 997 662 Paulus
1048 604 1261 676 inquit:
1304 604 1694 678 Stultiloquium
1720 617 1767 663 et
1791 606 2075 662 scurrilitas
2112 617 2177 659 ns

574 694 788 766 prodeat
811 710 875 750 es
898 711 987 749 ore
1005 704 1169 750 uestro
1206 691 1427 765 (Ephes.
1456 696 1514 753 5.
1541 697 1622 768 3).
1650 696 1764 752 Etsi
1809 709 2039 765 namque
2080 708 2175 765 per

574 798 636 840 se
663 799 884 855 parvum
914 784 1086 855 ipsum
1110 780 1232 841 esse
1254 785 1483 855 videtur,
1512 802 1825 856 magnorum
1852 796 2034 842 tamen
2059 801 2174 841 ma-

573 876 747 929 lorum
788 890 950 931 causa
987 876 1142 931 nobis
1183 875 1437 933 efﬁcitur.
1483 877 1714 932 Rursum
1743 878 1949 933 deliciis
1983 892 2174 933 vacare

573 979 680 1020 non
725 965 938 1022 videtur
966 967 1183 1038 quidem
1223 981 1346 1022 esse
1391 966 1595 1022 crimen
1623 968 1965 1024 manifestum
1991 977 2046 1022 et
2073 982 2172 1024 ex-

573 1070 861 1127 pressum;
905 1068 1141 1113 attamen
1192 1058 1360 1114 multa
1402 1058 1558 1115 nobis
1586 1060 1724 1130 parit
1750 1061 1912 1126 mala,
1936 1060 2171 1116 ebrieta-

547 1162 701 1216 tem,
731 1151 989 1213 furorem,
1020 1152 1319 1215 avaritiam,
1364 1152 1599 1223 rapinas.
1633 1151 1991 1225 Sumptuosus
2027 1154 2171 1208 enim

568 1254 624 1298 et
651 1244 847 1309 lautus,
886 1254 941 1299 et
970 1244 1267 1300 ministeria
1295 1246 1471 1301 ventri
1503 1245 1817 1301 ministrans
1860 1245 2172 1302 intolerabi-

538 1362 545 1368 -
573 1333 663 1399 lia,
691 1333 857 1388 furari
884 1349 1030 1404 sirpe
1055 1323 1263 1405 cogitur
1285 1344 1340 1390 et
1364 1336 1537 1391 aliena
1567 1350 1758 1406 rapere
1787 1344 1844 1392 et
1866 1336 2170 1404 opprimere

570 1434 625 1479 et
654 1424 876 1480 violare.
927 1425 983 1481 Si
1034 1422 1255 1481 delicias
1297 1427 1478 1497 itaque
1524 1426 1716 1497 fugias,
1749 1435 1805 1483 et
1849 1413 2085 1482 avaritia:
2114 1437 2171 1484 et

571 1518 852 1587 rapinte‘ct
876 1518 1148 1574 ebrietatis
1177 1528 1227 1573 et
1257 1519 1720 1574 innumerabilium
1752 1520 2013 1575 malorum
2041 1534 2166 1575 sus-

571 1610 736 1665 tulisti
795 1611 1098 1677 materiam,
1137 1611 1430 1681 iniquitatis
1469 1612 1701 1671 radicem
1730 1627 1760 1666 a
1792 1611 2051 1682 principio
2082 1627 2171 1666 re-

569 1717 779 1757 secans.
815 1703 1106 1771 Propterea
1133 1712 1189 1758 et
1216 1704 1411 1759 Paulus
1439 1703 1649 1757 dicebat
1681 1719 1695 1755 :
1733 1703 1861 1768 Qnte
1887 1703 1939 1755 in
1969 1702 2169 1755 deliciis

568 1802 643 1846 est
667 1793 839 1857 vidua,
868 1794 1037 1847 uirens
1062 1803 1259 1845 mortua
1289 1806 1361 1846 est
1389 1791 1454 1859 (Ι.
1488 1791 1622 1846 Tim.
1650 1792 1702 1845 5.
1735 1791 1814 1860 6).
1860 1791 1914 1845 lu
1959 1792 2168 1846 theatra

570 1896 779 1935 rursum
826 1881 1137 1947 ascendere,
1169 1894 1221 1937 et
1252 1897 1510 1951 equorum
1559 1880 1853 1936 certamina
1896 1888 2165 1951 spectare,

567 1980 624 2025 et
664 1972 809 2026 aleas
849 1982 1078 2026 tractare
1123 1989 1227 2025 non
1275 1974 1484 2027 videtur
1522 1972 1702 2027 multis
1740 1983 2019 2044 peccatum
2048 1987 2169 2029 esse

568 2062 932 2123 manili-stum.
972 2064 1063 2117 scd
1096 2056 1301 2118 infinita
1338 2063 1459 2117 vita:
1494 2064 1631 2118 mala
1661 2064 1800 2120 solet
1825 2064 2042 2119 inferre.
2072 2064 2167 2119 Et-

566 2153 710 2207 enim
755 2155 805 2207 in
855 2155 1076 2209 theatris
1106 2155 1411 2210 immoratio
1452 2154 1879 2217 fornicationem,
1919 2154 2166 2223 petulans

567 2245 715 2311 tiam,
729 2254 783 2299 et
802 2260 1016 2300 omnem
1038 2245 1477 2300 incontinentiam
1505 2245 1712 2314 peperit
1732 2261 1745 2296 :
1773 2253 1827 2298 et
1845 2243 2167 2297 circensium

567 2337 931 2407 spectaculum
977 2324 1199 2407 pugnas,
1231 2336 1493 2401 convicia,
1523 2335 1763 2399 vulnera,
1791 2332 2164 2400 contumelias,

563 2428 719 2500 iuges
770 2426 1345 2481 inimicitias'addtuit
1377 2444 1391 2481 :
1423 2435 1477 2480 et
1523 2426 1665 2480 circa
1715 2424 1860 2480 aleae
1905 2426 2163 2491 studium,

566 2519 947 2588 blasphemias,
976 2518 1234 2589 iacturas,
1270 2518 1394 2582 iras,
1418 2518 1679 2581 convicia,
1712 2517 2027 2595 infinitaque
2061 2517 2167 2571 alia

567 2614 653 2667 his
681 2612 926 2682 graviora
971 2626 1117 2681 smpe
1148 2612 1421 2681 produxit.
1468 2610 1547 2665 Ne
1577 2619 1780 2665 tantum
1826 2611 2011 2681 itaque
2036 2623 2166 2680 pec-

566 2715 684 2756 cata
712 2703 995 2772 fugiamus,
1026 2717 1209 2756 verum
1238 2712 1293 2756 et
1314 2717 1375 2756 ea
1405 2702 1618 2772 quidem
1649 2718 1769 2770 qua:
1808 2686 2167 2757 indifferentia

564 2793 832 2858 videntur,
852 2794 945 2848 sed
975 2793 1230 2862 paulatim
1253 2795 1304 2847 in
1330 2794 1443 2848 hare
1461 2803 1678 2863 peccata
1707 2808 1805 2849 nos
1833 2793 2164 2864 pertrahent.

568 2882 699 2937 Nam
728 2885 818 2955 qui
865 2884 1016 2952 iuxta
1069 2885 1421 2953 principitium
1478 2886 1736 2952 ambulat,
1777 2886 2029 2955 quamvis
2057 2901 2167 2940 non

563 2977 798 3039 decidat,
830 2978 1031 3042 tremit,
1078 2984 1132 3030 et
1173 2990 1546 3045 saepenumero
1589 2977 1658 3031 ab
1712 2976 1827 3045 ipso
1877 2976 2167 3032 subversas

567 3080 807 3122 tremore
835 3068 1031 3122 decidit
1060 3086 1073 3122 :
1107 3068 1176 3120 ita
1207 3077 1261 3122 et
1286 3068 1374 3137 qui
1407 3082 1512 3121 non
1544 3058 1728 3137 procul
1768 3076 1984 3138 peccata
2011 3068 2163 3138 fugit,

565 3160 660 3215 sed
691 3174 847 3215 secus
887 3162 1001 3229 ipsa
1046 3162 1213 3226 vadit,
1254 3174 1377 3214 cum
1428 3161 1621 3215 timore
1663 3161 1828 3227 vivet,
1860 3170 1911 3214 et
1967 3160 2020 3214 in
2051 3159 2167 3230 ipsa

567 3252 776 3306 labetur
812 3253 1027 3321 saepius.
1070 3249 1203 3305 Nam
1232 3250 1322 3320 qui
1348 3251 1551 3305 alienas
1575 3249 1787 3305 curiose
1810 3257 2019 3320 spectat
2051 3250 2165 3304 for-

569 3358 704 3408 mas,
737 3342 980 3413 quamvis
1022 3358 1129 3396 non
1177 3342 1497 3407 mcechetur,
1532 3351 1710 3396 tamen
1757 3342 2085 3410 concupivit,
2112 3350 2169 3397 et

564 3438 857 3491 secundum
875 3436 1069 3491 Christi
1090 3436 1412 3491 sententiam
1432 3435 1603 3491 factus
1620 3444 1701 3489 est
1717 3435 1926 3490 adulter
1947 3433 2163 3507 (Matth.

566 3529 619 3582 5.
650 3526 781 3599 28);
828 3528 1027 3597 sarpius
1068 3536 1248 3582 autem
1278 3528 1346 3583 ab
1389 3527 1502 3596 ipsa
1550 3524 1983 3595 concupiscentia
2012 3534 2067 3580 et
2112 3525 2167 3579 in

528 3612 533 3615 ’
564 3629 844 3692 peccatum
874 3635 933 3673 re
965 3618 1077 3689 ipsa
1099 3618 1361 3675 defertur.
1388 3617 1498 3673 Nos
1544 3618 1704 3690 igitur
1748 3618 1895 3687 ipsos
1923 3616 2108 3687 procul
2134 3632 2167 3671 a

566 3712 801 3781 peccatis
831 3712 1178 3767 retineamus.
1208 3711 1298 3765 Vis
1327 3719 1631 3781 temperans
1659 3711 1820 3765 esse?
1862 3726 1931 3766 ne
1961 3718 2166 3775 tantum

566 3804 737 3874 fugias
782 3803 1244 3866 adulterium,sed
1283 3805 1443 3857 etiam
1492 3803 1819 3873 petulantem
1864 3812 2164 3873 aSpeetum.

566 3895 661 3951 Vis
689 3911 720 3948 a
752 3895 932 3949 verbis
960 3895 1203 3964 turpibus
1232 3880 1464 3950 abesse?
1508 3910 1576 3950 ne
1612 3895 1779 3951 verba
1823 3904 2029 3950 tantum
2057 3904 2168 3950 tur-

567 3990 653 4057 pia
686 3988 875 4058 fugias,
908 4004 1094 4042 verum
1133 3996 1188 4043 et
1216 3989 1383 4041 risum
1412 3987 1669 4054 solutum,
1701 3995 1757 4042 et
1786 4002 2003 4042 omnem
2032 4002 2166 4041 con-

567 4080 975 4150 cupiscentiam.
1002 4079 1092 4133 Vis
1114 4080 1349 4133 caedibus
1375 4094 1496 4133 esse
1526 4079 1753 4147 procul?
1774 4079 1901 4150 fuge
1924 4080 2167 4136 convicia

566 4188 797 4243 quoque.
832 4172 925 4225 Vis
955 4170 1023 4225 ab
1062 4172 1322 4225 ebrietate
1371 4169 1646 4239 separari?
1689 4169 1813 4241 fuge
1861 4171 2083 4229 delicias
2112 4179 2168 4227 et

568 4268 742 4322 lautas
786 4278 1021 4326 mensas,
1055 4272 1109 4318 ct
1139 4262 1397 4317 radicitus
1428 4262 1614 4318 vitium
1644 4263 1901 4333 exstirpa.
1946 4263 2166 4333 Magnus

567 4360 789 4426 laqueti;
830 4364 913 4410 est
956 4355 1150 4424 lingua:
1198 4354 1527 4424 petulantia,
1569 4363 1623 4408 et
1670 4352 1828 4409 freno
1872 4354 2165 4410 admodum

567 4452 831 4520 indigens.
858 4450 1151 4516 Propterea
1182 4457 1235 4501 et
1256 4446 1471 4515 qudam
1504 4448 1673 4517 inquit
1701 4466 1714 4498 :
1743 4446 1979 4516 Laqueus
2019 4449 2167 4517 [ortis

568 4546 672 4599 riro
706 4544 915 4613 propria
942 4540 1099 4608 ιιιὸἱα,
1127 4550 1171 4596 et
1202 4541 1403 4610 capitur
1430 4540 1590 4595 verbis
1619 4543 1723 4596 oris
1752 4543 1947 4613 proprii
1980 4540 2165 4612 (Prov.

569 4639 621 4693 ti.
670 4635 758 4705 ελ).

643 4730 697 4783 5.
740 4726 935 4780 lterum
956 4735 1133 4779 contra
1154 4726 1472 4796 juramenta.
1496 4755 1564 4765 -—
1592 4724 1765 4796 Supra
1791 4736 1983 4780 cmtera
2009 4726 2170 4796 igitur

496 4856 499 4857 ν
569 4832 763 4877 cuneta
791 4818 1033 4873 membra
1066 4817 1205 4872 hanc
1237 4815 1604 4878 moderemur.
1639 4817 1776 4871 banc
1806 4817 2162 4882 refrenemus,

574 4924 631 4970 et
659 4911 898 4967 convicia
926 4908 1390 4978 contumeliasque
1418 4923 1481 4962 ac
1512 4908 1835 4977 turpiloquia
1864 4918 1917 4963 et
1946 4908 2170 4962 maledi-

570 5016 657 5061 cta
679 5021 743 5059 ex
771 5020 864 5057 ore
886 5003 1169 5072 pellamus,
1195 5007 1249 5055 et
1271 5000 1463 5054 malam
1488 5000 1919 5069 inrameutorum
1946 5015 2173 5055 consue-

577 5096 816 5151 tudinem
844 5111 856 5145 :
883 5108 1093 5148 rursum
1126 5093 1272 5147 enim
1314 5108 1416 5146 nos
1454 5092 1519 5145 ad
1566 5091 1813 5146 eamdem
1845 5092 2171 5147 admonitio-

579 5205 701 5242 nem
731 5202 908 5240 scrmo
930 5185 1166 5240 deduxit.
1198 5185 1273 5237 Et.
1290 5184 1505 5255 quidem
1536 5184 1798 5239 hericum
1813 5193 1991 5240 vestra
2008 5183 2185 5238 chari-

576 5290 687 5336 ttte
736 5279 1025 5340 constitui,
1073 5291 1158 5330 me
1208 5277 1592 5344 nonsatnplins
1640 5275 1709 5329 de
1766 5275 1868 5329 hoc
1920 5276 2173 5331 mandato

580 5374 845 5425 dicturum
880 5386 893 5423 :
927 5369 1179 5438 quoniam
1211 5369 1461 5422 omnibus
1490 5366 1859 5435 superioribus
1885 5366 2074 5420 diebus
2101 5368 2172 5423 de

578 5465 674 5517 illo
706 5461 1038 5516 sufficienter
1068 5459 1355 5514 dissertum
1382 5468 1465 5513 est
1491 5475 1505 5512 :
1529 5456 1625 5513 sed
1658 5456 1784 5526 quid
1816 5456 2042 5511 faciam?
2071 5458 2175 5512 Do-

584 5576 684 5615 nec
732 5573 827 5613 vos
869 5565 1142 5611 correctos
1182 5554 1414 5620 videam,
1460 5568 1564 5606 non
1616 5567 1837 5621 possum
1881 5567 1909 5604 a
1952 5553 2178 5607 consilio

580 5649 755 5705 dando
801 5648 1070 5702 abstinere
1100 5647 1162 5699 ‘z
1204 5644 1455 5714 quoniam
1497 5651 1551 5697 ct
1598 5642 1800 5701 Paulus
1839 5643 1929 5712 qui
1974 5642 2177 5698 Galatia

648 5789 660 5814 ι
700 5784 840 5833 Sani.
872 5792 923 5833 et
944 5782 1134 5845 plurimi
1153 5788 1282 5842 Mss,
1307 5777 1681 5833 nonsustitwo...
1710 5776 1964 5830 abstinere.
1991 5778 2176 5840 alorci,

583 5860 673 5899 non
696 5847 909 5908 μέντοι...
932 5845 1186 5895 abstinere.

1329 405 1388 461 S.
1427 403 1708 483 JOANNIS
1744 399 2231 462 CHRYSOSTOMI
2268 401 2585 465 ARCBIEP.
2626 410 3166 474 CONSTANTINOP.

3756 426 3860 485 {60

2286 512 2447 584 ilicit,
2475 517 2729 593 Deinceps
2764 522 2961 582 Mores
2984 528 3111 583 milii
3150 544 3296 585 nemo
3334 532 3553 600 prebeat
3579 530 3776 606 (Colat.
3807 539 3863 598 Β.

2281 609 2409 678 Η),
2440 626 2651 668 rursum
2695 615 2826 685 ipsis
2868 628 3092 689 apparet
3129 634 3453 692 censu-essuri
3494 634 3551 681 et
3591 626 3869 698 loquutus.

2281 698 2594 770 Huiusmodi
2637 715 2764 761 sunt
2807 719 3028 777 paterna
3058 711 3264 766 viscera
3284 754 3300 779 ,
3325 715 3429 770 etsi
3463 731 3775 774 recessuros
3801 735 3866 777 se

2277 802 2460 862 patres
2483 808 2604 849 esse
2632 794 2845 865 dicant,
2873 814 2981 854 non
3027 800 3328 869 absistunt,
3368 803 3543 863 donec
3586 819 3865 865 correctos

2277 880 2509 937 viderint
2534 882 2675 939 filios
2695 900 2843 943 suos.
2873 889 3115 947 Audistis
3135 893 3448 963 prophetam
3473 896 3541 952 de
3560 897 3875 966 iuramento

2278 973 2438 1031 hodie
2464 976 2619 1031 nobis
2646 977 2954 1049 loquentem
2972 981 2998 1035 ?
3026 981 3248 1053 Respexi
3287 986 3450 1041 oculis
3478 990 3632 1053 meis,
3661 990 3709 1043 et
3734 991 3875 1060 uidi,

2275 1066 2487 1136 inquit,
2530 1077 2580 1122 et
2641 1085 2755 1124 ecce
2800 1071 2914 1141 fata:
2967 1073 3145 1131 volans
3196 1077 3541 1149 longitudinis,
3583 1082 3871 1136 cubitorum

2275 1157 2474 1228 viginti,
2520 1169 2568 1214 et
2610 1161 2897 1217 latitudinis
2945 1164 3225 1221 cubitorum
3275 1170 3467 1225 decem.
3500 1167 3571 1226 Et
3621 1172 3753 1228 dixit
3802 1173 3877 1229 ad

2273 1264 2380 1313 me,
2431 1250 2571 1316 Quid
2616 1262 2672 1306 tu
2717 1254 2894 1309 uides?
2916 1264 2965 1309 et
3001 1256 3143 1322 dixi,
3180 1255 3338 1313 Video
3390 1262 3575 1332 falcem
3621 1266 3875 1320 volantem

2274 1341 2609 1412 longitudinis
2647 1345 2932 1401 cubitorum
2983 1348 3164 1419 uiginti
3183 1391 3199 1417 ,
3246 1359 3293 1404 et
3340 1351 3627 1409 latitudinis
3676 1354 3875 1410 cubito-

2272 1447 2387 1485 rum
2434 1430 2623 1487 decem.
2673 1435 2740 1490 Et
2791 1437 3102 1510 ingredietur
3143 1441 3385 1509 domum,
3429 1445 3595 1516 inquit
3622 1486 3638 1511 ,
3680 1448 3877 1518 juratu-

2272 1521 2335 1576 tis
2361 1524 2562 1578 nomine
2589 1541 2722 1589 meo,
2754 1536 2802 1581 et
2828 1528 3050 1584 destruet
3079 1531 3132 1585 in
3160 1533 3348 1599 medio,
3380 1542 3428 1589 et
3450 1533 3695 1603 sutfodiet
3722 1537 3868 1609 lapi-

2272 1612 2359 1666 des
2376 1621 2425 1667 et
2448 1614 2589 1684 ligna
2608 1615 2793 1683 (Zach.
2815 1619 2867 1674 5.
2894 1620 3029 1689 1-4).
3050 1620 3189 1688 Quid
3214 1624 3425 1679 tandem
3449 1636 3534 1681 est
3556 1626 3757 1682 dictum
3772 1628 3799 1683 ἳ
3816 1637 3873 1684 et

2246 1714 2247 1717 ‘
2272 1716 2374 1771 qua
2403 1702 2472 1758 de
2496 1718 2657 1761 causa
2682 1708 2743 1761 in
2767 1710 2947 1778 specie
2968 1712 3144 1779 falcis,
3164 1722 3219 1768 et
3247 1712 3400 1770 falcis
3422 1717 3650 1772 volantis
3674 1719 3872 1787 iuran-

2274 1801 2355 1847 tes
2380 1808 2610 1864 sequens
2639 1810 2797 1865 paena
2825 1800 3070 1856 videtur?
3113 1801 3182 1858 Ut
3210 1803 3466 1859 ultionem
3499 1805 3868 1863 inevitabilem

2272 1898 2413 1951 esse,
2434 1896 2489 1942 et
2507 1890 2827 1958 supplicium
2847 1892 3105 1950 declinari
3127 1910 3231 1952 non
3264 1911 3420 1962 posse
3441 1898 3641 1956 videas.
3668 1900 3872 1960 Ensetu

2270 1975 2416 2031 enim
2442 1976 2715 2035 volantem
2747 1981 2968 2036 forsitan
2994 1984 3186 2054 aliquis
3214 1986 3453 2057 effugere
3495 1991 3693 2059 poterit
3717 2007 3732 2044 :
3764 1990 3871 2045 fal-

2270 2080 2388 2120 cem
2429 2076 2607 2123 autem
2651 2070 2705 2123 in
2744 2072 2941 2126 collum
2984 2074 3262 2145 delapsam
3300 2088 3354 2132 et
3399 2093 3496 2148 pro
3517 2079 3757 2137 funiculo
3786 2082 3871 2138 fa-

2271 2165 2431 2222 ctam,
2460 2175 2620 2215 nemo
2647 2161 2831 2231 fugere
2861 2173 3067 2233 potest:
3098 2182 3219 2223 cum
3244 2177 3424 2225 autem
3454 2179 3512 2227 et
3539 2172 3641 2227 alas
3663 2173 3868 2243 adsint,

2270 2262 2391 2315 quae
2416 2248 2603 2304 salutis
2625 2251 2849 2308 ulterius
2874 2254 3034 2323 spes?
3068 2256 3180 2322 Qua
3214 2272 3342 2313 vero
3371 2259 3440 2316 de
3464 2275 3627 2317 causa
3657 2263 3872 2334 lapides

2270 2348 2327 2393 et
2366 2339 2505 2410 ligna
2541 2341 2774 2412 iurantis
2811 2344 3087 2402 dissolvit?
3115 2347 3187 2404 Ut
3230 2351 3382 2405 ruina
3426 2352 3547 2409 aliis
3590 2356 3858 2412 concutio

2271 2431 2385 2485 flat.
2405 2431 2538 2499 Quia
2556 2436 2700 2489 enim
2722 2435 2991 2505 iurantem
3009 2449 3279 2496 mortuum
3299 2453 3437 2498 terra
3458 2446 3618 2503 condi
3645 2460 3873 2505 necesse

2272 2533 2354 2579 est
2373 2566 2390 2590 ,
2422 2525 2614 2580 domus
2638 2526 2899 2583 dissoluta
2927 2540 2983 2584 et
3016 2532 3069 2585 in
3109 2535 3321 2589 ruinam
3353 2551 3511 2591 versa
3536 2550 3872 2606 prtetereun-

2276 2617 2416 2671 tibus
2440 2618 2691 2674 omnibus
2716 2629 2770 2675 et
2799 2624 3144 2679 cernentibus
3172 2625 3471 2683 admonitio
3492 2630 3595 2683 erit
3613 2670 3633 2697 ,
3660 2639 3719 2684 ut
3761 2647 3872 2687 non

2270 2706 2459 2762 eadem
2490 2708 2742 2775 audeant,
2776 2726 2846 2766 ne
2871 2711 3059 2769 eadem
3091 2718 3382 2784 patiantur,
3407 2718 3603 2789 illaque
3630 2719 3874 2778 defuncti

2271 2801 2475 2855 crlmen
2503 2814 2718 2870 semper
2743 2810 2948 2873 arguet.
2978 2802 3096 2860 Non
3123 2805 3193 2861 ita
3222 2808 3409 2878 pungit
3431 2811 3599 2874 ensis,
3622 2811 3763 2865 sicut
3786 2810 3877 2881 iu-

2270 2891 2499 2945 ramenti
2518 2902 2702 2947 natura
2720 2910 2733 2946 :
2754 2908 2860 2948 non
2877 2894 2956 2950 sic
2970 2895 3165 2951 occidit
3180 2897 3410 2966 gladius,
3429 2899 3875 2971 sicutiuramenti

2274 2982 2452 3053 plaga.
2482 2982 2717 3039 Juratus‘
2732 2986 2833 3041 etsi
2862 2987 3043 3046 vivere
3066 2986 3339 3056 videatur,
3357 2993 3468 3059 jam
3496 3002 3745 3048 mortuus
3763 3003 3870 3062 est,

2271 3082 2327 3128 ct
2354 3074 2547 3129 vulnus
2572 3076 2819 3145 excepit:
2843 3087 2898 3132 et
2936 3078 3073 3132 sicut
3110 3079 3202 3149 qui
3249 3088 3451 3135 restem
3478 3082 3655 3152 capit,
3692 3084 3874 3153 prius-

2269 3182 2431 3237 quam
2477 3168 2693 3224 civitate
2734 3168 3059 3238 egrediatur,
3105 3180 3160 3226 et
3184 3171 3254 3227 ad
3288 3173 3640 3243 praecipitium
3667 3175 3872 3242 veniat,

2271 3266 2327 3313 et
2354 3267 2609 3314 tortorem
2636 3257 2815 3313 videat
2840 3258 3211 3315 imminentem
3234 3302 3248 3327 ,
3280 3270 3525 3317 mortuus
3548 3274 3632 3319 est
3651 3305 3666 3329 ,
3707 3265 3870 3320 simul

2273 3366 2335 3406 ac
2367 3352 2600 3421 praetorii
2635 3351 2831 3420 ianuas
2856 3366 3106 3420 egressus
3132 3362 3257 3408 est:
3287 3355 3367 3410 sic
3391 3364 3444 3410 et
3463 3355 3699 3426 iuratus.
3741 3357 3874 3414 Hac

2274 3450 2602 3511 reputemus,
2632 3452 2689 3496 et
2718 3457 2787 3497 ne
2810 3441 3005 3498 fratres
3030 3443 3362 3513 adiutemus.
3396 3445 3533 3515 Quid
3564 3445 3733 3514 facis,
3767 3448 3873 3504 bo-

2274 3532 2589 3601 mo?‘super
2618 3547 2863 3587 mensam
2895 3532 3114 3602 adjuras
3143 3549 3356 3590 sacram
3378 3577 3393 3602 ,
3422 3546 3477 3592 et
3507 3538 3595 3592 ubi
3622 3537 3874 3595 Christus

2274 3623 2479 3692 positus
2503 3631 2587 3677 est
2612 3623 2955 3689 immolatus,
2998 3623 3109 3683 illic
3151 3623 3371 3687 fratrem
3400 3638 3551 3681 tuum
3582 3628 3876 3685 immolas?

2274 3713 2533 3768 Latrones
2553 3713 2770 3783 quidem
2798 3714 2850 3768 in
2881 3714 2980 3769 viis
3006 3724 3242 3770 mactant
3267 3733 3280 3769 :
3307 3724 3365 3771 tu
3388 3732 3520 3772 vero
3546 3733 3729 3772 coram
3756 3733 3874 3774 ma-

2276 3814 2355 3858 tre
2385 3802 2554 3858 filium
2596 3804 2842 3859 immolas
2882 3804 3231 3872 sceleratius,
3263 3821 3423 3875 quam
3449 3805 3580 3861 Cain
3604 3848 3619 3872 ,
3652 3816 3872 3877 patrans

2274 3896 2661 3952 homicidium?
2703 3895 2800 3951 ille
2827 3912 3022 3967 nempe
3050 3896 3272 3952 fratrem
3302 3913 3460 3952 suum
3492 3898 3545 3952 in
3574 3897 3791 3954 deserto
3815 3907 3873 3955 et

2273 3988 2526 4058 praesenti
2553 3997 2727 4043 morte
2758 3989 3047 4053 mactavit;
3094 3999 3149 4041 tu
3179 4004 3306 4042 vero
3335 3988 3554 4043 fratrem
3582 3999 3733 4044 tuum
3763 3992 3871 4046 im-

2273 4068 2446 4135 molas
2472 4080 2524 4135 in
2553 4078 2731 4135 medio
2755 4079 3023 4145 ecclesiae,
3056 4078 3217 4149 idque
3242 4086 3417 4133 morte
3445 4078 3619 4133 futura
3647 4081 3873 4135 immor-

2275 4173 2389 4227 tali.
2418 4171 2554 4227 Num
2580 4172 2723 4226 enim
2754 4181 3039 4241 propterea
3068 4169 3208 4224 facta
3237 4179 3322 4223 est
3348 4171 3609 4236 ecclesia,
3635 4180 3695 4225 ut
3717 4171 3872 4241 iure-

2275 4265 2431 4321 mus?
2458 4264 2747 4332 Propterea
2776 4262 2913 4317 facta
2935 4270 3041 4327 est,
3069 4270 3126 4315 ut
3153 4275 3390 4315 oremus.
3420 4260 3557 4315 Num
3580 4255 3729 4317 enim'
3750 4261 3874 4318 ideo

2276 4371 2460 4410 tuensa
2491 4354 2658 4424 posita
2687 4340 2769 4407 est
2788 4394 2803 4418 ,
2834 4364 2891 4406 ut
2920 4352 3268 4421 adjuremus?
3299 4350 3424 4406 Ideo
3464 4361 3633 4422 poetta
3666 4364 3785 4420 eSt,
3816 4360 3876 4408 ut

2276 4457 2493 4518 peceata
2520 4447 2813 4510 solvamus,
2847 4461 2949 4499 non
2981 4453 3038 4498 ut
3065 4445 3365 4512 alligcmus.

2346 4541 2648 4595 Juramenta
2680 4538 3074 4609 Evangeliorum
3100 4548 3355 4591 contactu.
3378 4569 3448 4579 —
3466 4538 3548 4594 Tu
3568 4553 3697 4593 vero
3716 4538 3765 4593 si
3793 4539 3879 4595 ni-

2278 4632 2350 4687 hil
2380 4632 2545 4699 aliud,
2575 4630 2767 4685 saltem
2801 4630 2995 4684 librnm
3026 4632 3203 4699 ipsum
3236 4645 3503 4695 reverere,
3533 4645 3691 4699 quem
3720 4630 3775 4685 in
3796 4631 3879 4701 iu-

2278 4733 2579 4778 ratnentutn
2612 4723 2847 4792 porrigis
2867 4721 3329 4791 :etEvangelium,
3354 4722 3495 4788 quod
3526 4723 3661 4775 intra
3686 4738 3878 4778 manus

2279 4816 2497 4885 capiens
2538 4815 2720 4883 iurare
2759 4813 2951 4882 iubes,
2982 4813 3224 4882 explica,
3257 4821 3312 4866 et
3351 4812 3574 4867 audiens
3628 4813 3757 4880 quid
3806 4814 3877 4868 ibi

2280 4905 2621 4961 Christus-de
2643 4900 2967 4974 iuramentis
2993 4905 3251 4966 disserat,
3284 4904 3538 4959 horresce
3568 4913 3624 4957 et
3654 4906 3873 4961 desiste.

2280 4999 2419 5065 Quid
2451 4998 2609 5067 igitur
2636 4997 2742 5050 illic
2771 4996 2839 5052 de
2865 4996 3185 5065 iuramentis
3209 4995 3419 5062 inquit?
3443 4994 3553 5065 Ego
3576 5005 3742 5048 autem
3764 4996 3880 5049 dico

2280 5092 2419 5145 vobis
2453 5091 2658 5144 omnino
2702 5105 2804 5142 non
2834 5089 3018 5157 jurare
3047 5086 3265 5158 (Matth.
3293 5085 3345 5140 5.
3374 5086 3490 5155 54).
3529 5086 3607 5139 Tu
3640 5100 3769 5140 vero
3799 5087 3881 5138 le—

2283 5200 2403 5255 gem
2447 5183 2633 5251 iurare
2680 5181 3053 5249 prohibentem
3076 5219 3089 5240 ,
3124 5180 3176 5231 in
3205 5178 3569 5247 inramentum
3600 5177 3757 5246 ponis
3772 5179 3796 5229 1’
3836 5176 3883 5231 0

2284 5275 2688 5339 contumeliam,
2714 5289 2748 5327 ο
2770 5273 3063 5326 insaniam!
3091 5270 3230 5324 idem
3255 5271 3397 5325 enim
3430 5270 3582 5336 facis,
3612 5285 3674 5325 ac
3698 5270 3741 5324 si
3761 5271 3885 5340 quis

2284 5369 2643 5439 legislaturem
2694 5366 2998 5419 interﬁcere
3044 5364 3451 5432 prohibentem,
3494 5361 3667 5429 ipsum
3716 5360 3882 5415 exedis

2287 5462 2387 5519 sibi
2433 5460 2635 5515 socium
2680 5471 2801 5511 esse
2839 5456 3045 5525 iubeat.
3095 5454 3209 5509 Non
3261 5454 3331 5506 ita
3377 5468 3533 5520 gemo
3564 5463 3616 5506 et
3657 5450 3887 5520 depioro

2288 5553 2565 5625 quospiam
2600 5552 2651 5604 in
2686 5548 2788 5603 viis
2809 5546 3081 5618 iugulatus
3110 5546 3352 5609 audiens,
3380 5545 3520 5600 sicut
3544 5560 3701 5613 gemo
3728 5553 3782 5599 et
3812 5542 3888 5596 la.

2289 5644 2488 5717 crymis
2516 5655 2814 5712 prosequor
2838 5648 2892 5693 et
2922 5638 3201 5703 horresco,
3239 5650 3359 5689 cum
3395 5633 3552 5690 video
3576 5629 3886 5704 quempiam

2292 5752 2455 5808 [πονε
2486 5748 2727 5791 mensam
2761 5732 2897 5788 hanc
2926 5730 3233 5785 venientem
3257 5769 3270 5793 ,
3296 5738 3349 5781 et
3384 5741 3574 5782 manus
3602 5727 3884 5795 imponen-

2302 5842 2430 5895 tcm,
2458 5823 2831 5897 ctEvangeliis
2858 5824 3117 5880 contactis
3145 5820 3432 5891 iurantem.
3489 5820 3562 5875 De
3609 5816 3881 5889 pecuniis,
