4232 6320
628 386 763 453 163,

618 500 933 572 ρῑασυὶι,ιια
958 500 1146 570 factum
1173 506 1287 550 est:
1316 494 1381 549 sit
1421 510 1601 548 nomen
1649 491 1859 547 Domini
1897 490 2208 546 benedictum

620 590 883 665 insiccata
913 589 1034 657 (Job
1066 588 1115 643 1.
1142 576 1260 655 21).
1289 585 1442 641 illum
1471 600 1577 640 non
1606 584 1792 640 terruit
1821 582 2081 636 malorum
2109 595 2204 635 ex-

620 685 898 756 perientia,
919 692 969 737 te
989 696 1117 735 vero
1144 679 1288 735 solus
1316 687 1480 733 terret
1520 676 1769 731 auditus?
1798 674 2035 741 Quanam
2064 672 2211 743 digni

616 784 783 831 simus
812 772 1185 837 aestimatione,
1216 771 1327 840 qui,
1357 772 1518 824 etiam
1541 778 1724 822 contra
1754 775 1978 820 mortem
2002 764 2211 818 auden-

618 879 701 921 ter
742 868 819 921 ire
862 867 1018 933 jussi,
1049 878 1077 916 a
1107 861 1239 917 falso
1285 876 1500 914 rumore
1525 859 1659 913 adeo
1692 855 2067 925 percellimur?
2108 853 2209 922 Qui

614 940 879 1021 turbatur,
899 968 950 1013 et
969 957 1212 1010 timorem
1232 954 1441 1023 qtti.non
1460 961 1542 1006 est
1565 950 1763 1018 colligit
1777 956 1830 1003 et
1854 946 2210 1017 perturbatio-

616 1068 739 1105 nem
790 1065 893 1105 non
930 1056 1269 1118 apparentem
1300 1063 1312 1098 :
1345 1045 1434 1113 qui
1478 1059 1602 1097 vero
1630 1052 1713 1096 est
1736 1042 1916 1095 animo
1938 1024 2123 1094 sedato
2153 1049 2209 1094 et

617 1144 928 1213 tranquillo,
954 1143 1112 1197 etiam
1132 1154 1253 1194 eum
1275 1137 1365 1207 qui
1393 1134 1748 1191 estdissolvit.
1768 1132 1882 1187 Non
1899 1133 2047 1186 vides
2074 1146 2207 1185 nau-

616 1237 809 1294 eleros.
834 1244 894 1288 ut
922 1230 1216 1285 insanienti:
1259 1228 1412 1290 mari,
1444 1225 1670 1281 nubibus
1694 1222 2204 1288 lranscurrcntibus,

615 1325 924 1382 fulminibus
953 1322 1116 1385 elisis,
1147 1320 1394 1375 omnibus
1425 1320 1475 1372 in
1507 1318 1711 1387 navigio
1745 1315 2205 1377 tumultuantibug

612 1417 681 1473 ad
708 1414 1065 1486 gubernacula
1093 1412 1280 1467 sedem
1314 1411 1414 1479 ipsi
1443 1410 1558 1463 sine
1588 1408 1936 1476 trepidatione
1962 1416 2016 1460 et
2043 1414 2204 1470 metu,

518 1533 525 1537 ’
615 1519 673 1568 et
699 1509 796 1560 arti
841 1522 949 1560 sua:
978 1514 1183 1569 vacant,
1233 1513 1288 1557 ut
1317 1502 1684 1556 imminentem
1718 1498 2005 1567 procellam
2035 1498 2207 1567 repel-

620 1598 765 1658 lant?
818 1599 924 1653 Hos
948 1608 1001 1651 et
1034 1606 1084 1650 tu
1113 1596 1340 1659 imitare,
1374 1605 1427 1648 et
1452 1583 1661 1647 sacrain
1690 1590 1905 1661 capiens
1934 1603 2205 1657 ancoram,

616 1693 672 1745 in
700 1692 862 1745 Deum
888 1704 1058 1763 spem,
1096 1687 1444 1741 inconcussus
1466 1698 1719 1753 permane
1748 1693 1801 1737 et
1841 1679 2204 1737 immutabilis.

623 1782 936 1851 Quicumque
982 1778 1125 1832 audit
1173 1791 1425 1851 sermones
1480 1791 1615 1830 meos
1665 1773 1776 1841 ltos,
1822 1771 2009 1843 inquit,
2042 1780 2211 1826 etnon

626 1875 749 1944 facit
794 1875 950 1944 ipsos,
997 1869 1356 1926 assimilubitur
1399 1868 1591 1922 homini
1633 1867 1807 1930 stulto,
1830 1866 1914 1931 qui
1940 1862 2210 1932 aediﬁcavit

617 1964 827 2021 domum
850 1980 993 2018 suout
1034 1978 1185 2029 super
1210 1976 1435 2019 arenam,
1466 1967 1513 2011 et
1538 1957 1789 2011 descendit
1814 1956 2004 2025 pluvia,
2036 1964 2083 2007 et
2124 1968 2208 2006 ve-

620 2067 799 2117 nerunt
828 2056 1063 2127 ﬂumina,
1111 2063 1155 2107 et
1197 2054 1443 2122 [laverunt
1469 2051 1621 2114 venti,
1652 2058 1697 2101 et
1738 2049 1991 2101 irruerent
2032 2047 2085 2098 in
2112 2045 2210 2097 do-

620 2165 757 2203 mum
803 2148 964 2210 illam,
1022 2157 1068 2199 et
1116 2144 1315 2207 cecidit,
1363 2153 1409 2195 et
1458 2152 1563 2195 erat
1606 2143 1755 2193 ruina
1798 2141 1971 2208 ipsius
2025 2152 2211 2207 magna

622 2236 836 2307 (Matth.
866 2237 917 2289 7.
945 2234 1035 2289 26.
1068 2231 1181 2305 9.7).
1222 2232 1378 2285 Vides
1406 2230 1547 2299 quod
1578 2229 1812 2284 stultitim
1840 2236 1923 2282 est
1942 2226 2133 2281 cadere
2155 2232 2213 2279 et

623 2324 895 2381 subverti?
944 2326 1053 2378 lino
1076 2339 1201 2377 vero
1248 2336 1345 2376 nos
1374 2335 1545 2390 neque
1571 2320 1731 2372 stulto
1760 2317 1834 2371 illi
1862 2316 2063 2371 similes
2088 2314 2212 2369 facti

622 2434 829 2485 sumtis,
847 2432 1033 2472 verum
1057 2424 1111 2470 et
1136 2416 1223 2470 illo
1246 2414 1491 2468 miserius
1513 2411 1831 2466 cecidimus:
1852 2410 1994 2463 illius
2018 2408 2235 2477 nempe

622 2513 816 2567 domus
846 2520 963 2579 post
992 2508 1230 2573 ﬂumina,
1262 2513 1379 2575 post
1400 2504 1630 2559 delatmn
1673 2504 1920 2567 imbrem,
1954 2510 2074 2571 pest
2099 2501 2215 2554 illa-

625 2616 750 2673 psos
776 2609 963 2654 ventos
1001 2597 1218 2661 cecidit;
1262 2612 1358 2652 nos
1402 2611 1528 2650 vero
1556 2609 1659 2648 non
1688 2593 1883 2663 pluviis
1915 2591 2211 2661 ingruenti-

624 2693 745 2758 bus,
773 2706 880 2745 non
898 2686 1200 2744 fluminibus
1226 2686 1660 2756 irrumpentibus,
1686 2699 1791 2738 non
1817 2684 1986 2738 ventis
2006 2684 2213 2737 irruen-

626 2784 787 2848 tibus,
836 2790 959 2835 ante
1006 2780 1264 2836 malon
1309 2778 1709 2847 experientiam,
1759 2792 1823 2830 ex
1870 2775 2051 2830 auditu
2096 2776 2213 2830 solo

623 2874 864 2931 subversi
924 2886 1145 2935 sumus,
1208 2879 1263 2924 et
1304 2869 1480 2923 omnia
1533 2883 1651 2938 quae
1708 2866 2214 2937 philosophabamur

624 2967 925 3023 effudimus.
966 2964 1186 3031 Qualem
1231 2961 1361 3017 mihi
1401 2971 1632 3016 mentem
1677 2960 1870 3029 putatis
1896 2973 2035 3013 nunc
2059 2957 2214 3014 esse?

626 3056 895 3129 quomodo
926 3055 1128 3125 pudore
1157 3054 1429 3108 sulfundi?
1458 3052 1725 3124 quomodo
1771 3050 2035 3122 deprimi?
2078 3066 2213 3121 quo-

629 3148 788 3205 modo
812 3146 1169 3203 erubescere?
1194 3145 1302 3200 Nisi
1328 3145 1488 3199 multa
1518 3160 1546 3198 a
1576 3144 1814 3215 patribus
1834 3145 1884 3197 vi
1909 3140 2215 3212 compulsus

628 3240 867 3305 fuissem,
918 3252 1091 3306 neque
1131 3237 1501 3299 surrexissem,
1532 3250 1703 3305 neque
1724 3236 1973 3305 loquutus
1998 3234 2214 3289 fuissem

629 3332 815 3385 dolore
856 3331 1233 3384 obtenebratus
1272 3344 1339 3383 ex
1391 3328 1823 3399 pusillanimitate
1864 3340 2073 3393 veSIra,
2119 3325 2216 3381 sed

630 3434 803 3489 neque
844 3434 986 3475 nunc
1030 3419 1082 3473 in
1110 3419 1369 3487 meipsum
1394 3418 1569 3473 redire
1596 3433 1809 3487 possum
1837 3436 1851 3472 :
1879 3418 1955 3471 sic
1982 3418 2216 3471 animum

630 3515 760 3577 mihi
788 3512 1074 3580 indignatio
1102 3516 1156 3561 et
1202 3506 1411 3561 tristitia
1455 3505 1685 3561 obsidet.
1729 3503 1859 3571 Quis
1907 3503 2050 3558 enim
2094 3517 2207 3558 non

630 3619 770 3676 a‘gre
795 3601 975 3665 ferret,
997 3597 1116 3667 quis
1140 3612 1245 3651 non
1260 3603 1625 3661 suecenseret,
1646 3593 1856 3663 quando
1872 3602 1992 3663 post
2012 3601 2211 3647 tantam

630 3697 921 3754 doctrinam
969 3690 1252 3763 gentilibus
1301 3702 1436 3757 opus
1469 3685 1727 3740 habuistis
1756 3684 2088 3748 doctoribus,
2119 3683 2209 3754 qui

632 3793 970 3845 hortarentur
1012 3791 1066 3838 et
1125 3789 1435 3844 monerent,
1483 3788 1539 3833 ut
1585 3786 1900 3844 praesentem
1949 3790 2211 3847 generose

628 3884 875 3939 timorem
923 3880 1165 3937 ferretis?
1192 3880 1353 3936 Orate
1391 3882 1548 3951 igitur
1576 3882 1688 3937 dari
1735 3882 1885 3936 nobis
1913 3884 2132 3945 verbum
2156 3882 2210 3938 in

626 3974 904 4044 apertione
928 3972 1036 4026 oris
1064 3972 1253 4037 nostri,
1281 3982 1336 4025 ut
1357 3973 1491 4026 hanc
1519 3972 1783 4025 tristitiam
1810 3982 2056 4027 excutere
2090 3989 2214 4043 pos-

627 4066 818 4133 simus,
860 4073 913 4120 et
940 4059 1151 4135 paulum
1179 4073 1407 4117 mentem
1433 4064 1685 4118 excitare.
1710 4063 1915 4117 Etenim
1947 4064 2120 4133 pudor
2148 4064 2216 4120 de

628 4155 1060 4228 pusillanimitate
1078 4163 1247 4209 vestra
1277 4155 1513 4208 animum
1539 4153 1691 4207 valde
1723 4162 1962 4207 nostrum
1998 4154 2210 4224 dejecit.

696 4250 752 4302 2.
795 4248 956 4303 Multa
1016 4262 1185 4316 nuper
1236 4247 1303 4301 ad
1330 4246 1645 4302 charitatem
1680 4256 1916 4301 vestram
1963 4247 2215 4317 loquutus

627 4354 767 4405 sum,
796 4339 931 4394 etde
956 4338 1159 4406 laqueis
1185 4337 1338 4391 nobis
1364 4336 1596 4405 undique
1627 4336 1831 4404 positis,
1859 4345 1911 4391 et
1935 4336 2001 4390 de
2024 4337 2216 4391 timore

627 4441 681 4487 et
708 4432 939 4492 tristitia,
976 4440 1030 4484 et
1050 4430 1117 4485 de
1140 4430 1283 4483 luctu
1312 4437 1364 4483 et
1390 4428 1675 4497 voluptate,
1708 4440 1762 4483 et
1790 4430 1857 4485 de
1887 4429 2022 4485 falce
2048 4431 2100 4484 in
2125 4431 2215 4500 ju-

628 4524 859 4580 rantiqu
901 4523 1090 4577 domos
1130 4522 1378 4584 volante;
1426 4536 1490 4575 ex
1523 4522 1587 4574 iis
1633 4523 1791 4591 igitur
1815 4523 2061 4577 omnibus
2086 4538 2217 4578 sane

630 4615 829 4677 multis,
850 4615 938 4668 illa
955 4612 1082 4667 mihi
1102 4615 1329 4667 maxime
1361 4612 1763 4666 reminiscimiui
1781 4628 1899 4683 qua:
1913 4614 1979 4668 de
2001 4614 2215 4669 volante

630 4705 765 4760 falce
793 4706 933 4760 dicta
977 4714 1099 4759 sunt
1137 4703 1319 4773 (Zach.
1352 4705 1404 4760 5.
1439 4704 1510 4775 1),
1554 4706 1604 4759 in
1626 4706 1855 4774 iurantis
1886 4706 2100 4761 domum
2131 4706 2215 4761 di-

628 4807 888 4875 vertente,
923 4796 1124 4865 lapides
1166 4806 1220 4851 et
1260 4797 1398 4865 ligna
1444 4798 1753 4864 subruente,
1800 4808 1854 4852 et
1880 4800 2055 4852 omnia
2082 4814 2215 4853 con-

628 4898 891 4945 sumente.
926 4889 995 4942 Et
1035 4904 1154 4942 cum
1183 4887 1284 4943 hoc
1316 4888 1441 4941 illud
1480 4904 1690 4960 quoque
1724 4889 2026 4955 observate,
2075 4890 2216 4960 quod

628 4991 883 5038 extremm
902 4980 1185 5036 dementia:
1206 4982 1637 5055 sitEvangelinm
1652 4992 1923 5039 sumentes
1942 4988 2144 5052 jurare,
2164 4992 2219 5038 et

629 5076 799 5145 legem
814 5074 993 5143 jurare
1024 5074 1390 5142 prohibentem
1422 5074 1777 5143 juramentum
1812 5076 1959 5130 ﬁeri:
1991 5086 2046 5131 et
2078 5074 2218 5146 quod

627 5169 821 5222 melius
862 5166 932 5221 sit
982 5167 1218 5234 pecuniis
1257 5168 1540 5235 mulctari,
1580 5185 1736 5240 quam
1776 5173 2030 5240 proximis
2067 5172 2217 5241 jura-

629 5268 870 5314 mentum
920 5256 1153 5313 offerre:
1189 5261 1435 5329 quoniam
1477 5261 1579 5316 hoc
1610 5272 1693 5316 est
1734 5279 1840 5318 non
1874 5264 2113 5320 modicus
2164 5266 2219 5322 in

634 5350 797 5405 Deum
817 5350 1007 5404 honor.
1060 5349 1192 5404 Cum
1247 5352 1388 5407 enim
1441 5353 1551 5409 Deo
1598 5354 1833 5421 dixeris,
1888 5357 2113 5429 Propter
2168 5370 2219 5415 te

632 5458 737 5497 non
768 5442 1005 5512 adjnravi
1036 5441 1218 5510 illum,
1267 5445 1355 5513 qui
1401 5455 1516 5499 erat
1566 5445 1765 5501 furatus
1811 5459 1864 5502 et
1905 5451 2041 5504 male
2081 5451 2221 5507 fece-

633 5546 753 5590 rat:
785 5550 880 5605 pro
923 5535 1023 5591 hoc
1062 5538 1266 5593 honore
1296 5554 1540 5608 magnatn
1575 5540 1665 5593 tibi
1694 5541 1874 5595 reddet
1901 5546 2119 5611 gratiam
2164 5553 2221 5602 et

632 5629 683 5680 in
717 5628 964 5697 praisenti
998 5638 1233 5697 tempore
1261 5640 1315 5684 et
1344 5630 1395 5683 in
1426 5629 1618 5685 futuro.
1649 5630 1773 5685 lltec
1802 5641 1854 5685 ct
1882 5633 2004 5687 aliis
2037 5635 2216 5702 dicite,

634 5730 681 5772 et
716 5718 811 5791 ipsi
838 5718 1137 5773 observate.
1167 5719 1290 5774 Scio
1319 5720 1459 5789 quod
1488 5720 1573 5775 hic
1598 5724 1989 5777 reverentiores
2012 5738 2214 5791 sumus,

632 5818 690 5862 et
715 5824 927 5865 omnem
951 5809 1247 5880 improbam
1266 5810 1583 5881 deponimus
1623 5814 2092 5884 consuetudinem;
2122 5818 2217 5873 sed

1338 381 1397 439 S.
1436 378 1714 437 JOANNIS
1748 376 2220 435 CHRYSOSTOMI
2260 378 2581 438 ARClllEP.
2631 382 3163 457 (ῙΟΝδΤᾸΝΤΙΝΟΡ.

3803 398 3923 456 164

2321 503 2468 569 quod
2494 504 2778 573 quaeritur,
2825 506 2930 561 hoc
2955 516 3059 571 est,
3098 521 3206 560 non
3230 514 3292 561 ut
3316 506 3405 562 tiic
3431 513 3640 561 tantum
3667 508 3920 576 philoso-

2321 594 2575 661 phentur.
2599 596 2694 651 sed
2726 606 2785 650 ut
2810 599 3067 666 pietatem
3097 598 3224 652 hinc
3252 598 3528 669 capientes
3546 610 3697 655 extra
3723 616 3918 658 serve-

2319 699 2461 749 mus,
2485 686 2577 740 ubi
2606 687 2838 741 maxime
2860 688 3029 757 ipsius
3057 688 3379 760 indigemus.
3410 689 3621 746 Etenim
3636 704 3913 763 aquantes

2317 789 2428 827 non
2453 783 2662 829 tantum
2682 779 2821 847 apud
2840 778 3043 833 fontem
3069 780 3411 835 habentvasa
3435 783 3656 851 repleta,
3675 786 3905 841 domum

2318 874 2499 920 autem
2521 868 2787 923 abeuntes
2806 878 3101 931 evacuant;
3129 874 3222 926 sed
3243 871 3350 925 illic
3378 872 3494 941 ipsa
3517 876 3747 931 maxime
3774 893 3909 933 cum

2316 956 2527 1010 cautela
2547 968 2840 1028 reponunt,
2863 976 2932 1014 ne
2949 960 3335 1015 subvertantur
3352 974 3401 1016 et
3421 964 3574 1018 labor
3590 966 3681 1021 liat
3698 967 3900 1023 inanis:

2318 1044 2418 1099 hos
2429 1048 2592 1103 etiam
2606 1064 2706 1104 nos
2718 1051 3395 1123 imitemur,accurateque,
3409 1056 3628 1111 domum
3646 1059 3874 1128 profecti
3884 1100 3901 1122 .

2315 1136 2458 1193 dicta
2484 1155 2781 1195 servemus.
2801 1141 2955 1207 Quod
2977 1143 3022 1197 si
3052 1144 3143 1198 hic
3170 1145 3432 1202 maneatis
3452 1148 3651 1211 satiati,
3674 1148 3901 1203 domum

2316 1244 2447 1283 vero
2465 1232 2695 1286 redeatis
2720 1233 2929 1295 inanes,
2953 1250 3077 1288 vasa
3102 1236 3299 1289 mentis
3315 1244 3509 1290 vestrae
3526 1239 3901 1293 admonitione

2313 1330 2478 1368 vacua
2524 1317 2833 1380 referentes,
2877 1317 3019 1371 nulla
3066 1318 3214 1373 vobis
3241 1335 3305 1373 ex
3338 1318 3438 1385 hac
3474 1319 3773 1389 repletione
3802 1321 3907 1371 erit

2314 1406 2530 1459 utilitas.
2573 1406 2650 1460 Ne
2691 1406 2820 1460 mihi
2864 1408 2915 1463 in
2964 1410 3207 1478 pain-sua
3253 1408 3590 1466 demonstres
3618 1410 3902 1475 athletam,

2313 1496 2409 1551 sed
2458 1495 2511 1549 in
2552 1498 2977 1554 certamineme
3023 1501 3151 1555 mihi
3183 1502 3494 1571 religionem
3538 1501 3910 1555 instructioiiis

2315 1596 2572 1658 tempore,
2632 1588 2728 1644 sed
2787 1590 3009 1645 actionis
3027 1590 3309 1646 exhibeas.
3337 1592 3545 1647 Laudas
3594 1608 3735 1647 nunc
3781 1606 3949 1662 quas.

2314 1678 2592 1733 dicuntur:
2615 1692 2735 1733 cum
2748 1679 2981 1748 j‘uratum
3002 1682 3230 1741 veneris,
3254 1682 3490 1735 omnium
3516 1681 3749 1751 ipsorum
3777 1691 3912 1736 tunc

2315 1770 2618 1825 recordare.
2649 1768 2706 1824 Si
2734 1769 2871 1824 hanc
2899 1770 3067 1840 legem
3098 1771 3461 1841 expedieritis,
3484 1773 3551 1827 ad
3572 1773 3673 1827 alia
3692 1786 3911 1844 quoque

2315 1862 2516 1933 majora
2556 1862 2888 1931 disciplinam
2934 1864 3282 1931 promovebo.
3332 1864 3469 1919 Ecce
3515 1864 3779 1919 secundus
3819 1862 3912 1919 hic

2316 1968 2485 2009 annus
2510 1963 2612 2021 est,
2646 1969 2712 2008 ex
2728 1966 2833 2023 quo
2860 1962 3052 2008 vestra:
3076 1954 3540 2027 disserocharitati
3556 1957 3706 2023 (a),et
3734 1968 3913 2023 neque

2314 2055 2528 2102 centum
2577 2046 2972 2116 Scripturarum
3020 2062 3208 2101 versus
3245 2047 3394 2102 vobis
3442 2064 3693 2103 enarrare
3733 2048 3907 2118 potui.

2315 2137 2487 2191 Causa
2533 2151 2682 2202 vero,
2713 2139 2963 2207 quoniam
3007 2152 3039 2192 a
3082 2139 3235 2193 nobis
3264 2138 3473 2193 discere
3511 2154 3645 2209 opus
3676 2139 3909 2202 habetis,

2290 2218 2433 2301 quae
2476 2230 2620 2284 domi
2664 2239 2721 2286 et
2766 2246 2862 2299 per
2906 2245 2999 2285 vos
3044 2231 3261 2299 explere
3298 2231 3541 2301 potestis,
3573 2241 3625 2285 et
3647 2230 3911 2285 orationis

2314 2320 2486 2390 major
2532 2336 2655 2391 pars
2697 2322 2851 2377 nobis
2897 2322 2950 2376 in
2982 2321 3212 2376 morales
3258 2322 3586 2392 impenditur
3609 2335 3907 2376 sermones.

2318 2412 2442 2467 llaec
2467 2429 2597 2468 vero
2622 2415 2701 2470 sic
2729 2415 2840 2469 fieri
2872 2429 2977 2469 non
2999 2414 3300 2484 oportebat,
3329 2417 3424 2470 sed
3452 2429 3660 2469 morum
3688 2412 3906 2484 quidem

2316 2519 2443 2559 cura
2466 2520 2495 2558 a
2522 2506 2673 2560 vobis
2708 2506 2836 2575 ipsis
2876 2506 3144 2576 gerenda;
3176 2506 3540 2575 Sripturarum
3568 2521 3695 2560 vero
3718 2520 3912 2560 sensus

2314 2608 2370 2653 et
2409 2598 2799 2667 speculationes
2837 2599 2988 2653 nobis
3030 2597 3402 2668 permittenda:
3441 2607 3615 2653 erant.
3648 2598 3702 2652 Si
3727 2606 3910 2652 autem

2314 2699 2369 2744 et
2394 2704 2422 2742 a
2451 2689 2603 2744 nobis
2629 2688 2814 2745 audire
2840 2699 2957 2744 erat
2980 2705 3133 2759 opus.
3158 2704 3263 2745 uno
3293 2691 3410 2760 plus
3430 2690 3518 2744 die
3540 2705 3644 2743 non
3662 2688 3914 2744 decebat.

2317 2780 2427 2835 Nec
2466 2783 2609 2837 enim
2649 2782 2853 2835 varium
2879 2781 3150 2852 quiddam,
3179 2790 3233 2836 et
3258 2782 3474 2837 inventu
3497 2780 3734 2845 difficile,
3766 2778 3914 2848 quod

2316 2872 2511 2927 dicitur
2552 2883 2654 2937 est,
2696 2888 2795 2927 nec
2835 2873 2994 2927 ullius
3022 2873 3277 2943 indigens
3320 2872 3742 2943 prmparationis.
3774 2869 3911 2925 Cum

2319 2963 2460 3017 enim
2489 2962 2631 3018 Deus
2648 2962 3059 3029 denuntiaverit,
3082 2963 3502 3035 argutationibus
3522 2977 3627 3017 non
3651 2970 3734 3017 est
3752 2974 3910 3030 opus.

2319 3054 2460 3109 Deus
2503 3054 2654 3121 dixit,
2699 3053 2781 3108 Ne
2811 3055 3241 3125 juraverismoli
3282 3056 3472 3108 Causas
3499 3053 3727 3122 amplius
3764 3067 3793 3104 a
3823 3066 3914 3107 me

2319 3149 2613 3218 requirere.
2658 3146 2771 3203 Lex
2810 3157 2892 3203 est
2922 3149 3066 3219 regia
3099 3163 3115 3201 :
3144 3148 3234 3217 qui
3282 3148 3400 3201 tulit
3441 3147 3632 3215 ipsam,
3664 3154 3717 3199 et
3744 3143 3915 3214 ipsius

2318 3240 2580 3295 rationem
2623 3239 2772 3294 novit
2802 3258 2812 3292 :
2842 3239 2945 3293 nisi
2992 3238 3179 3293 fuisset
3207 3238 3356 3303 utile,
3387 3251 3492 3291 non
3528 3234 3911 3312 prohibuisset,

2319 3346 2425 3385 non
2455 3339 2705 3386 velasset.
2742 3330 2915 3400 Reges
2958 3329 3137 3385 ferunt
3180 3330 3344 3400 leges,
3388 3342 3488 3383 nec
3532 3341 3722 3382 omnes
3766 3339 3915 3395 sa-pe

2320 3423 2519 3477 utiliter
2541 3441 2553 3476 :
2578 3422 2822 3478 homines
2850 3422 2992 3478 enim
3014 3430 3158 3488 sunt,
3183 3436 3282 3476 nec
3300 3422 3439 3475 sicut
3466 3419 3607 3475 Deus
3633 3418 3761 3473 utile
3790 3430 3915 3485 pos-

2319 3523 2445 3567 sunt
2481 3514 2751 3581 invenire;
2803 3522 3171 3570 verumtamen
3221 3525 3470 3583 paremus
3504 3528 3518 3565 :
3556 3510 3670 3566 sive
3715 3520 3916 3564 uxores

2320 3602 2595 3673 ducamus,
2621 3609 2735 3662 sive
2760 3613 3075 3661 testamenta
3096 3605 3371 3671 faciamus,
3394 3604 3506 3658 sive
3527 3616 3709 3657 servos
3729 3614 3915 3656 emere

2320 3696 2630 3764 debeamus,
2674 3700 2786 3753 sive
2829 3698 3038 3764 domos,
3071 3697 3183 3752 sive
3224 3710 3411 3768 agros,
3465 3695 3580 3750 sive
3633 3691 3915 3765 quodlibet

2320 3807 2462 3862 aliud
2501 3806 2672 3859 facere
2693 3844 2709 3869 ,
2738 3817 2842 3855 non
2876 3786 2945 3855 ex
2974 3798 3187 3867 propria
3218 3796 3440 3849 facimus
3464 3794 3581 3849 haec
3606 3792 3867 3848 sententia
3885 3832 3905 3860 ,

2319 3900 2414 3953 sed
2443 3893 2943 3967 quomodocumque
2963 3888 3221 3958 jusserint
3246 3886 3353 3950 illi;
3390 3901 3490 3940 nec
3515 3895 3572 3939 ut
3597 3901 3683 3939 res
3709 3891 3911 3940 nostra

2323 4003 2420 4057 pro
2461 3985 2724 4041 sententia
2770 3991 2950 4036 nostra
3006 3979 3389 4047 disponantur,
3445 3976 3658 4046 penitus
3703 3974 3909 4030 domini

2321 4092 2539 4143 sumus,
2558 4076 2651 4131 sed
2675 4077 2883 4130 illorum
2918 4072 3114 4141 ubique
3137 4069 3417 4125 sententiis
3442 4070 3704 4123 servimus
3723 4109 3738 4136 ,
3766 4076 3821 4123 et
3859 4066 3910 4123 si

2318 4160 2443 4249 quid
2475 4182 2831 4247 praeterquam
2859 4169 3002 4240 quod
3032 4170 3135 4224 illis
3172 4168 3382 4224 videtur
3421 4167 3664 4233 facimus,
3714 4164 3910 4249 invali-

2318 4244 2443 4322 dum
2478 4244 2550 4320 iet
2591 4265 2779 4319 inutile
2820 4261 3079 4317 redditur.
3120 4258 3305 4337 Itaque
3361 4256 3638 4313 hominum
3693 4244 3919 4330 quidem

2320 4358 2521 4429 legibus
2561 4365 2766 4409 tantum
2796 4354 3134 4408 attribuimus
3165 4325 3458 4415 honorem;
3494 4350 3585 4404 Dei
3612 4325 3740 4405 vero
3766 4325 3935 4420 leges‘

2321 4450 2415 4514 ita,
2446 4463 2647 4518 qumso,
2677 4444 3144 4501 conculcabimus?
3182 4451 3235 4497 et
3268 4442 3412 4511 quali
3457 4441 3569 4497 haec
3612 4442 3769 4511 digna
3810 4441 3911 4496 de-

2320 4540 2592 4596 fensione?
2635 4539 2775 4609 quali
2821 4535 3013 4592 venia?
3058 4535 3218 4602 Dixit,
3252 4533 3336 4588 Ne
3356 4534 3610 4605 jttrauen's
3635 4548 3653 4586 :
3682 4548 3748 4587 ne
3775 4547 3913 4587 con-

2324 4634 2539 4687 trariam
2567 4632 2734 4699 ipsius
2778 4629 2881 4700 legi
2919 4630 3092 4698 legem
3139 4643 3232 4697 per
3275 4642 3439 4697 opera
3479 4625 3641 4692 feras,
3689 4634 3745 4679 ut
3788 4640 3913 4681 cum

2322 4724 2611 4779 securitate
2635 4708 2824 4776 cuncta
2850 4721 3015 4775 facias
3039 4730 3093 4775 et
3112 4720 3277 4775 dicas.

2395 4818 2448 4872 5.
2490 4815 2594 4870 Sed
2619 4816 2686 4870 de
2729 4815 2812 4869 his
2833 4815 3048 4883 quidem
3064 4808 3233 4877 Satis;
3276 4826 3373 4882 age
3399 4812 3466 4866 de
3492 4812 3578 4876 iis,
3606 4827 3724 4881 qua:
3753 4810 3916 4867 hodie

2320 4903 2458 4963 lecta
2501 4915 2660 4973 sunt,
2702 4921 2805 4960 una
2845 4906 2997 4960 vobis
3025 4905 3266 4975 apposita
3294 4905 3580 4971 sententia,
3609 4919 3914 4960 sermonem

2325 5001 2696 5057 terminemus.
2749 4998 2946 5053 Paulus
2992 5000 3184 5052 vinctus
3216 4995 3341 5053 Iesu
3385 4997 3594 5063 Christi,
3637 4998 3826 5067 inquit,
3869 5008 3917 5052 et

2320 5093 2614 5147 Timotheus
2629 5095 2787 5162 frater
2807 5090 3134 5163 (PhilemJ).
3154 5088 3426 5159 Magnifica
3445 5089 3593 5143 Pauli
3606 5089 3913 5158 appellatio,

2324 5200 2431 5238 non
2458 5183 2790 5255 principatus
2812 5191 2865 5235 et
2892 5182 3110 5234 honoris
3137 5196 3352 5243 nomen,
3382 5180 3476 5233 sed
3508 5180 3715 5234 vincula
3742 5189 3796 5233 et
3820 5195 3916 5233 ca-
3978 5218 3981 5221 »

2326 5287 2463 5334 teme
2507 5296 2520 5331 :
2567 5291 2692 5331 vere
2738 5276 3046 5344 magniﬁca;
3105 5273 3315 5327 tametsi
3364 5272 3697 5341 splendidum
3744 5273 3917 5340 ipsum

2324 5370 2485 5424 multa
2529 5368 2629 5422 alia
2671 5366 2887 5432 faciunt,
2923 5366 2973 5419 in
3000 5364 3189 5420 etelum
3218 5365 3329 5433 rapi
3363 5364 3598 5429 tertium,
3626 5364 3678 5416 in
3704 5363 3949 5432 paradim

2324 5478 2441 5517 sum
2471 5462 2688 5527 deferri,
2736 5462 2898 5516 verba
2945 5458 3129 5513 audire
3157 5457 3472 5521 ineffabilia;
3524 5466 3697 5511 tamen
3728 5457 3921 5512 horum

2324 5555 2454 5609 nihil
2496 5556 2689 5625 posuit,
2740 5554 2834 5609 sed
2879 5568 2975 5622 pro
3019 5552 3266 5606 omnibus
3310 5563 3551 5606 catenam
3580 5568 3592 5604 :
3619 5550 3732 5605 haec
3774 5550 3922 5605 enim

2324 5647 2493 5717 magis
2519 5662 2677 5716 quam
2718 5647 2809 5701 illa
2837 5647 3098 5701 illustrem
3124 5647 3294 5717 ipsum
3320 5644 3575 5700 reddebat
3602 5654 3655 5701 et
3680 5644 3922 5715 splendi-

2389 5827 2465 5885 (α)
2501 5837 2661 5880 Annus
2685 5830 2762 5881 hic
2788 5837 2893 5881 erat
2910 5829 3154 5881 secundus
3170 5829 3527 5888 prtedieationis
3548 5828 3893 5891 (.hrysostomi.
