4232 6320
230 418 335 477 {03

240 533 483 588 Ἐκεῖνον
512 532 619 588 οὐκ
648 533 916 606 ἐφόϐησεν
952 535 987 605 ή
1015 534 1184 607 πεῖρα
1213 535 1323 589 τῶν
1351 537 1719 608 πραγμάτων,
1746 538 1807 591 σέ
1823 538 1919 591 καὶ

224 616 569 695 ἡάκοημόνη
585 616 902 682 Wﬁlin}
914 620 1338 693 1£vo;&ve€qp.cv
1372 622 1515 688 ἄξιοι
1544 623 1793 695 λόγου,οί
1824 623 1918 677 καὶ

228 707 463 762 θανάτου
500 710 850 779 κατατολμᾷν
886 708 1286 773 κελευσθέντες,
1313 710 1408 764 καὶ
1434 710 1539 764 ὑπὸ
1571 712 1760 781 φήμης
1781 710 1919 780 ψευ-

224 795 353 859 δοῦς
378 793 525 849 οὑτω
542 792 900 866 πτοούμινοις
929 798 988 850 '0
1009 796 1405 867 θορυϐούμενος
1426 798 1522 853 καὶ
1545 799 1638 851 τὸν
1656 799 1759 852 οὐκ
1790 798 1920 852 ὄντα

225 883 401 953 φόϐον
429 869 718 955 συνίστησι
746 884 838 943 καὶ
862 884 1109 956 ταραχὴν
1128 885 1229 954 τήν
1255 886 1329 957 μὴ
1364 888 1698 958 φαινομένην
1726 898 1777 927 ι·
1804 889 1833 940 ὀ
1860 886 1921 940 δὲ

223 974 287 1023 ἐν
310 969 650 1024 καταστάσει
684 972 778 1025 καὶ
805 971 1014 1042 γαλήνῃ
1061 970 1242 1042 ψυχῆς
1286 971 1361 1025 ὢν
1394 973 1490 1027 καὶ
1516 975 1608 1026 τὸν
1639 964 1770 1027 ὄντα
1809 973 1919 1027 διαρ

221 1058 367 1115 λύει.
400 1061 513 1131 Οὐχ
538 1062 670 1132 ὁρᾷς
690 1063 831 1139 τοὺς.
850 1062 1208 1133 κυϐερνήτας,
1231 1063 1313 1116 ὅτι
1339 1063 1440 1134 τῆς
1469 1062 1748 1134 θαλάσσης
1789 1080 1919 1135 μαι-

222 1147 487 1217 νομένης,
524 1148 703 1217 νεφῶν
753 1149 1155 1220 συντρεχόντων
1184 1150 1237 1211 ι’,
1268 1149 1507 1221 βροντῶν
1535 1153 1919 1223 καταρρηγνυ-

227 1234 435 1303 μένων,
487 1236 705 1288 πάντων
731 1234 841 1288 τῶν
872 1236 1089 1289 ἐπὶτοῦ
1121 1236 1309 1290 πλοίου
1359 1236 1797 1308 θορυϐουμένων,
1825 1239 1919 1291 ἐπὶ

222 1320 337 1373 τῶν
363 1322 569 1375 οἰάκων
593 1323 750 1374 αὐτοὶ
781 1321 1072 1393 κάθηνται,
1097 1324 1269 1395 χωρὶς
1300 1322 1532 1394 θορύϐου
1558 1325 1651 1377 καὶ
1675 1325 1917 1395 ταραχῆς

220 1409 295 1478 τῇ
318 1408 488 1479 τέχνῃ
518 1410 585 1480 τῇ
620 1408 829 1461 ἑαυτῶν
860 1410 1237 1480 προσέχοντες,
1253 1411 1367 1463 ·καὶ
1389 1410 1741 1474 σκοποῦντες,
1766 1412 1916 1475 ὅπως

224 1494 322 1547 τὸν
352 1494 578 1548 ἐπιόντα
623 1493 1053 1567 διακρούσωνται
1114 1498 1393 1568 χειμῶνα;
1449 1496 1687 1563 Τούτους
1722 1497 1819 1551 καὶ
1850 1500 1915 1552 σὺ

227 1580 499 1651 μίμησαι,
550 1583 644 1635 καὶ
673 1586 771 1653 τῆς
804 1584 955 1655 ἱερᾶς
987 1584 1235 1655 ἀγκύρας
1263 1584 1674 1656 ἐπιλαϐόμενος,
1706 1587 1807 1655 τῆς
1836 1588 1916 1648 είς

221 1667 318 1719 τὸν
342 1667 479 1721 Θεὸν
502 1669 734 1733 ἐλπίδος,
762 1671 1013 1734 άσειστος
1043 1672 1172 1741 μένε
1206 1674 1299 1726 καὶ
1335 1672 1761 1745 ἀπερίτρεπτος.
1787 1670 1916 1738 Πᾶς

223 1755 401 1822 ὅστις
423 1758 632 1812 ἀκούει
649 1776 769 1827 μου
798 1760 941 1827 τοὺς
957 1763 1183 1832 λόγους
1214 1763 1485 1829 τούτους,
1520 1763 1675 1835 φησὶ,
1721 1764 1819 1816 καί
1843 1766 1915 1818 οὐ

221 1842 388 1897 ποιεῖ
408 1845 654 1911 αὐτοὺς,
691 1849 1119 1916 ὁμοιωθήσεται
1150 1849 1323 1918 ἀνδρί
1346 1848 1542 1919 μωρῷ,
1575 1850 1746 1917 ὅστις
1768 1853 1916 1917 ᾠκο-

220 1929 499 1998 δόμησεν
561 1933 758 1987 αὑτοῦ
814 1934 929 2002 τὴν
975 1937 1175 1990 οἰκίαν
1225 1937 1325 1992 ἐπὶ
1382 1938 1496 2005 τὴν
1537 1937 1764 2007 ἅμμον,
1816 1939 1915 1992 καί

218 2017 447 2085 κατέϐη
482 2020 863 2090 ἡβροχὴ,καί
880 2018 1072 2092 ἦλθον
1098 2026 1153 2077 at
1180 2025 1452 2094 ποταμοὶ,
1472 2026 1571 2079 καί
1606 2025 1917 2080 ἔπνευσαν

226 2106 283 2157 οἰ
312 2104 543 2175 ἄνεμοι,
594 2107 693 2161 καί
723 2110 1151 2180 προσέρῤηξαν
1202 2110 1281 2180 τῇ
1323 2113 1483 2179 οἰκίᾳ
1535 2114 1763 2182 ἐκείνῃ,
1816 2112 1915 2167 καὶ

218 2191 545 2257 κατέπεσε,
571 2196 668 2249 καί
692 2190 773 2266 ἦν
798 2198 836 2264 ἠ
863 2197 1089 2264 πτῶσις
1124 2198 1316 2268 αὐτῆς
1344 2199 1598 2268 μεγάλη.
1641 2200 1801 2271 Ὁρᾷς
1833 2202 1915 2253 ὃτι

223 2276 414 2341 ἀνοίας
450 2280 565 2332 ἐστὶ
588 2282 647 2334 τὸ
664 2284 1133 2353 προκαταπίπτειν
1155 2285 1251 2339 καὶ
1286 2286 1712 2358 περιτρέπεσθαι
1731 2304 1747 2353 ;
1772 2286 1917 2340 Μᾶλ-

222 2362 319 2417 λον
350 2364 409 2417 δὲ
436 2367 601 2436 ἡμεῖς
653 2369 774 2429 οὐδὲ
811 2370 953 2424 κατά
979 2372 1072 2425 τὸν
1124 2373 1309 2443 μωρὸν
1338 2376 1545 2427 ἐκεῖνον
1593 2374 1910 2445 ἐγενόμεθα,

220 2450 365 2505 ἀλλά
395 2453 490 2505 καὶ
514 2454 722 2508 ἐκείνου
749 2456 1080 2529 ἀθλιώτερον
1112 2460 1511 2533 κατεπέσομεν.
1540 2460 1784 2515 Ἐκείνου
1816 2462 1914 2532 μὲν

220 2539 337 2609 γάρ
361 2540 396 2610 ἡ
426 2540 575 2595 οἰκία
608 2544 747 2612 μετὰ
776 2547 1077 2616 ποταμοὺς,
1144 2548 1283 2617 μετά
1312 2548 1371 2601 τὸ
1403 2548 1794 2620 κατενεχθῆναι
1822 2549 1914 2603 τὸν

221 2624 410 2692 ὑετὸν,
476 2629 616 2697 μετά
667 2629 730 2682 τὸ
776 2636 1111 2703 προσπεσεῖν
1142 2635 1269 2699 τοὺς
1305 2635 1541 2707 ἀνέμους
1588 2638 1910 2690 κατέπεσεν·

226 2712 394 2782 ἡμεῖς
428 2713 487 2767 δὲ
512 2714 612 2767 οὐκ
635 2716 853 2787 ἀνέμων
883 2718 1229 2789 ἐνεχθέντων,
1268 2721 1329 2773 οὐ
1368 2723 1632 2793 ποταμῶν
1672 2740 1915 2794 1:90:91}-

226 2796 467 2871 ξάντων,
488 2802 549 2854 οὐ
582 2804 913 2874 πνευμάτων
958 2806 1398 2877 προσϐαλόντων,
1454 2810 1561 2880 πρὸ
1586 2809 1688 2879 τῆς
1717 2810 1913 2880 πείρας

225 2890 338 2943 τῶν
380 2892 572 2947 δεινῶν
615 2895 725 2948 ἀπὺ
756 2896 853 2965 τῆς
882 2897 1056 2968 ἀκοῆς
1085 2898 1253 2969 μόνης
1293 2899 1765 2970 περιετράπημεν,
1818 2902 1914 2954 καλ⁵

228 2980 431 3045 πάντα,
462 2982 610 3054 άπερ
645 2984 1095 3056 ἐφιλοσοφοῦμεν,
1160 2987 1473 3059 ἐξεχέαμεν.
1523 2991 1690 3044 Ποίαν
1737 2991 1914 3044 οίεσθέ

233 3083 324 3135 μοι
349 3065 503 3140 [162]
532 3068 630 3140 τὴν
656 3069 894 3124 διάνοιαν
926 3060 1066 3127 εἶναι
1107 3072 1237 3141 νῦν;
1295 3076 1413 3140 πῶς
1446 3076 1911 3145 ἐγκαλύπτεσθαις

229 3152 349 3216 πῶς
378 3154 779 3223 καταδύεσθαι;
836 3158 954 3223 πῶς
1002 3160 1297 3236 ἐρυθριᾷνς
1331 3163 1394 3215 Εἰ
1435 3164 1507 3234 μὴ
1533 3164 1733 3236 πολλὴν
1764 3166 1917 3236 παρά

229 3238 340 3293 τῶν
371 3242 629 3314 πατέρων
659 3245 900 3316 ὑπέστην
947 3248 1196 3322 ἀνάγκην
1217 3288 1232 3311 ,
1261 3250 1373 3303 οὐδ’
1425 3250 1490 3306 ἂν
1513 3251 1765 3323 ἀνέστην,
1805 3252 1914 3306 οὐδ’

231 3326 299 3380 ἂν
323 3327 607 3400 διελέχθην
645 3330 750 3384 ὑπὸ
780 3333 879 3401 τῆς
926 3333 1166 3406 ἀθυμίας
1220 3336 1513 3400 σκοτωθεὶς
1564 3339 1659 3409 τῆς
1714 3340 1807 3393 ἐπὶ
1846 3343 1914 3412 τῇ

233 3414 576 3486 μικροψυχίᾳ
608 3420 673 3488 τῇ
721 3418 984 3493 ὑμετέρᾳ·
1016 3421 1134 3475 ἀλλ’
1167 3423 1291 3475 οὐδὲ
1351 3423 1446 3477 νῦν
1489 3424 1784 3499 δεδύνημαι
1837 3430 1914 3491 εἰς

228 3501 473 3570 ἐμαυτὸν
504 3504 840 3560 ἐπανελθεῖν·
871 3507 1014 3562 οὕτω
1038 3527 1128 3580 μοι
1145 3511 1313 3581 θυμὸς
1344 3513 1439 3565 καὶ
1464 3512 1672 3586 ἀθυμία
1700 3515 1916 3587 πολιορο

229 3590 318 3640 κεῖ
357 3588 461 3660 τὴν
492 3590 692 3662 ψυχήν.
723 3594 818 3656 Τίς
852 3596 959 3667 γὰρ
985 3597 1085 3650 οὐκ
1128 3598 1195 3651 ἂν
1230 3600 1655 3667 ἀγανακτήσειε,
1710 3602 1791 3665 τίς
1817 3604 1918 3655 οὑκ

231 3672 299 3727 ἂν
331 3674 740 3747 δυσχεράνειεν,
769 3681 897 3735 ὃταν
925 3682 1067 3753 μετὰ
1092 3685 1359 3756 τοσαύτην
1395 3687 1761 3754 διδασκαλίαν,
1807 3689 1919 3742 Ἐλ-

229 3760 411 3831 λήνων
436 3763 630 3835 δέησθε
652 3765 987 3825 διδασκάλων
1022 3772 1104 3834 είς
1134 3772 1196 3825 τὸ
1233 3773 1649 3846 παρακληθῆναι
1678 3777 1771 3828 καὶ
1799 3794 1920 3830 πειο

231 3847 431 3918 σθῆναι
459 3852 726 3917 γενναίως
760 3856 1007 3923 ἐνεγκεῖν
1050 3858 1143 3913 τὸν
1174 3860 1418 3935 παρόντα
1445 3861 1642 3929 φόϐον;
1674 3861 1918 3928 Εῠξασθε

229 3938 412 3992 τοίνυν
434 3940 654 4012 δοθῆναι
679 3943 835 4011 λόγον
862 3946 993 4016 ἡμῖν
1015 3948 1073 3999 ἐν
1096 3948 1296 4015 ἀνοίξει
1318 3949 1413 4004 τοῦ
1441 3950 1709 4021 στόματος
1740 3953 1916 4023 ἡμῶν,

229 4024 530 4098 δυνηθῆναί
553 4047 611 4082 τε
638 4032 736 4102 τὴν
783 4032 1021 4104 ἀθυμίαν
1058 4037 1205 4106 ἡμᾶς
1240 4037 1672 4103 ἀποτινάξασθαι
1708 4040 1915 4113 ταύτην

230 4115 332 4168 καὶ
362 4118 559 4189 μικρὸν
581 4121 899 4193 ἀναστῆναι.
933 4128 1042 4179 Καὶ
1070 4128 1179 4197 γάρ
1206 4127 1412 4199 σφόδρα
1438 4129 1737 4185 κατέϐαλεν
1762 4132 1920 4203 ἡμῶν

230 4203 334 4274 τὴν
351 4205 533 4277 ψυχὴν
563 4209 760 4281 ήὺπὲρ
793 4212 891 4283 τῆς
927 4214 1198 4285 ὑμετέρας
1234 4215 1598 4286 μικροψυχίας
1627 4219 1879 4290 αἰσχύνη.

308 4291 376 4362 β’.
411 4294 592 4349 [Ιολλά
622 4296 813 4369 πρώην
828 4300 1108 4372 διελέχθην
1125 4301 1261 4371 πρὸς
1276 4301 1373 4373 τὴν
1390 4304 1665 4375 ὑμετέραν
1692 4306 1916 4378 ἀγάπην

235 4378 333 4432 καὶ
362 4382 494 4451 περὶ
527 4384 772 4450 παγίδων
802 4386 911 4438 τῶν
938 4389 1277 4459 πανταχόθεν
1315 4391 1449 4459 ἡμῖν
1493 4391 1785 4462 κειμένων,
1827 4394 1922 4446 καὶ

238 4467 370 4539 περὶ
402 4468 572 4537 φόϐου
605 4472 700 4523 καὶ
725 4471 984 4543 ἀθυμίας,
1018 4476 1112 4528 καὶ
1140 4478 1268 4547 περὶ
1295 4476 1529 4542 πένθους
1562 4480 1657 4532 καὶ
1700 4480 1916 4552 ἡδονῆς,

238 4556 336 4608 καὶ
366 4558 495 4628 περὶ
525 4558 625 4627 τῆς
657 4559 935 4633 δρεπάνης
965 4564 1066 4633 τῆς
1094 4563 1185 4615 ἐπὶ
1219 4564 1317 4627 τάς
1340 4565 1517 4628 οἰκίας
1555 4566 1664 4619 τῶν
1694 4568 1922 4639 ὀμνυὸν-

237 4657 346 4697 των
400 4646 727 4717 πετομένης·
761 4648 869 4700 ἀπὸ
912 4649 1023 4701 τῶν
1068 4650 1276 4705 πολλῶν
1324 4652 1388 4723 δὴ
1445 4652 1680 4723 μάλιστα
1720 4656 1923 4709 τούτων

240 4731 496 4785 ἁπάντων
524 4733 709 4787 ἐκεῖνα
743 4735 1250 4807 διαμνημονεύσατέ
1287 4757 1379 4809 μοι
1416 4741 1487 4793 τά
1517 4741 1647 4811 περὶ
1683 4743 1781 4813 τῆς
1804 4743 1924 4814 δρε-

242 4819 422 4889 πάνης
451 4822 719 4892 εἰρημένα
750 4824 848 4895 τῆς
880 4826 1207 4896 πετομένης,
1250 4829 1344 4881 καὶ
1384 4832 1462 4892 εἰς
1498 4831 1597 4902 τὴν
1629 4831 1804 4883 οἰκίαν
1828 4831 1923 4884 τοῦ

239 4904 535 4975 ὀμνύοντος
580 4910 979 4982 καταλυούσης,
1015 4915 1109 4966 καὶ
1156 4916 1283 4977 τοὺς
1334 4914 1514 4980 λίθους
1550 4919 1645 4970 καὶ
1684 4917 1751 4971 τά
1791 4918 1924 4981 ξύλα

241 4996 738 5068 κατασκαπτούσης
768 5001 861 5052 καὶ
894 4999 1221 5071 δαπανώσης
1250 5001 1485 5058 ἅπαντα.
1508 5006 1616 5057 Καὶ
1652 5007 1788 5075 μετά
1808 5007 1927 5059 τού-

240 5096 333 5133 του
360 5083 585 5136 κάκεῖνο
614 5085 909 5156 φυλάττετε
930 5128 944 5153 ,
978 5090 1061 5141 ὅτι
1092 5089 1191 5157 τῆς
1226 5091 1463 5161 ἐσχάτης
1506 5092 1692 5157 ἀνοίας
1740 5094 1887 5147 ἐστὶν
1908 5136 1922 5159 ,

248 5165 579 5237 Εὐαγγέλιω
597 5173 974 5243 λαμϐάνοντας
1000 5176 1249 5246 ὀμνύναι,
1272 5179 1364 5231 καὶ
1392 5179 1483 5233 τὸν
1514 5181 1676 5250 νόμον
1707 5183 1797 5234 τὸν
1819 5202 1927 5236 κωο

247 5254 437 5308 Αύοντα
465 5259 718 5328 ὀμνύναι,
750 5262 940 5315 τοῦτον
970 5265 1131 5335 ὅρκον
1160 5267 1450 5320 ποιεῖσθαι·
1478 5269 1573 5321 καὶ
1606 5268 1687 5322 ὄτι
1717 5270 1926 5340 βέλτιον

246 5339 575 5412 ζημιοῦσθαι
611 5349 891 5420 χρήματα,
925 5352 957 5422 ἦ
992 5356 1105 5416 τοῖς
1136 5354 1365 5425 πλησίον
1400 5356 1562 5427 ὅρκον
1587 5359 1887 5426 ἐπαγαγεῖν
1911 5377 1924 5391 ·

245 5430 325 5519 ὅτι
360 5432 524 5504 ἱκανὴ
552 5434 711 5488 τοῦτο
752 5438 833 5500 εἰς
863 5439 955 5491 τὸν
991 5441 1121 5493 Θεὸν
1157 5442 1560 5515 γίνεται-τιμή.
1611 5446 1782 5499 Ὅταν
1820 5447 1929 5519 γὰρ

244 5517 406 5590 εἴπῃς
434 5519 513 5589 τῷ
537 5521 679 5592 Θεῷ,
712 5526 909 5580 ὄτιΔιά
938 5528 998 5579 σὲ
1027 5529 1127 5598 οὐχ
1156 5530 1392 5602 ῶρκωσα
1420 5533 1509 5585 τὸν
1545 5533 1690 5587 δεῖνα
1715 5535 1807 5587 τὸν
1833 5517 1926 5588 κεζ

246 5607 481 5695 κλοφότα
520 5611 615 5662 καὶ
645 5615 1121 5685 κακουργήσαντα,
1158 5619 1279 5670 ἀντί
1301 5620 1505 5690 ταύτης
1538 5638 1619 5673 σοι
1642 5622 1739 5693 τῆς
1758 5626 1926 5695 τιμῆς

247 5694 445 5765 πολλὴν
462 5697 555 5750 καὶ
583 5699 727 5752 κατὰ
759 5702 930 5772 παρὸν
958 5714 981 5742 ο
1023 5705 1118 5757 καὶ
1151 5706 1289 5776 μετά
1324 5708 1495 5761 ταῦτα
1530 5710 1800 5764 ἀποδώσει
1822 5694 1930 5784 τὴν

303 5866 324 5936 ‘_
349 5872 457 5936 δαν.
483 5872 615 5924 addit
642 5875 822 5936 ἐπάγει.

308 5927 340 6014 ξ
360 5935 580 6014 ξεν.
612 5944 661 6008 (ιι
684 5927 894 6012 minima.
919 5955 1165 6014 pars_n_ms.
1196 5944 1316 5999 Mor.
1344 5949 1699 6014 διατρεχόντων.

311 5995 334 6027 ⁸
358 5998 507 6050 SaVil.
533 6002 657 6048 κατα
680 6000 757 6047 τὸν
779 5995 984 6061 παρόντα
1009 6007 1175 6058 αἰῶνα.

1229 420 1323 476 AD
1359 421 1693 481 Ρορυιωι
1730 420 2235 482 ANTIOCHENUM
2272 421 2510 481 HOMIL.
2553 422 2697 481 XVI.

3606 419 3713 477 ιω

2029 537 2287 610 ἀμοιϐήν.
2311 536 2497 592 Ταῦτα
2520 538 2616 592 καὶ
2639 535 2777 610 πρὸς
2807 534 3029 607 ἐτέρους
3059 532 3269 603 λέγετε,
3299 532 3395 586 καὶ
3418 532 3573 587 αὑτοὶ
3593 533 3706 587 δια.

2026 625 2350 696 φυλάττετε.
2388 620 2519 679 Οἶδα
2540 625 2622 678 ὅτι
2643 621 2879 677 ἐνταῦθα
2896 619 3279 690 εὐλαϐέστεροι
3300 618 3593 689 γινόμεθα,
3613 620 3706 674 καὶ

2028 714 2209 767 πᾶσαν
2239 712 2481 783 πονηρὰν
2508 709 2799 781 συνήθειαν
2832 704 3221 777 ἀποτιθέμεθα·
3258 706 3395 760 ἀλλά
3418 706 3480 760 τὸ
3506 706 3707 776 ζητούο

2031 816 2190 870 μενον
2216 798 2375 852 τοῦτό
2402 801 2569 864 ἐστιν,
2600 798 2692 851 ἵνα
2716 797 2790 867 μὴ
2832 794 3068 849 ἐνταῦθα
3103 793 3485 863 φιλοσοφῶμεν
3525 796 3707 865 μόνον,

2024 887 2144 940 ἀλλ’
2175 886 2263 939 ἵνα
2290 885 2387 938 καὶ
2411 884 2516 951 ἐξω
2545 884 2645 955 τὴν
2677 882 2965 937 εὐλάϐειαν
2994 881 3199 952 ταύτην
3231 881 3489 946 λαϐόντες
3537 882 3708 936 ἀπέλ-

2028 973 2382 1049 θωμεν,ᾃπου
2415 972 2648 1043 μάλιστα
2675 970 2846 1040 αὐτῆς
2865 967 3117 1039 δεόμεθα.
3137 968 3249 1022 Καὶ
3280 969 3388 1041 γὰρ
3417 971 3466 1023 οἰ
3491 969 3709 1041 ὑδρευόυ

2032 1078 2183 1132 μενοι
2212 1062 2273 1115 οὑ
2302 1060 2453 1131 παρά
2505 1058 2605 1129 τὴν
2633 1060 2840 1131 κρήνην
2878 1060 3039 1129 μόνον
3081 1060 3265 1130 έχουσι
3300 1057 3709 1129 πεπληρωμένα

2032 1148 2100 1202 τὰ
2128 1150 2350 1217 ἀγγεῖα,
2379 1146 2516 1200 οἴκοι
2544 1146 2600 1200 δὲ
2630 1144 2961 1210 ἀπελθόντες
2989 1145 3259 1211 κενοῦσιν,
3299 1145 3412 1199 ἀλλ’
3444 1147 3561 1199 ἐκεῖ
3602 1145 3710 1217 μά-

2025 1236 2182 1289 λιστα
2210 1234 2350 1290 αὑτά
2376 1234 2514 1306 μετά
2550 1234 2852 1303 ἀσφαλείας
2876 1218 3243 1294 ἀποτίθενται,
3272 1232 3413 1286 ὥστε
3444 1232 3519 1303 μὴ
3550 1249 3709 1304 περι-

2025 1321 2302 1395 τραπῆναὶ
2360 1323 2453 1376 καὶ
2499 1322 2727 1393 μάταιον
2777 1321 3030 1391 γενέσθαι
3090 1321 3182 1374 τὸν
3236 1321 3416 1374 πόνον.
3471 1320 3711 1385 Τούτους
3778 1390 3786 1394 ν

2030 1414 2126 1466 καὶ
2157 1414 2319 1482 ἡμεῖς
2358 1410 2763 1483 μιμησώμεθα,
2801 1411 2896 1464 καὶ
2940 1412 3079 1477 οἰκοι
3122 1411 3407 1482 γενόμενοι
3450 1411 3709 1482 τηρῶμεν

2028 1499 2167 1571 μετά
2195 1499 2482 1570 ἀκριϐείας
2514 1497 2583 1551 τὰ
2608 1499 2896 1571 εἰρημένα·
2929 1499 3005 1565 ὠς
3039 1499 3135 1553 ἐὰν
3181 1499 3413 1552 ἐνταῦθα
3462 1502 3563 1571 μὲν
3607 1494 3707 1571 ἦτε

2026 1587 2469 1658 πεπληρωμένοι,
2506 1585 2643 1639 οἴκοι
2665 1586 2721 1638 δὲ
2752 1587 3073 1658 ἀναχωρῆτε
3096 1588 3263 1645 κενοὶ.
3295 1586 3364 1640 τὰ
3384 1588 3583 1655 ἀγγεῖα
3606 1586 3709 1657 τῆς

2023 1676 2259 1738 διανοίας
2276 1674 2434 1744 ὑμῶν
2461 1673 2642 1744 ἔρημα
2658 1674 2758 1742 τῆς
2787 1676 3105 1746 ἀκροάσεως
3131 1674 3365 1745 ἔχοντες,
3382 1675 3536 1729 οὐδὲν
3552 1675 3709 1730 ἔσται
3777 1686 3783 1693 ’

2024 1765 2088 1815 ἐκ
2114 1763 2210 1832 τῆς
2234 1761 2467 1815 ἐνταῦθα
2497 1760 2833 1833 πληρώσεως
2866 1762 2995 1829 ὑμῖν
3027 1762 3240 1831 ὄφελος.
3277 1761 3367 1831 Μή
3403 1778 3493 1831 μοι
3524 1760 3709 1833 δείξῃς

2022 1850 2080 1903 ἐν
2105 1852 2171 1920 τῇ
2206 1848 2515 1919 παλαίστρα
2535 1847 2627 1900 τὸν
2652 1846 2910 1921 ἀθλητὴν,
2944 1847 3057 1900 ἀλλ’
3084 1850 3141 1900 ἐν
3170 1847 3249 1918 τῷ
3284 1846 3592 1918 σκάμματι·
3629 1848 3707 1920 μή

2027 1954 2116 2009 μοι
2145 1936 2244 2006 τὴν
2272 1935 2559 1989 εὐλάϐειαν
2590 1935 2731 1989 κατά
2761 1935 2852 1987 τὸν
2873 1934 3064 2005 καιρὸν
3083 1935 3177 2006 τῆς
3207 1935 3550 2007 ἀκροάσεως,
3567 1934 3711 1991 ἀλλὰ

2022 2024 2165 2077 κατὰ
2210 2023 2301 2076 τὸν
2352 2024 2542 2095 καιρὸν
2571 2022 2671 2092 τῆς
2722 2022 2998 2095 πράξεως.
3027 2022 3302 2088 Ἐπαινεῖς
3327 2024 3395 2077 τά
3432 2023 3705 2093 λεγόμενα

2021 2109 2136 2163 νῦν·
2173 2113 2302 2164 ὅταν
2342 2126 2401 2163 σε
2446 2112 2540 2182 δέῃ
2582 2108 2777 2179 ὀμόσαι
2804 2149 2817 2173 ,
2855 2108 3076 2162 πάντων
3117 2109 3295 2162 αὐτῶν
3327 2109 3709 2180 ἀναμνήσθητι

2022 2199 2167 2251 τότε.
2183 2199 2281 2251 “Av
2305 2199 2517 2269 ταχέως
2546 2198 2738 2253 τοῦτον
2762 2196 3150 2268 κατορθώσητε
3173 2197 3264 2251 τὸν
3292 2198 3478 2267 νόμον,
3495 2198 3590 2251 καὶ
3616 2196 3705 2268 ἐφ’

2022 2285 2186 2357 ἐτερα
2221 2285 2443 2356 μείζονα
2467 2285 2563 2355 τὴν
2585 2283 2934 2340 διδασκαλίαν
2972 2284 3306 2355 προάξομαι.
3331 2284 3467 2337 Ἰδοὺ
3513 2282 3705 2337 δεύτεο

2026 2390 2116 2442 ρον
2142 2373 2259 2436 ἐτος
2280 2372 2388 2442 ἔχω
2409 2372 2563 2425 τοῦτο
2586 2372 2721 2443 πρὸς
2746 2374 2845 2442 τὴν
2865 2371 3142 2442 ὑμετέραν
3167 2371 3550 2441 διαλεγόμενος
3566 2371 3709 2439 ἀγάα-

2024 2476 2153 2531 πην,
2186 2461 2279 2512 καὶ
2306 2459 2429 2512 οὑδέ
2460 2460 2652 2513 ἑκατὸν
2684 2459 2897 2529 στίχους
2923 2458 3034 2510 τῶν
3066 2457 3302 2528 Γραφών
3337 2458 3465 2527 ὑμῖν
3510 2458 3711 2529 ίσχυσα

2022 2547 2417 2618 ἐξηγήσασθαι·
2444 2548 2505 2600 τὸ
2534 2548 2589 2600 δὲ
2626 2546 2819 2607 αἴτιον,
2855 2546 2937 2598 ὅτι
2983 2545 3115 2615 παρ’
3145 2544 3303 2616 ἡμῶν
3334 2545 3521 2600 δέεσθε
3567 2562 3709 2616 μαν-

2023 2632 2228 2697 θάνειν,
2242 2632 2384 2705 άπερ
2407 2632 2616 2686 οῐκοθεν
2645 2634 2737 2687 καὶ
2755 2632 2886 2704 παρ’
2905 2630 3119 2685 ἑαυτῶν
3133 2630 3362 2685 δύνασθε
3385 2631 3707 2703 κατορθοῦν·

2022 2722 2119 2775 καὶ
2154 2721 2212 2772 τὸ
2264 2721 2422 2773 πλέον
2451 2723 2580 2791 ἡμῖν
2604 2722 2704 2791 τῆς
2732 2719 3111 2791 παραινέσεως
3138 2722 3216 2783 εἰς
3242 2720 3336 2772 τὸν
3367 2718 3709 2790 ἠθικώτερον

2023 2809 2376 2862 ἀναλίσκεται
2407 2807 2587 2877 λόγον.
2616 2808 2801 2861 Ταῦτα
2836 2808 2892 2859 δὲ
2920 2808 3020 2859 οὐκ
3056 2806 3228 2877 ἐχρῆν
3261 2806 3407 2859 οὕτω
3435 2807 3707 2875 γίνεσθαι·

2025 2895 2178 2969 [165]
2235 2895 2371 2950 ἀλλά
2416 2895 2513 2966 τὴν
2564 2896 2662 2966 μὲν
2696 2895 2805 2947 τῶν
2863 2894 3082 2966 τρόπων
3124 2894 3445 2963 ἐπιμέλειαν
3495 2893 3710 2947 οἴκοθεν

2023 2985 2167 3054 ὑμᾶς
2208 2982 2304 3035 καὶ
2338 2983 2469 3054 παρ’
2508 2983 2717 3035 ἐαυτῶν
2747 2980 3122 3046 παιδεύεσθαι,
3152 2978 3264 3033 τῶν
3295 2980 3526 3051 Γραφῶν
3556 2981 3612 3034 δὲ
3638 2981 3711 3036 τὰ

2023 3073 2271 3142 νοήματα
2312 3070 2409 3124 καὶ
2450 3070 2548 3132 τὰς
2596 3069 2829 3139 θεωρίας
2863 3070 2997 3139 ἡμῖν
3026 3067 3369 3140 ἐπιτρέπειν.
3407 3069 3470 3121 Εἰ
3512 3068 3570 3122 δέ
3619 3068 3714 3125 καὶ

2026 3161 2193 3231 ἐχρῆν
2230 3160 2322 3213 καὶ
2352 3160 2482 3230 παρ’
2525 3157 2685 3229 ἡμῶν
2721 3160 2868 3229 ὑμᾶς
2910 3156 3164 3222 ἀκοῦσαι,
3206 3159 3370 3212 πλέον
3411 3161 3542 3229 μιᾶς
3570 3160 3712 3231 ἡμέ-

2026 3265 2124 3318 ρας
2155 3248 2255 3300 οὐκ
2291 3246 2417 3300 ἔδει·
2451 3246 2572 3299 οὐδὲ
2603 3245 2712 3317 γὰρ
2743 3246 2985 3300 ποικίλον
3008 3264 3064 3299 τι
3094 3247 3190 3301 καὶ
3231 3246 3554 3318 δυσεύρετόν
3593 3248 3713 3302 ἐστι

2024 3335 2085 3387 τὸ
2120 3334 2432 3404 λεγόμενον,
2477 3332 2600 3385 οὑδὲ
2647 3333 2999 3402 κατασκευῆς
3042 3332 3307 3404 δεόμενόν·
3334 3350 3499 3397 τινος.
3539 3334 3713 3387 Ὅταν

2025 3422 2136 3490 γὰρ
2160 3424 2187 3474 0
2214 3420 2347 3484 Θεὸς
2370 3416 2762 3492 ἀποφαίνηται,
2808 3420 3092 3490 σοφισμῶν
3121 3421 3221 3474 οὐκ
3244 3420 3359 3474 ἐστι
3393 3421 3606 3492 καιρός.
3654 3421 3713 3476 '0

2024 3507 2156 3571 Θεὸς
2181 3505 2333 3561 εἷπε·
2354 3507 2453 3575 Μὴ
2492 3509 2745 3577 ὀμόσῃς·
2786 3507 2861 3579 μὴ
2887 3506 3111 3561 ἀπαίτει
3144 3524 3213 3579 με
3243 3506 3430 3560 λοιπὸν
3455 3506 3711 3571 εὐθύνας.

2024 3593 2213 3665 Νόμος
2261 3594 2380 3648 ἐστὶ
2407 3594 2706 3665 βασιλικός·
2737 3597 2766 3649 0
2799 3593 2915 3657 θεὶς
2949 3593 3111 3648 αὐτὸν
3145 3590 3253 3646 οἶδε
3288 3594 3381 3647 τὸν
3420 3592 3581 3663 λόγον
3614 3592 3714 3648 τοῦ

2028 3682 2216 3753 νόμου·
2244 3684 2293 3734 εἰ
2322 3682 2397 3754 μὴ
2428 3683 2707 3753 συμφέρον
2732 3678 2822 3754 ἦν,
2848 3684 2949 3736 οὐκ
2980 3680 3047 3734 ἂν
3086 3681 3349 3747 ἐκώλυσε,
3381 3680 3482 3734 οὑκ
3509 3681 3578 3735 ἂν
3606 3683 3716 3735 ἀπ·-

2029 3770 2320 3842 ηγόρευσε.
2353 3769 2604 3832 Βασιλεῖς
2626 3770 2938 3840 εἰσφέρουσι
2968 3769 3187 3840 νόμους,
3211 3768 3305 3822 καὶ
3337 3769 3437 3840 οὐχ
3466 3768 3716 3833 ἅπαντας

2029 3856 2420 3927 συμφερόντως
2468 3856 2749 3919 πολλάκις·
2795 3856 3075 3936 ἄνθρωποι
3104 3858 3213 3926 γάρ
3252 3858 3485 3910 eiurata!
3519 3858 3621 3910 οὐκ
3646 3857 3716 3910 ἂν

2026 3943 2273 3998 δύναιντο
2303 3944 2363 3996 τὸ
2402 3945 2675 4015 χρήσιμον
2712 3941 2885 4005 οὕτως
2912 3944 3114 4014 εὑρεῖν,
3144 3942 3335 4014 ὥσπερ
3366 3944 3395 3995 0
3417 3944 3571 4009 Θεὸς,
3598 3943 3715 3998 ἀλλ’

2027 4031 2175 4101 ὅμως
2220 4029 2365 4083 οὕτω
2420 4029 2741 4099 πειθόμεθα·
2794 4029 2899 4082 κᾶν
2952 4032 3217 4097 γυναῖκας
3265 4029 3553 4100 ἀγώμεθα,
3612 4031 3719 4087 κᾶν

2026 4119 2292 4190 διαθήκας
2345 4117 2608 4188 ποιῶμεν,
2646 4116 2751 4170 κᾶν
2812 4117 3027 4181 οἰκέτας
3085 4118 3346 4172 ὠνεῖσθαι
3409 4118 3715 4189 μέλλωμεν,

2029 4206 2135 4259 κᾶν
2164 4205 2363 4270 οἰκίας,
2390 4206 2494 4258 κᾶν
2537 4205 2762 4275 ἀγροὺς,
2790 4203 2893 4257 κᾶν
2936 4204 3114 4257 ὁτιοῦν
3154 4205 3343 4277 ἕτερον
3380 4209 3580 4269 ποιεῖν,
3614 4207 3719 4261 οὐκ

2030 4294 2210 4364 οἰκεία
2243 4292 2437 4365 γνώμῃ
2467 4292 2642 4345 ταῦτα
2683 4292 3017 4363 πράττομεν,
3054 4292 3168 4346 ἀλλ’
3216 4293 3367 4356 ὅπως
3421 4293 3487 4347 ἂν
3518 4295 3720 4349 ἐκεῖνοι

2035 4380 2348 4445 διατάξωσι,
2383 4380 2479 4434 καὶ
2506 4378 2575 4432 τὰ
2603 4380 2765 4450 ἡμῶν
2798 4379 2979 4435 αὐτῶν
3002 4379 3286 4434 διαθέσθαι
3316 4380 3457 4433 κατά
3490 4380 3721 4451 γνώμην

2030 4470 2129 4539 τὴν
2166 4468 2440 4539 ἡμετέραν
2463 4468 2563 4519 ούκ
2603 4468 2772 4536 ἐσμὲν
2796 4466 2977 4538 κύριοι
3000 4466 3251 4519 καθόλου·
3278 4466 3413 4522 ἀλλά
3446 4467 3719 4538 πολλαχοῦ

2030 4559 2149 4619 ταῖς
2208 4555 2434 4607 ἐκείνων
2486 4553 2809 4625 δουλεύομεν
2856 4553 3126 4625 γνώμαις,
3176 4555 3281 4607 κᾶν
3316 4556 3632 4625 ποιήσωμέν
3662 4574 3718 4610 τι

2033 4646 2188 4714 παρὰ
2211 4643 2271 4694 τὸ
2297 4642 2489 4695 δοκοῦν
2519 4641 2767 4706 ἐκείνοις,
2804 4641 3009 4712 ἄκυρον
3055 4644 3146 4695 καὶ
3177 4643 3451 4714 ἄχρηστον
3484 4644 3719 4710 γίνεται.

2032 4728 2172 4783 Εἶτα
2201 4733 2312 4792 τοῖς
2351 4730 2447 4799 μὲν
2482 4729 2589 4781 τῶν
2637 4724 2943 4799 ἀνθρώπων
2980 4730 3166 4800 νόμοις
3213 4731 3484 4802 τοσαύτην
3523 4731 3723 4784 ἀπονέ-

2036 4836 2209 4888 μομεν
2256 4818 2443 4887 τιμὴν,
2469 4818 2595 4879 τοὺς
2619 4816 2674 4869 δὲ
2704 4817 2796 4869 τοῦ
2826 4817 2962 4870 Θεοῦ
2990 4818 3190 4887 νόμους
3232 4817 3376 4881 οὕτω
3401 4820 3723 4891 καταπατή-

2038 4922 2224 4975 σομεν,
2252 4904 2375 4957 εἰπέ
2402 4921 2490 4974 μοι
2512 4922 2525 4969 ;
2558 4904 2650 4957 καὶ
2665 4904 2821 4968 ποίας
2841 4904 3016 4959 ταῦτα
3036 4905 3335 4973 ἀπολογίας
3358 4906 3518 4972 ἄξιας
3569 4905 3722 4970 ποίας

2038 4993 2401 5064 συγγνώμης;
2467 4988 2626 5045 Εἴπε·
2692 4991 2789 5060 Μὴ
2845 4993 3109 5061 ὀμόσῃς·
3174 4993 3249 5063 μὴ
3303 4994 3722 5065 ἁντινομοθετή-

2036 5098 2135 5153 an;
2162 5080 2310 5151 αὐτῷ
2332 5081 2419 5133 διὰ
2440 5080 2547 5133 τῶν
2569 5079 2933 5151 πραγμάτων,
2959 5082 3046 5134 ἵνα
3076 5081 3214 5151 μετὰ
3229 5081 3528 5150 ἀσφαλείας
3551 5081 3726 5136 ἄπαν-

2038 5187 2107 5221 τα
2138 5171 2229 5221 καὶ
2254 5172 2411 5239 ποιῇς
2448 5170 2541 5221 καὶ
2567 5168 2754 5239 λέγῃς.

2106 5300 2176 5360 γ’.
2208 5292 2370 5345 Ἀλλὰ
2401 5292 2530 5362 περὶ
2560 5292 2657 5362 μὲν
2681 5290 2888 5344 τούτων
2918 5290 2975 5344 ὅ.)
2991 5308 3059 5355 ις·
3093 5291 3227 5362 φέρε
3244 5291 3300 5343 δὲ
3321 5292 3447 5362 μίαν
3471 5291 3627 5360 ῥῆσιν
3661 5289 3727 5342 ὲκ

2040 5380 2147 5431 τῶν
2190 5382 2428 5451 σήμερον
2475 5379 2940 5447 ἀναγνωσθέντων
3002 5379 3341 5453 παραθέντες
3378 5379 3525 5447 ὑμῖν,
3558 5393 3728 5429 καταο

2040 5468 2339 5537 παύσωμεν
2357 5468 2445 5519 τὸν
2477 5468 2654 5535 λόγον·
2683 5468 2928 5535 Παῦλος
3000 5470 3203 5537 έσμιος
3219 5465 3425 5535 Ἰησοῦ
3443 5464 3725 5533 Χριστοῦ,

2040 5570 2193 5627 φησι,
2224 5558 2321 5611 καὶ
2353 5560 2627 5625 Τιμόθεος
2677 5559 2947 5627 όάδελφι
3007 5602 3019 5614 .
3068 5559 3259 5626 Μέγας
3294 5559 3322 5610 0
3369 5553 3464 5607 τοῦ
3512 5553 3730 5607 Παύλου

2043 5646 2449 5717 χρηματισμὸς,
2482 5648 2583 5698 οὐκ
2617 5646 2793 5717 ἀρχῆς
2818 5647 2909 5699 καὶ
2956 5646 3117 5715 τιμῆς
3160 5644 3353 5715 ὄνομα,
3381 5641 3515 5693 ἀλλά
3549 5640 3729 5710 δεσμὰ

2043 5736 2139 5787 καὶ
2171 5734 2407 5797 ἁλύσεις·
2450 5734 2665 5805 άληθῶς
2699 5734 2893 5803 μέγας·
2939 5734 3116 5786 ’καίτοι
3148 5731 3317 5786 πολλά
3362 5729 3523 5783 αὑτὸν
3563 5729 3731 5799 ἕτερα

2042 5822 2293 5892 λαμπρὸν
2327 5825 2489 5882 ποιεῖ,
2514 5824 2571 5875 τὸ
2600 5824 2676 5885 εἰς
2721 5824 2945 5893 οὐρανὸν
2984 5822 3297 5892 ἁρπαγῆναι
3332 5819 3535 5891 τρίτον,
3562 5816 3623 5869 τὸ
3650 5817 3733 5879 εἰς

2050 5910 2375 5976 παράδεισον
2404 5909 2796 5984 ἀπενεχθῆναι,
2839 5913 2898 5962 τὸ
2978 5909 3181 5962 ,κοῦσαι
3224 5908 3438 5978 ἄρρητα
3491 5906 3731 5979 ῥήματα·

2046 5998 2160 6054 ἀλλ’
2189 5997 2339 6049 οὐδὲν
2379 5997 2582 6053 τούτων
2627 5999 2840 6067 ἔθηκεν,
2891 6000 2939 6051 5v.)
3040 5999 3157 6051 ἀντὶ
3218 5997 3430 6050 πάντων
3468 5990 3563 6049 τὴν
3607 5991 3733 6045 ἄλυ-
