4232 6320
493 380 597 436 ιεε

495 512 599 549 σιν·
634 494 772 565 αὕτη
801 493 909 565 γάρ
935 496 1096 558 αὐτὸν
1126 496 1350 548 ἐκείνων
1398 498 1822 566 ἐπιφανέστερον
1860 497 2033 550 ἐποίει
2063 499 2159 551 καὶ

495 582 888 653 λαμπρότερον.
922 583 986 635 Τί
1017 581 1251 652 δήποτε;
1308 583 1431 635 Ὀτι
1458 585 1641 635 ἐκεῖνα
1681 584 1777 651 μὲν
1808 583 1907 652 τῆς
1939 584 2030 635 τοῦ
2065 585 2161 636 Δεο

494 670 687 722 σπότου
725 669 1129 740 φιλανθρωπίας
1158 671 1273 722 ἐστὶ
1300 669 1815 741 χαρίσματα,ταῦτα
1836 669 1891 721 δέ
1911 670 2010 739 τῆς
2029 688 2163 737 καρ-

493 757 677 825 τερίας
706 756 799 809 τοῦ
832 756 1041 820 δούλου,
1072 757 1167 809 καὶ
1189 757 1287 825 τῆς
1321 758 1598 827 ὑπομονῆς
1632 756 1917 825 δείγματα·
1956 756 2075 819 έθος
2104 757 2161 808 δὲ

490 846 601 906 τοῖς
654 842 899 910 φιλοῦσιν
962 845 1048 897 ἐπ’
1094 844 1325 906 ἐκείνοις
1393 844 1591 913 μᾶλλον
1646 846 1883 913 φρονεῖν,
1949 842 2034 911 ἐφ’
2079 837 2161 906 οἷς

491 930 558 984 ἂν
611 930 894 1000 πάσχωσιν
940 931 1081 1002 ὑπὲρ
1129 930 1237 984 τῶν
1293 929 1663 999 φιλουμένων,
1730 930 1761 1000 ἢ
1818 930 1902 997 ἐφ’
1959 925 2038 991 οἷς
2094 929 2160 983 ἂν

490 1017 889 1088 εὐεργετῶνται
933 1019 1063 1088 παρ’
1115 1016 1311 1069 αὐτῶν.
1355 1018 1464 1085 Ούχ
1498 1016 1641 1068 οὕτω
1669 1016 1919 1086 βασιλεὺς
1953 1016 2045 1068 ἐπὶ
2082 1015 2161 1086 τῷ

492 1104 783 1173 διαδήματι
830 1104 1204 1175 ἐναϐρύνεται,
1251 1103 1327 1167 ὡς
1378 1105 1585 1165 ἐκεῖνος
1628 1102 1720 1155 ἐπὶ
1774 1106 1886 1164 τοῖς
1938 1103 2159 1171 δεσμοῖς

489 1191 907 1254 ἐκαλλωπίζετο·
958 1191 1052 1243 καὶ
1107 1190 1249 1260 μάλα
1301 1191 1544 1252 εἰκότως.
1594 1190 1836 1258 Διάδημα
1895 1188 1993 1257 μὲν
2049 1189 2157 1260 γὰρ

490 1279 692 1346 κόσμον
719 1279 877 1347 μόνον
902 1278 1055 1347 φέρει
1082 1281 1147 1348 τῇ
1182 1275 1586 1345 στεφανουμένη
1626 1276 1855 1345 κεφαλῇ,
1880 1278 1911 1346 ὴ
1943 1275 1999 1326 δέ
2032 1275 2160 1328 ἀλυ-

491 1382 576 1427 σις
604 1367 695 1418 καὶ
733 1366 934 1435 κόσμον
966 1365 1145 1433 πολλῷ
1174 1364 1395 1434 μείζονα
1440 1366 1535 1417 καὶ
1568 1363 1887 1430 ἀσφάλειαν.
1935 1364 1992 1414 Ὀ
2036 1363 2160 1414 στέ-

489 1470 655 1521 φανος
690 1456 718 1506 6
749 1454 1023 1523 βασιλικὸς
1055 1453 1313 1515 πολλάκις
1342 1451 1623 1523 προύδωκε
1652 1453 1747 1521 τὴν
1773 1450 2158 1521 περικειμένην

487 1542 648 1595 αὑτὸν
699 1542 961 1611 κεφαλὴν,
1022 1542 1113 1593 καὶ
1163 1541 1389 1612 μυρίους
1428 1539 1745 1600 ἐπιϐούλους
1785 1539 2153 1601 ἐπεσπάσατο,

487 1630 582 1680 καὶ
616 1630 694 1691 εἰς
722 1629 1031 1698 τυραννίδος
1074 1628 1371 1697 ἐπιθυμίαν
1406 1627 1653 1679 ἐκάλεσε·
1691 1628 1783 1680 καὶ
1813 1629 1869 1677 ἐν
1900 1626 2156 1692 πολέμοις

484 1716 541 1768 δέ
571 1717 742 1777 οὕτως
768 1717 915 1769 ἐστὶν
959 1716 1263 1784 ἐπισφαλὴς
1305 1717 1332 1767 ὸ
1371 1715 1573 1783 κόσμος
1608 1706 1783 1775 οὗτος,
1820 1714 1893 1774 ῶς
1921 1712 2158 1781 κρύπτε-

486 1802 611 1856 σθαι
641 1804 803 1856 αὐτὸν
833 1803 925 1856 καὶ
954 1800 1327 1855 ἀποτίθεσθαι.
1362 1802 1422 1852 OE
1468 1800 1598 1867 γοῦν
1650 1798 1888 1868 βασιλεῖς
1912 1799 1968 1847 ἐν
1996 1798 2157 1849 πολέ-

488 1908 609 1959 μοις
633 1893 693 1942 το
722 1890 910 1960 σχῆμα
946 1889 1281 1957 ἀμείϐοντες,
1312 1886 1484 1948 οὕτως
1520 1886 1745 1946 ἑαυτοὺς
1758 1887 1869 1945 τοῖς
1898 1884 2023 1936 πολε
2034 1884 2157 1952 μοῦ-

486 1995 570 2030 σιν
594 1978 1005 2048 άναμιγνύουσι·
1026 1976 1257 2046 τοσαύτη
1290 1978 1322 2045 ἡ
1350 1972 1609 2046 προδοσία
1639 1972 1746 2024 ἀπο
1773 1971 1865 2023 τοῦ
1890 1971 2154 2041 στεφάνου

482 2052 709 2131 γίνεται.
766 2065 828 2117 Ίί
862 2064 917 2115 δὲ
955 2064 1143 2126 ἅλυσις
1176 2062 1325 2116 οὐδὲν
1356 2060 1593 2113 τοιοῦτον
1617 2048 1990 2130 προξενεῖτοῖς
2013 2059 2158 2127 ἔχου-

485 2151 752 2214 σιν,ἀλλά
777 2151 1089 2204 τούναντίον
1140 2150 1305 2202 ᾶπαν-
1362 2150 1490 2201 ὃταν
1524 2148 1759 2217 πόλεμος
1877 2147 1972 2199 καὶ
2001 2145 2153 2218 [164]

485 2239 789 2309 παράταξις
819 2238 955 2307 πρὸς
978 2237 1105 2299 τοὺς
1137 2236 1395 2306 δαίμονας
1424 2234 1519 2287 καὶ
1541 2234 1639 2297 τὰς
1662 2234 2042 2302 ἀντικειμένας
2064 2233 2157 2286 δυ-

484 2326 695 2393 νάμεις,
723 2324 1160 2395 προϐαλλόμενος
1184 2322 1351 2393 αὐτὴν
1384 2323 1411 2374 6
1442 2322 1824 2393 περικείμενος
1850 2319 2155 2390 ἀποκρούε-

482 2430 573 2465 ται
614 2413 711 2475 τὰς
750 2413 973 2465 ἐκείνων
1020 2411 1261 2479 ἐφόδους.
1313 2410 1423 2462 Kal
1461 2408 1567 2461 τῶν
1602 2410 1699 2479 μὲν
1742 2408 2017 2480 ἀρχόντων
2048 2406 2156 2461 τῶν

481 2498 682 2564 ἔξωθεν
712 2499 897 2552 πολλοὶ
916 2499 1014 2569 οὑχ
1045 2498 1209 2569 ἡνίκα
1235 2496 1302 2549 ἂν
1332 2497 1590 2566 ἄρχωσιν,
1625 2495 1760 2549 ἀλλά
1786 2496 1879 2548 καὶ
1908 2496 2069 2565 ἡνίκα
2090 2495 2157 2549 ἂν

486 2587 838 2657 παραλυθῶσι
875 2587 974 2655 τῆς
1002 2584 1199 2656 ἀρχῆς,
1229 2583 1617 2655 περιφέρουσιν
1667 2583 1837 2652 αὐτῆς
1867 2583 1928 2635 τὸ
1960 2582 2153 2652 ὄνομα.

566 2676 624 2727 '0
656 2674 805 2727 δεῖνα
850 2673 911 2746 ἐξ
937 2672 1159 2726 ὑπάτων
1210 2671 1481 2738 λέγοντες.
1513 2672 1541 2723 6
1578 2670 1725 2723 δεῖνα
1764 2668 1824 2734 ἐξ
1869 2670 2151 2741 ὑπάρχων·

481 2754 637 2825 οὗτος
668 2760 873 2813 sum
911 2762 1129 2813 πάντων
1166 2759 1394 2823 τούτων,
1433 2758 1676 2823 Παῦλος
1701 2755 1969 2825 δέσμιος,
1996 2756 2150 2828 φησί·

482 2852 579 2904 καὶ
612 2849 757 2920 μάλα
791 2848 1035 2910 εἰκότως.
1084 2847 1321 2901 Ἐκεῖναι
1359 2845 1457 2916 μὲν
1484 2843 1593 2914 γὰρ
1629 2843 1687 2895 αί
1719 2843 1886 2914 ἀρχαὶ
1918 2843 1980 2895 ού
2020 2844 2155 2898 πάν-

480 2954 589 3000 τως
622 2935 729 2988 eiul
759 2936 856 3004 τῆς
886 2933 1029 2987 κατὰ
1059 2932 1235 3002 ψυχὴν
1275 2932 1475 3003 ἀρετῆς
1508 2928 1828 2993 ἀποδείξεις·
1856 2929 2155 3000 χρημάτων

480 3022 589 3093 γάρ
615 3025 752 3076 εἰσιν
777 3021 1001 3093 ὠνηταὶ,
1035 3020 1131 3074 xal
1158 3019 1328 3088 φίλων
1350 3017 1639 3079 κολακείας
1660 3017 1892 3071 δέονται·
1926 3015 2066 3088 αὕτη
2099 3017 2157 3071 δέ

480 3113 514 3181 ἡ
553 3110 695 3181 ἀρχὴ
717 3112 750 3180 ή
777 3110 886 3163 ἀπὸ
914 3108 1025 3162 τῶν
1063 3106 1279 3177 δεσμῶν
1321 3105 1423 3175 τῆς
1452 3104 1595 3158 κατὰ
1621 3103 1801 3176 ψυχὴν
1838 3104 2157 3174 φιλοσοφίας

480 3198 626 3251 ἐστὶν
647 3196 904 3265 ἔνδειγμα
917 3207 968 3259 ι,
987 3196 1082 3248 καὶ
1095 3192 1192 3246 τοῦ
1226 3209 1293 3246 πε
1302 3192 1354 3265 pl
1374 3191 1467 3244 τὸν
1487 3191 1722 3262 Χριστὸν
1746 3190 1913 3244 πόθου
1941 3193 2153 3262 τεκμὴ⁹

479 3300 597 3354 ριον
639 3282 920 3353 μέγιστον·
964 3282 1218 3335 κάκεῖναι
1272 3279 1368 3350 μὲν
1401 3278 1726 3349 ἀποπηδῶσι
1749 3275 1978 3349 ταχέως,
2013 3277 2154 3349 αὓτη

422 3430 427 3435 λ
476 3370 536 3423 δὲ
570 3372 667 3424 οὐκ
690 3370 800 3441 ἔχει
824 3369 914 3423 τὸν
942 3368 1315 3439 διαδεξόμενον
1340 3369 1375 3437 ἡ
1393 3368 1559 3438 ἀρχή.
1600 3366 1733 3420 Ἰδοὺ
1757 3365 1887 3435 γοῦν
1917 3366 1976 3433 ἐξ
2010 3366 2156 3419 ἐκεί-

480 3475 574 3509 νου
610 3457 771 3528 μέχρι
794 3458 888 3511 νῦν
923 3458 1088 3519 πόσος
1133 3455 1415 3524 διαγέγονε
1458 3453 1671 3525 χρόνος,
1710 3454 1803 3507 καὶ
1840 3453 2153 3525 λαμπρότε-

485 3560 577 3614 ρον
603 3543 662 3596 τὸ
688 3544 858 3613 ὄνομα
878 3542 973 3596 τοῦ
1000 3542 1221 3613 δεσμίου
1258 3540 1448 3611 γέγονε
1466 3538 1677 3594 τούτου·
1703 3539 1799 3594 καὶ
1826 3538 2021 3621 ὖπατρι
2054 3539 2155 3611 μὲν

478 3628 740 3697 ἅπαντες,
770 3631 884 3684 ὅσοι
912 3630 1197 3699 γεγόνασιν
1227 3629 1286 3683 ἐν
1318 3630 1431 3692 τοῖς
1460 3626 1770 3699 ἔμπροσθεν
1792 3627 2025 3699 χρόνοις,
2062 3645 2152 3681 σε-

481 3717 849 3787 σίγηνταικαὶ
894 3717 1017 3770 οὒδέ
1067 3718 1132 3771 ἐκ
1181 3714 1555 3787 προσηγορίας
1591 3715 1698 3768 εἰσὶ
1728 3714 1994 3786 γνώριμοι
2042 3718 2156 3780 τοῖς

481 3804 719 3868 πολλοῖς·
741 3805 803 3857 τὸ
830 3805 889 3857 δέ
914 3803 1009 3858 τοῦ
1035 3804 1259 3875 δεσμίου
1288 3803 1481 3857 τούτου
1522 3803 1697 3883 ϐνομα
1736 3801 1831 3855 τοῦ
1881 3804 2154 3874 μακαρίου

480 3893 696 3947 Παύλου
718 3892 853 3945 πολὺ
888 3892 988 3962 μὲν
1020 3890 1276 3953 ἐνταῦθα,
1311 3891 1445 3944 πολὺ
1466 3890 1525 3943 δέ
1551 3892 1609 3942 ἐν
1636 3892 1704 3961 τῇ
1735 3889 2026 3962 βαρϐάρων
2048 3891 2157 3961 χώ-

480 3999 573 4054 ρᾳ,
608 3979 741 4033 πολὺ
778 3978 837 4033 δέ
887 3977 1039 4050 παρά
1072 3976 1308 4040 Σκύθαις
1348 3979 1442 4031 καὶ
1480 3975 1683 4042 Ἰνδοῖς,
1716 3975 1822 4030 κᾶν
1856 3977 1992 4047 πρὸς
2017 3978 2157 4031 αὐτὰ

479 4070 580 4139 τῆς
625 4066 946 4137 οἰκουμένης
996 4065 1157 4137 ἔλθῃς
1193 4064 1263 4119 τά
1291 4064 1528 4137 πέρατα,
1559 4064 1765 4136 ταύτης
1808 4064 2019 4139 ἀκούσῃ
2059 4066 2159 4137 τῆς

480 4152 869 4226 προσηγορίας,
896 4154 989 4206 καὶ
1008 4154 1252 4222 ὅπουπερ
1267 4151 1332 4205 ἀν
1352 4169 1435 4215 τις
1462 4152 1751 4221 ἀφίκηται,
1784 4150 1999 4206 Παῦλον
2022 4169 2158 4207 παν-

478 4239 645 4311 ταχοῦ
679 4241 735 4292 ἐν
780 4242 891 4303 τοῖς
923 4240 1176 4293 ἁπάντων
1203 4238 1434 4309 στόμασι
1466 4237 1898 4310 περιφερόμενον
1926 4238 2154 4295 εἴσεται.

481 4330 592 4380 Καὶ
630 4328 681 4379 τί
710 4327 1044 4397 θαυμαστὸν,
1080 4328 1128 4379 εἰ
1150 4327 1207 4379 ἐν
1223 4328 1293 4397 γῇ
1308 4327 1403 4379 καὶ
1437 4326 1851 4399 θαλάττῃ,ὃπου
1874 4343 1938 4391 γε
1965 4328 2059 4382 καὶ
2098 4330 2156 4381 ἐν

479 4416 592 4476 τοῖς
625 4415 871 4485 οὐρανοῖς
898 4412 1030 4467 πολὺ
1057 4413 1117 4465 τὸ
1137 4412 1307 4483 δνομα
1339 4413 1551 4466 Παύλου
1568 4414 1722 4486 παρά
1749 4416 1861 4478 τοῖς
1882 4415 2153 4483 ἀγγέλοις,

483 4502 636 4574 παρὰ
655 4506 766 4565 τοῖς
783 4502 1144 4572 ἀρχαγγέλοις
1178 4502 1271 4554 καὶ
1286 4504 1406 4564 ταῖς
1424 4501 1534 4556 ἅνω
1548 4502 1808 4573 δυνάμεσι
1826 4505 1921 4556 καὶ
1936 4503 2013 4574 τῷ
2028 4503 2155 4556 τού-

481 4607 587 4643 των
608 4590 816 4661 βασιλεῖ
842 4588 961 4659 Θεῷ
978 4608 991 4654 ;
1010 4590 1123 4642 Καὶ
1142 4589 1360 4641 ποταπά
1374 4584 1440 4659 ῆν
1474 4590 1675 4653 ἐκεῖνα,
1694 4592 1847 4659 φησὶ,
1865 4591 1935 4643 τά
1954 4591 2151 4663 δεσμὰ,

481 4679 563 4730 ὅτι
581 4677 849 4747 τοσαύτην
865 4677 1060 4745 ῆνεγκε
1079 4674 1285 4747 τῷδεδε
1294 4675 1439 4745 μένῳ
1452 4676 1550 4747 τὴν
1566 4675 1724 4743 δόξαν
1741 4679 1869 4742 ςούκ
1882 4678 1989 4731 ἀπὸ
2009 4678 2149 4751 σιδήο

484 4782 579 4835 ρου
638 4762 1072 4826 κατεσκεύαστος
1141 4761 1273 4815 Ἀπὸ
1309 4763 1528 4833 σιδήρου
1583 4765 1683 4834 μὲν
1724 4766 2151 4839 κατεσκεύαστο,

480 4852 620 4908 ἀλλὰ
656 4851 855 4921 πολλὴν
886 4849 1030 4922 εἶχεν
1061 4850 1401 4904 ἐπανθοῦσαν
1442 4852 1536 4904 τοῦ
1582 4852 1898 4924 Πνεύματος
1924 4854 2022 4925 τὴν
2053 4856 2153 4925 χά-

484 4956 590 5012 ριν,
627 4940 811 5012 ἐπειδὴ
836 4939 923 4992 διά
942 4941 1033 4992 τὸν
1058 4940 1293 5009 Χριστὸν
1319 4941 1454 4993 αὐτὰ
1476 4939 1804 5010 περιέκειτο.
1824 4941 1888 4992 ’Ὡ
1915 4940 2008 4994 τοῦ
2026 4942 2157 4995 θαύ-

487 5030 688 5101 ματοςί
720 5031 768 5080 οἱ
801 5027 975 5079 δοῦλοι
1007 5027 1291 5097 ἐδέθησαν,
1322 5029 1351 5079 ὁ
1375 5027 1650 5099 Δεσπότης
1679 5026 2022 5099 ἐσταυρώθη,
2058 5030 2155 5082 καὶ

483 5115 545 5171 τὸ
568 5119 827 5187 κηρυγμα
861 5116 980 5173 καθ’
1019 5116 1257 5187 ἑκάστην
1297 5115 1519 5181 αὔξεται
1546 5118 1641 5188 τὴν
1668 5117 1904 5189 ἡμέραν,
1936 5121 2029 5172 καὶ
2067 5120 2155 5174 διά

486 5204 854 5273 πραγμάτων,
893 5204 961 5254 δι’
1004 5196 1078 5256 ὧν
1126 5204 1403 5273 ἐνομίζετο
1453 5200 1775 5271 κωλύεσθαι,
1813 5206 1899 5257 διὰ
1946 5208 2154 5259 τούτων

483 5292 723 5359 ἀνήφθη·
750 5290 841 5341 καὶ
859 5292 1111 5361 σταυρὸς,
1144 5295 1237 5345 καὶ
1266 5293 1458 5363 δεσμὰ,
1481 5292 1624 5363 ἅπερ
1640 5292 1812 5346 ἐδόκει
1831 5292 2109 5363 βδέλυγμα
2126 5293 2155 5332 δ

485 5375 643 5441 εἶναι,
673 5377 845 5430 ταῦτα
873 5376 967 5431 νῦν
996 5378 1268 5449 σωτηρίας
1302 5380 1545 5449 σύμϐολα
1578 5381 1788 5448 γέγονε,
1824 5382 1920 5434 καὶ
1953 5382 2156 5446 παντὸς

484 5468 705 5538 χρυσίου
736 5464 795 5517 τὸ
826 5466 1062 5536 σιδήριον
1101 5469 1275 5519 ἐκεῖνο
1296 5468 1426 5535 ἡμῖν
1455 5468 1775 5537 τιμιώτερον
1798 5464 1886 5539 ἦν,
1916 5468 1976 5521 ού
2004 5469 2156 5538 παρά

490 5552 590 5619 τὴν
618 5552 823 5603 οἰκείαν
850 5552 1029 5618 φύσιν,
1064 5554 1199 5606 ἀλλὰ
1256 5555 1405 5624 παρὰ
1436 5556 1533 5625 τὴν
1585 5555 1764 5609 αἰτίαν
1810 5557 2013 5626 ταύτην
2061 5560 2155 5610 καὶ

485 5639 581 5708 τὴν
631 5639 883 5691 ὑπόθεσιν
916 5652 962 5693 ο.
1022 5642 1161 5695 Ἀλλ’
1194 5637 1305 5715 όρῶ
1352 5661 1406 5695 τι
1448 5645 1541 5696 καὶ¹
1578 5646 1795 5717 ζήτημα
1835 5646 2152 5719 τικτόμενον

552 5851 701 5922 ξ’ᾼῖᾒ,
848 5855 1032 5922 δεῖγμα,
1060 5859 1141 5907 alii
1165 5859 1288 5907 ἐστὶν
1312 5861 1540 5921 ἕνδειγμα.

548 5910 701 5962 δ’Λλὶἱ
728 5918 972 5977 βδιὶυκτά.

1265 378 1325 435 S.
1351 381 1637 437 JOANNIS
1670 380 2164 440 CHRYSOSTOMI
2202 385 2521 444 ARCHIEP.
2552 384 3103 445 CONSTANTINOP.

3842 389 3957 447 l66

2266 502 2397 570 ἡμῖν
2425 502 2694 555 ἐντεῦθεν·
2730 502 2833 556 κᾶν
2878 501 3187 573 προσέχητε
3230 495 3371 572 μετὰ
3400 500 3706 570 ἀκριϐείας,
3761 494 3953 558 καὶτὸ

2266 587 2599 657 ζητούμενον
2626 588 2759 656 ἐρῶ,
2787 590 2882 641 καὶ
2915 588 3014 659 τὴν
3057 587 3211 640 λύσιν
3252 585 3565 659 προσθήσω.
3603 589 3668 641 Τί
3697 593 3817 641 ποτ’
3848 586 3956 643 οὖν

2265 673 2378 725 ἐστι
2408 674 2467 725 τὸ
2493 672 2821 744 ζητούμενον
2842 691 2855 738 ;
2893 672 3163 727 Εἰσελθὼν
3193 668 3347 737 οὗτος
3367 673 3396 725 6
3422 673 3633 736 Παῦλός
3652 692 3782 727 ποτε
3806 674 3956 746 πρὸς

2264 761 2352 812 τὸν
2370 762 2599 829 Φῆστον,
2641 761 2736 813 καὶ
2764 761 3150 830 διαλεγόμενος
3172 760 3343 829 αὐτῷ,
3382 760 3477 814 καὶ
3506 760 3955 830 ἀπολογούμενος

2265 847 2521 917 περὶτῶν
2549 847 2914 917 ἐγκλημάτων
2963 843 3039 899 ὧν
3095 848 3377 915 ἐπήγαγον
3423 846 3473 898 οί
3531 846 3801 907 Ἰουδαῖοι,
3847 845 3955 899 καὶ

2262 935 2436 1001 ’λέγων
2470 935 2585 999 πῶς
2625 932 2732 990 εἶδε
2764 935 2855 987 τὸν
2889 935 3119 1005 Ἰησοῦν,
3151 934 3271 997 πῶς
3296 935 3499 1005 ἤκουσε
3527 934 3629 1003 τῆς
3665 933 3955 1003 μακαρίας

2264 1022 2477 1091 ἐκείνης
2498 1023 2699 1092 φωνῆς,
2733 1022 2849 1085 πῶς
2877 1023 2963 1074 διά
2992 1020 3297 1093 πηρώσεως
3324 1020 3605 1089 ἀνέϐλεψε,
3636 1020 3951 1084 πῶς-ἔπεσε

2263 1107 2353 1159 καὶ
2380 1109 2602 1179 ἀνέστη,
2630 1110 2747 1172 πῶς
2764 1110 3011 1179 εἰσῆλθεν
3036 1108 3385 1179 αἰχμάλωτος
3408 1108 3489 1170 είς
3516 1108 3809 1177 Δαμασκὸν
3834 1123 3951 1177 χω-

2266 1194 2347 1265 ρὶς
2380 1196 2595 1263 δεσμῶν
2633 1196 2937 1266 δεδεμένος,
2994 1197 3085 1249 καὶ
3130 1196 3261 1267 περὶ
3306 1193 3601 1265 προφητῶν
3636 1194 3731 1246 καὶ
3773 1193 3947 1263 νόμου

2260 1281 2583 1351 διαλεχθεὶς,
2602 1284 2695 1337 καὶ
2723 1284 2899 1346 δείξας
2923 1284 3003 1336 ὅτι
3030 1286 3273 1336 κάκεῖνοι
3296 1286 3555 1352 προεῖπον
3582 1281 3754 1334 ταῦτα
3777 1282 3953 1334 ἀπαν-

2261 1386 2345 1429 τα,
2375 1363 2483 1421 εἷλε
2514 1370 2604 1423 τὸν
2638 1370 2948 1434 δικάζοντα,
2984 1371 3077 1423 καὶ
3129 1369 3314 1440 σχεδὸν
3344 1370 3527 1421 ἔπεισε
3569 1368 3704 1439 πρὸς
3750 1366 3949 1421 ἑαυτὸν

2263 1459 2619 1528 μεταστῆναι.

2330 1542 2390 1596 δ’.
2419 1546 2674 1599 Τοιαῦται
2700 1545 2809 1617 γὰρ
2827 1546 2936 1600 τῶν
2954 1547 3124 1614 ἁγίων
3141 1546 3197 1598 αί
3222 1544 3415 1616 ψυχαί·
3447 1544 3664 1597 ἐπειδὰν
3689 1541 3949 1615 είςμϐὄ]

2260 1632 2537 1694 κινδύνους
2562 1632 2588 1670 ά
2622 1634 2961 1702 ἐμπέσωσιν,
2994 1633 3093 1704 οὐχ
3122 1635 3272 1694 ὅπως
3296 1631 3652 1698 ἁπαλλαγῶσι
3684 1630 3793 1682 τῶν
3828 1648 3952 1683 κιν-

2258 1718 2429 1771 δύνων
2470 1718 2785 1783 σκοποῦσιν,
2831 1720 2945 1773 ἀλλ’
2986 1721 3136 1782 ὃπως
3172 1721 3298 1781 τοὺς
3349 1718 3690 1789 ἐμϐαλόντας
3744 1715 3949 1787 θηρεύ-

2262 1822 2431 1867 σαιεν,
2457 1806 2672 1859 ἃπαντα
2697 1806 3017 1877 πράττουσι·
3041 1806 3295 1877 καθάπερ
3327 1801 3422 1860 οῦν
3454 1805 3547 1858 καὶ
3559 1806 3680 1858 τότε
3700 1804 3944 1870 ἐγένετο·

2259 1892 2506 1961 εἰσῆλθεν
2536 1894 3027 1964 ἀπολογησόμενος,
3042 1895 3134 1947 καὶ
3160 1894 3251 1946 τὸν
3265 1892 3527 1965 δικαστὴν
3552 1890 3733 1946 λαϐὼν
3749 1892 3947 1962 ἀπῄει.

2260 1981 2369 2032 Kal
2395 1980 2567 2032 ταῦτα
2616 1981 2780 2043 αὐτὸς
2836 1983 2864 2034 6
2920 1982 3182 2052 δικαστὴς
3219 1979 3574 2051 ἐμαρτύρησε
3602 1978 3797 2047 λέγων·
3839 1981 3951 2039 Ἐν

2260 2067 2441 2135 ὀλίγῳ
2461 2084 2539 2135 με
2566 2070 2789 2133 πείθεις
2814 2066 3174 2135 Χριστιανὸν
3200 2066 3503 2135 γενέσθαι.
3526 2064 3698 2119 Τοῦτο
3727 2067 3821 2118 καὶ
3844 2067 3951 2136 σή-

2262 2170 2426 2223 μερον
2447 2154 2699 2221 γενέσθαι
2726 2156 2915 2224 ἐχρῆν,
2936 2154 3033 2208 καὶ
3053 2153 3145 2206 τὸν
3173 2152 3412 2224 ἄρχοντα
3440 2151 3629 2206 τοῦτον
3661 2151 3951 2222 θαυμάσαι

2260 2241 2413 2310 ὑμῶν
2439 2242 2537 2311 τὴν
2569 2241 2974 2311 μεγαλοψυχίαν
3008 2253 3054 2306 ο,
3078 2240 3179 2311 τὴν
3199 2238 3543 2309 φιλοσοφίαν,
3573 2240 3671 2309 τὴν
3710 2240 3952 2309 ἡσυχίαν

2257 2327 2497 2389 ἃπασαν,
2554 2330 2649 2381 καὶ
2688 2330 2752 2380 ἐκ
2799 2328 2900 2398 τῆς
2952 2326 3347 2391 καταστάσεως
3401 2326 3555 2397 ὑμῶν
3592 2325 3949 2379 διδασκαλίαν

2256 2414 2491 2469 λαϐόντα
2525 2412 2799 2480 ἀπελθεῖν,
2850 2414 3131 2486 θαυμάσαι
3184 2414 3277 2467 τὸν
3329 2413 3607 2482 σύλλογον,
3656 2414 3949 2467 ἐπαινέσαι

2256 2501 2317 2555 τὸ
2348 2502 2639 2572 συνέδριον,
2685 2502 2875 2572 μαθεῖν
2938 2503 3034 2555 καὶ⁸
3069 2502 3164 2555 ἀπ’
3199 2500 3381 2554 αὐτῶν
3414 2499 3523 2553 τῶν
3572 2499 3945 2571 πραγμάτων,

2257 2588 2380 2641 ὅσον
2412 2588 2473 2641 τὸ
2509 2590 2672 2658 μέσον
2715 2588 2983 2660 Ἑλλήνων
3004 2605 3064 2641 τε
3087 2578 3572 2661 καϊΧριστιανῶν.
3611 2585 3772 2653 Ἀλλ’,
3800 2588 3951 2658 ὅπερ

2257 2675 2465 2743 ἔλεγον,
2489 2674 2676 2746 ἐπειδὴ
2698 2675 2859 2728 αὑτὸν
2881 2670 3026 2729 εἷλεν
3058 2676 3086 2728 6
3109 2673 3340 2738 Παῦλος,
3362 2674 3615 2737 κάκεῖνος
3638 2669 3813 2736 εἶπεν,
3840 2674 3950 2747 Ἐν

2257 2762 2441 2829 ὀλίγῳ
2464 2780 2543 2831 με
2570 2763 2797 2827 πείθεις
2824 2762 3188 2830 Χριστιανὸν
3213 2760 3517 2831 γενέσθαι,
3546 2760 3884 2831 ἀπεκρίνατο
3910 2761 3949 2814 ὁ

2256 2848 2470 2913 Παῦλος
2494 2849 2686 2913 οὓτως·
2718 2849 3030 2918 Εὐξαίμην
3058 2847 3137 2902 ἂν
3158 2846 3362 2917 ἔγωγε,
3402 2846 3503 2900 καί
3532 2846 3599 2900 ἐν
3629 2848 3812 2916 ὀλίγῳ
3836 2846 3947 2902 καὶ

2256 2934 2565 3000 ἐνπολλῷ,
2578 2938 2650 2989 οὐ
2655 2937 2849 3004 μόνον
2876 2935 2970 3000 σὲ,
2990 2934 3151 2989 ἀλλὰ
3167 2932 3266 2987 καὶ
3280 2932 3511 2998 πάντας
3526 2933 3668 2999 τοὺς
3682 2935 3947 2987 ἀκούονο

2257 3021 2365 3088 τὰς
2404 3040 2525 3093 μου
2585 3022 2865 3092 γενέσθαι
2900 3021 3299 3090 Χριστιανοὺς
3336 3018 3484 3075 ἄνευ
3518 3019 3642 3073 τῶν
3697 3018 3947 3089 δεσμῶν

2258 3110 2504 3162 τούτων.
2530 3109 2595 3161 Τί
2623 3109 2823 3177 λέγεις,
2853 3103 2899 3162 ὦ
2921 3107 3135 3174 Παῦλε;
3172 3108 3342 3162 Ὅταν
3368 3106 3470 3178 μὲν
3505 3107 3772 3177 Ἐφεσίοις
3798 3105 3947 3178 γρά-

2258 3212 2386 3266 φης.
2416 3195 2616 3265 λέγεις·
2665 3193 3003 3265 Παρακαλῶ
3030 3189 3146 3249 οὖν
3184 3192 3342 3263 ὑμᾶς
3367 3193 3483 3263 ἐγὼ
3506 3196 3540 3248 ό
3573 3194 3820 3262 δέσμιος
3868 3193 3949 3247 ἐν

2255 3283 2470 3349 Κυρίῳ,
2508 3283 2692 3348 ἀξίως
2719 3280 3121 3351 περιπατῆσαι
3176 3280 3289 3350 τῆς
3332 3279 3610 3348 κλήσεως
3656 3276 3730 3349 ἧς
3755 3278 3946 3346 ἐκλή-

2256 3374 2419 3437 θητε·
2465 3370 2563 3423 καὶ
2588 3371 2718 3424 ὅταν
2761 3370 2899 3442 πρὸς
2946 3369 3215 3441 Τιμόθεον
3270 3368 3516 3441 διαλέγῃ·
3566 3369 3662 3422 Ἐν
3688 3361 3947 3434 ᾦκωιο-

2258 3455 2427 3511 παθῶ
2447 3456 2630 3527 μέχρι
2659 3456 2925 3527 δεσμῶν,
2975 3457 3058 3523 ὡς
3094 3455 3449 3526 κακοῦργος·
3483 3456 3580 3509 καὶ
3622 3456 3752 3509 ὅταν
3798 3454 3945 3527 πρὸς

2256 3542 2532 3615 Φιλήμονα
2562 3544 2744 3599 πάλιν·
2767 3543 3011 3611 Παῦλος
3042 3542 3286 3613 δέσμιος
3326 3542 3522 3612 Ἰησοῦ
3540 3539 3819 3611 Χριστοῦ·
3842 3540 3945 3595 καὶ

2257 3629 2389 3684 ὅταν
2438 3630 2715 3695 Ἰουδαίοις
2750 3628 3066 3703 συνδικάζῃ,
3096 3629 3521 3699 λέγεις·Ἐνεκα
3548 3627 3661 3696 τῆς
3686 3627 3942 3697 ἐλπίδος

2257 3718 2365 3771 τοῦ
2399 3716 2650 3787 Ἰσραὴλ
2687 3718 2805 3785 τὴν
2836 3717 3065 3773 ἅλυσιν
3089 3718 3318 3785 ταύτην
3343 3717 3693 3786 περίκειμαι·
3727 3715 3822 3769 καὶ
3838 3716 3941 3769 Φι-

2256 3802 2574 3875 λιππησίοις
2606 3805 2835 3878 γράφων
2861 3805 3067 3875 ἔλεγες·
3099 3805 3283 3860 Ὥστε
3308 3805 3451 3872 τοὺς
3481 3804 3769 3869 πλείονας
3818 3802 3943 3858 τῶν

2260 3890 2561 3960 ἀδελφῶν,
2590 3894 2951 3958 πεποιθότας
2981 3891 3107 3957 τοῖς
3136 3888 3382 3961 δεσμοῖς
3414 3906 3558 3958 μου,
3590 3888 3942 3957 περισσοτέ-

2251 3993 2375 4045 ρως
2401 3976 2879 4049 τολμᾷνάφόόως
2902 3977 3010 4032 τὸν
3024 3978 3214 4047 λόγον
3248 3974 3484 4029 λαλεῖν·
3520 3975 3791 4047 πανταχοῦ
3836 3976 3940 4048 τὴν

2262 4063 2454 4118 ἀλυσιν
2505 4064 2849 4139 περιφέρεις,
2886 4062 3162 4134 πανταχοῦ
3202 4062 3272 4116 τά
3303 4061 3477 4133 δεσμά
3510 4062 3811 4137 προϐάλλῃ,
3840 4063 3940 4117 καὶ

2260 4152 2536 4221 καυχᾶσαι
2584 4151 2678 4205 ἐπὶ
2709 4149 2788 4222 τῷ
2827 4150 3135 4221 πράγματι·
3186 4149 3266 4211 είς
3296 4148 3645 4219 δικαστήριον
3674 4148 3733 4202 δὲ
3766 4147 3939 4202 ἐλθὼν

2262 4238 2582 4309 προέδωκας
2618 4237 2717 4308 τὴν
2752 4235 3092 4307 φιλοσοφίαν,
3131 4235 3220 4288 ὅτε
3268 4235 3507 4306 μάλιστα
3551 4236 3937 4308 παρρησιάσα-

2261 4325 2384 4379 σθαι
2414 4325 2542 4390 ἔδει,
2562 4323 2656 4380 καὶ
2678 4326 2757 4395 τῷ
2787 4325 3015 4395 δικαστῇ
3045 4322 3246 4391 λέγεις·
3287 4322 3604 4392 Εὐξαίμην
3645 4322 3723 4375 ἂν
3748 4338 3823 4377 σε
3843 4339 3939 4392 γε-

2257 4411 2470 4467 νέσθαι
2522 4410 2885 4479 Χριστιανὸν
2932 4411 3082 4465 ἄνευ
3108 4409 3229 4463 τῶν
3264 4409 3506 4479 δεσμῶν
3534 4411 3791 4473 τούτων;
3825 4410 3939 4464 Καὶ

2263 4500 2369 4570 μὴν
2408 4501 2456 4551 εί
2500 4497 2647 4554 καλά
2682 4498 2752 4552 τὰ
2774 4496 2971 4569 δεσμὰ,
3006 4499 3101 4551 καὶ
3128 4496 3271 4551 οὕτω
3307 4496 3471 4562 καλὰ,
3503 4496 3644 4551 ὥστε
3674 4497 3938 4570 παρέχειν

2260 4587 2353 4639 καὶ
2400 4587 2607 4659 ἑτέροις
2649 4587 2874 4659 θαρρεῖν
2914 4588 2995 4649 είς
3029 4586 3122 4640 τὸν
3152 4585 3294 4656 ὑπὲρ
3326 4585 3427 4655 τῆς
3455 4584 3737 4649 εὐσεϐείας
3778 4586 3937 4653 λόγον

2260 4675 2349 4741 (σὺ
2382 4672 2491 4746 γὰρ
2520 4673 2654 4727 αὐτὸ
2689 4673 2849 4726 τοῦτο
2895 4673 3066 4744 ἔφθης
3114 4672 3306 4738 είπὼν,
3351 4674 3434 4726 ὅτι
3474 4674 3522 4725 οί
3554 4672 3795 4737 πλείονες
3824 4672 3938 4727 τῶν

2257 4760 2504 4829 ἀδελφῶν
2539 4759 2862 4819 πεποιθότες
2894 4762 3008 4823 τοῖς
3030 4760 3251 4830 δεσμοῖς
3282 4776 3382 4831 μου
3413 4759 3503 4812 τὸν
3527 4758 3683 4829 λόγον
3712 4760 3937 4815 ἐλάλουν

2257 4847 2520 4917 ἀφόϐως),
2551 4847 2696 4911 τίνος
2710 4847 2896 4901 ἕνεκεν
2918 4847 3011 4901 ἐπὶ
3029 4846 3125 4900 τοῦ
3153 4845 3405 4901 δικαστοῦ
3434 4847 3535 4899 οὐκ
3552 4846 3937 4921 ἐγκαλλωπίζῃ

2256 4936 2335 5006 τῷ
2371 4936 2679 5007 πράγματι,
2712 4934 2847 4988 ἀλλά
2877 4936 2971 4989 καὶ
2991 4936 3309 4989 τούναντίον
3342 4938 3547 5001 ποιεῖς;
3586 4931 3735 5007 *Αρα
3758 4936 3821 4989 οὐ
3848 4935 3928 4988 δο-

2258 5027 2346 5076 κεῖ
2372 5022 2591 5094 ζήτημα
2625 5022 2845 5077 εἶναιτὸ
2880 5022 3204 5094 λεγόμενον;
3253 5022 3413 5075 Ἀλλά
3444 5021 3705 5093 ταχίστην
3742 5024 3933 5091 ἐπάγω

2257 5110 2354 5179 τὴν
2390 5109 2564 5162 λύσιν.
2609 5110 2683 5162 Οὐ
2721 5109 2830 5180 γὰρ
2869 5110 2929 5173 ἐξ
2979 5110 3220 5179 ἀγωνίας
3265 5110 3386 5163 ούδέ
3424 5109 3626 5172 δειλίας
3657 5111 3685 5161 6
3722 5110 3933 5175 Παῦλος

2257 5196 2413 5249 τοῦτο
2441 5195 2716 5267 ἐποίησεν,
2742 5197 2854 5248 ἀλλ’
2886 5197 2993 5250 ἀπὸ
3018 5198 3209 5266 σοφίας
3246 5197 3446 5267 πολλῆς
3477 5195 3496 5234 ί
3534 5196 3631 5249 καὶ
3664 5196 3933 5261 συνέσεως

2258 5283 2652 5353 πνευματικῆς·
2683 5284 2777 5336 καὶ
2811 5284 2948 5347 πῶς,
2981 5284 3092 5352 ἐγὼ
3125 5284 3295 5351 λέγω.
3319 5284 3463 5351 Πρὸς
3496 5282 3733 5352 Ἕλληνα
3760 5283 3932 5337 διελέ-

2257 5387 2383 5436 γετο
2399 5371 2491 5425 καὶ
2521 5372 2773 5435 ἄπιστον,
2799 5371 2894 5424 καὶ
2921 5372 3021 5423 οὐκ
3046 5371 3227 5423 εἰδότα
3254 5368 3323 5421 τὰ
3342 5369 3609 5440 ἡμέτερα.
3644 5372 3757 5424 Ούκ
3781 5370 3931 5424 ἐϐού-

2256 5456 2377 5505 λετο
2417 5454 2595 5507 τοίνυν
2640 5453 2805 5506 αὐτὸν
2852 5454 2960 5506 ἀπὸ
3012 5453 3117 5508 τῶν
3166 5450 3440 5523 φορτικῶν
3477 5454 3783 5521 ἐναγαγεῖν,
3817 5454 3933 5507 ἀλλ’

2322 5615 2595 5673 “Quaedam
2640 5616 2977 5675 supplevimus
3016 5629 3195 5663 omxssa
3257 5612 3388 5675 apud
3433 5611 3625 5673 Menti,
3669 5617 3753 5676 qui
3780 5616 3932 5668 habet

2258 5684 2443 5738 tantum
2464 5678 2591 5738 παρα
2612 5679 2696 5733 τὴν
2719 5678 2955 5724 ὑπόθεσιν.
2988 5676 3119 5726 Enn“.

2318 5736 2345 5775 ά
2370 5738 2462 5785 Alii
2488 5736 2542 5785 et
2563 5737 2674 5784 Sav.
2704 5740 2766 5792 εἰς
2789 5738 3015 5785 κίνδυνον.

2322 5803 2345 5829 ⁸
2376 5799 2485 5853 Alii,
2519 5800 2646 5845 inter
2671 5813 2794 5859 quas
2818 5799 2988 5853 Suvil.,
3014 5801 3091 5845 καὶ
3116 5798 3197 5843 τὸν
3222 5796 3426 5861 ἄρχοντα
3451 5798 3631 5847 τούτων
3665 5800 3933 5850 εἰσελθόντα

2264 5860 2376 5922 πρὸς
2398 5860 2517 5918 ὑμᾶς
2539 5863 2808 5917 αἰδεσθῆναι
2831 5862 2915 5915 τήν
2946 5861 3311 5922 μεγαλοψυχίαν.

2332 5912 2559 5979 πρυὶοείπη
2581 5912 2850 5984 φιλοσοφίη
2870 5912 3496 5983 πολλῆς.ιῐιίιῖίξιυὶααηηιὶἰ
3510 5922 3609 5969 ἀλλ’
3630 5922 3744 5985 ὅπερ
3762 5928 3935 5989 ἔλεγεν.
