4232 6320
296 377 397 431 ἲεῖο

291 493 436 540 dum.
485 485 593 539 (Zur
637 481 888 537 tandem?
932 479 1194 547 Quoniam
1257 479 1346 531 illa
1396 476 1610 547 quidem
1671 473 1880 528 Domini

290 576 636 645 benignitatis
673 584 796 627 sunt
833 572 1054 642 gratuita
1081 570 1244 634 dona,
1278 570 1390 622 haec
1413 581 1541 620 vero
1577 567 1717 620 servi
1751 565 1882 618 tole-

293 667 482 719 rantiae
528 673 688 731 atque
747 661 1012 731 patientiae
1056 660 1282 722 indicia;
1327 655 1660 710 consuetudo
1709 664 1883 707 autem

290 756 595 814 amantibus
625 762 726 817 est,
774 752 876 806 illis
917 751 1084 820 magis
1106 749 1241 803 allici
1270 764 1391 817 quae
1431 761 1527 816 pro
1567 747 1758 799 amatis
1791 760 1884 813 pa-

291 848 514 907 tiantur,
564 859 724 914 quam
769 845 854 910 iis,
903 857 1022 912 qua:
1051 841 1117 894 ab
1159 839 1288 908 ipsis
1331 837 1584 892 beneficia
1627 835 1880 889 referunt.

289 938 404 992 Non
450 939 523 991 ita
561 953 654 992 rex
691 935 987 990 diademate
1027 932 1305 1003 gloriatur,
1335 939 1392 984 ut
1429 930 1517 984 ille
1542 928 1764 982 vinculis
1788 927 1884 981 de-

289 1029 590 1082 lectabatur
614 1045 626 1079 :
646 1036 699 1081 et
722 1027 930 1080 merito.
954 1025 1202 1078 Diadema
1228 1036 1418 1090 nempe
1435 1021 1606 1073 solum
1629 1027 1886 1073 coronato

285 1116 452 1186 capiti
491 1125 737 1170 ornatum
781 1115 954 1178 aﬁert,
995 1125 1176 1168 catena
1212 1129 1337 1167 vero
1363 1121 1415 1165 et
1439 1119 1684 1164 ornatum
1721 1110 1887 1163 multo

287 1207 574 1276 majorem,
607 1217 662 1262 et
705 1208 942 1260 tutelam.
981 1203 1189 1258 Corona
1237 1217 1384 1272 saepe
1430 1200 1572 1270 regia
1620 1209 1780 1267 caput
1827 1214 1887 1253 se

283 1297 679 1353 circumdatum
709 1297 960 1366 prodidit,
995 1297 1302 1349 innumeros
1323 1293 1503 1346 allexit
1527 1290 1883 1356 insidiatores,

284 1389 534 1458 atquein
576 1388 871 1459 tyrannidis
913 1383 1396 1453 concupiscentiam
1443 1381 1709 1444 invitavit;
1752 1381 1884 1434 etin

284 1478 446 1534 bellis
473 1479 561 1534 hic
589 1488 811 1533 ornatus
839 1487 922 1532 est
948 1478 1083 1531 adeo
1107 1476 1456 1545 periculosus,
1488 1483 1544 1528 ut
1568 1474 1739 1543 ipsum
1786 1473 1884 1527 de-

287 1579 569 1640 ponantet
607 1569 954 1626 abscondant.
997 1569 1053 1624 ln
1077 1569 1273 1638 prmliis
1303 1580 1700 1635 nonnumquam
1733 1579 1887 1633 rcges

287 1662 534 1717 habitum
581 1671 1000 1724 counnutantes,
1047 1663 1116 1715 ita
1163 1676 1350 1713 manus
1392 1674 1511 1712 cum
1559 1657 1886 1711 certantibus

287 1761 623 1807 conserunt:
653 1765 798 1808 tanta
840 1768 906 1807 ex
951 1766 1146 1806 corona
1193 1751 1363 1804 oritur
1404 1748 1651 1818 proditio.
1689 1748 1886 1801 Catena

289 1857 422 1897 vero
465 1843 596 1896 nihil
639 1842 941 1912 hujusmodi
1001 1839 1310 1913 gerentibus
1358 1839 1532 1903 affert,
1585 1837 1679 1892 sed
1729 1852 1888 1892 ontne

288 1935 619 1989 contrarium
649 1952 662 1988 :
691 1950 810 1988 cum
841 1948 1012 2004 pugna
1038 1933 1107 1987 sit
1131 1943 1184 1987 et
1208 1932 1350 1986 acies
1377 1940 1560 1984 contra
1591 1929 1882 1993 daemones,

289 2034 345 2079 et
369 2025 706 2080 adversarias
748 2035 1060 2094 potestates,
1107 2022 1446 2093 praetendens
1486 2021 1655 2090 ipsam
1695 2019 1784 2090 qui
1824 2034 1888 2074 ea

289 2119 657 2171 circumdatus
697 2127 797 2181 est,
842 2118 1056 2172 illorum
1099 2117 1307 2185 repellit
1333 2115 1592 2168 incursus.
1623 2113 1689 2167 Et
1714 2112 1889 2182 magi—

289 2215 555 2263 stratuum
580 2210 791 2283 quidem
829 2220 1170 2264 externorum
1217 2208 1367 2261 multi
1391 2223 1496 2261 non
1529 2217 1728 2260 tantum
1755 2205 1886 2262 dum

291 2299 579 2370 imperant,
604 2316 784 2354 verum
807 2310 996 2355 etcum
1020 2299 1345 2355 excesserint
1365 2298 1695 2368 magistratu,
1719 2297 1888 2368 ipsius

291 2407 487 2445 nomen
515 2392 916 2447 circumferunt.

377 2479 591 2534 Vincula
621 2481 774 2535 Pauli
797 2481 976 2551 ubique
999 2483 1359 2553 prtedicantttr.
1383 2510 1455 2520 —
1485 2479 1579 2532 Ille
1607 2478 1884 2543 excon~ul,

290 2569 508 2636 dicitur,
560 2572 646 2626 ille
688 2572 1065 2642 exprtcfectus;
1117 2572 1204 2626 hic
1232 2587 1359 2625 vero
1389 2585 1485 2639 pro
1515 2570 1578 2624 iis
1617 2569 1886 2631 omnibus,

292 2659 496 2720 Paulus
554 2665 780 2727 vinctus,
827 2663 1017 2732 inquit,
1064 2671 1119 2716 et
1159 2661 1445 2716 admodum
1509 2667 1884 2730 congruenter.

293 2752 371 2808 Illi
416 2771 649 2825 namque
687 2756 1026 2826 magistratus
1053 2769 1160 2810 non
1195 2754 1403 2823 penitus
1432 2761 1558 2808 sunt
1580 2753 1742 2806 animi
1771 2754 1883 2806 vir-

294 2853 422 2906 tutis
447 2848 932 2905 demonstrationes
957 2864 970 2899 :
1001 2845 1240 2916 pecuniis
1267 2845 1408 2898 enim
1432 2852 1556 2898 sum
1583 2842 1818 2906 venales,
1835 2853 1888 2898 et

293 2944 591 2997 amicorum
609 2940 847 3008 indigent
863 2937 1339 3002 assentationibus;
1363 2935 1450 2991 hic
1479 2945 1655 2990 autem
1675 2952 1742 2990 ex
1764 2937 1887 2989 vin-

294 3034 433 3089 culis
474 3033 815 3100 magistratus
857 3039 939 3083 est
976 3027 1140 3082 animi
1178 3027 1475 3096 disciplina:
1521 3027 1796 3090 indicium,
1833 3034 1889 3080 et

295 3123 530 3178 ardentis
555 3123 605 3176 in
627 3121 898 3176 Christum
938 3119 1187 3175 desiderii
1227 3120 1436 3187 signum
1482 3117 1793 3172 maximum.
1820 3117 1889 3172 Et

297 3215 374 3270 illi
417 3213 630 3285 quidem
682 3212 830 3267 brevi
877 3209 1183 3280 refugiunt,
1239 3209 1327 3264 hic
1374 3224 1502 3264 vero
1549 3211 1890 3279 magistratus

297 3305 502 3358 nullum
536 3303 694 3357 habet
719 3315 1109 3356 successorem.
1151 3301 1344 3370 Aspice
1375 3315 1602 3370 namque
1631 3310 1888 3370 quantum

297 3395 365 3450 ab
389 3394 480 3448 illo
506 3407 646 3447 nunc
672 3407 839 3460 usque
865 3391 1118 3460 temporis
1141 3399 1242 3453 est,
1284 3400 1337 3444 et
1367 3389 1696 3459 splendidius
1734 3389 1891 3459 hujus

300 3488 462 3541 vincti
512 3499 704 3539 nomen
763 3483 1030 3539 redditum
1085 3491 1168 3535 est
1214 3499 1227 3534 :
1277 3496 1340 3536 ac
1385 3482 1632 3536 consules
1673 3481 1889 3549 quidem

298 3594 486 3632 omnes
511 3619 524 3642 ,
557 3577 878 3646 quicumque
919 3574 1285 3643 superioribus
1329 3571 1478 3628 fuere
1525 3572 1886 3641 temporibus,

299 3667 517 3722 silentio
546 3667 721 3720 traditi
752 3674 896 3727 sunt,
928 3676 981 3718 et
1011 3678 1112 3718 nec
1132 3664 1247 3733 ipso
1266 3664 1477 3733 quidem
1501 3664 1718 3718 nomine
1738 3663 1894 3732 vulgo

300 3769 424 3814 sunt
453 3757 649 3828 c0guiti
678 3776 692 3820 ;
733 3756 888 3826 hujus
921 3767 1097 3810 autem
1139 3756 1301 3809 vincti
1334 3755 1473 3809 beati
1510 3756 1657 3809 Pauli
1697 3771 1891 3812 nomen

303 3850 529 3905 multum
561 3850 774 3919 quidem
806 3849 892 3902 hic
912 3889 926 3910 ,
958 3848 1183 3902 multum
1213 3857 1390 3900 autem
1438 3846 1491 3900 in
1543 3847 1890 3900 barbarorunt

303 3941 522 4010 regione
593 3940 818 3992 multum
889 3938 1032 4008 apud
1098 3937 1326 4008 Scythas
1397 3945 1452 3991 et
1517 3935 1709 4003 ludos,
1750 3947 1805 3994 ct
1847 3936 1892 3992 si

301 4035 367 4084 ad
411 4033 554 4100 ipsos
592 4040 860 4086 terrarum
904 4031 1048 4086 orbis
1084 4031 1341 4085 terminos
1379 4032 1582 4094 venias,
1631 4029 1769 4086 hanc
1806 4047 1892 4087 au-

301 4123 422 4177 dies
457 4123 889 4192 appellationem,
956 4132 1011 4176 et
1070 4137 1404 4192 quocumque
1460 4122 1720 4191 quispiam
1767 4139 1892 4192 per-

302 4216 550 4279 venerit,
596 4215 816 4268 Paulum
855 4215 1050 4285 ubique
1075 4215 1126 4268 in
1156 4214 1394 4269 omnium
1426 4230 1521 4268 ore
1563 4215 1890 4269 circumferri

303 4317 511 4361 tto-cet.
558 4305 624 4358 Et
665 4307 789 4374 quid
832 4307 1041 4370 mirum,
1068 4306 1188 4360 siin
1221 4317 1357 4360 terra
1397 4307 1655 4375 marique,
1697 4307 1893 4376 quippe

303 4410 424 4447 cum
471 4405 520 4450 et
567 4396 617 4448 in
666 4394 811 4449 cadis
839 4396 1063 4448 multum
1095 4395 1240 4450 Pauli
1267 4411 1463 4450 nomen
1489 4396 1629 4464 apud
1654 4397 1890 4465 angelos,

305 4486 443 4555 apud
473 4485 838 4553 archangelos,
872 4494 924 4539 et
950 4499 1209 4554 supernas
1235 4486 1477 4551 virtutes,
1505 4495 1562 4540 et
1591 4489 1775 4540 harum
1804 4503 1893 4541 re-

303 4591 421 4645 gem
453 4577 657 4629 Deum?
702 4577 767 4630 Et
792 4577 982 4647 qualia,
1008 4577 1195 4647 inquit,
1215 4585 1369 4632 erant
1394 4578 1481 4632 illa
1508 4578 1736 4644 vincula,
1756 4593 1892 4647 quo-

303 4668 444 4722 niam
496 4678 698 4722 tantum
743 4669 919 4723 vinCto
961 4669 1144 4738 gloria:
1171 4669 1440 4724 tulerunt?
1484 4685 1660 4724 nonne
1687 4686 1718 4724 e
1751 4669 1894 4725 ferro

305 4759 560 4813 fabricata
581 4760 764 4814 erant?
791 4759 832 4814 Ε
852 4758 995 4814 ferro
1016 4759 1229 4829 quidem
1262 4759 1537 4826 fabricata,
1557 4759 1652 4815 sed
1674 4761 1891 4815 multam

305 4851 575 4906 habebant
619 4850 846 4920 Spiritus
878 4855 1101 4921 gratiam
1147 4851 1572 4907 eflloresceutem
1599 4871 1611 4906 :
1641 4853 1892 4922 quoniam

305 4957 525 5015 propter
560 4943 828 4998 Christum
873 4944 1002 5013 ipsis
1033 4945 1391 4998 circumdatus
1430 4943 1622 5000 fuerat.
1655 4945 1699 5000 Ο
1733 4946 1894 4999 mira-

302 5035 519 5088 culum!
543 5033 682 5088 servi
707 5035 867 5088 vincti
893 5043 1037 5100 sunt,
1065 5035 1318 5089 Dominus
1341 5034 1646 5098 cruciﬁxus,
1679 5044 1732 5090 et
1753 5051 1893 5105 prte-

304 5122 501 5176 dteatio
542 5124 778 5192 quotidie
803 5125 994 5180 crescit
1018 5142 1031 5178 :
1058 5134 1111 5178 et
1141 5140 1236 5194 per
1259 5142 1377 5196 qua:
1418 5127 1702 5196 putabatur
1731 5140 1892 5192 Opera

306 5215 598 5282 prohiberi,
637 5231 732 5284 per
765 5217 878 5270 tunc
909 5232 1134 5271 accensa
1157 5227 1239 5271 est
1265 5236 1278 5271 :
1306 5227 1359 5273 et
1394 5233 1546 5283 crux,
1579 5225 1634 5272 et
1663 5218 1890 5284 vincula,

306 5321 422 5374 qua:
461 5321 584 5361 esse
627 5307 942 5363 videbantur
984 5309 1325 5376 abominatio,
1354 5326 1496 5366 nunc
1532 5311 1721 5365 salutis
1745 5312 1892 5381 signa

306 5406 426 5450 sunt
449 5396 606 5462 facta,
637 5407 692 5452 et
718 5399 954 5469 quolibet
978 5415 1111 5454 auro
1139 5401 1338 5454 ferrum
1367 5401 1494 5455 illud
1520 5401 1674 5455 nobis
1698 5401 1895 5469 pretio-

305 5487 415 5541 sius
439 5497 572 5553 erat,
597 5505 702 5543 non
733 5500 951 5561 propter
979 5502 1218 5546 naturam
1243 5493 1532 5563 propriam,
1564 5493 1658 5548 sed
1681 5504 1895 5563 propter

307 5593 518 5635 causam
543 5581 680 5636 hanc
700 5591 754 5637 et
777 5594 1144 5654 argumentum
1169 5587 1210 5638 ⁸.
1239 5584 1345 5640 Sed
1368 5584 1521 5640 video
1546 5587 1892 5654 quaaStionem

365 5715 382 5747 '
419 5716 609 5784 \toatet‘.
634 5718 706 5766 sic
741 5715 888 5781 legit.
913 5721 1103 5770 omissis
1135 5719 1421 5784 quibusdam
1454 5734 1466 5770 :
1506 5718 1767 5770 Pretiosius
1791 5728 1894 5771 erat

294 5785 494 5844 prap'er
521 5779 608 5829 hoc
632 5779 983 5842 argumentum.
1153 5779 1168 5784 '
1611 5817 1614 5822 .

1187 368 1276 422 AD
1313 364 1631 421 POPULUM
1675 357 2161 415 ANTlOCHENUM
2225 363 2454 419 llO.\llL.
2499 367 2633 420 XVI.
3494 373 3590 428 “:5

1998 468 2119 524 hinc
2147 473 2299 528 nobis
2329 476 2610 544 quamdam
2642 477 2902 532 orientem
2928 495 2939 531 :
2964 490 3016 533 et
3037 498 3078 533 si
3108 482 3394 552 diligenter
3415 496 3591 538 atten-

1991 563 2130 614 datis
2163 605 2176 629 ,
2228 576 2282 618 et
2321 568 2665 634 qua-stionem
2715 569 2909 637 dicmn,
2960 582 3015 627 ct
3055 575 3376 631 solutionem
3428 593 3589 646 appr.-

1993 666 2134 703 nam.
2189 652 2324 719 Quid
2377 656 2534 724 igitur
2585 660 2794 714 tandem
2839 673 2922 716 est
2969 664 3110 733 quod
3158 669 3454 737 quarritur?
3502 671 3582 723 ln-

1991 756 2203 808 grcssas
2226 744 2511 812 aliquando
2540 749 2624 802 hic
2661 749 2854 809 Paulus
2899 753 2964 806 ad
3021 754 3258 823 Festum,
3305 769 3358 812 et
3416 761 3586 828 ipsqu

1945 894 1953 902 _
1991 831 2285 899 alloquens,
2307 849 2369 887 ac
2386 851 2615 904 purgans
2632 855 2688 893 se
2706 840 2772 894 de
2792 841 3123 911 criminibus,
3144 849 3337 916 quibus
3357 854 3586 921 urgeba-

1993 932 2118 975 tura
2133 923 2352 989 Judtnis,
2372 936 2424 980 et
2444 929 2646 994 dicens,
2674 936 2944 1000 quomodo
2961 936 3141 992 Jesum
3159 941 3306 1007 vidit,
3322 945 3590 1012 quomodo

1993 1013 2198 1068 beatam
2229 1033 2410 1072 vocem
2435 1020 2576 1073 illam
2601 1022 2822 1088 audivit,
2850 1028 3119 1095 quomodo
3151 1045 3246 1102 per
3267 1037 3588 1090 crematio-

1993 1121 2113 1159 nem
2145 1108 2208 1159 ad
2241 1108 2412 1163 lucem
2441 1114 2700 1179 pervenit,
2734 1119 3002 1183 quomodo
3032 1123 3222 1178 cecidit
3260 1134 3314 1178 et
3335 1129 3588 1197 surrexit,

1990 1199 2256 1263 quomodo
2307 1199 2580 1269 ingressus
2623 1214 2706 1258 est
2747 1206 3062 1265 Damascum
3111 1214 3350 1283 captivus
3384 1217 3589 1287 absque

1993 1287 2217 1342 vinculis
2241 1293 2596 1361 compeditus,
2630 1311 2692 1350 ac
2715 1297 2784 1351 de
2819 1301 3094 1369 prophetis
3156 1307 3327 1376 deque
3371 1309 3484 1379 lege
3511 1312 3586 1362 lo.

1991 1391 2159 1444 quens
2181 1421 2196 1444 ,
2221 1390 2274 1433 et
2296 1384 2583 1438 ostendens
2607 1387 2723 1440 illos
2750 1387 2864 1443 lucc
2882 1396 3059 1447 omnia
3091 1399 3418 1464 praedixisse,
3449 1400 3588 1468 judi-

1990 1478 2199 1524 cantem
2229 1474 2387 1541 cepit,
2413 1486 2465 1529 et
2492 1476 2602 1531 fere
2630 1480 2696 1532 ad
2722 1481 2955 1549 seipsum
2990 1487 3213 1542 transire
3244 1492 3526 1556 persuasit.

2066 1560 2121 1613 4.
2164 1561 2319 1617 Tales
2346 1565 2487 1618 enim
2520 1580 2823 1625 sanctorum
2852 1584 2975 1626 sunt
2999 1576 3191 1630 anima:
3222 1594 3235 1630 :
3265 1595 3383 1633 cum
3412 1580 3463 1634 in
3491 1598 3585 1649 pe-

1993 1650 2162 1703 ricula
2192 1654 2503 1718 ceciderint,
2547 1674 2651 1714 non
2674 1666 2944 1731 quomodo
2973 1667 3224 1733 periculis
3271 1670 3588 1740 liberentur,

1992 1744 2354 1811 considerant,
2400 1749 2492 1804 sed
2532 1767 2640 1821 quo
2671 1768 3055 1825 persequentes
3105 1761 3377 1817 inirentur
3409 1768 3586 1820 omnia

1994 1832 2196 1888 faciunt
2224 1854 2237 1889 :
2275 1838 2480 1893 sicutet
2513 1851 2638 1896 tunc
2681 1843 2878 1899 faetum
2904 1858 2986 1901 est
3015 1865 3028 1901 :
3055 1866 3112 1904 se
3138 1851 3454 1908 defensurus
3502 1857 3586 1910 iu-‘

1995 1925 2173 1990 travit,
2206 1937 2260 1980 et
2299 1938 2456 1998 capto
2488 1931 2669 2000 judice
2706 1934 2972 1995 discessit.
3014 1941 3082 1996 Et
3121 1939 3236 1997 hate
3275 1944 3388 2012 ipse
3419 1947 3584 2013 judex

1994 2027 2218 2073 testatus
2247 2028 2347 2085 est,
2372 2022 2555 2077 dicens
2585 2043 2599 2079 :
2631 2025 2697 2079 In
2720 2021 3004 2083 modicome
3023 2034 3308 2100 persuades
3328 2035 3584 2094 Cltrislt'aa

1994 2124 2114 2162 num
2143 2111 2255 2177 ﬁeri
2280 2110 2298 2182 (
2325 2114 2434 2166 Act.
2463 2114 2551 2168 26.
2575 2115 2646 2171 28
2670 2117 2709 2186 ).
2729 2117 2841 2172 Hoc
2859 2128 2914 2174 et
2940 2120 3099 2178 hodie
3124 2126 3236 2180 fieri
3260 2129 3499 2194 decebat,
3533 2145 3584 2188 rt

1994 2199 2303 2267 prmfeetum
2350 2201 2492 2258 hunc
2516 2215 2746 2259 vestram
2775 2209 3020 2264 admirari
3036 2215 3587 2283 magnanitnitatem',

1995 2291 2408 2361 philosophiam,
2441 2296 2836 2371 perfectamque
2878 2302 3130 2371 quietem.
3191 2316 3244 2359 et
3289 2323 3354 2362 ex
3399 2310 3588 2366 ordine

1993 2392 2173 2434 vestro
2214 2381 2550 2454 disciplinam
2600 2405 2815 2460 capere,
2846 2399 2901 2445 et
2943 2394 3020 2448 sic
3065 2397 3232 2459 abire,
3274 2401 3586 2457 concionem

1994 2472 2270 2540 admirari,
2324 2477 2543 2534 laudare
2580 2495 2912 2548 cansessum,
2945 2496 2998 2538 et
3041 2503 3107 2540 ex
3151 2490 3280 2558 ipsis
3320 2491 3479 2545 rebus
3504 2493 3587 2546 di-

1994 2577 2168 2629 scere,
2188 2575 2443 2633 quantum
2459 2569 2596 2624 inter
2613 2573 2840 2640 gentiles
2852 2583 2904 2627 et
2918 2574 3250 2632 Christianos
3262 2581 3588 2638 discriminis

1994 2652 2084 2706 sit.
2130 2653 2234 2709 Sed
2267 2667 2322 2710 ut
2347 2658 2412 2712 ad
2457 2659 2508 2712 id
2539 2661 2754 2715 redeam
2805 2665 2945 2732 quod
2995 2666 3260 2735 dicebam,
3303 2683 3586 2743 postquam

1994 2744 2167 2815 ipsum
2198 2748 2340 2816 cepit
2373 2749 2590 2818 Paulus,
2627 2762 2681 2806 et
2708 2753 2795 2806 ille
2826 2754 2960 2809 dixit
2993 2774 3007 2810 :
3042 2756 3106 2811 In
3136 2762 3332 2818 modico
3370 2780 3449 2816 nte
3473 2782 3591 2834 per-

1991 2835 2176 2890 suades
2203 2836 2546 2894 Christianum
2575 2843 2710 2910 ﬁeri,
2743 2844 2942 2901 Paulus
2972 2849 3040 2900 ita
3073 2853 3347 2921 respondit
3376 2871 3389 2905 :
3423 2855 3588 2925 Opta-

1994 2943 2098 2980 rem
2129 2929 2300 2997 utique
2325 2947 2415 2999 ego
2435 2942 2484 2984 et
2509 2933 2561 2985 in
2596 2935 2796 2988 modico
2822 2945 2868 2989 et
2891 2939 2945 2990 in
2980 2941 3158 3005 multo,
3200 2959 3300 2996 non
3334 2946 3497 2998 solum
3523 2958 3589 3013 te,

1993 3016 2082 3069 sed
2110 3019 2258 3070 etiam
2290 3037 2460 3075 omnes
2493 3023 2752 3078 audientes
2790 3043 2870 3079 me
2912 3029 3025 3096 ﬁeri
3062 3029 3376 3089 Christianos
3405 3037 3592 3108 absque

1997 3107 2206 3199 vinculis
2228 3109 2305 3164 his
2328 3110 2470 3198 (Act.
2493 3113 2584 3168 26.
2614 3115 2686 3170 29
2706 3117 2744 3186 ).
2768 3116 2902 3182 Quid
2931 3120 3084 3186 dicis,
3109 3137 3141 3177 ο
3171 3124 3380 3180 Paule?
3409 3107 3592 3199 Ephe-

1995 3198 2088 3251 siis
2118 3214 2307 3270 nempe
2330 3203 2591 3271 scribens,
2619 3204 2754 3261 dicis
2782 3225 2796 3261 :
2825 3208 2969 3280 Rogo
2999 3213 3152 3282 igitur
3175 3231 3260 3270 vos
3286 3233 3376 3288 ego
3396 3198 3593 3277 vinctus

1995 3289 2048 3341 in
2100 3288 2336 3355 Domino,
2373 3293 2525 3363 digne
2559 3295 2819 3352 ambulare
2852 3302 3110 3356 vocatione
3146 3322 3244 3375 qua
3279 3312 3442 3363 vocati
3473 3315 3592 3368 estis

1998 3381 2015 3449 (
2044 3378 2230 3450 Ephes.
2253 3384 2306 3438 4.
2339 3384 2362 3438 1
2396 3381 2436 3455 ).
2483 3385 2549 3439 Et
2586 3386 2652 3440 ad
2693 3387 3047 3446 Timothtctun
3082 3395 3321 3466 loquens,
3374 3399 3440 3455 In
3484 3419 3586 3470 qua

1998 3472 2132 3524 male
2161 3472 2327 3540 patior
2351 3490 2507 3542 usque
2525 3475 2592 3528 ad
2631 3477 2854 3546 vincula,
2887 3490 3144 3550 tamquam
3167 3489 3462 3559 malefactor
3488 3494 3506 3565 (
3534 3494 3588 3547 2.

1998 3559 2134 3615 Tim.
2163 3565 2217 3617 2.
2253 3563 2286 3619 9
2312 3562 2353 3632 ),
2381 3579 2434 3618 et
2464 3566 2548 3628 ad,
2573 3567 2940 3625 Philemonem
2969 3590 3202 3641 rursum,
3256 3576 3454 3635 Paulus
3483 3559 3592 3637 biu-

1997 3662 2104 3704 ctus
2129 3651 2258 3705 Jesu
2275 3648 2707 3720 C/tristi(Pliilem.
2732 3659 2782 3727 1)
2802 3678 2812 3713 :
2833 3664 3236 3722 etcumJudaais
3265 3669 3588 3741 disceptans,

1999 3744 2175 3798 dicis:
2211 3745 2428 3817 Propter
2470 3766 2612 3817 spem
2654 3749 2823 3806 Israel
2877 3755 2973 3807 hac
3026 3767 3202 3812 catena
3243 3763 3587 3821 circumdatus

1997 3851 2112 3886 sum
2143 3836 2289 3905 (Act.
2331 3838 2422 3892 28.
2453 3840 2586 3911 20).
2634 3843 2701 3896 ΕΙ.
2754 3843 3180 3914 Philippeusibus
3228 3855 3469 3909 scribens
3510 3859 3591 3913 di-

1999 3925 2159 3980 cebas
2201 3946 2214 3980 :
2256 3927 2342 3980 lta
2393 3940 2447 3982 ut
2495 3930 2662 3999 plures
2700 3937 2952 4003 fratrum,
2997 3940 3113 4008 freti
3165 3941 3377 3998 vinculis
3421 3948 3543 4001 meis
3570 3989 3585 4012 ,

2002 4019 2344 4074 abundantius
2394 4024 2636 4077 auderent
2685 4027 2936 4096 intrepide
2989 4031 3193 4084 verbum
3236 4034 3376 4101 loqui
3418 4036 3437 4106 (
3461 4036 3592 4092 P/ti-

1999 4109 2127 4179 lipp.
2160 4111 2209 4163 1.
2247 4112 2312 4165 14
2339 4111 2378 4182 ).
2408 4111 2614 4182 Ubique
2629 4124 2870 4171 catenam
2892 4121 3224 4190 circumfers,
3245 4126 3443 4195 ubique
3469 4131 3591 4184 vin-

1999 4202 2114 4253 cula
2139 4203 2412 4271 pr0pouis,
2441 4213 2495 4259 et
2521 4206 2820 4274 hujusmodi
2847 4210 3094 4279 gloriaris
3137 4219 3388 4285 negotio;
3425 4219 3476 4272 in
3499 4221 3591 4289 jn-

1999 4294 2196 4347 dicium
2224 4305 2398 4349 autent
2432 4299 2651 4353 veniens
2699 4300 3090 4370 philosophiam
3132 4308 3433 4376 prodidisti,
3465 4325 3586 4368 cum

2000 4387 2230 4440 maxime
2285 4388 2452 4441 libere
2497 4399 2546 4444 te
2573 4405 2783 4459 gerere
2829 4392 3071 4459 decebat,
3107 4406 3160 4448 et
3202 4396 3367 4466 judici
3414 4400 3585 4456 dicis:

2005 4475 2246 4544 Optarent
2274 4480 2443 4548 utique
2469 4493 2514 4534 te
2545 4483 2657 4549 ﬁeri
2683 4481 3028 4538 Christianum
3055 4486 3244 4561 absque
3271 4491 3482 4547 uinculis
3510 4496 3591 4548 Itis

2004 4571 2024 4640 (
2049 4572 2158 4623 Act.
2193 4571 2283 4626 26.
2315 4573 2386 4627 29
2419 4574 2436 4642 )
2466 4574 2490 4628 ?
2517 4573 2719 4644 Nempe
2758 4575 2802 4629 si
2835 4576 2972 4631 bona
3000 4579 3229 4646 vincula,
3261 4590 3316 4638 et
3349 4584 3419 4638 ita
3451 4587 3588 4643 bona

2001 4672 2058 4716 ut
2083 4665 2200 4719 aliis
2247 4680 2457 4736 quoque
2497 4667 2739 4722 fiduciam
2766 4668 2833 4722 ad
2862 4685 3164 4727 sermonem
3195 4690 3291 4743 pro
3334 4677 3591 4747 religione

2001 4757 2269 4823 praebeant
2285 4755 2503 4826 (etenim
2519 4758 2618 4812 hoc
2635 4757 2805 4828 ipsum
2819 4761 2966 4829 prius
2981 4761 3181 4826 dixisti,
3199 4764 3345 4820 Multi
3367 4769 3587 4824 fratrum

1998 4843 2120 4898 freti
2172 4845 2400 4899 vinculis
2453 4847 2589 4900 meis
2640 4848 2864 4903 verbum
2919 4849 3271 4920 loquebantur
3301 4856 3589 4926 intrepide)

2005 4935 2286 5007 (Philipp.
2328 4939 2379 4992 1.
2410 4939 2510 5010 14)
2563 4955 2774 5010 ;quare
2821 4956 3001 4996 coram
3025 4943 3208 5012 judice
3235 4963 3339 5002 uon
3386 4949 3485 5005 hac
3532 4968 3591 5007 re

1999 5028 2266 5098 gloriaris,
2299 5030 2394 5083 sed
2442 5032 2767 5086 contrarium
2799 5031 2928 5088 lacis
2954 5034 2978 5086 ?
3001 5039 3194 5091 Annon
3221 5039 3432 5096 videtur
3468 5058 3591 5101 esse

2000 5122 2223 5190 questio
2276 5123 2416 5192 quod
2463 5124 2705 5179 dicitur?
2743 5124 2848 5181 Sed
2872 5127 3210 5184 celerrimam
3263 5133 3585 5195 solutionem

2001 5210 2190 5265 affero.
2216 5211 2331 5266 Non
2369 5213 2511 5268 enim
2557 5215 2825 5270 anxietate
2850 5217 2931 5271 vel
2961 5219 3240 5276 timiditate
3269 5222 3461 5278 Paulus
3488 5226 3588 5283 hoc

2003 5300 2250 5368 faciebat,
2301 5304 2396 5359 sed
2423 5321 2489 5359 ex
2531 5308 2789 5378 sapientia
2819 5310 2983 5364 multa
3014 5321 3069 5366 et
3110 5314 3369 5382 spirituali
3409 5321 3588 5387 provi-

2003 5393 2179 5449 dentia
2210 5413 2222 5449 :
2256 5412 2362 5466 quo
2391 5414 2518 5452 vero
2564 5408 2740 5467 pacto,
2773 5417 2872 5471 ego
2913 5402 3109 5458 dicam.
3141 5405 3406 5463 Gentilem
3458 5413 3594 5466 allo-

2003 5486 2263 5554 quebatur
2290 5498 2343 5541 et
2388 5488 2676 5556 inﬁdelem,
2710 5507 2809 5545 nec
2845 5501 3024 5547 nostra
3061 5495 3342 5552 scientem.
3375 5499 3596 5556 Nolebat

2004 5574 2165 5644 igitur
2195 5574 2367 5645 ipsum
2399 5591 2494 5646 per
2529 5579 2708 5648 gravia
2739 5581 3010 5650 inducere,
3047 5586 3140 5639 sed
3167 5587 3308 5657 quod
3336 5589 3547 5646 dicebat
3577 5609 3592 5646 :

2070 5715 2084 5744 ⁸
2121 5712 2260 5783 savii.
2291 5720 2342 5761 et
2364 5711 2682 5783 aliisillorum
2719 5717 2853 5781 pra'f

2955 5731 3002 5767 :n
3037 5717 3296 5770 venientem
3320 5721 3385 5770 ad
3407 5736 3488 5774 eos
3519 5737 3591 5773 re-

2008 5776 2170 5828 uereri
2191 5775 2648 5838 magnanimitatem.
