4232 6320
746 351 837 406 167

742 465 925 517 Factus
951 476 1064 515 sum
1093 458 1372 513 carentibus
1398 446 1529 527 lege,
1552 467 1805 525 tamquam
1827 455 1933 507 sine
1956 454 2061 523 lege
2083 450 2157 523 (1.
2180 450 2299 505 Cor.

727 560 789 614 9.
816 552 877 606 21
901 553 921 623 )
945 549 1079 605 :hoc
1101 558 1154 603 et
1179 537 1526 602 hic‘l’aciebat.
1544 545 1602 600 Si
1622 545 1829 611 vincula
1851 541 2093 605 audierit,
2119 540 2307 610 inquit,

727 653 788 698 et
811 640 1197 703 tribulatiom,
1226 637 1401 691 statim
1426 634 1811 704 refugiet,cum
1840 629 2168 685 vinculorum
2200 629 2309 681 vir-

734 741 898 786 tutem
925 744 1031 785 non
1059 728 1219 782 norit.
1258 726 1377 781 Fiat
1403 726 1550 795 prius
1584 723 1756 779 ﬁdelis
1796 730 1850 776 et
1879 717 2307 790 praedicationem

732 829 929 891 gustet,
954 830 1010 875 et
1045 827 1171 873 tunc
1204 818 1317 886 ipse
1361 829 1571 885 quoque
1617 814 1683 867 ad
1726 812 1840 866 haec
1866 808 2075 864 vincula
2105 816 2305 862 curret.

736 910 934 965 Audivi
979 908 1258 963 Dominum
1307 919 1482 960 meum
1534 903 1794 958 dicentem
1832 916 1846 951 :
1881 897 2045 953 Nemo
2086 896 2307 951 immittit

739 999 1117 1053 commissuram
1141 995 1297 1066 panni
1315 993 1456 1047 rudis
1473 1010 1621 1063 super
1643 991 1980 1045 vestimentum
2002 995 2156 1053 vetus,
2182 1001 2307 1056 quo—

731 1091 869 1143 niam
912 1088 1043 1141 tollit
1072 1084 1435 1155 plenitudinem
1485 1084 1643 1153 ipsius
1672 1090 1718 1135 et
1765 1079 1909 1149 pejor
1938 1077 1998 1146 ﬁt
2036 1075 2254 1129 scissura
2280 1088 2300 1127 :

729 1194 885 1248 neque
930 1177 1135 1232 mittunt
1158 1176 1330 1229 vinum
1360 1190 1542 1228 novum
1568 1173 1620 1225 in
1657 1180 1793 1224 utres
1830 1178 2037 1234 veteres,
2066 1168 2305 1235 quoniam

726 1272 1109 1340 disrumpuntur
1148 1276 1287 1321 utres
1316 1265 1543 1337 (Matth.
1571 1264 1624 1319 9.
1658 1264 1741 1317 16.
1773 1261 1876 1326 17;
1912 1259 2080 1313 Μαι-ο.
2123 1259 2178 1313 2.
2210 1258 2299 1312 21.

726 1360 834 1425 22;
866 1360 990 1414 Lua.
1022 1359 1076 1415 δ.
1115 1357 1204 1413 56.
1233 1358 1299 1412 57
1339 1358 1381 1426 ).
1411 1356 1597 1409 Anima
1624 1353 1779 1423 hujus
1804 1361 1887 1408 est
1925 1350 2300 1405 vestimentum

726 1461 899 1513 vetus,
928 1459 980 1505 et
1022 1458 1139 1503 uter
1169 1447 1456 1516 antiquus;
1504 1460 1609 1499 non
1631 1454 1711 1500 est
1740 1451 2023 1497 renovatus
2051 1440 2173 1502 (ide,
2196 1456 2301 1493 non

725 1538 951 1608 Spiritus
978 1537 1144 1606 gratia
1184 1550 1370 1590 recens
1396 1535 1632 1589 redditus
1663 1543 1765 1598 est,
1792 1532 1981 1586 debilis
2023 1528 2194 1585 adhuc
2222 1539 2303 1584 est

726 1638 781 1685 et
812 1639 1072 1693 terrenus,
1101 1626 1363 1681 mundana
1393 1628 1549 1695 sapit,
1586 1635 1642 1680 et
1692 1627 1757 1679 ad
1786 1624 2105 1679 mundanam
2150 1624 2301 1677 vani-

726 1727 887 1772 tatem
931 1726 1128 1787 stupet,
1159 1718 1378 1787 gloriam
1404 1725 1547 1770 amat
1570 1722 1904 1784 przesentem.
1937 1715 1992 1770 Si
2019 1730 2049 1769 a
2078 1717 2302 1785 primor-

721 1806 827 1861 diis
850 1810 1028 1875 statim
1072 1808 1319 1874 audierit,
1349 1807 1489 1878 quod
1518 1807 1686 1862 factus
1713 1807 2065 1871 Christianus,
2094 1808 2303 1861 vinctus

726 1917 849 1955 mox
880 1902 990 1967 iiet,
1034 1910 1088 1961 et
1114 1910 1298 1955 catena
1326 1899 1743 1953 circumdabitur
1765 1939 1780 1963 ,
1819 1900 2066 1953 confusos
2093 1907 2148 1952 et
2183 1914 2305 1952 eru-

726 1995 947 2049 bescens
971 2009 999 2047 a
1032 1992 1406 2062 praadicatione
1438 1992 1656 2045 resiliet.
1684 1991 1969 2059 Propterea
1996 1989 2124 2045 dicit
2143 1989 2299 2042 :Abs-

724 2101 819 2154 que
860 2084 1074 2137 vinculis
1118 2085 1212 2147 his,
1264 2098 1366 2136 non
1399 2083 1512 2152 ipse
1562 2083 1769 2136 vincula
1801 2096 2070 2143 recusans,
2116 2081 2298 2135 absit!

726 2172 821 2228 sed
841 2175 979 2228 illius
993 2172 1423 2228 condescendcns
1440 2171 2004 2240 inlirmitati,quoniam
2021 2172 2131 2238 ipse
2146 2171 2222 2223 sic
2240 2170 2303 2222 il-

724 2262 771 2315 la
788 2262 951 2331 diligit
966 2260 1725 2335 etamplectitur,utambitiosa
1743 2260 1935 2314 mulier
1949 2260 2163 2314 mOuilia
2182 2275 2296 2314 sua.

805 2352 927 2406 Non
953 2353 1017 2406 de
1054 2354 1264 2422 patratis
1284 2340 1559 2414 miruculis,
1587 2353 1676 2405 sed
1700 2353 1761 2406 de
1788 2354 2026 2406 aerumnis
2055 2353 2301 2422 gloriatur

734 2440 1176 2496 Paulus.-—Uude
1197 2440 1295 2495 hoc
1312 2440 1671 2494 manifestum?
1685 2439 1893 2493 Gaudeo
1912 2441 1963 2493 in
1988 2440 2301 2510 passionibus

731 2531 876 2595 meis,
900 2531 1089 2600 inquit,
1121 2538 1165 2584 et
1201 2531 1411 2599 suppleo
1441 2530 1663 2599 defectus
1708 2530 2088 2582 tribulationum
2111 2526 2299 2584 Christi

721 2619 773 2671 in
800 2634 949 2671 carne
972 2635 1082 2673 mea
1111 2616 1263 2690 (Col.
1292 2620 1343 2672 1.
1364 2619 1434 2672 24
1456 2617 1498 2688 ).
1526 2618 1590 2671 Et
1620 2620 1809 2672 iterum
1841 2635 1854 2671 :
1886 2619 2135 2685 Quoniam
2162 2620 2298 2673 vobis

720 2708 961 2761 donatum
1002 2720 1074 2761 est
1106 2725 1137 2761 a
1180 2706 1378 2763 Christo
1408 2724 1511 2761 non
1561 2719 1755 2761 tantum
1788 2710 1839 2763 in
1877 2710 2042 2778 ipsum
2073 2714 2294 2777 credere,

722 2815 891 2852 rerum
914 2811 959 2852 et
989 2816 1078 2863 pro
1103 2801 1211 2867 ipso
1241 2800 1347 2867 pati
1385 2798 1640 2869 (Philipp.
1695 2801 1743 2853 l.
1775 2800 1844 2855 29
1879 2800 1920 2870 ).
1952 2800 2017 2854 Et
2058 2803 2247 2855 iterum
2279 2819 2292 2855 :

723 2887 843 2941 Non
870 2898 1065 2941 tantum
1102 2900 1287 2954 autem,
1317 2890 1404 2942 sed
1428 2898 1474 2942 et
1502 2889 1776 2960 gloriamur
1817 2891 1867 2942 in
1894 2890 2296 2945 tribulationibus

716 2978 906 3051 (Rom.
930 2980 983 3033 5.
1008 2980 1042 3034 5
1071 2978 1114 3050 ).
1147 2978 1201 3033 Si
1226 2980 1420 3047 gaudet
1445 2979 1601 3048 igitur
1616 2990 1669 3034 et
1691 2981 1964 3049 gloriatur,
1989 2991 2043 3036 et
2064 2982 2113 3036 id
2139 2994 2295 3037 vocat

715 3071 909 3125 donum
938 3071 1245 3140 gratuitum,
1274 3079 1478 3124 certum
1521 3069 1658 3139 quod
1688 3081 1902 3140 propter
1927 3071 2061 3127 hanc
2080 3086 2291 3127 causam

716 3162 783 3217 ad
820 3162 1053 3231 judicem
1096 3161 1318 3231 loquens
1359 3161 1473 3215 hazc
1506 3160 1713 3215 dicebat
1742 3180 1754 3214 :
1781 3164 2029 3231 quoniam
2068 3174 2122 3219 et
2160 3164 2290 3218 alias

658 3238 665 3239 ί
717 3266 927 3305 rursum
953 3250 1004 3303 in
1028 3250 1396 3304 necessitatem
1423 3248 1670 3318 delapsus
1692 3250 1970 3318 gloriandi,
2000 3252 2288 3323 hocipsutu

712 3340 1056 3401 demonstrat,
1084 3338 1265 3393 dicens
1290 3355 1302 3391 :
1331 3337 1565 3390 Libenter
1585 3338 1738 3408 igitur
1764 3339 2019 3409 gloriabor
2045 3341 2097 3393 in
2125 3342 2277 3409 inﬁr-

712 3430 961 3484 mitatibus
982 3430 1123 3492 meis,
1153 3430 1206 3481 in
1236 3429 1632 3491 necessitatibus,
1661 3430 1713 3481 in
1734 3432 2063 3495 contumeliis,
2089 3433 2141 3485 in
2172 3450 2289 3498 per-

710 3519 1097 3588 sequutionibus,
1139 3521 1193 3572 in
1234 3520 1502 3588 angustiis,
1555 3527 1609 3571 ut
1655 3520 1896 3574 inhabitet
1934 3521 1984 3574 in
2016 3539 2092 3575 me
2133 3525 2289 3577 virtus

711 3606 897 3660 Christi
943 3608 960 3678 (
987 3609 1042 3661 2.
1068 3608 1187 3662 Cor.
1226 3607 1311 3661 12.
1354 3608 1408 3662 9.
1440 3607 1507 3662 10
1608 3608 1673 3662 Et
1725 3610 1915 3664 iterum
1942 3628 1954 3663 :
1986 3611 2045 3666 Si
2079 3612 2287 3679 gloriari

710 3707 922 3767 Oportet,
950 3699 1003 3751 in
1029 3698 1325 3767 inﬁrmitate
1344 3715 1451 3751 mea
1477 3699 1731 3768 gloriabor
1750 3696 1828 3767 (2.
1847 3696 1969 3752 Cor.
1986 3699 2040 3753 11
2057 3740 2068 3750 .
2087 3696 2201 3765 50).
2220 3704 2286 3759 Et

710 3786 834 3839 alibi
859 3787 1089 3856 seipsum
1130 3786 1249 3839 aliis
1279 3801 1611 3855 comparans,
1641 3798 1696 3841 et
1719 3792 2282 3869 per_comparationcm

709 3878 862 3931 nobis
886 3877 1252 3932 excellentiam
1289 3878 1680 3946 demonstrans,
1724 3883 1800 3935 sic
1826 3881 1995 3951 inquit
2022 3900 2036 3937 :
2061 3882 2284 3939 Ministri

709 3967 895 4022 Christi
911 3976 1047 4032 sunt,
1075 3978 1129 4020 ut
1161 3970 1327 4022 minus
1365 3970 1564 4039 sapiens
1594 3972 1792 4041 loquor,
1827 3974 1941 4040 plus
1968 3989 2059 4043 ego
2105 3974 2280 4045 (Ibid.

706 4079 754 4117 υ.
784 4063 853 4117 25
881 4063 923 4133 ).
954 4064 1020 4118 Et
1044 4078 1317 4119 excessum
1344 4063 1713 4121 demonstrare
1739 4067 1954 4131 volens,
1995 4085 2100 4123 non
2139 4072 2279 4139 quod

705 4165 942 4209 mortuos
966 4157 1378 4219 resuscitaverit,
1409 4157 1753 4212 daamonesve
1780 4160 2079 4228 expulerit,
2109 4176 2280 4230 neque

705 4246 1037 4300 mundaverit
1060 4248 1320 4315 leprosos,
1352 4247 1563 4303 aliudve
1589 4248 1713 4317 quid
1745 4250 2043 4319 huiusmodi
2072 4250 2274 4319 fecerit,

704 4336 839 4391 dixit
867 4354 879 4390 ε
912 4337 1006 4391 sed
1032 4338 1182 4405 quid?
1199 4338 1667 4403 Quodinnumeras
1684 4356 1868 4409 passus
1891 4344 1960 4395 sit
1976 4344 2271 4398 molestias:

699 4441 817 4480 cum
847 4426 988 4481 enim
1011 4427 1248 4492 dixisset,
1272 4427 1401 4483 Plus
1425 4446 1535 4499 ego,
1566 4430 1739 4484 intulit
1765 4436 2109 4488 tentationum
2134 4437 2275 4488 mul-

701 4516 977 4571 titudiuem
1007 4535 1020 4571 :
1080 4516 1149 4571 In
1194 4518 1358 4588 plagis
1390 4536 1547 4589 supra
1574 4520 1805 4595 modum,
1831 4524 1883 4574 in
1905 4525 2143 4578 mortibus
2174 4528 2274 4595 fre-

699 4614 923 4675 quenter,
949 4607 1002 4658 in
1030 4608 1309 4661 carceribus
1338 4609 1694 4673 abundantius,
1735 4628 1765 4662 a
1789 4609 1984 4664 Judan's
2016 4615 2275 4682 quinquies

698 4695 1045 4765 quadragenas
1080 4713 1182 4749 una
1225 4700 1388 4751 minus
1426 4700 1616 4767 accepi,
1646 4710 1721 4753 ter
1746 4702 1897 4770 virgis
1944 4719 2098 4757 ca'sus
2140 4720 2268 4767 sum,

695 4786 848 4841 semel
874 4787 1146 4857 lapidatus,
1194 4798 1266 4841 ter
1314 4787 1635 4860 naufragium
1672 4793 1787 4861 feci,
1826 4802 1969 4844 nocte
1998 4810 2055 4844 ac
2090 4795 2172 4847 die
2222 4797 2273 4848 in

696 4878 949 4946 profundo
977 4879 1130 4931 ntaris
1159 4879 1234 4947 fui
1264 4882 1279 4947 (
1304 4877 1441 4933 Ibid.
1478 4896 1526 4933 v.
1565 4880 1767 4950 25-25)
1793 4898 1806 4933 :
1835 4892 1889 4935 ct
1916 4884 2110 4950 reliqua
2148 4899 2267 4938 om-

697 4970 799 5020 nia.
832 4968 919 5023 Sic
947 4970 1135 5037 ubique
1158 4970 1411 5039 gloriatur
1431 4972 1481 5024 in
1516 4973 1938 5027 tribulationibus
1967 4975 2182 5043 Paulus,
2214 4985 2267 5031 et

696 5075 756 5111 ea
790 5074 847 5112 re
877 5060 1065 5113 mirum
1106 5063 1155 5113 in
1189 5061 1401 5115 modum
1447 5078 1565 5119 sese
1590 5074 1743 5117 ornat
1766 5106 1782 5131 ,
1812 5081 1875 5118 ac
1908 5066 2029 5135 jure
2055 5070 2263 5123 merito.

694 5150 824 5203 Nam
857 5150 957 5203 hoc
985 5162 1065 5205 est
1092 5153 1230 5221 quod
1263 5154 1492 5209 maxime
1528 5154 1724 5209 Christi
1750 5157 1996 5210 virtutem
2043 5158 2266 5213 demon-

688 5253 837 5307 strat,
858 5240 1219 5313 quoniam'per
1241 5246 1361 5299 talia
1384 5247 1619 5321 vicerunt
1646 5249 1893 5316 apostoli,
1913 5266 2005 5316 per
2029 5251 2260 5315 vincula,

701 5331 1081 5399 trilmlationes,
1110 5334 1312 5403 flagella
1343 5347 1395 5389 et
1415 5347 1649 5391 extrema
1682 5338 1837 5391 mala.
1865 5338 1991 5393 Nam
2021 5340 2133 5395 tunc
2158 5343 2265 5397 duo

686 5418 926 5476 Christus
968 5424 1316 5492 denuntiavit,
1364 5428 1756 5483 tribulationem
1783 5440 1837 5485 et
1867 5434 2257 5501 remissionem,

688 5511 895 5565 labores
925 5524 979 5566 et
1020 5529 1266 5581 coronas,
1300 5516 1523 5572 sudores
1549 5528 1603 5573 et
1640 5520 2038 5587 retributiones,
2079 5527 2259 5580 suavia

687 5610 741 5654 ct
781 5601 983 5666 tristia;
1024 5605 1115 5657 sed
1158 5607 1325 5659 tristia
1363 5606 1577 5677 quidem
1618 5608 1739 5663 vitae
1775 5609 1923 5665 dedit
1969 5618 2215 5682 prresenti
2240 5660 2255 5685 ,

666 5695 859 5759 suavia
897 5707 1022 5748 vero
1070 5693 1118 5747 in
1155 5693 1381 5751 futurum
1410 5698 1633 5767 distulit,
1670 5700 1860 5769 pariter
1888 5705 2254 5763 demonstrans

1471 344 1529 401 S.
1566 341 1839 399 JOANNIS
1866 294 2332 397 CHRYSOSTOllI
2373 336 2690 395 ARCIHEP.
2727 338 3255 395 CONSTANTINOP.

2367 442 2391 455 “
2418 466 2478 507 se
2508 450 2754 506 homines
2795 467 2901 506 non
2945 452 3208 521 decipere,
3240 460 3397 522 atque
3436 452 3609 523 ipsum
3638 467 4003 510 mrumnarnm

3898 343 4002 398 188

2412 542 2618 610 pondus
2644 541 2832 596 ordine
2856 542 3082 610 quodam
3108 542 3351 597 minuere
3375 551 3639 613 satagens.
3660 546 3761 611 Qui
3799 545 4003 616 decipit

2410 633 2574 695 enim,
2613 632 2795 691 suavia
2830 633 2976 703 prius
3024 632 3292 703 proponit,
3334 644 3389 687 et
3430 650 3556 689 mox
3612 634 3770 689 infert
3798 638 3999 692 tristia.

2410 722 2943 792 Qualeest:plagiarii
2969 723 3218 791 puerulos
3238 738 3381 793 sape
3407 740 3595 793 parvos
3623 728 3920 794 praedantes
3946 737 4003 782 ct

2410 810 2667 878 furantes,
2697 826 2802 865 non
2845 812 3027 881 plagas
3068 822 3123 866 et
3150 814 3392 878 verbera,
3425 829 3596 883 neque
3639 816 3781 870 aliud
3811 817 4001 886 hujus-

2409 906 2551 961 modi
2574 906 2908 976 pollicentur,
2932 906 3025 960 sed
3046 907 3322 976 placentas
3341 917 3395 962 et
3424 906 3662 974 bellaria,
3681 920 3735 963 et
3755 910 3856 963 alia
3876 910 4001 964 talia

2412 999 2607 1068 quibus
2631 998 2851 1068 puerilis
2895 998 3127 1067 gaudere
3152 1000 3428 1054 consuevit
3454 992 3610 1067 tetas,
3634 1003 3995 1072 praetendunt,

2412 1096 2467 1141 ut
2491 1087 2575 1141 his
2603 1088 2678 1141 illi
2721 1086 2917 1152 allecti,
2951 1098 3008 1141 et
3055 1088 3355 1143 libertatem
3384 1106 3535 1144 suam
3591 1095 3899 1161 prodeuntes,
3943 1094 3997 1148 in

2408 1187 2703 1233 extremum
2754 1179 3046 1246 periculum
3096 1178 3428 1235 delabantur.
3484 1181 3674 1235 Avium
3728 1198 3857 1237 vero
3919 1185 4000 1253 pi-

2408 1269 2682 1337 sciumque
2709 1281 3010 1335 venatores,
3043 1269 3114 1323 ita
3142 1286 3261 1339 quas
3292 1282 3551 1325 venantur
3575 1273 3836 1341 alliciunt,
3863 1290 3998 1329 con-

2407 1366 2611 1411 suetam
2634 1358 2906 1427 capiendis
2921 1368 2975 1413 et
2991 1358 3279 1428 jucundam
3304 1362 3449 1429 prius
3469 1376 3645 1415 escam
3672 1364 3997 1430 praebentes,

2407 1457 2461 1501 et
2484 1432 2563 1501 vsic
2589 1448 2832 1517 laqueum
2867 1460 3234 1518 contegentes.
3257 1449 3441 1520 ltaqhe
3463 1451 3841 1521 decipientinm
3884 1468 3999 1507 ma-

2409 1538 2550 1590 xime
2575 1553 2708 1606 opus
2745 1537 2849 1592 hoc
2871 1548 2973 1605 est,
3005 1538 3151 1607 prius
3178 1540 3360 1593 suavia
3392 1555 3711 1610 proponere,
3739 1558 3847 1610 quo
3872 1558 3999 1598 mox

2409 1626 2642 1681 inferant
2673 1628 2872 1691 tristia;
2923 1629 3315 1696 providentium
3358 1642 3533 1686 autem
3584 1642 3638 1686 et
3665 1632 4000 1703 diligendum

2405 1716 2623 1769 omnino
2648 1717 2998 1772 contrarium.
3041 1718 3227 1773 Patres
3257 1720 3435 1790 itaque
3480 1721 3747 1791 plagiariis
3776 1731 3998 1778 eontra-

2408 1808 2542 1859 rium
2572 1805 2772 1860 faciunt
2797 1822 2811 1871 ;
2835 1822 2955 1860 cum
3002 1808 3067 1862 ad
3100 1808 3279 1863 ludum
3311 1825 3502 1879 pueros
3528 1812 3816 1867 literarium
3869 1816 3999 1871 mit-

2409 1906 2543 1959 tunt,
2576 1897 2893 1967 paedagogos
2931 1911 3257 1967 pr0ponunt,
3287 1900 3494 1971 ﬂageila
3513 1906 3797 1969 minantur,
3831 1906 3996 1959 timo-

2407 2000 2519 2039 rem
2538 1987 2799 2041 iucutiunt
2817 2006 2830 2040 :
2849 1998 3035 2042 etcum
3048 1991 3280 2060 priorem
3296 1991 3375 2045 sic
3388 2002 3598 2047 aetatem
3618 1997 3993 2069 transegeriut,

2408 2085 2533 2129 tunc
2579 2074 2707 2143 ipsis
2735 2076 2789 2129 in
2818 2076 3002 2130 habitu
3025 2079 3167 2132 virili
3196 2081 3499 2135 constitutis
3524 2082 3775 2148 honores,
3801 2093 3996 2153 poten-

2407 2167 2610 2236 tiasque
2629 2167 2943 2233 etdelicias,
2972 2179 3028 2222 et
3057 2184 3246 2225 omnes
3269 2170 3481 2243 divitias
3505 2186 3631 2225 suas
3652 2174 3882 2227 tradunt.

2476 2257 2529 2310 5.
2572 2257 2661 2312 Sic
2701 2258 2842 2312 Deus
2879 2273 3093 2327 quoque
3121 2258 3269 2327 fecit,
3313 2276 3419 2316 non
3456 2262 3853 2331 plagiariorum,
3896 2264 3995 2319 sed

2406 2356 2613 2416 patrum
2644 2364 2795 2403 more
2822 2352 2912 2418 qui
2938 2365 3121 2404 curam
3148 2360 3379 2422 gerunt:
3413 2354 3560 2422 prius
3603 2370 3689 2410 res
3730 2354 3993 2410 adversas

2405 2447 2459 2493 et
2487 2440 2665 2495 tristes
2692 2441 2912 2496 immisit
2938 2452 3205 2513 tamquam
3257 2444 3557 2516 predagogis
3601 2456 3656 2501 et
3697 2459 3995 2518 praecepto-

2403 2527 2553 2581 ribus
2583 2530 2833 2598 praesenti
2859 2531 3073 2585 tradens
3102 2531 3449 2599 tribulationi,
3481 2550 3588 2603 quo
3610 2551 3703 2605 per
3733 2536 3848 2591 lucc
3871 2552 3994 2591 cor-

2402 2618 2534 2670 recti
2588 2625 2644 2672 et
2687 2618 2985 2685 moderati,
3025 2621 3317 2690 postquam
3365 2623 3697 2679 tolerantiam
3736 2641 3990 2693 onmem,

2402 2720 2718 2776 omnemque
2746 2707 3078 2778 disciplinam
3144 2710 3509 2777 didicerimus,
3552 2729 3677 2767 mox
3708 2715 3775 2769 ad
3808 2698 3993 2785 perfe-

2403 2805 2542 2848 ctam
2571 2807 2781 2851 aetatem
2808 2798 2974 2865 ducti,
3004 2799 3253 2853 calorum
3287 2816 3507 2871 regnum
3540 2803 3831 2859 hereditate
3855 2822 3992 2860 can-

2410 2898 2695 2954 sequamur
2724 2905 2738 2939 :
2769 2887 2859 2941 sed
2888 2889 3033 2957 prius
3056 2889 3277 2945 idoneos
3307 2891 3480 2946 reddit
3520 2894 3585 2948 ad
3614 2895 3840 2950 dandam
3872 2898 3993 2952 dis-

2399 2976 2763 3042 pensationem
2782 2977 3105 3044 divitiarum,
3127 2989 3179 3033 et
3203 2984 3542 3049 postmodum
3568 2986 3709 3053 ipsas
3728 2988 3990 3055 pnebebit

2399 3063 2634 3119 divitias.
2666 3066 2777 3121 Nisi
2806 3068 2947 3121 enim
2978 3068 3079 3124 hoc
3107 3069 3343 3136 fecisset,
3398 3074 3702 3129 divitiarum
3744 3082 3990 3148 erogatio

2396 3168 2501 3209 non
2550 3155 2747 3209 donutu
2776 3200 2790 3225 ,
2835 3159 2927 3213 sed
2976 3161 3107 3213 ultio
3152 3160 3338 3216 fuisset
3375 3172 3428 3217 et
3453 3180 3629 3233 pteua.
3662 3168 3812 3222 Sicut
3839 3172 3987 3224 enim

2396 3261 2529 3313 puer
2552 3247 2807 3316 insipiens
2834 3260 2887 3303 et
2914 3252 3165 3321 prodigus
3204 3264 3473 3322 paternam
3505 3259 3804 3326 suscipiens
3828 3261 3988 3315 heros

2393 3334 2634 3403 ditatem,
2686 3338 2753 3391 ab
2797 3338 2895 3393 hac
2928 3356 3037 3408 ipsa
3079 3344 3456 3411 praecipitatur,
3480 3349 3816 3414 prudentiam
3870 3366 3987 3404 neu

2395 3422 2594 3479 habens
2621 3429 2961 3495 pecuniarum
2986 3431 3367 3499 dispensationi
3392 3451 3604 3504 parem;
3629 3439 3672 3491 si
3701 3455 3826 3493 vero
3855 3455 3990 3509 pru-

2391 3515 2523 3569 dens
2543 3519 2631 3583 sit,
2653 3521 2871 3587 probus,
2896 3530 3218 3590 temperans,
3244 3535 3297 3580 et
3317 3527 3586 3582 modestus
3609 3531 3658 3582 in
3679 3536 3984 3589 necessaria

2390 3606 2704 3675 dispensans
2735 3623 2953 3679 paterna
2988 3614 3146 3681 bona,
3179 3615 3511 3683 splendidior
3554 3621 3622 3672 ita
3675 3620 3731 3674 lit
3760 3632 3812 3675 et
3856 3624 3982 3678 illu-

2389 3701 2554 3754 strior
2585 3718 2598 3753 :
2625 3704 2701 3756 sic
2723 3713 2776 3757 et
2804 3702 2855 3757 in
2890 3705 3040 3759 nobis
3082 3716 3165 3760 est
3192 3723 3409 3763 necesse
3430 3713 3666 3766 evenire.
3690 3712 3820 3767 Cum
3859 3718 3980 3784 spi-

2388 3790 2631 3845 ritualem
2676 3795 3009 3860 prudentiam
3077 3800 3482 3867 acceperimus,
3535 3818 3658 3856 cum
3702 3806 3751 3858 in
3801 3806 3979 3861 virum

2390 3889 2675 3954 [mrt‘ectum
2702 3904 2910 3953 omnes,
2941 3890 2991 3943 io
3021 3894 3190 3946 artatis
3221 3909 3525 3949 mensuram
3550 3899 3977 3966 pervenerimus,

2390 3987 2514 4032 tunc
2561 3980 2714 4032 nobis
2752 3980 2911 4033 tradit
2964 3983 3142 4035 omnia
3200 4000 3319 4052 qua:
3373 3986 3638 4054 pollicitus
3668 3997 3793 4054 est;
3828 4005 3975 4044 nunc
4048 4046 4051 4047 ν

2386 4083 2517 4122 vero
2533 4080 2798 4139 tamquam
2830 4087 3023 4140 pueros
3052 4089 3245 4142 parvos
3272 4075 3429 4131 docet
3448 4093 3568 4131 cum
3598 4079 3974 4139 exhortatione

2385 4168 2439 4214 et
2459 4161 2840 4217 consolatione.
2868 4163 2977 4219 Nec
3006 4164 3107 4219 hoc
3127 4167 3302 4222 solum
3325 4178 3408 4222 est
3433 4170 3848 4226 emolumentum
3898 4190 3976 4229 ex

2382 4252 2672 4318 praemissis
2702 4255 3154 4323 tribulationibus,
3185 4274 3371 4314 verum
3400 4270 3455 4314 et
3475 4262 3615 4317 aliud
3640 4262 3730 4317 illo
3758 4278 3863 4319 non
3894 4268 3972 4321 in-

2382 4340 2564 4396 ferius.
2582 4344 2680 4408 Qui
2700 4346 2843 4398 enim
2868 4347 3011 4415 prius
3025 4360 3143 4402 erat
3158 4350 3211 4404 in
3232 4351 3458 4417 deliciis,
3474 4367 3595 4408 mox
3614 4357 3968 4424 postdelicias

2381 4433 2629 4488 ulliunem
2645 4446 2982 4510 exspectans,
2999 4455 3168 4509 neque
3187 4445 3538 4510 praesentibus
3552 4445 3744 4502 fruitur
3758 4448 3963 4504 deliciis

2380 4535 2597 4594 propter
2624 4526 2916 4581 futurarum
2948 4531 3312 4609 molestiarum
3343 4538 3833 4604 eXspectationent;
3869 4544 3967 4611 qui

2378 4631 2506 4669 vero
2537 4619 2683 4685 prius
2702 4629 2818 4673 erat
2843 4620 2895 4673 in
2925 4622 3185 4686 tristibus,
3215 4623 3407 4679 deinde
3435 4635 3553 4694 post
3574 4627 3688 4682 haec
3709 4631 3965 4687 suavibus

2378 4710 2657 4776 potitus-us,
2673 4712 2833 4764 etiam
2857 4724 3145 4781 praesentes
3162 4714 3499 4771 difficultates
3516 4729 3734 4788 propter
3752 4720 3959 4776 futuro-

2377 4815 2491 4851 rum
2516 4814 2663 4867 spem
2691 4801 2949 4857 bonorum
2971 4804 3285 4859 contemnit.
3306 4806 3419 4859 Non
3445 4809 3601 4877 igitur
3631 4813 3810 4866 tutela:
3834 4822 3957 4866 tan-

2377 4898 2484 4944 tum
2509 4907 2667 4946 causa
2688 4903 2902 4961 nostrae,
2922 4909 3105 4949 verum
3122 4906 3174 4949 et
3191 4897 3477 4965 voluptatis
3493 4908 3545 4952 ct
3566 4901 3956 4957 censolatiouis

2377 4983 2550 5050 priora
2573 4985 2755 5038 statuit
2778 5001 2897 5040 esse
2916 4988 3137 5042 molesta
3155 5029 3170 5053 ,
3201 4998 3258 5040 ut
3284 4987 3581 5043 futurorum
3608 5005 3702 5056 Spe
3731 4993 3954 5047 relerati

2374 5073 2577 5127 nullum
2610 5078 2954 5144 pra-sontium
2982 5078 3254 5145 capiamus
3279 5093 3515 5133 sensum.
3551 5081 3617 5133 Et
3644 5080 3746 5135 hoc
3780 5083 3955 5151 ipsum

2374 5163 2570 5219 Paulus
2598 5167 2897 5235 significans
2921 5168 3132 5223 dicebat
3165 5187 3178 5222 :
3205 5169 3561 5225 Momentanea
3598 5172 3770 5225 levitas
3794 5174 3954 5226 tribu-

2371 5255 2575 5308 lationis
2617 5267 2801 5311 nostrae
2842 5276 2999 5327 supra
3027 5261 3231 5313 modum
3268 5262 3333 5327 in
3377 5261 3681 5314 sublimitate
3708 5273 3954 5318 internum

2368 5347 2569 5415 pondus
2598 5349 2777 5417 gloria:
2812 5324 2953 5403 nobis
2982 5324 3372 5420 aperatur,1non
3400 5355 3949 5410 considerantibusno-

2366 5437 2441 5489 bis
2461 5454 2575 5507 qua?
2600 5441 2849 5506 videntur,
2874 5443 2961 5495 sed
2982 5458 3095 5513 quw
3121 5459 3224 5495 non
3251 5444 3486 5519 videntur
3504 5434 3533 5516 ⁷(
3550 5445 3605 5498 2.
3631 5444 3749 5499 Cor.
3774 5447 3826 5501 4.
3861 5450 3949 5503 17.

2370 5530 2434 5585 18
2468 5531 2507 5597 ).
2533 5530 2727 5584 Levem
2780 5533 3062 5601 appellavit
3111 5535 3545 5602 tribulationem,
3594 5552 3699 5591 non
3734 5550 3951 5607 propter

2369 5623 2635 5691 propriam
2679 5624 2921 5693 gravium
2971 5635 3236 5689 naturam,
3270 5627 3365 5681 sed
3399 5639 3617 5699 propter
3644 5630 3947 5693 futurorum

2368 5716 2821 5784 exspectationem
2866 5716 3147 5773 bonorum.
3182 5718 3332 5774 Sicut
3363 5721 3507 5775 enim
3545 5740 3809 5785 mercator
3837 5749 3944 5789 non
