4232 6320
462 291 566 349 169

456 404 699 477 ἔμπορος
725 406 825 459 οὐκ
856 404 1171 458 αἰσθάνεται
1206 406 1305 475 τῆς
1331 404 1473 459 κατά
1500 405 1605 474 τὴν,
1633 404 1909 459 ναυτιλίαν
1941 402 2128 455 ταλαι-

461 494 694 562 πωρίας,
730 496 796 563 τῇ
843 493 954 544 τῶν
1010 492 1246 561 φορτίων
1293 479 1470 546 ἑλπίδι
1527 494 1935 563 κουφιζόμενος,
1985 490 2132 544 καὶὸ

460 579 746 631 πυκτεύων
773 580 1034 647 γενναίως
1081 580 1237 650 φέρει
1290 580 1358 633 τά
1407 581 1698 651 τραύματα
1736 581 1835 647 τῆς
1868 578 2130 647 κεφαλῆς,

463 665 601 736 πρὸς
628 668 718 718 τὸν
747 665 1015 735 στέφανον
1046 666 1397 720 ἀποϐλέπων·
1428 666 1575 739 [168]
1592 668 1733 719 οῦτω
1758 666 1821 719 δ’ἰτ
1848 666 1943 719 καὶ
1974 668 2134 735 ημεῖς

463 753 602 823 πρὸς
622 753 712 807 τὸν
745 755 972 825 οὐρανὸν
1004 756 1098 807 καὶ
1146 753 1216 807 τά
1259 757 1317 807 ἑν
1366 758 1480 817 τοῖς
1522 756 1771 824 οὐρανοῖς
1802 752 2136 815 ἀτενιζοντες

462 840 664 909 ἀγαθά,
693 842 792 894 ὅσα
828 840 893 895 ἂν
926 843 1254 912 ἐπιφέρηται
1278 842 1448 905 δεινά,
1494 842 1673 895 πάντα
1700 840 1965 910 γενναίως
1996 841 2140 893 οἷσο-

466 944 569 997 μεν
590 931 657 999 τῇ
689 932 898 1000 χρηστῇ
922 929 1029 981 τῶν
1066 928 1364 998 μελλόντων
1404 928 1965 1001 ἑλπίδινευρούμενοι.
1993 926 2138 981 Ταύ-

463 1008 565 1088 την
596 1018 775 1070 τοίνυν
812 1018 1066 1079 λαϐόντες
1090 1019 1188 1088 τὴν
1228 1018 1385 1087 ῥῆσιν
1430 1016 1773 1087 ἀπέλθωμεν·
1812 1015 1992 1087 είγάρ
2041 1015 2138 1069 καὶ

464 1104 592 1175 ψιλὴ
622 1106 714 1157 καὶ
743 1105 990 1176 βραχεῖα,
1031 1104 1165 1157 ἀλλά
1186 1104 1385 1175 πολλὴν
1411 1103 1521 1174 ἔχει
1547 1103 1862 1171 φιλοσοφίας
1885 1102 2138 1155 διδασκα-

463 1190 605 1245 λίαν.
649 1192 705 1244 Ὀ
734 1194 791 1244 ἑν
821 1192 983 1264 ὀδύνῃ
1010 1194 1105 1245 καὶ
1135 1191 1332 1261 θλίψει,
1381 1190 1657 1263 ἀρκοῦσαν
1699 1191 1814 1262 ἔχει
1848 1190 2137 1262 παράκλη-

360 1310 366 1317 -
465 1295 573 1331 σιν·
608 1281 635 1333 6
672 1282 729 1332 ἑν
758 1283 935 1350 τρυφῇ
991 1279 1086 1333 καὶ
1139 1278 1481 1350 πολυτελείᾳ,
1515 1279 1692 1350 μέγαν
1735 1278 2137 1349 σωφρονισμόν.

467 1366 636 1420 Ὅταν
659 1368 767 1438 γὰρ
797 1369 890 1421 ἐπὶ
917 1369 1013 1438 τῆς
1042 1368 1323 1439 τραπέζης
1357 1368 1747 1438 κατακείμενος
1785 1366 2139 1437 ἀναμνησθῇς

466 1454 565 1523 τῆς
604 1456 814 1525 ρήσεως
848 1454 1075 1526 ταύτης,
1093 1456 1470 1526 ἀποπηδήσεις
1495 1455 1706 1526 ταχέως
1729 1453 1827 1524 τῆς
1859 1452 2030 1524 μέθης
2046 1453 2140 1504 καὶ

351 1564 357 1569 ·
463 1540 565 1609 τῆς
598 1542 927 1613 ἀδηφαγίας,
960 1542 1146 1613 μαθὼν
1180 1543 1271 1596 διὰ
1295 1544 1393 1612 τῆς
1428 1541 1625 1607 λέξεως
1650 1541 1873 1610 ταύτης,
1914 1540 1994 1593 ὅτι
2054 1540 2143 1592 ὲν-

466 1628 737 1695 αγωνίους
765 1632 915 1701 ἡμᾶς
942 1626 1225 1699 ε’ίναιχρή·
1254 1630 1348 1683 καὶ
1375 1628 1711 1699 πῷςὲαυτὸν
1737 1629 1902 1700 ἑρεῖς·
1930 1625 2140 1689 Παῦλος

468 1716 525 1767 ἑν
556 1716 777 1786 δεσμοῖς
805 1718 899 1769 καὶ
932 1715 1348 1787 δεσμωτηρίοις,
1376 1714 1488 1791 ἑγὼ
1517 1715 1575 1769 δὲ
1600 1716 1658 1767 ἑν
1690 1714 1953 1785 μέθῃ-καὶ
1977 1712 2143 1766 πολυ-

464 1801 615 1853 τελεῖ
648 1803 918 1875 τραπέζῃ·
951 1803 1045 1856 καὶ
1078 1802 1238 1867 ποίας
1288 1801 1546 1872 τεύξομαι
1577 1800 1941 1872 συγγνώμης;
1972 1799 2143 1853 Τοῦτο

467 1890 564 1941 καὶ
585 1890 829 1957 γυναιξὶν
850 1891 1154 1961 ἐπιτήδειον
1185 1890 1247 1943 τὸ
1269 1890 1441 1961 ῥῆμα·
1474 1891 1531 1943 αἱ
1561 1889 1669 1961 γάρ
1698 1890 2018 1960 φιλόκοσμοι
2048 1890 2143 1942 καὶ

469 1976 800 2040 πολυτελεῖς,
843 1979 936 2031 καὶ
964 1976 1149 2049 χρυσῷ
1181 1991 1207 2018 ι
1241 1977 1508 2032 πάντοθεν
1530 1978 1728 2041 ἑαυτάς
1767 1977 2143 2044 καταδεσμοῦ-

472 2079 582 2124 σαι,
611 2063 710 2133 τῆς
732 2063 972 2128 ἁλύσεως
1000 2065 1203 2132 ταύτης
1216 2064 1671 2134 ἀναμνησθεῖσαι,
1709 2065 2055 2134 μισήσουσιν,
2082 2060 2141 2118 εὖ

468 2147 567 2204 οἷδ’
595 2154 697 2215 ὅτι,
730 2154 823 2207 καὶ
858 2152 1195 2223 βδελύξονται
1240 2152 1330 2206 τὸν
1382 2153 1584 2221 κόσμον
1614 2155 1838 2215 ἐκεῖνον,
1877 2154 1970 2206 καὶ
2008 2156 2144 2223 πρὸς

469 2240 646 2295 ταῦτα
682 2240 1015 2311 δραμοῦνται
1046 2242 1114 2295 τά
1143 2240 1337 2308 δεσμά.
1378 2241 1591 2295 Ἐκεῖνα
1652 2240 1749 2310 μὲν
1776 2240 1883 2310 γὰρ
1935 2241 2145 2294 πολλῶν

473 2329 659 2380 κακῶν
686 2330 834 2381 αἴτια
866 2329 1056 2397 γέγονε
1090 2327 1370 2391 πολλάκις,
1407 2328 1500 2379 καὶ
1529 2328 1753 2398 μυρίους
1782 2328 2051 2397 πολέμους
2066 2329 2146 2391 είς

472 2415 572 2485 τὴν
602 2413 776 2466 οἰκίαν
811 2416 1083 2483 συνήγαγε
1110 2413 1160 2477 h,
1191 2414 1286 2466 καὶ
1315 2414 1539 2482 φθόνους
1584 2415 1677 2467 καὶ
1708 2414 2005 2483 βασκανίας
2054 2417 2147 2468 καὶ

476 2505 630 2570 μῖσος
656 2500 827 2554 ἔτεκε·
869 2500 1043 2554 ταῦτα
1093 2501 1150 2555 δὲ
1188 2501 1288 2569 τῆς
1342 2501 1665 2572 οἰκουμένης
1716 2502 1817 2563 τὰς
1875 2501 2147 2572 ἁμαρτίας

473 2588 650 2652 ἔλυσε,
691 2589 786 2641 καὶ
817 2587 1077 2657 δαίμονας
1108 2589 1364 2660 ἐφόϐησε,
1393 2591 1485 2641 καὶ
1514 2588 1755 2642 διάϐολον
1790 2589 2143 2657 ἐφυγάδευσε.

472 2676 630 2730 Μετὰ
642 2677 848 2730 τούτων
872 2679 929 2729 ἑν
964 2675 1041 2747 τῷ
1066 2675 1424 2747 δεσμωτηρίῳ
1451 2676 1741 2745 διατρίϐων
1762 2678 1853 2730 τὸν
1876 2676 2149 2747 δεσμοφύ-

473 2765 617 2819 λακα
648 2765 851 2824 ἔπεισε,
877 2765 1014 2834 μετά
1028 2764 1233 2817 τούτοιν
1258 2766 1349 2817 τὸν
1386 2764 1693 2835 Ἀγρίππαν
1727 2764 2071 2818 ἐπεσπάσατο
2091 2773 2145 2827 ο,

479 2852 619 2924 μετά
646 2851 849 2905 τούτων
877 2851 1106 2915 πολλοὺς
1139 2853 1384 2922 μαθητὰς
1431 2851 1829 2904 κατεσκεύασεν
1855 2855 1883 2905 6
1916 2852 2150 2916 Παῦλος.

476 2939 579 2992 Διά
604 2938 762 2993 τοῦτο
788 2940 881 2993 καὶ
912 2938 1116 3007 ἔλεγεν·
1138 2942 1239 2994 Ἐν
1262 2931 1311 3003 ᾧ
1333 2939 1654 2995 κακοπαθῶ
1676 2939 1854 3009 μέχρι
1888 2939 2150 3010 δεσμῶν,

476 3028 559 3094 ὡς
584 3026 935 3096 κακοῦργος.
983 3026 1121 3081 ἀλλ’
1161 3029 1195 3080 ό
1228 3026 1409 3092 ,λόγος
1439 3024 1546 3079 τοῦ
1586 3026 1735 3079 Θεοῦ
1773 3029 1849 3080 οὐ
1895 3027 2147 3083 δέδεται.

480 3114 747 3186 Καθάπερ
779 3114 889 3185 γὰρ
916 3114 1113 3167 ἀκτῖνα
1138 3113 1297 3184 δῆσαι
1327 3113 1389 3166 ού
1431 3112 1657 3167 δυνατὸν
1684 3113 1807 3167 ούδὲ
1840 3115 2152 3183 συγκλεῖσαι

479 3205 540 3259 6v
568 3203 737 3273 οίκίᾳ,
768 3200 943 3265 οὕτως
976 3200 1099 3254 ούδὲ
1149 3201 1244 3254 τοῦ
1297 3200 1652 3271 κηρύγματος
1695 3202 1786 3253 τὸν
1834 3200 2011 3270 λόγον.
2044 3204 2155 3257 Kal

481 3290 661 3361 πολλῷ
687 3290 847 3343 πλέον
884 3291 913 3341 6
936 3288 1255 3351 διδάσκαλος
1288 3287 1517 3352 ἐδέδετο,
1543 3289 1637 3341 καὶ
1657 3290 1686 3341 6
1722 3287 1879 3356 λόγος
1909 3289 2152 3344 ἑπέτετο·

482 3385 690 3444 ἐκεῖνος
714 3379 777 3433 τὸ
805 3379 1174 3450 δεσμωτήριον
1207 3378 1361 3450 ᾤκει,
1390 3381 1483 3431 καὶ
1517 3380 1550 3449 ή
1580 3378 1911 3435 διδασκαλία
1942 3398 2157 3455 πτερω-

484 3470 639 3523 θεῖσα
660 3468 967 3539 πανταχόσε
988 3468 1088 3537 τῆς
1116 3467 1436 3539 οἰκουμένης
1463 3468 1667 3538 ἔτρεχε.

564 3558 639 3624 ς’.
676 3556 839 3611 Ταῦτ’
869 3552 961 3611 οὖν
992 3556 1195 3620 εἰδότες
1232 3556 1307 3627 μὴ
1351 3557 1892 3630 προκαταπίπτωμεν
1924 3561 2019 3615 ἑπὶ
2046 3563 2160 3628 τοῖς

486 3647 701 3711 δεινοῖς,
752 3644 888 3699 ἀλλά
929 3644 1127 3717 μᾶλλον
1173 3647 1295 3699 τότε
1326 3644 1683 3717 δυνατώτεροι
1712 3647 2015 3719 γινώμεθα,
2038 3651 2159 3705 τότε

490 3734 851 3805 ἰσχυρότεροι·
900 3733 973 3788 Ἦ
1003 3734 1113 3803 γὰρ
1146 3734 1352 3801 θλῐιξνις
1378 3735 1695 3803 ὑπομονὴν
1725 3736 2157 3808 κατεργάζεται.

485 3823 580 3894 Μὴ
610 3822 866 3893 ἀλγῶμεν
891 3823 985 3875 ἐπὶ
1012 3824 1132 3885 ταῖς
1177 3822 1546 3893 ἑπαγομέναις
1579 3828 1907 3895 συμφοραῖς,
1956 3827 2072 3881 ἀλλ’
2102 3830 2161 3883 ἑν

487 3910 693 3965 ἃπασιν
721 3910 1138 3983 εὐχαριστῶμεν
1161 3910 1239 3981 τῷ
1273 3911 1412 3981 Θεῷ.
1461 3912 1729 3983 Δευτέραν
1761 3914 2030 3985 ἑϐδομάδα
2061 3918 2162 3989 τῆς

489 3999 746 4068 νηστείας
776 4000 1149 4071 παρήλθομεν,
1171 3999 1308 4077 ἀλλά
1341 4001 1415 4072 μὴ
1441 4000 1599 4054 τοῦτο
1627 4000 1939 4072 σκοπῶμεν·
1967 4006 2027 4057 06
2054 4004 2165 4078 γάρ

487 4086 650 4141 τοῦτό
680 4089 797 4141 ἑστι
844 4087 1134 4160 παρελθεῖν
1169 4086 1442 4156 νηστείαν,
1476 4088 1572 4143 ἑάν
1612 4088 1706 4143 τδν
1736 4090 1930 4161 χρόνον
1964 4093 2166 4166 παρέλ-

490 4178 697 4245 θωμεν.
725 4175 897 4228 Τοῦτο
920 4172 1287 4243 λογισώμεθα,
1324 4174 1372 4225 εἰ
1404 4174 1811 4247 σπουδαιότεροι
1836 4180 2162 4253 γεγόναμεν,

490 4266 541 4317 εἰ
566 4260 958 4334 διωρθώσαμέν
990 4278 1043 4314 τι
1071 4260 1180 4313 τῶν
1212 4261 1499 4330 ἡμετέρων
1531 4262 1951 4337 ἐλαττωμάτων,
2003 4271 2053 4322 εἰ
2097 4270 2167 4325 τά

496 4351 873 4423 ἁμαρτήματα
900 4348 1305 4419 ἀπενιψάμεθα.
1340 4340 1504 4413 Ἔθος
1554 4350 1757 4406 ἅπασιν
1781 4355 1991 4427 ἑρωτᾷν
2024 4358 2166 4413 κατὰ

490 4440 591 4509 τὴν
609 4438 1088 4511 Τεσσαρακοστὴν,
1110 4438 1280 4500 πόσας
1298 4436 1529 4502 ἔκαστος
1544 4437 1839 4509 ἑϐδομάδας
1849 4443 1941 4513 ἑνή
1950 4448 2162 4499 στευσε·

495 4527 592 4580 καὶ
625 4526 771 4579 ἔστιν
800 4525 1032 4579 ἀκοῦσαι
1060 4524 1327 4593 λεγόντων
1355 4524 1464 4579 τῶν
1506 4524 1625 4595 μὲν,
1663 4527 1743 4579 ὅτι
1791 4528 1904 4591 δύο,
1944 4530 2055 4583 τῶν
2083 4531 2164 4601 δὲ,

492 4613 577 4667 ὅτι
606 4614 775 4683 τρεῖς,
809 4611 919 4664 τῶν
952 4612 1029 4678 δὲ,
1050 4612 1133 4664 ὅτι
1163 4611 1343 4673 πάσας
1364 4613 1692 4681 ἑνὴστευσαν
1722 4613 1819 4677 τάς
1843 4616 2164 4689 ἑϐδομάδας.

495 4700 608 4755 Kal
628 4701 682 4753 τί
710 4700 773 4753 τὸ
803 4699 1015 4770 κέρδος,
1046 4699 1141 4753 ἑάν
1172 4698 1369 4771 ἔρημοι
1397 4700 1837 4771 κατορθωμάτων
1882 4705 2166 4778 παρέλθωο

499 4806 599 4859 μεν
629 4787 727 4858 τὴν
775 4787 1064 4860 νηστείαν;
1101 4788 1227 4841 Ἐὰν
1278 4788 1465 4858 ἔτερος
1494 4787 1649 4861 λέγῃ,
1681 4787 1766 4843 ὅτι
1814 4792 2002 4845 Πᾶσαν
2047 4795 2169 4867 ἑνή-

498 4891 697 4929 στευσα
728 4876 825 4945 τὴν
850 4876 1321 4947 τεσσαρακοστὴν,
1351 4876 1416 4929 σὺ
1446 4877 1585 4942 εἰπὲ,
1617 4879 1699 4931 ὅτι
1743 4878 1971 4951 Ἐχθρὸν
2000 4877 2165 4955 εἶχον,

498 4963 592 5016 καὶ
614 4960 980 5032 κατηλλάγην·
1010 4961 1131 5025 ιθος
1151 4958 1296 5032 εἰχον
1312 4965 1662 5035 κακηγορεῖν,
1692 4968 1789 5020 καὶ
1816 4970 2164 5043 ἐπαυσάμην·

497 5048 619 5112 ἔθος
652 5044 797 5119 εἶχον
814 5048 1073 5119 ὀμνύναι,
1103 5049 1197 5103 xal
1243 5048 1408 5105 ἔλυσα
1438 5048 1501 5103 τὸ
1551 5053 1786 5126 πονηρὸν
1825 5054 1963 5109 ἔθο.·.
2003 5058 2169 5114 Οὐδὲν

498 5135 691 5206 ὕφελος
737 5138 850 5200 τοῖς
897 5136 1183 5207 ἐμπόροις,
1216 5137 1283 5192 ἂν
1312 5137 1449 5192 πολὺ
1500 5137 1649 5213 [169]
1686 5142 1858 5212 μῆκος
1901 5144 2169 5214 πελάγους

500 5216 958 5299 παραδράμωσιν,
982 5224 1095 5278 ἀλλ’
1125 5226 1219 5280 ἑάν
1251 5226 1389 5297 μετά
1421 5227 1661 5299 φορτίων
1679 5227 1881 5285 πλέωσι
1912 5233 2009 5287 καὶ
2037 5236 2171 5289 πολε

498 5311 599 5384 λῆς
622 5313 720 5383 τῆς
749 5311 1039 5385 ἐμπορίας·
1072 5312 1227 5367 ούδὲν
1253 5314 1443 5383 δφελος
1477 5318 1577 5389 τῆς
1609 5318 1857 5388 νηστείας
1891 5322 2044 5395 ήμῖν,
2101 5324 2169 5380 ἀν

502 5399 861 5473 παρέλθωμεν
890 5400 1060 5473 αὐτὴν
1085 5400 1275 5467 ἀπλῶς
1300 5403 1395 5456 καὶ
1428 5404 1553 5476 εἰκῆ
1588 5404 1683 5460 καὶ
1711 5407 1908 5479 μάτην.
1950 5410 2048 5464 Ἂν
2072 5413 2170 5487 τὴν

500 5487 611 5544 τῶν
632 5488 935 5561 βρωμάτων
955 5490 1306 5563 νηστεύωμεν
1342 5492 1619 5563 νηστείαν,
1641 5495 2029 5565 παρελθουσῶν
2059 5501 2170 5555 τῶν

499 5577 914 5650 τεσσαράκοντα
942 5580 1166 5651 ήμερῶν
1212 5580 1549 5653 παρέρχεται
1581 5580 1679 5639 καὶ
1722 5585 1756 5655 ή
1789 5588 2032 5657 νηστεία·
2073 5590 2169 5646 ἐὰν

563 5720 718 5832 ς,ὶέὲὲ
737 5721 1037 5846 mw-

568 5848 593 5877 ¢
614 5845 819 5909 Quidam
839 5845 953 5900 ως.
977 5847 1058 5897 τὸν
1076 5847 1267 5907 Φῆστιη
1291 5847 1620 5915 (Imaum.
1656 5848 1809 5901 male.

1206 290 1268 345 S.
1320 289 1604 347 JOANNIS
1640 284 2131 345 CHRYSOSTOMI
2172 284 2497 345 ARCHIEP.
2540 288 3091 345 CONSTANTINOP.

3816 288 3922 346 ΗΟ

2238 404 2295 457 δὲ
2332 406 2747 477 ἁμαρτημάτων
2772 402 3129 475 ἀπεχώμεθα,
3169 403 3264 455 xal
3292 404 3389 474 τῆς
3439 406 3691 475 νηστείας
3714 406 3922 475 παρεὶ-

2243 492 2447 564 θούσης
2478 491 2702 561 ταύτης,
2732 493 2915 561 ἐκείνη
2948 492 3109 543 πάλιν
3143 490 3315 561 μένει,
3361 492 3455 543 καὶ
3482 491 3733 563 διηνεκὴς
3766 493 3923 547 ἔσται

2244 581 2494 634 ἐντεῦθεν
2522 582 2653 651 ήμῖν
2678 580 2710 650 η
2733 579 2991 646 ὠφέλεια,
3025 579 3119 631 καὶ
3148 578 3253 647 πρὸ
3273 578 3371 647 τῆς
3405 578 3679 648 βασιλείας
3699 579 3809 634 τῶν
3831 582 3924 634 06-

2248 666 2427 736 ρανῶν
2453 668 2515 720 οὐ
2552 666 2756 735 μικρὰς
2782 666 2912 735 ἡμῖν
2962 662 3198 717 ἐνταῦθα
3231 663 3501 716 ἀποδώσει
3530 666 3629 729 τὰς
3663 664 3921 736 ἀμοιϐάς·

2244 752 2434 824 ῶσπερ
2466 754 2576 823 γὰρ
2605 756 2633 806 6
2660 752 2767 817 ζῶν
2789 754 2846 805 ἑν
2871 752 3129 823 πονηρίᾳ,
3165 751 3259 804 καὶ
3302 751 3408 822 πρὸ
3436 755 3534 824 τῆς
3573 755 3796 824 γεέννης
3830 772 3927 807 κο-

2244 842 2467 907 λάζεται
2491 841 2570 911 τῷ
2605 842 2863 895 συνειδότι
2891 840 3271 911 κεντούμενος·
3300 840 3475 904 οὕτως
3506 844 3535 894 6
3564 842 3811 896 πλουτῶν
3866 846 3927 898 ἑν

2249 927 2662 999 κατορθώμασι,
2718 930 2814 982 καὶ
2842 929 2948 999 πρὸ
2989 929 3089 999 τῆς
3139 927 3415 998 βασιλείας
3443 931 3621 999 χαρᾶς
3658 932 3929 1002 μεγίστης

2242 1018 2639 1081 ἀπολαύσεται,
2667 1020 2931 1089 χρησταῖς
2962 1018 3356 1089 ἐντρεφόμενος
3390 1018 3590 1071 ἑλπίσι.
3626 1020 3725 1072 Διά
3767 1021 3931 1073 τοῦτο

2247 1106 2276 1156 6
2301 1104 2535 1181 Χριστός
2561 1122 2712 1176 φησι·
2749 1104 2943 1159 Πάλιν
2972 1104 3193 1174 ὄψομαι
3218 1104 3393 1174 ὑμᾶς,
3429 1106 3528 1160 καὶ
3557 1105 3926 1175 χαρήσεσθε,

2249 1192 2347 1245 καί
2379 1191 2496 1259 τὴν
2517 1193 2713 1261 χαρὰν
2745 1191 2915 1262 ὑμῶν
2952 1192 3152 1258 οὐδεὶς
3181 1192 3491 1261 λαμϐάνει.
3524 1194 3709 1265 Βραχὺ
3737 1196 3931 1273 τὸ.ρῆ-

2255 1296 2353 1348 μα,
2378 1278 2514 1331 ἀλλά
2543 1278 2746 1350 πολλὴν
2783 1279 2896 1350 ἔχει
2954 1280 3331 1351 παραμυθίαν.
3381 1281 3447 1333 Τί
3488 1284 3608 1335 ποτ’
3647 1278 3741 1337 οῦν
3787 1284 3928 1350 ἑστι,

2255 1364 2375 1432 Τὴν
2406 1368 2605 1435 χαρὰν
2629 1362 2798 1435 ὑμῶν
2816 1368 3014 1433 οὐδεὶς
3032 1368 3356 1437 λαμϐάνεις
3382 1369 3657 1440 Χρήματα
3684 1370 3750 1424 ἂν
3773 1370 3930 1441 ἔχῃς,

2251 1451 2437 1505 πολλοὶ
2470 1452 2726 1507 δύνανταί
2759 1470 2853 1508 σου
2897 1455 2998 1524 τὴν
3030 1454 3205 1526 χαράν
3245 1455 3345 1526 τὴν
3399 1456 3509 1510 ἀπὸ
3562 1455 3657 1509 τοῦ
3692 1455 3931 1511 πλούτου

2248 1540 2455 1607 λαϐεῖν,
2478 1543 2572 1595 καὶ
2597 1542 2840 1613 κλέπτης
2863 1543 3155 1615 διορύττων
3175 1548 3376 1615 τοῖχον,
3408 1545 3750 1621 καὶκοίκέτης
3772 1547 3937 1614 ἀφαι-

2253 1629 2515 1702 ρούμενος
2542 1629 2612 1683 τά
2631 1632 3086 1701 ἑμπιστευθέντα,
3118 1634 3212 1688 καὶ
3237 1633 3490 1704 βασιλεὺς
3526 1633 3801 1704 δημεύων,
3833 1635 3934 1687 καὶ

2255 1716 2527 1786 βάσκανος
2572 1717 2861 1790 ἄνθρωπος
2891 1719 3234 1793 ἐπηρεάζων.
3290 1720 3618 1774 Δυναστείαν
3668 1722 3734 1775 ἂν
3779 1722 3932 1793 εχης,

2251 1804 2438 1858 πολλοὶ
2459 1803 2717 1859 δύνανταί
2748 1822 2842 1860 σου
2866 1806 3053 1860 λαϐεῖν
3076 1808 3175 1879 τὴν
3199 1809 3309 1863 ἀπὸ
3333 1809 3538 1878 ταύτης
3570 1810 3766 1880 χαράν·
3801 1808 3935 1862 ὅταν

2250 1904 2363 1974 γὰρ
2392 1903 2680 1975 παραλυθῇ
2706 1902 2773 1956 τά
2804 1904 2905 1974 τῆς
2936 1900 3136 1972 ἀρχῆς,
3183 1898 3631 1970 παραλυθήσεται
3655 1898 3681 1935 ά
3712 1898 3806 1952 καὶ
3863 1900 3937 1953 τά

2248 1990 2348 2060 τῆς
2389 1991 2603 2063 ἡδονῆς·
2640 1992 2736 2045 καί⁵
2766 1993 2824 2045 ἑν
2850 1990 2987 2060 αὐτῇ
3008 1989 3065 2042 δὲ
3089 1990 3158 2059 τῇ
3184 1987 3328 2059 ἀρχῇ
3345 1986 3518 2041 πολλά
3548 1986 3937 2057 συμπίπτοντα

2251 2078 2575 2149 πράγματα,
2608 2077 2897 2132 δυσκολίαν
2935 2076 3126 2148 ἔχοντα
3166 2075 3263 2128 καὶ
3288 2075 3596 2145 φροντίδας,
3634 2073 3941 2144 ὑποτέμνεο

2250 2166 2343 2219 ταί
2380 2182 2475 2218 σου
2500 2166 2598 2237 τὴν
2640 2164 2927 2236 εὐθυμίαν.
2969 2164 3145 2234 ’ἰσχὺν
3185 2164 3443 2232 σώματος
3472 2162 3567 2214 ἑάν
3594 2162 3746 2233 ἔχῃς,
3774 2160 3940 2224 νόσος

2256 2253 2558 2307 ἐπελθοῦσα
2586 2253 2847 2307 κατέλυσε
2873 2250 2971 2322 τὴν
2996 2251 3104 2303 ἀπὸ
3130 2249 3336 2320 ταύτης
3368 2250 3564 2322 χαράν·
3599 2249 3797 2313 κάλλος
3836 2249 3940 2302 ἑάν

2259 2342 2390 2413 ἔχῃς
2424 2344 2519 2397 καὶ
2560 2342 2730 2413 ῶραν,
2781 2340 2959 2411 γῆρας
2998 2338 3225 2392 ἑπελθδν
3261 2334 3505 2409 ἐμάρανε
3555 2338 3652 2391 καὶ
3684 2337 3944 2406 ἀφείλετο

2254 2434 2355 2503 τὴν
2386 2432 2581 2504 χαράν·
2613 2431 2892 2503 τραπέζης
2942 2430 3037 2482 ἑὰν
3067 2426 3382 2499 ἀπολαύσῃς
3406 2422 3749 2488 πολυτελοῦς,
3774 2422 3945 2476 ἑσπέ-

2261 2538 2364 2593 ρας
2401 2517 2837 2587 καταλαϐούσης,
2861 2515 3132 2586 κατελύθη
3174 2514 3269 2569 καὶ
3296 2515 3329 2583 ή
3355 2515 3457 2582 τῆς
3494 2512 3730 2582 εὐωχίας
3768 2510 3944 2580 χαρά·

2258 2612 2492 2665 ἕκαστον
2534 2608 2645 2680 γάρ
2673 2608 2787 2662 τῶν
2830 2606 3097 2677 βιωτικῶν
3148 2602 3491 2675 πραγμάτων
3534 2598 3947 2671 εὐεπηρὲαστόν

2256 2700 2396 2762 ἑστι,
2416 2699 2512 2751 καὶ
2539 2698 2766 2767 μόνιμον
2788 2698 2919 2767 ήμῖν
2945 2695 3046 2748 οὐκ
3074 2692 3247 2764 ἰσχύει
3277 2688 3694 2763 παρασχεῖντὴν
3718 2687 3943 2757 ἡδονήν·

2258 2788 2293 2857 ή
2314 2787 2371 2839 δὲ
2402 2785 2654 2839 εὐσέϐεια
2685 2786 2780 2839 καὶ
2802 2787 2835 2855 ή
2855 2783 2997 2837 κατά
3019 2782 3198 2854 ψυχὴν
3224 2780 3394 2853 ἀρετὴ
3419 2776 3730 2832 τούναντίον
3768 2776 3944 2829 ἅπαν.

2273 2872 2677 2945 Ἐλεημοσύνην
2723 2871 2819 2926 ὲάν
2870 2873 3126 2944 ποιήσῃς,
3169 2869 3347 2931 οὐδεὶς
3391 2864 3611 2936 ἀφελεῖν
3635 2861 3949 2917 δύναταιτδ

2263 2961 2621 3033 κατόρθωμα,
2657 2960 2760 3015 κᾶν
2782 2959 3141 3032 στρατόπεδα,
3182 2956 3286 3010 κᾶν
3328 2954 3590 3026 βασιλεῖς,
3613 2952 3721 3005 κᾶν
3757 2951 3951 3021 μυρίοι

2265 3051 2620 3119 συκοφάνται,
2658 3050 2763 3103 κᾶν
2800 3047 3074 3102 ἐπίϐουλοι
3122 3042 3387 3099 πάντοθεν
3418 3040 3739 3103 ἐπιθῶνται,
3761 3038 3823 3091 τὸ
3859 3038 3950 3101 εἰς

2260 3137 2350 3192 τὸν
2371 3138 2599 3209 οὐρανὸν
2617 3135 2882 3191 ἀποτεθὲν
2909 3134 3091 3203 κτῆμα
3112 3129 3410 3201 ἀφελέσθαι
3433 3129 3493 3183 οὐ
3515 3126 3791 3182 δύνανται·
3805 3124 3952 3180 ἀλλὰ

2267 3226 2417 3297 μένει
2448 3224 2704 3296 διηνεκὴς
2726 3224 2761 3294 ἡ
2785 3222 2957 3293 χαράι⁵
2984 3221 3351 3287 Ἐσκόρπισε
3383 3216 3517 3286 γάρ,
3546 3214 3741 3285 φησὶν,
3758 3211 3955 3267 ἔδωκε

2261 3313 2389 3380 τοῖς
2415 3313 2696 3379 πένησιν,
2723 3312 2761 3378 ἡ
2782 3309 3143 3373 δικαιοσύνη
3173 3304 3361 3360 αὐτοῦ
3377 3303 3547 3375 μένει
3562 3304 3650 3367 εἰς
3680 3300 3789 3354 τὸν
3808 3298 3955 3354 αἰῶ-

2262 3418 2360 3457 να·
2403 3402 2497 3455 καὶ
2527 3399 2673 3471 μάλα
2693 3397 2941 3460 εἰκότως.
2976 3396 3068 3450 Ἐν
3100 3393 3211 3467 γὰρ
3240 3395 3352 3456 τοῖς
3380 3392 3489 3446 τῶν
3513 3389 3762 3463 οὐρανῶν
3806 3389 3952 3441 ἀπόο

2264 3507 2445 3545 κειται
2476 3486 2770 3559 ταμιείοις,
2794 3487 2929 3540 ὅπου
2959 3483 3023 3537 οὐ
3061 3482 3302 3553 κλέπτης
3320 3480 3611 3551 διορύττει,
3644 3479 3708 3532 οὐ
3743 3477 3952 3548 λῃστὴς

2264 3577 2554 3651 λαμϐάνει,
2589 3576 2650 3629 ού
2709 3575 2809 3647 σὴς
2842 3572 3142 3628 κατεσθίει.
3177 3570 3358 3642 Εύχάς
3404 3568 3502 3622 ὲάν
3533 3566 3664 3639 εύξη
3700 3568 3953 3636 συνεχεῖς

2264 3668 2361 3722 καὶ
2394 3667 2653 3728 ἐκτενεῖς,
2679 3663 2772 3718 τδν
2802 3661 3018 3734 καρπὸν
3035 3660 3127 3714 τὸν
3151 3660 3262 3713 ἀπὸ
3287 3659 3495 3712 τούτων
3519 3656 3694 3719 οὐδεὶς
3716 3654 3953 3725 συλῆσαι

2265 3756 2573 3829 δυνήσεται·
2605 3754 2701 3809 καὶ
2728 3752 2838 3825 γάρ
2865 3747 3019 3815 οὗτος
3049 3750 3080 3801 6
3100 3748 3313 3822 καρπὸς
3347 3742 3409 3802 ἑν
3436 3750 3551 3809 τοῖς
3582 3745 3831 3816 οὐρανοῖς
3862 3747 3953 3815 ἑρ-

2273 3844 2521 3916 ῥίζωται,
2570 3844 2753 3915 πάσης
2822 3840 3091 3913 ἑπηρείας
3141 3837 3584 3909 ἀπηλλαγμένος,
3622 3836 3716 3891 καὶ
3773 3838 3953 3907 μένων

2268 3933 2587 4005 ἀχείρωτος.
2631 3929 2756 3986 Ἐὰν
2783 3930 2972 3995 κακῶς
3004 3926 3193 4004 παθὼν
3220 3926 3610 3999 εὐεργετήσῃς,
3645 3925 3742 3979 ὲάν
3763 3925 3955 3989 κακῶς

2269 4020 2514 4084 ἀκούσας
2539 4020 2932 4092 φιλοσοφήσῃς,
2962 4016 3058 4071 ἑάν
3077 4012 3410 4086 λοιδορηθεὶς
3434 4011 3756 4083 εὐλογήσῃς,
3777 4010 3957 4067 ταῦτα

2268 4108 2342 4165 τά
2377 4106 2782 4180 κατορθώματα
2810 4106 2962 4178 μένει
3016 4101 3308 4173 διηνεκῶς,
3359 4099 3455 4155 καὶ
3498 4098 3599 4172 τὴν
3643 4102 3709 4152 ἑκ
3744 4098 3954 4153 τούτων

2270 4196 2445 4269 χαρὰν
2473 4195 2649 4259 οὐδεὶς
2678 4193 2969 4267 λαμϐάνει·
3002 4190 3118 4247 ἀλλ’
3151 4190 3344 4253 ὁσάκις
3386 4189 3453 4242 ἂν
3497 4184 3678 4242 αὐτῶν
3708 4186 3957 4259 ὑπομνηο

2274 4284 2409 4357 σθῇς
2440 4294 2483 4342 ο.
2525 4284 2741 4356 χαίρεις
2772 4280 2869 4336 καὶ
2898 4279 3192 4353 εὐφραίνῃ,
3250 4277 3347 4331 καὶ
3398 4275 3601 4349 πολλὴν
3640 4273 3956 4347 καρποῦσαι

2271 4372 2371 4443 τὴν
2406 4372 2623 4443 ἡδονήν.
2682 4368 2842 4432 Οῦτω
2870 4367 2937 4440 δὴ
2961 4369 3057 4423 καὶ
3087 4367 3152 4420 τὸ
3182 4365 3407 4436 φεύγειν
3432 4365 3595 4437 ’ὁρκον
3625 4364 3721 4417 ἑὰν
3752 4380 3959 4435 κατορο

2276 4459 2561 4532 θώσωμεν,
2611 4459 2707 4513 καὶ
2764 4458 3043 4528 πείσωμεν
3093 4455 3194 4527 τὴν
3221 4453 3469 4523 γλῶτταν
3522 4453 3623 4523 τὴν
3674 4452 3957 4524 ἡμετέραν

2274 4538 2579 4621 ἀπέχεσθαι
2618 4550 2718 4621 τῆς
2748 4547 2995 4621 ὀλεθρίου
3040 4542 3330 4615 συνηθείας
3354 4542 3580 4614 ταύτης,
3606 4542 3669 4595 τδ
3696 4543 3797 4613 μὲν
3825 4560 3954 4601 κατ-

2274 4634 2500 4708 όρθωμα
2537 4636 2691 4690 ἔσται
2723 4637 2781 4690 ἑν
2835 4634 3033 4708 βραχεῖ
3079 4631 3280 4703 καιρῷ,
3321 4632 3355 4702 ή
3394 4630 3449 4683 δὲ
3508 4629 3815 4702 εὐφροσύνη
3858 4630 3957 4684 τοῦ

2276 4723 2707 4795 κατορθώματος
2727 4722 2994 4794 διηνεκῶς
3026 4719 3123 4774 καὶ
3159 4717 3538 4780 ἀδιαλείπτως.
3570 4716 3773 4770 Λοιπὸν
3810 4718 3957 4795 ὑμᾶς

2256 4810 2372 4863 καὶ
2399 4794 2601 4882 ἑτέρων
2628 4809 2982 4873 διδασκάλους
3000 4806 3151 4881 [I70]
3182 4802 3322 4860 εἶναι
3356 4805 3461 4889 χρὴ
3496 4804 3589 4858 καὶ
3612 4794 3955 4875 καθηγητὰς,

2276 4902 2372 4953 καὶ
2410 4896 2596 4967 φίλους
2624 4897 2751 4961 τοὺς
2783 4897 3034 4969 πλησίον,
3066 4897 3162 4949 καὶ
3186 4893 3314 4958 τοὺς
3348 4893 3565 4955 οἰκέτας
3590 4892 3647 4947 δὲ
3672 4892 3803 4956 τοὺς
3832 4909 3960 4945 συν-

2274 4986 2516 5053 δούλους,
2554 4986 2651 5041 καὶ
2681 4986 2837 5049 νέους
2872 4986 3000 5048 τοὺς
3046 4982 3319 5054 ὁμήλικας
3350 4980 3649 5051 λαμϐάνειν
3695 4978 3791 5035 καὶ
3826 4997 3955 5035 παι-

2276 5076 2453 5131 δεύειν
2484 5074 2579 5130 καὶ
2622 5074 2858 5143 ἑνάγειν.
2906 5068 3054 5144 Ἀρά
3100 5070 3157 5124 εί
3178 5070 3262 5134 τίς
3297 5086 3379 5123 σοι
3409 5067 3666 5140 χρύσινον
3693 5067 3788 5122 ινα
3830 5067 3955 5123 καθ’

2276 5165 2506 5219 ἕκαστον
2539 5162 2919 5235 διορθούμενον
2945 5159 3231 5232 ἄνθρωπον
3256 5156 3646 5228 ἐπηγγείλατο,
3676 5156 3739 5209 ού
3772 5157 3956 5210 πᾶσαν

2278 5252 2345 5308 ἀν
2380 5252 2623 5324 ἐποιήσω
2656 5251 2912 5323 σπουδὴν,
2943 5249 3037 5304 καὶ
3054 5246 3376 5319 διημέρευες
3406 5243 3807 5317 προσεδρεύων,
3832 5245 3954 5297 πεί.

2278 5340 2407 5407 θων,
2440 5339 2806 5413 παρακαλῶνς
2846 5338 2961 5393 Νῦν
2993 5338 3049 5391 δὲ
3078 5338 3178 5408 οὐχ
3210 5335 3306 5388 Eva
3335 5334 3611 5407 χρύσινον,
3638 5331 3762 5386 οὐδὲ
3800 5331 3958 5399 δέκα,

2277 5428 2401 5483 0666
2425 5430 2619 5494 εἰκοσι,
2648 5428 2744 5483 καὶ
2770 5428 2987 5489 ἑκατὸν,
3018 5426 3109 5480 καὶ
3140 5423 3366 5495 χιλίους,
3386 5420 3507 5476 οὐδὲ
3539 5419 3645 5491 γῆν
3662 5419 3963 5491 ὀλόκληρον

2282 5516 2627 5587 ὑπισχνεῖταί
2666 5533 2750 5571 σοι
2768 5519 2877 5571 τῶν
2909 5517 3087 5571 πόνων
3117 5511 3325 5568 τούτων
3357 5508 3638 5582 ἀμοιϐηνό
3669 5508 3821 5573 Θεός·
3840 5506 3959 5562 ἀλλ’

2343 5725 2923 5793 ἀᾼῐίιτεαραλύιταικαί-
3034 5792 3039 5793 ,
3155 5786 3189 5793 _
3259 5786 3273 5793 -
3851 5778 3878 5790 -

2352 5792 2378 5819 ⁸
2399 5789 2499 5839 Alii
2522 5780 2781 5841 ἀν’τούτων
2810 5792 3124 5856 ἀναμνησθᾷ.
3153 5786 3311 5838 Paulo
3355 5790 3469 5849 post.
3512 5780 3663 5835 “dell
3691 5780 3973 5847 καρποῦσαι

2277 5852 2366 5911 τὴν
2387 5850 2693 5911 ἀφροσύνην.
