4232 6320
291 385 394 446 169
443 441 448 458 ε

288 509 450 561 sentit
477 503 830 573 navigatimns
873 506 1127 570 laborem.
1161 506 1434 560 lncrorum
1465 519 1559 574 spe
1579 505 1843 560 relevatus

229 640 232 642 -
291 609 346 653 et
375 599 512 668 pugil
539 612 803 666 generose
828 599 927 653 fert
952 599 1141 668 capitis
1163 599 1402 664 vulnera,
1433 613 1682 652 Coronam
1704 599 1870 665 rcspi~

293 691 477 746 ciens:
505 692 574 744 ita
598 689 838 758 profecto
870 705 967 745 nos
993 705 1204 760 quoque
1246 689 1298 742 in
1328 690 1517 744 caelum
1539 699 1595 744 et
1631 688 1865 744 caelestia

291 784 632 838 intendentes
659 784 818 847 bona,
850 799 1200 854 quacumque
1227 783 1524 838 inferantur
1550 785 1751 853 gravia,
1780 797 1873 852 ge-

292 890 481 930 nerose
506 883 694 929 cuncta
713 875 961 938 feremus,
994 875 1131 930 bona
1157 874 1454 929 futurorum
1481 889 1576 944 spe
1611 874 1870 928 roborati.

291 965 404 1019 Ilac
432 965 605 1035 itaque
629 976 844 1035 accepta
871 967 1135 1020 sententia
1163 966 1417 1021 abeamus
1442 966 1716 1036 :quamvis
1731 981 1874 1020 nam-

289 1070 395 1123 que
426 1057 655 1124 simplex
687 1067 740 1110 et
763 1056 938 1111 brevis
968 1057 1074 1120 sit,
1107 1056 1324 1110 multam
1353 1066 1530 1110 tamen
1557 1056 1714 1110 habet
1758 1056 1873 1126 phi-

291 1144 550 1212 losophia:
589 1145 909 1199 doctrinam.
966 1146 1065 1212 Qui
1110 1146 1165 1200 in
1197 1146 1383 1200 dolore
1427 1156 1482 1200 et
1532 1147 1872 1202 tribulatione

287 1245 391 1295 est,
414 1234 662 1288 idoneam
692 1233 853 1290 habet
880 1235 1299 1290 consolationem
1324 1276 1339 1301 ,
1374 1235 1464 1304 qui
1508 1236 1561 1289 in
1587 1235 1792 1290 deliciis
1817 1243 1874 1291 et

289 1322 521 1387 luxuria,
554 1338 798 1393 magnam
839 1324 1223 1378 moderationis
1259 1325 1710 1379 exhortationem.
1737 1325 1869 1379 Cum

284 1413 429 1465 enim
458 1413 523 1467 ad
555 1427 793 1466 mensam
819 1414 1193 1482 discumbens,
1224 1414 1666 1482 sententiachujus
1687 1414 1874 1470 memi-

287 1505 432 1557 neris
461 1545 476 1570 ,
523 1505 700 1559 statim
747 1507 815 1560 ab
841 1506 1102 1561 ebrietate
1139 1507 1462 1576 crapulaque
1508 1507 1716 1561 resilies
1745 1547 1758 1570 ,
1790 1506 1874 1561 di—

288 1608 447 1647 scens
476 1609 540 1648 ex
571 1595 671 1648 hac
703 1596 991 1660 sententia,
1015 1595 1156 1665 quod
1194 1596 1380 1649 anxios
1413 1610 1513 1650 nos
1536 1612 1655 1651 esse
1674 1611 1870 1651 conve-

293 1683 427 1742 niat.
457 1695 510 1737 et
540 1685 677 1738 intra
707 1687 931 1755 teipsum
963 1685 1111 1740 dices
1159 1702 1174 1738 :
1225 1686 1418 1740 Paulus
1468 1686 1521 1740 in
1567 1687 1792 1742 vinculis
1819 1695 1874 1742 et

198 1837 203 1840 ,
287 1778 597 1830 carceribus
619 1817 636 1842 ,
667 1791 768 1846 ego
793 1792 920 1832 vero
942 1777 996 1832 in
1024 1777 1282 1833 ebrietate
1307 1789 1362 1834 et
1405 1779 1547 1832 lauta
1574 1793 1755 1833 mensa
1782 1795 1795 1832 :
1820 1788 1873 1832 et

286 1880 447 1934 quam
477 1881 734 1937 assequar
761 1869 1005 1922 veniam?
1032 1868 1145 1923 Hoc
1168 1878 1223 1923 et
1248 1870 1302 1924 in
1343 1869 1659 1924 mulieribus
1679 1884 1874 1939 Oppor-
1927 1859 1931 1862 ’

287 1963 481 2011 tunum
531 1956 754 2011 dictum.
800 1959 1112 2013 Ambitiosa:
1154 1959 1296 2014 enim
1339 1968 1394 2014 et
1435 1968 1783 2028 sumptuosae,
1819 1967 1874 2014 et

285 2063 419 2102 auro
450 2049 682 2119 undique
711 2064 769 2104 sc
795 2051 1226 2120 circumligantes
1254 2059 1458 2106 catena:
1507 2051 1666 2121 hujus
1705 2051 1867 2106 remi-

287 2139 558 2194 niscentes
574 2140 695 2193 odio
721 2139 1007 2206 habebunt,
1033 2151 1090 2195 ut
1109 2142 1378 2208 existimo,
1402 2152 1456 2196 et
1481 2142 1871 2198 abominabun-

289 2241 378 2285 tnr
426 2242 674 2286 ornatum
724 2233 893 2297 illum,
947 2244 1000 2288 et
1030 2234 1097 2289 ad
1127 2236 1240 2290 ha:c
1269 2236 1478 2290 vincula
1509 2246 1746 2291 current.
1783 2237 1871 2290 Illa

287 2334 517 2389 namque
551 2331 870 2376 ornamenta
917 2323 1214 2377 multorum
1247 2339 1423 2379 causae
1451 2326 1715 2381 malorum
1759 2326 1873 2380 fue-

292 2422 438 2477 runt,
468 2421 522 2466 et
547 2413 822 2467 innumera
855 2415 991 2468 bella
1017 2415 1156 2469 intra
1177 2414 1391 2470 domum
1421 2427 1805 2474 contraxerunt
1833 2420 1870 2485 ¹,

287 2511 345 2556 et
375 2503 574 2557 livores
603 2514 924 2572 pepererunt
952 2515 1005 2559 et
1032 2506 1255 2561 invidias
1276 2518 1330 2561 et
1355 2509 1534 2561 odium
1561 2525 1577 2575 ;
1608 2509 1724 2566 hmc
1745 2525 1874 2564 vero

289 2605 512 2663 peccata
541 2595 725 2648 mundi
751 2596 1046 2662 solverunt,
1078 2605 1131 2650 et
1161 2605 1466 2652 terruerunt
1494 2598 1790 2665 daemonas,
1820 2610 1875 2655 et

287 2684 559 2740 diabolum
619 2685 952 2754 fugaverunt.
995 2687 1127 2740 Dum
1177 2688 1257 2741 bis
1303 2688 1352 2741 in
1409 2702 1630 2746 carcere
1674 2690 1876 2760 degens

287 2773 494 2828 custodi
526 2777 807 2843 persuasit,
852 2790 972 2829 cum
1014 2776 1099 2830 his
1129 2778 1418 2847 Agrippam
1463 2782 1705 2848 attraxit,
1753 2796 1874 2836 cum

289 2867 375 2918 his
419 2865 616 2918 multos
667 2867 863 2920 Paulus
906 2866 1196 2937 discipulos
1242 2868 1546 2937 acquisivit,
1595 2880 1877 2941 propterea

299 2952 515 3006 dicebat
534 2970 547 3003 :
568 2950 633 3005 In
650 2969 750 3022 quo
763 2954 896 3007 male
914 2956 1090 3023 patior
1109 2973 1270 3026 usque
1288 2963 1355 3010 ad
1371 2959 1601 3023 vincula,
1623 2971 1876 3027 tanquam

299 3045 636 3114 malefactor,
663 3045 755 3098 sed
771 3045 865 3099 Dei
891 3047 1101 3101 verbum
1136 3064 1236 3101 non
1266 3060 1343 3102 est
1367 3051 1594 3102 cinctum
1627 3050 1701 3119 (ελ.
1736 3051 1872 3104 Tim.

301 3134 363 3201 2,
384 3137 461 3205 9)‘.
508 3134 661 3189 Sicut
690 3136 834 3190 enim
870 3139 1081 3191 radium
1111 3139 1314 3193 vincire
1349 3142 1603 3209 possibile
1637 3157 1744 3195 non
1771 3150 1874 3208 est,

304 3242 406 3282 nec
434 3228 578 3282 domi
611 3230 937 3284 concludere
968 3249 981 3285 :
1012 3233 1091 3285 sic
1127 3246 1303 3302 neque
1328 3233 1727 3302 praedicationis
1755 3250 1878 3288 ver-

303 3321 456 3374 bum.
485 3319 548 3374 Et
566 3322 710 3390 quod
734 3322 903 3376 multo
925 3323 1158 3392 amplius
1171 3334 1275 3388 est,
1300 3325 1489 3379 doctor
1508 3326 1724 3381 vinetus
1741 3336 1877 3387 erat,

301 3421 358 3465 et
384 3412 608 3466 verbum
641 3408 861 3467 volabat
895 3432 906 3467 :
941 3415 1029 3469 ille
1058 3431 1332 3470 carcerem
1364 3417 1675 3480 habitabat;
1705 3427 1758 3472 et
1786 3420 1882 3473 do-

303 3503 482 3557 ctrina
511 3505 650 3558 alata
683 3507 885 3575 passim
920 3507 974 3560 in
1010 3508 1141 3561 urbe
1173 3517 1438 3562 terrarum
1467 3512 1736 3563 currebat.

376 3591 428 3646 6.
461 3592 682 3647 Moralis
699 3597 997 3649 exhortatio
1015 3597 1082 3649 ad
1101 3599 1537 3653 emendationem.
1555 3631 1627 3640 ——
1647 3599 1769 3654 Ilaec
1790 3601 1885 3672 igi-

301 3695 397 3742 tur
424 3687 680 3747 scientes.
704 3704 772 3741 ne
792 3690 1214 3744 suecumbamus
1238 3693 1289 3745 in
1320 3693 1480 3748 rebus
1503 3694 1762 3758 adversis,
1788 3694 1883 3750 sed

303 3777 490 3845 potius
526 3785 656 3831 tunc
699 3779 1032 3847 potentiores
1062 3779 1382 3846 eﬁiciamur,
1412 3789 1541 3836 tunc
1583 3781 1835 3838 fortiores
1867 3801 1882 3836 :

305 3868 610 3922 Tribulatio
633 3872 770 3922 enim
801 3872 1114 3940 patientiam
1138 3882 1387 3940 operatur
1412 3873 1586 3943 (Rom.
1615 3875 1666 3928 5.
1700 3872 1777 3943 5).
1807 3870 1885 3928 Ne

301 3959 590 4013 doleamus
627 3959 682 4014 in
722 3961 1126 4017 calamitatibus
1167 3979 1288 4032 qua:
1322 3963 1661 4028 inferuntur,
1703 3965 1794 4018 sed
1828 3965 1884 4019 in

301 4048 562 4102 omnibus
581 4047 691 4104 Deo
711 4052 910 4120 gratias
931 4052 1500 4122 agamus.-Secundam
1515 4055 1702 4123 jejunii
1721 4056 1888 4124 septi-

302 4155 521 4194 manam
537 4141 934 4209 expedivimus,
954 4143 1048 4196 sed
1068 4157 1173 4196 non
1195 4143 1296 4196 hoc
1312 4144 1754 4198 consideremus:
1776 4159 1883 4199 non

299 4229 448 4284 enim
469 4230 573 4283 hoc
594 4239 676 4283 est
692 4231 1340 4301 expedivissejejunium,
1361 4233 1407 4287 si
1428 4240 1642 4302 tempus
1662 4244 1882 4302 praeter-

304 4322 554 4388 ierimus,
587 4322 680 4377 sed
705 4323 750 4376 si
778 4326 1202 4392 transegerimus
1233 4340 1354 4379 cum
1386 4325 1733 4404 recte_factis.
1767 4325 1882 4382 Hoc

301 4419 592 4471 nobiscum
625 4425 958 4483 reputemus,
988 4418 1030 4470 si
1059 4417 1415 4472 studiosiores
1443 4416 1568 4472 facti
1597 4434 1809 4480 sumus,
1830 4418 1878 4472 si

302 4505 569 4559 defectum
612 4506 839 4574 aliquem
889 4515 1126 4560 nostrum
1168 4506 1519 4568 correximus,
1552 4507 1595 4560 si
1623 4507 1887 4561 abluimus

301 4595 546 4648 crimina.
580 4595 1024 4649 Consuetudinem
1047 4611 1233 4649 omnes
1260 4595 1456 4650 habent
1485 4611 1578 4664 per
1605 4596 1901 4665 quadrage—

303 4688 495 4741 simam
521 4686 899 4756 interrogandi,
923 4696 1048 4754 quot
1071 4689 1292 4756 quisque
1313 4687 1634 4756 scptimanas
1659 4687 1885 4756 quadra-

303 4775 522 4843 gcsima:
547 4776 806 4843 jcjunavit
839 4793 853 4829 ι
881 4784 934 4829 et
971 4775 1206 4829 dicentes
1245 4778 1429 4832 audire
1470 4777 1611 4843 licet,
1644 4777 1740 4830 hos
1769 4778 1885 4845 qui-

304 4865 427 4918 dem
453 4864 593 4933 quod
621 4865 772 4929 duas,
808 4865 904 4918 hos
929 4881 1057 4919 vero
1079 4866 1216 4936 quod
1246 4876 1373 4931 tres,
1403 4868 1519 4921 illos
1545 4880 1720 4921 autem
1743 4870 1884 4935 quod

306 4968 495 5006 omnes
529 4952 882 5022 jejunaverint
919 4955 1260 5021 septimanas.
1313 4957 1379 5010 Et
1408 4958 1549 5027 quod
1583 4959 1807 5025 lucrmn,
1840 4961 1883 5013 si

307 5051 455 5096 recte
480 5041 631 5096 factis
649 5052 912 5110 carentes,
931 5044 1189 5115 jejunium
1214 5049 1652 5117 transegerimus?
1681 5049 1735 5104 Si
1752 5052 1885 5102 alius

307 5131 469 5196 dicat,
503 5133 690 5187 Totam
719 5135 952 5204 jejunavi
974 5136 1459 5207 Quadragesimam,
1494 5150 1546 5192 tu
1574 5141 1677 5207 dic,
1713 5141 1890 5195 Inimi-

305 5240 426 5280 cum
473 5224 757 5288 habebam,
790 5235 842 5280 et
881 5229 1190 5282 conciliatus
1229 5245 1344 5284 sum
1376 5250 1388 5284 :
1422 5231 1679 5286 habebam
1714 5234 1891 5289 detra-

306 5315 467 5369 hendi
494 5316 951 5380 consuetudinem,
974 5327 1026 5372 et
1053 5319 1225 5372 destiti
1254 5339 1265 5372 :
1287 5321 1496 5389 jurandi
1521 5323 1742 5377 tenebar
1766 5340 1881 5389 usu,

305 5415 359 5458 ct
386 5419 502 5458 mos
529 5406 800 5474 improbus
831 5409 955 5461 mihi
987 5421 1262 5464 correctus
1291 5421 1392 5466 est.
1441 5413 1591 5466 Nulla
1623 5427 1886 5470 mercato-

306 5497 454 5550 ribus
480 5497 704 5560 utilitas,
726 5497 771 5550 si
799 5514 1041 5568 magnam
1070 5502 1231 5556 maris
1257 5501 1642 5572 longitudinem
1670 5521 1888 5574 percur~

306 5589 489 5654 rerint,
523 5587 621 5641 sed
647 5587 692 5642 si
718 5602 839 5643 cum
869 5606 1043 5644 rerum
1071 5593 1220 5661 copia
1258 5605 1312 5648 et
1351 5595 1517 5648 multo
1541 5598 1888 5652 mercimonio

308 5679 674 5748 navigaverint
707 5696 719 5731 :
751 5679 894 5732 nulla
936 5681 1123 5750 jejunii
1175 5684 1328 5739 nobis
1376 5686 1592 5751 utilitas,
1631 5688 1674 5741 si
1719 5687 1888 5742 infru-

368 5771 382 5800 ι
419 5769 523 5826 alii,
543 5767 597 5819 in
621 5773 817 5818 domum
839 5770 1154 5823 induxerunt.
1211 5811 1226 5820 ρ

614 5853 882 5914 Parnm.
934 5857 1048 5916 Gn.
1093 5857 1316 5922 XLIX.

1218 391 1310 450 AD
1336 388 1658 450 POPULUM
1696 385 2182 448 ANTIOCIIENIIM
2227 388 2459 449 IIOMIL.
2507 391 2645 451 XVI.

3473 393 3574 452 Hi!

1980 512 2164 557 ctuose
2187 503 2358 573 ipsum
2385 519 2595 574 tempus
2615 515 2666 559 et
2693 514 2892 561 temere
2920 513 3320 576 prmtct'eamus.
3347 509 3400 563 Si
3424 511 3560 562 eiim-

1977 609 2096 646 rum
2122 593 2384 657 jejunium
2406 595 2729 664 jejunemus,
2765 596 3046 662 praﬂcritis
3078 595 3424 666 quadraginta
3451 599 3566 653 die-

1977 684 2076 738 bus
2107 695 2342 752 praeterit
2373 695 2426 739 et
2447 684 2739 753 jejunium;
2780 686 2823 739 si
2859 701 2990 740 vero
3030 679 3266 756 peccatis
3305 686 3572 745 abstinea~

1979 790 2099 830 mus
2121 819 2135 841 ,
2166 785 2220 830 et
2253 786 2521 830 transacto
2548 777 2755 845 jejunio
2784 777 2912 831 illud
2946 786 3206 843 remanet,
3239 785 3293 832 ct
3319 779 3572 833 continua

1978 866 2080 920 erit
2120 866 2243 920 hinc
2286 867 2440 920 nobis
2482 867 2704 932 utilitas,
2732 877 2890 936 atque
2916 876 3039 920 ante
3065 882 3284 936 regnum
3311 869 3567 922 ca‘lorum

1977 971 2084 1011 non
2111 971 2300 1026 parvas
2325 956 2479 1012 nobis
2506 957 2591 1012 hic
2613 956 2797 1011 reddet
2821 957 3221 1012 retributiones.
3255 957 3405 1012 Sicut
3425 959 3567 1012 enim

1978 1049 2069 1119 qui
2097 1049 2148 1102 in
2181 1048 2414 1118 nequitia
2437 1049 2586 1114 vivit,
2615 1057 2670 1102 et
2697 1057 2820 1102 ante
2843 1049 3142 1118 gehennam
3171 1049 3406 1118 punitur,
3438 1065 3570 1103 con-

1978 1140 2202 1196 scientia
2231 1141 2533 1194 stimulatus
2563 1158 2576 1194 :
2615 1140 2692 1194 sic
2721 1141 2809 1209 qui
2841 1141 3045 1194 meritis
3083 1140 3320 1194 abundat
3360 1149 3415 1194 et
3435 1152 3572 1210 ante

1977 1248 2201 1303 regnum
2243 1249 2432 1302 magna
2463 1231 2669 1287 fruetur
2695 1231 2875 1286 heti'tia
2895 1275 2908 1296 ,
2939 1248 2998 1287 se
3027 1228 3166 1286 bona
3200 1247 3295 1302 spe
3322 1247 3569 1302 pascens.

1979 1322 2179 1377 Idcirco
2205 1321 2450 1378 Christus
2481 1323 2650 1392 inquit
2680 1342 2692 1376 :
2725 1323 2921 1375 lterum
2951 1322 3124 1376 videbo
3154 1338 3260 1387 vos,
3297 1331 3342 1375 et
3380 1325 3574 1391 gaude-

1978 1413 2112 1479 bitis,
2145 1424 2191 1468 et
2217 1415 2456 1485 gaudium
2483 1423 2698 1469 vestrum
2728 1429 2872 1467 nemo
2894 1414 3032 1472 tollet
3060 1430 3090 1465 a
3116 1413 3250 1468 vobis
3281 1411 3457 1485 (Joan.
3480 1414 3568 1467 i6.

1976 1507 2090 1578 22).
2123 1506 2293 1561 Breve
2319 1505 2562 1572 verbum,
2581 1505 2672 1560 sed
2699 1505 2919 1558 multam
2943 1504 3101 1559 habet
3125 1505 3568 1559 consolationem.

1978 1597 2240 1665 Quidnam
2286 1595 2500 1664 tandem
2541 1605 2658 1662 est,
2693 1594 2860 1648 Nemo
2885 1595 3123 1665 gaudium
3152 1605 3370 1649 vestrum
3397 1594 3573 1648 tollet!

1978 1687 2240 1742 Pecunias
2267 1687 2312 1739 si
2341 1685 2556 1751 habeas,
2596 1685 2747 1739 multi
2788 1694 2933 1738 tuum
2971 1700 3036 1738 ex
3082 1684 3283 1738 divitiis
3318 1685 3570 1754 gaudium

1977 1776 2189 1831 auferre
2212 1785 2456 1845 possunt,
2487 1785 2540 1831 et
2565 1774 2650 1828 fur
2671 1775 2924 1844 parietem
2953 1773 3272 1843 perfodiens,
3299 1783 3351 1828 ct
3370 1774 3572 1828 credita

1977 1866 2280 1934 subripiens
2305 1880 2513 1932 servus,
2543 1873 2596 1920 et
2619 1864 2917 1934 Imperator
2937 1864 2987 1918 in
3012 1864 3196 1917 ﬁscum
3225 1864 3491 1933 redigens,
3518 1873 3573 1918 et

1979 1957 2186 2011 invidus
2212 1957 2372 2012 homo
2398 1957 2749 2012 calumnians.
2777 1957 2831 2011 Si
2863 1958 3151 2024 potentiam
3177 1955 3395 2021 habeas,
3418 1956 3571 2009 nmlti

1979 2057 2202 2117 possunt
2223 2058 2372 2102 tuum
2393 2063 2457 2101 ex
2484 2047 2585 2102 hoc
2604 2047 2854 2117 gaudium
2880 2048 3082 2102 tollere.
3110 2048 3239 2101 Cum
3262 2049 3403 2103 enim
3427 2047 3574 2117 prius

1977 2140 2183 2208 cipatus
2229 2139 2454 2203 ﬁnierit,
2488 2137 2731 2207 voluptas
2775 2153 2986 2206 quoque
3029 2138 3174 2192 ﬁniet
3205 2155 3219 2190 :
3248 2138 3373 2207 quin
3417 2146 3473 2192 ct
3519 2138 3570 2190 in

1979 2230 2094 2298 ipso
2134 2220 2434 2299 principatu
2483 2229 2665 2282 multa:
2712 2243 2800 2283 res
2847 2229 3186 2295 accidentes,
3229 2228 3573 2283 difﬁcultates

1980 2318 2239 2375 habentes
2263 2329 2315 2373 et
2340 2333 2529 2384 curas,
2555 2318 2793 2373 lmtitiam
2827 2326 2967 2371 tuam
2999 2319 3317 2373 diminuunt.
3367 2320 3422 2374 Si
3452 2334 3573 2374 cor:

1980 2412 2126 2480 poris
2173 2412 2335 2466 robur
2383 2410 2600 2475 habeas,
2643 2410 2860 2462 morbus
2907 2411 3290 2478 superveniens
3333 2409 3575 2486 dissolvit

1980 2503 2104 2557 inde
2128 2511 2296 2557 ortam
2325 2502 2564 2556 laetitiam
2589 2519 2603 2554 :
2624 2501 2669 2555 si
2693 2499 3135 2569 pulchritudinem
3160 2501 3353 2556 habeas
3374 2512 3424 2557 et
3447 2489 3570 2571 spc-

1979 2596 2149 2661 ciem,
2192 2606 2440 2650 senectus
2481 2595 2865 2665 superveniens
2912 2596 3176 2659 tabefecit,
3229 2606 3280 2650 et
3322 2597 3572 2666 gaudium

1980 2688 2234 2742 abstulit:
2265 2689 2308 2742 si
2350 2703 2532 2742 mensa
2577 2688 2769 2742 fruaris
2807 2689 2946 2742 lauta
2971 2730 2985 2755 ,
3015 2704 3237 2758 vespere
3280 2700 3574 2760 occupanto

1982 2781 2154 2835 soluta
2173 2789 2256 2835 est
2273 2781 2498 2834 convivii
2522 2781 2728 2837 lmtitia.
2750 2780 2948 2835 Rerum
2974 2783 3114 2836 enim
3143 2782 3396 2852 qmelibet
3422 2799 3576 2837 mun-

1981 2869 2239 2924 danarum
2281 2869 2515 2924 infestari
2561 2869 2714 2924 facile
2757 2879 2954 2939 potest,
2990 2887 3086 2926 nec
3129 2873 3370 2930 stabilem
3420 2873 3576 2928 nobis

1982 2961 2307 3028 voluptatem
2329 2959 2500 3025 aﬁert,
2526 2961 2692 3029 pietas
2715 2969 2890 3015 autem
2917 2971 2968 3015 et
2989 2962 3150 3015 animi
3175 2962 3341 3016 virtus
3368 2973 3574 3018 contra.

1983 3050 2389 3122 Eleemosynam
2420 3052 2464 3104 si
2494 3050 2714 3117 feceris,
2749 3053 2998 3106 meritum
3026 3052 3238 3108 auferre
3267 3038 3442 3124 potest
3477 3071 3576 3109 nc-

1985 3155 2074 3195 mo
2107 3158 2120 3193 :
2154 3141 2264 3195 sive
2289 3141 2575 3206 exercitus,
2596 3141 2708 3195 sive
2737 3157 2911 3211 reges,
2936 3143 3049 3197 sive
3070 3143 3258 3198 inﬁniti
3287 3144 3580 3198 ealumnia~

1987 3239 2131 3285 tores
2152 3240 2205 3286 et
2235 3231 2568 3285 insidiatores
2600 3232 2797 3286 instent
2818 3233 3069 3302 undique,
3099 3233 3149 3286 in
3188 3234 3333 3288 cadis
3367 3237 3578 3305 reposis

1988 3330 2094 3374 tam
2129 3322 2521 3390 possessionem
2549 3321 2760 3377 auferre
2799 3338 2904 3377 non
2943 3335 3184 3391 possunt,
3219 3326 3313 3380 sed
3345 3342 3579 3395 perenne

1987 3421 2264 3480 permanet
2288 3411 2559 3481 gaudium.
2602 3411 2852 3481 Dispersit
2878 3415 3042 3475 enim,
3071 3415 3260 3483 inquit,
3284 3416 3418 3468 dedit
3448 3433 3581 3487 pau-

1989 3500 2210 3569 peribus,
2236 3500 2432 3568 iustitia
2456 3503 2567 3572 ejus
2594 3497 2760 3555 manet
2788 3503 2841 3555 in
2868 3505 3110 3556 swcnlum
3142 3503 3313 3577 (Psal.
3345 3507 3468 3561 111.
3499 3507 3573 3577 9).

1988 3589 2100 3645 Nec
2141 3592 2406 3646 immerito
2439 3610 2451 3645 :
2486 3592 2537 3645 in
2578 3592 2831 3646 catlorum
2878 3594 3019 3647 enim
3073 3596 3304 3649 cellariis
3348 3599 3580 3666 reposita

1989 3691 2144 3745 sunt,
2171 3681 2258 3734 ubi
2290 3681 2373 3735 fur
2402 3698 2506 3735 non
2535 3682 2785 3750 perfodit,
2820 3683 2956 3737 latro
2984 3700 3088 3738 non
3117 3686 3271 3748 tollit,
3306 3688 3443 3742 tinea
3473 3705 3578 3742 non

1990 3773 2257 3826 consumit
2282 3771 2495 3851 {Matt/1.
2525 3773 2576 3827 6.
2607 3772 2724 3843 20).
2771 3774 2824 3827 Si
2858 3789 3043 3843 preces
3071 3775 3271 3832 foderis
3299 3779 3584 3835 continuas

1989 3872 2043 3917 et
2070 3865 2319 3927 intentas,
2343 3879 2529 3918 earum
2562 3863 2790 3918 fructum
2813 3864 3025 3919 auferre
3053 3867 3247 3935 poterit
3275 3883 3432 3922 nemo
3457 3884 3472 3922 :
3497 3870 3582 3923 hic

1990 3956 2184 4010 etenim
2208 3954 2409 4008 fructus
2434 3956 2484 4008 in
2507 3955 2640 4008 cado
2662 3955 2927 4008 radicatus
2949 3965 3050 4022 est,
3066 3957 3133 4010 ab
3151 3958 3295 4011 omni
3317 3960 3582 4013 calumnia

1991 4047 2147 4111 liber,
2175 4057 2230 4101 et
2263 4061 2578 4114 permanens
2621 4047 3065 4117 inexpugnabilis.
3113 4049 3167 4102 Si
3211 4051 3347 4105 male
3396 4068 3584 4120 passus

1991 4139 2347 4205 benefeceris,
2383 4140 2424 4193 si
2453 4139 2751 4194 maledicus
2778 4141 3055 4196 lacessitus
3085 4143 3348 4214 patienter
3374 4144 3580 4208 tuleris.

1991 4231 2036 4284 si
2063 4231 2316 4284 conviciis
2355 4231 2574 4284 allectus
2616 4231 2952 4285 benedixeris
2982 4249 2995 4284 :
3030 4231 3146 4287 haec
3171 4235 3359 4288 merita
3388 4250 3580 4306 perpe—

1994 4331 2083 4377 tuo
2113 4331 2362 4389 manent,
2395 4331 2450 4378 et
2478 4334 2648 4377 ortam
2683 4340 2746 4377 ex
2775 4325 2856 4378 his
2888 4326 3125 4379 lanitium
3152 4326 3359 4381 auferet
3385 4345 3545 4384 nemo
3572 4374 3582 4393 .

1993 4413 2086 4466 sed
2110 4413 2546 4481 quotiescumque
2577 4413 2810 4481 ipsorum
2838 4416 3151 4470 recordatus
3176 4416 3361 4479 fueris,
3384 4420 3586 4488 gaudes

1994 4513 2047 4557 et
2075 4503 2273 4558 laetaris
2301 4511 2354 4556 et
2379 4504 2543 4556 multa
2576 4504 2768 4558 frueris
2797 4507 3083 4574 voluptate.
3135 4508 3226 4563 Sic
3271 4512 3507 4579 profecto
3537 4525 3584 4567 et

1996 4595 2175 4663 fugere
2217 4595 2581 4663 juramentum
2623 4595 2668 4649 si
2713 4598 3126 4666 praevaleamus,
3161 4610 3214 4654 et
3244 4601 3310 4654 ab
3337 4601 3435 4656 hac
3460 4618 3592 4656 cona

1997 4685 2274 4738 suetudine
2302 4685 2599 4753 perniciosa
2629 4685 2898 4741 abstinere
2929 4688 3120 4758 lingum
3150 4701 3348 4745 nostra:
3371 4693 3588 4746 studea-

1996 4789 2113 4827 nms
2140 4816 2153 4840 ,
2197 4775 2369 4828 meriti
2390 4775 2612 4850 quidem
2666 4777 2814 4829 labor
2855 4777 3000 4831 brevi
3045 4780 3370 4846 absolvetur,
3407 4783 3588 4837 lzsti;ia

1999 4881 2127 4919 vero
2154 4867 2328 4918 meriti
2357 4865 2556 4935 jugiter
2583 4867 2685 4919 erit
2711 4876 2762 4920 et
2790 4867 3169 4922 indesinenter.
3203 4871 3465 4925 Cmterttm
3495 4887 3592 4924 vos

1998 4965 2052 5009 et
2079 4955 2302 5008 aliorum
2335 4965 2691 5024 praeceptores
2714 4972 2833 5011 esse
2861 4968 3071 5026 oportet
3091 4969 3144 5013 ct
3167 4949 3348 5026 duces,
3379 4971 3432 5014 et
3459 4962 3593 5014 ami-

1998 5060 2089 5098 cos
2112 5046 2356 5114 proximi,
2379 5061 2564 5100 servos
2584 5057 2761 5102 autem
2783 5051 3046 5115 conservi,
3072 5051 3362 5118 etjmencs
3379 5068 3591 5107 eoa-vos

1997 5138 2286 5204 suscipere,
2309 5137 2586 5192 instituere
2611 5148 2664 5192 et
2692 5139 2941 5194 inducere
2963 5140 3176 5195 debent.
3208 5141 3392 5196 Nonne
3410 5143 3454 5196 si
3474 5144 3594 5213 quis

2000 5228 2091 5280 tibi
2126 5245 2344 5282 aureum
2392 5245 2554 5282 unum
2599 5246 2696 5298 pro
2740 5232 2962 5302 singulis
3004 5234 3304 5288 hominibus
3335 5239 3594 5291 correctis

2001 5319 2353 5385 promisiSset,
2397 5336 2556 5374 omne
2599 5323 2830 5375 studium
2873 5323 3230 5388 adhibuisses,
3265 5337 3316 5379 et
3345 5329 3594 5381 ﬂSSIlIUlIS

2004 5408 2303 5462 adstitisses
2335 5412 2663 5479 persuadens
2705 5422 2758 5466 et
2791 5413 3118 5467 exhortans?
3163 5416 3310 5470 Nunc
3334 5434 3461 5470 vero
3487 5435 3594 5472 non

1999 5515 2220 5553 aureum
2250 5517 2434 5568 unum,
2467 5519 2639 5572 neque
2674 5503 2887 5566 decem.
2919 5522 3089 5575 neque
3118 5509 3325 5577 viginti,
3360 5511 3439 5563 vel
3467 5527 3592 5564 cem

2003 5598 2134 5653 tum,
2166 5591 2249 5644 vel
2271 5592 2438 5656 mille,
2465 5609 2640 5663 neque
2669 5604 2831 5648 totam
2863 5597 3002 5650 Deus
3031 5608 3225 5651 terram
3252 5601 3344 5653 tibi
3373 5601 3591 5668 pollice¢

2003 5690 2088 5735 tur
2120 5681 2170 5734 in
2198 5682 2393 5736 horum
2424 5683 2665 5738 laborum
2697 5686 3104 5742 retributionem
3132 5728 3146 5751 ,
3179 5689 3272 5744 sed
3299 5675 3438 5757 quod
3463 5690 3595 5743 orbe

2003 5782 2114 5826 toto
2157 5775 2329 5844 majus
2369 5785 2470 5836 est.
2515 5777 2614 5830 hoc
2657 5776 2748 5832 tibi
2793 5782 3012 5850 prmbet,
3047 5783 3301 5836 crelornm
3329 5798 3552 5854 regnum
3587 5799 3601 5832 τ

3149 5876 3208 5932 ιι
