4232 6320
663 439 751 496 171

664 569 764 609 nec
790 551 891 606 hoc
910 546 1107 612 solum,
1124 559 1308 599 vernn»
1336 551 1387 597 et
1408 537 1549 594 aliud
1571 536 1903 607 praeterhac.
1934 530 2102 600 Quale
2124 544 2253 583 vero

662 642 801 697 hoc?
844 638 945 705 Qui
986 636 1154 699 educit
1197 633 1470 706 pretiosum
1512 646 1543 682 a
1578 627 1685 692 vili,
1718 627 1844 679 sicut
1878 638 1934 675 os
1964 636 2129 674 meum
2154 621 2249 672 erit

663 734 796 802 (λιν.
819 730 906 786 15.
930 728 1045 795 19),
1069 726 1257 796 inquit.
1284 722 1423 792 Quid
1447 721 1571 776 huic
1596 726 1776 789 posset
1793 729 1914 770 ρεέθ
1942 727 2035 782 par
2058 708 2124 764 ad
2156 709 2251 773 lu;-

671 822 820 879 nnris
849 832 901 875 et
933 817 1236 875 securitatis
1263 812 1563 870 rationem?
1603 809 1731 878 Quae
1756 821 1885 860 vero
1912 802 2066 857 nobis
2086 814 2252 856 excu-

664 916 801 971 satio
825 923 883 971 et
906 913 1061 969 venia
1091 921 1210 981 post
1233 916 1429 962 tantam
1458 901 1867 976 promissionem
1892 895 2252 966 proximorum

665 1007 890 1061 salutem
918 1000 1307 1075 negligentibus
1333 1012 1451 1054 esse
1481 992 1688 1048 valeat?
1715 990 1794 1045 Tu
1824 1003 1953 1043 vero
1979 988 2024 1041 si
2053 998 2255 1041 emcum

668 1098 881 1169 quidem
932 1097 989 1151 in,
1032 1093 1335 1166 voraginem
1382 1086 1716 1143 decidentem
1757 1080 1985 1143 videris,
2037 1090 2254 1131 manum

673 1168 917 1262 porrigis,
949 1199 1002 1243 et
1041 1187 1313 1255 indignum
1354 1195 1473 1236 esse
1518 1188 1695 1249 putas,
1728 1182 2036 1244 pereuntem
2058 1168 2262 1262 *despi-

671 1261 827 1345 cere;
860 1279 1042 1334 videns
1064 1285 1237 1331 autem
1262 1272 1499 1344 quotidie
1522 1282 1708 1323 omnes
1731 1262 2050 1335 praecipitari
2072 1261 2261 1319 fratres

676 1372 729 1427 in
760 1370 1053 1440 improbam
1072 1367 1499 1437 juramentorum
1528 1357 1991 1416 consuetudinem,
2016 1366 2116 1407 nec
2139 1364 2263 1404 ver-

677 1464 802 1518 bum
833 1460 998 1516 audes
1030 1457 1302 1529 proferre?
1331 1454 1439 1511 Sed
1466 1450 1645 1547 dixisti
1667 1448 1859 1514 semel,
1890 1455 1943 1501 et
1971 1460 2076 1498 non
2105 1440 2262 1541 audi-

678 1557 752 1609 vit
776 1572 789 1609 :
814 1554 897 1608 die
924 1552 1079 1622 igitur
1109 1551 1190 1604 bis
1215 1557 1269 1602 et
1301 1556 1403 1613 ter,
1429 1530 1485 1600 ei
1509 1542 1689 1607 toties,
1710 1540 1884 1595 donec
1914 1530 2261 1606 persuaseris.

677 1645 840 1701 Nobis
885 1641 1122 1714 quotidie
1166 1638 1403 1709 loquitur
1445 1636 1604 1697 Dens,
1634 1642 1689 1689 et
1717 1645 1822 1686 non
1852 1626 2133 1688 audimus,
2159 1635 2263 1714 nec

679 1738 875 1806 alloqui
904 1712 1112 1789 desistit
1142 1751 1157 1786 :
1191 1731 1328 1785 hanc
1360 1740 1413 1781 tu
1444 1740 1656 1797 quoque
1683 1736 1866 1779 curam
1894 1718 2103 1773 imitare
2122 1712 2265 1769 circa

683 1828 1006 1898 proximum.
1040 1824 1322 1892 Propterea
1361 1818 1628 1887 conjuncti
1670 1816 1808 1869 inter
1846 1824 1943 1866 nos
1975 1819 2180 1867 sumus,
2214 1811 2269 1858 et

704 1901 2905 1952 _________________________________

1399 428 1455 483 S.
1497 421 1774 483 JOANNIS
1810 413 2285 475 CliliYSOSTOMI
2325 415 2645 471 ARCHIEP.
2685 416 3223 475 CONSTANTINOP.

3844 416 3951 470 172

2360 532 2523 588 urbes
2552 532 2849 589 habitamus
2875 548 2929 591 et
2954 535 3005 590 in
3034 534 3275 591 ecclesiis
3297 547 3705 605 cOngi-egamur,
3730 542 3789 586 nt
3812 533 3953 587 alter

2357 627 2577 681 alterius
2601 643 2759 682 onera
2793 638 3083 695 portemus,
3106 638 3162 681 nt
3190 627 3323 681 alter
3344 627 3562 682 alterius
3589 634 3805 696 peccata
3826 639 3954 679 coro

2359 721 2613 788 rigamus.
2649 719 2714 773 Et
2742 720 2877 773 sicut
2903 720 3049 773 multi
3079 717 3321 773 eamdem
3344 717 3614 773 ofﬁcinam
3647 719 3954 773 habitantes

2363 811 2608 867 homines
2636 810 2943 866 diﬂ‘ercnter
2971 810 3186 881 quidem
3218 812 3583 878 negotiantur,
3614 810 3796 866 omnia
3824 826 3958 864 vero

2363 902 2416 958 in
2439 918 2725 958 commune
2751 913 3015 974 reponunt
3042 920 3056 956 :
3083 904 3161 959 sic
3200 902 3441 973 profecto
3478 913 3531 958 et
3571 918 3671 958 nos
3709 918 3954 973 agamus.

2363 995 2723 1063 Quaecumque
2766 993 2904 1048 bona
2940 994 3165 1064 quisque
3193 994 3438 1049 conferre
3477 1003 3657 1061 potest
3683 993 3956 1061 proximo,

2365 1102 2431 1141 ne
2453 1086 2626 1157 pigeat
2644 1100 2786 1147 eum,
2812 1100 2987 1152 neque
3006 1085 3245 1150 differat;
3276 1084 3370 1139 sed
3393 1083 3483 1138 ﬂat
3504 1085 3793 1154 negotiatio
3812 1099 3957 1154 qua-.-

2365 1177 2527 1243 dam,
2574 1185 2629 1230 et
2677 1177 2797 1229 talis
2844 1176 3059 1230 collatio
3103 1175 3416 1244 spiritualis,
3467 1184 3529 1229 ut
3573 1176 3625 1228 in
3670 1183 3961 1230 commune

2366 1270 2545 1325 omnia
2570 1268 2923 1339 deponentes,
2951 1277 3007 1323 et
3045 1268 3240 1322 multas
3277 1267 3455 1337 adepti
3491 1267 3725 1333 divitias,
3755 1275 3812 1322 et
3838 1281 3960 1321 ma-

2367 1359 2531 1430 gnum
2557 1361 2871 1430 consequuti
2911 1359 3242 1425 thesaurum,
3270 1360 3627 1415 communiter
3651 1374 3841 1414 omnes
3866 1373 3962 1414 re-

2368 1469 2529 1524 gnum
2552 1467 2901 1523 assequamur
2929 1451 3205 1516 cmlorum,
3239 1452 3406 1521 gratia
3427 1461 3477 1506 et
3500 1451 3831 1521 benignitate
3859 1451 3965 1504 Do—

2372 1545 2501 1600 mini
2529 1546 2695 1599 nostri
2736 1544 2861 1599 lesn
2900 1542 3121 1607 Christi,
3153 1558 3250 1613 per
3275 1557 3432 1611 quem
3462 1551 3655 1596 etcum
3685 1556 3793 1611 quo
3819 1541 3964 1595 Patri

2371 1635 2542 1706 gloria
2562 1677 2578 1702 ,
2611 1634 2769 1689 simul
2795 1644 2849 1689 et
2876 1642 3062 1688 sancto
3092 1633 3338 1702 Spiritui,
3370 1646 3512 1688 nunc
3546 1642 3601 1688 et
3642 1646 3882 1702 semper,
3910 1643 3967 1690 et

2374 1725 2427 1781 in
2456 1726 2649 1782 smcula
2678 1725 3017 1781 saeculorum.
3042 1726 3233 1779 Amen.

2909 1902 3119 1917 ﬂ

691 2030 755 2073 ιι(
788 2026 1216 2073 uaetsrnarus
1249 2025 1327 2068 an
1369 2015 1778 2064 IMPERATORI!
1819 2006 2179 2055 Τιιεουοειο
2218 2001 2456 2055 mssos,
2486 1994 2891 2042 ELLt-zntcnuu
2925 1992 3295 2037 MAGISTRUM
3331 1992 3633 2045 inurunt,
3663 1992 3745 2035 ur
3778 1992 3979 2036 causa.-

784 2125 940 2167 MUM
987 2121 1355 2166 nacrsrncu
1402 2100 1512 2183 (α),
1604 2115 1687 2159 an
1729 2103 2329 2155 PMBVARICATOBUII
2372 2094 2852 2154 [NQUISXTIONEM
2921 2093 3202 2137 nomen
3250 2093 3636 2137 STATUARUM
3680 2092 3971 2136 suuvau—i

785 2224 1011 2272 SYONEM
1022 2250 1035 2265 .

2201 2316 2472 2375 ὥάὲῖέὲἑὲ)

1274 2471 1487 2513 ΠΟΜΙΙΛΔ
1528 2469 1652 2507 XVII.

762 2561 811 2614 1.
845 2556 1152 2628 Opportune
1181 2564 1368 2603 omnes
1400 2545 1557 2600 hodie
1579 2541 1735 2596 simul
1758 2536 2147 2598 concinnimus,
2167 2530 2275 2616 ,Βε-

686 2624 911 2706 nedictui
931 2624 1184 2701 Dominus
1214 2642 1347 2695 Deus
1378 2638 1563 2700 Israel,
1590 2634 1675 2705 qui
1705 2633 1825 2704 facit
1854 2628 2105 2683 mirabilia
2133 2624 2271 2680 solus

686 2742 857 2814 (Psal.
882 2742 970 2795 7l.
1000 2736 1108 2810 18).
1156 2734 1367 2789 Etenim
1403 2727 1645 2784 miranda
1684 2733 1738 2780 et
1772 2722 2076 2792 Opinionem
2113 2730 2273 2814 exce—

688 2807 868 2888 dentia
896 2830 1032 2886 facta
1055 2807 1177 2882 sunt
1204 2822 1413 2892 negotia
1445 2838 1458 2872 :
1489 2818 1675 2873 urbem
1722 2822 1885 2868 totam
1927 2821 1981 2865 et
2025 2807 2275 2879 pupulum

690 2932 893 2980 tantum
910 2922 1019 2992 jam
1046 2913 1517 2986 submergendum,
1542 2919 1596 2965 et
1616 2907 1715 2963 sub
1740 2906 1912 2959 undas
1941 2900 2201 2973 agendum
2224 2909 2278 2954 et

687 3012 1012 3086 perdendum
1046 3008 1283 3064 funditus
1314 3004 1492 3059 statim
1519 3042 1534 3067 ,
1577 3014 1685 3053 uno
1715 2993 1972 3064 temporis
2000 2998 2276 3045 momento

686 3105 755 3158 ab
778 3102 925 3158 omni
962 3097 1237 3166 naufragio
1268 3092 1530 3149 liberavit.
1581 3088 1792 3144 Gratias
1831 3086 1990 3154 igitur
2028 3096 2274 3151 agamus,

693 3208 798 3248 non
825 3200 1029 3246 tantum
1058 3187 1308 3259 quoniam
1341 3189 1710 3251 tempestatem
1738 3175 1966 3239 sedavit,
1992 3172 2085 3227 sed
2116 3170 2277 3225 etiam

686 3284 939 3354 quoniam
976 3281 1145 3350 ipsam
1169 3276 1280 3331 lieri
1310 3273 1551 3345 permisit
1581 3288 1595 3325 :
1624 3285 1729 3323 non
1781 3275 1981 3321 tantum
2027 3262 2277 3332 quoniam

691 3374 966 3443 naufragio
989 3386 1085 3426 nos
1113 3368 1372 3431 liberavit,
1404 3364 1497 3419 sed
1523 3362 1681 3417 etiam
1710 3357 1852 3428 quod
1876 3358 1929 3410 in
1953 3363 2149 3410 tantam
2181 3368 2279 3408 nos

689 3464 988 3535 angustiam
1018 3461 1211 3516 cadere
1236 3455 1515 3528 permisit,
1558 3461 1612 3507 et
1659 3456 1954 3504 extremum
1986 3443 2279 3514 periculum

690 3534 845 3611 nobis
872 3553 1173 3609 imminere.
1205 3549 1292 3604 Sic
1319 3554 1373 3601 et
1399 3543 1591 3599 Paulus
1618 3541 1670 3594 in
1700 3538 1947 3593 omnibus
1975 3534 2133 3604 jussit
2159 3548 2278 3602 gra-

692 3650 789 3703 tias
831 3662 1010 3715 agere.
1050 3643 1183 3697 Cum
1216 3653 1343 3692 vero
1384 3636 1546 3689 dicit:
1585 3632 1644 3685 In
1676 3631 1906 3684 omnibus
1932 3626 2123 3696 gratias
2150 3624 2279 3694 agite

690 3742 768 3811 (1.
792 3738 971 3793 Thess.
1000 3737 1052 3791 5.
1087 3736 1173 3805 IS)
1206 3751 1218 3785 :
1254 3732 1356 3784 hoc
1386 3728 1669 3797 signiﬁcat,
1704 3739 1808 3776 non
1842 3732 2045 3775 tantum
2074 3720 2125 3772 in
2152 3733 2278 3787 [ξι-εις

695 3830 838 3884 vium
868 3827 1151 3888 solutione,
1177 3837 1358 3876 verum
1387 3828 1440 3874 et
1469 3819 1519 3870 in
1551 3813 1821 3885 gravinm‘
1848 3820 2085 3878 tempore
2115 3825 2128 3860 :
2156 3821 2277 3860 nam

690 3921 1024 3993 Diligentibus
1052 3917 1216 3971 Deum
1242 3916 1409 3969 omnia
1433 3918 1765 3980 cooperantur
1796 3912 1849 3959 in
1880 3906 2063 3958 bonum
2103 3902 2277 3973 (Rom.

690 4016 743 4071 8.
772 4014 885 4083 28).
916 4011 1127 4066 Gratias
1153 4008 1248 4078 ipsi
1276 4019 1494 4075 agamus
1518 4011 1735 4071 pmpter
1758 3996 2104 4050 tentationnm
2126 3993 2283 4047 abso-

690 4105 966 4167 lationem,
1004 4111 1060 4157 et
1102 4100 1288 4152 harum
1317 4107 1601 4163 numquam
1624 4089 2004 4144 obliviscamur
2034 4104 2048 4139 :
2078 4084 2281 4139 oratio-

682 4196 847 4251 nibus
895 4204 1182 4255 vacemus,
1228 4180 1703 4255 sopplicationihus
1743 4176 2046 4240 continuis,
2100 4175 2280 4244 pietati

692 4289 892 4343 multae.
931 4283 1064 4339 Cum
1092 4298 1122 4335 a
1152 4277 1413 4350 principio
1438 4272 1615 4345 gravis
1641 4272 1831 4325 horum
1857 4268 2119 4323 malorum
2152 4282 2279 4337 pyra

692 4380 851 4434 fuerit
869 4390 1114 4437 accensa,
1131 4371 1374 4427 dicebam
1397 4382 1499 4420 non
1522 4378 1642 4418 esse
1661 4360 1918 4415 doctrinm
1941 4368 2165 4428 tempus,
2187 4356 2279 4412 sed

693 4470 991 4525 orationum
1023 4484 1035 4519 :
1065 4465 1177 4518 lzoc
1196 4459 1433 4531 profecto
1464 4466 1516 4510 et
1540 4468 1681 4509 nunc
1706 4461 1989 4521 postquam
2018 4449 2278 4502 exstincta

691 4574 773 4618 est
816 4561 957 4622 dico,
990 4571 1131 4612 nunc
1157 4553 1327 4622 magis
1362 4560 1572 4617 tempus
1602 4544 1902 4597 orationum
1932 4555 2050 4595 esse
2071 4581 2084 4604 ,
2118 4555 2277 4609 quam

695 4653 881 4724 prius:
908 4663 1047 4702 nunc
1070 4646 1299 4700 maxime
1326 4642 1677 4710 lacrymarum
1704 4644 1913 4700 tempus
1944 4641 1996 4685 et
2026 4645 2281 4699 compun-

692 4723 884 4799 Ctionis
924 4750 978 4794 et
1014 4738 1205 4793 animae
1234 4734 1407 4788 anxia,-
1438 4729 1698 4798 multique
1744 4723 1903 4779 studii
1946 4732 1999 4776 et
2040 4724 2277 4777 cautelaz.

691 4832 842 4892 Tunc
871 4844 1063 4899 nempe
1087 4828 1199 4897 ipsa
1227 4822 1624 4879 tribulationum
1651 4826 1837 4871 natura
1862 4814 1947 4867 vel
1970 4814 2162 4866 invitos
2184 4827 2281 4867 nos

693 4924 1014 4996 corrlpiebat
1042 4930 1096 4977 et
1117 4918 1388 4974 modestos
1419 4912 1664 4973 faciebat,
1699 4918 1752 4964 et
1779 4906 1842 4962 ad
1870 4905 2125 4975 majorem
2153 4920 2279 4975 age-

694 5020 785 5073 bat
826 5014 1212 5075 reverentiam;
1264 5022 1407 5062 nunc
1442 5013 1641 5066 autem,
1674 5001 1850 5055 ablato
1880 5000 2028 5053 freno
2056 5007 2112 5053 et
2141 4998 2282 5053 nube

696 5107 962 5181 praeterita
982 5149 994 5169 ,
1036 5103 1329 5159 timendum
1359 5116 1427 5154 ne
1450 5098 1514 5160 ad
1546 5106 1813 5167 torporem
1838 5094 2186 5156 declinemus,
2218 5108 2283 5145 ne

674 5200 972 5271 segniores
998 5195 1286 5252 reddantur
1307 5206 1516 5247 rursum
1545 5205 1608 5241 ex
1645 5186 1978 5247 remissione,
2012 5201 2078 5238 ne
2104 5184 2171 5238 de
2198 5199 2285 5237 no-

692 5294 775 5349 bis
800 5304 1014 5362 quoque
1050 5282 1310 5358 quispiam
1352 5282 1496 5341 dicat
1526 5299 1537 5334 :
1566 5277 1695 5335 Cum
1736 5276 1979 5330 occideret
2018 5292 2100 5329 eos
2121 5317 2134 5339 ,
2168 5285 2284 5327 tunc

757 5424 776 5489 ξ
811 5420 942 5489 AM
958 5425 1064 5469 san
1086 5415 1288 5489 ιςςίωτν

681 5524 689 5528 -
755 5466 1397 5546 (αῑτβὲἷιῖῖἐφίιιῗι..υοὶηυίι
1422 5466 2282 5546 935.3?“'3125‘???3904.329???

695 5558 725 5596 e
1121 5540 1299 5601 quibus
1331 5528 1980 5601 adst.ipu_latn_r_'rheodoret._
2005 5530 2282 5601 Magistrum

693 5588 1295 5663 ίιιίέιῐῖωᾶἷριίιιωᾟηοο
1324 5588 1479 5663 fuisse
1514 5593 1739 5663 intellige
1760 5593 1846 5663 qui
1872 5588 2162 5663 et'absolute
2187 5596 2281 5661 ata-

695 5672 848 5733 sister
871 5662 1160 5733 ινρειιεριιιιιε
1184 5660 1299 5711 licet
1316 5658 1588 5733 artesae
1610 5658 2281 5733 assartesieotsase

693 5710 925 5781 37.75am”
934 5710 1298 5775 re'tﬂlibeilornm
1312 5710 1707 5781 Graecorumiad
1719 5716 1996 5781 Magistrum
2017 5710 2281 5781 ofﬁciorum

694 5774 943 5900 agniti;
960 5774 1137 5851 palatii
1176 5782 1470 5848 pertinebat,
1493 5786 1545 5831 et
1564 5777 1749 5837 οίῦοἰὶδι
1778 5774 1828 5825 ίδ
1863 5781 1959 5835 θεῖν
1996 5774 2284 5825 mmmam

704 5862 890 5900 Drael'a
916 5883 929 5895 ο

704 5862 929 5915 praeerat.

2381 2431 2666 2499 quarebant
2706 2445 2817 2482 eum
2840 2466 2853 2490 ,
2886 2437 2932 2481 et
2976 2428 3363 2491 reret'tt‘bantur,
3392 2436 3438 2479 et
3464 2424 3688 2478 diluculo
3715 2423 3975 2479 veniebant

2382 2521 2450 2573 ad
2488 2518 2652 2573 Deum
2698 2517 2879 2584 (I’sal.
2907 2517 2995 2570 77.
3018 2516 3136 2586 51).
3161 2515 3285 2571 Ideo
3324 2515 3499 2570 Moses
3536 2514 3750 2570 Judmos
3788 2518 3972 2570 admo-

2383 2614 2543 2668 nebat
2569 2612 2755 2666 dicens
2788 2628 2800 2663 :
2838 2607 3115 2678 Postquam
3143 2608 3417 2663 comederis
3443 2618 3488 2663 et
3516 2608 3715 2674 biberis,
3744 2618 3790 2662 et
3815 2608 3987 2679 {ueris

2382 2705 2623 2775 repletus,
2662 2701 2930 2756 recordare
2973 2699 3180 2772 Domini
3222 2698 3314 2753 Dei
3357 2701 3431 2752 tui
3455 2700 3634 2771 (Deut.
3664 2699 3829 2755 (5.12.
3860 2701 3976 2770 15).

2383 2796 2535 2851 Nunc
2575 2794 2840 2848 sincerum
2885 2792 3212 2861 propositum
3255 2778 3492 2845 vestrum
3538 2790 3820 2857 videbitur,
3849 2791 3894 2845 si
3925 2791 3978 2849 in

2382 2889 2569 2945 eadem
2617 2886 2919 2941 manseritis
2968 2886 3161 2954 pietate
3190 2901 3204 2937 :
3240 2885 3364 2937 tunc
3391 2883 3588 2953 quippe
3615 2882 3766 2937 multi
3797 2881 3979 2937 timori

2382 2989 2437 3037 et
2479 2980 2741 3035 malorum
2790 2977 3013 3031 illatioai
3052 2975 3288 3031 studium
3319 2986 3553 3031 vestrum
3581 2974 3948 3029 attribuebant

2384 3088 2524 3127 nunc
2549 3086 2676 3125 vero
2701 3085 2890 3139 purum
2919 3068 3021 3122 erit
3044 3068 3298 3121 meritum
3324 3075 3582 3131 vestrum,
3614 3066 3659 3120 si
3693 3065 3747 3119 in
3784 3063 3980 3120 eodem

2383 3162 2562 3216 studio
2602 3161 2977 3230 perinaneatis.
3027 3158 3289 3227 Quoniam
3316 3167 3369 3213 et
3399 3158 3653 3228 puerulus
3682 3156 3727 3210 si
3755 3156 3881 3210 dum
3908 3148 3983 3210 in.

2382 3256 2561 3325 aliquo
2592 3254 2765 3324 agitur
2793 3252 3083 3322 pmdagogo
3114 3251 3337 3307 terribili
3366 3292 3380 3313 ,
3409 3266 3530 3303 cum
3562 3248 3821 3303 modestia
3848 3249 3982 3303 vivit

2383 3356 2436 3402 ct
2466 3347 2891 3409 mansuetudine,
2926 3344 3056 3399 nihil
3096 3354 3177 3399 est
3218 3343 3538 3408 mirandum,
3568 3341 3664 3397 sed
3706 3340 3985 3413 pmdagogi

2386 3439 2563 3492 timori
2594 3438 2740 3507 pueri
2774 3436 3089 3490 modestiam
3119 3437 3418 3489 attribuunt
3445 3446 3664 3498 omnes;
3696 3442 3815 3487 Cum
3848 3449 3986 3488 vero

2385 3530 2625 3599 deposita
2648 3528 2966 3583 necessitate
2992 3526 3082 3580 ille
3110 3528 3162 3580 in
3186 3527 3371 3581 eadem
3397 3529 3652 3581 manserit
3672 3524 3982 3590 honesmte,

2361 3630 2512 3676 'tunc
2532 3630 2599 3675 .et
2622 3635 2782 3689 quam
2812 3619 2994 3673 habuit
3024 3620 3074 3671 in
3106 3619 3281 3687 priore
3311 3625 3469 3671 aetate
3500 3615 3844 3680 modestiam,
3875 3616 3985 3685 ipsi

2383 3726 2569 3766 omnes
2597 3710 2925 3766 adscribunt.
2954 3709 3067 3763 lloc
3087 3718 3139 3762 et
3161 3723 3259 3762 nos
3288 3708 3470 3778 utique
3497 3708 3772 3769 faciamus,
3802 3707 3852 3760 in
3879 3721 3983 3761 ea-

2384 3802 2509 3857 dem
2539 3812 2814 3856 manentes
2843 3801 3164 3863 reverentia,
3196 3807 3253 3853 ut
3283 3807 3337 3853 et
3358 3799 3550 3868 prioris
3572 3798 3734 3851 studii
3763 3796 3981 3852 laudem

2386 3894 2603 3946 multam
2647 3908 2680 3946 a
2728 3893 2836 3947 Deo
2887 3892 3179 3960 capiamus.
3229 3890 3510 3945 innumera
3552 3890 3984 3958 exspectavimus

2388 3984 2525 4037 mala
2548 4025 2561 4049 ,
2593 3986 2830 4037 omnium
2863 3982 3187 4038 substantias
3217 3983 3485 4051 direptum
3529 3982 3591 4036 iri
3619 4024 3633 4048 ,
3676 3981 3983 4037 habitacula

2388 4093 2507 4130 cum
2540 4076 2898 4130 habitantibus
2925 4062 3282 4130 comburchda
3305 4116 3319 4139 ,
3349 4075 3620 4129 civitatem
3664 4073 3841 4127 medio
3876 4074 3984 4129 tol-

2387 4170 2695 4228 lendamcx
2727 4170 2877 4234 orbe,
2908 4178 2962 4223 ct
2992 4169 3158 4237 ipsius
3193 4168 3445 4238 reliquias
3472 4183 3660 4222 omnes
3693 4168 3980 4237 perituras,

2386 4270 2619 4316 aratrum
2664 4261 2829 4331 ipsius
2880 4272 3074 4316 terram
3120 4270 3522 4330 suscepturum;
3565 4262 3659 4315 sed
3700 4276 3827 4315 ecce
3857 4260 3983 4316 hate

2386 4353 2562 4407 omnia
2605 4355 2739 4408 intra
2783 4354 3237 4423 exspectationem
3289 4362 3491 4405 tantum
3533 4361 3818 4416 steterunt,
3844 4352 3981 4408 etin

2386 4459 2520 4512 opus
2546 4460 2648 4498 non
2674 4454 3066 4513 processerunt.
3097 4443 3204 4498 Nec
3228 4444 3330 4498 hoc
3350 4446 3520 4498 solum
3544 4453 3624 4498 est
3649 4444 3978 4513 mirandum,

2386 4538 2524 4606 quod
2550 4546 2751 4590 tantum
2777 4537 2993 4606 periculi
3018 4538 3156 4591 Deus
3176 4536 3412 4600 abstulit,
3432 4536 3527 4591 sed
3544 4539 3701 4590 etiam
3725 4538 3982 4607 quoniam

2387 4630 2593 4700 magnis
2615 4645 2712 4685 nos
2740 4624 2913 4684 a'llccit
2936 4630 3227 4696 beneﬁciis,
3256 4637 3310 4683 et
3336 4629 3603 4683 civitatem
3631 4637 3871 4683 nostram
3891 4643 3985 4683 or-

2388 4722 2571 4785 navit,
2616 4736 2819 4791 nosque
2849 4736 2942 4789 per
2968 4720 3480 4775 hanctentationem
3526 4728 3580 4773 ct
3618 4718 3982 4776 calamitatem

2390 4814 2721 4882 probatiores
2744 4811 2938 4866 effecit.
2970 4810 3086 4879 Quo
3108 4826 3235 4866 vero
3267 4820 3442 4880 pacto,
3475 4825 3574 4882 ego
3603 4809 3797 4865 dicam.

2460 4904 2704 4959 Munachi
2725 4921 2786 4959 ea:
2814 4904 3063 4958 montibus
3088 4903 3409 4957 Antiochiam
3429 4902 3758 4967 descendunt,
3782 4912 3835 4958 ut
3860 4904 3985 4959 civi-

2388 5001 2481 5050 tati
2508 4997 2703 5050 reniam
2740 4998 3023 5066 impetrent.
3052 5025 3123 5035 —
3152 4994 3286 5048 Nam
3314 4994 3527 5064 quando
3553 4994 3621 5049 ab
3651 4995 3985 5064 lmperalore

2389 5090 2534 5142 missi
2556 5089 2621 5142 ad
2633 5086 3039 5143 commissorum
3063 5085 3463 5155 inquisitionem
3486 5086 3826 5140 tremendum
3852 5087 3981 5141 illud

2388 5181 2715 5234 constituere
2747 5177 3004 5246 judicium
3024 5219 3040 5241 ,
3081 5190 3376 5246 omnesque
3403 5176 3469 5230 ad
3496 5176 3762 5232 scelerum
3796 5193 3986 5247 pinnas

2390 5271 2648 5324 vocabant
2674 5279 2729 5324 et
2754 5269 2896 5323 varia
2933 5267 3122 5321 mortis
3169 5266 3417 5322 omnibus
3461 5277 3577 5323 erat
3620 5271 3983 5339 exspectatio,

2394 5371 2518 5415 tunc
2545 5360 2773 5414 vertices
2801 5360 3060 5414 montium
3089 5357 3386 5412 habitantes
3406 5356 3678 5427 monachi,
3709 5362 3987 5433 propriam

2390 5455 2692 5510 exhibuere
2722 5452 3134 5523 philosophiam.
3163 5451 3403 5523 Namque
3433 5462 3511 5507 tot
3540 5454 3695 5508 annis
3717 5455 3768 5507 in
3796 5469 3986 5508 caver-

2392 5546 2475 5599 nis
2497 5545 2610 5599 suis
2626 5545 2881 5609 conclusi,
2900 5544 3116 5599 nemine
3136 5542 3453 5609 advocante,
3473 5545 3731 5599 suadente
3748 5545 3984 5612 nemine,

2393 5646 2677 5707 postquam
2701 5634 2891 5689 nubem
2920 5642 3122 5689 tantam
3148 5635 3419 5690 civitatem
3444 5636 3877 5691 circumstantem
3904 5636 3990 5691 vi-

2390 5729 2604 5794 derunt,
2638 5726 2974 5782 tabernacula
3005 5724 3395 5797 speluncasque
3436 5741 3559 5781 suas
3602 5726 3987 5798 derelinquen-

2395 5831 2496 5889 tes,
2519 5823 2750 5895 undique
2775 5818 3167 5888 conﬂuxerunt,
3185 5819 3332 5876 velut
3350 5818 3521 5893 angeli
3541 5818 3760 5896 quidam
3781 5818 3847 5876 de
3857 5820 3990 5879 calo
