  <div class='ocr_page' id='page_1' title='image "/cluster/home/n/w/nwhite01/storage/ocr_20150623/49/pst.000005712465/176.png"; bbox 0 0 4232 6320; ppageno 0'>
   <div class='ocr_carea' id='block_1_1' title="bbox 278 345 380 404">
    <p class='ocr_par' dir='ltr' id='par_1_1' title="bbox 278 345 380 404">
     <span class='ocr_line' id='line_1_1' title="bbox 278 345 380 404; baseline -0.029 0"><span class='ocrx_word' id='word_1_1' title='bbox 278 345 380 404; x_wconf 68' lang='lat'><strong>175</strong></span> 
     </span>
    </p>
   </div>
   <div class='ocr_carea' id='block_1_2' title="bbox 276 443 1864 528">
    <p class='ocr_par' dir='ltr' id='par_1_2' title="bbox 276 443 1864 528">
     <span class='ocr_line' id='line_1_2' title="bbox 276 443 1864 528; baseline -0.008 -16"><span class='ocrx_word' id='word_1_2' title='bbox 276 455 496 528; x_wconf 82' lang='lat' dir='ltr'><strong>profecti</strong></span> <span class='ocrx_word' id='word_1_3' title='bbox 529 469 546 507; x_wconf 83' lang='lat'><em>;</em></span> <span class='ocrx_word' id='word_1_4' title='bbox 573 460 629 508; x_wconf 91' lang='lat' dir='ltr'><strong>et</strong></span> <span class='ocrx_word' id='word_1_5' title='bbox 654 457 772 507; x_wconf 87' lang='lat' dir='ltr'><strong>erat</strong></span> <span class='ocrx_word' id='word_1_6' title='bbox 790 463 1012 505; x_wconf 90' lang='lat' dir='ltr'><strong>cernere</strong></span> <span class='ocrx_word' id='word_1_7' title='bbox 1041 457 1168 502; x_wconf 90' lang='lat' dir='ltr'><strong>tune</strong></span> <span class='ocrx_word' id='word_1_8' title='bbox 1191 447 1458 502; x_wconf 88' lang='lat' dir='ltr'><strong>civitatem</strong></span> <span class='ocrx_word' id='word_1_9' title='bbox 1485 444 1713 500; x_wconf 85' lang='lat' dir='ltr'><strong>similem</strong></span> <span class='ocrx_word' id='word_1_10' title='bbox 1740 443 1864 500; x_wconf 80' lang='lat' dir='ltr'><strong>ted-</strong></span> 
     </span>
    </p>
   </div>
   <div class='ocr_carea' id='block_1_3' title="bbox 278 538 1869 614">
    <p class='ocr_par' dir='ltr' id='par_1_3' title="bbox 278 538 1869 614">
     <span class='ocr_line' id='line_1_3' title="bbox 278 538 1869 614; baseline -0.009 -8"><span class='ocrx_word' id='word_1_11' title='bbox 278 552 442 606; x_wconf 89' lang='lat' dir='ltr'><strong>ditam</strong></span> <span class='ocrx_word' id='word_1_12' title='bbox 467 546 622 611; x_wconf 66' lang='lat' dir='ltr'><strong>calo,</strong></span> <span class='ocrx_word' id='word_1_13' title='bbox 653 560 775 600; x_wconf 91' lang='lat' dir='ltr'><strong>cum</strong></span> <span class='ocrx_word' id='word_1_14' title='bbox 806 543 1001 614; x_wconf 91' lang='lat' dir='ltr'><strong>ubique</strong></span> <span class='ocrx_word' id='word_1_15' title='bbox 1024 551 1368 598; x_wconf 87' lang='lat' dir='ltr'><strong>occurrerent</strong></span> <span class='ocrx_word' id='word_1_16' title='bbox 1389 539 1465 594; x_wconf 90' lang='lat' dir='ltr'><strong>illi</strong></span> <span class='ocrx_word' id='word_1_17' title='bbox 1492 538 1662 602; x_wconf 83' lang='lat' dir='ltr'><strong>sancti</strong></span> <span class='ocrx_word' id='word_1_18' title='bbox 1691 539 1774 593; x_wconf 92' lang='lat' dir='ltr'><strong>vel</strong></span> <span class='ocrx_word' id='word_1_19' title='bbox 1803 552 1869 592; x_wconf 83' lang='lat' dir='ltr'><strong>ex</strong></span> 
     </span>
    </p>
   </div>
   <div class='ocr_carea' id='block_1_4' title="bbox 278 628 1870 710">
    <p class='ocr_par' dir='ltr' id='par_1_4' title="bbox 278 628 1870 710">
     <span class='ocr_line' id='line_1_4' title="bbox 278 628 1870 710; baseline -0.009 -13"><span class='ocrx_word' id='word_1_20' title='bbox 278 647 501 710; x_wconf 82' lang='lat' dir='ltr'><strong>aspectu</strong></span> <span class='ocrx_word' id='word_1_21' title='bbox 519 638 636 692; x_wconf 85' lang='lat' dir='ltr'><strong>solo</strong></span> <span class='ocrx_word' id='word_1_22' title='bbox 652 635 840 691; x_wconf 87' lang='lat' dir='ltr'><strong>dolore</strong></span> <span class='ocrx_word' id='word_1_23' title='bbox 865 648 1080 705; x_wconf 87' lang='lat' dir='ltr'><strong>pressos</strong></span> <span class='ocrx_word' id='word_1_24' title='bbox 1097 633 1460 695; x_wconf 71' lang='lat' dir='ltr'><strong>consolantes,</strong></span> <span class='ocrx_word' id='word_1_25' title='bbox 1484 640 1537 685; x_wconf 92' lang='lat' dir='ltr'><strong>et</strong></span> <span class='ocrx_word' id='word_1_26' title='bbox 1561 628 1628 684; x_wconf 90' lang='lat' dir='ltr'><strong>ad</strong></span> <span class='ocrx_word' id='word_1_27' title='bbox 1654 643 1870 684; x_wconf 89' lang='lat' dir='ltr'><strong>omnem</strong></span> 
     </span>
    </p>
   </div>
   <div class='ocr_carea' id='block_1_5' title="bbox 280 718 1873 795">
    <p class='ocr_par' dir='ltr' id='par_1_5' title="bbox 280 718 1873 795">
     <span class='ocr_line' id='line_1_5' title="bbox 280 718 1873 795; baseline -0.009 -8"><span class='ocrx_word' id='word_1_28' title='bbox 280 729 598 787; x_wconf 75' lang='lat' dir='ltr'><strong>calamitatis</strong></span> <span class='ocrx_word' id='word_1_29' title='bbox 635 735 1002 795; x_wconf 91' lang='lat' dir='ltr'><strong>contemptum</strong></span> <span class='ocrx_word' id='word_1_30' title='bbox 1041 723 1373 778; x_wconf 77' lang='lat' dir='ltr'><strong>indecentes.</strong></span> <span class='ocrx_word' id='word_1_31' title='bbox 1416 720 1548 788; x_wconf 87' lang='lat' dir='ltr'><strong>Quis</strong></span> <span class='ocrx_word' id='word_1_32' title='bbox 1583 719 1727 775; x_wconf 90' lang='lat' dir='ltr'><strong>enim</strong></span> <span class='ocrx_word' id='word_1_33' title='bbox 1754 718 1873 772; x_wconf 91' lang='lat' dir='ltr'><strong>illos</strong></span> 
     </span>
    </p>
   </div>
   <div class='ocr_carea' id='block_1_6' title="bbox 280 810 1876 890">
    <p class='ocr_par' dir='ltr' id='par_1_6' title="bbox 280 810 1876 890">
     <span class='ocr_line' id='line_1_6' title="bbox 280 810 1876 890; baseline -0.011 -12"><span class='ocrx_word' id='word_1_34' title='bbox 280 822 650 890; x_wconf 85' lang='lat' dir='ltr'><strong>cnnspieatus,</strong></span> <span class='ocrx_word' id='word_1_35' title='bbox 677 826 903 872; x_wconf 84' lang='lat' dir='ltr'><strong>mortem</strong></span> <span class='ocrx_word' id='word_1_36' title='bbox 932 818 1039 871; x_wconf 87' lang='lat' dir='ltr'><strong>non</strong></span> <span class='ocrx_word' id='word_1_37' title='bbox 1065 813 1340 869; x_wconf 87' lang='lat' dir='ltr'><strong>derisisset</strong></span> <span class='ocrx_word' id='word_1_38' title='bbox 1362 853 1376 876; x_wconf 88' lang='lat'><strong>,</strong></span> <span class='ocrx_word' id='word_1_39' title='bbox 1409 826 1515 865; x_wconf 92' lang='lat' dir='ltr'><strong>non</strong></span> <span class='ocrx_word' id='word_1_40' title='bbox 1543 810 1876 878; x_wconf 77' lang='lat' dir='ltr'><strong>despexisset</strong></span> 
     </span>
    </p>
   </div>
   <div class='ocr_carea' id='block_1_7' title="bbox 281 899 1879 971">
    <p class='ocr_par' dir='ltr' id='par_1_7' title="bbox 281 899 1879 971">
     <span class='ocr_line' id='line_1_7' title="bbox 281 899 1879 971; baseline -0.008 -5"><span class='ocrx_word' id='word_1_41' title='bbox 281 911 488 966; x_wconf 82' lang='lat' dir='ltr'><strong>vitam?</strong></span> <span class='ocrx_word' id='word_1_42' title='bbox 513 909 622 965; x_wconf 87' lang='lat' dir='ltr'><strong>Nec</strong></span> <span class='ocrx_word' id='word_1_43' title='bbox 641 910 742 963; x_wconf 90' lang='lat' dir='ltr'><strong>hoc</strong></span> <span class='ocrx_word' id='word_1_44' title='bbox 762 907 934 962; x_wconf 90' lang='lat' dir='ltr'><strong>solum</strong></span> <span class='ocrx_word' id='word_1_45' title='bbox 955 916 1070 961; x_wconf 88' lang='lat' dir='ltr'><strong>erat</strong></span> <span class='ocrx_word' id='word_1_46' title='bbox 1089 904 1350 969; x_wconf 84' lang='lat' dir='ltr'><strong>mirabile,</strong></span> <span class='ocrx_word' id='word_1_47' title='bbox 1369 903 1463 957; x_wconf 88' lang='lat' dir='ltr'><strong>sed</strong></span> <span class='ocrx_word' id='word_1_48' title='bbox 1484 901 1625 971; x_wconf 87' lang='lat' dir='ltr'><strong>quod</strong></span> <span class='ocrx_word' id='word_1_49' title='bbox 1647 899 1712 954; x_wconf 90' lang='lat' dir='ltr'><strong>ad</strong></span> <span class='ocrx_word' id='word_1_50' title='bbox 1734 899 1879 968; x_wconf 88' lang='lat' dir='ltr'><strong>prin-</strong></span> 
     </span>
    </p>
   </div>
   <div class='ocr_carea' id='block_1_8' title="bbox 281 993 1879 1073">
    <p class='ocr_par' dir='ltr' id='par_1_8' title="bbox 281 993 1879 1073">
     <span class='ocr_line' id='line_1_8' title="bbox 281 993 1879 1073; baseline -0.009 -14"><span class='ocrx_word' id='word_1_51' title='bbox 281 1005 436 1073; x_wconf 89' lang='lat' dir='ltr'><strong>cipes</strong></span> <span class='ocrx_word' id='word_1_52' title='bbox 475 1002 622 1072; x_wconf 88' lang='lat' dir='ltr'><strong>ipsos</strong></span> <span class='ocrx_word' id='word_1_53' title='bbox 665 999 983 1056; x_wconf 88' lang='lat' dir='ltr'><strong>accedentes</strong></span> <span class='ocrx_word' id='word_1_54' title='bbox 1020 1012 1141 1052; x_wconf 90' lang='lat' dir='ltr'><strong>eum</strong></span> <span class='ocrx_word' id='word_1_55' title='bbox 1183 995 1376 1050; x_wconf 90' lang='lat' dir='ltr'><strong>ﬁducia</strong></span> <span class='ocrx_word' id='word_1_56' title='bbox 1402 993 1754 1064; x_wconf 84' lang='lat' dir='ltr'><strong>loquebantur</strong></span> <span class='ocrx_word' id='word_1_57' title='bbox 1783 1005 1879 1061; x_wconf 91' lang='lat' dir='ltr'><strong>pro</strong></span> 
     </span>
    </p>
   </div>
   <div class='ocr_carea' id='block_1_9' title="bbox 286 1086 1881 1160">
    <p class='ocr_par' dir='ltr' id='par_1_9' title="bbox 286 1086 1881 1160">
     <span class='ocr_line' id='line_1_9' title="bbox 286 1086 1881 1160; baseline -0.009 -10"><span class='ocrx_word' id='word_1_58' title='bbox 286 1095 396 1150; x_wconf 87' lang='lat' dir='ltr'><strong>reis</strong></span> <span class='ocrx_word' id='word_1_59' title='bbox 416 1103 471 1149; x_wconf 91' lang='lat' dir='ltr'><strong>et</strong></span> <span class='ocrx_word' id='word_1_60' title='bbox 491 1107 681 1148; x_wconf 87' lang='lat' dir='ltr'><strong>omnes</strong></span> <span class='ocrx_word' id='word_1_61' title='bbox 701 1089 1012 1160; x_wconf 88' lang='lat' dir='ltr'><strong>sanguinem</strong></span> <span class='ocrx_word' id='word_1_62' title='bbox 1037 1087 1309 1143; x_wconf 77' lang='lat' dir='ltr'><strong>effundere</strong></span> <span class='ocrx_word' id='word_1_63' title='bbox 1330 1086 1497 1157; x_wconf 83' lang='lat' dir='ltr'><strong>parati</strong></span> <span class='ocrx_word' id='word_1_64' title='bbox 1518 1093 1690 1152; x_wconf 89' lang='lat' dir='ltr'><strong>erant,</strong></span> <span class='ocrx_word' id='word_1_65' title='bbox 1715 1091 1769 1138; x_wconf 91' lang='lat' dir='ltr'><strong>et</strong></span> <span class='ocrx_word' id='word_1_66' title='bbox 1788 1097 1881 1136; x_wconf 82' lang='lat' dir='ltr'><strong>ca-</strong></span> 
     </span>
    </p>
   </div>
   <div class='ocr_carea' id='block_1_10' title="bbox 293 1173 1881 1248">
    <p class='ocr_par' dir='ltr' id='par_1_10' title="bbox 293 1173 1881 1248">
     <span class='ocr_line' id='line_1_10' title="bbox 293 1173 1881 1248; baseline -0.002 -17"><span class='ocrx_word' id='word_1_67' title='bbox 293 1177 409 1248; x_wconf 84' lang='lat' dir='ltr'><strong>pita</strong></span> <span class='ocrx_word' id='word_1_68' title='bbox 425 1177 715 1246; x_wconf 85' lang='lat' dir='ltr'><strong>deponere,</strong></span> <span class='ocrx_word' id='word_1_69' title='bbox 734 1185 792 1228; x_wconf 90' lang='lat' dir='ltr'><strong>ut</strong></span> <span class='ocrx_word' id='word_1_70' title='bbox 804 1180 992 1244; x_wconf 88' lang='lat' dir='ltr'><strong>captos</strong></span> <span class='ocrx_word' id='word_1_71' title='bbox 1008 1173 1076 1227; x_wconf 88' lang='lat' dir='ltr'><strong>ab</strong></span> <span class='ocrx_word' id='word_1_72' title='bbox 1091 1174 1418 1243; x_wconf 80' lang='lat' dir='ltr'><strong>exspectatis</strong></span> <span class='ocrx_word' id='word_1_73' title='bbox 1436 1173 1881 1228; x_wconf 83' lang='lat' dir='ltr'><strong>tribulationibus</strong></span> 
     </span>
    </p>
   </div>
   <div class='ocr_carea' id='block_1_11' title="bbox 298 1265 1879 1335">
    <p class='ocr_par' dir='ltr' id='par_1_11' title="bbox 298 1265 1879 1335">
     <span class='ocr_line' id='line_1_11' title="bbox 298 1265 1879 1335; baseline -0.004 -13"><span class='ocrx_word' id='word_1_74' title='bbox 298 1269 604 1335; x_wconf 88' lang='lat' dir='ltr'><strong>eriperent:</strong></span> <span class='ocrx_word' id='word_1_75' title='bbox 627 1274 682 1320; x_wconf 90' lang='lat' dir='ltr'><strong>et</strong></span> <span class='ocrx_word' id='word_1_76' title='bbox 700 1265 1025 1323; x_wconf 78' lang='lat' dir='ltr'><strong>(lixernntse</strong></span> <span class='ocrx_word' id='word_1_77' title='bbox 1041 1279 1148 1319; x_wconf 90' lang='lat' dir='ltr'><strong>non</strong></span> <span class='ocrx_word' id='word_1_78' title='bbox 1173 1265 1324 1335; x_wconf 88' lang='lat' dir='ltr'><strong>prius</strong></span> <span class='ocrx_word' id='word_1_79' title='bbox 1349 1279 1691 1326; x_wconf 86' lang='lat' dir='ltr'><strong>recessuros.</strong></span> <span class='ocrx_word' id='word_1_80' title='bbox 1713 1279 1879 1333; x_wconf 89' lang='lat' dir='ltr'><strong>quam</strong></span> 
     </span>
    </p>
   </div>
   <div class='ocr_carea' id='block_1_12' title="bbox 292 1354 1880 1428">
    <p class='ocr_par' dir='ltr' id='par_1_12' title="bbox 292 1354 1880 1428">
     <span class='ocr_line' id='line_1_12' title="bbox 292 1354 1880 1428; baseline -0.001 -18"><span class='ocrx_word' id='word_1_81' title='bbox 292 1355 512 1428; x_wconf 72' lang='lat' dir='ltr'><strong>judices</strong></span> <span class='ocrx_word' id='word_1_82' title='bbox 541 1362 829 1425; x_wconf 87' lang='lat' dir='ltr'><strong>parcerent</strong></span> <span class='ocrx_word' id='word_1_83' title='bbox 856 1354 1093 1410; x_wconf 79' lang='lat' dir='ltr'><strong>civitatis</strong></span> <span class='ocrx_word' id='word_1_84' title='bbox 1120 1356 1340 1424; x_wconf 92' lang='lat' dir='ltr'><strong>populo,</strong></span> <span class='ocrx_word' id='word_1_85' title='bbox 1363 1356 1448 1409; x_wconf 87' lang='lat' dir='ltr'><strong>vel</strong></span> <span class='ocrx_word' id='word_1_86' title='bbox 1476 1369 1538 1409; x_wconf 89' lang='lat' dir='ltr'><strong>se</strong></span> <span class='ocrx_word' id='word_1_87' title='bbox 1563 1355 1726 1409; x_wconf 91' lang='lat' dir='ltr'><strong>simul</strong></span> <span class='ocrx_word' id='word_1_88' title='bbox 1753 1369 1880 1409; x_wconf 90' lang='lat' dir='ltr'><strong>cum</strong></span> 
     </span>
    </p>
   </div>
   <div class='ocr_carea' id='block_1_13' title="bbox 292 1441 1875 1514">
    <p class='ocr_par' dir='ltr' id='par_1_13' title="bbox 292 1441 1875 1514">
     <span class='ocr_line' id='line_1_13' title="bbox 292 1441 1875 1514; baseline 0.001 -18"><span class='ocrx_word' id='word_1_89' title='bbox 292 1444 407 1498; x_wconf 85' lang='lat' dir='ltr'><strong>reis</strong></span> <span class='ocrx_word' id='word_1_90' title='bbox 419 1443 484 1498; x_wconf 84' lang='lat' dir='ltr'><strong>ad</strong></span> <span class='ocrx_word' id='word_1_91' title='bbox 499 1441 888 1511; x_wconf 57' lang='lat' dir='ltr'><strong>Imperatorem</strong></span> <span class='ocrx_word' id='word_1_92' title='bbox 909 1443 1115 1512; x_wconf 82' lang='lat' dir='ltr'><strong>legatos</strong></span> <span class='ocrx_word' id='word_1_93' title='bbox 1129 1444 1277 1497; x_wconf 81' lang='lat' dir='ltr'><strong>mitte</strong></span> <span class='ocrx_word' id='word_1_94' title='bbox 1286 1452 1423 1498; x_wconf 90' lang='lat' dir='ltr'><strong>rent.</strong></span> <span class='ocrx_word' id='word_1_95' title='bbox 1447 1442 1754 1514; x_wconf 79' lang='lat' dir='ltr'><strong>Religiosus</strong></span> <span class='ocrx_word' id='word_1_96' title='bbox 1771 1444 1875 1507; x_wconf 67' lang='lat' dir='ltr'><strong>eet,</strong></span> 
     </span>
    </p>
   </div>
   <div class='ocr_carea' id='block_1_14' title="bbox 291 1531 1880 1601">
    <p class='ocr_par' dir='ltr' id='par_1_14' title="bbox 291 1531 1880 1601">
     <span class='ocr_line' id='line_1_14' title="bbox 291 1531 1880 1601; baseline 0 -15"><span class='ocrx_word' id='word_1_97' title='bbox 291 1533 492 1601; x_wconf 87' lang='lat' dir='ltr'><strong>inquit,</strong></span> <span class='ocrx_word' id='word_1_98' title='bbox 513 1533 606 1600; x_wconf 88' lang='lat' dir='ltr'><strong>qui</strong></span> <span class='ocrx_word' id='word_1_99' title='bbox 625 1539 813 1586; x_wconf 87' lang='lat' dir='ltr'><strong>nostro</strong></span> <span class='ocrx_word' id='word_1_100' title='bbox 829 1531 946 1585; x_wconf 88' lang='lat' dir='ltr'><strong>orbi</strong></span> <span class='ocrx_word' id='word_1_101' title='bbox 966 1531 1300 1596; x_wconf 86' lang='lat' dir='ltr'><strong>dominatur,</strong></span> <span class='ocrx_word' id='word_1_102' title='bbox 1318 1532 1513 1592; x_wconf 85' lang='lat' dir='ltr'><strong>ﬁdelis.</strong></span> <span class='ocrx_word' id='word_1_103' title='bbox 1532 1547 1657 1586; x_wconf 91' lang='lat' dir='ltr'><strong>eum</strong></span> <span class='ocrx_word' id='word_1_104' title='bbox 1679 1533 1880 1598; x_wconf 85' lang='lat' dir='ltr'><strong>pietate</strong></span> 
     </span>
    </p>
   </div>
   <div class='ocr_carea' id='block_1_15' title="bbox 288 1606 1880 1679">
    <p class='ocr_par' dir='ltr' id='par_1_15' title="bbox 288 1606 1880 1679">
     <span class='ocr_line' id='line_1_15' title="bbox 288 1606 1880 1679; baseline -0.004 -17"><span class='ocrx_word' id='word_1_105' title='bbox 288 1609 511 1664; x_wconf 89' lang='lat' dir='ltr'><strong>vivens:</strong></span> <span class='ocrx_word' id='word_1_106' title='bbox 535 1623 633 1663; x_wconf 91' lang='lat' dir='ltr'><strong>nos</strong></span> <span class='ocrx_word' id='word_1_107' title='bbox 652 1609 812 1677; x_wconf 84' lang='lat' dir='ltr'><strong>igitur</strong></span> <span class='ocrx_word' id='word_1_108' title='bbox 837 1607 1009 1679; x_wconf 87' lang='lat' dir='ltr'><strong>ipsum</strong></span> <span class='ocrx_word' id='word_1_109' title='bbox 1031 1609 1249 1661; x_wconf 88' lang='lat' dir='ltr'><strong>omnino</strong></span> <span class='ocrx_word' id='word_1_110' title='bbox 1271 1606 1751 1668; x_wconf 87' lang='lat' dir='ltr'><strong>reconciliabimus,</strong></span> <span class='ocrx_word' id='word_1_111' title='bbox 1777 1619 1880 1656; x_wconf 91' lang='lat' dir='ltr'><strong>non</strong></span> 
     </span>
    </p>
   </div>
   <div class='ocr_carea' id='block_1_16' title="bbox 289 1695 1883 1770">
    <p class='ocr_par' dir='ltr' id='par_1_16' title="bbox 289 1695 1883 1770">
     <span class='ocr_line' id='line_1_16' title="bbox 289 1695 1883 1770; baseline -0.003 -17"><span class='ocrx_word' id='word_1_112' title='bbox 289 1699 665 1770; x_wconf 83' lang='lat' dir='ltr'><strong>permittemus</strong></span> <span class='ocrx_word' id='word_1_113' title='bbox 711 1698 884 1766; x_wconf 86' lang='lat' dir='ltr'><strong>vobis,</strong></span> <span class='ocrx_word' id='word_1_114' title='bbox 927 1714 1099 1768; x_wconf 89' lang='lat' dir='ltr'><strong>neque</strong></span> <span class='ocrx_word' id='word_1_115' title='bbox 1141 1698 1497 1752; x_wconf 64' lang='lat' dir='ltr'><strong>concedenzus</strong></span> <span class='ocrx_word' id='word_1_116' title='bbox 1536 1709 1718 1750; x_wconf 88' lang='lat' dir='ltr'><strong>ensem</strong></span> <span class='ocrx_word' id='word_1_117' title='bbox 1765 1695 1883 1763; x_wconf 78' lang='lat' dir='ltr'><strong>pel-</strong></span> 
     </span>
    </p>
   </div>
   <div class='ocr_carea' id='block_1_17' title="bbox 294 1787 1887 1860">
    <p class='ocr_par' dir='ltr' id='par_1_17' title="bbox 294 1787 1887 1860">
     <span class='ocr_line' id='line_1_17' title="bbox 294 1787 1887 1860; baseline -0.004 -14"><span class='ocrx_word' id='word_1_118' title='bbox 294 1794 465 1857; x_wconf 89' lang='lat' dir='ltr'><strong>luere,</strong></span> <span class='ocrx_word' id='word_1_119' title='bbox 495 1807 595 1850; x_wconf 87' lang='lat' dir='ltr'><strong>nec</strong></span> <span class='ocrx_word' id='word_1_120' title='bbox 621 1795 780 1848; x_wconf 80' lang='lat' dir='ltr'><strong>ullius</strong></span> <span class='ocrx_word' id='word_1_121' title='bbox 808 1791 1122 1848; x_wconf 85' lang='lat' dir='ltr'><strong>abscindere</strong></span> <span class='ocrx_word' id='word_1_122' title='bbox 1148 1799 1328 1860; x_wconf 89' lang='lat' dir='ltr'><strong>caput.</strong></span> <span class='ocrx_word' id='word_1_123' title='bbox 1355 1788 1412 1843; x_wconf 89' lang='lat' dir='ltr'><strong>Si</strong></span> <span class='ocrx_word' id='word_1_124' title='bbox 1433 1803 1560 1843; x_wconf 89' lang='lat' dir='ltr'><strong>vero</strong></span> <span class='ocrx_word' id='word_1_125' title='bbox 1588 1802 1693 1842; x_wconf 90' lang='lat' dir='ltr'><strong>non</strong></span> <span class='ocrx_word' id='word_1_126' title='bbox 1720 1787 1887 1842; x_wconf 85' lang='lat' dir='ltr'><strong>absti-</strong></span> 
     </span>
    </p>
   </div>
   <div class='ocr_carea' id='block_1_18' title="bbox 296 1878 1886 1953">
    <p class='ocr_par' dir='ltr' id='par_1_18' title="bbox 296 1878 1886 1953">
     <span class='ocr_line' id='line_1_18' title="bbox 296 1878 1886 1953; baseline -0.003 -16"><span class='ocrx_word' id='word_1_127' title='bbox 296 1883 491 1952; x_wconf 89' lang='lat' dir='ltr'><strong>neatis,</strong></span> <span class='ocrx_word' id='word_1_128' title='bbox 522 1895 573 1940; x_wconf 87' lang='lat' dir='ltr'><strong>et</strong></span> <span class='ocrx_word' id='word_1_129' title='bbox 612 1899 711 1938; x_wconf 90' lang='lat' dir='ltr'><strong>nos</strong></span> <span class='ocrx_word' id='word_1_130' title='bbox 750 1899 870 1939; x_wconf 91' lang='lat' dir='ltr'><strong>cum</strong></span> <span class='ocrx_word' id='word_1_131' title='bbox 911 1883 1040 1953; x_wconf 90' lang='lat' dir='ltr'><strong>ipsis</strong></span> <span class='ocrx_word' id='word_1_132' title='bbox 1079 1883 1299 1937; x_wconf 89' lang='lat' dir='ltr'><strong>omnino</strong></span> <span class='ocrx_word' id='word_1_133' title='bbox 1338 1882 1648 1935; x_wconf 90' lang='lat' dir='ltr'><strong>moriemur.</strong></span> <span class='ocrx_word' id='word_1_134' title='bbox 1691 1878 1886 1934; x_wconf 87' lang='lat' dir='ltr'><strong>Gravia</strong></span> 
     </span>
    </p>
   </div>
   <div class='ocr_carea' id='block_1_19' title="bbox 295 1971 1889 2047">
    <p class='ocr_par' dir='ltr' id='par_1_19' title="bbox 295 1971 1889 2047">
     <span class='ocr_line' id='line_1_19' title="bbox 295 1971 1889 2047; baseline -0.004 -17"><span class='ocrx_word' id='word_1_135' title='bbox 295 1975 515 2044; x_wconf 82' lang='lat' dir='ltr'><strong>quidem</strong></span> <span class='ocrx_word' id='word_1_136' title='bbox 541 1985 742 2047; x_wconf 89' lang='lat' dir='ltr'><strong>patrata</strong></span> <span class='ocrx_word' id='word_1_137' title='bbox 769 1985 912 2040; x_wconf 91' lang='lat' dir='ltr'><strong>sunt,</strong></span> <span class='ocrx_word' id='word_1_138' title='bbox 945 1983 998 2030; x_wconf 91' lang='lat' dir='ltr'><strong>et</strong></span> <span class='ocrx_word' id='word_1_139' title='bbox 1034 1989 1133 2039; x_wconf 81' lang='lat' dir='ltr'><strong>nos</strong></span> <span class='ocrx_word' id='word_1_140' title='bbox 1162 1973 1499 2035; x_wconf 88' lang='lat' dir='ltr'><strong>confitemur,</strong></span> <span class='ocrx_word' id='word_1_141' title='bbox 1527 1971 1620 2026; x_wconf 90' lang='lat' dir='ltr'><strong>sed</strong></span> <span class='ocrx_word' id='word_1_142' title='bbox 1655 1971 1889 2040; x_wconf 89' lang='lat' dir='ltr'><strong>Impera-</strong></span> 
     </span>
    </p>
   </div>
   <div class='ocr_carea' id='block_1_20' title="bbox 303 2062 1887 2135">
    <p class='ocr_par' dir='ltr' id='par_1_20' title="bbox 303 2062 1887 2135">
     <span class='ocr_line' id='line_1_20' title="bbox 303 2062 1887 2135; baseline -0.006 -11"><span class='ocrx_word' id='word_1_143' title='bbox 303 2071 433 2124; x_wconf 87' lang='lat' dir='ltr'><strong>toris</strong></span> <span class='ocrx_word' id='word_1_144' title='bbox 483 2069 866 2123; x_wconf 88' lang='lat' dir='ltr'><strong>humanitatem</strong></span> <span class='ocrx_word' id='word_1_145' title='bbox 913 2081 1020 2120; x_wconf 92' lang='lat' dir='ltr'><strong>non</strong></span> <span class='ocrx_word' id='word_1_146' title='bbox 1065 2065 1277 2120; x_wconf 89' lang='lat' dir='ltr'><strong>excedit</strong></span> <span class='ocrx_word' id='word_1_147' title='bbox 1313 2073 1583 2135; x_wconf 87' lang='lat' dir='ltr'><strong>gestorum</strong></span> <span class='ocrx_word' id='word_1_148' title='bbox 1617 2062 1887 2131; x_wconf 82' lang='lat' dir='ltr'><strong>iniquitas.</strong></span> 
     </span>
    </p>
   </div>
   <div class='ocr_carea' id='block_1_21' title="bbox 302 2150 1892 2229">
    <p class='ocr_par' dir='ltr' id='par_1_21' title="bbox 302 2150 1892 2229">
     <span class='ocr_line' id='line_1_21' title="bbox 302 2150 1892 2229; baseline -0.006 -15"><span class='ocrx_word' id='word_1_149' title='bbox 302 2161 507 2215; x_wconf 79' lang='lat' dir='ltr'><strong>Ilicitur</strong></span> <span class='ocrx_word' id='word_1_150' title='bbox 548 2159 761 2229; x_wconf 82' lang='lat' dir='ltr'><strong>quidam</strong></span> <span class='ocrx_word' id='word_1_151' title='bbox 818 2157 1051 2226; x_wconf 88' lang='lat' dir='ltr'><strong>ipsorum</strong></span> <span class='ocrx_word' id='word_1_152' title='bbox 1101 2154 1244 2209; x_wconf 88' lang='lat' dir='ltr'><strong>aliud</strong></span> <span class='ocrx_word' id='word_1_153' title='bbox 1280 2154 1501 2209; x_wconf 86' lang='lat' dir='ltr'><strong>verbum</strong></span> <span class='ocrx_word' id='word_1_154' title='bbox 1541 2150 1892 2221; x_wconf 72' lang='lat' dir='ltr'><strong>philosophia:</strong></span> 
     </span>
    </p>
   </div>
   <div class='ocr_carea' id='block_1_22' title="bbox 305 2241 1891 2318">
    <p class='ocr_par' dir='ltr' id='par_1_22' title="bbox 305 2241 1891 2318">
     <span class='ocr_line' id='line_1_22' title="bbox 305 2241 1891 2318; baseline -0.005 -18"><span class='ocrx_word' id='word_1_155' title='bbox 305 2249 520 2318; x_wconf 90' lang='lat' dir='ltr'><strong>plenum</strong></span> <span class='ocrx_word' id='word_1_156' title='bbox 546 2246 745 2301; x_wconf 78' lang='lat' dir='ltr'><strong>dixisse</strong></span> <span class='ocrx_word' id='word_1_157' title='bbox 773 2246 852 2315; x_wconf 90' lang='lat' dir='ltr'><strong>(a)</strong></span> <span class='ocrx_word' id='word_1_158' title='bbox 879 2264 890 2298; x_wconf 87' lang='lat'><strong>:</strong></span> <span class='ocrx_word' id='word_1_159' title='bbox 919 2244 1122 2300; x_wconf 74' lang='lat' dir='ltr'><strong>Statum</strong></span> <span class='ocrx_word' id='word_1_160' title='bbox 1164 2242 1377 2313; x_wconf 88' lang='lat' dir='ltr'><strong>quidem</strong></span> <span class='ocrx_word' id='word_1_161' title='bbox 1417 2241 1636 2311; x_wconf 75' lang='lat' dir='ltr'><strong>dejeeta:</strong></span> <span class='ocrx_word' id='word_1_162' title='bbox 1678 2254 1891 2294; x_wconf 88' lang='lat' dir='ltr'><strong>rursum</strong></span> 
     </span>
    </p>
   </div>
   <div class='ocr_carea' id='block_1_23' title="bbox 303 2333 1894 2407">
    <p class='ocr_par' dir='ltr' id='par_1_23' title="bbox 303 2333 1894 2407">
     <span class='ocr_line' id='line_1_23' title="bbox 303 2333 1894 2407; baseline -0.004 -14"><span class='ocrx_word' id='word_1_163' title='bbox 303 2350 500 2394; x_wconf 74' lang='lat' dir='ltr'><strong>erecta:</strong></span> <span class='ocrx_word' id='word_1_164' title='bbox 543 2337 775 2403; x_wconf 88' lang='lat' dir='ltr'><strong>fuerunt,</strong></span> <span class='ocrx_word' id='word_1_165' title='bbox 803 2348 856 2392; x_wconf 90' lang='lat' dir='ltr'><strong>et</strong></span> <span class='ocrx_word' id='word_1_166' title='bbox 889 2338 1159 2407; x_wconf 84' lang='lat' dir='ltr'><strong>propriam</strong></span> <span class='ocrx_word' id='word_1_167' title='bbox 1200 2343 1519 2406; x_wconf 90' lang='lat' dir='ltr'><strong>receperunt</strong></span> <span class='ocrx_word' id='word_1_168' title='bbox 1562 2333 1810 2396; x_wconf 88' lang='lat' dir='ltr'><strong>formam,</strong></span> <span class='ocrx_word' id='word_1_169' title='bbox 1838 2341 1894 2386; x_wconf 89' lang='lat' dir='ltr'><strong>et</strong></span> 
     </span>
    </p>
   </div>
   <div class='ocr_carea' id='block_1_24' title="bbox 304 2425 1895 2490">
    <p class='ocr_par' dir='ltr' id='par_1_24' title="bbox 304 2425 1895 2490">
     <span class='ocr_line' id='line_1_24' title="bbox 304 2425 1895 2490; baseline -0.004 -5"><span class='ocrx_word' id='word_1_170' title='bbox 304 2431 513 2485; x_wconf 78' lang='lat' dir='ltr'><strong>facinus</strong></span> <span class='ocrx_word' id='word_1_171' title='bbox 531 2430 916 2484; x_wconf 89' lang='lat' dir='ltr'><strong>correctionem</strong></span> <span class='ocrx_word' id='word_1_172' title='bbox 938 2427 1122 2482; x_wconf 88' lang='lat' dir='ltr'><strong>habuit</strong></span> <span class='ocrx_word' id='word_1_173' title='bbox 1142 2427 1508 2490; x_wconf 89' lang='lat' dir='ltr'><strong>celerrimam;</strong></span> <span class='ocrx_word' id='word_1_174' title='bbox 1533 2425 1576 2478; x_wconf 87' lang='lat' dir='ltr'><strong>si</strong></span> <span class='ocrx_word' id='word_1_175' title='bbox 1599 2432 1774 2481; x_wconf 81' lang='lat' dir='ltr'><strong>autem</strong></span> <span class='ocrx_word' id='word_1_176' title='bbox 1796 2437 1895 2478; x_wconf 88' lang='lat' dir='ltr'><strong>vos</strong></span> 
     </span>
    </p>
   </div>
   <div class='ocr_carea' id='block_1_25' title="bbox 310 2512 1895 2590">
    <p class='ocr_par' dir='ltr' id='par_1_25' title="bbox 310 2512 1895 2590">
     <span class='ocr_line' id='line_1_25' title="bbox 310 2512 1895 2590; baseline -0.006 -15"><span class='ocrx_word' id='word_1_177' title='bbox 310 2521 402 2575; x_wconf 88' lang='lat' dir='ltr'><strong>Dei</strong></span> <span class='ocrx_word' id='word_1_178' title='bbox 428 2520 711 2590; x_wconf 84' lang='lat' dir='ltr'><strong>imaginem</strong></span> <span class='ocrx_word' id='word_1_179' title='bbox 741 2517 1045 2573; x_wconf 90' lang='lat' dir='ltr'><strong>occideritis</strong></span> <span class='ocrx_word' id='word_1_180' title='bbox 1070 2557 1085 2583; x_wconf 93' lang='lat'><strong>,</strong></span> <span class='ocrx_word' id='word_1_181' title='bbox 1116 2515 1386 2586; x_wconf 89' lang='lat' dir='ltr'><strong>quomodo</strong></span> <span class='ocrx_word' id='word_1_182' title='bbox 1412 2529 1622 2570; x_wconf 86' lang='lat' dir='ltr'><strong>rursum</strong></span> <span class='ocrx_word' id='word_1_183' title='bbox 1649 2512 1895 2584; x_wconf 89' lang='lat' dir='ltr'><strong>poteritis</strong></span> 
     </span>
    </p>
   </div>
   <div class='ocr_carea' id='block_1_26' title="bbox 307 2602 1891 2678">
    <p class='ocr_par' dir='ltr' id='par_1_26' title="bbox 307 2602 1891 2678">
     <span class='ocr_line' id='line_1_26' title="bbox 307 2602 1891 2678; baseline -0.004 -15"><span class='ocrx_word' id='word_1_184' title='bbox 307 2618 642 2678; x_wconf 89' lang='lat' dir='ltr'><strong>peremptum</strong></span> <span class='ocrx_word' id='word_1_185' title='bbox 670 2607 961 2662; x_wconf 85' lang='lat' dir='ltr'><strong>revocare?</strong></span> <span class='ocrx_word' id='word_1_186' title='bbox 989 2605 1258 2676; x_wconf 91' lang='lat' dir='ltr'><strong>quomodo</strong></span> <span class='ocrx_word' id='word_1_187' title='bbox 1287 2604 1524 2675; x_wconf 88' lang='lat' dir='ltr'><strong>perditos</strong></span> <span class='ocrx_word' id='word_1_188' title='bbox 1551 2602 1891 2667; x_wconf 89' lang='lat' dir='ltr'><strong>resuscitare,</strong></span> 
     </span>
    </p>
   </div>
   <div class='ocr_carea' id='block_1_27' title="bbox 307 2693 1897 2767">
    <p class='ocr_par' dir='ltr' id='par_1_27' title="bbox 307 2693 1897 2767">
     <span class='ocr_line' id='line_1_27' title="bbox 307 2693 1897 2767; baseline -0.005 -13"><span class='ocrx_word' id='word_1_189' title='bbox 307 2708 360 2754; x_wconf 90' lang='lat' dir='ltr'><strong>et</strong></span> <span class='ocrx_word' id='word_1_190' title='bbox 380 2699 585 2752; x_wconf 89' lang='lat' dir='ltr'><strong>animas</strong></span> <span class='ocrx_word' id='word_1_191' title='bbox 601 2698 914 2767; x_wconf 89' lang='lat' dir='ltr'><strong>corporibus</strong></span> <span class='ocrx_word' id='word_1_192' title='bbox 934 2697 1190 2752; x_wconf 82' lang='lat' dir='ltr'><strong>reddere?</strong></span> <span class='ocrx_word' id='word_1_193' title='bbox 1211 2696 1372 2751; x_wconf 75' lang='lat' dir='ltr'><strong>Multa</strong></span> <span class='ocrx_word' id='word_1_194' title='bbox 1393 2704 1445 2750; x_wconf 90' lang='lat' dir='ltr'><strong>et</strong></span> <span class='ocrx_word' id='word_1_195' title='bbox 1461 2695 1528 2749; x_wconf 91' lang='lat' dir='ltr'><strong>de</strong></span> <span class='ocrx_word' id='word_1_196' title='bbox 1543 2694 1744 2764; x_wconf 84' lang='lat' dir='ltr'><strong>judicio</strong></span> <span class='ocrx_word' id='word_1_197' title='bbox 1765 2693 1897 2762; x_wconf 88' lang='lat' dir='ltr'><strong>ipsis</strong></span> 
     </span>
    </p>
   </div>
   <div class='ocr_carea' id='block_1_28' title="bbox 308 2791 628 2845">
    <p class='ocr_par' dir='ltr' id='par_1_28' title="bbox 308 2791 628 2845">
     <span class='ocr_line' id='line_1_28' title="bbox 308 2791 628 2845; baseline 0 -1"><span class='ocrx_word' id='word_1_198' title='bbox 308 2791 628 2845; x_wconf 89' lang='lat' dir='ltr'><strong>disseruere.</strong></span> 
     </span>
    </p>
   </div>
   <div class='ocr_carea' id='block_1_29' title="bbox 377 2876 1901 2947">
    <p class='ocr_par' dir='ltr' id='par_1_29' title="bbox 377 2876 1901 2947">
     <span class='ocr_line' id='line_1_29' title="bbox 377 2876 1901 2947; baseline -0.003 -14"><span class='ocrx_word' id='word_1_199' title='bbox 377 2880 432 2933; x_wconf 81' lang='lat'><strong>2.</strong></span> <span class='ocrx_word' id='word_1_200' title='bbox 472 2880 604 2946; x_wconf 84' lang='lat' dir='ltr'><strong>Quis</strong></span> <span class='ocrx_word' id='word_1_201' title='bbox 648 2894 752 2934; x_wconf 92' lang='lat' dir='ltr'><strong>non</strong></span> <span class='ocrx_word' id='word_1_202' title='bbox 786 2879 1224 2947; x_wconf 82' lang='lat' dir='ltr'><strong>obstupesceret?</strong></span> <span class='ocrx_word' id='word_1_203' title='bbox 1250 2878 1368 2947; x_wconf 90' lang='lat' dir='ltr'><strong>quis</strong></span> <span class='ocrx_word' id='word_1_204' title='bbox 1405 2891 1510 2932; x_wconf 91' lang='lat' dir='ltr'><strong>non</strong></span> <span class='ocrx_word' id='word_1_205' title='bbox 1541 2876 1775 2931; x_wconf 92' lang='lat' dir='ltr'><strong>virorum</strong></span> <span class='ocrx_word' id='word_1_206' title='bbox 1807 2889 1901 2929; x_wconf 90' lang='lat' dir='ltr'><strong>sa-</strong></span> 
     </span>
    </p>
   </div>
   <div class='ocr_carea' id='block_1_30' title="bbox 310 2966 1901 3037">
    <p class='ocr_par' dir='ltr' id='par_1_30' title="bbox 310 2966 1901 3037">
     <span class='ocr_line' id='line_1_30' title="bbox 310 2966 1901 3037; baseline -0.003 -15"><span class='ocrx_word' id='word_1_207' title='bbox 310 2969 559 3037; x_wconf 89' lang='lat' dir='ltr'><strong>pientiam</strong></span> <span class='ocrx_word' id='word_1_208' title='bbox 579 2968 967 3023; x_wconf 79' lang='lat' dir='ltr'><strong>admiraretur?</strong></span> <span class='ocrx_word' id='word_1_209' title='bbox 983 2966 1113 3022; x_wconf 85' lang='lat' dir='ltr'><strong>Nam</strong></span> <span class='ocrx_word' id='word_1_210' title='bbox 1140 2968 1182 3020; x_wconf 92' lang='lat' dir='ltr'><strong>si</strong></span> <span class='ocrx_word' id='word_1_211' title='bbox 1204 2967 1446 3037; x_wconf 61' lang='lat' dir='ltr'><strong>quaedam</strong></span> <span class='ocrx_word' id='word_1_212' title='bbox 1462 2967 1478 2997; x_wconf 82' lang='grc'>¹</span> <span class='ocrx_word' id='word_1_213' title='bbox 1500 2980 1710 3020; x_wconf 91' lang='lat' dir='ltr'><strong>reorum</strong></span> <span class='ocrx_word' id='word_1_214' title='bbox 1727 2975 1901 3019; x_wconf 84' lang='lat' dir='ltr'><strong>mater</strong></span> 
     </span>
    </p>
   </div>
   <div class='ocr_carea' id='block_1_31' title="bbox 310 3054 1900 3128">
    <p class='ocr_par' dir='ltr' id='par_1_31' title="bbox 310 3054 1900 3128">
     <span class='ocr_line' id='line_1_31' title="bbox 310 3054 1900 3128; baseline -0.003 -15"><span class='ocrx_word' id='word_1_215' title='bbox 310 3060 508 3115; x_wconf 89' lang='lat' dir='ltr'><strong>nudato</strong></span> <span class='ocrx_word' id='word_1_216' title='bbox 536 3060 710 3128; x_wconf 91' lang='lat' dir='ltr'><strong>capite</strong></span> <span class='ocrx_word' id='word_1_217' title='bbox 731 3068 786 3114; x_wconf 91' lang='lat' dir='ltr'><strong>et</strong></span> <span class='ocrx_word' id='word_1_218' title='bbox 810 3060 958 3114; x_wconf 90' lang='lat' dir='ltr'><strong>canis</strong></span> <span class='ocrx_word' id='word_1_219' title='bbox 979 3060 1228 3125; x_wconf 89' lang='lat' dir='ltr'><strong>ostensis,</strong></span> <span class='ocrx_word' id='word_1_220' title='bbox 1250 3058 1534 3128; x_wconf 76' lang='lat' dir='ltr'><strong>iudicaturi</strong></span> <span class='ocrx_word' id='word_1_221' title='bbox 1560 3071 1753 3126; x_wconf 74' lang='lat' dir='ltr'><strong>equum</strong></span> <span class='ocrx_word' id='word_1_222' title='bbox 1778 3054 1900 3109; x_wconf 72' lang='lat' dir='ltr'><strong>fran-</strong></span> 
     </span>
    </p>
   </div>
   <div class='ocr_carea' id='block_1_32' title="bbox 313 3146 1898 3221">
    <p class='ocr_par' dir='ltr' id='par_1_32' title="bbox 313 3146 1898 3221">
     <span class='ocr_line' id='line_1_32' title="bbox 313 3146 1898 3221; baseline -0.004 -16"><span class='ocrx_word' id='word_1_223' title='bbox 313 3167 379 3206; x_wconf 91' lang='lat' dir='ltr'><strong>no</strong></span> <span class='ocrx_word' id='word_1_224' title='bbox 408 3151 836 3221; x_wconf 87' lang='lat' dir='ltr'><strong>apprehendens,</strong></span> <span class='ocrx_word' id='word_1_225' title='bbox 868 3160 921 3206; x_wconf 92' lang='lat' dir='ltr'><strong>et</strong></span> <span class='ocrx_word' id='word_1_226' title='bbox 949 3167 1043 3219; x_wconf 90' lang='lat' dir='ltr'><strong>per</strong></span> <span class='ocrx_word' id='word_1_227' title='bbox 1067 3150 1237 3205; x_wconf 82' lang='lat' dir='ltr'><strong>forum</strong></span> <span class='ocrx_word' id='word_1_228' title='bbox 1268 3161 1701 3219; x_wconf 72' lang='lat' dir='ltr'><strong>prmtercurrcns,</strong></span> <span class='ocrx_word' id='word_1_229' title='bbox 1731 3147 1810 3203; x_wconf 90' lang='lat' dir='ltr'><strong>sic</strong></span> <span class='ocrx_word' id='word_1_230' title='bbox 1833 3146 1898 3200; x_wconf 90' lang='lat' dir='ltr'><strong>ad</strong></span> 
     </span>
    </p>
   </div>
   <div class='ocr_carea' id='block_1_33' title="bbox 308 3237 1900 3314">
    <p class='ocr_par' dir='ltr' id='par_1_33' title="bbox 308 3237 1900 3314">
     <span class='ocr_line' id='line_1_33' title="bbox 308 3237 1900 3314; baseline -0.004 -16"><span class='ocrx_word' id='word_1_231' title='bbox 308 3244 562 3314; x_wconf 82' lang='lat' dir='ltr'><strong>judicium</strong></span> <span class='ocrx_word' id='word_1_232' title='bbox 603 3242 758 3296; x_wconf 90' lang='lat' dir='ltr'><strong>simul</strong></span> <span class='ocrx_word' id='word_1_233' title='bbox 796 3242 1036 3311; x_wconf 84' lang='lat' dir='ltr'><strong>ingressa</strong></span> <span class='ocrx_word' id='word_1_234' title='bbox 1061 3249 1143 3295; x_wconf 91' lang='lat' dir='ltr'><strong>est</strong></span> <span class='ocrx_word' id='word_1_235' title='bbox 1173 3259 1186 3296; x_wconf 93' lang='lat'>:</span> <span class='ocrx_word' id='word_1_236' title='bbox 1216 3255 1402 3295; x_wconf 89' lang='lat' dir='ltr'><strong>omnes</strong></span> <span class='ocrx_word' id='word_1_237' title='bbox 1427 3237 1775 3308; x_wconf 79' lang='lat' dir='ltr'><strong>obstupefacti</strong></span> <span class='ocrx_word' id='word_1_238' title='bbox 1806 3252 1900 3292; x_wconf 88' lang='lat' dir='ltr'><strong>su-</strong></span> 
     </span>
    </p>
   </div>
   <div class='ocr_carea' id='block_1_34' title="bbox 309 3331 1899 3403">
    <p class='ocr_par' dir='ltr' id='par_1_34' title="bbox 309 3331 1899 3403">
     <span class='ocr_line' id='line_1_34' title="bbox 309 3331 1899 3403; baseline -0.004 -14"><span class='ocrx_word' id='word_1_239' title='bbox 309 3350 428 3390; x_wconf 91' lang='lat' dir='ltr'><strong>mus</strong></span> <span class='ocrx_word' id='word_1_240' title='bbox 452 3376 468 3401; x_wconf 92' lang='lat'><strong>,</strong></span> <span class='ocrx_word' id='word_1_241' title='bbox 502 3349 691 3389; x_wconf 89' lang='lat' dir='ltr'><strong>omnes</strong></span> <span class='ocrx_word' id='word_1_242' title='bbox 730 3333 974 3388; x_wconf 90' lang='lat' dir='ltr'><strong>admirati</strong></span> <span class='ocrx_word' id='word_1_243' title='bbox 1005 3332 1255 3403; x_wconf 90' lang='lat' dir='ltr'><strong>pietatem</strong></span> <span class='ocrx_word' id='word_1_244' title='bbox 1284 3342 1335 3387; x_wconf 92' lang='lat' dir='ltr'><strong>et</strong></span> <span class='ocrx_word' id='word_1_245' title='bbox 1370 3331 1854 3401; x_wconf 74' lang='lat' dir='ltr'><strong>magnanimitatem</strong></span> <span class='ocrx_word' id='word_1_246' title='bbox 1885 3347 1899 3383; x_wconf 90' lang='lat'><strong>:</strong></span> 
     </span>
    </p>
   </div>
   <div class='ocr_carea' id='block_1_35' title="bbox 310 3420 1902 3496">
    <p class='ocr_par' dir='ltr' id='par_1_35' title="bbox 310 3420 1902 3496">
     <span class='ocr_line' id='line_1_35' title="bbox 310 3420 1902 3496; baseline -0.003 -19"><span class='ocrx_word' id='word_1_247' title='bbox 310 3424 580 3496; x_wconf 79' lang='lat' dir='ltr'><strong>quomodo</strong></span> <span class='ocrx_word' id='word_1_248' title='bbox 623 3440 730 3478; x_wconf 90' lang='lat' dir='ltr'><strong>non</strong></span> <span class='ocrx_word' id='word_1_249' title='bbox 773 3425 940 3494; x_wconf 87' lang='lat' dir='ltr'><strong>magis</strong></span> <span class='ocrx_word' id='word_1_250' title='bbox 978 3423 1043 3478; x_wconf 92' lang='lat' dir='ltr'><strong>ad</strong></span> <span class='ocrx_word' id='word_1_251' title='bbox 1084 3423 1181 3477; x_wconf 88' lang='lat' dir='ltr'><strong>hos</strong></span> <span class='ocrx_word' id='word_1_252' title='bbox 1227 3423 1605 3494; x_wconf 87' lang='lat' dir='ltr'><strong>obstupescere</strong></span> <span class='ocrx_word' id='word_1_253' title='bbox 1651 3420 1902 3491; x_wconf 87' lang='lat' dir='ltr'><strong>oportet?</strong></span> 
     </span>
    </p>
   </div>
   <div class='ocr_carea' id='block_1_36' title="bbox 314 3507 1909 3583">
    <p class='ocr_par' dir='ltr' id='par_1_36' title="bbox 314 3507 1909 3583">
     <span class='ocr_line' id='line_1_36' title="bbox 314 3507 1909 3583; baseline -0.003 -12"><span class='ocrx_word' id='word_1_254' title='bbox 314 3517 401 3571; x_wconf 89' lang='lat' dir='ltr'><strong>Illa</strong></span> <span class='ocrx_word' id='word_1_255' title='bbox 429 3516 573 3570; x_wconf 90' lang='lat' dir='ltr'><strong>enim</strong></span> <span class='ocrx_word' id='word_1_256' title='bbox 605 3516 765 3570; x_wconf 90' lang='lat' dir='ltr'><strong>etiam</strong></span> <span class='ocrx_word' id='word_1_257' title='bbox 793 3517 836 3571; x_wconf 91' lang='lat' dir='ltr'><strong>si</strong></span> <span class='ocrx_word' id='word_1_258' title='bbox 867 3524 1074 3570; x_wconf 89' lang='lat' dir='ltr'><strong>mortua</strong></span> <span class='ocrx_word' id='word_1_259' title='bbox 1100 3523 1242 3570; x_wconf 85' lang='lat' dir='ltr'><strong>esset</strong></span> <span class='ocrx_word' id='word_1_260' title='bbox 1273 3530 1368 3583; x_wconf 91' lang='lat' dir='ltr'><strong>pro</strong></span> <span class='ocrx_word' id='word_1_261' title='bbox 1394 3514 1520 3579; x_wconf 89' lang='lat' dir='ltr'><strong>ﬁlio,</strong></span> <span class='ocrx_word' id='word_1_262' title='bbox 1549 3514 1677 3567; x_wconf 93' lang='lat' dir='ltr'><strong>nihil</strong></span> <span class='ocrx_word' id='word_1_263' title='bbox 1706 3507 1909 3566; x_wconf 81' lang='lat' dir='ltr'><strong>miran-</strong></span> 
     </span>
    </p>
   </div>
   <div class='ocr_carea' id='block_1_37' title="bbox 314 3604 1902 3676">
    <p class='ocr_par' dir='ltr' id='par_1_37' title="bbox 314 3604 1902 3676">
     <span class='ocr_line' id='line_1_37' title="bbox 314 3604 1902 3676; baseline -0.003 -15"><span class='ocrx_word' id='word_1_264' title='bbox 314 3608 437 3661; x_wconf 90' lang='lat' dir='ltr'><strong>dum</strong></span> <span class='ocrx_word' id='word_1_265' title='bbox 471 3624 485 3658; x_wconf 90' lang='lat'><strong>:</strong></span> <span class='ocrx_word' id='word_1_266' title='bbox 516 3621 705 3676; x_wconf 87' lang='lat' dir='ltr'><strong>magna</strong></span> <span class='ocrx_word' id='word_1_267' title='bbox 733 3605 874 3660; x_wconf 91' lang='lat' dir='ltr'><strong>enim</strong></span> <span class='ocrx_word' id='word_1_268' title='bbox 913 3613 1112 3659; x_wconf 68' lang='lat' dir='ltr'><strong>natura:</strong></span> <span class='ocrx_word' id='word_1_269' title='bbox 1138 3607 1246 3671; x_wconf 90' lang='lat' dir='ltr'><strong>vis,</strong></span> <span class='ocrx_word' id='word_1_270' title='bbox 1283 3613 1338 3659; x_wconf 88' lang='lat' dir='ltr'><strong>et</strong></span> <span class='ocrx_word' id='word_1_271' title='bbox 1375 3605 1795 3675; x_wconf 81' lang='lat' dir='ltr'><strong>inexpugnabilis</strong></span> <span class='ocrx_word' id='word_1_272' title='bbox 1822 3604 1902 3657; x_wconf 82' lang='lat' dir='ltr'><strong>vi-</strong></span> 
     </span>
    </p>
   </div>
   <div class='ocr_carea' id='block_1_38' title="bbox 315 3697 1905 3768">
    <p class='ocr_par' dir='ltr' id='par_1_38' title="bbox 315 3697 1905 3768">
     <span class='ocr_line' id='line_1_38' title="bbox 315 3697 1905 3768; baseline -0.003 -14"><span class='ocrx_word' id='word_1_273' title='bbox 315 3713 526 3754; x_wconf 89' lang='lat' dir='ltr'><strong>scerum</strong></span> <span class='ocrx_word' id='word_1_274' title='bbox 575 3699 865 3753; x_wconf 88' lang='lat' dir='ltr'><strong>necessitas</strong></span> <span class='ocrx_word' id='word_1_275' title='bbox 895 3716 907 3751; x_wconf 92' lang='lat'><strong>:</strong></span> <span class='ocrx_word' id='word_1_276' title='bbox 937 3697 990 3752; x_wconf 87' lang='lat' dir='ltr'><strong>bi</strong></span> <span class='ocrx_word' id='word_1_277' title='bbox 1017 3713 1144 3753; x_wconf 89' lang='lat' dir='ltr'><strong>vero</strong></span> <span class='ocrx_word' id='word_1_278' title='bbox 1173 3713 1305 3768; x_wconf 92' lang='lat' dir='ltr'><strong>quos</strong></span> <span class='ocrx_word' id='word_1_279' title='bbox 1336 3712 1440 3751; x_wconf 92' lang='lat' dir='ltr'><strong>non</strong></span> <span class='ocrx_word' id='word_1_280' title='bbox 1479 3705 1777 3767; x_wconf 87' lang='lat' dir='ltr'><strong>genuerunt</strong></span> <span class='ocrx_word' id='word_1_281' title='bbox 1806 3711 1905 3750; x_wconf 90' lang='lat' dir='ltr'><strong>nec</strong></span> 
     </span>
    </p>
   </div>
   <div class='ocr_carea' id='block_1_39' title="bbox 315 3789 1902 3859">
    <p class='ocr_par' dir='ltr' id='par_1_39' title="bbox 315 3789 1902 3859">
     <span class='ocr_line' id='line_1_39' title="bbox 315 3789 1902 3859; baseline -0.002 -15"><span class='ocrx_word' id='word_1_282' title='bbox 315 3789 629 3855; x_wconf 88' lang='lat' dir='ltr'><strong>educarunt,</strong></span> <span class='ocrx_word' id='word_1_283' title='bbox 662 3790 767 3842; x_wconf 90' lang='lat' dir='ltr'><strong>imo</strong></span> <span class='ocrx_word' id='word_1_284' title='bbox 792 3805 918 3843; x_wconf 90' lang='lat' dir='ltr'><strong>vero</strong></span> <span class='ocrx_word' id='word_1_285' title='bbox 943 3804 1075 3859; x_wconf 88' lang='lat' dir='ltr'><strong>quos</strong></span> <span class='ocrx_word' id='word_1_286' title='bbox 1103 3806 1208 3843; x_wconf 91' lang='lat' dir='ltr'><strong>non</strong></span> <span class='ocrx_word' id='word_1_287' title='bbox 1239 3796 1520 3854; x_wconf 87' lang='lat' dir='ltr'><strong>noverunt,</strong></span> <span class='ocrx_word' id='word_1_288' title='bbox 1549 3803 1776 3858; x_wconf 86' lang='lat' dir='ltr'><strong>quorum</strong></span> <span class='ocrx_word' id='word_1_289' title='bbox 1803 3802 1902 3841; x_wconf 84' lang='lat' dir='ltr'><strong>no-</strong></span> 
     </span>
    </p>
   </div>
   <div class='ocr_carea' id='block_1_40' title="bbox 315 3876 1906 3947">
    <p class='ocr_par' dir='ltr' id='par_1_40' title="bbox 315 3876 1906 3947">
     <span class='ocr_line' id='line_1_40' title="bbox 315 3876 1906 3947; baseline -0.001 -16"><span class='ocrx_word' id='word_1_290' title='bbox 315 3893 437 3933; x_wconf 86' lang='lat' dir='ltr'><strong>men</strong></span> <span class='ocrx_word' id='word_1_291' title='bbox 466 3893 575 3932; x_wconf 90' lang='lat' dir='ltr'><strong>non</strong></span> <span class='ocrx_word' id='word_1_292' title='bbox 605 3878 904 3942; x_wconf 85' lang='lat' dir='ltr'><strong>audierunt,</strong></span> <span class='ocrx_word' id='word_1_293' title='bbox 935 3879 1246 3947; x_wconf 86' lang='lat' dir='ltr'><strong>quibuscum</strong></span> <span class='ocrx_word' id='word_1_294' title='bbox 1286 3892 1573 3947; x_wconf 86' lang='lat' dir='ltr'><strong>numquam</strong></span> <span class='ocrx_word' id='word_1_295' title='bbox 1606 3876 1906 3932; x_wconf 87' lang='lat' dir='ltr'><strong>conversati</strong></span> 
     </span>
    </p>
   </div>
   <div class='ocr_carea' id='block_1_41' title="bbox 317 3969 1905 4039">
    <p class='ocr_par' dir='ltr' id='par_1_41' title="bbox 317 3969 1905 4039">
     <span class='ocr_line' id='line_1_41' title="bbox 317 3969 1905 4039; baseline -0.001 -15"><span class='ocrx_word' id='word_1_296' title='bbox 317 3978 474 4036; x_wconf 84' lang='lat' dir='ltr'><strong>sunt,</strong></span> <span class='ocrx_word' id='word_1_297' title='bbox 516 3985 649 4039; x_wconf 90' lang='lat' dir='ltr'><strong>quos</strong></span> <span class='ocrx_word' id='word_1_298' title='bbox 686 3985 752 4025; x_wconf 92' lang='lat' dir='ltr'><strong>ex</strong></span> <span class='ocrx_word' id='word_1_299' title='bbox 794 3971 904 4024; x_wconf 89' lang='lat' dir='ltr'><strong>sola</strong></span> <span class='ocrx_word' id='word_1_300' title='bbox 947 3972 1212 4024; x_wconf 88' lang='lat' dir='ltr'><strong>noverunt</strong></span> <span class='ocrx_word' id='word_1_301' title='bbox 1245 3969 1583 4035; x_wconf 86' lang='lat' dir='ltr'><strong>calamitate,</strong></span> <span class='ocrx_word' id='word_1_302' title='bbox 1620 3970 1669 4023; x_wconf 93' lang='lat' dir='ltr'><strong>in</strong></span> <span class='ocrx_word' id='word_1_303' title='bbox 1703 3977 1905 4024; x_wconf 87' lang='lat' dir='ltr'><strong>tantum</strong></span> 
     </span>
    </p>
   </div>
   <div class='ocr_carea' id='block_1_42' title="bbox 317 4061 1905 4127">
    <p class='ocr_par' dir='ltr' id='par_1_42' title="bbox 317 4061 1905 4127">
     <span class='ocr_line' id='line_1_42' title="bbox 317 4061 1905 4127; baseline -0.001 -12"><span class='ocrx_word' id='word_1_304' title='bbox 317 4071 664 4127; x_wconf 80' lang='lat' dir='ltr'><strong>amaverunt,</strong></span> <span class='ocrx_word' id='word_1_305' title='bbox 694 4069 750 4116; x_wconf 88' lang='lat' dir='ltr'><strong>ut</strong></span> <span class='ocrx_word' id='word_1_306' title='bbox 775 4065 932 4116; x_wconf 90' lang='lat' dir='ltr'><strong>etiam</strong></span> <span class='ocrx_word' id='word_1_307' title='bbox 977 4062 1020 4116; x_wconf 92' lang='lat' dir='ltr'><strong>si</strong></span> <span class='ocrx_word' id='word_1_308' title='bbox 1061 4061 1292 4115; x_wconf 89' lang='lat' dir='ltr'><strong>inﬁnitas</strong></span> <span class='ocrx_word' id='word_1_309' title='bbox 1332 4061 1638 4115; x_wconf 80' lang='lat' dir='ltr'><strong>habuissent</strong></span> <span class='ocrx_word' id='word_1_310' title='bbox 1662 4063 1865 4114; x_wconf 88' lang='lat' dir='ltr'><strong>animas</strong></span> <span class='ocrx_word' id='word_1_311' title='bbox 1889 4101 1905 4125; x_wconf 89' lang='lat'><strong>,</strong></span> 
     </span>
    </p>
   </div>
   <div class='ocr_carea' id='block_1_43' title="bbox 319 4149 1908 4222">
    <p class='ocr_par' dir='ltr' id='par_1_43' title="bbox 319 4149 1908 4222">
     <span class='ocr_line' id='line_1_43' title="bbox 319 4149 1908 4222; baseline -0.003 -16"><span class='ocrx_word' id='word_1_312' title='bbox 319 4163 506 4207; x_wconf 89' lang='lat' dir='ltr'><strong>omnes</strong></span> <span class='ocrx_word' id='word_1_313' title='bbox 534 4168 631 4222; x_wconf 92' lang='lat' dir='ltr'><strong>pro</strong></span> <span class='ocrx_word' id='word_1_314' title='bbox 659 4153 869 4206; x_wconf 91' lang='lat' dir='ltr'><strong>illorum</strong></span> <span class='ocrx_word' id='word_1_315' title='bbox 898 4152 1066 4206; x_wconf 81' lang='lat' dir='ltr'><strong>salute</strong></span> <span class='ocrx_word' id='word_1_316' title='bbox 1093 4151 1303 4207; x_wconf 87' lang='lat' dir='ltr'><strong>tradere</strong></span> <span class='ocrx_word' id='word_1_317' title='bbox 1328 4151 1542 4206; x_wconf 82' lang='lat' dir='ltr'><strong>vellent.</strong></span> <span class='ocrx_word' id='word_1_318' title='bbox 1571 4150 1754 4220; x_wconf 86' lang='lat' dir='ltr'><strong>Neque</strong></span> <span class='ocrx_word' id='word_1_319' title='bbox 1779 4149 1908 4202; x_wconf 93' lang='lat' dir='ltr'><strong>mihi</strong></span> 
     </span>
    </p>
   </div>
   <div class='ocr_carea' id='block_1_44' title="bbox 321 4238 1909 4311">
    <p class='ocr_par' dir='ltr' id='par_1_44' title="bbox 321 4238 1909 4311">
     <span class='ocr_line' id='line_1_44' title="bbox 321 4238 1909 4311; baseline -0.003 -15"><span class='ocrx_word' id='word_1_320' title='bbox 321 4243 466 4297; x_wconf 90' lang='lat' dir='ltr'><strong>dicas</strong></span> <span class='ocrx_word' id='word_1_321' title='bbox 491 4242 595 4296; x_wconf 93' lang='lat' dir='ltr'><strong>hoc</strong></span> <span class='ocrx_word' id='word_1_322' title='bbox 622 4241 762 4310; x_wconf 87' lang='lat' dir='ltr'><strong>quod</strong></span> <span class='ocrx_word' id='word_1_323' title='bbox 791 4238 893 4295; x_wconf 85' lang='lat' dir='ltr'><strong>non</strong></span> <span class='ocrx_word' id='word_1_324' title='bbox 917 4241 1139 4311; x_wconf 79' lang='lat' dir='ltr'><strong>jugulati</strong></span> <span class='ocrx_word' id='word_1_325' title='bbox 1166 4241 1293 4304; x_wconf 91' lang='lat' dir='ltr'><strong>sint,</strong></span> <span class='ocrx_word' id='word_1_326' title='bbox 1320 4256 1417 4295; x_wconf 91' lang='lat' dir='ltr'><strong>nec</strong></span> <span class='ocrx_word' id='word_1_327' title='bbox 1443 4242 1752 4310; x_wconf 86' lang='lat' dir='ltr'><strong>sanguinem</strong></span> <span class='ocrx_word' id='word_1_328' title='bbox 1776 4238 1909 4294; x_wconf 85' lang='lat' dir='ltr'><strong>effu-</strong></span> 
     </span>
    </p>
   </div>
   <div class='ocr_carea' id='block_1_45' title="bbox 321 4330 1909 4400">
    <p class='ocr_par' dir='ltr' id='par_1_45' title="bbox 321 4330 1909 4400">
     <span class='ocr_line' id='line_1_45' title="bbox 321 4330 1909 4400; baseline 0.001 -16"><span class='ocrx_word' id='word_1_329' title='bbox 321 4332 528 4397; x_wconf 85' lang='lat' dir='ltr'><strong>derint;</strong></span> <span class='ocrx_word' id='word_1_330' title='bbox 563 4332 656 4385; x_wconf 90' lang='lat' dir='ltr'><strong>sed</strong></span> <span class='ocrx_word' id='word_1_331' title='bbox 689 4330 828 4400; x_wconf 89' lang='lat' dir='ltr'><strong>quod</strong></span> <span class='ocrx_word' id='word_1_332' title='bbox 856 4339 999 4385; x_wconf 87' lang='lat' dir='ltr'><strong>tanta</strong></span> <span class='ocrx_word' id='word_1_333' title='bbox 1027 4340 1211 4385; x_wconf 88' lang='lat' dir='ltr'><strong>contra</strong></span> <span class='ocrx_word' id='word_1_334' title='bbox 1247 4331 1455 4399; x_wconf 90' lang='lat' dir='ltr'><strong>judices</strong></span> <span class='ocrx_word' id='word_1_335' title='bbox 1485 4331 1563 4384; x_wconf 89' lang='lat' dir='ltr'><strong>usi</strong></span> <span class='ocrx_word' id='word_1_336' title='bbox 1602 4331 1709 4385; x_wconf 88' lang='lat' dir='ltr'><strong>sint</strong></span> <span class='ocrx_word' id='word_1_337' title='bbox 1751 4331 1909 4385; x_wconf 82' lang='lat' dir='ltr'><strong>liber-</strong></span> 
     </span>
    </p>
   </div>
   <div class='ocr_carea' id='block_1_46' title="bbox 324 4423 1908 4493">
    <p class='ocr_par' dir='ltr' id='par_1_46' title="bbox 324 4423 1908 4493">
     <span class='ocr_line' id='line_1_46' title="bbox 324 4423 1908 4493; baseline 0.001 -18"><span class='ocrx_word' id='word_1_338' title='bbox 324 4433 426 4478; x_wconf 88' lang='lat' dir='ltr'><strong>tate</strong></span> <span class='ocrx_word' id='word_1_339' title='bbox 445 4465 460 4488; x_wconf 92' lang='lat'><strong>,</strong></span> <span class='ocrx_word' id='word_1_340' title='bbox 490 4435 689 4493; x_wconf 89' lang='lat' dir='ltr'><strong>quanta</strong></span> <span class='ocrx_word' id='word_1_341' title='bbox 724 4423 868 4479; x_wconf 83' lang='lat' dir='ltr'><strong>solos</strong></span> <span class='ocrx_word' id='word_1_342' title='bbox 898 4423 966 4478; x_wconf 92' lang='lat' dir='ltr'><strong>de</strong></span> <span class='ocrx_word' id='word_1_343' title='bbox 994 4423 1164 4478; x_wconf 90' lang='lat' dir='ltr'><strong>salute</strong></span> <span class='ocrx_word' id='word_1_344' title='bbox 1203 4435 1294 4477; x_wconf 78' lang='lat' dir='ltr'><strong>Sua</strong></span> <span class='ocrx_word' id='word_1_345' title='bbox 1325 4423 1636 4492; x_wconf 86' lang='lat' dir='ltr'><strong>desperatos</strong></span> <span class='ocrx_word' id='word_1_346' title='bbox 1663 4425 1736 4478; x_wconf 91' lang='lat' dir='ltr'><strong>uti</strong></span> <span class='ocrx_word' id='word_1_347' title='bbox 1767 4426 1908 4479; x_wconf 90' lang='lat' dir='ltr'><strong>veri-</strong></span> 
     </span>
    </p>
   </div>
   <div class='ocr_carea' id='block_1_47' title="bbox 325 4514 1910 4570">
    <p class='ocr_par' dir='ltr' id='par_1_47' title="bbox 325 4514 1910 4570">
     <span class='ocr_line' id='line_1_47' title="bbox 325 4514 1910 4570; baseline 0.001 -2"><span class='ocrx_word' id='word_1_348' title='bbox 325 4515 493 4569; x_wconf 84' lang='lat' dir='ltr'><strong>simile</strong></span> <span class='ocrx_word' id='word_1_349' title='bbox 536 4514 632 4567; x_wconf 87' lang='lat' dir='ltr'><strong>fuit</strong></span> <span class='ocrx_word' id='word_1_350' title='bbox 673 4530 685 4565; x_wconf 92' lang='lat'><strong>:</strong></span> <span class='ocrx_word' id='word_1_351' title='bbox 727 4523 780 4568; x_wconf 94' lang='lat' dir='ltr'><strong>et</strong></span> <span class='ocrx_word' id='word_1_352' title='bbox 825 4514 916 4567; x_wconf 89' lang='lat' dir='ltr'><strong>tali</strong></span> <span class='ocrx_word' id='word_1_353' title='bbox 957 4529 1076 4567; x_wconf 88' lang='lat' dir='ltr'><strong>cum</strong></span> <span class='ocrx_word' id='word_1_354' title='bbox 1124 4514 1383 4568; x_wconf 90' lang='lat' dir='ltr'><strong>sententia</strong></span> <span class='ocrx_word' id='word_1_355' title='bbox 1427 4514 1493 4568; x_wconf 92' lang='lat' dir='ltr'><strong>de</strong></span> <span class='ocrx_word' id='word_1_356' title='bbox 1533 4516 1802 4569; x_wconf 89' lang='lat' dir='ltr'><strong>montibus</strong></span> <span class='ocrx_word' id='word_1_357' title='bbox 1844 4515 1910 4570; x_wconf 91' lang='lat' dir='ltr'><strong>ad</strong></span> 
     </span>
    </p>
   </div>
   <div class='ocr_carea' id='block_1_48' title="bbox 328 4606 1910 4675">
    <p class='ocr_par' dir='ltr' id='par_1_48' title="bbox 328 4606 1910 4675">
     <span class='ocr_line' id='line_1_48' title="bbox 328 4606 1910 4675; baseline 0.001 -17"><span class='ocrx_word' id='word_1_358' title='bbox 328 4608 553 4662; x_wconf 90' lang='lat' dir='ltr'><strong>tribunal</strong></span> <span class='ocrx_word' id='word_1_359' title='bbox 585 4607 933 4661; x_wconf 89' lang='lat' dir='ltr'><strong>eueurrerint.</strong></span> <span class='ocrx_word' id='word_1_360' title='bbox 963 4606 1070 4660; x_wconf 85' lang='lat' dir='ltr'><strong>Nec</strong></span> <span class='ocrx_word' id='word_1_361' title='bbox 1098 4607 1238 4660; x_wconf 91' lang='lat' dir='ltr'><strong>enim</strong></span> <span class='ocrx_word' id='word_1_362' title='bbox 1273 4607 1371 4660; x_wconf 89' lang='lat' dir='ltr'><strong>nisi</strong></span> <span class='ocrx_word' id='word_1_363' title='bbox 1404 4607 1547 4675; x_wconf 89' lang='lat' dir='ltr'><strong>prius</strong></span> <span class='ocrx_word' id='word_1_364' title='bbox 1573 4622 1631 4661; x_wconf 91' lang='lat' dir='ltr'><strong>se</strong></span> <span class='ocrx_word' id='word_1_365' title='bbox 1659 4607 1773 4660; x_wconf 89' lang='lat' dir='ltr'><strong>neci</strong></span> <span class='ocrx_word' id='word_1_366' title='bbox 1795 4607 1910 4660; x_wconf 86' lang='lat' dir='ltr'><strong>cni-</strong></span> 
     </span>
    </p>
   </div>
   <div class='ocr_carea' id='block_1_49' title="bbox 328 4697 1914 4768">
    <p class='ocr_par' dir='ltr' id='par_1_49' title="bbox 328 4697 1914 4768">
     <span class='ocr_line' id='line_1_49' title="bbox 328 4697 1914 4768; baseline -0.001 -17"><span class='ocrx_word' id='word_1_367' title='bbox 328 4699 451 4753; x_wconf 90' lang='lat' dir='ltr'><strong>libet</strong></span> <span class='ocrx_word' id='word_1_368' title='bbox 477 4702 885 4768; x_wconf 62' lang='lat' dir='ltr'><strong>praeparassent;</strong></span> <span class='ocrx_word' id='word_1_369' title='bbox 912 4707 1016 4751; x_wconf 91' lang='lat' dir='ltr'><strong>tam</strong></span> <span class='ocrx_word' id='word_1_370' title='bbox 1045 4698 1209 4753; x_wconf 90' lang='lat' dir='ltr'><strong>libere</strong></span> <span class='ocrx_word' id='word_1_371' title='bbox 1241 4700 1534 4768; x_wconf 88' lang='lat' dir='ltr'><strong>potuissent</strong></span> <span class='ocrx_word' id='word_1_372' title='bbox 1559 4697 1765 4766; x_wconf 85' lang='lat' dir='ltr'><strong>judices</strong></span> <span class='ocrx_word' id='word_1_373' title='bbox 1790 4699 1914 4751; x_wconf 85' lang='lat' dir='ltr'><strong>allo-</strong></span> 
     </span>
    </p>
   </div>
   <div class='ocr_carea' id='block_1_50' title="bbox 327 4790 1911 4858">
    <p class='ocr_par' dir='ltr' id='par_1_50' title="bbox 327 4790 1911 4858">
     <span class='ocr_line' id='line_1_50' title="bbox 327 4790 1911 4858; baseline 0.001 -18"><span class='ocrx_word' id='word_1_374' title='bbox 327 4791 432 4857; x_wconf 88' lang='lat' dir='ltr'><strong>qui,</strong></span> <span class='ocrx_word' id='word_1_375' title='bbox 458 4797 512 4843; x_wconf 91' lang='lat' dir='ltr'><strong>et</strong></span> <span class='ocrx_word' id='word_1_376' title='bbox 533 4798 730 4842; x_wconf 87' lang='lat' dir='ltr'><strong>tantam</strong></span> <span class='ocrx_word' id='word_1_377' title='bbox 760 4798 885 4843; x_wconf 89' lang='lat' dir='ltr'><strong>tunc</strong></span> <span class='ocrx_word' id='word_1_378' title='bbox 903 4790 1152 4843; x_wconf 75' lang='lat' dir='ltr'><strong>exhibere</strong></span> <span class='ocrx_word' id='word_1_379' title='bbox 1175 4790 1658 4858; x_wconf 87' lang='lat' dir='ltr'><strong>magnanimitatem</strong></span> <span class='ocrx_word' id='word_1_380' title='bbox 1681 4806 1692 4839; x_wconf 93' lang='lat'>:</span> <span class='ocrx_word' id='word_1_381' title='bbox 1713 4791 1911 4842; x_wconf 91' lang='lat' dir='ltr'><strong>ctenim</strong></span> 
     </span>
    </p>
   </div>
   <div class='ocr_carea' id='block_1_51' title="bbox 328 4881 1912 4950">
    <p class='ocr_par' dir='ltr' id='par_1_51' title="bbox 328 4881 1912 4950">
     <span class='ocr_line' id='line_1_51' title="bbox 328 4881 1912 4950; baseline 0.003 -17"><span class='ocrx_word' id='word_1_382' title='bbox 328 4891 448 4936; x_wconf 83' lang='lat' dir='ltr'><strong>ante</strong></span> <span class='ocrx_word' id='word_1_383' title='bbox 477 4881 711 4950; x_wconf 66' lang='lat' dir='ltr'><strong>praetorii</strong></span> <span class='ocrx_word' id='word_1_384' title='bbox 735 4884 925 4950; x_wconf 87' lang='lat' dir='ltr'><strong>januas</strong></span> <span class='ocrx_word' id='word_1_385' title='bbox 957 4890 1096 4936; x_wconf 78' lang='lat' dir='ltr'><strong>tetes</strong></span> <span class='ocrx_word' id='word_1_386' title='bbox 1124 4881 1239 4935; x_wconf 91' lang='lat' dir='ltr'><strong>dies</strong></span> <span class='ocrx_word' id='word_1_387' title='bbox 1267 4882 1490 4950; x_wconf 88' lang='lat' dir='ltr'><strong>agebant</strong></span> <span class='ocrx_word' id='word_1_388' title='bbox 1521 4881 1788 4947; x_wconf 85' lang='lat' dir='ltr'><strong>sedentes,</strong></span> <span class='ocrx_word' id='word_1_389' title='bbox 1820 4882 1912 4937; x_wconf 89' lang='lat' dir='ltr'><strong>ab-</strong></span> 
     </span>
    </p>
   </div>
   <div class='ocr_carea' id='block_1_52' title="bbox 329 4971 1756 5040">
    <p class='ocr_par' dir='ltr' id='par_1_52' title="bbox 329 4971 1756 5040">
     <span class='ocr_line' id='line_1_52' title="bbox 329 4971 1756 5040; baseline 0.001 -15"><span class='ocrx_word' id='word_1_390' title='bbox 329 4971 596 5026; x_wconf 69' lang='lat' dir='ltr'><strong>dutxandos</strong></span> <span class='ocrx_word' id='word_1_391' title='bbox 625 4971 704 5025; x_wconf 83' lang='lat' dir='ltr'><strong>de</strong></span> <span class='ocrx_word' id='word_1_392' title='bbox 724 4973 1030 5026; x_wconf 83' lang='lat' dir='ltr'><strong>carnificum</strong></span> <span class='ocrx_word' id='word_1_393' title='bbox 1061 4972 1303 5026; x_wconf 84' lang='lat' dir='ltr'><strong>manibus</strong></span> <span class='ocrx_word' id='word_1_394' title='bbox 1331 4972 1540 5040; x_wconf 87' lang='lat' dir='ltr'><strong>eripere</strong></span> <span class='ocrx_word' id='word_1_395' title='bbox 1567 4972 1756 5040; x_wconf 87' lang='lat' dir='ltr'><strong>parati.</strong></span> 
     </span>
    </p>
   </div>
   <div class='ocr_carea' id='block_1_53' title="bbox 400 5062 1910 5130">
    <p class='ocr_par' dir='ltr' id='par_1_53' title="bbox 400 5062 1910 5130">
     <span class='ocr_line' id='line_1_53' title="bbox 400 5062 1910 5130; baseline -0.001 -15"><span class='ocrx_word' id='word_1_396' title='bbox 400 5062 586 5116; x_wconf 80' lang='lat' dir='ltr'><strong>Omnes</strong></span> <span class='ocrx_word' id='word_1_397' title='bbox 617 5062 903 5130; x_wconf 79' lang='lat' dir='ltr'><strong>philosophi</strong></span> <span class='ocrx_word' id='word_1_398' title='bbox 936 5063 1110 5116; x_wconf 83' lang='lat' dir='ltr'><strong>urbem</strong></span> <span class='ocrx_word' id='word_1_399' title='bbox 1148 5063 1200 5115; x_wconf 83' lang='lat' dir='ltr'><strong>in</strong></span> <span class='ocrx_word' id='word_1_400' title='bbox 1239 5062 1526 5115; x_wconf 82' lang='lat' dir='ltr'><strong>calamitate</strong></span> <span class='ocrx_word' id='word_1_401' title='bbox 1563 5064 1910 5116; x_wconf 81' lang='lat' dir='ltr'><strong>deseruerunt.</strong></span> 
     </span>
    </p>
   </div>
   <div class='ocr_carea' id='block_1_54' title="bbox 329 5153 1915 5226">
    <p class='ocr_par' dir='ltr' id='par_1_54' title="bbox 329 5153 1915 5226">
     <span class='ocr_line' id='line_1_54' title="bbox 329 5153 1915 5226; baseline 0 -17"><span class='ocrx_word' id='word_1_402' title='bbox 329 5185 393 5195; x_wconf 90' lang='lat'><strong>-</strong></span> <span class='ocrx_word' id='word_1_403' title='bbox 417 5154 514 5209; x_wconf 89' lang='lat' dir='ltr'><strong>Ubi</strong></span> <span class='ocrx_word' id='word_1_404' title='bbox 539 5170 678 5208; x_wconf 85' lang='lat' dir='ltr'><strong>nunc</strong></span> <span class='ocrx_word' id='word_1_405' title='bbox 702 5163 825 5208; x_wconf 89' lang='lat' dir='ltr'><strong>sunt</strong></span> <span class='ocrx_word' id='word_1_406' title='bbox 846 5153 996 5224; x_wconf 89' lang='lat' dir='ltr'><strong>pallia</strong></span> <span class='ocrx_word' id='word_1_407' title='bbox 1024 5165 1308 5226; x_wconf 85' lang='lat' dir='ltr'><strong>gestantes.</strong></span> <span class='ocrx_word' id='word_1_408' title='bbox 1332 5165 1385 5209; x_wconf 89' lang='lat' dir='ltr'><strong>et</strong></span> <span class='ocrx_word' id='word_1_409' title='bbox 1409 5155 1719 5225; x_wconf 82' lang='lat' dir='ltr'><strong>profundam</strong></span> <span class='ocrx_word' id='word_1_410' title='bbox 1742 5164 1915 5210; x_wconf 86' lang='lat' dir='ltr'><strong>osten-</strong></span> 
     </span>
    </p>
   </div>
   <div class='ocr_carea' id='block_1_55' title="bbox 331 5244 1912 5309">
    <p class='ocr_par' dir='ltr' id='par_1_55' title="bbox 331 5244 1912 5309">
     <span class='ocr_line' id='line_1_55' title="bbox 331 5244 1912 5309; baseline 0.003 -13"><span class='ocrx_word' id='word_1_411' title='bbox 331 5253 499 5298; x_wconf 85' lang='lat' dir='ltr'><strong>tantes</strong></span> <span class='ocrx_word' id='word_1_412' title='bbox 521 5244 759 5308; x_wconf 91' lang='lat' dir='ltr'><strong>barbam,</strong></span> <span class='ocrx_word' id='word_1_413' title='bbox 783 5254 837 5299; x_wconf 89' lang='lat' dir='ltr'><strong>et</strong></span> <span class='ocrx_word' id='word_1_414' title='bbox 859 5245 1071 5299; x_wconf 91' lang='lat' dir='ltr'><strong>baculos</strong></span> <span class='ocrx_word' id='word_1_415' title='bbox 1091 5246 1272 5300; x_wconf 79' lang='lat' dir='ltr'><strong>dextra</strong></span> <span class='ocrx_word' id='word_1_416' title='bbox 1297 5246 1545 5309; x_wconf 87' lang='lat' dir='ltr'><strong>ferentes,</strong></span> <span class='ocrx_word' id='word_1_417' title='bbox 1572 5257 1912 5302; x_wconf 89' lang='lat' dir='ltr'><strong>externorum</strong></span> 
     </span>
    </p>
   </div>
   <div class='ocr_carea' id='block_1_56' title="bbox 332 5334 1914 5405">
    <p class='ocr_par' dir='ltr' id='par_1_56' title="bbox 332 5334 1914 5405">
     <span class='ocr_line' id='line_1_56' title="bbox 332 5334 1914 5405; baseline 0.004 -19"><span class='ocrx_word' id='word_1_418' title='bbox 332 5334 665 5404; x_wconf 75' lang='lat' dir='ltr'><strong>philosOphi,</strong></span> <span class='ocrx_word' id='word_1_419' title='bbox 720 5336 900 5405; x_wconf 87' lang='lat' dir='ltr'><strong>cynica</strong></span> <span class='ocrx_word' id='word_1_420' title='bbox 951 5337 1188 5405; x_wconf 86' lang='lat' dir='ltr'><strong>piacula,</strong></span> <span class='ocrx_word' id='word_1_421' title='bbox 1232 5338 1656 5392; x_wconf 86' lang='lat' dir='ltr'><strong>submensalibus</strong></span> <span class='ocrx_word' id='word_1_422' title='bbox 1694 5340 1914 5393; x_wconf 91' lang='lat' dir='ltr'><strong>canibus</strong></span> 
     </span>
    </p>
   </div>
   <div class='ocr_carea' id='block_1_57' title="bbox 332 5425 1912 5496">
    <p class='ocr_par' dir='ltr' id='par_1_57' title="bbox 332 5425 1912 5496">
     <span class='ocr_line' id='line_1_57' title="bbox 332 5425 1912 5496; baseline 0.004 -17"><span class='ocrx_word' id='word_1_423' title='bbox 332 5425 626 5490; x_wconf 89' lang='lat' dir='ltr'><strong>inferiores,</strong></span> <span class='ocrx_word' id='word_1_424' title='bbox 660 5427 966 5496; x_wconf 87' lang='lat' dir='ltr'><strong>ventrisque</strong></span> <span class='ocrx_word' id='word_1_425' title='bbox 996 5442 1152 5481; x_wconf 89' lang='lat' dir='ltr'><strong>causa</strong></span> <span class='ocrx_word' id='word_1_426' title='bbox 1181 5438 1369 5482; x_wconf 90' lang='lat' dir='ltr'><strong>cuncta</strong></span> <span class='ocrx_word' id='word_1_427' title='bbox 1397 5427 1688 5483; x_wconf 83' lang='lat' dir='ltr'><strong>facientes?</strong></span> <span class='ocrx_word' id='word_1_428' title='bbox 1715 5428 1912 5484; x_wconf 88' lang='lat' dir='ltr'><strong>Omnes</strong></span> 
     </span>
    </p>
   </div>
   <div class='ocr_carea' id='block_1_58' title="bbox 401 5599 1910 5666">
    <p class='ocr_par' dir='ltr' id='par_1_58' title="bbox 401 5599 1910 5666">
     <span class='ocr_line' id='line_1_58' title="bbox 401 5599 1910 5666; baseline 0.004 -15"><span class='ocrx_word' id='word_1_429' title='bbox 401 5599 421 5630; x_wconf 83' lang='lat'><em>&quot;</em></span> <span class='ocrx_word' id='word_1_430' title='bbox 443 5612 661 5656; x_wconf 72' lang='lat' dir='ltr'><strong>Fortasse</strong></span> <span class='ocrx_word' id='word_1_431' title='bbox 702 5606 888 5655; x_wconf 87' lang='lat' dir='ltr'><strong>rectius</strong></span> <span class='ocrx_word' id='word_1_432' title='bbox 922 5609 992 5656; x_wconf 89' lang='lat' dir='ltr'><strong>sic</strong></span> <span class='ocrx_word' id='word_1_433' title='bbox 1023 5605 1379 5654; x_wconf 87' lang='lat' dir='ltr'><strong>instauraretur</strong></span> <span class='ocrx_word' id='word_1_434' title='bbox 1425 5604 1648 5666; x_wconf 83' lang='lat' dir='ltr'><strong>phrasis:</strong></span> <span class='ocrx_word' id='word_1_435' title='bbox 1680 5614 1798 5657; x_wconf 64' lang='lat' dir='ltr'><strong>Nam</strong></span> <span class='ocrx_word' id='word_1_436' title='bbox 1840 5607 1910 5665; x_wconf 73' lang='lat' dir='ltr'><strong>si,</strong></span> 
     </span>
    </p>
   </div>
   <div class='ocr_carea' id='block_1_59' title="bbox 331 5674 828 5726">
    <p class='ocr_par' dir='ltr' id='par_1_59' title="bbox 331 5674 828 5726">
     <span class='ocr_line' id='line_1_59' title="bbox 331 5674 828 5726; baseline 0.002 -12"><span class='ocrx_word' id='word_1_437' title='bbox 331 5679 438 5715; x_wconf 74' lang='lat' dir='ltr'><strong>cum</strong></span> <span class='ocrx_word' id='word_1_438' title='bbox 462 5678 703 5726; x_wconf 63' lang='lat' dir='ltr'><strong>quadam,</strong></span> <span class='ocrx_word' id='word_1_439' title='bbox 733 5674 828 5717; x_wconf 85' lang='lat' dir='ltr'><strong>etc.</strong></span> 
     </span>
    </p>
   </div>
   <div class='ocr_carea' id='block_1_60' title="bbox 394 5726 1386 5792">
    <p class='ocr_par' dir='ltr' id='par_1_60' title="bbox 394 5726 1386 5792">
     <span class='ocr_line' id='line_1_60' title="bbox 394 5726 1386 5792; baseline -0.001 -16"><span class='ocrx_word' id='word_1_440' title='bbox 394 5728 464 5791; x_wconf 81' lang='lat' dir='ltr'><strong>(a)</strong></span> <span class='ocrx_word' id='word_1_441' title='bbox 492 5730 572 5779; x_wconf 80' lang='lat' dir='ltr'><strong>Hic</strong></span> <span class='ocrx_word' id='word_1_442' title='bbox 589 5730 750 5792; x_wconf 70' lang='lat' dir='ltr'><strong>agitur</strong></span> <span class='ocrx_word' id='word_1_443' title='bbox 773 5728 838 5780; x_wconf 86' lang='lat' dir='ltr'><strong>de</strong></span> <span class='ocrx_word' id='word_1_444' title='bbox 861 5727 1130 5779; x_wconf 67' lang='lat' dir='ltr'><strong>itaet-conio</strong></span> <span class='ocrx_word' id='word_1_445' title='bbox 1154 5726 1386 5776; x_wconf 78' lang='lat' dir='ltr'><strong>monacho</strong></span> 
     </span>
    </p>
   </div>
   <div class='ocr_carea' id='block_1_61' title="bbox 1029 332 2514 393">
    <p class='ocr_par' dir='ltr' id='par_1_61' title="bbox 1029 332 2514 393">
     <span class='ocr_line' id='line_1_61' title="bbox 1029 332 2514 393; baseline -0.001 -1"><span class='ocrx_word' id='word_1_446' title='bbox 1029 336 1120 392; x_wconf 79' lang='lat' dir='ltr'><strong>AD</strong></span> <span class='ocrx_word' id='word_1_447' title='bbox 1159 334 1482 393; x_wconf 73' lang='lat' dir='ltr'><strong>POPULUM</strong></span> <span class='ocrx_word' id='word_1_448' title='bbox 1521 332 2012 390; x_wconf 77' lang='lat' dir='ltr'><strong>ANTIOCHENUM</strong></span> <span class='ocrx_word' id='word_1_449' title='bbox 2074 332 2307 392; x_wconf 75' lang='grc' dir='ltr'><strong>ιιοωι.</strong></span> <span class='ocrx_word' id='word_1_450' title='bbox 2348 333 2514 392; x_wconf 73' lang='lat' dir='ltr'><strong>XVII.</strong></span> 
     </span>
    </p>
   </div>
   <div class='ocr_carea' id='block_1_62' title="bbox 3469 333 3564 392">
    <p class='ocr_par' dir='ltr' id='par_1_62' title="bbox 3469 333 3564 392">
     <span class='ocr_line' id='line_1_62' title="bbox 3469 333 3564 392; baseline -0.011 -2"><span class='ocrx_word' id='word_1_451' title='bbox 3469 333 3564 392; x_wconf 64' lang='grc'><strong>174</strong></span> 
     </span>
    </p>
   </div>
   <div class='ocr_carea' id='block_1_63' title="bbox 1979 444 3567 507">
    <p class='ocr_par' dir='ltr' id='par_1_63' title="bbox 1979 444 3567 507">
     <span class='ocr_line' id='line_1_63' title="bbox 1979 444 3567 507; baseline 0 -7"><span class='ocrx_word' id='word_1_452' title='bbox 1979 455 2104 502; x_wconf 90' lang='lat' dir='ltr'><strong>tunc</strong></span> <span class='ocrx_word' id='word_1_453' title='bbox 2128 446 2397 502; x_wconf 90' lang='lat' dir='ltr'><strong>civitatem</strong></span> <span class='ocrx_word' id='word_1_454' title='bbox 2424 445 2793 507; x_wconf 71' lang='lat' dir='ltr'><strong>deseruerunt.</strong></span> <span class='ocrx_word' id='word_1_455' title='bbox 2823 444 3128 501; x_wconf 87' lang='lat' dir='ltr'><strong>resilierunt</strong></span> <span class='ocrx_word' id='word_1_456' title='bbox 3154 459 3362 507; x_wconf 86' lang='lat' dir='ltr'><strong>omnes.</strong></span> <span class='ocrx_word' id='word_1_457' title='bbox 3391 445 3444 499; x_wconf 91' lang='lat' dir='ltr'><strong>ln</strong></span> <span class='ocrx_word' id='word_1_458' title='bbox 3473 461 3567 500; x_wconf 80' lang='lat' dir='ltr'><strong>ca-</strong></span> 
     </span>
    </p>
   </div>
   <div class='ocr_carea' id='block_1_64' title="bbox 1975 534 3569 605">
    <p class='ocr_par' dir='ltr' id='par_1_64' title="bbox 1975 534 3569 605">
     <span class='ocr_line' id='line_1_64' title="bbox 1975 534 3569 605; baseline -0.002 -15"><span class='ocrx_word' id='word_1_459' title='bbox 1975 551 2168 591; x_wconf 83' lang='lat' dir='ltr'><strong>vernas</strong></span> <span class='ocrx_word' id='word_1_460' title='bbox 2195 535 2395 591; x_wconf 89' lang='lat' dir='ltr'><strong>conditi</strong></span> <span class='ocrx_word' id='word_1_461' title='bbox 2423 545 2579 601; x_wconf 88' lang='lat' dir='ltr'><strong>sunt;</strong></span> <span class='ocrx_word' id='word_1_462' title='bbox 2606 535 2705 591; x_wconf 91' lang='lat' dir='ltr'><strong>soli</strong></span> <span class='ocrx_word' id='word_1_463' title='bbox 2731 550 2858 592; x_wconf 87' lang='lat' dir='ltr'><strong>vero</strong></span> <span class='ocrx_word' id='word_1_464' title='bbox 2883 537 2971 604; x_wconf 91' lang='lat' dir='ltr'><strong>qui</strong></span> <span class='ocrx_word' id='word_1_465' title='bbox 2997 550 3093 605; x_wconf 84' lang='lat' dir='ltr'><strong>per</strong></span> <span class='ocrx_word' id='word_1_466' title='bbox 3115 550 3276 604; x_wconf 87' lang='lat' dir='ltr'><strong>opera</strong></span> <span class='ocrx_word' id='word_1_467' title='bbox 3304 550 3426 590; x_wconf 90' lang='lat' dir='ltr'><strong>vere</strong></span> <span class='ocrx_word' id='word_1_468' title='bbox 3454 534 3569 604; x_wconf 86' lang='lat' dir='ltr'><strong>phi-</strong></span> 
     </span>
    </p>
   </div>
   <div class='ocr_carea' id='block_1_65' title="bbox 1980 626 3569 699">
    <p class='ocr_par' dir='ltr' id='par_1_65' title="bbox 1980 626 3569 699">
     <span class='ocr_line' id='line_1_65' title="bbox 1980 626 3569 699; baseline -0.004 -15"><span class='ocrx_word' id='word_1_469' title='bbox 1980 628 2275 699; x_wconf 90' lang='lat' dir='ltr'><strong>losophiam</strong></span> <span class='ocrx_word' id='word_1_470' title='bbox 2303 627 2590 695; x_wconf 86' lang='lat' dir='ltr'><strong>exhibent,</strong></span> <span class='ocrx_word' id='word_1_471' title='bbox 2623 643 2685 683; x_wconf 92' lang='lat' dir='ltr'><strong>ac</strong></span> <span class='ocrx_word' id='word_1_472' title='bbox 2724 629 2767 682; x_wconf 89' lang='lat' dir='ltr'><strong>si</strong></span> <span class='ocrx_word' id='word_1_473' title='bbox 2817 627 3018 682; x_wconf 91' lang='lat' dir='ltr'><strong>nullum</strong></span> <span class='ocrx_word' id='word_1_474' title='bbox 3057 627 3324 682; x_wconf 89' lang='lat' dir='ltr'><strong>civitatem</strong></span> <span class='ocrx_word' id='word_1_475' title='bbox 3371 626 3569 692; x_wconf 83' lang='lat' dir='ltr'><strong>malum</strong></span> 
     </span>
    </p>
   </div>
   <div class='ocr_carea' id='block_1_66' title="bbox 1979 717 3568 790">
    <p class='ocr_par' dir='ltr' id='par_1_66' title="bbox 1979 717 3568 790">
     <span class='ocr_line' id='line_1_66' title="bbox 1979 717 3568 790; baseline -0.003 -15"><span class='ocrx_word' id='word_1_476' title='bbox 1979 719 2514 789; x_wconf 85' lang='lat' dir='ltr'><strong>comprehendisset,</strong></span> <span class='ocrx_word' id='word_1_477' title='bbox 2544 720 2620 775; x_wconf 90' lang='lat' dir='ltr'><strong>sic</strong></span> <span class='ocrx_word' id='word_1_478' title='bbox 2659 719 2919 790; x_wconf 89' lang='lat' dir='ltr'><strong>intrepide</strong></span> <span class='ocrx_word' id='word_1_479' title='bbox 2950 719 3002 774; x_wconf 93' lang='lat' dir='ltr'><strong>in</strong></span> <span class='ocrx_word' id='word_1_480' title='bbox 3044 717 3160 774; x_wconf 83' lang='lat' dir='ltr'><strong>foro</strong></span> <span class='ocrx_word' id='word_1_481' title='bbox 3191 725 3568 788; x_wconf 88' lang='lat' dir='ltr'><strong>apparuerunt.</strong></span> 
     </span>
    </p>
   </div>
   <div class='ocr_carea' id='block_1_67' title="bbox 1981 807 3570 880">
    <p class='ocr_par' dir='ltr' id='par_1_67' title="bbox 1981 807 3570 880">
     <span class='ocr_line' id='line_1_67' title="bbox 1981 807 3570 880; baseline -0.003 -16"><span class='ocrx_word' id='word_1_482' title='bbox 1981 809 2049 865; x_wconf 82' lang='lat' dir='ltr'><strong>Et</strong></span> <span class='ocrx_word' id='word_1_483' title='bbox 2089 809 2274 866; x_wconf 90' lang='lat' dir='ltr'><strong>urbem</strong></span> <span class='ocrx_word' id='word_1_484' title='bbox 2317 810 2530 880; x_wconf 90' lang='lat' dir='ltr'><strong>quidem</strong></span> <span class='ocrx_word' id='word_1_485' title='bbox 2573 809 2908 875; x_wconf 88' lang='lat' dir='ltr'><strong>habitantes,</strong></span> <span class='ocrx_word' id='word_1_486' title='bbox 2934 809 2999 865; x_wconf 90' lang='lat' dir='ltr'><strong>ad</strong></span> <span class='ocrx_word' id='word_1_487' title='bbox 3030 818 3238 865; x_wconf 90' lang='lat' dir='ltr'><strong>montes</strong></span> <span class='ocrx_word' id='word_1_488' title='bbox 3271 817 3327 863; x_wconf 92' lang='lat' dir='ltr'><strong>et</strong></span> <span class='ocrx_word' id='word_1_489' title='bbox 3360 807 3570 862; x_wconf 87' lang='lat' dir='ltr'><strong>deserta</strong></span> 
     </span>
    </p>
   </div>
   <div class='ocr_carea' id='block_1_68' title="bbox 1983 898 3574 970">
    <p class='ocr_par' dir='ltr' id='par_1_68' title="bbox 1983 898 3574 970">
     <span class='ocr_line' id='line_1_68' title="bbox 1983 898 3574 970; baseline 0 -17"><span class='ocrx_word' id='word_1_490' title='bbox 1983 900 2360 967; x_wconf 87' lang='lat' dir='ltr'><strong>avolaverunt;</strong></span> <span class='ocrx_word' id='word_1_491' title='bbox 2405 901 2573 958; x_wconf 90' lang='lat' dir='ltr'><strong>eremi</strong></span> <span class='ocrx_word' id='word_1_492' title='bbox 2617 917 2745 957; x_wconf 92' lang='lat' dir='ltr'><strong>vero</strong></span> <span class='ocrx_word' id='word_1_493' title='bbox 2791 902 2978 957; x_wconf 61' lang='lat' dir='ltr'><strong>incola:</strong></span> <span class='ocrx_word' id='word_1_494' title='bbox 3023 901 3075 956; x_wconf 92' lang='lat' dir='ltr'><strong>in</strong></span> <span class='ocrx_word' id='word_1_495' title='bbox 3125 899 3308 956; x_wconf 85' lang='lat' dir='ltr'><strong>urbem</strong></span> <span class='ocrx_word' id='word_1_496' title='bbox 3353 898 3574 970; x_wconf 76' lang='lat' dir='ltr'><strong>ingressi</strong></span> 
     </span>
    </p>
   </div>
   <div class='ocr_carea' id='block_1_69' title="bbox 1987 990 3575 1062">
    <p class='ocr_par' dir='ltr' id='par_1_69' title="bbox 1987 990 3575 1062">
     <span class='ocr_line' id='line_1_69' title="bbox 1987 990 3575 1062; baseline -0.002 -15"><span class='ocrx_word' id='word_1_497' title='bbox 1987 1001 2110 1047; x_wconf 91' lang='lat' dir='ltr'><strong>sunt</strong></span> <span class='ocrx_word' id='word_1_498' title='bbox 2131 1032 2144 1054; x_wconf 89' lang='lat'><strong>,</strong></span> <span class='ocrx_word' id='word_1_499' title='bbox 2177 1007 2270 1062; x_wconf 90' lang='lat' dir='ltr'><strong>per</strong></span> <span class='ocrx_word' id='word_1_500' title='bbox 2295 991 2409 1062; x_wconf 89' lang='lat' dir='ltr'><strong>ipsa</strong></span> <span class='ocrx_word' id='word_1_501' title='bbox 2439 992 2867 1049; x_wconf 88' lang='lat' dir='ltr'><strong>demonstrantes</strong></span> <span class='ocrx_word' id='word_1_502' title='bbox 2889 1007 3051 1062; x_wconf 91' lang='lat' dir='ltr'><strong>opera</strong></span> <span class='ocrx_word' id='word_1_503' title='bbox 3087 1006 3180 1045; x_wconf 83' lang='lat' dir='ltr'><strong>sua</strong></span> <span class='ocrx_word' id='word_1_504' title='bbox 3201 1032 3218 1058; x_wconf 93' lang='lat'><strong>,</strong></span> <span class='ocrx_word' id='word_1_505' title='bbox 3244 990 3388 1062; x_wconf 89' lang='lat' dir='ltr'><strong>quod</strong></span> <span class='ocrx_word' id='word_1_506' title='bbox 3415 1004 3575 1060; x_wconf 89' lang='lat' dir='ltr'><strong>supe-</strong></span> 
     </span>
    </p>
   </div>
   <div class='ocr_carea' id='block_1_70' title="bbox 1987 1080 3577 1150">
    <p class='ocr_par' dir='ltr' id='par_1_70' title="bbox 1987 1080 3577 1150">
     <span class='ocr_line' id='line_1_70' title="bbox 1987 1080 3577 1150; baseline -0.001 -14"><span class='ocrx_word' id='word_1_507' title='bbox 1987 1081 2217 1136; x_wconf 86' lang='lat' dir='ltr'><strong>rioribus</strong></span> <span class='ocrx_word' id='word_1_508' title='bbox 2237 1081 2425 1137; x_wconf 88' lang='lat' dir='ltr'><strong>diebus</strong></span> <span class='ocrx_word' id='word_1_509' title='bbox 2455 1097 2560 1137; x_wconf 92' lang='lat' dir='ltr'><strong>non</strong></span> <span class='ocrx_word' id='word_1_510' title='bbox 2587 1082 2767 1138; x_wconf 89' lang='lat' dir='ltr'><strong>destiti</strong></span> <span class='ocrx_word' id='word_1_511' title='bbox 2792 1082 2993 1145; x_wconf 89' lang='lat' dir='ltr'><strong>dicere,</strong></span> <span class='ocrx_word' id='word_1_512' title='bbox 3023 1095 3213 1150; x_wconf 90' lang='lat' dir='ltr'><strong>nempe</strong></span> <span class='ocrx_word' id='word_1_513' title='bbox 3237 1095 3359 1135; x_wconf 90' lang='lat' dir='ltr'><strong>cum</strong></span> <span class='ocrx_word' id='word_1_514' title='bbox 3384 1080 3577 1135; x_wconf 78' lang='lat' dir='ltr'><strong>virtute</strong></span> 
     </span>
    </p>
   </div>
   <div class='ocr_carea' id='block_1_71' title="bbox 2000 1163 3573 1234">
    <p class='ocr_par' dir='ltr' id='par_1_71' title="bbox 2000 1163 3573 1234">
     <span class='ocr_line' id='line_1_71' title="bbox 2000 1163 3573 1234; baseline -0.001 -15"><span class='ocrx_word' id='word_1_515' title='bbox 2000 1168 2270 1220; x_wconf 91' lang='lat' dir='ltr'><strong>viventem</strong></span> <span class='ocrx_word' id='word_1_516' title='bbox 2306 1177 2483 1233; x_wconf 91' lang='lat' dir='ltr'><strong>neque</strong></span> <span class='ocrx_word' id='word_1_517' title='bbox 2511 1163 2788 1218; x_wconf 78' lang='lat' dir='ltr'><strong>fornacem</strong></span> <span class='ocrx_word' id='word_1_518' title='bbox 2817 1163 3116 1233; x_wconf 84' lang='lat' dir='ltr'><strong>quidquam</strong></span> <span class='ocrx_word' id='word_1_519' title='bbox 3146 1165 3338 1219; x_wconf 67' lang='lat' dir='ltr'><strong>laedere</strong></span> <span class='ocrx_word' id='word_1_520' title='bbox 3364 1178 3526 1234; x_wconf 86' lang='lat' dir='ltr'><strong>posse</strong></span> <span class='ocrx_word' id='word_1_521' title='bbox 3558 1178 3573 1218; x_wconf 85' lang='lat'><strong>:</strong></span> 
     </span>
    </p>
   </div>
   <div class='ocr_carea' id='block_1_72' title="bbox 1999 1253 3577 1323">
    <p class='ocr_par' dir='ltr' id='par_1_72' title="bbox 1999 1253 3577 1323">
     <span class='ocr_line' id='line_1_72' title="bbox 1999 1253 3577 1323; baseline 0 -14"><span class='ocrx_word' id='word_1_522' title='bbox 1999 1265 2150 1310; x_wconf 90' lang='lat' dir='ltr'><strong>tanto</strong></span> <span class='ocrx_word' id='word_1_523' title='bbox 2166 1255 2465 1310; x_wconf 64' lang='lat' dir='ltr'><strong>estanimas</strong></span> <span class='ocrx_word' id='word_1_524' title='bbox 2481 1253 2748 1323; x_wconf 88' lang='lat' dir='ltr'><strong>sapientia</strong></span> <span class='ocrx_word' id='word_1_525' title='bbox 2768 1255 3022 1310; x_wconf 89' lang='lat' dir='ltr'><strong>omnibus</strong></span> <span class='ocrx_word' id='word_1_526' title='bbox 3043 1254 3352 1320; x_wconf 87' lang='lat' dir='ltr'><strong>sublimior,</strong></span> <span class='ocrx_word' id='word_1_527' title='bbox 3369 1262 3425 1310; x_wconf 90' lang='lat' dir='ltr'><strong>et</strong></span> <span class='ocrx_word' id='word_1_528' title='bbox 3447 1269 3577 1309; x_wconf 75' lang='lat' dir='ltr'><strong>sM-</strong></span> 
     </span>
    </p>
   </div>
   <div class='ocr_carea' id='block_1_73' title="bbox 1998 1343 3575 1410">
    <p class='ocr_par' dir='ltr' id='par_1_73' title="bbox 1998 1343 3575 1410">
     <span class='ocr_line' id='line_1_73' title="bbox 1998 1343 3575 1410; baseline -0.002 -9"><span class='ocrx_word' id='word_1_529' title='bbox 1998 1348 2157 1401; x_wconf 66' lang='lat' dir='ltr'><strong>vibus</strong></span> <span class='ocrx_word' id='word_1_530' title='bbox 2179 1355 2233 1400; x_wconf 91' lang='lat' dir='ltr'><strong>et</strong></span> <span class='ocrx_word' id='word_1_531' title='bbox 2254 1345 2504 1401; x_wconf 90' lang='lat' dir='ltr'><strong>tristibus</strong></span> <span class='ocrx_word' id='word_1_532' title='bbox 2521 1345 2734 1401; x_wconf 89' lang='lat' dir='ltr'><strong>cunctis</strong></span> <span class='ocrx_word' id='word_1_533' title='bbox 2759 1363 2773 1399; x_wconf 90' lang='lat'><strong>:</strong></span> <span class='ocrx_word' id='word_1_534' title='bbox 2799 1360 2900 1400; x_wconf 90' lang='lat' dir='ltr'><strong>nec</strong></span> <span class='ocrx_word' id='word_1_535' title='bbox 2917 1346 3061 1400; x_wconf 90' lang='lat' dir='ltr'><strong>enim</strong></span> <span class='ocrx_word' id='word_1_536' title='bbox 3083 1345 3135 1399; x_wconf 90' lang='lat' dir='ltr'><strong>in</strong></span> <span class='ocrx_word' id='word_1_537' title='bbox 3161 1345 3265 1400; x_wconf 90' lang='lat' dir='ltr'><strong>illis</strong></span> <span class='ocrx_word' id='word_1_538' title='bbox 3283 1343 3575 1410; x_wconf 83' lang='lat' dir='ltr'><strong>mollescit,</strong></span> 
     </span>
    </p>
   </div>
   <div class='ocr_carea' id='block_1_74' title="bbox 1998 1431 3578 1502">
    <p class='ocr_par' dir='ltr' id='par_1_74' title="bbox 1998 1431 3578 1502">
     <span class='ocr_line' id='line_1_74' title="bbox 1998 1431 3578 1502; baseline -0.003 -13"><span class='ocrx_word' id='word_1_539' title='bbox 1998 1451 2097 1490; x_wconf 89' lang='lat' dir='ltr'><strong>nec</strong></span> <span class='ocrx_word' id='word_1_540' title='bbox 2117 1435 2204 1490; x_wconf 93' lang='lat' dir='ltr'><strong>his</strong></span> <span class='ocrx_word' id='word_1_541' title='bbox 2221 1433 2567 1489; x_wconf 88' lang='lat' dir='ltr'><strong>contrahitur</strong></span> <span class='ocrx_word' id='word_1_542' title='bbox 2583 1433 3003 1499; x_wconf 81' lang='lat' dir='ltr'><strong>et‘humiliatur,</strong></span> <span class='ocrx_word' id='word_1_543' title='bbox 3023 1432 3117 1488; x_wconf 90' lang='lat' dir='ltr'><strong>sed</strong></span> <span class='ocrx_word' id='word_1_544' title='bbox 3137 1448 3232 1502; x_wconf 90' lang='lat' dir='ltr'><strong>per</strong></span> <span class='ocrx_word' id='word_1_545' title='bbox 3251 1431 3437 1500; x_wconf 84' lang='lat' dir='ltr'><strong>omnia</strong></span> <span class='ocrx_word' id='word_1_546' title='bbox 3461 1444 3578 1485; x_wconf 79' lang='lat' dir='ltr'><strong>ma-</strong></span> 
     </span>
    </p>
   </div>
   <div class='ocr_carea' id='block_1_75' title="bbox 1996 1521 3578 1596">
    <p class='ocr_par' dir='ltr' id='par_1_75' title="bbox 1996 1521 3578 1596">
     <span class='ocr_line' id='line_1_75' title="bbox 1996 1521 3578 1596; baseline -0.004 -16"><span class='ocrx_word' id='word_1_547' title='bbox 1996 1533 2089 1580; x_wconf 89' lang='lat' dir='ltr'><strong>net</strong></span> <span class='ocrx_word' id='word_1_548' title='bbox 2104 1526 2353 1596; x_wconf 65' lang='lat' dir='ltr'><strong>aaqualis,</strong></span> <span class='ocrx_word' id='word_1_549' title='bbox 2378 1524 2651 1595; x_wconf 81' lang='lat' dir='ltr'><strong>propriam</strong></span> <span class='ocrx_word' id='word_1_550' title='bbox 2679 1523 3054 1579; x_wconf 88' lang='lat' dir='ltr'><strong>fortitudinem</strong></span> <span class='ocrx_word' id='word_1_551' title='bbox 3078 1532 3132 1578; x_wconf 86' lang='lat' dir='ltr'><strong>et</strong></span> <span class='ocrx_word' id='word_1_552' title='bbox 3153 1523 3262 1578; x_wconf 91' lang='lat' dir='ltr'><strong>vim</strong></span> <span class='ocrx_word' id='word_1_553' title='bbox 3287 1521 3578 1578; x_wconf 83' lang='lat' dir='ltr'><strong>exhibens.</strong></span> 
     </span>
    </p>
   </div>
   <div class='ocr_carea' id='block_1_76' title="bbox 1990 1609 3580 1683">
    <p class='ocr_par' dir='ltr' id='par_1_76' title="bbox 1990 1609 3580 1683">
     <span class='ocr_line' id='line_1_76' title="bbox 1990 1609 3580 1683; baseline 0.003 -20"><span class='ocrx_word' id='word_1_554' title='bbox 1990 1610 2157 1678; x_wconf 87' lang='lat' dir='ltr'><strong>Quem</strong></span> <span class='ocrx_word' id='word_1_555' title='bbox 2193 1611 2336 1665; x_wconf 92' lang='lat' dir='ltr'><strong>enim</strong></span> <span class='ocrx_word' id='word_1_556' title='bbox 2374 1627 2480 1667; x_wconf 88' lang='lat' dir='ltr'><strong>non</strong></span> <span class='ocrx_word' id='word_1_557' title='bbox 2511 1620 2813 1680; x_wconf 90' lang='lat' dir='ltr'><strong>superasset</strong></span> <span class='ocrx_word' id='word_1_558' title='bbox 2843 1612 3121 1681; x_wconf 68' lang='lat' dir='ltr'><strong>prtesentis</strong></span> <span class='ocrx_word' id='word_1_559' title='bbox 3152 1612 3408 1683; x_wconf 88' lang='lat' dir='ltr'><strong>temporis</strong></span> <span class='ocrx_word' id='word_1_560' title='bbox 3438 1609 3580 1668; x_wconf 86' lang='lat' dir='ltr'><strong>difﬁ-</strong></span> 
     </span>
    </p>
   </div>
   <div class='ocr_carea' id='block_1_77' title="bbox 1991 1703 3581 1775">
    <p class='ocr_par' dir='ltr' id='par_1_77' title="bbox 1991 1703 3581 1775">
     <span class='ocr_line' id='line_1_77' title="bbox 1991 1703 3581 1775; baseline -0.001 -18"><span class='ocrx_word' id='word_1_561' title='bbox 1991 1703 2196 1774; x_wconf 77' lang='lat' dir='ltr'><strong>cultas?</strong></span> <span class='ocrx_word' id='word_1_562' title='bbox 2241 1703 2498 1757; x_wconf 87' lang='lat' dir='ltr'><strong>Proceres</strong></span> <span class='ocrx_word' id='word_1_563' title='bbox 2541 1711 2738 1757; x_wconf 78' lang='lat' dir='ltr'><strong>nostra:</strong></span> <span class='ocrx_word' id='word_1_564' title='bbox 2783 1703 3091 1773; x_wconf 52' lang='lat' dir='ltr'><strong>reipublicae</strong></span> <span class='ocrx_word' id='word_1_565' title='bbox 3138 1703 3192 1757; x_wconf 91' lang='lat' dir='ltr'><strong>in</strong></span> <span class='ocrx_word' id='word_1_566' title='bbox 3234 1704 3581 1775; x_wconf 70' lang='lat' dir='ltr'><strong>potestatibus</strong></span> 
     </span>
    </p>
   </div>
   <div class='ocr_carea' id='block_1_78' title="bbox 1993 1791 3584 1862">
    <p class='ocr_par' dir='ltr' id='par_1_78' title="bbox 1993 1791 3584 1862">
     <span class='ocr_line' id='line_1_78' title="bbox 1993 1791 3584 1862; baseline -0.001 -16"><span class='ocrx_word' id='word_1_567' title='bbox 1993 1793 2344 1857; x_wconf 85' lang='lat' dir='ltr'><strong>exsistentes,</strong></span> <span class='ocrx_word' id='word_1_568' title='bbox 2391 1792 2607 1848; x_wconf 88' lang='lat' dir='ltr'><strong>divitias</strong></span> <span class='ocrx_word' id='word_1_569' title='bbox 2650 1794 2940 1847; x_wconf 91' lang='lat' dir='ltr'><strong>immensas</strong></span> <span class='ocrx_word' id='word_1_570' title='bbox 2982 1792 3184 1859; x_wconf 89' lang='lat' dir='ltr'><strong>sortiti,</strong></span> <span class='ocrx_word' id='word_1_571' title='bbox 3228 1791 3319 1862; x_wconf 87' lang='lat' dir='ltr'><strong>qui</strong></span> <span class='ocrx_word' id='word_1_572' title='bbox 3364 1791 3584 1846; x_wconf 85' lang='lat' dir='ltr'><strong>multam</strong></span> 
     </span>
    </p>
   </div>
   <div class='ocr_carea' id='block_1_79' title="bbox 1993 1883 3584 1953">
    <p class='ocr_par' dir='ltr' id='par_1_79' title="bbox 1993 1883 3584 1953">
     <span class='ocr_line' id='line_1_79' title="bbox 1993 1883 3584 1953; baseline 0 -16"><span class='ocrx_word' id='word_1_573' title='bbox 1993 1884 2133 1952; x_wconf 89' lang='lat' dir='ltr'><strong>apud</strong></span> <span class='ocrx_word' id='word_1_574' title='bbox 2171 1883 2548 1953; x_wconf 80' lang='lat' dir='ltr'><strong>Imperatorem</strong></span> <span class='ocrx_word' id='word_1_575' title='bbox 2591 1883 2837 1938; x_wconf 89' lang='lat' dir='ltr'><strong>ﬁduciam</strong></span> <span class='ocrx_word' id='word_1_576' title='bbox 2876 1884 3176 1950; x_wconf 87' lang='lat' dir='ltr'><strong>habebant,</strong></span> <span class='ocrx_word' id='word_1_577' title='bbox 3213 1883 3404 1939; x_wconf 91' lang='lat' dir='ltr'><strong>domos</strong></span> <span class='ocrx_word' id='word_1_578' title='bbox 3429 1883 3584 1938; x_wconf 85' lang='lat' dir='ltr'><strong>dese-</strong></span> 
     </span>
    </p>
   </div>
   <div class='ocr_carea' id='block_1_80' title="bbox 1997 1973 3584 2044">
    <p class='ocr_par' dir='ltr' id='par_1_80' title="bbox 1997 1973 3584 2044">
     <span class='ocr_line' id='line_1_80' title="bbox 1997 1973 3584 2044; baseline -0.001 -17"><span class='ocrx_word' id='word_1_579' title='bbox 1997 1983 2176 2028; x_wconf 90' lang='lat' dir='ltr'><strong>rentes</strong></span> <span class='ocrx_word' id='word_1_580' title='bbox 2204 1974 2365 2028; x_wconf 89' lang='lat' dir='ltr'><strong>orbas</strong></span> <span class='ocrx_word' id='word_1_581' title='bbox 2387 2014 2402 2041; x_wconf 95' lang='lat'><strong>,</strong></span> <span class='ocrx_word' id='word_1_582' title='bbox 2429 1989 2618 2029; x_wconf 89' lang='lat' dir='ltr'><strong>omnes</strong></span> <span class='ocrx_word' id='word_1_583' title='bbox 2644 1974 2711 2028; x_wconf 93' lang='lat' dir='ltr'><strong>de</strong></span> <span class='ocrx_word' id='word_1_584' title='bbox 2738 1976 2950 2044; x_wconf 85' lang='lat' dir='ltr'><strong>prepria</strong></span> <span class='ocrx_word' id='word_1_585' title='bbox 2977 1975 3144 2030; x_wconf 89' lang='lat' dir='ltr'><strong>salute</strong></span> <span class='ocrx_word' id='word_1_586' title='bbox 3168 1973 3543 2030; x_wconf 83' lang='lat' dir='ltr'><strong>consultabant</strong></span> <span class='ocrx_word' id='word_1_587' title='bbox 3567 1989 3584 2025; x_wconf 79' lang='grc' dir='ltr'>ς</span> 
     </span>
    </p>
   </div>
   <div class='ocr_carea' id='block_1_81' title="bbox 1995 2063 3586 2134">
    <p class='ocr_par' dir='ltr' id='par_1_81' title="bbox 1995 2063 3586 2134">
     <span class='ocr_line' id='line_1_81' title="bbox 1995 2063 3586 2134; baseline -0.001 -16"><span class='ocrx_word' id='word_1_588' title='bbox 1995 2075 2049 2119; x_wconf 91' lang='lat' dir='ltr'><strong>et</strong></span> <span class='ocrx_word' id='word_1_589' title='bbox 2093 2065 2326 2119; x_wconf 83' lang='lat' dir='ltr'><strong>amicitia</strong></span> <span class='ocrx_word' id='word_1_590' title='bbox 2364 2066 2542 2119; x_wconf 88' lang='lat' dir='ltr'><strong>omnis</strong></span> <span class='ocrx_word' id='word_1_591' title='bbox 2584 2074 2638 2119; x_wconf 89' lang='lat' dir='ltr'><strong>et</strong></span> <span class='ocrx_word' id='word_1_592' title='bbox 2679 2065 2924 2134; x_wconf 81' lang='lat' dir='ltr'><strong>cognatio</strong></span> <span class='ocrx_word' id='word_1_593' title='bbox 2955 2073 3081 2118; x_wconf 90' lang='lat' dir='ltr'><strong>tunc</strong></span> <span class='ocrx_word' id='word_1_594' title='bbox 3117 2063 3501 2132; x_wconf 87' lang='lat' dir='ltr'><strong>superabatur,</strong></span> <span class='ocrx_word' id='word_1_595' title='bbox 3537 2071 3586 2118; x_wconf 91' lang='lat' dir='ltr'><strong>et</strong></span> 
     </span>
    </p>
   </div>
   <div class='ocr_carea' id='block_1_82' title="bbox 1997 2153 3587 2223">
    <p class='ocr_par' dir='ltr' id='par_1_82' title="bbox 1997 2153 3587 2223">
     <span class='ocr_line' id='line_1_82' title="bbox 1997 2153 3587 2223; baseline 0.003 -19"><span class='ocrx_word' id='word_1_596' title='bbox 1997 2169 2132 2223; x_wconf 86' lang='lat' dir='ltr'><strong>quos</strong></span> <span class='ocrx_word' id='word_1_597' title='bbox 2158 2154 2284 2208; x_wconf 91' lang='lat' dir='ltr'><strong>olim</strong></span> <span class='ocrx_word' id='word_1_598' title='bbox 2317 2163 2593 2219; x_wconf 84' lang='lat' dir='ltr'><strong>neverant,</strong></span> <span class='ocrx_word' id='word_1_599' title='bbox 2628 2154 2680 2208; x_wconf 90' lang='lat' dir='ltr'><strong>in</strong></span> <span class='ocrx_word' id='word_1_600' title='bbox 2708 2162 2947 2221; x_wconf 90' lang='lat' dir='ltr'><strong>tempore</strong></span> <span class='ocrx_word' id='word_1_601' title='bbox 2973 2153 3291 2209; x_wconf 87' lang='lat' dir='ltr'><strong>calamitatis</strong></span> <span class='ocrx_word' id='word_1_602' title='bbox 3319 2154 3415 2208; x_wconf 90' lang='lat' dir='ltr'><strong>hos</strong></span> <span class='ocrx_word' id='word_1_603' title='bbox 3441 2153 3587 2223; x_wconf 84' lang='lat' dir='ltr'><strong>igno-</strong></span> 
     </span>
    </p>
   </div>
   <div class='ocr_carea' id='block_1_83' title="bbox 1999 2232 3585 2315">
    <p class='ocr_par' dir='ltr' id='par_1_83' title="bbox 1999 2232 3585 2315">
     <span class='ocr_line' id='line_1_83' title="bbox 1999 2232 3585 2315; baseline 0 -16"><span class='ocrx_word' id='word_1_604' title='bbox 1999 2260 2118 2299; x_wconf 88' lang='lat' dir='ltr'><strong>rare</strong></span> <span class='ocrx_word' id='word_1_605' title='bbox 2143 2253 2196 2300; x_wconf 91' lang='lat' dir='ltr'><strong>et</strong></span> <span class='ocrx_word' id='word_1_606' title='bbox 2220 2245 2287 2299; x_wconf 89' lang='lat' dir='ltr'><strong>ab</strong></span> <span class='ocrx_word' id='word_1_607' title='bbox 2315 2245 2433 2300; x_wconf 89' lang='lat' dir='ltr'><strong>aliis</strong></span> <span class='ocrx_word' id='word_1_608' title='bbox 2461 2232 2689 2315; x_wconf 89' lang='lat' dir='ltr'><strong>ignorari</strong></span> <span class='ocrx_word' id='word_1_609' title='bbox 2718 2246 2990 2314; x_wconf 90' lang='lat' dir='ltr'><strong>optabant.</strong></span> <span class='ocrx_word' id='word_1_610' title='bbox 3022 2245 3260 2300; x_wconf 74' lang='lat' dir='ltr'><strong>Ilonachi</strong></span> <span class='ocrx_word' id='word_1_611' title='bbox 3295 2259 3452 2311; x_wconf 92' lang='lat' dir='ltr'><strong>vero,</strong></span> <span class='ocrx_word' id='word_1_612' title='bbox 3486 2243 3585 2299; x_wconf 86' lang='lat' dir='ltr'><strong>ho-</strong></span> 
     </span>
    </p>
   </div>
   <div class='ocr_carea' id='block_1_84' title="bbox 1998 2320 3586 2405">
    <p class='ocr_par' dir='ltr' id='par_1_84' title="bbox 1998 2320 3586 2405">
     <span class='ocr_line' id='line_1_84' title="bbox 1998 2320 3586 2405; baseline 0 -17"><span class='ocrx_word' id='word_1_613' title='bbox 1998 2320 2169 2390; x_wconf 90' lang='lat' dir='ltr'><strong>mines</strong></span> <span class='ocrx_word' id='word_1_614' title='bbox 2196 2350 2476 2405; x_wconf 87' lang='lat' dir='ltr'><strong>pauperes,</strong></span> <span class='ocrx_word' id='word_1_615' title='bbox 2507 2344 2654 2391; x_wconf 82' lang='lat' dir='ltr'><strong>veste</strong></span> <span class='ocrx_word' id='word_1_616' title='bbox 2683 2335 2771 2389; x_wconf 87' lang='lat' dir='ltr'><strong>vili</strong></span> <span class='ocrx_word' id='word_1_617' title='bbox 2800 2335 2918 2405; x_wconf 91' lang='lat' dir='ltr'><strong>plus</strong></span> <span class='ocrx_word' id='word_1_618' title='bbox 2943 2335 3074 2390; x_wconf 92' lang='lat' dir='ltr'><strong>nihil</strong></span> <span class='ocrx_word' id='word_1_619' title='bbox 3105 2335 3383 2402; x_wconf 84' lang='lat' dir='ltr'><strong>habentes,</strong></span> <span class='ocrx_word' id='word_1_620' title='bbox 3418 2335 3586 2390; x_wconf 85' lang='lat' dir='ltr'><strong>viven-</strong></span> 
     </span>
    </p>
   </div>
   <div class='ocr_carea' id='block_1_85' title="bbox 2001 2425 3590 2496">
    <p class='ocr_par' dir='ltr' id='par_1_85' title="bbox 2001 2425 3590 2496">
     <span class='ocr_line' id='line_1_85' title="bbox 2001 2425 3590 2496; baseline -0.001 -17"><span class='ocrx_word' id='word_1_621' title='bbox 2001 2434 2080 2480; x_wconf 91' lang='lat' dir='ltr'><strong>tes</strong></span> <span class='ocrx_word' id='word_1_622' title='bbox 2111 2427 2163 2479; x_wconf 89' lang='lat' dir='ltr'><strong>in</strong></span> <span class='ocrx_word' id='word_1_623' title='bbox 2204 2427 2530 2492; x_wconf 90' lang='lat' dir='ltr'><strong>rusticitate,</strong></span> <span class='ocrx_word' id='word_1_624' title='bbox 2563 2426 2691 2480; x_wconf 90' lang='lat' dir='ltr'><strong>nulli</strong></span> <span class='ocrx_word' id='word_1_625' title='bbox 2720 2440 2837 2480; x_wconf 91' lang='lat' dir='ltr'><strong>esse</strong></span> <span class='ocrx_word' id='word_1_626' title='bbox 2865 2434 3183 2496; x_wconf 88' lang='lat' dir='ltr'><strong>apparentes</strong></span> <span class='ocrx_word' id='word_1_627' title='bbox 3202 2466 3216 2492; x_wconf 94' lang='lat'><strong>,</strong></span> <span class='ocrx_word' id='word_1_628' title='bbox 3243 2425 3296 2479; x_wconf 91' lang='lat' dir='ltr'><strong>in</strong></span> <span class='ocrx_word' id='word_1_629' title='bbox 3323 2425 3590 2494; x_wconf 81' lang='lat' dir='ltr'><strong>montibus</strong></span> 
     </span>
    </p>
   </div>
   <div class='ocr_carea' id='block_1_86' title="bbox 2000 2515 3590 2586">
    <p class='ocr_par' dir='ltr' id='par_1_86' title="bbox 2000 2515 3590 2586">
     <span class='ocr_line' id='line_1_86' title="bbox 2000 2515 3590 2586; baseline -0.001 -15"><span class='ocrx_word' id='word_1_630' title='bbox 2000 2525 2054 2571; x_wconf 89' lang='lat' dir='ltr'><strong>et</strong></span> <span class='ocrx_word' id='word_1_631' title='bbox 2079 2516 2303 2571; x_wconf 88' lang='lat' dir='ltr'><strong>saltibus</strong></span> <span class='ocrx_word' id='word_1_632' title='bbox 2335 2524 2630 2582; x_wconf 90' lang='lat' dir='ltr'><strong>versantes,</strong></span> <span class='ocrx_word' id='word_1_633' title='bbox 2661 2515 2804 2572; x_wconf 89' lang='lat' dir='ltr'><strong>velut</strong></span> <span class='ocrx_word' id='word_1_634' title='bbox 2831 2516 3045 2586; x_wconf 91' lang='lat' dir='ltr'><strong>quidam</strong></span> <span class='ocrx_word' id='word_1_635' title='bbox 3086 2516 3287 2580; x_wconf 86' lang='lat' dir='ltr'><strong>leones,</strong></span> <span class='ocrx_word' id='word_1_636' title='bbox 3320 2530 3514 2586; x_wconf 83' lang='lat' dir='ltr'><strong>magno</strong></span> <span class='ocrx_word' id='word_1_637' title='bbox 3540 2530 3590 2570; x_wconf 82' lang='lat' dir='ltr'><strong>ct</strong></span> 
     </span>
    </p>
   </div>
   <div class='ocr_carea' id='block_1_87' title="bbox 2000 2605 3590 2679">
    <p class='ocr_par' dir='ltr' id='par_1_87' title="bbox 2000 2605 3590 2679">
     <span class='ocr_line' id='line_1_87' title="bbox 2000 2605 3590 2679; baseline 0.003 -21"><span class='ocrx_word' id='word_1_638' title='bbox 2000 2605 2109 2660; x_wconf 92' lang='lat' dir='ltr'><strong>alto</strong></span> <span class='ocrx_word' id='word_1_639' title='bbox 2130 2621 2289 2660; x_wconf 91' lang='lat' dir='ltr'><strong>sensu</strong></span> <span class='ocrx_word' id='word_1_640' title='bbox 2313 2606 2541 2679; x_wconf 75' lang='lat' dir='ltr'><strong>praediti,</strong></span> <span class='ocrx_word' id='word_1_641' title='bbox 2559 2606 2806 2662; x_wconf 89' lang='lat' dir='ltr'><strong>omnibus</strong></span> <span class='ocrx_word' id='word_1_642' title='bbox 2828 2605 3116 2676; x_wconf 88' lang='lat' dir='ltr'><strong>pavefactis</strong></span> <span class='ocrx_word' id='word_1_643' title='bbox 3135 2613 3189 2661; x_wconf 90' lang='lat' dir='ltr'><strong>et</strong></span> <span class='ocrx_word' id='word_1_644' title='bbox 3211 2605 3590 2675; x_wconf 82' lang='lat' dir='ltr'><strong>trepidantibus</strong></span> 
     </span>
    </p>
   </div>
   <div class='ocr_carea' id='block_1_88' title="bbox 2003 2696 3591 2765">
    <p class='ocr_par' dir='ltr' id='par_1_88' title="bbox 2003 2696 3591 2765">
     <span class='ocr_line' id='line_1_88' title="bbox 2003 2696 3591 2765; baseline 0.001 -14"><span class='ocrx_word' id='word_1_645' title='bbox 2003 2697 2054 2751; x_wconf 91' lang='lat' dir='ltr'><strong>in</strong></span> <span class='ocrx_word' id='word_1_646' title='bbox 2083 2697 2259 2753; x_wconf 91' lang='lat' dir='ltr'><strong>medio</strong></span> <span class='ocrx_word' id='word_1_647' title='bbox 2284 2697 2660 2765; x_wconf 89' lang='lat' dir='ltr'><strong>consistentes,</strong></span> <span class='ocrx_word' id='word_1_648' title='bbox 2684 2698 2881 2752; x_wconf 90' lang='lat' dir='ltr'><strong>malum</strong></span> <span class='ocrx_word' id='word_1_649' title='bbox 2905 2696 3261 2752; x_wconf 90' lang='lat' dir='ltr'><strong>dissolverunt</strong></span> <span class='ocrx_word' id='word_1_650' title='bbox 3283 2713 3388 2752; x_wconf 89' lang='lat' dir='ltr'><strong>non</strong></span> <span class='ocrx_word' id='word_1_651' title='bbox 3415 2697 3591 2752; x_wconf 74' lang='lat' dir='ltr'><strong>multis</strong></span> 
     </span>
    </p>
   </div>
   <div class='ocr_carea' id='block_1_89' title="bbox 2001 2786 3591 2858">
    <p class='ocr_par' dir='ltr' id='par_1_89' title="bbox 2001 2786 3591 2858">
     <span class='ocr_line' id='line_1_89' title="bbox 2001 2786 3591 2858; baseline 0.001 -17"><span class='ocrx_word' id='word_1_652' title='bbox 2001 2786 2223 2853; x_wconf 89' lang='lat' dir='ltr'><strong>diebus,</strong></span> <span class='ocrx_word' id='word_1_653' title='bbox 2251 2787 2344 2843; x_wconf 90' lang='lat' dir='ltr'><strong>sed</strong></span> <span class='ocrx_word' id='word_1_654' title='bbox 2383 2788 2529 2843; x_wconf 82' lang='lat' dir='ltr'><strong>brevi</strong></span> <span class='ocrx_word' id='word_1_655' title='bbox 2563 2788 2818 2857; x_wconf 88' lang='lat' dir='ltr'><strong>temporis</strong></span> <span class='ocrx_word' id='word_1_656' title='bbox 2846 2797 3138 2842; x_wconf 92' lang='lat' dir='ltr'><strong>momento.</strong></span> <span class='ocrx_word' id='word_1_657' title='bbox 3171 2787 3239 2842; x_wconf 88' lang='lat' dir='ltr'><strong>Et</strong></span> <span class='ocrx_word' id='word_1_658' title='bbox 3265 2787 3402 2842; x_wconf 91' lang='lat' dir='ltr'><strong>sicut</strong></span> <span class='ocrx_word' id='word_1_659' title='bbox 3426 2802 3591 2858; x_wconf 81' lang='lat' dir='ltr'><strong>gene-</strong></span> 
     </span>
    </p>
   </div>
   <div class='ocr_carea' id='block_1_90' title="bbox 2002 2877 3592 2948">
    <p class='ocr_par' dir='ltr' id='par_1_90' title="bbox 2002 2877 3592 2948">
     <span class='ocr_line' id='line_1_90' title="bbox 2002 2877 3592 2948; baseline 0.002 -17"><span class='ocrx_word' id='word_1_660' title='bbox 2002 2877 2110 2932; x_wconf 89' lang='lat' dir='ltr'><strong>rosi</strong></span> <span class='ocrx_word' id='word_1_661' title='bbox 2137 2877 2424 2933; x_wconf 91' lang='lat' dir='ltr'><strong>bellatores</strong></span> <span class='ocrx_word' id='word_1_662' title='bbox 2448 2893 2553 2932; x_wconf 92' lang='lat' dir='ltr'><strong>non</strong></span> <span class='ocrx_word' id='word_1_663' title='bbox 2583 2887 2786 2933; x_wconf 90' lang='lat' dir='ltr'><strong>tantum</strong></span> <span class='ocrx_word' id='word_1_664' title='bbox 2813 2877 3147 2934; x_wconf 89' lang='lat' dir='ltr'><strong>adversarios</strong></span> <span class='ocrx_word' id='word_1_665' title='bbox 3176 2879 3465 2948; x_wconf 80' lang='lat' dir='ltr'><strong>complexi,</strong></span> <span class='ocrx_word' id='word_1_666' title='bbox 3498 2879 3592 2934; x_wconf 87' lang='lat' dir='ltr'><strong>sed</strong></span> 
     </span>
    </p>
   </div>
   <div class='ocr_carea' id='block_1_91' title="bbox 2003 2968 3594 3024">
    <p class='ocr_par' dir='ltr' id='par_1_91' title="bbox 2003 2968 3594 3024">
     <span class='ocr_line' id='line_1_91' title="bbox 2003 2968 3594 3024; baseline 0.001 -2"><span class='ocrx_word' id='word_1_667' title='bbox 2003 2969 2164 3022; x_wconf 90' lang='lat' dir='ltr'><strong>etiam</strong></span> <span class='ocrx_word' id='word_1_668' title='bbox 2207 2969 2307 3022; x_wconf 86' lang='lat' dir='ltr'><strong>visi</strong></span> <span class='ocrx_word' id='word_1_669' title='bbox 2351 2977 2554 3023; x_wconf 88' lang='lat' dir='ltr'><strong>tantum</strong></span> <span class='ocrx_word' id='word_1_670' title='bbox 2597 2968 2650 3022; x_wconf 90' lang='lat' dir='ltr'><strong>in</strong></span> <span class='ocrx_word' id='word_1_671' title='bbox 2693 2969 2806 3023; x_wconf 90' lang='lat' dir='ltr'><strong>acie</strong></span> <span class='ocrx_word' id='word_1_672' title='bbox 2850 2977 2905 3023; x_wconf 89' lang='lat' dir='ltr'><strong>et</strong></span> <span class='ocrx_word' id='word_1_673' title='bbox 2947 2968 3220 3024; x_wconf 90' lang='lat' dir='ltr'><strong>vociferati</strong></span> <span class='ocrx_word' id='word_1_674' title='bbox 3262 2970 3594 3024; x_wconf 74' lang='lat' dir='ltr'><strong>adversarios</strong></span> 
     </span>
    </p>
   </div>
   <div class='ocr_carea' id='block_1_92' title="bbox 2005 3056 3587 3128">
    <p class='ocr_par' dir='ltr' id='par_1_92' title="bbox 2005 3056 3587 3128">
     <span class='ocr_line' id='line_1_92' title="bbox 2005 3056 3587 3128; baseline 0.002 -17"><span class='ocrx_word' id='word_1_675' title='bbox 2005 3056 2190 3128; x_wconf 86' lang='lat' dir='ltr'><strong>fugant</strong></span> <span class='ocrx_word' id='word_1_676' title='bbox 2221 3074 2234 3111; x_wconf 92' lang='lat'><strong>:</strong></span> <span class='ocrx_word' id='word_1_677' title='bbox 2267 3059 2345 3112; x_wconf 89' lang='lat' dir='ltr'><strong>sic</strong></span> <span class='ocrx_word' id='word_1_678' title='bbox 2373 3067 2427 3114; x_wconf 92' lang='lat' dir='ltr'><strong>et</strong></span> <span class='ocrx_word' id='word_1_679' title='bbox 2464 3057 2516 3112; x_wconf 94' lang='lat' dir='ltr'><strong>hi</strong></span> <span class='ocrx_word' id='word_1_680' title='bbox 2550 3058 2638 3113; x_wconf 92' lang='lat' dir='ltr'><strong>die</strong></span> <span class='ocrx_word' id='word_1_681' title='bbox 2676 3073 2778 3112; x_wconf 90' lang='lat' dir='ltr'><strong>una</strong></span> <span class='ocrx_word' id='word_1_682' title='bbox 2808 3069 2862 3113; x_wconf 87' lang='lat' dir='ltr'><strong>et</strong></span> <span class='ocrx_word' id='word_1_683' title='bbox 2890 3058 3319 3126; x_wconf 89' lang='lat' dir='ltr'><strong>descenderunt,</strong></span> <span class='ocrx_word' id='word_1_684' title='bbox 3346 3069 3400 3113; x_wconf 90' lang='lat' dir='ltr'><strong>et</strong></span> <span class='ocrx_word' id='word_1_685' title='bbox 3421 3059 3587 3114; x_wconf 88' lang='lat' dir='ltr'><strong>disse-</strong></span> 
     </span>
    </p>
   </div>
   <div class='ocr_carea' id='block_1_93' title="bbox 2005 3149 3591 3221">
    <p class='ocr_par' dir='ltr' id='par_1_93' title="bbox 2005 3149 3591 3221">
     <span class='ocr_line' id='line_1_93' title="bbox 2005 3149 3591 3221; baseline 0.001 -18"><span class='ocrx_word' id='word_1_686' title='bbox 2005 3158 2256 3216; x_wconf 90' lang='lat' dir='ltr'><strong>ruerunt,</strong></span> <span class='ocrx_word' id='word_1_687' title='bbox 2287 3158 2343 3204; x_wconf 91' lang='lat' dir='ltr'><strong>et</strong></span> <span class='ocrx_word' id='word_1_688' title='bbox 2365 3149 2638 3206; x_wconf 89' lang='lat' dir='ltr'><strong>solverunt</strong></span> <span class='ocrx_word' id='word_1_689' title='bbox 2660 3150 3014 3206; x_wconf 90' lang='lat' dir='ltr'><strong>calamitatem</strong></span> <span class='ocrx_word' id='word_1_690' title='bbox 3035 3193 3050 3218; x_wconf 97' lang='lat'><strong>,</strong></span> <span class='ocrx_word' id='word_1_691' title='bbox 3078 3160 3132 3206; x_wconf 91' lang='lat' dir='ltr'><strong>et</strong></span> <span class='ocrx_word' id='word_1_692' title='bbox 3155 3150 3220 3206; x_wconf 89' lang='lat' dir='ltr'><strong>ad</strong></span> <span class='ocrx_word' id='word_1_693' title='bbox 3253 3151 3462 3221; x_wconf 87' lang='lat' dir='ltr'><strong>propria</strong></span> <span class='ocrx_word' id='word_1_694' title='bbox 3501 3167 3591 3206; x_wconf 89' lang='lat' dir='ltr'><strong>re-</strong></span> 
     </span>
    </p>
   </div>
   <div class='ocr_carea' id='block_1_94' title="bbox 2007 3240 3596 3312">
    <p class='ocr_par' dir='ltr' id='par_1_94' title="bbox 2007 3240 3596 3312">
     <span class='ocr_line' id='line_1_94' title="bbox 2007 3240 3596 3312; baseline 0.002 -19"><span class='ocrx_word' id='word_1_695' title='bbox 2007 3240 2148 3296; x_wconf 89' lang='lat' dir='ltr'><strong>versi</strong></span> <span class='ocrx_word' id='word_1_696' title='bbox 2169 3249 2294 3295; x_wconf 90' lang='lat' dir='ltr'><strong>sunt</strong></span> <span class='ocrx_word' id='word_1_697' title='bbox 2318 3241 2675 3296; x_wconf 90' lang='lat' dir='ltr'><strong>tabernacula.</strong></span> <span class='ocrx_word' id='word_1_698' title='bbox 2700 3241 2851 3296; x_wconf 88' lang='lat' dir='ltr'><strong>Tanti</strong></span> <span class='ocrx_word' id='word_1_699' title='bbox 2876 3253 2957 3297; x_wconf 91' lang='lat' dir='ltr'><strong>est</strong></span> <span class='ocrx_word' id='word_1_700' title='bbox 2977 3241 3310 3312; x_wconf 89' lang='lat' dir='ltr'><strong>philosophia</strong></span> <span class='ocrx_word' id='word_1_701' title='bbox 3333 3257 3362 3296; x_wconf 92' lang='lat' dir='ltr'><strong>a</strong></span> <span class='ocrx_word' id='word_1_702' title='bbox 3383 3240 3596 3297; x_wconf 89' lang='lat' dir='ltr'><strong>Christo</strong></span> 
     </span>
    </p>
   </div>
   <div class='ocr_carea' id='block_1_95' title="bbox 2008 3333 3597 3404">
    <p class='ocr_par' dir='ltr' id='par_1_95' title="bbox 2008 3333 3597 3404">
     <span class='ocr_line' id='line_1_95' title="bbox 2008 3333 3597 3404; baseline 0.001 -17"><span class='ocrx_word' id='word_1_703' title='bbox 2008 3333 2062 3387; x_wconf 92' lang='lat' dir='ltr'><strong>in</strong></span> <span class='ocrx_word' id='word_1_704' title='bbox 2097 3349 2265 3404; x_wconf 83' lang='lat' dir='ltr'><strong>genus</strong></span> <span class='ocrx_word' id='word_1_705' title='bbox 2303 3333 2591 3389; x_wconf 90' lang='lat' dir='ltr'><strong>humanum</strong></span> <span class='ocrx_word' id='word_1_706' title='bbox 2634 3335 2952 3390; x_wconf 89' lang='lat' dir='ltr'><strong>introducta.</strong></span> <span class='ocrx_word' id='word_1_707' title='bbox 2983 3335 3051 3389; x_wconf 89' lang='lat' dir='ltr'><strong>Et</strong></span> <span class='ocrx_word' id='word_1_708' title='bbox 3075 3335 3196 3404; x_wconf 90' lang='lat' dir='ltr'><strong>quid</strong></span> <span class='ocrx_word' id='word_1_709' title='bbox 3228 3335 3347 3390; x_wconf 89' lang='lat' dir='ltr'><strong>dico</strong></span> <span class='ocrx_word' id='word_1_710' title='bbox 3373 3335 3439 3390; x_wconf 90' lang='lat' dir='ltr'><strong>de</strong></span> <span class='ocrx_word' id='word_1_711' title='bbox 3464 3334 3597 3389; x_wconf 89' lang='lat' dir='ltr'><strong>divi-</strong></span> 
     </span>
    </p>
   </div>
   <div class='ocr_carea' id='block_1_96' title="bbox 2009 3423 3596 3497">
    <p class='ocr_par' dir='ltr' id='par_1_96' title="bbox 2009 3423 3596 3497">
     <span class='ocr_line' id='line_1_96' title="bbox 2009 3423 3596 3497; baseline 0.001 -20"><span class='ocrx_word' id='word_1_712' title='bbox 2009 3423 2148 3478; x_wconf 91' lang='lat' dir='ltr'><strong>tibus</strong></span> <span class='ocrx_word' id='word_1_713' title='bbox 2170 3432 2223 3478; x_wconf 91' lang='lat' dir='ltr'><strong>et</strong></span> <span class='ocrx_word' id='word_1_714' title='bbox 2245 3424 2302 3497; x_wconf 88' lang='lat' dir='ltr'><strong>in</strong></span> <span class='ocrx_word' id='word_1_715' title='bbox 2320 3432 2582 3494; x_wconf 90' lang='lat' dir='ltr'><strong>potestate</strong></span> <span class='ocrx_word' id='word_1_716' title='bbox 2601 3425 2924 3494; x_wconf 87' lang='lat' dir='ltr'><strong>constitutis,</strong></span> <span class='ocrx_word' id='word_1_717' title='bbox 2949 3440 3068 3478; x_wconf 87' lang='lat' dir='ltr'><strong>cum</strong></span> <span class='ocrx_word' id='word_1_718' title='bbox 3091 3435 3142 3480; x_wconf 91' lang='lat' dir='ltr'><strong>et</strong></span> <span class='ocrx_word' id='word_1_719' title='bbox 3166 3425 3198 3478; x_wconf 90' lang='lat' dir='ltr'><strong>ii</strong></span> <span class='ocrx_word' id='word_1_720' title='bbox 3221 3424 3596 3495; x_wconf 87' lang='lat' dir='ltr'><strong>quijudicandi</strong></span> 
     </span>
    </p>
   </div>
   <div class='ocr_carea' id='block_1_97' title="bbox 2011 3515 3598 3586">
    <p class='ocr_par' dir='ltr' id='par_1_97' title="bbox 2011 3515 3598 3586">
     <span class='ocr_line' id='line_1_97' title="bbox 2011 3515 3598 3586; baseline -0.001 -19"><span class='ocrx_word' id='word_1_721' title='bbox 2011 3523 2328 3584; x_wconf 90' lang='lat' dir='ltr'><strong>potestatem</strong></span> <span class='ocrx_word' id='word_1_722' title='bbox 2368 3516 2639 3586; x_wconf 88' lang='lat' dir='ltr'><strong>assequuti</strong></span> <span class='ocrx_word' id='word_1_723' title='bbox 2676 3524 2828 3568; x_wconf 88' lang='lat' dir='ltr'><strong>erant</strong></span> <span class='ocrx_word' id='word_1_724' title='bbox 2848 3555 2861 3578; x_wconf 95' lang='lat'><strong>,</strong></span> <span class='ocrx_word' id='word_1_725' title='bbox 2891 3517 3400 3584; x_wconf 75' lang='lat' dir='ltr'><strong>summos&#39;gerentes</strong></span> <span class='ocrx_word' id='word_1_726' title='bbox 3429 3515 3598 3585; x_wconf 81' lang='lat' dir='ltr'><strong>magi-</strong></span> 
     </span>
    </p>
   </div>
   <div class='ocr_carea' id='block_1_98' title="bbox 2010 3605 3598 3677">
    <p class='ocr_par' dir='ltr' id='par_1_98' title="bbox 2010 3605 3598 3677">
     <span class='ocr_line' id='line_1_98' title="bbox 2010 3605 3598 3677; baseline 0 -17"><span class='ocrx_word' id='word_1_727' title='bbox 2010 3615 2240 3667; x_wconf 86' lang='lat' dir='ltr'><strong>stratus,</strong></span> <span class='ocrx_word' id='word_1_728' title='bbox 2274 3606 2342 3660; x_wconf 87' lang='lat' dir='ltr'><strong>ab</strong></span> <span class='ocrx_word' id='word_1_729' title='bbox 2381 3605 2466 3660; x_wconf 90' lang='lat' dir='ltr'><strong>his</strong></span> <span class='ocrx_word' id='word_1_730' title='bbox 2511 3606 2640 3677; x_wconf 87' lang='lat' dir='ltr'><strong>ipsis</strong></span> <span class='ocrx_word' id='word_1_731' title='bbox 2672 3606 2837 3676; x_wconf 84' lang='lat' dir='ltr'><strong>rogati</strong></span> <span class='ocrx_word' id='word_1_732' title='bbox 2879 3606 3188 3670; x_wconf 83' lang='lat' dir='ltr'><strong>monachis,</strong></span> <span class='ocrx_word' id='word_1_733' title='bbox 3223 3616 3278 3660; x_wconf 90' lang='lat' dir='ltr'><strong>ut</strong></span> <span class='ocrx_word' id='word_1_734' title='bbox 3302 3622 3421 3661; x_wconf 93' lang='lat' dir='ltr'><strong>cum</strong></span> <span class='ocrx_word' id='word_1_735' title='bbox 3445 3608 3598 3661; x_wconf 86' lang='lat' dir='ltr'><strong>venia</strong></span> 
     </span>
    </p>
   </div>
   <div class='ocr_carea' id='block_1_99' title="bbox 2011 3697 3599 3768">
    <p class='ocr_par' dir='ltr' id='par_1_99' title="bbox 2011 3697 3599 3768">
     <span class='ocr_line' id='line_1_99' title="bbox 2011 3697 3599 3768; baseline 0 -17"><span class='ocrx_word' id='word_1_736' title='bbox 2011 3698 2331 3753; x_wconf 87' lang='lat' dir='ltr'><strong>sententiam</strong></span> <span class='ocrx_word' id='word_1_737' title='bbox 2363 3697 2561 3753; x_wconf 88' lang='lat' dir='ltr'><strong>ferrent</strong></span> <span class='ocrx_word' id='word_1_738' title='bbox 2579 3738 2596 3762; x_wconf 95' lang='lat'><strong>,</strong></span> <span class='ocrx_word' id='word_1_739' title='bbox 2625 3706 2849 3752; x_wconf 84' lang='lat' dir='ltr'><strong>eventus</strong></span> <span class='ocrx_word' id='word_1_740' title='bbox 2877 3712 2936 3751; x_wconf 92' lang='lat' dir='ltr'><strong>se</strong></span> <span class='ocrx_word' id='word_1_741' title='bbox 2961 3697 3205 3751; x_wconf 89' lang='lat' dir='ltr'><strong>dominos</strong></span> <span class='ocrx_word' id='word_1_742' title='bbox 3231 3711 3351 3753; x_wconf 89' lang='lat' dir='ltr'><strong>esse</strong></span> <span class='ocrx_word' id='word_1_743' title='bbox 3377 3712 3599 3768; x_wconf 86' lang='lat' dir='ltr'><strong>negave-</strong></span> 
     </span>
    </p>
   </div>
   <div class='ocr_carea' id='block_1_100' title="bbox 2011 3787 3600 3856">
    <p class='ocr_par' dir='ltr' id='par_1_100' title="bbox 2011 3787 3600 3856">
     <span class='ocr_line' id='line_1_100' title="bbox 2011 3787 3600 3856; baseline -0.001 -13"><span class='ocrx_word' id='word_1_744' title='bbox 2011 3789 2154 3854; x_wconf 90' lang='lat' dir='ltr'><strong>rint;</strong></span> <span class='ocrx_word' id='word_1_745' title='bbox 2196 3789 2335 3843; x_wconf 90' lang='lat' dir='ltr'><strong>haud</strong></span> <span class='ocrx_word' id='word_1_746' title='bbox 2385 3798 2551 3843; x_wconf 92' lang='lat' dir='ltr'><strong>tutum</strong></span> <span class='ocrx_word' id='word_1_747' title='bbox 2583 3788 2726 3844; x_wconf 88' lang='lat' dir='ltr'><strong>enim</strong></span> <span class='ocrx_word' id='word_1_748' title='bbox 2747 3829 2762 3854; x_wconf 95' lang='lat'><strong>,</strong></span> <span class='ocrx_word' id='word_1_749' title='bbox 2791 3787 2885 3842; x_wconf 89' lang='lat' dir='ltr'><strong>sed</strong></span> <span class='ocrx_word' id='word_1_750' title='bbox 2931 3787 3283 3856; x_wconf 88' lang='lat' dir='ltr'><strong>periculosum</strong></span> <span class='ocrx_word' id='word_1_751' title='bbox 3311 3802 3463 3854; x_wconf 88' lang='lat' dir='ltr'><strong>esse,</strong></span> <span class='ocrx_word' id='word_1_752' title='bbox 3495 3802 3600 3842; x_wconf 88' lang='lat' dir='ltr'><strong>non</strong></span> 
     </span>
    </p>
   </div>
   <div class='ocr_carea' id='block_1_101' title="bbox 2013 3879 3601 3949">
    <p class='ocr_par' dir='ltr' id='par_1_101' title="bbox 2013 3879 3601 3949">
     <span class='ocr_line' id='line_1_101' title="bbox 2013 3879 3601 3949; baseline 0.001 -15"><span class='ocrx_word' id='word_1_753' title='bbox 2013 3892 2217 3936; x_wconf 91' lang='lat' dir='ltr'><strong>tantum</strong></span> <span class='ocrx_word' id='word_1_754' title='bbox 2265 3881 2515 3949; x_wconf 87' lang='lat' dir='ltr'><strong>injuriam</strong></span> <span class='ocrx_word' id='word_1_755' title='bbox 2561 3880 2760 3934; x_wconf 87' lang='lat' dir='ltr'><strong>inferre</strong></span> <span class='ocrx_word' id='word_1_756' title='bbox 2798 3880 3143 3949; x_wconf 91' lang='lat' dir='ltr'><strong>Imperatori,</strong></span> <span class='ocrx_word' id='word_1_757' title='bbox 3175 3879 3268 3934; x_wconf 89' lang='lat' dir='ltr'><strong>sed</strong></span> <span class='ocrx_word' id='word_1_758' title='bbox 3308 3881 3467 3934; x_wconf 89' lang='lat' dir='ltr'><strong>etiam</strong></span> <span class='ocrx_word' id='word_1_759' title='bbox 3507 3895 3601 3935; x_wconf 85' lang='lat' dir='ltr'><strong>cos</strong></span> 
     </span>
    </p>
   </div>
   <div class='ocr_carea' id='block_1_102' title="bbox 2013 3970 3602 4042">
    <p class='ocr_par' dir='ltr' id='par_1_102' title="bbox 2013 3970 3602 4042">
     <span class='ocr_line' id='line_1_102' title="bbox 2013 3970 3602 4042; baseline 0 -16"><span class='ocrx_word' id='word_1_760' title='bbox 2013 3973 2102 4042; x_wconf 91' lang='lat' dir='ltr'><strong>qui</strong></span> <span class='ocrx_word' id='word_1_761' title='bbox 2123 3973 2463 4028; x_wconf 58' lang='lat' dir='ltr'><strong>contumeliae</strong></span> <span class='ocrx_word' id='word_1_762' title='bbox 2489 3973 2563 4027; x_wconf 91' lang='lat' dir='ltr'><strong>rei</strong></span> <span class='ocrx_word' id='word_1_763' title='bbox 2588 3971 2817 4026; x_wconf 88' lang='lat' dir='ltr'><strong>convicti</strong></span> <span class='ocrx_word' id='word_1_764' title='bbox 2844 3975 2968 4035; x_wconf 91' lang='lat' dir='ltr'><strong>sint,</strong></span> <span class='ocrx_word' id='word_1_765' title='bbox 2993 3971 3282 4039; x_wconf 87' lang='lat' dir='ltr'><strong>impunitos</strong></span> <span class='ocrx_word' id='word_1_766' title='bbox 3301 3970 3602 4026; x_wconf 87' lang='lat' dir='ltr'><strong>dimittere?</strong></span> 
     </span>
    </p>
   </div>
   <div class='ocr_carea' id='block_1_103' title="bbox 2014 4061 3601 4132">
    <p class='ocr_par' dir='ltr' id='par_1_103' title="bbox 2014 4061 3601 4132">
     <span class='ocr_line' id='line_1_103' title="bbox 2014 4061 3601 4132; baseline 0.001 -15"><span class='ocrx_word' id='word_1_767' title='bbox 2014 4064 2119 4118; x_wconf 90' lang='lat' dir='ltr'><strong>Sed</strong></span> <span class='ocrx_word' id='word_1_768' title='bbox 2150 4065 2201 4117; x_wconf 95' lang='lat' dir='ltr'><strong>hi</strong></span> <span class='ocrx_word' id='word_1_769' title='bbox 2228 4063 2478 4118; x_wconf 91' lang='lat' dir='ltr'><strong>omnibus</strong></span> <span class='ocrx_word' id='word_1_770' title='bbox 2506 4063 2652 4118; x_wconf 90' lang='lat' dir='ltr'><strong>fuere</strong></span> <span class='ocrx_word' id='word_1_771' title='bbox 2684 4063 3041 4132; x_wconf 85' lang='lat' dir='ltr'><strong>potentiores,</strong></span> <span class='ocrx_word' id='word_1_772' title='bbox 3072 4072 3125 4116; x_wconf 93' lang='lat' dir='ltr'><strong>et</strong></span> <span class='ocrx_word' id='word_1_773' title='bbox 3148 4061 3310 4116; x_wconf 89' lang='lat' dir='ltr'><strong>animi</strong></span> <span class='ocrx_word' id='word_1_774' title='bbox 3339 4063 3601 4132; x_wconf 73' lang='lat' dir='ltr'><strong>magnitu-</strong></span> 
     </span>
    </p>
   </div>
   <div class='ocr_carea' id='block_1_104' title="bbox 2014 4153 3601 4222">
    <p class='ocr_par' dir='ltr' id='par_1_104' title="bbox 2014 4153 3601 4222">
     <span class='ocr_line' id='line_1_104' title="bbox 2014 4153 3601 4222; baseline -0.001 -14"><span class='ocrx_word' id='word_1_775' title='bbox 2014 4154 2137 4208; x_wconf 91' lang='lat' dir='ltr'><strong>dine</strong></span> <span class='ocrx_word' id='word_1_776' title='bbox 2175 4164 2228 4209; x_wconf 92' lang='lat' dir='ltr'><strong>et</strong></span> <span class='ocrx_word' id='word_1_777' title='bbox 2267 4155 2546 4209; x_wconf 89' lang='lat' dir='ltr'><strong>tolerantia</strong></span> <span class='ocrx_word' id='word_1_778' title='bbox 2585 4154 2881 4210; x_wconf 76' lang='lat' dir='ltr'><strong>assidentes</strong></span> <span class='ocrx_word' id='word_1_779' title='bbox 2923 4153 3323 4222; x_wconf 86' lang='lat' dir='ltr'><strong>supplicarunt,</strong></span> <span class='ocrx_word' id='word_1_780' title='bbox 3356 4163 3413 4207; x_wconf 91' lang='lat' dir='ltr'><strong>ut</strong></span> <span class='ocrx_word' id='word_1_781' title='bbox 3445 4170 3601 4222; x_wconf 87' lang='lat' dir='ltr'><strong>quam</strong></span> 
     </span>
    </p>
   </div>
   <div class='ocr_carea' id='block_1_105' title="bbox 2013 4244 3603 4314">
    <p class='ocr_par' dir='ltr' id='par_1_105' title="bbox 2013 4244 3603 4314">
     <span class='ocr_line' id='line_1_105' title="bbox 2013 4244 3603 4314; baseline 0 -15"><span class='ocrx_word' id='word_1_782' title='bbox 2013 4248 2081 4301; x_wconf 90' lang='lat' dir='ltr'><strong>ab</strong></span> <span class='ocrx_word' id='word_1_783' title='bbox 2111 4246 2434 4314; x_wconf 86' lang='lat' dir='ltr'><strong>lmperatore</strong></span> <span class='ocrx_word' id='word_1_784' title='bbox 2474 4260 2579 4299; x_wconf 90' lang='lat' dir='ltr'><strong>non</strong></span> <span class='ocrx_word' id='word_1_785' title='bbox 2617 4253 2934 4314; x_wconf 85' lang='lat' dir='ltr'><strong>acceperant</strong></span> <span class='ocrx_word' id='word_1_786' title='bbox 2965 4251 3279 4313; x_wconf 88' lang='lat' dir='ltr'><strong>potestatem</strong></span> <span class='ocrx_word' id='word_1_787' title='bbox 3300 4286 3315 4311; x_wconf 91' lang='lat'><strong>,</strong></span> <span class='ocrx_word' id='word_1_788' title='bbox 3345 4244 3481 4298; x_wconf 83' lang='lat' dir='ltr'><strong>hanc</strong></span> <span class='ocrx_word' id='word_1_789' title='bbox 3507 4260 3603 4299; x_wconf 88' lang='lat' dir='ltr'><strong>ex-</strong></span> 
     </span>
    </p>
   </div>
   <div class='ocr_carea' id='block_1_106' title="bbox 2015 4335 3607 4407">
    <p class='ocr_par' dir='ltr' id='par_1_106' title="bbox 2015 4335 3607 4407">
     <span class='ocr_line' id='line_1_106' title="bbox 2015 4335 3607 4407; baseline -0.002 -15"><span class='ocrx_word' id='word_1_790' title='bbox 2015 4337 2260 4393; x_wconf 89' lang='lat' dir='ltr'><strong>hiberent</strong></span> <span class='ocrx_word' id='word_1_791' title='bbox 2289 4355 2301 4390; x_wconf 88' lang='lat'>:</span> <span class='ocrx_word' id='word_1_792' title='bbox 2334 4347 2386 4393; x_wconf 93' lang='lat' dir='ltr'><strong>et</strong></span> <span class='ocrx_word' id='word_1_793' title='bbox 2416 4337 2761 4407; x_wconf 80' lang='lat' dir='ltr'><strong>deprehensis</strong></span> <span class='ocrx_word' id='word_1_794' title='bbox 2791 4337 2854 4391; x_wconf 91' lang='lat' dir='ltr'><strong>iis</strong></span> <span class='ocrx_word' id='word_1_795' title='bbox 2881 4335 2968 4405; x_wconf 89' lang='lat' dir='ltr'><strong>qui</strong></span> <span class='ocrx_word' id='word_1_796' title='bbox 3000 4335 3073 4389; x_wconf 90' lang='lat' dir='ltr'><strong>rei</strong></span> <span class='ocrx_word' id='word_1_797' title='bbox 3103 4343 3313 4401; x_wconf 89' lang='lat' dir='ltr'><strong>essent,</strong></span> <span class='ocrx_word' id='word_1_798' title='bbox 3340 4335 3607 4405; x_wconf 89' lang='lat' dir='ltr'><strong>judicibns</strong></span> 
     </span>
    </p>
   </div>
   <div class='ocr_carea' id='block_1_107' title="bbox 2018 4426 3604 4499">
    <p class='ocr_par' dir='ltr' id='par_1_107' title="bbox 2018 4426 3604 4499">
     <span class='ocr_line' id='line_1_107' title="bbox 2018 4426 3604 4499; baseline -0.001 -17"><span class='ocrx_word' id='word_1_799' title='bbox 2018 4429 2340 4499; x_wconf 88' lang='lat' dir='ltr'><strong>persuadere</strong></span> <span class='ocrx_word' id='word_1_800' title='bbox 2391 4438 2715 4498; x_wconf 90' lang='lat' dir='ltr'><strong>potuerunt,</strong></span> <span class='ocrx_word' id='word_1_801' title='bbox 2763 4442 2832 4481; x_wconf 90' lang='lat' dir='ltr'><strong>ne</strong></span> <span class='ocrx_word' id='word_1_802' title='bbox 2880 4426 3236 4481; x_wconf 88' lang='lat' dir='ltr'><strong>damnationis</strong></span> <span class='ocrx_word' id='word_1_803' title='bbox 3287 4428 3604 4481; x_wconf 89' lang='lat' dir='ltr'><strong>sententiam</strong></span> 
     </span>
    </p>
   </div>
   <div class='ocr_carea' id='block_1_108' title="bbox 2017 4516 3608 4586">
    <p class='ocr_par' dir='ltr' id='par_1_108' title="bbox 2017 4516 3608 4586">
     <span class='ocr_line' id='line_1_108' title="bbox 2017 4516 3608 4586; baseline -0.002 -13"><span class='ocrx_word' id='word_1_804' title='bbox 2017 4519 2287 4581; x_wconf 82' lang='lat' dir='ltr'><strong>efferrent,</strong></span> <span class='ocrx_word' id='word_1_805' title='bbox 2317 4519 2409 4574; x_wconf 91' lang='lat' dir='ltr'><strong>sed</strong></span> <span class='ocrx_word' id='word_1_806' title='bbox 2439 4518 2506 4572; x_wconf 90' lang='lat' dir='ltr'><strong>ad</strong></span> <span class='ocrx_word' id='word_1_807' title='bbox 2534 4517 2870 4586; x_wconf 85' lang='lat' dir='ltr'><strong>Imperatoris</strong></span> <span class='ocrx_word' id='word_1_808' title='bbox 2900 4526 3082 4570; x_wconf 88' lang='lat' dir='ltr'><strong>nutum</strong></span> <span class='ocrx_word' id='word_1_809' title='bbox 3110 4531 3202 4571; x_wconf 91' lang='lat' dir='ltr'><strong>eos</strong></span> <span class='ocrx_word' id='word_1_810' title='bbox 3227 4516 3530 4586; x_wconf 86' lang='lat' dir='ltr'><strong>rejieerent,</strong></span> <span class='ocrx_word' id='word_1_811' title='bbox 3555 4524 3608 4570; x_wconf 87' lang='lat' dir='ltr'><strong>et</strong></span> 
     </span>
    </p>
   </div>
   <div class='ocr_carea' id='block_1_109' title="bbox 2021 4608 3606 4679">
    <p class='ocr_par' dir='ltr' id='par_1_109' title="bbox 2021 4608 3606 4679">
     <span class='ocr_line' id='line_1_109' title="bbox 2021 4608 3606 4679; baseline -0.002 -15"><span class='ocrx_word' id='word_1_812' title='bbox 2021 4610 2379 4679; x_wconf 86' lang='lat' dir='ltr'><strong>promiserunt</strong></span> <span class='ocrx_word' id='word_1_813' title='bbox 2407 4625 2465 4664; x_wconf 91' lang='lat' dir='ltr'><strong>se</strong></span> <span class='ocrx_word' id='word_1_814' title='bbox 2496 4610 2570 4663; x_wconf 88' lang='lat' dir='ltr'><strong>illi</strong></span> <span class='ocrx_word' id='word_1_815' title='bbox 2603 4622 2949 4677; x_wconf 88' lang='lat' dir='ltr'><strong>persuasuros</strong></span> <span class='ocrx_word' id='word_1_816' title='bbox 2969 4650 2983 4673; x_wconf 97' lang='lat'><strong>,</strong></span> <span class='ocrx_word' id='word_1_817' title='bbox 3017 4617 3070 4662; x_wconf 92' lang='lat' dir='ltr'><strong>et</strong></span> <span class='ocrx_word' id='word_1_818' title='bbox 3098 4608 3380 4662; x_wconf 78' lang='lat' dir='ltr'><strong>effecturos</strong></span> <span class='ocrx_word' id='word_1_819' title='bbox 3405 4617 3460 4661; x_wconf 90' lang='lat' dir='ltr'><strong>ut</strong></span> <span class='ocrx_word' id='word_1_820' title='bbox 3489 4622 3606 4662; x_wconf 93' lang='lat' dir='ltr'><strong>om-</strong></span> 
     </span>
    </p>
   </div>
   <div class='ocr_carea' id='block_1_110' title="bbox 2020 4699 3610 4768">
    <p class='ocr_par' dir='ltr' id='par_1_110' title="bbox 2020 4699 3610 4768">
     <span class='ocr_line' id='line_1_110' title="bbox 2020 4699 3610 4768; baseline -0.002 -14"><span class='ocrx_word' id='word_1_821' title='bbox 2020 4705 2145 4756; x_wconf 90' lang='lat' dir='ltr'><strong>nino</strong></span> <span class='ocrx_word' id='word_1_822' title='bbox 2174 4701 2381 4754; x_wconf 89' lang='lat' dir='ltr'><strong>veniam</strong></span> <span class='ocrx_word' id='word_1_823' title='bbox 2408 4699 2559 4754; x_wconf 88' lang='lat' dir='ltr'><strong>daret</strong></span> <span class='ocrx_word' id='word_1_824' title='bbox 2583 4699 2647 4753; x_wconf 90' lang='lat' dir='ltr'><strong>iis</strong></span> <span class='ocrx_word' id='word_1_825' title='bbox 2667 4741 2681 4764; x_wconf 95' lang='lat'><strong>,</strong></span> <span class='ocrx_word' id='word_1_826' title='bbox 2709 4699 2799 4768; x_wconf 89' lang='lat' dir='ltr'><strong>qui</strong></span> <span class='ocrx_word' id='word_1_827' title='bbox 2828 4700 2878 4751; x_wconf 92' lang='lat' dir='ltr'><strong>in</strong></span> <span class='ocrx_word' id='word_1_828' title='bbox 2907 4713 2963 4752; x_wconf 90' lang='lat' dir='ltr'><strong>se</strong></span> <span class='ocrx_word' id='word_1_829' title='bbox 2993 4707 3360 4767; x_wconf 88' lang='lat' dir='ltr'><strong>peccaverant,</strong></span> <span class='ocrx_word' id='word_1_830' title='bbox 3391 4707 3445 4753; x_wconf 91' lang='lat' dir='ltr'><strong>et</strong></span> <span class='ocrx_word' id='word_1_831' title='bbox 3489 4712 3610 4766; x_wconf 83' lang='lat' dir='ltr'><strong>per-</strong></span> 
     </span>
    </p>
   </div>
   <div class='ocr_carea' id='block_1_111' title="bbox 2021 4791 3607 4864">
    <p class='ocr_par' dir='ltr' id='par_1_111' title="bbox 2021 4791 3607 4864">
     <span class='ocr_line' id='line_1_111' title="bbox 2021 4791 3607 4864; baseline -0.004 -16"><span class='ocrx_word' id='word_1_832' title='bbox 2021 4793 2405 4864; x_wconf 88' lang='lat' dir='ltr'><strong>egrinationem</strong></span> <span class='ocrx_word' id='word_1_833' title='bbox 2442 4793 2674 4863; x_wconf 76' lang='lat' dir='ltr'><strong>aggressi</strong></span> <span class='ocrx_word' id='word_1_834' title='bbox 2699 4800 2842 4846; x_wconf 90' lang='lat' dir='ltr'><strong>sunt.</strong></span> <span class='ocrx_word' id='word_1_835' title='bbox 2864 4791 2967 4846; x_wconf 84' lang='lat' dir='ltr'><strong>Sed</strong></span> <span class='ocrx_word' id='word_1_836' title='bbox 2994 4791 3201 4859; x_wconf 87' lang='lat' dir='ltr'><strong>judices</strong></span> <span class='ocrx_word' id='word_1_837' title='bbox 3243 4791 3478 4860; x_wconf 86' lang='lat' dir='ltr'><strong>ipsorum</strong></span> <span class='ocrx_word' id='word_1_838' title='bbox 3519 4807 3607 4844; x_wconf 82' lang='lat' dir='ltr'><strong>sa-</strong></span> 
     </span>
    </p>
   </div>
   <div class='ocr_carea' id='block_1_112' title="bbox 2022 4880 3612 4956">
    <p class='ocr_par' dir='ltr' id='par_1_112' title="bbox 2022 4880 3612 4956">
     <span class='ocr_line' id='line_1_112' title="bbox 2022 4880 3612 4956; baseline -0.003 -18"><span class='ocrx_word' id='word_1_839' title='bbox 2022 4887 2274 4956; x_wconf 89' lang='lat' dir='ltr'><strong>pientiam</strong></span> <span class='ocrx_word' id='word_1_840' title='bbox 2318 4884 2556 4949; x_wconf 88' lang='lat' dir='ltr'><strong>reveriti,</strong></span> <span class='ocrx_word' id='word_1_841' title='bbox 2587 4893 2640 4938; x_wconf 90' lang='lat' dir='ltr'><strong>et</strong></span> <span class='ocrx_word' id='word_1_842' title='bbox 2670 4898 2858 4937; x_wconf 91' lang='lat' dir='ltr'><strong>sensus</strong></span> <span class='ocrx_word' id='word_1_843' title='bbox 2888 4882 3164 4936; x_wconf 91' lang='lat' dir='ltr'><strong>altitudine</strong></span> <span class='ocrx_word' id='word_1_844' title='bbox 3191 4882 3440 4951; x_wconf 88' lang='lat' dir='ltr'><strong>perculsi,</strong></span> <span class='ocrx_word' id='word_1_845' title='bbox 3475 4880 3612 4934; x_wconf 86' lang='lat' dir='ltr'><strong>hanc</strong></span> 
     </span>
    </p>
   </div>
   <div class='ocr_carea' id='block_1_113' title="bbox 2019 4973 3612 5049">
    <p class='ocr_par' dir='ltr' id='par_1_113' title="bbox 2019 4973 3612 5049">
     <span class='ocr_line' id='line_1_113' title="bbox 2019 4973 3612 5049; baseline -0.006 -14"><span class='ocrx_word' id='word_1_846' title='bbox 2019 4996 2113 5035; x_wconf 90' lang='lat' dir='ltr'><strong>eos</strong></span> <span class='ocrx_word' id='word_1_847' title='bbox 2155 4981 2365 5049; x_wconf 91' lang='lat' dir='ltr'><strong>longam</strong></span> <span class='ocrx_word' id='word_1_848' title='bbox 2400 4978 2550 5033; x_wconf 92' lang='lat' dir='ltr'><strong>obire</strong></span> <span class='ocrx_word' id='word_1_849' title='bbox 2588 4977 2726 5031; x_wconf 89' lang='lat' dir='ltr'><strong>viam</strong></span> <span class='ocrx_word' id='word_1_850' title='bbox 2763 4993 2868 5029; x_wconf 91' lang='lat' dir='ltr'><strong>non</strong></span> <span class='ocrx_word' id='word_1_851' title='bbox 2909 4975 3237 5045; x_wconf 91' lang='lat' dir='ltr'><strong>permisere,</strong></span> <span class='ocrx_word' id='word_1_852' title='bbox 3268 4974 3360 5030; x_wconf 90' lang='lat' dir='ltr'><strong>sed</strong></span> <span class='ocrx_word' id='word_1_853' title='bbox 3389 4974 3432 5028; x_wconf 91' lang='lat' dir='ltr'><strong>si</strong></span> <span class='ocrx_word' id='word_1_854' title='bbox 3459 4973 3612 5028; x_wconf 87' lang='lat' dir='ltr'><strong>dum-</strong></span> 
     </span>
    </p>
   </div>
   <div class='ocr_carea' id='block_1_114' title="bbox 2021 5064 3613 5140">
    <p class='ocr_par' dir='ltr' id='par_1_114' title="bbox 2021 5064 3613 5140">
     <span class='ocr_line' id='line_1_114' title="bbox 2021 5064 3613 5140; baseline -0.006 -14"><span class='ocrx_word' id='word_1_855' title='bbox 2021 5081 2167 5126; x_wconf 84' lang='lat' dir='ltr'><strong>taxat</strong></span> <span class='ocrx_word' id='word_1_856' title='bbox 2197 5071 2430 5140; x_wconf 90' lang='lat' dir='ltr'><strong>ipsorum</strong></span> <span class='ocrx_word' id='word_1_857' title='bbox 2456 5083 2614 5123; x_wconf 86' lang='lat' dir='ltr'><strong>voces</strong></span> <span class='ocrx_word' id='word_1_858' title='bbox 2643 5068 2899 5122; x_wconf 91' lang='lat' dir='ltr'><strong>haberent</strong></span> <span class='ocrx_word' id='word_1_859' title='bbox 2930 5067 2981 5120; x_wconf 91' lang='lat' dir='ltr'><strong>in</strong></span> <span class='ocrx_word' id='word_1_860' title='bbox 3013 5065 3259 5133; x_wconf 90' lang='lat' dir='ltr'><strong>scriptis,</strong></span> <span class='ocrx_word' id='word_1_861' title='bbox 3289 5079 3348 5118; x_wconf 91' lang='lat' dir='ltr'><strong>se</strong></span> <span class='ocrx_word' id='word_1_862' title='bbox 3377 5079 3496 5117; x_wconf 93' lang='lat' dir='ltr'><strong>cum</strong></span> <span class='ocrx_word' id='word_1_863' title='bbox 3528 5064 3613 5117; x_wconf 70' lang='lat' dir='ltr'><strong>lit-</strong></span> 
     </span>
    </p>
   </div>
   <div class='ocr_carea' id='block_1_115' title="bbox 2023 5158 3613 5227">
    <p class='ocr_par' dir='ltr' id='par_1_115' title="bbox 2023 5158 3613 5227">
     <span class='ocr_line' id='line_1_115' title="bbox 2023 5158 3613 5227; baseline -0.006 -10"><span class='ocrx_word' id='word_1_864' title='bbox 2023 5164 2152 5217; x_wconf 90' lang='lat' dir='ltr'><strong>teris</strong></span> <span class='ocrx_word' id='word_1_865' title='bbox 2177 5163 2526 5224; x_wconf 89' lang='lat' dir='ltr'><strong>discessuros,</strong></span> <span class='ocrx_word' id='word_1_866' title='bbox 2558 5167 2613 5213; x_wconf 89' lang='lat' dir='ltr'><strong>et</strong></span> <span class='ocrx_word' id='word_1_867' title='bbox 2639 5158 3016 5227; x_wconf 89' lang='lat' dir='ltr'><strong>Imperatorem</strong></span> <span class='ocrx_word' id='word_1_868' title='bbox 3055 5163 3387 5217; x_wconf 85' lang='lat' dir='ltr'><strong>cxoratnros,</strong></span> <span class='ocrx_word' id='word_1_869' title='bbox 3420 5163 3474 5208; x_wconf 91' lang='lat' dir='ltr'><strong>ut</strong></span> <span class='ocrx_word' id='word_1_870' title='bbox 3501 5170 3613 5207; x_wconf 87' lang='lat' dir='ltr'><strong>om-</strong></span> 
     </span>
    </p>
   </div>
   <div class='ocr_carea' id='block_1_116' title="bbox 2022 5243 3610 5316">
    <p class='ocr_par' dir='ltr' id='par_1_116' title="bbox 2022 5243 3610 5316">
     <span class='ocr_line' id='line_1_116' title="bbox 2022 5243 3610 5316; baseline -0.007 -9"><span class='ocrx_word' id='word_1_871' title='bbox 2022 5268 2143 5307; x_wconf 91' lang='lat' dir='ltr'><strong>nem</strong></span> <span class='ocrx_word' id='word_1_872' title='bbox 2191 5254 2322 5306; x_wconf 81' lang='lat' dir='ltr'><strong>iram</strong></span> <span class='ocrx_word' id='word_1_873' title='bbox 2371 5251 2701 5314; x_wconf 89' lang='lat' dir='ltr'><strong>dimitteret,</strong></span> <span class='ocrx_word' id='word_1_874' title='bbox 2750 5246 3153 5316; x_wconf 84' lang='lat' dir='ltr'><strong>Spoponderunt</strong></span> <span class='ocrx_word' id='word_1_875' title='bbox 3187 5263 3201 5298; x_wconf 87' lang='lat'><strong>:</strong></span> <span class='ocrx_word' id='word_1_876' title='bbox 3230 5243 3369 5314; x_wconf 90' lang='lat' dir='ltr'><strong>quod</strong></span> <span class='ocrx_word' id='word_1_877' title='bbox 3407 5251 3460 5297; x_wconf 92' lang='lat' dir='ltr'><strong>et</strong></span> <span class='ocrx_word' id='word_1_878' title='bbox 3500 5243 3610 5296; x_wconf 86' lang='lat' dir='ltr'><strong>fore</strong></span> 
     </span>
    </p>
   </div>
   <div class='ocr_carea' id='block_1_117' title="bbox 2023 5333 3609 5412">
    <p class='ocr_par' dir='ltr' id='par_1_117' title="bbox 2023 5333 3609 5412">
     <span class='ocr_line' id='line_1_117' title="bbox 2023 5333 3609 5412; baseline -0.009 -14"><span class='ocrx_word' id='word_1_879' title='bbox 2023 5352 2416 5412; x_wconf 87' lang='lat' dir='ltr'><strong>exspectamus.</strong></span> <span class='ocrx_word' id='word_1_880' title='bbox 2467 5340 2673 5395; x_wconf 88' lang='lat' dir='ltr'><strong>Etenim</strong></span> <span class='ocrx_word' id='word_1_881' title='bbox 2717 5353 2836 5393; x_wconf 88' lang='lat' dir='ltr'><strong>cmn</strong></span> <span class='ocrx_word' id='word_1_882' title='bbox 2884 5335 3145 5391; x_wconf 83' lang='lat' dir='ltr'><strong>sententia</strong></span> <span class='ocrx_word' id='word_1_883' title='bbox 3187 5335 3487 5396; x_wconf 90' lang='lat' dir='ltr'><strong>diceretur,</strong></span> <span class='ocrx_word' id='word_1_884' title='bbox 3529 5333 3609 5385; x_wconf 84' lang='lat' dir='ltr'><strong>in-</strong></span> 
     </span>
    </p>
   </div>
   <div class='ocr_carea' id='block_1_118' title="bbox 2021 5423 3613 5505">
    <p class='ocr_par' dir='ltr' id='par_1_118' title="bbox 2021 5423 3613 5505">
     <span class='ocr_line' id='line_1_118' title="bbox 2021 5423 3613 5505; baseline -0.009 -14"><span class='ocrx_word' id='word_1_885' title='bbox 2021 5435 2396 5505; x_wconf 17' lang='lat' dir='ltr'><strong>gressigmultae</strong></span> <span class='ocrx_word' id='word_1_886' title='bbox 2424 5432 2700 5502; x_wconf 76' lang='lat' dir='ltr'><strong>sapientia:</strong></span> <span class='ocrx_word' id='word_1_887' title='bbox 2724 5429 2888 5484; x_wconf 90' lang='lat' dir='ltr'><strong>verba</strong></span> <span class='ocrx_word' id='word_1_888' title='bbox 2937 5428 3120 5481; x_wconf 90' lang='lat' dir='ltr'><strong>dixere</strong></span> <span class='ocrx_word' id='word_1_889' title='bbox 3144 5467 3158 5490; x_wconf 98' lang='lat'><strong>,</strong></span> <span class='ocrx_word' id='word_1_890' title='bbox 3191 5441 3252 5479; x_wconf 90' lang='lat' dir='ltr'><strong>ac</strong></span> <span class='ocrx_word' id='word_1_891' title='bbox 3293 5439 3388 5494; x_wconf 91' lang='lat' dir='ltr'><strong>per</strong></span> <span class='ocrx_word' id='word_1_892' title='bbox 3431 5423 3613 5478; x_wconf 89' lang='lat' dir='ltr'><strong>literas</strong></span> 
     </span>
    </p>
   </div>
   <div class='ocr_carea' id='block_1_119' title="bbox 2025 5502 3610 5598">
    <p class='ocr_par' dir='ltr' id='par_1_119' title="bbox 2025 5502 3610 5598">
     <span class='ocr_line' id='line_1_119' title="bbox 2025 5502 3610 5598; baseline -0.013 -13"><span class='ocrx_word' id='word_1_893' title='bbox 2025 5502 2338 5598; x_wconf 45' lang='lat' dir='ltr'><strong>Imperatori</strong></span> <span class='ocrx_word' id='word_1_894' title='bbox 2380 5525 2845 5596; x_wconf 83' lang='lat' dir='ltr'><strong>supplicaverunt,</strong></span> <span class='ocrx_word' id='word_1_895' title='bbox 2875 5527 2929 5574; x_wconf 91' lang='lat' dir='ltr'><strong>et</strong></span> <span class='ocrx_word' id='word_1_896' title='bbox 2961 5517 3144 5588; x_wconf 89' lang='lat' dir='ltr'><strong>judicii</strong></span> <span class='ocrx_word' id='word_1_897' title='bbox 3182 5515 3356 5570; x_wconf 90' lang='lat' dir='ltr'><strong>fecere</strong></span> <span class='ocrx_word' id='word_1_898' title='bbox 3385 5515 3610 5568; x_wconf 84' lang='lat' dir='ltr'><strong>mentio-</strong></span> 
     </span>
    </p>
   </div>
   <div class='ocr_carea' id='block_1_120' title="bbox 2024 5606 3615 5690">
    <p class='ocr_par' dir='ltr' id='par_1_120' title="bbox 2024 5606 3615 5690">
     <span class='ocr_line' id='line_1_120' title="bbox 2024 5606 3615 5690; baseline -0.014 -11"><span class='ocrx_word' id='word_1_899' title='bbox 2024 5640 2144 5679; x_wconf 90' lang='lat' dir='ltr'><strong>nem</strong></span> <span class='ocrx_word' id='word_1_900' title='bbox 2168 5667 2182 5690; x_wconf 92' lang='lat'><strong>,</strong></span> <span class='ocrx_word' id='word_1_901' title='bbox 2212 5632 2265 5678; x_wconf 93' lang='lat' dir='ltr'><strong>et</strong></span> <span class='ocrx_word' id='word_1_902' title='bbox 2290 5638 2349 5677; x_wconf 89' lang='lat' dir='ltr'><strong>se</strong></span> <span class='ocrx_word' id='word_1_903' title='bbox 2375 5635 2470 5674; x_wconf 92' lang='lat' dir='ltr'><strong>sua</strong></span> <span class='ocrx_word' id='word_1_904' title='bbox 2497 5617 2833 5689; x_wconf 90' lang='lat' dir='ltr'><strong>deposituros</strong></span> <span class='ocrx_word' id='word_1_905' title='bbox 2862 5627 2979 5669; x_wconf 91' lang='lat' dir='ltr'><strong>esse</strong></span> <span class='ocrx_word' id='word_1_906' title='bbox 3006 5611 3176 5680; x_wconf 86' lang='lat' dir='ltr'><strong>capita</strong></span> <span class='ocrx_word' id='word_1_907' title='bbox 3203 5607 3482 5673; x_wconf 88' lang='lat' dir='ltr'><strong>dixerunt,</strong></span> <span class='ocrx_word' id='word_1_908' title='bbox 3513 5606 3615 5659; x_wconf 85' lang='lat' dir='ltr'><strong>nisi</strong></span> 
     </span>
    </p>
   </div>
   <div class='ocr_carea' id='block_1_121' title="bbox 2028 5697 3614 5782">
    <p class='ocr_par' dir='ltr' id='par_1_121' title="bbox 2028 5697 3614 5782">
     <span class='ocr_line' id='line_1_121' title="bbox 2028 5697 3614 5782; baseline -0.014 -10"><span class='ocrx_word' id='word_1_909' title='bbox 2028 5719 2128 5772; x_wconf 90' lang='lat' dir='ltr'><strong>hoc</strong></span> <span class='ocrx_word' id='word_1_910' title='bbox 2158 5716 2327 5770; x_wconf 81' lang='lat' dir='ltr'><strong>ﬁeret.</strong></span> <span class='ocrx_word' id='word_1_911' title='bbox 2375 5713 2438 5767; x_wconf 83' lang='lat' dir='ltr'><strong>Et</strong></span> <span class='ocrx_word' id='word_1_912' title='bbox 2469 5720 2584 5782; x_wconf 85' lang='lat' dir='ltr'><strong>post</strong></span> <span class='ocrx_word' id='word_1_913' title='bbox 2611 5709 2705 5765; x_wconf 88' lang='lat' dir='ltr'><strong>has</strong></span> <span class='ocrx_word' id='word_1_914' title='bbox 2735 5714 2972 5775; x_wconf 84' lang='lat' dir='ltr'><strong>sumptas</strong></span> <span class='ocrx_word' id='word_1_915' title='bbox 3002 5704 3053 5758; x_wconf 93' lang='lat' dir='ltr'><strong>in</strong></span> <span class='ocrx_word' id='word_1_916' title='bbox 3085 5702 3250 5758; x_wconf 81' lang='lat' dir='ltr'><strong>literis</strong></span> <span class='ocrx_word' id='word_1_917' title='bbox 3279 5714 3440 5755; x_wconf 82' lang='lat' dir='ltr'><strong>voces</strong></span> <span class='ocrx_word' id='word_1_918' title='bbox 3471 5697 3614 5763; x_wconf 60' lang='lat' dir='ltr'><strong>indi-</strong></span> 
     </span>
    </p>
   </div>
  </div>
