4232 6320
588 340 693 396 I75

583 469 677 509 ces
705 452 947 507 abierunt
970 444 1153 516 ,-quod
1183 444 1327 500 omni
1351 457 1545 498 corona
1574 436 1903 508 splendidius
1930 443 2162 490 nostram

583 542 848 597 civitatem
876 538 1175 593 exornabit.
1208 536 1271 591 Et
1300 549 1416 604 qua:
1442 541 1566 586 sunt
1591 529 1676 583 hic
1701 543 1842 583 nunc
1865 535 2010 597 gesta
2027 567 2040 588 ,
2066 540 2164 579 an-

583 633 691 686 diet
711 630 1022 698 imperator,
1045 628 1221 682 audiet
1241 634 1292 679 et
1314 637 1498 692 magna
1524 620 1725 683 civitas,
1747 618 1925 672 audiet
1948 630 2001 671 et
2024 625 2164 670 tctus

581 721 743 786 orbis,
771 718 912 790 quod
941 719 1072 771 tales
1096 712 1550 771 Antiochenorum
1578 709 1761 763 urbem
1790 706 2027 761 habitent
2051 720 2164 760 mo-

582 812 737 867 nachi
762 853 776 876 ,
805 819 864 864 ut
893 808 1234 879 apostolicam
1277 803 1561 859 exhibeant
1592 800 1836 854 ﬁduciam
1868 816 1880 852 :
1912 807 1965 852 et
1999 797 2164 851 literis

580 920 723 960 nunc
752 903 900 959 iactis
925 945 938 966 ,
968 904 1019 956 in
1055 900 1242 955 castris
1270 911 1456 952 omnes
1488 896 1721 965 ipsorum
1761 890 2164 962 magnanimita-

579 1007 685 1053 tem
715 993 1135 1057 admirabuntur,
1167 1004 1357 1044 omnes
1391 975 1657 1042 civitatem
1688 992 1922 1039 nostram
1953 982 2161 1035 beatam

578 1086 878 1151 vocabunt,
924 1091 978 1138 ct
1021 1081 1211 1136 malam
1253 1076 1573 1147 repeliemus
1609 1077 1802 1129 famam
1838 1091 1850 1124 :
1889 1072 2163 1139 scientque

577 1191 787 1238 animos,
816 1184 961 1245 gesta
992 1188 1096 1227 non
1124 1171 1389 1227 civitatem
1420 1165 1822 1221 inhabitantium
1854 1161 2037 1225 fuisse,
2068 1158 2162 1214 sed

580 1266 855 1325 hontimtm
878 1272 1217 1324 externorum
1247 1269 1303 1318 et
1331 1258 1658 1333 perditorum
1688 1273 1700 1309 :
1730 1264 1784 1325 et
1812 1253 2002 1307 idonea
2030 1250 2161 1304 civi-

577 1361 701 1417 tatis
731 1371 937 1413 morum
965 1352 1351 1411 demonstratio
1380 1341 1761 1405 menaehorum
1784 1344 1889 1403 crit
1922 1342 2162 1397 testimo-

578 1456 743 1511 nium.
774 1451 849 1505 Ne
886 1450 1043 1519 igitur
1072 1448 1364 1510 trismmur,
1393 1443 1602 1506 dilecti,
1640 1439 1733 1495 sed
1777 1453 1873 1507 spe
1908 1438 2047 1493 bona
2078 1433 2162 1490 itt-

577 1544 763 1603 structi
790 1544 974 1597 simus.
1006 1539 1061 1595 Si
1087 1540 1227 1594 enim
1267 1535 1407 1604 apud
1447 1534 1689 1587 homines
1715 1531 1933 1585 libertas
1959 1535 2160 1581 tantum

578 1634 837 1693 molesti-.1:
867 1630 1148 1702 prohiberc
1177 1627 1365 1697 potuit,
1399 1624 1538 1694 apud
1572 1624 1735 1677 Deum
1767 1622 1940 1689 ipsum
1974 1618 2161 1670 ﬁducia

575 1728 701 1798 quid
732 1742 837 1781 non
866 1721 1211 1793 operahitur?
1243 1720 1365 1773 Ηττξο
1391 1718 1547 1771 etiam
1582 1714 1867 1784 gentilibus
1897 1711 2157 1771 dicamus,

576 1834 697 1875 cum
723 1817 788 1871 de
812 1812 1141 1886 philosophis
1165 1809 1440 1863 nobiscum
1468 1806 1738 1873 disputare
1763 1802 2049 1857 audebunt.
2082 1798 2157 1851 Ex

578 1906 929 1978 prtesentibus
977 1911 1119 1972 patet
1168 1900 1344 1968 priora
1392 1911 1599 1967 quoque
1643 1893 1806 1947 fuisse
1851 1890 1979 1944 l‘al:a
2023 1887 2161 1956 apud

578 2001 697 2053 illos
728 2016 735 2023 '
768 2012 833 2051 ex
864 1995 945 2048 his
971 1990 1309 2048 manifestum
1337 1996 1446 2049 est,
1476 1996 1528 2039 et
1558 1984 1697 2053 apud
1726 1998 1822 2037 nos
1850 1997 1972 2035 vera
2001 1979 2163 2034 fuisse

578 2090 751 2159 priora
793 2086 860 2141 de
901 2085 1105 2138 Joanne
1130 2122 1144 2147 ,
1176 2080 1334 2134 Petro
1363 2088 1417 2131 et
1457 2076 1618 2130 Paulo
1656 2085 1708 2129 et
1746 2074 1991 2127 omnibus
2022 2071 2158 2125 aliis.

578 2180 836 2246 Quoniam
864 2176 1005 2231 enim
1029 2175 1078 2227 in
1104 2174 1312 2227 illorum
1346 2171 1591 2240 pietatem
1620 2175 2013 2229 successerunt,
2042 2179 2161 2233 pro-

580 2280 837 2345 pterea,et
867 2283 1051 2324 eorum
1082 2266 1325 2320 tiduciam
1357 2261 1708 2317 exhibuerunt
1736 2278 1747 2313 :
1777 2260 2026 2329 quoniam
2066 2260 2159 2313 iis-

580 2366 699 2425 dem
726 2360 929 2431 legibus
962 2357 1167 2413 educati
1197 2366 1321 2409 sunt
1344 2396 1358 2419 ,
1388 2353 1505 2407 ideo
1535 2361 1591 2406 et
1631 2352 1866 2422 ipsorum
1911 2351 2159 2405 virtutem

580 2465 702 2513 sunt
744 2450 949 2507 imitati.
997 2449 1175 2519 l:aqac
1226 2462 1329 2500 non
1384 2453 1463 2498 est
1501 2458 1635 2512 opus
1683 2442 1837 2496 nobis
1886 2441 2051 2495 literis
2095 2439 2161 2493 ad

578 2546 919 2618 apostolicam
944 2543 1189 2598 virtutem
1216 2537 1707 2601 demonstrandam,
1731 2537 1890 2589 rebus
1916 2535 2042 2602 ipsis
2062 2533 2162 2587 cla-

579 2639 846 2701 mantibus
869 2679 881 2701 ,
912 2646 964 2692 et
990 2632 1264 2703 discipulis
1294 2630 1575 2700 magistros
1604 2625 2112 2697 reprwsentnntibus
2145 2642 2157 2676 :

578 2748 683 2790 non
717 2729 871 2786 nobis
908 2725 1243 2782 sermonibus
1284 2735 1416 2792 opus
1456 2728 1532 2773 est
1574 2718 1640 2773 ad
1681 2716 1957 2786 gentilium
1999 2729 2162 2784 nugas

578 2818 995 2883 manilestandas
1014 2858 1029 2884 ,
1062 2825 1115 2871 et
1155 2812 1590 2883 philosophorum
1620 2810 1857 2878 ipsorum
1886 2807 2160 2877 pusillani-

578 2919 813 2969 mitatem
833 2951 847 2975 ,
878 2911 1037 2965 rebus
1070 2908 1198 2978 ipsis
1232 2904 1609 2967 clamantibus,
1641 2912 1747 2958 tam
1779 2899 2160 2971 praesentibus,

575 3018 733 3078 quam
761 3002 1046 3073 praeteritis
1068 3042 1082 3067 ,
1114 2999 1255 3071 quod
1286 2998 1462 3053 omnia
1502 2996 1641 3065 apud
1676 2997 1821 3066 ipsos
1854 2993 2079 3058 fabulae,
2111 3002 2165 3047 et

580 3113 734 3154 scena
753 3139 767 3161 ,
795 3107 849 3151 et
875 3092 1191 3166 hypocrisis.
1226 3090 1331 3145 Nec
1358 3087 1604 3143 monachi
1637 3096 1837 3141 tantmn
1860 3128 1872 3149 ,
1902 3100 2085 3139 verum
2110 3093 2164 3138 et

582 3189 881 3246 sacerdotes
927 3185 1168 3242 eamdem
1216 3184 1577 3252 praestiterunt
1624 3181 1785 3235 animi
1837 3179 2160 3249 magnitudi-

580 3298 721 3348 nem,
750 3290 1090 3348 nostramque
1121 3276 1342 3331 salutem
1375 3275 1767 3344 dispensarunt.
1803 3273 1870 3326 Et
1899 3272 2030 3326 alius
2057 3272 2167 3341 qui-

581 3377 701 3431 dem
744 3375 796 3428 in
836 3383 1009 3427 castra
1052 3384 1110 3426 se
1150 3368 1409 3434 contulit,
1442 3367 1617 3423 omnia
1664 3366 1935 3421 dilectioni
1973 3374 2165 3419 vestrzc

580 3480 902 3541 postponens
922 3511 935 3533 ,
968 3475 1023 3522 et
1050 3468 1162 3535 ipse
1188 3474 1399 3535 paratu;
1426 3505 1439 3527 ,
1474 3463 1573 3516 nisi
1606 3461 1913 3530 imperatori
1947 3473 2163 3528 persua-

580 3562 757 3627 deret,
786 3560 950 3624 mori;
983 3557 1070 3612 alii
1096 3572 1220 3613 vero
1249 3555 1338 3610 hic
1363 3562 1727 3617 remanentes,
1756 3561 1807 3605 et
1831 3551 2016 3605 eadem
2047 3565 2165 3619 quas

581 3651 823 3707 monachi
858 3649 1171 3705 exhibentes
1194 3688 1210 3715 ,
1236 3645 1466 3716 propriis
1495 3644 1738 3698 manibus
1758 3642 1966 3710 judices
1991 3641 2163 3696 couti-

580 3754 767 3800 nentes
790 3784 807 3809 ,
838 3758 943 3795 non
971 3741 1215 3795 sinebant
1253 3736 1456 3807 ingredi
1484 3738 1522 3802 ',
1558 3735 1862 3813 priusquam
1891 3734 1959 3787 de
1983 3732 2164 3802 judicii

582 3841 686 3893 tine
708 3836 1076 3907 promitterent
1099 3850 1113 3886 :
1134 3840 1187 3886 et
1212 3846 1329 3885 cum
1354 3837 1638 3884 renuentes
1659 3826 1872 3896 quidem
1894 3825 2161 3887 videbant,

579 3928 743 3983 multa
770 3924 958 3980 ﬁducia
986 3932 1039 3978 et
1064 3923 1163 3994 ipsi
1190 3920 1423 3975 vicissim
1451 3919 1754 3973 utebantur.
1780 3915 1850 3971 Ut
1874 3925 2049 3970 autem
2074 3930 2167 3969 an-

580 4026 806 4074 nuentes
832 4016 1076 4072 viderunt
1096 4053 1110 4080 ,
1145 4011 1310 4083 pedes
1332 4019 1385 4064 et
1410 4024 1580 4080 genua
1608 4006 1871 4076 complexi
1898 4014 1952 4060 et
1980 4020 2167 4059 manus

579 4109 892 4173 exosculati,
922 4116 1200 4176 utramque
1225 4104 1473 4158 virtutem
1501 4097 1995 4169 superabundanter
2018 4098 2169 4153 exhi-

581 4205 769 4268 buere,
796 4201 1095 4256 libertatem
1122 4204 1177 4252 et
1204 4192 1683 4249 mansuetudinem.
1710 4190 1861 4255 Quod
1890 4190 2031 4244 enim
2063 4206 2167 4243 non

582 4292 847 4362 superbi:
883 4298 1025 4345 esset
1062 4287 1287 4349 ﬁducia,
1324 4282 1686 4339 exosculando
1713 4298 1882 4352 genua
1913 4291 1967 4336 et
2005 4281 2170 4352 pedes

583 4380 952 4453 amplectende
978 4379 1204 4434 maxime
1228 4376 1723 4431 demonstraverunt
1748 4392 1763 4428 :
1790 4389 2000 4427 rursum
2026 4373 2169 4442 quod

583 4472 855 4529 humilitas
897 4471 985 4526 illa
1028 4484 1133 4523 non
1172 4477 1312 4530 esset
1343 4465 1665 4531 assentatio,
1706 4480 1879 4534 neque
1907 4465 2171 4520 servilites

584 4563 825 4636 quaadam
849 4603 862 4628 ,
895 4577 994 4617 nec
1035 4576 1101 4614 ex
1142 4558 1388 4613 illiberali
1428 4556 1689 4611 sententia
1738 4556 1970 4624 proiecta
1997 4596 2009 4620 ,
2051 4572 2169 4625 quae

585 4655 861 4727 praemissa
901 4654 1133 4718 ipsorum
1177 4648 1383 4704 ﬁducia:
1424 4647 1665 4709 luerunt,
1706 4647 1983 4701 testiﬁcata
2024 4657 2166 4701 sunt.

586 4748 769 4816 Neque
811 4745 926 4800 htec
972 4744 1083 4798 sola
1112 4743 1179 4797 de
1222 4742 1512 4796 tcntatione
1551 4737 1690 4792 bona
1735 4738 1920 4791 lucrati
1951 4753 2165 4804 sumus,

588 4853 773 4893 verum
801 4846 857 4893 et
887 4837 1101 4890 multam
1138 4831 1480 4895 modestiam,
1506 4846 1567 4884 ac
1593 4829 2051 4885 mansuetudinem
2074 4874 2088 4895 ,
2118 4839 2171 4885 et

588 4932 774 4986 civitas
799 4930 952 4983 nobis
990 4934 1209 4996 repente
1246 4924 1625 4980 monasterium
1657 4922 1789 4977 facta
1817 4932 1919 4977 est.
1951 4922 2064 4976 Non
2095 4925 2173 4978 sic

590 5024 731 5078 illam
755 5021 872 5091 quis
892 5030 1152 5083 ornasset,
1174 5019 1217 5072 si
1240 5032 1430 5071 aureas
1452 5016 1506 5069 in
1535 5015 1648 5068 foro
1668 5023 1871 5068 statuas
1893 5014 2170 5077 erexisset,

591 5114 727 5168 sicut
754 5127 895 5167 nunc
928 5113 1069 5167 clara
1111 5119 1166 5165 et
1206 5108 1422 5164 illustris
1461 5116 1544 5163 cst
1568 5149 1583 5173 ,
1614 5123 1733 5176 qua:
1771 5107 1937 5161 bonas
1967 5107 2176 5162 virtutis

588 5215 791 5263 statuas
816 5204 1054 5275 protulit,
1085 5214 1138 5257 et
1167 5202 1407 5271 prOprias
1434 5198 1676 5254 exhibuit
1703 5198 1933 5253 divitias.

664 5296 838 5350 Parma
859 5295 919 5347 ab
946 5292 1257 5364 lmperatorc
1280 5291 1601 5345 Antiocltenis
1624 5290 1849 5358 inflictas.
1879 5288 2176 5358 Metropolis

592 5387 811 5457 dignitas
838 5386 1082 5439 translata
1109 5384 1181 5437 ad.
1208 5383 1537 5436 Laodicenos.
1565 5411 1637 5421 —
1664 5382 1731 5434 At
1765 5396 1882 5451 quae
1912 5381 1977 5435 ab
2008 5381 2177 5452 Impe-

594 5487 771 5535 ntore
799 5476 1032 5547 proiecta
1059 5482 1183 5529 sunt
1204 5474 1520 5529 contristant
1544 5490 1557 5525 :
1582 5472 1674 5527 sed
1703 5487 1801 5527 nec
1828 5473 1913 5526 illa
1942 5472 2178 5542 profecto

593 5570 794 5641 gravia,
816 5584 999 5625 verum
1028 5575 1083 5625 et
1111 5568 1222 5639 ipsa
1250 5568 1474 5623 multum
1499 5566 1787 5623 attulerunt
1811 5566 2173 5622 emolumenti.

592 5727 677 5841 Hi
866 5732 971 5776 Sav.
1006 5732 1058 5775 et
1094 5725 1213 5776 alios
1245 5725 1491 5777 habetur:
1527 5722 1861 5787 (omittebant,
1888 5735 1979 5773 non
2024 5726 2178 5775 sinen-

1326 332 1381 388 S.
1420 327 1699 387 JOANNIS
1736 319 2209 379 CHRYSOSTOMI
2250 319 2562 378 ARClilEP.
2604 324 3135 381 CONSTANTLNOP.

3761 324 3866 379 176

2274 434 2410 503 Quid
2435 435 2577 491 enim
2605 435 2836 503 molesti,
2860 434 2945 490 die
2966 433 3118 501 mihi,
3146 433 3343 490 factum)
3368 446 3449 491 est
3468 435 3493 490 2
3513 437 3655 507 quod
3674 439 3868 494 orche-

2273 540 2437 583 stram
2458 527 2802 592 obstruxerit,
2826 526 2967 597 quod
2987 528 3187 582 circum
3212 527 3633 584 inaccessibilem
3657 526 3864 597 fecerit,

2272 618 2413 689 quod
2453 620 2700 690 nequitia:
2739 621 2910 674 fontes
2938 619 3224 673 excluserit
3251 627 3306 674 et
3342 619 3623 676 obruerit?
3652 622 3867 679 Utinam

2272 725 2372 765 nec
2396 709 2779 765 concederetur
2804 726 3051 780 umquam
3079 710 3177 764 hos
3207 710 3422 780 aperiri.
3459 712 3593 769 Hinc
3615 716 3866 785 nequitias

2272 802 2477 857 radices
2507 803 2558 855 in
2589 802 2803 857 civitate
2839 804 3298 873 germinaverunt,
3328 803 3453 859 hinc
3482 818 3605 860 sunt
3634 808 3721 877 qui
3750 823 3866 863 mo-

2270 894 2419 947 ribus
2459 892 2625 963 ipsius
2667 898 2865 949 crimen
2908 896 3165 962 aﬂ'crunt,
3197 909 3322 951 suas
3358 912 3515 951 voces
3550 900 3867 954 saltantihus

2271 984 2581 1049 vendentcs,
2605 994 2661 1039 et
2688 984 2855 1039 tribus
2880 985 3052 1040 obolis
3081 1000 3230 1040 suam
3263 985 3363 1039 illis
3392 987 3615 1043 salutem
3643 990 3847 1058 prodeo
3865 1028 3882 1038 .

2273 1082 2371 1137 tes,
2406 1073 2787 1130 confundentes
2823 1075 3021 1129 omnia.
3055 1075 3343 1145 Propterea
3374 1077 3620 1143 tristaris,
3651 1081 3858 1135 carissi-

2270 1164 2394 1220 me?
2432 1165 2544 1220 hno
2584 1167 2703 1221 ideo
2737 1176 2791 1222 et
2826 1167 3058 1237 gaudere
3083 1177 3136 1221 et
3162 1169 3325 1222 laetari
3354 1180 3565 1239 Oportet
3587 1182 3640 1227 et
3664 1174 3869 1245 gratias

2272 1253 2579 1324 imperatori
2609 1272 2767 1326 agere
2794 1276 2807 1311 :
2832 1259 3084 1328 quoniam
3114 1259 3280 1329 ipsius
3302 1260 3433 1315 ultio
3458 1252 3721 1318 correctio
3743 1264 3864 1329 fuit,

2269 1354 2323 1399 et
2352 1360 2505 1415 poma
2536 1348 2781 1411 eruditio,
2817 1360 2869 1403 et
2900 1350 2976 1403 ira
3007 1350 3269 1404 doctrina.
3301 1352 3379 1405 An
3406 1352 3527 1421 quia
3553 1354 3742 1410 balnea
3770 1373 3869 1411 no-

2270 1436 2350 1490 bis
2375 1437 2587 1521 occlusa
2614 1440 2780 1493 sunt?
2807 1439 2909 1493 Sed
2941 1441 3043 1495 hoc
3069 1455 3171 1494 non
3205 1442 3538 1498 intolerabile
3558 1487 3572 1510 ,
3601 1446 3684 1500 vel
3721 1447 3866 1501 invi-

2271 1539 2371 1596 tos,
2401 1529 2654 1587 lubricam
2683 1540 2736 1586 et
2762 1532 2978 1586 mollem
3004 1542 3058 1588 et
3085 1532 3396 1589 dissolutam
3424 1535 3677 1605 degentes
3699 1539 3865 1593 vitam

2269 1620 2334 1675 ad
2382 1620 2768 1693 pltilOSOphiam
2813 1621 3015 1680 reduci.
3058 1624 3141 1677 An
3186 1623 3329 1694 quod
3371 1626 3599 1681 civitatis
3640 1628 3865 1684 abstulit

2268 1713 2608 1784 dignitatem,
2639 1733 2739 1772 nec
2771 1716 2999 1787 amplius
3028 1716 3196 1790 ipsam
3231 1718 3566 1788 metropolim
3604 1721 3863 1791 appellari

2268 1806 2509 1874 permisit
2535 1807 2611 1879 (a)
2628 1808 2651 1861 ’ἓ
2671 1808 2775 1864 Sed
2799 1809 2924 1879 quid
2947 1808 3122 1881 facere
3141 1808 3460 1881 oportebat?
3480 1808 3695 1867 laudare
3716 1825 3862 1866 cont-

2269 1897 2453 1964 missa,
2472 1908 2523 1951 et
2546 1899 2741 1967 gratias
2762 1901 2960 1969 agere?
2983 1901 3048 1957 Et
3069 1902 3187 1971 quis
3212 1902 3383 1973 ipsum
3407 1921 3512 1959 non
3533 1914 3858 1971 accusasset,

2269 1986 2409 2055 quod
2447 2002 2554 2043 non
2593 1990 2677 2044 vel
2716 1991 2893 2060 specie
2916 1992 2933 2025 ¹
2972 1992 3386 2064 indignationem
3425 1997 3863 2056 manifestasset?

2268 2076 2383 2131 Non
2419 2080 2593 2133 cernis
2634 2091 2812 2149 patres
2847 2083 3012 2138 multa
3048 2085 3349 2155 hujusmodi
3382 2087 3432 2144 in
3464 2088 3602 2145 ﬁlios
3630 2106 3758 2148 suos
3784 2092 3863 2147 fa-

2268 2168 2430 2223 cere?
2467 2182 2810 2238 aversantur,
2844 2184 2893 2229 et
2937 2191 3117 2229 mensa
3158 2178 3463 2247 prohibent.
3504 2181 3617 2238 Iloc
3648 2200 3861 2255 quoque

2269 2256 2561 2327 Imperator
2586 2260 2727 2328 fecit,
2764 2266 2895 2320 tales
2926 2266 3205 2338 imponens
3232 2270 3482 2335 ultiones,
3512 2274 3715 2330 nullum
3744 2278 3860 2345 qui-

2268 2349 2389 2405 dem
2430 2351 2687 2409 habentes
2720 2354 3003 2423 damnum,
3047 2360 3267 2413 multant
3307 2376 3433 2415 vero
3473 2366 3858 2421 correctionem

2269 2442 2570 2500 afferentes.
2598 2446 2787 2517 Cogita
2827 2464 2946 2519 qure
2989 2453 3447 2518 exspectavimus,
3480 2465 3533 2508 et
3568 2472 3688 2525 qua:
3723 2455 3859 2512 facta

2268 2545 2410 2600 sunt,
2444 2546 2497 2589 et
2523 2546 2647 2592 tunc
2670 2540 2900 2593 maxime
2928 2539 3160 2595 sciemus
3190 2540 3279 2595 Dei
3304 2547 3552 2613 gratiam.

2341 2626 2619 2681 Antiochia:
2648 2644 2763 2682 tera
2784 2629 3023 2700 dignitas.
3050 2661 3121 2671 —
3148 2632 3305 2685 Doles
3338 2633 3479 2702 quod
3518 2636 3745 2691 civitatis
3773 2636 3861 2691 di-

2268 2720 2441 2789 gnitas
2470 2720 2644 2774 ablata
2682 2722 2792 2776 sit?
2821 2722 2967 2776 disce
3006 2723 3134 2793 quid
3178 2724 3389 2780 tandem
3426 2726 3494 2784 sit
3522 2727 3751 2783 civitatis
3776 2730 3861 2784 di-

2270 2815 2464 2883 gnitas,
2495 2822 2549 2867 et
2584 2823 2709 2869 tunc
2737 2814 3018 2870 manifeste
3060 2817 3217 2883 scies,
3261 2818 3405 2887 quod
3442 2820 3488 2873 si
3534 2819 3862 2878 habitatores

2272 2906 2439 2975 ipsam
2468 2922 2571 2960 non
2602 2906 2951 2975 prodiderint,
2976 2907 3186 2964 auferre
3221 2912 3414 2980 poterit
3436 2913 3571 2967 alius
3598 2930 3755 2969 nemo
3782 2919 3862 2971 ci-

2271 2998 2447 3051 vitatis
2492 2996 2823 3068 dignitatcm.
2870 3000 2985 3055 Non
3022 3002 3165 3071 quod
3204 3005 3515 3073 [ηεῑτομοιὶε
3556 3007 3647 3071 sit,
3686 3023 3863 3078 neque

2270 3092 2413 3162 quod
2447 3092 2663 3161 medita
2690 3093 2761 3147 sit
2799 3094 3159 3163 magnitudine
3188 3105 3240 3148 et
3272 3107 3463 3150 ornatu
3489 3098 3858 3167 aediﬁciorum,

2271 3198 2444 3251 neque
2484 3184 2622 3253 quod
2655 3184 2846 3240 multas
2890 3185 3082 3240 habeat
3123 3188 3422 3257 columnas,
3457 3200 3507 3244 et
3536 3190 3669 3246 latas
3698 3196 3866 3263 porti-

2270 3290 2386 3341 cus,
2413 3285 2469 3329 et
2495 3272 3173 3348 deambulationes,'neque
3201 3280 3344 3348 quod
3372 3291 3495 3336 ante
3524 3283 3655 3337 alias
3673 3286 3863 3341 civita-

2272 3376 2353 3421 tes
2384 3367 2739 3436 pnedicetur;
2784 3367 2878 3422 sed
2926 3368 3336 3426 inhabitantium
3379 3373 3546 3427 virtus
3575 3382 3631 3429 et
3666 3375 3859 3446 pietas,

2273 3458 2387 3513 haec
2412 3469 2494 3536 cst
2520 3458 2770 3529 dignitas,
2818 3470 2869 3513 et
2914 3470 3156 3529 ornatus,
3200 3472 3254 3518 et
3293 3464 3452 3518 tutela
3498 3467 3745 3535 civitatis,
3790 3468 3863 3524 ita

2273 3558 2329 3604 ut
2354 3550 2397 3605 si
2426 3550 2529 3605 hoc
2554 3550 2711 3616 desit,
2742 3553 2979 3606 omnium
3023 3553 3091 3607 sit
3125 3554 3403 3620 vilissima,
3433 3556 3557 3611 licet
3596 3557 3863 3615 infinitum

2272 3646 2339 3701 ab
2364 3645 2773 3715 imperatoribus
2801 3657 3157 3718 conSequatnr
3198 3646 3475 3703 honorem.
3505 3650 3597 3705 Vis
3634 3651 3865 3708 civitatis

2275 3750 2378 3795 tua:
2404 3740 2710 3811 dignitatem
2741 3739 2987 3794 discere?
3010 3740 3089 3794 vis
3117 3741 3334 3811 gentilia
3365 3741 3529 3810 ipsius
3549 3753 3862 3801 ornamenta

2273 3833 2471 3886 nosse?
2500 3830 2672 3885 dicam
2703 3830 2911 3895 sedulo,
2956 3847 3059 3883 non
3104 3839 3163 3884 ut
3202 3830 3378 3885 discas
3408 3840 3633 3897 tantum,
3674 3850 3862 3889 verum

2272 3932 2410 3979 utet
2455 3922 2697 3977 imiteris.
2750 3922 2879 3989 Qua:
2912 3922 3123 3977 tandem
3171 3932 3254 3975 est
3280 3923 3507 3977 civitatis
3553 3933 3747 3978 nostrre
3778 3926 3861 3980 di-

2272 4016 2447 4085 gnitas
2465 4015 2489 4068 ἲ
2510 4015 2727 4085 Contigit
2756 4015 2975 4083 primum
3006 4014 3286 4068 Antiochia:
3312 4014 3587 4085 discipulos
3612 4018 3865 4087 appellari

2274 4105 2586 4160 Christianos
2609 4106 2744 4175 (Act.
2776 4106 2860 4159 ii.
2891 4103 2997 4177 26)
3036 4124 3049 4159 :
3081 4105 3181 4159 hoc
3216 4117 3391 4159 autem
3442 4106 3713 4161 civitatum
3744 4125 3865 4177 qua:

2274 4210 2398 4253 sunt
2429 4199 2480 4252 in
2511 4198 2707 4252 mundo
2728 4207 3039 4252 cunctarum
3083 4197 3244 4251 habet
3283 4198 3442 4261 nulla,
3490 4213 3586 4251 nec
3613 4200 3725 4267 ipsa
3754 4200 3865 4254 Ro-

2275 4289 2401 4344 muli
2428 4290 2611 4344 civitas
2640 4306 2654 4343 :
2684 4297 2967 4358 propterea
3008 4298 3195 4343 contra
3222 4302 3433 4341 onmem
3477 4297 3736 4343 terrarum
3775 4306 3866 4345 or-

2276 4383 2397 4435 bem
2425 4381 2608 4435 oculos
2646 4380 2855 4449 erigere
2914 4386 3088 4448 potest
3118 4398 3130 4431 :
3162 4379 3414 4447 quoniam
3443 4394 3567 4451 erga
3596 4380 3869 4437 Christum

2276 4473 2475 4528 at..oris
2497 4474 2669 4545 ignem
2710 4474 2885 4534 habet,
2918 4481 3134 4543 propter
3164 4472 3430 4533 ﬁduciam,
3459 4482 3676 4541 promer
3700 4475 3867 4528 virtu-

2280 4574 2382 4618 tem
2408 4564 2573 4617 illam.
2606 4564 2695 4616 Vis
2727 4574 2778 4617 et
2805 4563 2961 4616 aliam
2998 4562 3228 4617 civitatis
3264 4561 3449 4616 audire
3475 4562 3785 4631 dignitatem
3816 4575 3872 4619 et

2278 4654 2487 4709 laudem
2508 4655 2530 4707 ?
2554 4654 2745 4708 Fames
2783 4653 2913 4707 olim
2939 4650 3248 4706 difﬁcillima
3293 4651 3464 4705 futura
3492 4663 3625 4717 erat,
3658 4663 3712 4707 et
3754 4655 3871 4708 An-

2278 4745 2527 4801 tiochiam
2560 4744 2859 4799 habitantes
2902 4750 3221 4807 statuerunt,
3254 4752 3410 4812 prout
3434 4745 3658 4813 quisque
3696 4746 3871 4800 abun-

2276 4840 2471 4906 dabat,
2519 4838 2584 4892 ad
2638 4847 2850 4891 sanctos
2890 4836 3276 4907 Jerosolymam
3330 4837 3628 4892 habitantes
3671 4838 3871 4908 aliquid

2279 4934 2491 4988 mittere
2514 4930 2677 5000 (Ibid.
2707 4947 2755 4983 υ.
2778 4930 2867 4984 28.
2893 4929 3007 4997 9.9).
3039 4929 3178 4983 Ecce
3212 4939 3267 4983 ct
3306 4928 3595 4983 secundum
3636 4928 3869 4999 dignita-

2283 5038 2411 5092 tem,
2441 5025 2493 5079 in
2526 5025 2664 5079 fame
2691 5024 2989 5078 caritatem.
3024 5021 3138 5076 Non
3170 5022 3435 5077 contraxit
3458 5022 3602 5092 ipsos
3629 5031 3864 5093 tempus,

2282 5136 2380 5174 nec
2426 5119 2699 5189 segniores
2750 5115 2983 5171 reddidit
3028 5115 3344 5171 calamitatis
3388 5118 3748 5185 exspectatio;
3779 5124 3873 5173 scd

2283 5211 2493 5281 quando
2518 5210 2609 5264 alii
2640 5208 2810 5262 aliena
2838 5208 3113 5279 colligunt,
3144 5218 3267 5262 tunc
3310 5207 3383 5262 illi
3410 5222 3503 5262 sua
3534 5208 3869 5276 emittebant,

2349 5412 2365 5442 ι
2401 5407 2595 5468 Quidam
2613 5406 2709 5466 alii,
2742 5404 2901 5457 verba.
2926 5419 3029 5466 pro.
3055 5406 3233 5466 specie.

2351 5466 2429 5533 (α)
2457 5468 2953 5533 Translatanimirum
2985 5468 3185 5533 fuerunt
3203 5469 3313 5533 jura
3332 5475 3389 5533 et
3411 5466 3667 5533 privilegia
3690 5474 3873 5533 metro-

2286 5527 2454 5591 poleos
2485 5531 2542 5579 ad
2579 5531 2974 5591 taodicazam,’ut
2991 5529 3148 5579 refert
3180 5527 3533 5585 Tlteodoretus,
3565 5527 3608 5577 ιζ
3630 5530 3679 5585 5,
3703 5541 3747 5577 c.
3776 5527 3872 5591 19;

2293 5589 2315 5640 ί
2341 5592 2595 5655 Privilegia
2629 5592 2813 5655 civitati
2850 5590 3049 5651 ademit,
3072 5594 3284 5655 urbique
3314 5592 3484 5639 viciute
3508 5591 3766 5655 primatum
3795 5589 3881 5655 tri-

2288 5658 2413 5713 buit,
2436 5651 2611 5713 putans
2630 5653 2719 5702 hoc
2740 5652 2812 5702 illi
2829 5656 3038 5704 maximo
3056 5651 3457 5704 doioriiuturum.
3480 5652 3729 5701 tnvidebat
3745 5651 3876 5702 enim

2281 5721 2381 5781 jam
2404 5713 2515 5765 olim
2534 5715 2788 5781 Antiochia:
2811 5714 3063 5781 [θρύπτει.
3092 5732 3113 5761 ι
3146 5714 3263 5765 \‘ide
3282 5723 3312 5763 ι.
3333 5715 3345 5763 l
3363 5751 3374 5764 .
3398 5715 3544 5764 Vitam
3566 5713 3876 5777 Clu'yiostena'

2290 5774 2518 5841 nostram,
2533 5777 2588 5826 ad
2615 5790 2791 5825 annum
2811 5774 2920 5827 387.
