4232 6320
273 387 371 442 177
1155 381 1247 435 ΑΙ)
1285 374 1606 436 Ροιδιιιυω
1644 373 1864 432 ANTIO‘

1970 373 2135 432 :NUM
2197 375 2426 432 nomL.
2447 459 2450 462 _
2468 376 2634 433 xvn.

274 516 372 554 nec
400 497 754 568 pra-sentibus
793 503 1019 560 tantum,
1047 507 1230 549 verum
1267 501 1320 548 et
1347 492 1504 561 longe
1529 487 1861 545 sedentibus.

278 589 465 644 Vidisti
498 587 658 642 tidem
686 588 739 640 in
772 585 957 651 Deum,
1007 592 1061 639 et
1104 583 1378 638 caritatem
1432 583 1486 637 in
1529 579 1866 651 proximum?

280 678 370 732 Vis
396 687 450 730 et
478 677 637 730 aliam
665 675 895 729 civitatis
929 673 1086 742 hujus
1123 672 1332 726 discere
1357 668 1710 740 dignitatem?
1765 669 1868 722 De-

280 768 597 823 stendcrunt
622 765 836 836 quidam
859 780 923 820 ex
947 763 1128 818 Judaza
1157 760 1514 826 Antiochiam,
1543 757 1864 830 perturban-

280 869 357 913 tes
383 858 838 929 praedicationem,
881 865 936 910 et
980 853 1226 910 Judaicas
1269 852 1580 907 indecentes
1608 849 1864 904 observa-

280 950 453 1005 tiones
482 951 617 1021 (Act.
651 949 740 1004 15.
769 946 844 1020 1).
875 946 988 1001 Νοη
1017 946 1175 1000 tacite
1202 945 1437 1000 tulerunt
1467 943 1541 996 illi
1567 940 1867 996 innovatio-

277 1056 421 1103 nem,
462 1056 561 1095 nec
598 1040 996 1110 acquieverunt,
1036 1037 1130 1091 sed
1178 1036 1557 1092 convenientes
1585 1041 1650 1088 et
1691 1031 1867 1087 eccle-

273 1132 412 1186 siam
464 1130 759 1194 tacientes,
807 1128 1197 1198 Jerosolymam
1245 1126 1464 1180 Paulum
1510 1123 1772 1178 miserunt
1811 1127 1869 1177 et

273 1212 592 1285 Barnabam,
627 1229 682 1274 et
724 1215 1017 1274 effecerunt
1062 1227 1119 1271 ut
1157 1217 1384 1286 apostoli
1413 1215 1661 1285 dogmata
1695 1228 1725 1267 a
1773 1213 1869 1269 Ju-

272 1311 426 1365 daica
479 1309 788 1363 infirmitate
842 1322 973 1377 pura
1024 1306 1214 1377 quovis
1260 1315 1521 1360 terrarum
1571 1303 1865 1359 mitterent.

272 1400 401 1455 llazc
423 1401 652 1456 civitatis
675 1399 926 1469 dignitas,
957 1398 1072 1452 hmc
1102 1396 1428 1467 praestantia,
1462 1394 1563 1449 hoc
1594 1396 1760 1464 ipsam
1792 1394 1868 1448 fa-

271 1490 345 1545 cit
373 1490 736 1559 metmpolim,
783 1502 890 1542 non
929 1489 980 1541 in
1029 1495 1190 1548 terra.
1241 1486 1338 1542 sed
1383 1486 1436 1539 in
1483 1486 1636 1542 caelo.
1686 1485 1868 1555 Itaque

270 1594 463 1634 omnes
514 1579 602 1633 alii
645 1579 878 1634 honores
925 1577 1296 1645 corruptibiles
1338 1584 1463 1631 sunt
1501 1583 1556 1630 et
1596 1575 1782 1630 caduci
1813 1582 1868 1629 et

270 1685 398 1725 cum
447 1671 695 1740 presenti
744 1670 849 1723 vita
901 1669 1210 1730 solvuntur;
1259 1660 1569 1738 frequenter
1606 1677 1784 1722 autem
1811 1675 1867 1721 et

270 1770 399 1818 ante
423 1772 743 1832 praesentem
787 1761 949 1815 vitam
993 1760 1152 1813 ﬁnem
1198 1759 1396 1814 habent
1425 1776 1440 1814 :
1472 1759 1610 1813 sicut
1646 1767 1700 1812 et
1726 1772 1867 1811 nunc

271 1855 460 1924 utique
484 1855 803 1910 habuerunt.
834 1853 957 1907 Mihi
989 1853 1175 1908 civitas
1211 1866 1316 1906 non
1355 1851 1558 1906 habens
1585 1850 1701 1921 pios
1721 1849 1866 1903 cives

270 1947 421 2002 omni
445 1947 572 2000 villa
602 1945 761 2000 vilior
805 1953 909 2012 est,
958 1953 1012 2000 et
1052 1958 1390 2015 quacumque
1427 1944 1680 2012 spelunca
1711 1941 1866 2012 igno-

271 2037 452 2093 bilior.
481 2037 550 2092 Et
575 2037 703 2107 quid
729 2037 851 2093 dico
888 2036 956 2092 de
1002 2035 1252 2091 civitate?
1290 2034 1361 2090 Ut
1399 2034 1543 2090 enim
1585 2034 1867 2104 diligenter

270 2128 448 2184 discas
475 2129 728 2184 virtutem
763 2128 933 2182 solam
962 2128 1106 2202 cives
1145 2140 1356 2191 ornare,
1406 2124 1538 2180 nihil
1569 2124 1661 2178 tibi
1692 2124 1758 2179 de
1786 2123 1866 2178 ci-

272 2220 436 2274 vitate
460 2218 603 2283 dico,
646 2217 741 2272 sed
770 2218 911 2289 quod
956 2226 1040 2274 est
1066 2217 1210 2272 omni
1241 2217 1454 2272 civitate
1482 2215 1860 2279 venerabilius,

270 2309 777 2380 Jerosolymitanum
820 2309 912 2363 Dei
939 2309 1194 2378 templum
1239 2308 1293 2362 in
1329 2307 1565 2362 medium
1608 2306 1862 2372 ali'erens,

273 2400 378 2456 hoc
419 2400 790 2455 demonstrare
842 2399 1098 2454 conabor.
1146 2398 1258 2452 Hoc
1300 2399 1441 2453 enim
1487 2399 1764 2468 templum,
1813 2397 1865 2450 in

271 2504 380 2559 quo
409 2488 670 2543 sacrificia
697 2496 751 2542 et
774 2489 1044 2542 orationes
1070 2479 1124 2543 et
1152 2489 1348 2554 cultus,
1377 2488 1466 2542 ubi
1497 2495 1680 2542 sancta
1737 2502 1864 2542 san-

268 2587 575 2641 ctorum,et
598 2579 974 2643 Cherubim,et
999 2578 1422 2644 Testamentum,
1449 2587 1503 2632 et
1528 2593 1659 2632 urna
1681 2592 1863 2642 aurea,

270 2668 690 2748 magnaindicia
719 2669 912 2724 divinae
944 2670 1085 2724 circa
1112 2684 1280 2738 genus
1308 2669 1436 2723 illud
1477 2669 1825 2740 providentim
1850 2686 1864 2722 :

271 2761 362 2816 ubi
406 2761 622 2816 oracula
667 2776 899 2829 superne
937 2761 1187 2815 continua
1235 2759 1560 2824 ferebantur,
1603 2760 1690 2814 ubi
1740 2775 1864 2828 pro-

271 2851 449 2921 phetae
477 2852 661 2906 divino
693 2850 1011 2905 amabantur
1049 2851 1303 2905 numine:
1335 2851 1420 2905 ubi
1466 2865 1572 2904 non
1619 2850 1864 2903 humanae

269 2943 422 3008 artis,
450 2941 546 2996 sed
573 2941 763 2996 divinae
788 2942 1063 3011 sapientiae
1093 2950 1248 3012 typus
1277 2950 1392 2996 erat
1423 2959 1434 2994 :
1464 2941 1551 2996 ubi
1579 2941 1747 2995 multo
1770 2956 1864 3009 pa-

271 3033 434 3086 rietes
456 3031 688 3098 undique
713 3031 985 3102 fulgebant
1019 3047 1168 3096 auro,
1211 3041 1265 3086 et
1302 3047 1460 3100 supra
1496 3045 1713 3085 omnem
1747 3046 1864 3084 mo-

269 3121 398 3176 dum
445 3131 557 3174 tmn
606 3123 842 3174 materia:
892 3121 1277 3189 pretiosissima
1319 3123 1546 3190 species,
1595 3133 1703 3175 tum
1738 3121 1867 3174 artis

271 3211 546 3281 diligentia
585 3211 881 3279 conjuncta:
930 3212 1103 3265 solum
1153 3226 1314 3281 super
1369 3222 1564 3265 terram
1611 3211 1863 3279 templum

270 3302 576 3373 hujusmodi
608 3313 731 3356 tunc
774 3303 939 3358 fuisse
978 3303 1488 3358 demonstraverunt
1530 3321 1543 3356 :
1589 3303 1694 3356 imo
1737 3317 1866 3355 vero

270 3409 375 3449 non
404 3394 537 3449 artis
566 3402 767 3448 tantum
794 3394 1088 3463 diligentia,
1130 3409 1316 3448 verum
1363 3405 1419 3448 et
1470 3395 1561 3448 Dei
1605 3394 1864 3462 sapientia

271 3485 429 3539 simul
478 3485 608 3539 illud
651 3486 856 3538 ornavit
886 3485 1190 3539 mdilicium.
1231 3485 1349 3539 Non
1380 3484 1522 3539 enim
1549 3499 1615 3539 ex
1649 3485 1864 3554 proprio

269 3587 420 3643 nutu,
463 3591 562 3631 nec
593 3591 622 3629 a
667 3577 977 3644 semetipso,
1004 3576 1098 3630 sed
1124 3592 1154 3629 a
1183 3577 1290 3630 Deo
1338 3584 1527 3631 cuncta
1566 3575 1817 3630 Salomon
1848 3576 1864 3606 ί

270 3666 485 3720 discens
535 3675 589 3721 et
634 3666 1047 3734 descriptionem
1071 3667 1276 3720 caelitus
1299 3667 1556 3729 referens,
1582 3649 1660 3720 sic
1689 3667 1863 3734 ipsum

247 3748 688 3825 designavithet
725 3757 894 3811 erexit
927 3758 1002 3827 (5.
1047 3757 1177 3827 Reg.
1203 3757 1280 3826 6).
1319 3757 1696 3812 Verumtamen
1731 3767 1866 3812 tem-

270 3848 414 3915 plum
444 3855 550 3900 tam
580 3847 884 3916 pulchrum,
913 3855 968 3901 et
986 3848 1249 3914 mirabile,
1278 3860 1332 3903 et
1364 3858 1630 3916 sanctum,
1661 3850 1862 3906 utenti-

271 3939 370 3993 bus
400 3938 517 4007 ipso
543 3937 784 4006 perditis,
811 3949 970 3993 tantae
1005 3941 1310 4009 ignominia:
1355 3940 1590 3995 habitum
1619 3949 1718 4006 est,
1762 3942 1865 3996 sic-

269 4042 372 4097 que
414 4037 780 4096 contemptum
809 4035 864 4083 et
891 4029 1168 4097 p'ofanum
1216 4030 1501 4096 redditum,
1535 4041 1591 4085 ut
1617 4041 1740 4086 ante
1770 4047 1863 4086 ca-

273 4119 564 4188 ptivitatem
581 4120 793 4188 quidem
807 4120 1060 4188 spelunca
1076 4131 1359 4175 vocaretur
1375 4122 1724 4194 latronum(M
1730 4124 1859 4177 all/1.

270 4210 359 4263 2|.
389 4210 500 4280 15),
539 4219 593 4265 ct
632 4211 884 4279 spelzeum
929 4211 1163 4282 hyacnze;
1202 4221 1322 4281 post
1368 4213 1481 4266 hrcc
1508 4229 1636 4268 vero
1665 4215 1883 4269 barba-.

271 4301 396 4355 riets
419 4310 475 4355 et
520 4301 805 4355 immundis
844 4310 898 4355 et
942 4301 1176 4369 profanis
1217 4304 1459 4356 manibus
1489 4304 1739 4357 traditum
1769 4304 1858 4358 sit.

275 4389 364 4444 Vis
395 4399 448 4443 et
468 4389 534 4443 de
558 4390 773 4444 civitate
802 4391 903 4445 hoc
948 4391 1089 4444 idem
1121 4391 1362 4446 discere?
1384 4393 1519 4457 Quid
1540 4395 1790 4448 Sodomis
1811 4404 1862 4451 et

271 4479 570 4549 conjunctis
599 4481 901 4535 civitatibus
943 4480 1040 4535 fuit
1070 4482 1410 4550 prmclarius?
1436 4484 1646 4538 Etenim
1674 4485 1864 4541 domus

271 4583 324 4629 et
376 4573 599 4628 aedilicia
650 4573 948 4642 Splendida,
982 4585 1035 4628 et
1079 4576 1306 4643 parietes
1353 4577 1697 4645 pulcherrimi
1724 4580 1863 4647 apud

272 4681 416 4735 Ipsos
443 4673 614 4729 erant,
649 4673 703 4718 et
752 4667 898 4733 regio
941 4666 1150 4734 pinguis
1176 4676 1230 4721 et
1275 4667 1486 4732 fertilis,
1535 4679 1588 4721 et
1616 4670 1863 4738 paradiso

271 4758 366 4811 Dei
405 4757 730 4820 assimilata;
774 4758 905 4826 cella
947 4773 1072 4812 vero
1114 4760 1400 4813 Abrahami
1429 4761 1548 4813 vilis
1586 4771 1639 4814 et
1680 4777 1860 4829 parva,

269 4859 322 4905 et
369 4849 573 4903 nullum
614 4849 818 4903 habens
857 4852 1127 4904 munimen
1161 4869 1174 4904 :
1204 4852 1296 4906 sed
1325 4863 1512 4907 exnrto
1546 4853 1864 4924 quandoque

270 4943 413 4999 bello
434 4943 732 5008 barbarico,
754 4944 912 4998 urbes
930 4944 1143 5013 quidem
1159 4946 1423 4998 mamilius
1444 4949 1672 4999 munitas
1703 4948 1864 5001 sull'o-

270 5035 464 5090 derunt
489 5043 542 5088 ct
566 5043 825 5102 ceperunt
865 5034 1096 5097 barbari,
1130 5044 1183 5088 et
1205 5036 1407 5090 incolas
1432 5038 1669 5105 captivos
1706 5038 1845 5091 abdu

271 5136 452 5180 centes
491 5114 733 5195 abierunt
773 5143 785 5177 :
824 5125 1124 5179 solitudinis
1163 5135 1337 5180 autem
1374 5128 1544 5182 civem
1591 5129 1860 5182 Abraham

271 5221 606 5288 ingruentem
632 5232 734 5270 non
764 5218 1017 5271 tulerunt.
1049 5218 1157 5273 Nec
1183 5221 1478 5284 immerito;
1509 5221 1862 5277 multitudinis

270 5326 409 5365 cntm
438 5320 495 5363 et
515 5325 790 5363 murorum
819 5311 1109 5363 munimine
1148 5311 1314 5365 multo
1344 5305 1596 5380 majorein
1630 5314 1731 5365 vim
1764 5314 1860 5365 ha.

273 5405 445 5469 bebat,
471 5404 720 5474 pietatem
749 5403 968 5458 scilicet.
1013 5405 1067 5459 Si
1101 5405 1433 5458 Christianus
1478 5421 1555 5469 es,
1594 5409 1859 5482 civitatem

271 5511 372 5549 non
419 5497 584 5548 habes
637 5510 799 5563 super
831 5503 1044 5549 terram.
1082 5496 1321 5550 Civitatis
1371 5507 1565 5550 ιιοδιιηίυ
1605 5499 1782 5568 opifex
1809 5507 1863 5552 et

270 5587 597 5641 architectus
619 5597 699 5640 est
729 5587 865 5640 Deus
890 5605 904 5640 :
935 5588 1059 5643 licet
1097 5604 1311 5641 onmem
1348 5588 1620 5657 capiamus
1647 5589 1857 5654 orbem,

269 5679 506 5750 hospites
532 5690 582 5733 et
607 5680 871 5750 peregrini
895 5679 1058 5736 totius
1083 5696 1283 5735 sumus.
1315 5678 1370 5735 ln
1392 5680 1579 5735 cmlum
1606 5680 1862 5752 adscripti

330 5803 343 5834 ⁸
383 5801 488 5860 Alii.
519 5810 729 5863 Moyses;
755 5797 882 5850 male

3461 379 3564 438 ΠΒ

1970 497 2174 550 sumus,
2208 485 2315 542 illic
2339 501 2724 544 conversamur
2751 506 2765 543 :
2799 504 2910 545 non
2941 504 3226 561 puerorum
3265 508 3418 549 more
3446 509 3566 564 par-

1971 589 2158 632 vorum
2187 592 2375 647 magna
2401 588 2826 646 contemnentes,
2859 595 3021 650 parva
3049 582 3397 638 admiremur.

2045 665 2165 722 Non
2192 669 2505 740 magnitudo,
2529 669 2619 724 sed
2637 671 2799 741 pietas
2829 672 3057 726 civitates
3082 682 3317 728 sator-nat.
3344 703 3418 716 -—
3441 673 3559 729 Non

1969 757 2202 813 civitatis
2229 760 2559 830 magnitudo,
2589 754 2868 817 sed'animi
2889 760 3058 815 virtus
3077 773 3451 818 ornamentum
3481 774 3565 819 est

1971 857 2025 905 et
2053 851 2465 905 munimentum.
2498 851 2555 906 Si
2589 867 2719 907 vero
2748 853 2978 908 civitatis
3004 869 3216 925 quoque
3249 856 3561 926 dignitatem

1971 955 2092 996 esse
2120 943 2394 1011 putaveris
2441 944 2880 1014 magnitudinem,
2922 947 3097 1017 cogita
3139 956 3269 1016 quot
3319 948 3560 1016 lenones,

1971 1039 2100 1101 quot
2126 1032 2317 1088 molles
2348 1041 2402 1087 et
2435 1033 2649 1104 perditi,
2689 1044 2744 1090 ct
2782 1037 3074 1091 innumeris
3113 1038 3255 1108 pleni
3297 1039 3455 1094 malis
3479 1041 3564 1095 di-

1971 1123 2156 1192 gnitati
2181 1123 2304 1178 huic
2332 1127 2754 1192 communicant,
2785 1137 2839 1182 et
2863 1130 3078 1182 tandem
3105 1129 3248 1184 hunc
3276 1141 3564 1187 contemne

1973 1215 2252 1271 honorem.
2285 1217 2392 1272 Sed
2424 1233 2529 1272 non
2565 1218 2657 1274 ille
2700 1219 2821 1274 talis
2862 1230 2943 1275 est
2991 1238 3007 1274 :
3056 1237 3164 1276 non
3205 1225 3348 1277 enim
3399 1224 3567 1294 ipsius

1970 1316 2176 1376 partem
2208 1324 2400 1380 capere
2427 1311 2551 1365 licet
2571 1311 2669 1376 illi,
2691 1311 2783 1381 qui
2807 1328 2911 1366 non
2941 1327 3159 1368 onmem
3181 1313 3430 1368 exhibeat
3458 1314 3567 1370 vir-

1974 1407 2159 1454 tutem.
2196 1401 2275 1456 Ne
2310 1403 2471 1473 igitur
2496 1404 2644 1458 stulti
2695 1405 2906 1468 fiamus,
2956 1407 3050 1460 sed
3103 1415 3229 1462 tunc
3264 1406 3562 1473 doleamus,

1970 1509 2091 1549 cum
2118 1495 2237 1564 quis
2279 1497 2474 1551 anima:
2516 1508 2713 1552 nostra:
2754 1498 3066 1568 dignitatem
3100 1501 3403 1567 abstulerit,
3442 1515 3565 1556 cum

1974 1595 2246 1655 peceatum
2279 1586 2537 1642 fuerimus
2563 1588 2788 1658 operati,
2812 1603 2933 1643 cum
2959 1603 3299 1645 communem
3323 1591 3566 1645 omnium

1971 1677 2256 1733 Dominum
2284 1677 2666 1733 offenderimus
2699 1679 3148 1750 :siquidem'qure
3186 1696 3330 1735 nunc
3359 1690 3563 1750 patrata

1970 1779 2116 1834 sunt,
2150 1785 2254 1824 non
2286 1779 2488 1824 tantum
2544 1771 2676 1826 nihil
2723 1771 2918 1827 lit-dent
2955 1773 3247 1837 civitatem,
3281 1775 3375 1829 sed
3403 1775 3446 1844 si
3478 1791 3551 1830 so-

1970 1860 2069 1914 brii
2091 1861 2338 1924 simus.et
2365 1863 2594 1939 maxime
2616 1862 2964 1931 adiuvabunt.
3002 1863 3219 1918 Etenim
3253 1880 3396 1919 nunc
3423 1866 3559 1921 civi-

1973 1962 2052 2006 tas
2080 1961 2261 2007 nostra
2290 1954 2498 2009 mulieri
2528 1953 2795 2019 fnrmosm,
2826 1964 2879 2010 et
2905 1942 3106 2021 liberie,
3129 1966 3183 2012 et
3212 1958 3468 2013 modestae
3494 1959 3571 2014 sia

1971 2041 2114 2095 milis
2142 2058 2262 2099 esse
2292 2044 2521 2099 videtur.
2563 2045 2747 2099 Timor
2773 2046 2942 2116 ipsam
2986 2045 3108 2100 fecit
3149 2048 3565 2103 mansnetiorem

1972 2141 2025 2185 et
2051 2131 2436 2198 honestiorem,
2460 2145 2514 2190 et
2537 2152 2566 2189 a
2596 2136 2875 2191 sceleratis
2906 2136 3030 2200 illis,
3060 2137 3152 2206 qui
3193 2137 3308 2192 hmc
3339 2137 3566 2192 nefanda

1972 2232 2095 2277 sunt
2119 2225 2234 2279 ausi
2259 2225 2533 2293 facinora,
2565 2226 2832 2303 liberavit.
2875 2227 2954 2282 Ne
2989 2229 3148 2297 igitur
3178 2229 3422 2283 muliebri
3455 2229 3576 2298 plo-

1972 2327 2155 2366 remus
2183 2314 2326 2368 luctu
2358 2333 2370 2368 :
2400 2317 2599 2370 etenim
2632 2299 2830 2372 mullos
2861 2332 2957 2387 per
2996 2317 3170 2372 forum
3201 2318 3442 2373 dicentes
3471 2333 3564 2373 au-

1971 2405 2079 2460 divi
2115 2424 2129 2459 :
2163 2406 2254 2461 Va:
2282 2409 2398 2474 tibi,
2428 2409 2732 2472 Antiochia,
2765 2410 2894 2480 quid
2937 2409 3031 2464 tibi
3070 2408 3268 2463 factum
3289 2410 3409 2464 est?
3433 2425 3573 2480 quo-

1972 2497 2132 2552 modo
2168 2513 2226 2553 es
2265 2499 2470 2555 honore
2499 2501 2735 2569 privata?
2762 2511 2816 2554 et
2841 2515 2963 2555 cum
2991 2501 3279 2564 audissem,
3306 2502 3564 2570 puerilem

1973 2587 2096 2641 talia
2123 2589 2415 2644 dicentium
2454 2599 2688 2645 mentem
2719 2589 2902 2645 derisi.
2933 2590 3051 2645 Non
3082 2591 3227 2644 enim
3267 2591 3383 2644 haec
3423 2607 3566 2646 nunc

1970 2689 2182 2748 oportet
2207 2682 2407 2746 dicere,
2437 2682 2531 2736 sed
2561 2698 2682 2737 cum
2722 2683 2980 2738 saltantes
3019 2683 3248 2747 videris,
3299 2691 3566 2753 potantes,

1971 2771 2409 2840 blasphemantes
2437 2814 2452 2840 ,
2496 2774 2781 2843 jurantes,
2831 2775 3165 2844 pejerantes,
3208 2775 3564 2840 mentientes,

1973 2873 2098 2919 tunc
2120 2867 2200 2920 his
2223 2877 2371 2921 utere
2399 2867 2578 2922 verbis
2607 2883 2622 2920 :
2654 2866 2747 2922 Va:
2796 2867 2909 2930 tibi,
2938 2867 3146 2932 civitas,
3187 2866 3312 2936 quid
3358 2866 3453 2932 tibi
3485 2866 3569 2922 fa--

1970 2966 2115 3011 ctum
2139 2958 2257 3012 est?
2286 2959 2330 3012 si
2365 2973 2495 3012 vero
2521 2957 2696 3012 forum
2722 2958 2918 3012 videris
2958 2951 3157 3028 paucos
3188 2958 3393 3014 habens
3418 2955 3567 3014 viros

1973 3060 2279 3103 mansuetos
2308 3058 2361 3102 et
2382 3049 2654 3104 modestos
2675 3060 2728 3102 et
2769 3049 3094 3114 moderatos,
3117 3050 3385 3104 civitatem
3418 3050 3563 3104 illam

1972 3152 2106 3191 voca
2135 3138 2361 3192 beatam.
2395 3138 2537 3191 Nihil
2578 3139 2718 3191 enim
2750 3139 2917 3207 ipsam
2956 3141 3195 3208 paucitas
3243 3141 3439 3194 laedere
3469 3157 3565 3210 po-

1975 3228 2118 3291 terit,
2151 3243 2270 3282 cum
2315 3244 2420 3282 non
2451 3227 2590 3283 desit
2618 3229 2787 3283 virtus
2824 3247 2838 3282 :
2875 3229 3014 3284 sicut
3042 3242 3250 3295 contra,
3283 3231 3412 3284 nihil
3446 3247 3566 3284 um-

1970 3331 2128 3385 quam
2157 3316 2392 3386 proderit
2423 3318 2729 3382 multitudo,
2760 3334 2882 3373 cum
2909 3319 3051 3373 adsit
3072 3321 3293 3374 malitia.
3322 3322 3383 3375 Si
3410 3321 3565 3392 fuerit

1972 3424 2208 3462 numerus
2235 3409 2460 3477 ﬁliorum
2485 3409 2671 3476 Israel,
2717 3411 2905 3480 inquit,
2937 3411 3070 3465 velut
3095 3429 3250 3466 aretur
3275 3414 3450 3476 maris,
3478 3430 3563 3466 rc-

1971 3501 2142 3569 liquiw
2179 3501 2508 3555 salvabunlur
2549 3501 2701 3571 (1ιαὶ.
2737 3503 2824 3558 10.
2863 3503 2966 3573 29.;
3000 3504 3152 3559 Rom.
3184 3505 3238 3560 9.
3272 3505 3382 3578 E7).
3421 3505 3564 3560 Nihil

1971 3609 2056 3646 me
2084 3594 2365 3647 multitudo
2406 3597 2600 3663 poterit
2639 3610 2881 3660 exorare,
2910 3596 3097 3664 inquit.
3130 3597 3220 3650 Sic
3246 3608 3297 3650 et
3319 3597 3566 3651 Christus

1970 3683 2115 3750 fecit,
2151 3685 2357 3738 vocavit
2387 3685 2630 3739 civitates
2670 3686 2916 3750 miseras,
2948 3702 3052 3739 non
3083 3696 3298 3755 propter
3329 3691 3565 3756 paucita-

1973 3784 2098 3842 tem,
2121 3792 2292 3845 neque
2322 3777 2573 3846 quoniam
2599 3793 2702 3831 non
2719 3787 2901 3832 essent
2917 3783 3242 3849 metropolcs
3260 3798 3271 3831 :
3289 3789 3335 3833 et
3357 3779 3565 3834 Jerusa-

1969 3869 2073 3924 lem
2106 3885 2313 3922 rursum
2340 3880 2557 3939 propter
2594 3870 2694 3926 hoc
2721 3869 2892 3939 ipsum
2925 3872 3173 3925 miseram
3203 3871 3355 3937 dixit,
3383 3873 3458 3926 sic
3486 3875 3565 3926 in-

1969 3961 2159 4030 quiens
2189 3979 2201 4014 :
2231 3960 2540 4024 Jerusalem,
2566 3960 2887 4023 Jerusalem,
2919 3977 3034 4031 qua:
3059 3962 3245 4014 occidis
3270 3964 3563 4032 praphetas,

1970 4064 2015 4105 et
2061 4053 2260 4122 lapillus
2303 4069 2406 4118 eos,
2437 4053 2523 4118 qui
2553 4052 2621 4104 ad
2650 4062 2696 4106 te
2741 4052 2881 4106 missi
2925 4060 3042 4105 sunt
3087 4052 3300 4124 (Matth.
3327 4053 3414 4106 25.
3448 4053 3562 4122 3-7).

1970 4145 2136 4212 Quam
2181 4145 2320 4199 enim
2368 4146 2499 4198 mihi
2547 4145 2754 4199 confert
2799 4144 3080 4197 utilitatem
3125 4144 3429 4206 multitudo,
3478 4144 3565 4198 dic

1970 4235 2120 4299 mihi,
2161 4237 2204 4287 si
2257 4235 2442 4288 vitiose
2473 4234 2647 4288 vivat?
2683 4234 2820 4299 Quin
2849 4249 2880 4286 e
2906 4234 3175 4287 contrario
3220 4242 3273 4286 et
3309 4233 3562 4286 damnum

1969 4341 2034 4379 ex
2067 4325 2167 4379 hoc
2213 4328 2466 4380 nascitur.
2498 4326 2636 4394 Quid
2679 4325 2822 4380 enim
2867 4325 3012 4379 aliud
3061 4341 3201 4379 nunc
3239 4326 3379 4379 illata
3424 4328 3563 4380 mala

1972 4415 2132 4470 fecit?
2161 4432 2339 4471 nonne
2364 4427 2546 4484 torpor
2574 4426 2627 4471 et
2657 4424 3025 4484 contemptus,
3057 4423 3111 4470 ct
3154 4415 3563 4470 inhabitantium

1971 4506 2322 4575 improbitas?
2354 4506 2610 4576 numquid
2651 4506 2878 4575 dignitas
2900 4507 3099 4560 civitati
3148 4506 3381 4575 profuit?
3414 4523 3567 4560 num-

1969 4597 2096 4666 quid
2121 4597 2328 4652 mditicii
2376 4596 2726 4666 magnitudo?
2773 4596 3028 4665 numquid
3057 4598 3178 4666 quia
3210 4599 3568 4667 metropolis?

1970 4687 2026 4741 Si
2056 4701 2179 4741 vero
2203 4688 2343 4756 apud
2377 4703 2555 4756 regem
2588 4697 2743 4740 terra:
2774 4686 2903 4740 nihil
2943 4687 3040 4755 ipsi
3076 4688 3431 4756 praevaricatio
3463 4687 3566 4744 hoc

1971 4780 2186 4848 profuit,
2229 4780 2322 4833 scd
2370 4779 2453 4833 illa
2501 4790 2689 4833 cuncta
2727 4779 2936 4832 sublata
2982 4789 3153 4832 sunt:
3188 4779 3355 4832 multo
3399 4781 3567 4847 magis"

1969 4871 2106 4941 apud
2139 4871 2446 4940 angelorum
2478 4871 2757 4942 Dominum
2791 4869 2923 4923 nihil
2954 4870 3050 4937 ipsi
3078 4871 3316 4938 proderit
3338 4869 3568 4940 dignitas

1970 4963 2068 5017 ista
2098 4981 2110 5014 :
2140 4963 2269 5017 nihil
2300 4964 2440 5016 enim
2487 4951 2585 5032 nos
2625 4963 2716 5015 illo
2760 4963 2846 5016 die
2888 4963 3081 5030 poterit
3121 4962 3394 5029 adjuvare,
3424 4963 3566 5032 quod

1970 5055 2315 5123 metropolim
2365 5026 2693 5115 habiterbus,
2740 5054 2975 5124 porticus
3015 5054 3150 5133 latas
3199 5053 3483 5108 habentem
3511 5067 3567 5108 et

1969 5146 2098 5199 alias
2125 5144 2427 5214 hujusmodi
2456 5145 2759 5214 dignitates.
2807 5145 2876 5198 Et
2903 5145 3025 5212 quid
3062 5145 3181 5198 dico
3213 5147 3359 5198 illum
3381 5146 3565 5199 diem?

1969 5238 2095 5307 quid
2122 5239 2204 5292 vel
2232 5237 2297 5291 ad
2339 5247 2656 5306 praesentem
2700 5238 2858 5290 vitam
2891 5237 3144 5304 prodesse
3187 5236 3400 5305 petet-it,
3433 5237 3565 5291 ciri-

1971 5338 2131 5383 tatem
2160 5344 2278 5384 esse
2312 5331 2401 5383 tibi
2432 5329 2808 5398 mctrOpnlim?
2840 5327 3093 5395 numquid
3124 5343 3188 5381 ex
3218 5328 3319 5381 hoc
3343 5327 3560 5380 domum

1969 5424 2248 5492 quisquam
2280 5422 2418 5476 male
2459 5422 2770 5490 dispositam
2816 5420 3067 5481 correxit,
3118 5419 3200 5472 vel
3241 5433 3307 5472 ex
3356 5417 3455 5471 hac
3489 5419 3566 5471 ul-

1972 5516 2079 5568 lum
2112 5515 2364 5585 dignitate
2396 5522 2709 5582 proventum
2753 5512 2954 5574 habuit,
2987 5511 3068 5565 vel
3102 5510 3369 5564 tristitiam
3399 5526 3558 5579 repu-

1972 5607 2054 5671 lit,
2090 5607 2168 5660 vel
2197 5605 2439 5672 corporis
2460 5603 2853 5674 mgritudinem,
2885 5602 2963 5656 vel
2992 5601 3155 5656 animi
3189 5601 3370 5654 vitium
3399 5601 3560 5669 depo-
3591 5617 3598 5622 '

1971 5699 2106 5753 suit?
2135 5697 2210 5751 Ne
2245 5697 2511 5760 ludamus,
2542 5696 2745 5762 dilecti,
2780 5709 2876 5748 nec
2904 5693 2968 5746 ad
3000 5693 3136 5764 vulgi
3166 5692 3444 5760 Opiniones
3470 5709 3556 5749 re-

1972 5791 2278 5860 spiciamus,
2323 5789 2415 5845 sed
2443 5791 2707 5845 discamus
2747 5803 2865 5856 qua:
2894 5786 3106 5841 tandem
3148 5786 3212 5840 sit
3237 5784 3462 5841 civitatis
3485 5787 3560 5845 die
