4232 6320
624 328 728 388 1⁸19

626 444 821 512 gnitas,
853 438 978 512 quid
1018 436 1158 509 quod
1186 436 1451 494 civitatem
1492 436 1681 493 reddat
1710 439 2067 508 metropolim.
2094 437 2203 494 Nec

634 536 746 589 iure
795 531 954 597 dico,
1001 528 1142 601 quod
1176 528 1454 600 desperem
1496 528 1764 584 civitatem
1806 530 1943 586 hanc
1982 530 2205 586 formam

632 624 860 693 priorem
888 629 1299 691 resumpturam,
1342 631 1397 676 et
1431 623 1483 675 in
1510 620 1724 691 propria
1768 618 1996 675 futuram
2024 620 2210 690 praesi-

628 717 835 781 dentia;
865 714 1127 771 humanus
1145 714 1287 769 enim
1313 724 1367 769 et
1391 714 1506 783 pius
1525 722 1607 768 est
1635 711 1960 782 imperator:
1989 724 2087 764 vos
2109 726 2207 763 au-

632 816 741 862 tem
769 805 908 871 volo,
937 804 1097 861 etiam
1136 804 1182 858 si
1218 804 1424 860 reddita
1465 804 1637 869 fuerit,
1680 819 1785 857 non
1813 803 1977 856 altum
2010 800 2081 855 ob
2108 800 2210 856 hoc

630 910 841 966 sapere,
873 911 1047 967 neque
1082 895 1332 966 gloriari,
1370 909 1470 949 nec
1518 908 1582 946 ex
1627 892 1709 947 his
1746 892 2014 946 civitatem
2055 892 2209 945 nobis

634 986 913 1057 magniﬁce
960 985 1169 1041 eﬂ‘erre.
1208 984 1337 1053 Cum
1382 983 1464 1035 vis
1506 980 1732 1035 civitatis
1755 980 1963 1035 laudem
1998 980 2207 1047 eﬂ'erre,

639 1092 710 1133 ne
733 1076 866 1131 mihi
895 1074 1146 1146 Daphnen
1172 1072 1527 1127 suburbanam
1552 1071 1719 1135 dicas,
1752 1085 1849 1125 nec
1874 1070 2209 1125 altitudinem

636 1180 1010 1238 cupressorum
1040 1172 1096 1220 et
1135 1162 1526 1217 multitudinem
1547 1202 1561 1226 ,
1591 1176 1691 1216 nec
1717 1177 1972 1232 aquarum
2016 1160 2209 1227 fontes,

635 1273 735 1314 nec
758 1257 951 1312 multos
978 1254 1219 1310 homines
1247 1254 1513 1309 civitatem
1543 1252 1803 1318 habitare,
1832 1267 1932 1307 nec
1960 1266 2127 1320 usque
2147 1252 2215 1306 ad

548 1418 549 1421 η
636 1346 1100 1419 profundissimam
1122 1359 1395 1415 vesperam
1417 1359 1535 1399 cum
1553 1344 1724 1397 multa
1752 1344 1994 1398 libertate
2018 1342 2073 1396 in
2100 1340 2216 1395 foro

636 1436 857 1503 versari,
886 1452 985 1491 nec
1005 1436 1265 1489 venalium
1304 1450 1481 1489 rerum
1504 1434 1711 1504 copiam
1742 1433 1957 1499 habere,
2002 1432 2218 1487 sensibi-

637 1528 706 1583 lia
732 1528 846 1582 haec
873 1528 1049 1582 omnia
1076 1541 1195 1582 cum
1222 1526 1327 1580 sint
1354 1534 1409 1580 et
1443 1541 1607 1595 usque
1644 1524 1711 1580 ad
1755 1533 2069 1594 praesentem
2095 1538 2216 1592 per-

637 1628 888 1672 maneant
918 1618 1112 1682 vitam;
1144 1615 1237 1670 sed
1279 1616 1327 1671 si
1352 1616 1531 1671 dicere
1567 1616 1737 1685 possis
1764 1615 2035 1679 virtutem,
2064 1628 2212 1667 man-

638 1706 1002 1770 suetudinem,
1054 1707 1466 1777 eleemosynam,
1512 1716 1796 1760 nocturnas
1846 1703 2069 1773 vigilias,
2102 1718 2221 1757 ora-

620 1798 834 1875 tiones,
875 1796 1210 1859 modestiam,
1254 1795 1415 1849 animi
1454 1796 1804 1871 sapientiam,
1848 1778 1915 1849 ex
1948 1794 2063 1848 istis
2089 1794 2220 1847 civi-

642 1897 803 1942 tatem
843 1887 1169 1943 commenda.
1219 1886 1342 1940 Haec
1389 1886 1433 1940 si
1476 1895 1524 1940 et
1578 1900 1815 1940 eremum
1864 1885 2223 1940 habitantibus

642 1977 843 2043 adsint,
871 1978 1015 2031 omni
1062 1975 1274 2031 civitate
1299 1975 1709 2047 splendidiorem
1732 1976 1900 2046 ipsam
1930 1974 2148 2037 faciunt.
2171 1986 2224 2029 et

644 2077 828 2123 contra
857 2068 1120 2123 civitatem
1166 2067 1403 2121 omnium
1453 2066 1783 2130 vilissimam,
1835 2066 1879 2119 si
1922 2064 2038 2119 haec
2080 2065 2222 2119 illius

644 2174 750 2216 non
778 2158 953 2213 adsint
991 2158 1212 2212 civibus.
1248 2157 1358 2211 Hoc
1390 2172 1493 2210 non
1546 2157 1599 2210 in
1643 2156 1856 2210 civitate
1902 2165 2101 2209 tantum
2131 2170 2223 2209 ve-

645 2264 763 2304 rum
788 2259 842 2303 et
880 2248 933 2301 in
962 2245 1264 2301 hominibus
1303 2246 1573 2299 faciamus.
1614 2245 1669 2299 Si
1719 2244 1985 2298 hominem
2033 2243 2225 2297 videris

648 2339 1042 2407 corpulentum,
1098 2338 1148 2390 in
1198 2335 1557 2390 habitudinem
1597 2334 1817 2388 multam
1863 2347 2223 2402 progressum,

649 2429 767 2483 altze
793 2437 1006 2482 statura:
1030 2436 1085 2481 et
1104 2428 1235 2481 alios
1261 2426 1498 2494 corporis
1518 2424 1838 2495 proceritate
1862 2430 2225 2486 superantem,

652 2533 720 2573 ne
769 2516 1067 2583 admireris,
1119 2517 1290 2570 donec
1330 2515 1563 2568 animum
1594 2514 1710 2583 ejus
1737 2512 2004 2567 didiceris.
2056 2511 2131 2567 Ne
2161 2511 2229 2565 ab

652 2606 900 2661 exteriori
948 2606 1356 2676 pulchritudine,
1400 2604 1493 2659 sed
1538 2619 1571 2658 a
1615 2603 1807 2658 mentis
1833 2612 2021 2656 ornatu
2044 2616 2232 2656 omnes

654 2698 838 2752 beatos
872 2712 1207 2752 censeamus.
1240 2696 1442 2749 Parvus
1469 2704 1582 2749 erat
1632 2694 1813 2758 David,
1848 2703 1899 2747 ct
1928 2693 2103 2747 brevis
2126 2703 2232 2745 sta—

658 2808 773 2848 tura
805 2792 854 2867 (1
879 2793 1005 2862 Reg.
1033 2792 1141 2860 17),
1170 2799 1531 2844 verumtamen
1567 2788 1740 2841 brevis
1765 2788 1850 2840 ille
1874 2796 1928 2840 et
1948 2800 2159 2854 parvus,
2183 2792 2237 2838 et

654 2884 817 2943 armis
842 2884 1013 2939 nudus
1040 2882 1288 2937 omnibus
1313 2922 1328 2947 ,
1359 2880 1648 2935 exercitum
1680 2887 1882 2931 tantum
1911 2886 1962 2931 et
1987 2890 2234 2931 corneam

659 2976 842 3030 turrim
869 2975 1014 3029 illam
1056 2988 1162 3027 uno
1196 2971 1482 3042 prosuavit
1524 2972 1650 3034 ictu,
1680 2984 1784 3023 non
1814 2969 2019 3023 hastam
2041 2967 2239 3036 jacula-

661 3075 762 3129 tus,
791 3081 961 3135 neque
984 3065 1227 3134 sagittam
1261 3063 1494 3128 mittens,
1516 3075 1612 3116 nec
1639 3074 1819 3115 ensem
1840 3058 2126 3128 stringens,
2145 3056 2238 3111 scd

660 3166 826 3211 totum
856 3156 1064 3210 modico
1103 3154 1292 3224 lapidis
1316 3154 1456 3225 jactu
1498 3153 1778 3223 perliciens
1811 3168 1826 3205 :
1870 3149 1991 3206 ideo
2028 3149 2240 3219 quidam

650 3248 910 3307 admonet
941 3246 1169 3301 dicens:
1216 3245 1299 3300 Ne
1344 3244 1627 3298 laudaveris
1678 3242 1927 3295 hominem
1978 3241 2032 3292 in
2078 3240 2243 3309 specie

665 3342 796 3411 ejus,
824 3356 914 3394 nec
933 3339 1231 3393 abomineris
1260 3339 1423 3392 virum
1446 3337 1498 3389 in
1524 3344 1729 3406 aspectu
1754 3335 1863 3405 ejus
1888 3347 1904 3385 :
1928 3346 2081 3401 parua
2119 3330 2246 3381 inter

665 3430 892 3487 volatilia
914 3431 1046 3501 apis,
1080 3439 1127 3483 et
1149 3430 1349 3483 initium
1390 3427 1612 3481 dulcoris
1651 3425 1810 3493 ipsius
1836 3423 2033 3491 [ructus
2055 3418 2238 3491 (Eceli.

666 3522 752 3576 11.
771 3520 827 3575 2.
851 3519 926 3591 5).
947 3520 1060 3575 Hoc
1087 3528 1141 3575 ct
1164 3518 1237 3585 de~
1252 3518 1550 3572 civitatibus
1574 3527 1627 3572 et
1653 3513 1957 3570 hominibus
1986 3509 2244 3573 dicamus,

667 3626 717 3665 et
746 3614 886 3669 inter
915 3626 1011 3666 nos
1041 3610 1493 3681 pliilusaphemur,
1519 3624 1582 3662 ac
1610 3607 1715 3660 Deo
1735 3604 1933 3674 gratias
1960 3600 2249 3655 habeamus

1399 324 1455 381 8.
1496 324 1769 382 JOANNIS
1804 324 2278 382 CIIRYSOSTOSII
2317 327 2633 384 ARClllEl’.
2674 326 3200 385 CONSTANTINOP.

3795 330 3899 386 180

2310 440 2524 495 assidue
2548 450 2602 494 et
2647 440 2716 495 de
2756 441 3105 510 praesentibus
3128 449 3182 496 et
3225 439 3293 495 de
3320 442 3629 510 praeteritis,
3657 450 3712 497 et
3737 443 3896 498 simul

2312 531 2481 598 ipsum
2520 544 2770 599 rogemus
2803 544 2922 585 cum
2949 531 3093 584 omni
3135 531 3497 596 contentione,
3535 540 3593 587 ut
3634 541 3690 587 et
3715 547 3900 589 came-

2311 634 2423 673 rem
2454 619 2772 684 habitantes,
2802 630 2859 675 et
2884 621 2935 674 in
2962 621 3207 675 exsilium
3238 621 3651 690 transportandi,
3678 622 3753 677 illi
3779 625 3901 694 qui-

2264 746 2267 749 λ
2311 708 2433 763 dem
2464 708 2817 774 dimittantur,
2855 710 2910 765 hi
2949 725 3077 765 vero
3115 720 3474 766 revertantur.
3524 711 3757 768 Membra
3802 730 3900 769 no-

2314 809 2421 854 stra
2449 812 2573 855 sunt
2611 812 2663 856 et
2716 801 2791 856 illi
2838 802 3111 857 nobiscum
3153 802 3387 857 ﬂuctuati
3434 816 3578 869 sunt,
3620 806 3899 860 nobiscum

2315 890 2602 959 procellam
2628 890 2995 945 sustinuerunt
3023 908 3037 943 :
3069 906 3315 958 rogemus
3337 891 3494 960 igitur
3520 892 3899 962 benignitatem

2314 981 2571 1047 divinant,
2629 991 2685 1036 ut
2721 982 2995 1038 nobiseum
3042 982 3476 1052 tranquillitatem
3528 996 3899 1053 assequamur.

2317 1073 2486 1129 Nemo
2512 1074 2653 1128 dicat
2688 1092 2701 1126 :
2733 1073 2863 1140 Qua:
2891 1088 3018 1128 vero
3045 1074 3175 1127 mihi
3201 1089 3325 1127 cura
3361 1083 3443 1127 est
3467 1074 3733 1142 amplius?
3761 1075 3903 1129 libe-

2319 1172 2464 1217 ratus
2503 1179 2619 1218 sum
2650 1164 2762 1232 ipse
2800 1163 3056 1232 periculo,
3104 1172 3288 1232 pereat
3318 1163 3427 1229 ille,
3457 1164 3713 1217 moriatur
3740 1164 3901 1219 alter.

2318 1255 2395 1311 Ne
2424 1255 2589 1310 Deum
2621 1255 3001 1309 exacerbemus
3039 1270 3134 1324 per
3159 1254 3295 1308 hanc
3314 1255 3738 1323 aspernationem
3764 1271 3781 1319 ;
3808 1253 3906 1309 sed

2320 1358 2588 1417 tamquam
2618 1348 2714 1416 ipsi
2763 1346 2929 1401 simus
2964 1348 3015 1400 in
3060 1345 3317 1409 adversis,
3361 1346 3440 1400 sic
3482 1345 3777 1409 doleamus,
3826 1346 3907 1399 sic

2324 1440 2492 1494 Deum
2522 1455 2643 1492 eum
2684 1439 2963 1493 sedulitate
3016 1453 3316 1507 precemur,
3369 1436 3498 1491 illud
3530 1437 3674 1493 Pauli
3703 1438 3905 1491 dictum

2322 1531 2603 1601 implentes
2632 1550 2645 1583 :
2678 1530 2799 1583 Cum
2847 1530 3022 1583 uinctis
3075 1539 3331 1599 tamquam
3370 1528 3522 1581 simul
3567 1527 3750 1592 vincti,
3792 1543 3910 1579 cum

2322 1622 2453 1674 male
2478 1621 2768 1674 habentibus
2789 1631 3040 1689 tamquam
3055 1627 3100 1671 et
3115 1619 3213 1689 ipsi
3232 1618 3383 1671 simul
3409 1619 3461 1671 in
3486 1634 3696 1686 corpore
3712 1615 3899 1685 (Hebr.

2326 1713 2411 1766 15.
2446 1712 2523 1780 5),
2554 1720 2599 1764 et
2626 1700 2933 1779 ﬂentescuin
2960 1708 3215 1779 ﬂentibus,
3245 1706 3519 1771 humilibus
3548 1708 3911 1760 consentientes

2327 1801 2500 1871 (Rom.
2526 1800 2610 1855 12.
2640 1800 2724 1854 15.
2763 1800 2873 1869 16).
2902 1798 3013 1852 Hoc
3056 1809 3110 1852 et
3154 1798 3310 1851 nobis
3340 1798 3468 1866 ipsis
3494 1797 3721 1851 maxime
3749 1796 3910 1867 prad-

2326 1894 2464 1947 erit:
2494 1892 2622 1946 nihil
2648 1893 2804 1945 enim
2836 1891 2913 1944 sic
2948 1891 3114 1943 Deum
3139 1890 3406 1943 delectare
3443 1890 3739 1954 consuevit,
3768 1891 3912 1943 sicut

2327 2000 2446 2040 cum
2480 1984 2641 2038 multa
2676 1984 2950 2039 alacritate
2968 1993 3068 2050 pro
3102 1977 3361 2034 membris
3397 1976 3599 2031 nostris
3639 1975 3911 2038 dulcmns,

2328 2074 2555 2129 Oremus
2582 2073 2740 2142 igitur
2769 2072 2939 2139 ipsum
2971 2068 3126 2122 simul
3152 2077 3202 2120 et
3236 2082 3331 2134 pro
3356 2065 3709 2135 persentibus
3731 2076 3784 2118 et
3813 2080 3914 2133 pro

2330 2167 2536 2226 futuris,
2588 2172 2641 2217 ut
2683 2170 2737 2215 et
2788 2161 2856 2215 ab
2906 2160 2990 2213 illa
3022 2172 3121 2213 nos
3154 2172 3309 2225 paena
3364 2158 3573 2211 liberet.
3624 2156 3913 2210 Praesentia

2329 2257 2470 2311 enim
2511 2252 2918 2324 qualiacumque
2958 2261 3085 2315 smt,
3131 2246 3426 2302 tolerabilia
3480 2257 3623 2310 sunt,
3667 2256 3724 2299 ct
3752 2246 3915 2299 linem

2332 2347 2559 2410 habent;
2592 2346 2677 2397 illa
2700 2357 2826 2397 vero
2858 2351 3118 2395 tormenta
3147 2340 3463 2392 immortalia
3488 2349 3540 2391 et
3563 2336 3912 2391 inevitabilia.

2338 2440 2538 2493 l’rreter
2566 2436 2985 2491 consolationem
3038 2448 3164 2486 vero
3210 2430 3521 2485 studeamus
3563 2438 3616 2482 ct
3667 2428 3763 2497 ipsi
3810 2442 3919 2482 non

2333 2529 2558 2598 amplius
2586 2528 2783 2581 talibus
2826 2524 2930 2579 labi
2975 2523 3227 2594 peccatis,
3272 2522 3505 2576 scientes
3547 2534 3646 2574 nos
3670 2521 3806 2574 ultra
3830 2532 3922 2573 ve-

2336 2621 2476 2673 niam
2504 2616 2609 2673 non
2637 2626 3033 2687 assequuturos.
3066 2614 3234 2670 Simul
3274 2613 3431 2682 igitur
3458 2620 3579 2667 ante
3605 2612 3770 2665 Deum
3798 2624 3923 2679 pro-

2337 2709 2575 2763 cidamns
2602 2722 2811 2771 omnes,
2840 2718 2894 2761 ct
2930 2706 3053 2759 dum
3098 2706 3181 2758 hic
3208 2717 3410 2767 sumus,
3443 2713 3497 2757 et
3537 2701 3757 2754 domum
3794 2714 3924 2768 pro-

2343 2802 2462 2855 I'ceti
2492 2801 2729 2855 dicamus
2764 2817 2777 2852 :
2829 2799 3009 2854 Justus
3052 2813 3131 2863 es,
3167 2796 3407 2856 Domine,
3455 2794 3505 2847 in
3535 2792 3782 2847 omnibus
3804 2806 3926 2859 qua

2344 2893 2509 2946 fecisti
2534 2892 2688 2945 nobis
2716 2890 2857 2960 (Dan
2907 2892 2959 2944 3.
2992 2888 3084 2957 9.7)
3128 2905 3139 2940 :
3173 2886 3422 2955 quoniam
3469 2884 3521 2937 in
3549 2899 3676 2936 vero
3721 2881 3926 2949 judicio

2345 2982 2617 3047 in-Juxisti,
2648 2994 2997 3050 umerumque
3049 2976 3320 3030 induxisti.
3375 2974 3431 3028 Si
3479 2982 3693 3042 peccata
3742 2978 3926 3023 nostra

2345 3074 2651 3130 obstiterint
2680 3073 2851 3135 nobis,
2890 3072 2969 3123 lae
3009 3068 3162 3123 nobis
3193 3076 3407 3136 propter
3435 3078 3629 3119 nomen
3671 3074 3840 3122 tuum,
3875 3071 3930 3116 et

2350 3185 2413 3218 ne
2440 3164 2699 3219 concedas
2726 3160 2952 3230 amplius
2983 3158 3163 3211 talium
3213 3170 3311 3209 nos
3358 3153 3716 3207 molestiarum
3764 3164 3933 3219 expe-

2351 3258 2594 3311 rientiam
2623 3268 2835 3323 capere.
2870 3250 2976 3304 Nec
3004 3266 3092 3302 nos
3128 3248 3339 3301 inducas
3386 3246 3436 3299 in
3482 3243 3819 3304 tentatiouem,
3844 3239 3934 3294 sed

2351 3351 2507 3404 libera
2536 3364 2627 3402 nos
2665 3363 2695 3398 a
2726 3346 2859 3399 malo
2891 3342 3101 3416 (Matth.
3135 3342 3187 3396 6.
3222 3340 3347 3408 l5):
3378 3337 3627 3408 quoniam
3674 3346 3821 3387 tuum
3850 3343 3935 3388 est

2350 3454 2573 3509 regnum
2605 3447 2659 3492 et
2683 3436 2935 3507 potentia,
2966 3443 3019 3488 et
3060 3430 3228 3502 gloria
3258 3431 3308 3483 in
3355 3428 3548 3482 Smcula
3593 3424 3933 3481 sreculorum.

2355 3535 2543 3587 Amen.

677 3963 738 4008 IN
788 3960 1165 4004 I‘R.£DICTCM
1222 3960 1572 4003 SEDITIONIS
1622 3958 2095 4015 ARGUMENTUM,
2143 3959 2225 4001 DE
2267 3958 2565 4013 JEJUNIO,
2612 3957 2694 3998 ΕΤ
2735 3956 2799 3999 IN
2843 3953 3274 4002 APOSTOLICUM
3317 3953 3583 4008 DICTUM,
3641 3954 3939 4004 GAUDETK

1738 4058 1800 4101 IN
1841 4056 2084 4102 noumo
2126 4057 2373 4100 saneea
2439 4038 2703 4121 (Philip.
2747 4035 2807 4096 Is.
2853 4035 2939 4115 Is).

1252 4397 1470 4439 IOIILIA
1506 4396 1631 4436 XVIII
1641 4422 1654 4434 .

744 4558 796 4612 1.
824 4555 1015 4610 Multos
1034 4552 1139 4607 vidi
1168 4549 1480 4621 gaudentes,
1507 4556 1561 4603 et
1586 4547 1724 4601 inter
1752 4558 1811 4600 se
1854 4544 2093 4601 dicentes
2121 4563 2133 4597 :
2157 4544 2250 4598 Vi-

672 4650 863 4712 cimus,
917 4644 1303 4715 superavimus,
1355 4640 1540 4709 jejunii
1579 4637 1855 4692 dimidium
1912 4636 2246 4707 proﬂigatum

673 4749 773 4795 est.
808 4738 964 4792 Tales
993 4745 1170 4790 autem
1202 4733 1389 4787 hortor
1417 4746 1521 4785 non
1549 4738 1827 4801 propterea
1844 4728 2097 4798 gaudere,
2121 4728 2242 4797 quia

677 4829 1007 4902 proﬂigatum
1027 4825 1288 4897 sitjcjunii
1307 4822 1604 4887 dimidium,
1624 4820 1714 4875 sed
1743 4820 1869 4873 illud
1891 4820 2249 4885 considerare,

680 4921 723 4975 si
745 4929 1079 4991 peccatorum
1117 4918 1186 4971 sit
1211 4914 1547 4986 proﬂigatum
1570 4911 1839 4966 dimidium
1868 4927 1883 4975 ;
1924 4920 1982 4964 et
2006 4919 2131 4964 tunc
2159 4926 2250 4964 ex-

679 5012 876 5066 sultare
916 5027 930 5064 :
977 5009 1079 5063 hoc
1117 5009 1258 5063 enim
1297 5009 1567 5076 voluptate
1593 5003 1829 5073 dignum,
1862 5002 1962 5057 hoc
2006 5002 2251 5071 estquod

680 5103 953 5173 queritur,
983 5111 1035 5156 et
1063 5109 1277 5170 propter
1302 5099 1443 5168 quod
1475 5096 1608 5152 facta
1634 5104 1755 5149 sunt
1778 5096 1950 5148 omnia
1974 5137 1987 5157 ,
2016 5102 2072 5147 ut
2104 5093 2254 5149 defe-

682 5205 803 5248 ctus
828 5202 1039 5247 nostros
1061 5193 1403 5260 corrigamus.
1419 5206 1485 5243 ne
1515 5188 1646 5242 tales
1665 5201 1913 5242 exeamus
1934 5186 1999 5240 de
2027 5186 2248 5255 jejunio,

683 5286 869 5357 quales
890 5285 1147 5354 jejunium
1182 5283 1403 5353 ingressi
1434 5296 1636 5345 sumus,
1670 5279 1762 5332 sed
1813 5279 1996 5341 abluti,
2036 5290 2088 5333 et
2109 5279 2253 5333 omni

685 5377 824 5431 mala
853 5374 1237 5430 consuetudine
1263 5374 1497 5441 deposita
1531 5414 1545 5438 ,
1578 5374 1655 5427 sic
1692 5384 1895 5425 sacram
1921 5386 2140 5440 agamus
2169 5384 2255 5423 so-

692 5468 1042 5525 lemnitatem.
1075 5465 1129 5521 Si
1160 5464 1260 5519 hoc
1286 5463 1443 5527 desit,
1461 5479 1563 5516 non
1589 5473 1789 5515 tantum
1820 5462 1957 5515 nulla
1984 5463 2134 5516 nobis
2154 5464 2255 5516 erit

690 5561 906 5626 utilitas,
938 5575 1120 5615 verum
1150 5568 1203 5613 et
1238 5558 1521 5611 maximum
1550 5571 1613 5609 ex
1655 5563 2018 5609 consummato
2059 5554 2256 5619 ieiunio

686 5652 958 5706 damnum.
984 5648 1062 5705 Ne
1104 5648 1264 5718 igitur
1294 5646 1549 5710 laetemur,
1581 5644 1720 5715 quod
1758 5644 1943 5713 jejunii
1987 5645 2253 5712 prolixita-

690 5753 794 5797 tem
828 5740 1192 5813 expcdivimus
1221 5757 1235 5794 :
1278 5739 1405 5794 nihil
1449 5740 1588 5793 enim
1621 5754 1866 5807 magnum
1898 5737 1995 5790 hoc
2025 5748 2133 5801 est;
2164 5740 2255 5792 sed

2354 4382 2613 4443 Itetemnr,
2635 4374 2850 4444 quando
2879 4388 3000 4427 cum
3037 4371 3191 4426 bonis
3211 4372 3461 4441 operibus
3488 4372 3659 4441 ipsum
3689 4372 3934 4443 exegeri—

2352 4482 2490 4533 mus,
2521 4476 2574 4521 ut
2598 4468 2757 4522 etiam
2782 4467 2898 4536 ipso
2926 4472 3214 4529 transacto,
3240 4461 3440 4516 fruetus
3471 4464 3635 4533 ipsius
3660 4464 3930 4535 effulgent.

2351 4556 2562 4611 Etenim
2611 4554 2817 4626 hyemis
2862 4555 3063 4608 lucrum
3091 4562 3212 4607 tunc
3236 4553 3464 4607 maxime
3484 4553 3875 4607 deumustratnr
3915 4593 3933 4620 ,

2350 4664 2470 4704 cum
2516 4648 2603 4702 illa
2654 4648 3004 4716 praeterierit:
3038 4660 3265 4714 namque
3313 4654 3597 4698 vernantes
3624 4652 3849 4714 segetes,
3880 4654 3935 4701 et

2351 4741 2488 4795 foliis
2514 4754 2576 4794 ac
2602 4739 2775 4792 fructu
2808 4737 3084 4792 afﬂuentes
3109 4737 3326 4791 arbores
3346 4751 3442 4803 per
3463 4736 3632 4803 ipsum
3658 4744 3933 4804 aspectum

2350 4833 2583 4885 clamant
2628 4829 2906 4883 utilitatem
2953 4828 3051 4881 sibi
3097 4843 3164 4881 ex
3200 4827 3390 4896 hyeme
3418 4825 3626 4879 factam.
3659 4824 3769 4878 Hoc
3801 4834 3855 4879 et
3881 4825 3933 4879 in

2354 4923 2507 4977 nobis
2529 4922 2729 4991 pariter
2757 4920 2865 4974 ﬂat.
2900 4920 3107 4974 Etenim
3141 4904 3331 4986 pluviis
3355 4917 3620 4969 coutinuis
3646 4924 3699 4970 et
3727 4916 3933 4972 crebris

2354 5016 2407 5068 in
2442 5014 2634 5085 hyeme
2654 5011 2947 5080 perjejunii
2980 5020 3187 5077 tempus
3214 5009 3363 5079 potiti
3392 5023 3595 5072 sumus,
3627 5008 3932 5062 centinnam

2352 5106 2659 5160 haurientes
2700 5103 3015 5165 doctrinam,
3062 5110 3115 5153 et
3150 5101 3353 5153 semina
3403 5098 3734 5165 suscepimus
3774 5097 3935 5166 spiri-

2350 5197 2533 5259 tualia,
2567 5206 2619 5249 et
2662 5193 2969 5247 deliciarum
3002 5192 3181 5259 spinas
3223 5188 3566 5253 abscidimus.
3613 5183 3931 5243 Persevere-

2352 5302 2472 5341 mus
2496 5286 2673 5355 igitur,
2698 5299 2816 5353 quae
2842 5283 3172 5349 suscepimus
3200 5295 3320 5334 cum
3338 5279 3609 5349 diligentia
3636 5289 3933 5346 servantes,

2351 5389 2409 5434 ut
2454 5388 2506 5433 et
2545 5377 2751 5447 jejunio
2781 5375 3051 5445 prseterito
3079 5374 3263 5441 jejunii
3311 5372 3565 5427 scaturiat
3596 5371 3799 5427 fructus
3833 5388 3846 5420 :
3876 5381 3933 5425 et
3990 5404 3998 5408 ‹

2352 5488 2450 5543 per
2479 5472 2614 5525 bona
2641 5486 2756 5537 quzc
2782 5470 2848 5522 de
2870 5468 3071 5537 jejunio
3101 5468 3355 5535 cepimus,
3382 5466 3541 5519 etiam
3565 5464 3729 5533 ipsius
3744 5462 3931 5534 jejunii

2350 5562 2711 5618 recordemur.
2741 5560 2913 5614 Sinus
2937 5559 3093 5627 igitur
3114 5558 3189 5611 sic
3218 5570 3611 5625 comparemus,
3634 5556 3931 5611 adveniens

2346 5657 2606 5729 jejunium
2646 5668 2764 5708 cum
2805 5654 3073 5723 voluptate
3118 5650 3467 5718 suscipiemus
3506 5648 3702 5700 denuo.
3737 5646 3929 5701 Multos

2352 5742 2547 5797 etenim
2578 5738 2732 5794 video
2776 5752 2833 5793 se
2877 5739 2947 5793 ita
2982 5735 3385 5807 pusillanimiter
3440 5734 3723 5797 habentes,
3773 5740 3830 5785 ut
3882 5732 3933 5785 in
3970 5730 3979 5736 '
