4232 6320
511 355 605 415 181

515 495 722 550 σωμεν.
752 476 1085 549 προσιοῦσαν
1128 477 1299 548 αὑτήν
1334 475 1452 547 μεθ’
1480 477 1672 548 ήδονῆς
1704 477 1968 549 δεξόμεθα
1996 476 2179 531 πάλιν.
2230 502 2239 513 ι

514 567 626 619 Καὶ
652 564 760 636 γάρ
788 563 960 626 οὕτως
983 561 1097 634 δρῶ
1144 562 1374 626 πολλοὺς
1424 562 1779 635 μικροψύχως
1818 564 2074 636 ἔχοντας,
2106 561 2184 626 ὡς

514 655 573 706 ἐν
609 651 687 722 τῷ
718 651 942 722 παρόντι
970 649 1097 722 περὶ
1124 649 1223 719 τῆς
1260 648 1563 721 μελλούσης
1612 653 1886 723 μεριμνᾷν
1908 664 2182 721 τεσσαρα-

515 738 733 809 κοστῆς,
764 738 861 791 καὶ
894 735 1104 789 πολλῶν
1121 737 1331 807 ήκουσα
1359 736 1648 803 λεγόντων,
1681 739 1764 791 ὅτι
1794 737 1934 809 μετὰ
1957 736 2056 808 τήν
2085 736 2184 804 τῆς

514 806 767 896 νῆστείας
796 823 1115 895 ἀπαλλαγὴν
1142 806 1243 877 οὑκ
1270 823 1614 878 αἰσθάνονται
1644 825 1759 896 τῆς.
1771 806 1963 896 ήδονῆς
1994 806 2096 893 τῆς
2120 824 2184 875 ἐκ

512 891 614 982 τῆς
650 913 886 976 ἀνέσεως
914 912 1003 965 διά
1029 891 1137 982 τῆν
1179 910 1435 981 φροντίδα
1460 911 1553 963 τοῦ
1590 891 1874 981 μέλλδντος
1903 891 2184 967 ἐνιαυτοῦ.

512 997 579 1051 Τί
621 996 688 1051 ἂν
716 998 928 1067 γένοιτο
961 996 1150 1051 τούτου
1184 997 1676 1069 μικροψυχότερον,
1723 996 1844 1050 εἰπέ
1874 1013 1996 1067 μοι;
2032 997 2098 1049 Τί
2125 996 2183 1050 δὲ

513 1085 578 1139 τὸ
611 1086 781 1139 αῖτιον
812 1084 1002 1138 τούτου
1038 1084 1220 1150 ἐστίν;
1256 1086 1377 1141 Ὀτι
1402 1086 1656 1156 νηστείας
1682 1085 2132 1157 παραγενομένης
2156 1097 2182 1126 ι

511 1172 612 1242 οὑχ
654 1174 803 1235 ὅπως
840 1171 907 1225 τά
952 1171 1093 1224 κατά
1135 1171 1314 1242 ψυχὴν
1358 1168 1417 1227 εὖ
1470 1172 1738 1243 διατεθείη
1782 1172 2183 1243 σπουδάζομεν,

519 1258 637 1311 ἀλλ’
666 1259 724 1311 ἐν
748 1261 813 1332 τῇ
838 1258 947 1311 τῶν
976 1258 1159 1311 σιτίων
1186 1259 1363 1330 ἀποχῇ
1398 1259 1560 1329 μόνον
1588 1260 1759 1329 αὑτὴν
1788 1257 2109 1331 όριζόμεθα.

594 1346 685 1408 Ὦς
720 1347 769 1398 εί
823 1344 964 1414 μέγα
1008 1361 1063 1398 τι
1115 1347 1193 1409 είς
1236 1348 1335 1415 τήν
1378 1344 1488 1398 τῶν
1529 1347 1745 1418 τρόπων
1772 1344 2065 1417 διόρθωσιν
2089 1346 2183 1399 ἀπ’

511 1433 682 1502 αὑτῆς
742 1432 1212 1504 ἐκαρπωσάμεθα,
1269 1432 1373 1486 κάν
1430 1432 1720 1505 ηὐξάμεθα
1769 1433 1893 1487 καθ’
1945 1435 2184 1505 ἑκάστην

510 1521 724 1592 ἡμέραν
750 1520 1147 1589 παραγίνεσθαι
1164 1520 1263 1593 τὴν
1295 1520 1446 1593 [181]
1474 1523 1747 1594 νηστείαν,
1768 1523 1838 1577 δι’
1868 1523 2048 1576 αὑτῶν
2075 1523 2186 1577 τῶν

510 1607 688 1680 ἔργων
717 1607 970 1677 αἴσθησιν
1002 1606 1373 1680 λαμϐάνοντες
1392 1610 1501 1663 τῶν
1524 1609 1969 1681 κατορθωμάτων
1991 1610 2180 1679 αὐτῆς,

511 1695 608 1748 καὶ
642 1695 744 1749 οὑκ
772 1695 837 1748 ἀν
864 1712 995 1750 ποτε
1017 1696 1117 1768 τὴν
1164 1696 1463 1768 ἐπιθυμίαν
1487 1698 1661 1767 αὑτῆς
1692 1698 2044 1769 ἐξεϐάλομεν,
2083 1698 2184 1751 οὑκ

513 1781 581 1836 ἀν
641 1782 1101 1854 προσδοκωμένης
1159 1783 1331 1854 αὑτῆς
1404 1784 1705 1856 ἐγενόμεθα
1766 1786 2032 1854 κατηφεῖς
2085 1786 2182 1838 καὶ

511 1869 819 1938 ἐναγώνιοι.
853 1870 958 1923 Τδν
997 1870 1105 1943 7&9
1144 1871 1286 1924 κατά
1329 1872 1569 1925 διάνοιαν
1602 1867 1660 1925 εὖ
1690 1872 2038 1943 διακείμενον
2086 1874 2183 1925 καὶ

510 1956 612 2026 τῆς
648 1955 829 2026 ψυχῆς
868 1956 1295 2027 ἐπιμελούμενον
1326 1959 1425 2027 τῆς
1470 1958 1688 2023 ἑαυτοῦ,
1717 1956 1869 2014 οὑδὲν
1898 1959 2036 2023 ὅλως
2072 1960 2182 2013 τῶν

508 2041 678 2095 ὅντων
722 2042 904 2111 θλῖψαι
955 2044 1281 2115 δυνήσεται,
1338 2046 1454 2097 ἀλλ’
1504 2045 1871 2099 ἀπολαύσεται
1931 2047 2181 2118 καθαρᾶς

510 2128 705 2200 ἡδονῆς
733 2131 828 2183 καὶ
853 2130 1162 2200 διηνεκοῦςο
1189 2130 1282 2184 καὶ
1308 2133 1388 2185 ὃτι
1416 2131 1574 2185 τοῦτό
1601 2134 1748 2187 ἐστιν
1768 2118 1985 2204 ἀληθὲς,
2018 2135 2184 2203 ἡκού-

512 2232 641 2270 σατε
672 2215 764 2269 τοῦ
790 2217 1004 2269 Παύλου
1040 2221 1280 2289 σήμερον
1307 2218 1699 2288 παραινοῦντος
1722 2223 1854 2291 ἡμῖν
1881 2222 1976 2274 καὶ
2002 2221 2184 2289 λέγον-

510 2321 602 2367 τος
619 2320 634 2333 ·
674 2304 916 2373 Χαίρετε
948 2304 1020 2357 ἐν
1045 2305 1240 2373 Κυρίῳ
1261 2306 1541 2368 πάντοτε,
1564 2305 1751 2359 πάλιν
1770 2305 1904 2374 ἐρῶ,
1922 2309 2178 2376 χαίρετε.

510 2389 622 2445 Kal
650 2387 766 2443 οἶδα
810 2391 930 2461 μέν,
964 2392 1047 2445 ὅτι
1078 2392 1292 2456 πολλοῖς
1319 2391 1579 2445 ἀδύνατον
1612 2389 1750 2448 εἷναι
1779 2393 1928 2447 δοκεῖ
1952 2394 2011 2448 τὸ
2037 2394 2183 2462 λεγό-

514 2494 677 2549 μενον
698 2495 712 2508 ·
741 2479 857 2543 πῶς
885 2481 995 2549 γὰρ
1021 2475 1132 2533 οἶόν
1164 2496 1245 2543 τε,
1286 2481 1471 2551 φησὶν,
1495 2480 1782 2552 ἄνθρωπον
1810 2481 1938 2535 ὅντα
1968 2483 2181 2553 χαίρειν

508 2564 773 2635 διηνεκῶς
793 2582 807 2629 ;
824 2566 886 2618 τὸ
905 2566 1005 2636 μὲν
1032 2565 1140 2636 7&9
1161 2566 1367 2638 χαίρειν
1394 2569 1453 2619 ού
1470 2567 1747 2631 δύσκολον,
1762 2568 1821 2621 τὸ
1840 2568 1895 2621 δέ
1918 2569 2182 2640 διηνεκῶς

511 2652 745 2723 χαίρειν,
776 2651 932 2705 τοῦτο
961 2654 1054 2705 καὶ
1083 2653 1342 2712 ἀδύνατον
1363 2648 1503 2707 εἶναί
1534 2672 1621 2724 μοι
1667 2655 1833 2719 δοκεῖ,
1867 2655 1998 2718 ἴσως
2037 2656 2181 2710 εἴποι

510 2740 577 2793 ἀν
614 2754 731 2802 τις·
764 2738 956 2793 πολλαὶ
987 2739 1097 2811 γὰρ
1122 2739 1359 2811 ἀθυμίας
1386 2742 1532 2811 ἡμᾶς
1579 2741 1813 2808 ἀνάγκαι
1846 2742 2180 2812 περιστοιχί-

511 2825 716 2890 ζονται.
746 2827 817 2879 Ἦ
847 2826 956 2896 γάρ
990 2827 1155 2880 παῖδά
1176 2843 1259 2889 τις
1290 2826 1584 2890 ἀπέϐαλεν,
1612 2828 1645 2897 ἢ
1675 2831 1930 2895 γυναῖκα,
1961 2828 1993 2899 ἢ
2028 2829 2182 2897 φίλον

511 2914 756 2985 γνήσιον,
810 2914 1013 2977 παντὸς
1065 2914 1360 2981 συγγενοῦς
1406 2914 1856 2983 ἀναγκαιότερον,
1898 2914 1931 2984 ἢ
1978 2915 2181 2985 ζημίαν

513 3001 722 3071 ὑπέστη
761 3000 1084 3071 χρημάτων,
1137 3000 1169 3070 ἢ
1217 3000 1358 3069 νόσῳ
1389 3000 1736 3071 περιέπεσεν,
1776 3001 1809 3071 ἢ
1860 3003 2182 3072 περίστασιν

514 3089 850 3159 πραγμάτων
884 3088 1173 3157 ὑπέμεινεν
1203 3087 1396 3159 ἑτέραν
1420 3128 1434 3153 ,
1474 3087 1508 3158 ἢ
1553 3089 1681 3158 παρ’
1716 3086 1873 3153 ἀξίαν
1908 3086 2183 3158 ὑϐρισθεὶς

509 3175 817 3247 ήλγησεν,ἢ
842 3174 1018 3245 λιμὸς,
1049 3176 1083 3244 ἢ
1120 3174 1383 3245 λοιμὸς,ἢ
1420 3173 1704 3245 εῖσπραξις
1725 3174 2017 3244 ἀφόρητος,
2044 3174 2077 3245 ἢ
2113 3176 2181 3227 τά

511 3263 650 3317 κατά
689 3264 786 3335 τήν
809 3264 987 3317 οἰκίαν
1022 3262 1325 3333 πράγματα
1340 3278 1354 3291 ·
1380 3262 1579 3332 μᾶλλον
1601 3262 1656 3316 δὲ
1678 3264 1779 3315 οὑκ
1794 3262 1859 3315 ἂν
1883 3263 2181 3333 φθάνοιμεν

509 3347 726 3402 ἅπαντα
747 3347 1158 3415 καταλέγοντες,
1186 3348 1288 3400 ὅσα
1316 3348 1411 3399 καὶ
1458 3345 1570 3417 ίδίᾴ
1600 3346 1694 3399 καὶ¹
1722 3346 1784 3416 δη
1796 3346 1957 3417 μοσία
1991 3346 2180 3398 λυπεῖν

511 3436 659 3507 ἡμᾶς
693 3434 904 3489 εἴωθεν.
936 3434 1059 3495 Πῶς
1085 3430 1183 3487 οῦν
1215 3433 1464 3500 δυνατὸν,
1501 3434 1657 3503 φησὶ,
1687 3432 1917 3486 πάντοτε
1938 3432 2177 3503 χαίρειν;

509 3521 745 3576 Δυνατὸν
778 3522 876 3592 μὲν
900 3518 1017 3585 οὖν,
1049 3517 1332 3591 ἅνθρωπεο
1376 3521 1471 3573 καὶ
1498 3522 1545 3572 εί
1578 3521 1652 3591 μὴ
1676 3519 1898 3573 δυνατὸν
1939 3515 2031 3589 ἦν,
2080 3520 2180 3571 οὑκ

504 3607 579 3659 ἂν
604 3610 635 3663 δ
666 3608 873 3671 Παῦλος
902 3607 1232 3679 παρῄνεσεν,
1267 3606 1377 3659 οὐδ’
1415 3606 1480 3660 ἀν
1516 3606 1934 3660 συνεϐούλευσεν
1967 3607 2177 3677 ἀνθρω-

504 3707 612 3755 πος
670 3689 1043 3761 πνευματικῆς
1100 3688 1390 3742 ἀπολαύων
1436 3690 1646 3758 σοφίας.
1714 3690 1824 3743 Καὶ
1878 3689 1967 3742 διά
2021 3689 2179 3742 τοῦτο

511 3779 750 3849 συνεχῶς
799 3780 926 3848 ὑμῖν
959 3778 1164 3845 ἔλεγον,
1209 3778 1306 3831 καὶ
1343 3777 1518 3846 λέγων
1559 3779 1621 3830 οὑ
1668 3778 1965 3849 παύσομαι,
2016 3779 2098 3832 ὅτι
2140 3778 2177 3831 ἃ.

513 3864 763 3935 μηδαμοῦ
801 3865 934 3934 μηδὲ
962 3866 1091 3934 παρ’
1120 3865 1339 3934 ἑτέρῳ)
1369 3866 1475 3917 τινί
1507 3864 1622 3916 ἐστι
1657 3863 1867 3933 μαθεῖν,
1898 3864 2073 3917 ταῦτα
2098 3865 2179 3916 ὲν-

510 3951 683 4005 ταῦθα
704 3951 834 4022 ὑμῖν
862 3950 1038 4015 ἔξεστι
1063 3950 1395 4020 φιλοσοφεῖν.
1442 3951 1666 4020 Ἡδονῆς
1702 3952 1799 4021 μὲν
1821 3952 1929 4021 γάρ
1962 3954 2059 4004 καὶ
2079 3951 2175 4005 τοῦ

509 4038 720 4109 χαίρειν
775 4037 1131 4107 ἐπιθυμοῦσιν
1182 4037 1455 4102 ἅπαντες,
1509 4038 1604 4089 καλ⁸
1652 4038 1739 4090 διὰ
1787 4038 1945 4090 τοῦτο
1996 4040 2177 4093 πάντα

511 4126 724 4179 ποιοῦσι
753 4126 846 4177 καλ¹
881 4125 1097 4191 λέγουσι
1124 4125 1216 4177 καὶ
1244 4124 1742 4194 πραγματεύονται.
1776 4126 1884 4191 Καὶ
1926 4126 2035 4198 γὰρ
2078 4126 2177 4197 έμ-

510 4230 675 4283 πορος
701 4213 788 4266 διά
819 4211 975 4265 τοῦτο
999 4211 1140 4273 πλεῖ,
1172 4211 1258 4263 ἵνα
1280 4212 1541 4281 χρήματα
1577 4211 1859 4284 συναγάγῃ
1876 4227 1889 4239 °
1915 4215 2175 4283 χρήματα

509 4301 566 4353 δὲ
600 4301 842 4367 συνάγει,
888 4300 976 4352 ἵνα
1004 4298 1136 4368 ἔχων
1187 4300 1523 4368 ἀποκείμενα
1567 4300 1765 4371 χαίρῃ·
1805 4302 1900 4352 καὶ
1933 4305 1961 4354 ὁ
2012 4320 2177 4373 στρα-

508 4388 797 4458 τευόμενος
842 4387 930 4439 διὰ
978 4386 1139 4438 τοῦτο
1181 4386 1557 4454 στρατεύεται,
1614 4389 1759 4439 καὶὸ
1799 4388 2044 4457 γεωργὸς
2085 4389 2176 4443 διά

508 4473 667 4528 τοῦτο
698 4476 962 4544 γεωργεῖ,
1003 4474 1096 4525 καὶ
1129 4473 1323 4542 τέχνην
1357 4473 1584 4537 ἕκαστος
1615 4474 1701 4527 διὰ
1750 4476 1909 4528 τοῦτο
1943 4477 2172 4547 μέτεισι,

508 4560 602 4613 καὶ
640 4562 812 4631 ἀρχῆς
833 4563 879 4612 οἱ
925 4561 1157 4632 ἐρῶντες
1198 4560 1286 4613 διὰ
1315 4560 1472 4613 τοῦτο
1497 4562 1713 4632 ἐρῶσιν,
1744 4562 1831 4616 ἵνα
1852 4563 2009 4633 δόξης
2042 4565 2177 4617 ἀπο-

507 4649 768 4711 λαύσωσι,
796 4647 949 4717 δόξης
1001 4648 1056 4700 δὲ
1078 4648 1373 4702 ἀπολαύειν
1408 4648 1683 4717 βούλονται
1707 4689 1722 4712 ,
1769 4650 1857 4702 ἴνα
1902 4652 2135 4723 χαίρωσι
2156 4670 2170 4683 ·

509 4737 601 4787 καὶ
622 4736 851 4804 πρᾶγμα
873 4735 1103 4786 ἕκαστον
1134 4736 1270 4804 πρὸς
1286 4735 1443 4787 τοῦτο
1476 4735 1573 4787 ἴδοι
1601 4753 1683 4799 τις
1706 4736 1773 4789 ἀν
1798 4739 2167 4808 ἐπιγενόμενον

514 4832 535 4859 π
564 4822 694 4889 ἡμῖν
734 4821 795 4872 τὸ
827 4819 996 4883 τέλος,
1047 4823 1140 4873 καὶ
1171 4822 1305 4891 πρὸς
1342 4821 1500 4875 τοῦτο
1554 4823 1781 4886 ἕκαστος
1838 4824 2050 4894 βλέπων
2082 4825 2172 4879 διὰ

508 4908 717 4962 πολλῶν
747 4906 854 4959 τῶν
887 4907 1065 4977 μέσων
1100 4908 1184 4959 ἐπ’
1218 4909 1345 4961 αὑτὸ
1370 4910 1587 4962 σπεύδει
1628 4911 1883 4979 βαδίζειν.

550 4990 857 5065 Ἐὑθυμίας
902 4997 1020 5064 μὲν,
1068 4996 1203 5065 ὅπερ
1245 4995 1399 5065 ἔφην,
1437 4997 1604 5066 ἐρῶσι
1636 4999 1853 5062 πάντες,
1894 5002 2171 5070 ἐπιτυχεῖν

502 5084 563 5135 δὲ
594 5084 691 5153 οὐχ
724 5085 959 5144 ἀπαντες
982 5082 1267 5135 δύνανται·
1299 5087 1359 5136 οὐ
1394 5084 1503 5154 γὰρ
1530 5085 1676 5139 ἴσασι
1706 5087 1800 5157 τὴν
1825 5090 1943 5163 εκεῖ
1975 5091 2171 5160 φέρου-

510 5188 609 5223 σαν
632 5171 777 5224 όδόνο
812 5170 945 5222 ἀλλά
964 5170 1147 5222 πολλοὶ
1164 5170 1507 5240 νομίζουσιν,
1533 5174 1613 5225 ὄτι
1640 5174 1700 5226 τὸ
1724 5175 1970 5229 πλουτεῖν
2000 5180 2171 5229 αῖτιον

506 5261 698 5314 τούτου
747 5261 979 5328 γίνεται.
1014 5260 1077 5312 El
1110 5262 1167 5314 δὲ
1212 5263 1368 5314 τοῦτο
1415 5264 1581 5317 αἴτιον
1618 5258 1705 5333 ἦν.
1742 5266 1912 5328 οὐδεὶς
1958 5268 2024 5319 ἂν
2060 5266 2171 5319 τῶι

508 5345 768 5415 χρήματα
791 5361 959 5412 κεκτη
970 5343 1145 5412 μένων
1167 5345 1415 5416 ῆθύμησέ
1441 5365 1571 5399 ποτε
1588 5364 1600 5377 ο
1636 5347 1731 5400 νῦν
1760 5349 1815 5401 δὲ
1856 5350 2037 5404 πολλοὶ
2059 5351 2169 5411 τῶν

510 5432 881 5486 πλουτούντων
931 5433 1161 5487 ἀϐίωτον
1204 5430 1342 5488 εἶναι
1392 5437 1483 5489 τὸν
1535 5437 1648 5507 βίον
1704 5438 2016 5508 νομίζουσι,
2076 5443 2169 5494 καὶ

508 5522 772 5584 θανάτους
809 5522 1032 5593 μυρίους
1066 5522 1335 5593 εζχονται,
1390 5526 1605 5579 ἐπειδάν
1636 5527 1974 5599 δυσημερίας
2026 5530 2170 5594 τινὸς

510 5608 823 5671 αἴσθωνται,
881 5610 974 5661 καὶ
1019 5612 1067 5663 οἱ
1100 5611 1307 5684 σφόδρα
1354 5611 1709 5683 ἀθυμοῦντες,
1751 5608 1900 5667 οὗτοι
1935 5615 2169 5685 μάλιστα

570 5713 596 5782 _"
624 5714 771 5782 Sgyil.
798 5714 1096 5782 ἐπελθούσης,
1117 5716 1197 5782 alii
1221 5730 1475 5782 pgijpemm
1502 5721 1836 5782 παρελθούσης.
1854 5721 1984 5769 lion.

569 5772 596 5843 ξ*
619 5775 714 5843 ,λιίξ
737 5776 1027 5843 παρ’έτέρων
1050 5779 1203 5843 τινῶν,
1223 5772 1446 5841 Ξιιίἷπαᾴ
1470 5772 1614 5843 ἑτέρὶμ
1634 5782 1735 5830 τινί.

535 5838 590 5906 ..ε
615 5836 710 5903 Alii
734 5836 1045 5906 ἐπειγρμενφ.
1096 5837 1241 5885 Ιίιυιο
1274 5848 1385 5899 post
1409 5836 1610 5893 'aliau'o'l
1634 5845 1943 5905 manuscripti
1973 5844 2053 5905 μὲν
2079 5843 2159 5893 οὑν

527 5900 643 5958 ὀπιρ
659 5898 771 5956 inv
795 5898 964 5959 ἐρῶσιν
984 5900 1199 5951 ἅπαντες.

1232 362 1293 417 S.
1333 360 1623 418 JOANNIS
1677 357 2167 417 CHRYSOSTOMI
2205 357 2528 417 ARCHIEP.
2566 359 3125 420 CONSTANTINOP.

2286 476 2504 531 πάντων
2546 479 2673 532 είσί.
2713 478 2804 550 Μὴ
2839 478 2948 551 γάρ
2985 495 3075 549 μοι
3115 478 3215 542 τὰς
3261 480 3538 551 τραπέζας
3581 482 3771 538 αὑτῶν
3819 489 3960 557 ἴδῃς.

2287 566 2424 637 μηδέ
2461 568 2586 646 τοὺς
2619 567 2858 632 κόλακας
2893 566 3075 621 αὐτῶν
3112 569 3207 622 καὶ
3242 571 3372 633 τοὺς
3414 572 3774 642 παρασίτους.
3817 576 3962 632 ἀλλά

2283 653 2352 707 τά
2381 654 2441 721 ἐξ
2470 653 2652 707 αὐτῶν
2685 656 2948 726 γινόμενα
2967 654 2995 695 ά
3031 655 3364 727 πράγματα,
3395 657 3497 722 τάς
3536 658 3824 731 ἐπηρείας,
3855 662 3961 727 τάς

2286 742 2672 811 συκοφαντίας,
2695 743 2820 806 τοὺς
2842 742 3141 807 κινδύνους,
3169 742 3268 806 τάς
3295 744 3556 812 ἀγωνίας,
3588 747 3679 799 καὶ
3710 745 3739 800 δ
3760 745 3959 802 τούτου

2284 827 2466 898 πολλῷ
2505 827 2906 901 χαλεπώτερον,
2944 828 3026 883 ὅτι
3058 830 3153 883 καὶ
3195 830 3522 902 ἀμελέτητοι
3582 832 3713 903 πρὸς
3752 831 3963 898 ταύτας

2287 913 2437 987 [182]
2459 915 2742 986 ἐρχόμενοι
2765 916 2865 982 τάς
2892 917 3216 988 μεταϐολάς,
3244 916 3555 988 φιλοσοφεῖν
3584 920 3685 974 οὐκ
3706 921 3963 975 ἐπίσταν-

2284 1016 2397 1062 ται,
2432 998 2553 1051 οὑδέ
2574 999 2838 1067 γενναίως
2859 1000 2927 1054 τά
2948 1001 3330 1072 συμπίπτοντα
3355 1001 3565 1070 φέρειν.
3613 1002 3814 1075 Διόπερ
3836 1002 3962 1057 οὑδέ

2283 1082 2510 1138 τοιαῦτα
2536 1085 2721 1149 αὐτοῖς
2744 1086 2994 1155 φαίνεται
3011 1088 3083 1141 τά
3107 1087 3278 1151 δεινὰ,
3303 1082 3502 1159 οἷάπερ
3523 1089 3642 1142 ἐστὶ
3669 1091 3733 1159 τῇ
3771 1087 3961 1157 φύσει,

2284 1170 2419 1225 ἀλλά
2457 1173 2551 1225 καὶ
2573 1171 2643 1225 τά
2671 1172 2848 1243 κοῦφα
2881 1175 3133 1246 ἀφόρητα
3162 1174 3351 1229 λοιπὸν
3372 1169 3515 1227 εἶναι
3542 1175 3709 1231 δοκεῖ.
3741 1176 3964 1246 Ὠσπερ

2284 1254 2378 1313 οὖν
2409 1260 2503 1313 ἐπὶ
2547 1260 2655 1314 τῶν
2699 1262 2945 1332 πενήτων
2990 1262 3298 1316 τούναντίον
3345 1262 3574 1330 γίνεται,
3624 1263 3719 1315 καὶ
3758 1264 3829 1315 τά
3867 1264 3967 1315 ἀν-

2291 1352 2499 1418 ήκεστα
2529 1348 2743 1419 φορητά
2779 1349 3051 1418 φαίνεται.
3095 1348 3173 1411 ὡς
3214 1348 3286 1401 τά
3318 1348 3491 1401 πολλά
3520 1346 3747 1402 τοιαῦτα
3774 1333 3965 1412 αὐτοῖς

2288 1434 2751 1504 μεμελετηκόσινο
2793 1436 2918 1489 οὐδὲ
2952 1435 3062 1507 γὰρ
3112 1434 3287 1498 οὕτως
3313 1446 3338 1475 ο
3388 1436 3423 1505 ή
3457 1434 3568 1487 τῶν
3615 1435 3964 1506 πραγμάτων

2286 1522 2469 1589 φύσις,
2502 1521 2578 1584 ὡς
2606 1523 2638 1591 ή
2684 1517 2795 1574 τῶν
2841 1523 3161 1591 πασχόντων
3193 1520 3451 1585 διάθεσις,
3488 1521 3583 1575 καὶ
3610 1521 3821 1592 μεγάλα
3865 1521 3964 1575 καὶ

2288 1608 2459 1679 μικρά
2488 1611 2635 1661 ποιεῖ
2658 1607 2944 1677 φαίνεσθαι
2972 1608 3042 1663 τά
3079 1609 3303 1662 ἐπιόντα
3319 1611 3456 1681 ήμῖν
3502 1605 3670 1663 κακά.
3720 1609 3829 1662 Kal
3870 1609 3964 1662 ἵνα

2288 1696 2362 1765 μὴ
2392 1694 2676 1767 πόρρωθεν
2721 1696 2914 1764 ἀγάγω
2953 1696 3023 1750 τά
3064 1696 3486 1768 παραδείγματα
3530 1696 3806 1769 ἑκατέρων
3832 1697 3933 1750 τού

2282 1796 2425 1845 των,
2456 1780 2564 1833 ἀπὸ
2609 1780 2718 1834 τῶν
2746 1780 3071 1851 συμϐάντων
3099 1784 3232 1852 ήμῖν
3275 1781 3614 1852 διαλέξομαι.
3656 1781 3789 1835 Ἰδοὺ
3825 1781 3963 1850 γοῦν

2282 1869 2333 1923 οῑ
2362 1868 2461 1939 μὲν
2492 1869 2739 1943 πένητες
2769 1868 3024 1938 διέφυγον
3065 1869 3326 1934 ἅπαντες,
3375 1869 3471 1924 καὶ
3507 1871 3536 1923 ό
3573 1869 3742 1939 δῆμος
3774 1869 3963 1939 ἀπήλ-

2282 1950 2478 2005 λακται
2515 1951 2608 2005 τοῦ
2642 1951 2916 2016 κινδύνου,
2950 1953 3046 2006 καλ⁵
3080 1952 3267 2017 ἀδείας
3297 1953 3635 2009 ἀπολαύουσι
3661 1952 3918 2023 καθαρᾶς
3944 1968 3960 1983 ·

2283 2040 2332 2091 οί
2354 2037 2412 2091 δὲ
2438 2038 2509 2092 τά
2540 2040 2637 2107 τῆς
2668 2039 2878 2102 πόλεως
2914 2040 3250 2110 πράττοντες
3274 2040 3603 2111 πράγματα,
3633 2040 3963 2110 ἱπποτρόφοι

2284 2126 2382 2178 καὶ
2410 2124 2766 2193 ἀγωνοθέται,
2782 2125 2875 2177 καὶ
2898 2125 2966 2177 τά
2986 2125 3122 2180 ἀλλα
3142 2126 3629 2198 λειτουργήσαντες
3650 2127 3694 2191 ί,
3725 2123 3872 2183 οὗτοι
3892 2128 3960 2180 τὸ

2281 2212 2659 2285 δεσμωτήριον
2686 2213 2896 2267 οἰκοῦσι
2943 2212 3037 2266 νῦν
3062 2214 3155 2267 καὶ
3190 2216 3319 2285 περὶ
3350 2214 3461 2268 τῶν
3514 2216 3759 2285 ἐσχάτων
3786 2214 3960 2267 δεδοί-

2283 2315 2434 2365 κασι,
2464 2301 2559 2352 καὶ
2601 2298 2710 2352 τῶν
2753 2300 2924 2354 ἀπασι
2952 2300 3373 2371 τετολμημένων
3406 2301 3563 2353 αὑτοὶ
3595 2302 3696 2365 τάς
3724 2300 3963 2364 εὐθύνας

2283 2385 2579 2454 ὑπέχουσι,
2632 2386 2726 2439 καὶ
2782 2385 2932 2456 φόϐῳ
2991 2385 3194 2449 συζῶσι
3247 2386 3523 2457 διηνεκεῖ,
3586 2388 3683 2440 καὶ
3738 2387 3961 2440 πάντων

2281 2471 2609 2543 ἀθλιώτερον
2632 2473 2827 2525 ἐκεῖνοι
2855 2473 3156 2528 διάκεινται
3187 2472 3376 2537 νῦν,οὑ
3392 2474 3482 2528 διά
3502 2474 3565 2527 τὺ
3596 2472 3826 2544 μέγεθος
3850 2473 3959 2525 τῶν

2284 2559 2566 2621 κινδύνων,
2605 2559 2741 2613 ἀλλά
2781 2558 2871 2613 διὰ
2924 2560 2984 2614 τὸ
3028 2563 3208 2632 τρυφῇ
3262 2561 3354 2614 τὸν
3407 2561 3721 2633 ἔμπροσθεν
3764 2560 3959 2633 χρόνον

2283 2646 2657 2715 συνεζηκέναι.

2353 2732 2418 2803 β’.
2453 2732 2644 2786 Πολλοὶ
2669 2732 2801 2802 γοῦν
2834 2734 2966 2805 παρ’
3001 2734 3157 2805 ήμῶν
3185 2733 3687 2805 παρακαλούμενοι,
3711 2737 3806 2789 καὶ
3833 2754 3951 2805 γεν-

2282 2820 2447 2882 ναίως
2473 2820 2659 2891 φέρειν
2679 2821 3171 2892 συμϐουλευόμενοι
3194 2822 3262 2875 τά
3283 2821 3453 2885 δεινά,
3476 2820 3629 2875 τοῦτο
3650 2822 3859 2891 ελεγον,
3877 2824 3959 2877 ὅτι

2282 2907 2432 2961 οὑδέν
2461 2907 2716 2961 οὐδέποτε
2736 2908 2976 2962 τοιοῦτον
3004 2908 3439 2980 ὲμελετήσαμεν,
3463 2908 3586 2962 οὑδέ
3612 2909 3959 2980 ἐπιστάμεθα

2283 2996 2507 3050 τοιαῦτα
2559 2996 2868 3065 φιλοσοφεῖν
2903 3012 2920 3028 ·
2965 2995 3055 3049 διά
3105 2994 3289 3066 τοῦτε
3316 2994 3518 3062 πολλῆς
3568 2996 3805 3066 δεόμεθα
3855 2996 3959 3066 τῆς

2285 3044 2707 3154 ἑτᾶᾗᾷᾀᾶήέεῷξξ
2724 3044 3515 3153 λὲεέέροιῖεὲιλιζρᾯείιςὸῦἇῷζ
3545 3044 3960 3151 δξῖῗὲῖῖιγιᾶἱζ

2281 3187 2412 3235 νειν,
2464 3168 2619 3221 τοῦτό
2669 3171 2818 3220 ἐστιν
2874 3166 3044 3222 αἴτιον
3091 3168 3327 3239 ἡδονῆς·
3352 3168 3453 3221 οὑκ
3492 3168 3609 3222 ἐστι
3640 3168 3722 3223 δέ.
3763 3169 3959 3224 Πολλοὶ

2280 3254 2412 3323 γοῦν
2444 3253 2552 3306 τῶν
2585 3254 2937 3321 ὑγιαινόντων
2962 3256 3056 3307 καὶ
3085 3255 3241 3308 αὐτοὶ
3274 3255 3535 3325 μυριάκις
3558 3254 3793 3325 ηῦξαντο
3820 3257 3960 3309 ἀπο-
4022 3288 4027 3291 -

2282 3343 2482 3407 θανεῖν,
2503 3343 2601 3404 τὰς
2619 3342 2964 3411 ἐπαγομένας
2982 3343 3164 3405 αὑτοῖς
3180 3344 3280 3395 οὑκ
3305 3343 3621 3412 ἐνεγκόντες
3667 3343 3956 3413 ἐπηρείας.

2285 3430 2469 3483 Ἀλλοι
2527 3429 2690 3482 πάλιν
2742 3428 2803 3481 τὸ
2868 3430 3026 3499 δόξης
3079 3429 3377 3483 ἀπολαύειν
3404 3468 3417 3494 ,
3494 3430 3588 3483 καὶ
3641 3429 3960 3494 δυναστείας

2282 3515 2629 3586 ἐπειλῆφθαι,
2660 3515 2755 3569 καὶ
2776 3515 2982 3568 διέπειν
3009 3516 3183 3587 ἀρχὰς
3223 3517 3317 3569 καὶ
3353 3516 3509 3587 παρά
3552 3516 3760 3569 πολλῶν
3797 3517 3962 3570 κολα-

2296 3600 2578 3665 κεύεσθαι,
2612 3601 2891 3672 διηνεκοῦς
2919 3604 3092 3672 χαρᾶς
3124 3602 3408 3672 ποιητικὸν
3441 3597 3583 3655 εἷναί
3614 3618 3812 3671 φασιν
3854 3604 3960 3656 οὑκ

2280 3688 2395 3740 ἔστι
2437 3687 2494 3740 δέ
2521 3686 2642 3739 οὑδέ
2679 3686 2859 3741 τοῦτο.
2896 3688 3005 3740 Kal
3034 3687 3087 3738 τί
3120 3686 3370 3753 λέγωτάς
3398 3687 3564 3750 ἀλλας
3589 3689 3801 3759 ἀρχάς;
3833 3689 3957 3742 Κάν

2283 3774 2393 3847 γὰρ
2419 3775 2505 3827 ἐπ’
2532 3773 2700 3844 αὑτήν
2722 3773 3013 3843 ἀναϐῶμεν
3032 3774 3108 3843 τῷ
3135 3774 3277 3844 λόγῳ
3304 3773 3403 3844 τὴν
3426 3774 3725 3844 βασιλείαν,
3747 3778 3958 3831 καὶτὸν

2281 3866 2339 3917 ἐν
2367 3864 2552 3934 ἐκείνῃ
2586 3861 2785 3925 ζῶντα,
2818 3861 3040 3923 πολλαῖς
3076 3861 3386 3931 εὑρήσομεν
3414 3864 3956 3934 περιεστοιχισμένον

2281 3953 2561 4022 ἀθυμίαις.
2596 3950 2692 4003 καὶ
2720 3948 2959 4019 τοσούτῳ
2999 3948 3217 4012 πλείους
3250 3949 3442 4018 ἔχοντα
3470 3950 3647 4020 λύπης
3682 3953 3953 4019 ἀνάγκας,

2276 4043 2386 4112 ὅσῳ
2426 4042 2520 4094 καὶ
2557 4039 2782 4109 μείζονα
2818 4026 3209 4109 περιϐέϐληται
3251 4026 3593 4109 πραγμάτων
3620 4039 3804 4107 δγκον.
3843 4042 3956 4095 Καὶ

2277 4132 2328 4184 τί
2370 4128 2476 4201 χρὴ
2504 4128 2685 4195 λέγειν
2714 4125 2987 4195 πολέμους
3026 4126 3120 4178 καὶ
3157 4125 3337 4195 μάχας
3373 4126 3465 4180 xal
3499 4126 3600 4190 τάς
3650 4128 3803 4199 παρά
3841 4128 3955 4181 τῶν

2280 4217 2571 4289 βαρϐάρων
2605 4213 3038 4278 ἐπαναστάσεις;
3075 4212 3340 4277 πολλάκις
3382 4215 3581 4277 αὑτοὺς
3621 4216 3749 4278 τοὺς
3803 4215 3953 4271 ἔνδον

2278 4304 2677 4375 στρεφομένους
2709 4301 2933 4355 δέδοικε.
2970 4301 3083 4354 Kal
3111 4300 3221 4371 7&9
3251 4300 3439 4353 πολλοὶ
3459 4300 3567 4355 τῶν
3590 4301 3954 4371 βασιλευσάν-

2274 4411 2381 4447 των
2419 4393 2516 4455 τάς
2544 4390 2846 4460 πολεμικάς
2867 4389 3223 4455 διαφυγόντες
3251 4391 3459 4459 χεῖρας,
3496 4389 3594 4452 τάς
3621 4390 3730 4442 τῶν
3759 4406 3952 4461 σωμα-

2273 4480 2595 4549 τοφυλάκων
2633 4478 2693 4531 οὑ
2730 4476 2985 4546 διέφυγον
3038 4474 3352 4539 ἐπιϐουλάς.
3410 4476 3684 4529 Τοσαῦται
3730 4477 3788 4530 δὲ
3835 4482 3953 4541 τοῖς

2277 4567 2652 4637 βασιλεύουσιν
2699 4564 2942 4633 ἀθυμίας
2970 4563 3228 4630 ἀνάγκαι,
3291 4562 3393 4616 ὅσα
3446 4566 3511 4633 τῇ
3573 4562 3818 4635 θαλάττῃ
3880 4566 3950 4619 τά

2274 4655 2515 4725 κύματα.
2542 4654 2604 4705 Εἰ
2634 4653 2691 4704 δὲ
2733 4650 2979 4721 βασιλεία
3007 4652 3107 4704 οὑκ
3141 4650 3207 4704 ἂν
3248 4650 3456 4704 ἄλυπον
3487 4651 3782 4721 ἐργάσαιτο
3808 4652 3948 4723 βίον,

2272 4738 2325 4790 τί
2358 4737 2542 4804 ἕτερον
2571 4736 2860 4805 δυνήσεται
2892 4733 3236 4803 κατορθῶσαι
3263 4732 3460 4798 τοῦτο;
3495 4734 3618 4786 Τῶν
3636 4734 3735 4803 μὲν
3763 4735 3951 4804 βιωτι-

2274 4824 2384 4877 κῶν
2415 4823 2569 4876 οὑδέν
2590 4839 2603 4852 ’
2643 4822 2705 4874 τὸ
2747 4821 2804 4874 δέ
2852 4820 3065 4874 Παύλου
3095 4822 3247 4893 ρῆμα
3279 4821 3459 4892 μόνον,
3488 4822 3550 4875 τὺ
3575 4822 3748 4893 βραχὺ
3786 4806 3950 4876 τοῦτο

2274 4914 2368 4966 καὶ
2410 4911 2588 4982 ψιλὸν,
2622 4912 2753 4964 αὑτὸ
2787 4914 2917 4981 ἡμῖν
2949 4911 3136 4965 τοῦτον
3178 4912 3381 4977 ἀνοίξει
3409 4906 3501 4965 τὸν
3532 4913 3826 4983 θησαυρόν.
3866 4915 3945 4965 Οὑ

2273 4998 2381 5069 γὰρ
2421 4998 2630 5051 πολλῶν
2662 4996 2743 5049 δεῖ
2760 4996 2953 5064 λόγων,
2989 4998 3108 5049 οὑδέ
3143 4999 3362 5069 μακρᾶς
3391 4998 3493 5069 τῆς
3521 4999 3795 5068 περιόδου,
3826 4999 3946 5052 ἀλλ’

2272 5087 2366 5139 ἐὰν
2398 5087 2740 5155 ἐννοήσωμεν
2765 5086 2922 5153 μόνον
2946 5086 3009 5137 τὸ
3032 5084 3342 5155 εἰρημένον,
3373 5087 3680 5155 εὑρήσομεν
3697 5086 3797 5155 τὴν
3826 5087 3947 5139 όδὸν

2272 5175 2369 5243 τὴν
2390 5173 2658 5225 ἐπὶτοῦτο
2679 5172 2967 5240 φέρουσαν.
2988 5173 3124 5226 Οὐδὲ
3144 5172 3253 5244 γὰρ
3277 5169 3432 5225 εἶπεν
3456 5174 3665 5237 ἀπλῶς,
3698 5175 3945 5242 Χαίρετε

2273 5260 2549 5323 πάντοτε,
2600 5259 2733 5313 ἀλλά
2791 5256 3098 5331 προσέθηκε
3160 5261 3260 5331 τὴν
3299 5261 3481 5315 αἰτίαν
3514 5262 3616 5331 τῆς
3659 5261 3945 5332 διηνεκοῦς

2273 5350 2483 5419 ἡδονῆς,
2503 5349 2743 5417 Χαίρετε
2765 5350 2834 5401 ἐν
2856 5348 3051 5416 Κυρίῳ
3081 5347 3360 5415 πάντοτε,
3389 5349 3561 5403 εἰπών
3578 5367 3592 5381 ο
3611 5352 3641 5403 ό
3666 5352 3724 5403 ὲν
3751 5352 3945 5422 Κυρίῳ

2272 5444 2501 5507 χαίρων,
2542 5437 2717 5490 οὐδενὶ
2759 5437 2869 5489 τῶν
2901 5438 3321 5506 συμπιπτόντων
3358 5438 3461 5509 τῆς
3511 5438 3708 5511 ἡδονῆς
3736 5439 3944 5508 ταύτης

2270 5526 2526 5577 ἐκπεσεῖν
2569 5522 2809 5577 δύναται.
2858 5523 2941 5576 Τά
2990 5525 3089 5593 μὲν
3134 5526 3245 5596 γὰρ
3292 5526 3428 5580 ἄλλα
3477 5528 3686 5592 πάντα,
3739 5527 3824 5596 ἐφ’
3859 5522 3946 5591 οἷς

2271 5612 2555 5683 χαίρομεν,
2584 5612 2792 5681 τρεπτά
2830 5610 2982 5683 [185]
3022 5613 3080 5664 τέ
3120 5615 3235 5667 ἐστι
3263 5615 3359 5668 καὶ
3388 5616 3806 5685 εὑμετάπτωτα,
3846 5617 3940 5670 καὶ

2333 5715 2359 5754 σί
2384 5716 2419 5764 Α
2429 5718 2438 5763 Ι
2448 5718 2478 5764 ii
2500 5716 2766 5776 τικτόμενα.

2327 5781 2345 5801 ⁸
2368 5776 2461 5826 Alii
2488 5775 2715 5842 φαίνεται,
2739 5778 2808 5842 τῷ
2842 5777 2994 5842 πολλά
3026 5775 3219 5842 τοιαῦτα
3260 5782 3515 5842 ἔμπροσθεν
3545 5782 3717 5833 αὐτοὺς
3737 5779 3936 5842 μεμελε-

2268 5842 2477 5905 τηκέναι,
2506 5839 2689 5905 Ούμγὰιρ
2701 5839 3021 5905 οὑτωςκίηίω
3045 5840 3126 5905 alii
3149 5839 3311 5900 ἀγαγω
3328 5839 3381 5891 τὸ
3408 5845 3722 5905 παράδειγμα.

2336 5901 2355 5938 ι
2382 5901 2475 5949 ΑίῙί
2515 5900 2591 5946 καί
2612 5900 2688 5957 τας
2712 5897 2854 5953 ἄλλοις
2871 5899 3153 5963 λειτουργίας
3168 5897 3591 5968 ),ἐιὲουρτί,ηαῖιτές,
