4232 6320
708 369 809 427 183

707 483 883 539 nentia
920 495 1025 536 non
1061 490 1256 550 tantam
1294 478 1445 534 nobis
1472 478 1700 534 aﬁerunt
1726 476 2080 545 voluptatem,
2110 483 2165 525 ut
2203 484 2267 525 ex

619 628 622 631 .
707 572 824 625 aliis
870 578 1177 625 nascentem
1219 568 1484 624 tristitiam
1525 567 1788 638 repellant
1821 574 1875 620 et
1910 562 2271 618 obumbrent:

710 658 802 713 Dei
828 672 956 714 vero
985 658 1142 713 timor
1168 656 1281 712 htec
1304 657 1462 711 habet
1489 665 1729 725 utraque,
1755 652 1956 709 stabilis
1978 659 2060 705 est
2089 650 2277 702 immo-

708 757 915 816 tusque,
947 757 995 802 et
1024 756 1223 802 tantam
1248 747 1439 803 emittit
1463 746 1715 811 laetitiam,
1740 752 1796 797 ut
1822 740 1996 795 nullus
2022 755 2118 795 nos
2142 738 2278 793 alio-

706 851 823 889 rum
862 852 1048 892 sensus
1091 837 1349 891 malorum
1389 835 1579 904 capiat.
1607 834 1705 898 Qui
1731 832 1896 886 Deum
1936 831 2111 894 enim,
2141 828 2277 884 sicut

708 934 957 993 oportet,
987 927 1133 981 timet
1160 936 1213 980 ct
1239 927 1289 979 in
1318 924 1431 994 ipso
1455 922 1705 985 confidit,
1736 920 2017 989 voluptatis
2044 918 2274 973 radit-em

711 1014 946 1069 lucratus
966 1024 1066 1079 est,
1090 1024 1143 1070 et
1163 1029 1371 1069 omnem
1400 1014 1557 1067 habet
1581 1011 1775 1066 lattltite
1803 1009 1999 1064 fontem
2028 1027 2041 1063 :
2065 1018 2115 1062 et
2140 1008 2278 1062 sicut

713 1102 764 1156 in
811 1118 955 1157 mare
996 1102 1245 1160 decidens
1290 1103 1607 1157 immensum
1653 1100 1879 1155 scintilla
1922 1113 2081 1169 parva
2126 1097 2276 1151 facile

709 1186 955 1243 deletur:
984 1190 1062 1244 sic
1098 1201 1521 1260 quantacumque
1562 1190 1726 1244 Deum
1763 1186 1967 1243 timenti
2008 1186 2274 1251 incidant,

708 1264 853 1331 velut
874 1279 928 1332 in
948 1286 1152 1334 vastum
1181 1263 1373 1335 laetitia:
1399 1279 1615 1348 pelagus
1641 1277 1920 1332 incidentia
1947 1276 2281 1345 exstinguun-

708 1374 795 1420 tur
817 1376 975 1438 atque
1003 1369 1309 1438 perduntur.
1342 1368 1406 1421 Et
1433 1382 1620 1423 revera
1643 1368 1745 1422 hoc
1765 1374 1847 1421 est
1870 1366 2096 1420 maxime
2121 1365 2281 1419 mira-

707 1451 816 1511 bile
838 1496 856 1523 ,
896 1458 1035 1527 quod
1079 1472 1195 1512 cum
1226 1458 1401 1513 adsint
1436 1473 1552 1528 qua:
1589 1459 1904 1512 contristare
1937 1458 2138 1523 solent,
2168 1456 2280 1525 ipse

706 1544 943 1613 gaudens
968 1556 1294 1615 permaneat.
1321 1547 1377 1601 Si
1404 1546 1533 1601 nihil
1563 1547 1715 1605 enim~
1744 1547 1894 1605 triste
1917 1538 2145 1610 adesset,
2173 1558 2279 1598 non

714 1642 857 1689 esset
900 1636 999 1704 ipsi
1044 1651 1292 1705 magnum
1335 1650 1545 1706 semper
1593 1650 1747 1706 posse
1794 1635 2061 1705 gaudere;
2102 1634 2280 1687 multis

713 1732 889 1779 autem
927 1725 1349 1781 incumbentibus
1372 1767 1386 1791 ,
1423 1740 1539 1794 qua:
1577 1725 1629 1778 in
1668 1725 1930 1778 tristitiam
1968 1723 2277 1792 impellant,

711 1813 957 1881 omnibus
977 1829 1098 1868 esse
1117 1812 1442 1884 superiorem
1464 1825 1518 1869 et
1543 1815 1595 1868 in
1617 1813 1805 1869 mediis
1833 1813 2070 1869 tristibus
2088 1814 2277 1878 lzetari,

710 1901 814 1958 hoc
839 1912 919 1959 est
946 1904 1276 1961 admirabile.
1313 1903 1380 1960 Et
1415 1905 1551 1960 sicut
1580 1912 1689 1959 tres
1722 1919 1915 1973 pueros
1949 1919 2055 1958 non
2087 1904 2281 1957 arsisse

709 1997 992 2051 miraretur
1032 2011 1228 2064 nemo,
1271 1996 1317 2053 si
1360 1997 1542 2067 procul
1581 2010 1610 2049 a
1655 1995 1969 2065 Babylonica
2012 1996 2283 2050 stetissent

710 2083 923 2140 fornace
961 2102 974 2138 :
1009 2084 1149 2155 quod
1167 2079 1331 2141 ‘enim
1370 2100 1556 2140 omnes
1592 2085 1984 2147 consternavit,
2026 2083 2126 2138 hoc
2167 2093 2277 2147 est,

708 2174 850 2243 quod
874 2176 924 2229 in
948 2176 1067 2245 igne
1090 2184 1292 2231 tantum
1320 2176 1574 2245 temporis
1598 2176 1810 2242 versati,
1836 2176 2007 2231 minus
2026 2176 2136 2231 larsi
2158 2184 2282 2230 sunt

709 2264 930 2331 egressi,
960 2280 1116 2334 quam
1145 2265 1233 2335 qui
1261 2267 1459 2319 versati
1486 2256 1824 2320 non'fucrant
1855 2282 1869 2319 :
1893 2266 1971 2319 sic
2000 2273 2054 2321 et
2078 2266 2130 2318 in
2156 2280 2281 2319 san-

707 2352 808 2406 ctis
833 2349 1011 2410 dicere
1040 2356 1163 2409 licet
1181 2396 1195 2417 ,
1222 2355 1361 2424 quod
1396 2357 1441 2408 si
1470 2355 1606 2409 nulla
1638 2355 1765 2425 ipsis
1803 2354 2080 2410 institisset
2105 2364 2279 2409 tenta-

711 2445 817 2512 tio,
849 2447 990 2516 ipsos
1033 2454 1285 2516 perpetuo
1322 2447 1531 2516 gavisos
1569 2462 1688 2503 esse
1730 2462 1835 2501 non
1874 2447 2276 2501 adtniraremur.

713 2532 939 2604 Stupore
964 2546 1141 2591 autem
1167 2537 1381 2606 dignum
1404 2578 1418 2601 ,
1450 2546 1503 2591 et
1528 2551 1685 2605 supra
1724 2544 1965 2589 naturam
1994 2526 2277 2589 humanam

709 2623 810 2681 hoc
846 2634 927 2680 est
952 2666 966 2689 .
1007 2626 1148 2696 quod
1201 2626 1419 2682 inﬁnitis
1462 2627 1693 2697 undique
1736 2626 1890 2681 undis
1926 2626 2276 2693 circumdati,

708 2717 1082 2787 tranquillitate
1110 2732 1238 2787 pura
1271 2717 1563 2773 fruentibus
1592 2718 1780 2773 melius
1806 2716 1979 2771 affecti
2010 2717 2136 2770 sint.

786 2805 876 2860 Vir
898 2807 1065 2875 fidelis
1087 2809 1319 2860 continua
1346 2809 1530 2877 fruitur
1556 2806 1825 2877 voluptate.
1850 2835 1921 2847 —
1944 2806 2091 2871 Quod
2121 2806 2281 2876 igitur

713 2895 913 2950 nullam
941 2896 1258 2951 exteriorem
1286 2898 1442 2950 vitam
1477 2895 1721 2967 gaudium
1749 2896 2053 2952 continuum
2083 2897 2282 2951 haben—

710 2995 815 3039 tem
840 2986 1074 3040 invenire
1092 2985 1262 3050 liceat,
1291 3003 1355 3040 ex
1386 2987 1538 3040 dictis
1568 2996 1747 3055 patet;
1776 2988 1914 3056 quod
1942 2998 2116 3041 autem
2146 2986 2277 3041 ﬁde—

708 3076 774 3129 lis
804 3092 906 3129 non
939 3076 1102 3145 possit
1129 3092 1232 3131 non
1264 3088 1507 3131 continua
1542 3078 1639 3131 frui
1670 3078 1953 3146 voluptate,
1984 3094 2193 3132 rursum
2224 3087 2279 3133 et

708 3166 807 3221 hoc
847 3168 1015 3236 ipsum
1045 3166 1409 3223 demonstrare
1439 3170 1688 3232 conabor,
1714 3184 1817 3222 non
1841 3177 1896 3221 ut
1924 3168 2137 3222 discatis
2165 3176 2279 3221 tau-

714 3266 823 3309 tum
844 3298 860 3321 ,
886 3256 979 3311 sed
1010 3254 1168 3311 ctiam
1199 3269 1253 3312 ut
1280 3260 1413 3321 hanc
1447 3258 1653 3313 tristitia
1682 3266 1949 3311 carentem
1999 3260 2158 3311 vitam
2190 3273 2277 3312 sco

707 3346 941 3399 etemini.
972 3346 1053 3399 Sit
1092 3348 1230 3401 enim
1260 3349 1446 3417 aliquis
1472 3348 1600 3401 nihil
1633 3348 1684 3402 in
1710 3364 1769 3402 se
1797 3348 2150 3401 damnandum
2181 3349 2277 3401 ha-

707 3433 857 3497 bens,
884 3435 976 3489 sed
1006 3436 1142 3490 bona
1174 3437 1333 3491 fretus
1360 3440 1700 3502 conscientia,
1729 3439 1793 3493 ad
1827 3439 1998 3492 futura
2024 3438 2278 3491 anhelans

706 3533 760 3579 et
786 3538 1104 3595 exspectans
1130 3530 1272 3582 illam
1300 3529 1503 3583 beatam
1534 3545 1681 3598 spem
1704 3548 1716 3583 :
1744 3529 1868 3600 quid
1896 3529 2056 3595 hunc,
2075 3544 2275 3600 quaeso,

704 3615 759 3669 in
788 3616 1050 3671 tristitiam
1080 3618 1273 3687 poterit
1303 3618 1595 3672 inducere?
1622 3616 1807 3673 Nonne
1846 3600 2088 3674 omnibus
2117 3622 2277 3676 rebus

706 3706 1084 3761 intolerabilior
1116 3723 1256 3761 mors
1286 3722 1402 3762 esse
1429 3708 1780 3763 videtur?sed
1812 3708 1967 3777 hujus
1996 3721 2274 3778 exspecta-

709 3798 781 3851 tio
808 3814 912 3852 non
941 3807 1139 3852 tantum
1171 3800 1342 3868 ipsum
1380 3815 1483 3853 non
1522 3802 1825 3866 contristat,
1859 3815 2042 3854 verum
2086 3811 2138 3854 et
2177 3818 2275 3870 po-

709 3886 811 3938 tius
839 3886 1097 3942 delectat:
1128 3890 1271 3942 novit
1296 3889 1438 3941 enim
1470 3890 1654 3942 mortis
1681 3891 2009 3956 praesentiam
2038 3890 2276 3944 laborum

707 3989 827 4029 esse
856 3976 1253 4043 liberationem,
1287 3987 1340 4032 et
1375 3992 1587 4031 cursum
1632 3979 1697 4030 ad
1738 3993 1962 4032 coronas
2002 3986 2058 4033 et
2098 3980 2274 4033 bravia

706 4078 801 4131 pro
826 4064 1017 4133 pietate
1042 4073 1093 4118 et
1121 4068 1312 4119 virtute
1343 4066 1693 4135 pugnantibus
1716 4069 1966 4136 reposita.
1996 4068 2097 4122 Sed
2143 4069 2274 4123 filiu-

704 4170 820 4208 rum
854 4157 1128 4212 immatura
1157 4159 1341 4212 mors?
1370 4174 1551 4213 verum
1581 4168 1634 4213 et
1665 4162 1763 4215 hoc
1787 4176 2042 4229 generose
2067 4162 2188 4227 fert,
2222 4171 2275 4217 et

703 4244 845 4327 diicet
873 4245 986 4298 Jubi
1018 4248 1175 4301 verba
1210 4264 1224 4300 :
1256 4247 1503 4301 Dominus
1539 4248 1708 4315 dedit,
1755 4248 2003 4303 Dominus
2029 4253 2230 4305 abstulit
2257 4268 2275 4305 :

703 4338 828 4388 sicut
855 4334 1070 4389 Domino
1110 4339 1265 4391 visunt
1292 4348 1396 4407 est,
1439 4341 1510 4392 ita
1538 4350 1584 4393 et
1619 4344 1809 4410 factum
1850 4351 1923 4394 est
1950 4358 1967 4395 .'
1992 4345 2055 4396 sit
2099 4361 2275 4398 nomen

708 4424 912 4479 Domini
952 4427 1255 4482 benedictum
1293 4432 1344 4483 in
1381 4433 1566 4484 secula
1605 4430 1749 4503 (Job
1783 4432 1830 4486 l.
1863 4433 1923 4485 21
1959 4432 1998 4501 ).
2044 4435 2096 4488 Si
2149 4450 2275 4490 vero

705 4530 847 4570 mors
900 4525 954 4571 et
1010 4517 1235 4573 ﬁliorum
1280 4521 1484 4587 jactura
1537 4526 1848 4576 contristare
1899 4538 2002 4577 non
2055 4533 2270 4592 potest,

705 4609 872 4662 multo
897 4610 1068 4663 minus
1098 4613 1435 4678 pecuniarum
1469 4612 1671 4681 jactura
1689 4654 1704 4678 ,
1731 4623 1782 4666 et
1825 4617 2157 4671 contumelia:
2180 4632 2271 4670 ac-

702 4699 1005 4754 cusationes
1038 4708 1092 4753 et
1118 4701 1397 4756 calumnia:
1442 4710 1545 4755 tam
1589 4719 1834 4773 magnum
1865 4714 1917 4759 et
1957 4720 2271 4775 generosum

703 4787 936 4841 animum
964 4798 1180 4856 tangere
1208 4802 1440 4859 possent,
1469 4808 1639 4861 neque
1660 4795 1899 4861 corporis
1924 4794 2075 4849 dolor
2099 4815 2114 4851 :
2136 4813 2269 4866 quo-

704 4878 844 4931 niam
869 4887 922 4932 et
947 4881 1169 4947 apostoli
1192 4880 1587 4951 ﬁagellabantur
1614 4883 1846 4953 quidem,
1877 4885 1969 4939 sed
1996 4900 2099 4940 non
2121 4886 2270 4943 dole-

704 4967 849 5021 bant.
881 4968 1065 5037 Ilagna
1093 4972 1302 5040 quidem
1344 4983 1467 5027 sunt
1499 4983 1553 5029 et
1596 4974 1737 5041 hcce,
1770 4976 1864 5029 sed
1896 4977 2060 5031 multo
2098 4979 2270 5047 majus

700 5067 813 5123 est,
844 5059 983 5128 quod
1026 5075 1130 5114 non
1171 5072 1369 5117 tantum
1406 5081 1511 5118 non
1540 5062 1788 5119 dolebant
1814 5107 1829 5131 ,
1861 5080 2043 5121 verum
2072 5078 2122 5123 et
2154 5069 2265 5138 ipsa

700 5149 901 5220 ﬂagella
931 5152 1144 5221 majoris
1173 5157 1442 5211 materiam
1472 5155 1729 5212 faciebant
1753 5158 2063 5227 voluptatis,
2094 5170 2145 5214 et
2185 5177 2269 5215 re-

702 5247 1040 5299 vertebantur
1083 5262 1112 5300 a
1150 5246 1280 5302 facie
1324 5250 1531 5305 concilii
1569 5250 1890 5317 gaudentes,
1940 5251 2081 5319 quod
2123 5251 2265 5320 digni

700 5335 905 5388 fuerant
949 5335 1110 5389 habiti
1152 5352 1247 5407 pro
1292 5338 1504 5393 nomine
1533 5338 1725 5394 Christi
1752 5341 2125 5396 contumeliam
2156 5344 2262 5411 pati

698 5426 843 5493 (Act.
863 5427 917 5481 5.
951 5427 1059 5495 Η).
1088 5428 1418 5483 Contumelia
1446 5438 1500 5484 et
1526 5431 1764 5487 convicio
1801 5432 1920 5500 quis
1951 5432 2106 5486 talem
2133 5433 2263 5489 aﬁ'e-

696 5515 811 5567 citt
833 5516 925 5570 sed
948 5532 975 5567 a
1008 5516 1218 5571 Christo
1242 5519 1472 5587 gaudere
1512 5520 1776 5574 institutus
1799 5531 1877 5575 est
1912 5522 1962 5575 in
1992 5532 2265 5579 contume-

696 5606 801 5660 liis.
834 5605 1050 5661 Gaudete
1078 5610 1248 5673 enim,
1281 5610 1479 5681 inquit,
1508 5621 1555 5665 et
1586 5613 1858 5677 exsultate,
1892 5631 2005 5667 cum
2048 5615 2263 5671 dixerint

692 5712 843 5752 omne
880 5696 1068 5749 malum
1112 5702 1309 5754 uerbum
1351 5714 1523 5755 contra
1572 5716 1654 5756 vos
1707 5702 2030 5774 mentientes,
2063 5716 2263 5776 propter

1418 365 1475 423 s.
1514 361 1787 422 lOANNlS
1822 316 2287 417 etiiti'sosront
2327 355 2643 413 ARClllEP.
2681 355 3211 413 consumma.

3833 359 3941 418 184

2381 488 2481 537 me,
2497 473 2733 539 quoniam
2761 488 2943 528 merces
2962 484 3124 528 uestra
3148 476 3306 529 multa
3332 486 3403 530 est
3429 476 3480 529 in
3508 474 3642 529 aulis
3658 473 3871 543 (Matth.
3891 474 3952 531 5.

2382 564 2469 618 il.
2501 562 2621 631 12).
2646 562 2750 618 Sed
2776 564 2827 618 in
2854 566 3093 619 morbum
3121 565 3334 620 incidit?
3356 581 3540 624 verum
3565 565 3761 620 audivit
3786 563 3951 619 alium

2378 650 2748 706 admonentem
2776 662 2831 707 et
2852 653 3112 710 dicentem
3142 673 3154 708 :
3184 653 3254 708 1n
3285 657 3454 709 morbo
3491 664 3536 708 et
3558 663 3855 725 paupertate
3897 653 3951 705 in

2379 740 2488 811 ipso
2513 739 2738 808 con/idos
2766 757 2785 796 :
2808 746 3046 811 quoniam
3085 746 3212 798 sicut
3239 746 3291 798 in
3323 731 3438 814 igne
3460 745 3703 811 probatur
3728 757 3910 796 aurum
3934 782 3951 807 ,

2379 830 2452 883 sic
2481 830 2702 884 homines
2725 834 3050 903 acceptabiles
3073 835 3126 887 in
3154 837 3357 903 fornace
3378 833 3741 887 humiliationis
3762 832 3951 903 (Eccli.

2379 917 2511 973 2.4.
2542 920 2618 989 5).
2645 918 2776 993 Cum
2818 923 2973 992 igitur
3016 939 3187 994 neque
3214 938 3377 985 mors,
3410 939 3580 994 neque
3604 924 3955 993 pecuniarum

2375 1006 2578 1075 jactura
2597 1049 2613 1076 ,
2642 1024 2813 1079 neque
2854 1014 3092 1080 corporis
3120 1011 3409 1083 aegritudo,
3438 1028 3615 1082 neque
3642 1012 3952 1082 ignominia.

2382 1092 2553 1165 neque
2592 1099 2916 1163 convicium,
2945 1116 3117 1169 neque
3154 1101 3424 1170 quidpiam
3464 1101 3606 1161 aliud
3648 1099 3955 1169 bujusmodi

2382 1187 2551 1255 ipsum
2595 1190 2908 1244 contristare
2957 1192 3121 1259 possit
3159 1206 3341 1245 verum
3384 1176 3439 1246 et
3476 1193 3642 1261 magis
3684 1191 3954 1250 delectet.

2380 1291 2537 1345 quam
2570 1293 2816 1347 umquam
2848 1281 3070 1334 tristitiae
3099 1283 3372 1336 materiam
3410 1280 3821 1349 habebitiQuid
3858 1280 3957 1352 igi-

2383 1375 2485 1432 tur,
2513 1367 2712 1437 inquit,
2735 1370 2902 1422 sancti
2946 1385 3050 1423 non
3094 1369 3343 1427 dolebant
3366 1370 3390 1424 1
3418 1385 3522 1425 non
3548 1371 3705 1425 audis
3731 1370 3954 1425 Paulum

2382 1456 2642 1511 dicentem
2675 1475 2687 1511 :
2712 1456 2935 1511 Tristitia
2959 1459 3079 1511 mihi
3101 1476 3281 1529 magna
3305 1470 3396 1524 est,
3428 1469 3474 1514 et
3500 1459 3783 1513 indesinens
3811 1458 3958 1512 dolor

2381 1544 2522 1598 cordi
2545 1562 2652 1599 meo
2676 1544 2849 1615 (Rom.
2879 1545 2931 1601 9.
2956 1546 3056 1616 2)?
3084 1546 3196 1601 Hoc
3220 1547 3392 1616 ipsum
3421 1562 3612 1617 nempe
3640 1547 3958 1603 admirabile

2382 1642 2494 1698 est,
2525 1636 2665 1704 quod
2705 1636 2911 1690 tristitia
2943 1636 3143 1692 lucrum
3165 1678 3181 1703 ,
3210 1646 3265 1693 et
3301 1637 3623 1707 voluptatem
3660 1653 3724 1693 ex
3767 1636 3953 1691 luctu‘

2384 1724 2599 1781 ferebat.
2620 1725 2768 1782 Sicut
2791 1728 2930 1783 enim
2954 1727 3157 1798 ﬂagella
3188 1742 3293 1784 non
3319 1729 3550 1793 dolores,
3576 1728 3670 1783 sed
3691 1728 3956 1791 laetitiam,

2382 1815 2459 1869 sic
2483 1831 2691 1871 rursum
2716 1826 2767 1872 et
2808 1818 3014 1873 tristitia
3041 1833 3255 1889 magnas
3286 1818 3398 1873 illas
3426 1818 3764 1887 comparabat
3794 1832 3959 1873 coro-

2383 1919 2498 1959 nas.
2526 1906 2593 1960 Et
2622 1906 2723 1962 hoc
2752 1916 2835 1963 est
2858 1908 3198 1974 admirabile,
3229 1908 3369 1979 quod
3397 1909 3579 1964 mundi
3605 1924 3710 1964 non
3740 1910 3956 1965 tristitia

2384 2001 2614 2061 tantum,
2648 2012 2826 2050 verum
2857 2006 2912 2053 et
2946 1997 3127 2052 la'titia
3155 1998 3406 2053 damnum
3437 1998 3597 2054 habet
3615 2008 3910 2055 extremum
3939 2016 3955 2052 :

2383 2083 2435 2136 in
2478 2084 2843 2153 spiritualibus
2885 2102 3009 2141 vero
3046 2088 3369 2143 contrarium
3399 2097 3589 2154 totum,
3624 2105 3729 2144 non
3772 2090 3959 2145 laetitia

2384 2182 2606 2240 tantum,
2634 2190 2815 2230 verum
2861 2187 2915 2231 et
2958 2177 3167 2233 tristitia
3208 2178 3429 2234 multum
3480 2178 3640 2233 habet
3692 2179 3960 2234 bonorum

2385 2262 2712 2319 thesaurum.
2741 2265 2897 2323 Verbi
2921 2270 3086 2337 gratia
3116 2285 3130 2322 :
3156 2268 3347 2339 gaudet
3369 2269 3489 2340 quis
3517 2270 3783 2324 inmundo
3814 2285 3961 2339 saepe

2382 2353 2653 2411 inimicum
2701 2356 3030 2413 laborantem
3068 2359 3282 2423 videns,
3307 2369 3363 2414 et
3401 2375 3495 2430 per
3535 2360 3671 2415 hanc
3718 2361 3959 2415 laetitiam

2383 2445 2604 2497 multam
2642 2445 2742 2499 sibi
2769 2446 2986 2501 attrahit
3009 2462 3220 2517 poenam
3246 2466 3262 2503 :
3286 2448 3430 2503 dolet
3456 2463 3664 2504 rursum
3685 2449 3804 2518 quis
3823 2449 3960 2503 alius

2385 2531 2602 2587 fratrem
2634 2533 2836 2603 lapsum
2859 2536 3064 2604 videns,
3084 2546 3137 2591 et
3166 2553 3259 2605 per
3287 2537 3423 2593 hanc
3450 2538 3715 2593 tristitiam
3737 2538 3960 2597 multam

2380 2620 2478 2673 sibi
2504 2622 2641 2690 apud
2674 2622 2836 2677 Deum
2873 2625 3290 2680 benevolentiam
3315 2636 3604 2697 comparat.

2457 2710 2681 2766 Tristitia
2696 2715 2967 2767 secundum
3008 2714 3173 2769 Deum
3212 2717 3369 2769 multo
3412 2718 3589 2770 melior
3623 2727 3694 2771 est
3734 2717 3961 2772 hutnaua

2382 2800 2571 2854 laetitia.
2595 2830 2666 2841 —-
2687 2801 2873 2857 Cernis
2901 2804 3166 2873 quomodo
3198 2805 3486 2859 secundum
3535 2806 3703 2861 Deum
3746 2800 3960 2861 tristitia

2382 2894 2564 2947 mundi
2590 2893 2769 2948 laetitia
2800 2897 2987 2950 melior
3026 2897 3096 2949 sit
3123 2906 3176 2949 et
3205 2896 3421 2951 utiliori
3446 2898 3535 2953 Sic
3553 2905 3607 2953 et
3634 2898 3826 2952 Paulus
3865 2891 3961 2952 tri-

2381 2985 2620 3039 stabatur
2640 2995 2855 3054 propter
2883 3002 2996 3053 eos,
3026 2988 3116 3056 qui
3141 2998 3422 3057 pecearcnt
3463 2999 3517 3045 et
3556 2991 3666 3045 Deo
3692 3005 3799 3045 non
3839 3006 3961 3047 cre-

2379 3073 2597 3138 derent,
2632 3086 2685 3129 et
2732 3091 2796 3129 ex
2852 3076 2951 3131 hac
3000 3078 3209 3132 tristitia
3252 3080 3469 3133 multam
3516 3080 3614 3133 sibi
3669 3081 3961 3149 repositam

2380 3163 2607 3218 habebat
2630 3166 2953 3220 mercedem.
2981 3166 3049 3222 Ut
3075 3179 3252 3222 autem
3288 3169 3614 3223 manifestius
3660 3170 3800 3240 quod
3836 3168 3960 3227 dico

2382 3253 2588 3318 faciam,
2609 3262 2663 3308 et
2688 3254 2925 3323 discatis,
2946 3257 3069 3311 licet
3100 3270 3292 3325 praeter
3312 3260 3614 3328 Opinionem
3639 3262 3709 3315 sit
3732 3261 3954 3330 dictum,

2382 3352 2555 3398 tamen
2590 3360 2772 3399 verum
2817 3361 2936 3401 esse
2960 3387 2974 3411 ,
3003 3356 3056 3401 et
3089 3349 3287 3403 luctum
3327 3364 3468 3419 smpe
3499 3352 3672 3406 solere
3714 3352 3957 3411 dolentes

2380 3433 2582 3488 animas
2609 3450 2877 3503 reparare,
2900 3446 2954 3490 et
2979 3439 3354 3491 conscientiam
3383 3426 3651 3507 gravatam
3680 3444 3953 3499 relevare:

2380 3523 2558 3575 multm
2584 3525 2777 3592 smpius
2806 3526 3054 3581 mulieres
3084 3527 3544 3583 desideratissimis
3573 3532 3782 3587 amissis
3810 3533 3953 3600 ﬁliis,

2380 3612 2423 3664 si
2470 3612 2850 3679 prohibeantur
2887 3615 3098 3681 quidem
3146 3615 3308 3681 ﬂere,
3342 3618 3521 3687 lugere
3561 3630 3616 3675 et
3660 3624 3952 3691 conqueri,

2378 3701 2783 3769 disrumpuntur
2804 3714 2854 3758 et
2888 3714 3141 3773 pereunt;
3186 3707 3229 3760 si
3256 3722 3383 3761 vero
3409 3711 3744 3767 mmreutium
3772 3715 3953 3768 omnia

2384 3790 2629 3859 fecerint,
2672 3795 2978 3848 relevantur
3018 3806 3073 3850 et
3107 3797 3522 3852 consolationem
3561 3802 3842 3870 accipiunt.
3888 3806 3954 3860 Et

2379 3882 2501 3949 quid
2542 3877 2874 3949 mirandum,
2924 3887 2968 3938 si
3017 3886 3069 3940 in
3118 3887 3426 3941 mulieribus
3473 3887 3575 3942 hoc
3620 3890 3705 3953 ﬁt,
3738 3894 3953 3961 quando

2378 3972 2535 4025 eziam
2580 3973 2748 4041 ipsum
2794 3975 3105 4044 prophetam
3150 3976 3250 4030 hoc
3288 3978 3574 4045 patientem
3619 3979 3799 4036 videre
3832 3984 3952 4052 quis

2379 4063 2543 4128 possit
2567 4063 2589 4114 ?
2618 4061 2738 4117 Ideo
2768 4063 3072 4133 frequenter
3094 4065 3299 4120 dicebat
3328 4085 3341 4122 :
3370 4065 3533 4123 Sinite
3558 4086 3655 4135 me,
3679 4087 3852 4125 amare
3872 4076 3953 4126 lu-

2375 4152 2496 4220 gebo
2518 4170 2537 4205 :
2567 4154 2720 4206 nolite
2760 4155 3054 4209 contendere
3076 4196 3090 4221 ,
3118 4166 3172 4209 ut
3214 4159 3537 4212 consolemini
3582 4177 3733 4227 super
3759 4167 3953 4217 contri-

2376 4241 2509 4294 tione
2544 4243 2665 4310 ﬁlia:
2692 4244 2886 4313 generis
2928 4244 3022 4297 mei
3052 4243 3214 4312 (Isai.
3245 4245 3332 4299 22.
3363 4248 3447 4315 4).
3474 4246 3653 4318 Itaque
3682 4264 3824 4319 smpe
3855 4255 3955 4308 tr:-

2377 4331 2514 4384 Stitia
2556 4330 2711 4386 affert
2751 4334 3197 4399 consolationem;
3229 4334 3271 4388 si
3302 4345 3475 4389 autern
3519 4338 3569 4391 in
3611 4340 3810 4395 mundo
3849 4343 3953 4399 hoc

2377 4420 2436 4474 ﬁt
2465 4423 2630 4476 multo
2658 4421 2824 4499 magis
2854 4425 2904 4477 in
2932 4424 3088 4478 rebus
3129 4426 3509 4494 spiritualibus.
3544 4428 3829 4497 Pr0pterea
3871 4432 3954 4486 di-

2376 4511 2482 4564 cit:
2513 4512 2799 4568 Secundum
2826 4513 2989 4567 Deum
3007 4526 3170 4569 autem
3202 4517 3405 4570 tristitia
3434 4520 3775 4586 paenitentiam
3798 4523 3954 4577 inst:-

2376 4601 2526 4653 lutem
2570 4592 2791 4658 stabilem
2821 4616 3057 4674 operatur
3084 4606 3104 4677 (
3127 4608 3180 4659 2.
3204 4605 3323 4661 Cor.
3352 4609 3404 4661 7.
3436 4610 3554 4680 10).
3588 4611 3655 4665 Et
3696 4612 3798 4669 hoc
3834 4619 3950 4685 qui-

2376 4689 2496 4743 dem
2544 4691 2824 4745 obseurum
2873 4708 2991 4747 esse
3034 4695 3272 4761 videtur;
3304 4699 3443 4766 quod
3490 4710 3667 4755 autem
3712 4702 3839 4758 dicit
3866 4712 3949 4762 est
4024 4686 4041 4691 ⁴

2376 4780 2673 4849 ltujusmodi
2701 4803 2714 4837 :
2745 4782 2799 4836 Si
2829 4784 2894 4838 de
2931 4787 3164 4853 pecuniis
3194 4789 3429 4843 tt'istatus
3459 4789 3650 4857 fueris,
3684 4795 3811 4856 nihil
3834 4807 3950 4866 pro-

2374 4871 2544 4927 fecisti
2572 4887 2588 4925 :
2616 4872 2661 4926 si
2691 4873 2743 4926 in
2772 4875 3110 4943 aegritudine,
3139 4876 3274 4934 nihil
3296 4880 3525 4934 lucratus
3559 4897 3654 4947 es,
3683 4898 3865 4940 verum
3894 4898 3950 4942 et

2374 4963 2540 5032 magis
2571 4962 2793 5031 teipsum
2823 4966 3134 5019 contrivisti.
3776 4960 3783 4963 “

2444 5056 2496 5114 Ξ.
2539 5056 2605 5109 Et
2630 5068 2727 5125 ego
2762 5055 2972 5125 quidem
3015 5057 3210 5112 multos
3252 5050 3425 5113 audivi
3458 5071 3573 5127 post
3602 5062 3759 5117 talem
3786 5079 3949 5135 expe-

2371 5146 2613 5199 rientiam
2656 5161 2713 5200 se
2738 5157 3047 5201 accusantes
3070 5189 3083 5209 ,
3116 5157 3169 5202 et
3192 5150 3255 5203 ad
3286 5152 3488 5219 seipsos
3513 5152 3748 5209 dicentes
3770 5173 3787 5208 :
3818 5157 3948 5224 Quae

2373 5235 2589 5298 utilitas,
2617 5236 2755 5305 quod
2781 5237 2963 5291 dolui?
2989 5253 3087 5291 nee
3116 5241 3363 5307 paenulas
3390 5244 3719 5310 recuperavi,
3749 5256 3803 5300 et
3830 5260 3945 5301 mea

2371 5327 2541 5394 ipsum
2576 5327 2707 5380 laesi.
2737 5327 2791 5382 Si
2822 5342 2949 5383 vero
2974 5327 3042 5382 de
3065 5338 3282 5398 peccato
3314 5332 3571 5396 tristeris,
3601 5332 3704 5387 hoc
3732 5334 3943 5401 delesti,

2370 5429 2425 5474 et
2462 5421 2739 5474 maximam
2780 5421 3011 5499 lucratus
3050 5437 3108 5477 es
3137 5423 3477 5493 voluptatem.
3506 5424 3559 5479 Si
3589 5424 3655 5479 de
3696 5424 3944 5483 fratribus

2370 5512 2536 5580 lapsis
2556 5512 2907 5576 contristeris,
2936 5514 3161 5581 teipsum
3190 5512 3428 5568 hortatus
3451 5528 3511 5570 es
3534 5523 3588 5568 et
3616 5517 3941 5585 consolatus,

2368 5613 2421 5658 et
2464 5604 2582 5657 illos
2626 5620 2831 5658 rursum
2872 5605 3202 5674 recuperasti
3233 5622 3248 5659 :
3278 5604 3417 5673 quod
3464 5605 3510 5659 si
3554 5605 3685 5660 nihil
3713 5613 3768 5662 et
3813 5606 3943 5677 ipsis

2436 5717 2452 5746 ί
2487 5716 2559 5764 Sic
2577 5713 2713 5765 Savil.
2733 5721 2781 5763 tn
2805 5722 2874 5774 3.,
2894 5713 3041 5776 lucro,
3071 5727 3175 5777 pro,
3208 5713 3357 5765 luctu.
