4232 6320
523 388 625 444 183

525 507 707 560 πάλιν·
774 501 876 557 κᾶν
911 497 1076 572 μηδὲν
1127 495 1420 572 ὡφελήσῃς
1462 501 1686 567 αὐτοὺς,
1729 500 1994 572 μεγίστην
2045 498 2186 570 ἔχεις

523 589 808 646 ἀντίδοσιν.
835 583 947 641 Καὶ
985 587 1073 640 ἴνα
1117 586 1319 658 μάθῃς,
1361 587 1445 641 ὅτι
1485 586 1646 641 τοῦτο
1686 588 1748 642 τὸ
1777 587 2063 641 λυπεῖσθαι
2095 585 2188 640 ἐπὶ

523 681 636 741 τοῖς
677 675 1016 739 πεπτωκόσι,
1041 675 1144 730 κᾶν
1185 675 1354 748 μηδὲν
1401 675 1724 747 ὡφελῶμεν,
1757 675 2020 746 μεγίστην
2057 676 2189 746 ἡμῖν

522 765 620 834 τὴν
663 763 899 835 ἀμοιϐὴν
948 763 1136 834 φέρει,
1191 763 1426 818 ἀκουσον
1475 762 1573 816 τοῦ
1608 762 1871 834 Ἰεζεκιὴλ
1915 762 2183 832 λέγοντος⁵

525 849 728 922 μᾶλλον
760 850 818 904 δὲ
851 849 944 905 τοῦ
975 850 1112 905 Θεοῦ
1153 849 1223 904 δι’
1252 849 1464 904 ἐκείνου
1510 848 1828 914 λαλοῦντος·
1861 849 2050 923 ἐπειδὴ
2080 851 2190 923 γάρ

519 937 734 1008 ἔπεμψέ
770 955 923 1003 τινας
969 937 1319 1007 κατασκάψαι
1356 935 1456 1008 τὴν
1501 935 1678 1000 πόλιν,
1709 937 1804 990 καὶ
1855 937 2060 1010 σιδήρῳ
2095 938 2190 991 καὶ

521 1026 655 1096 πυρὶ
681 1025 991 1096 δαπανῆσαι
1044 1025 1116 1078 τά
1165 1023 1574 1096 οἰκοδομήματα
1629 1024 1846 1078 ἅπαντα
1893 1025 2034 1096 μετά
2078 1025 2189 1079 τῶν

519 1110 870 1165 ἐνοικούντων
908 1109 1106 1174 αὐτῶν,
1141 1109 1352 1164 κελεύει
1383 1113 1494 1166 τινὶ
1525 1110 1701 1180 λέγων
1738 1109 1940 1174 οὕτως·
1972 1109 2086 1178 Δὸς
2117 1110 2184 1165 τὸ

468 1253 475 1259 ,
517 1198 774 1268 σημεῖον
800 1196 897 1251 ἐπὶ
935 1195 1004 1250 τὸ
1033 1196 1358 1265 πρόσωπον
1382 1196 1506 1252 τῶν
1536 1195 1774 1264 ἀνδρῶν
1815 1195 1935 1251 τῶν
1966 1211 2186 1255 ater-aa-

517 1284 736 1345 ζόντων
771 1284 870 1339 καί
903 1284 1426 1356 κατοδυνωμένων.
1461 1285 1572 1338 Kal
1602 1287 1718 1348 τοῖς
1753 1283 1962 1357 ἑτέροις
1999 1281 2188 1339 κελεύε-

517 1387 637 1435 σας,
683 1371 780 1424 καὶ
827 1369 1028 1437 εἰπὼν,
1072 1373 1156 1424 ὅτι
1191 1370 1325 1425 Ἁπὸ
1373 1369 1494 1425 τῶν
1523 1371 1709 1441 ἁγίων
1748 1389 1868 1441 μου
1898 1371 2184 1438 άρξασθε,

516 1457 764 1525 ἐπήγαγε
813 1456 1012 1526 λέγων,
1049 1456 1175 1510 Ἑπί
1215 1456 1284 1510 δὲ
1329 1456 1435 1523 οὓς
1487 1458 1622 1511 ἐστι
1667 1457 1736 1511 τὸ
1784 1457 2056 1527 σημεῖον,
2095 1459 2184 1528 μὴ

512 1542 755 1613 ἅψησθε
795 1543 1012 1598 αὐτῶν.
1060 1544 1219 1608 τίνος
1248 1543 1460 1610 ἐνεκεν,
1505 1545 1627 1600 εἰπέ
1663 1562 1789 1616 μοις
1838 1545 1963 1599 Ὅτι
1992 1549 2041 1599 εί
2089 1547 2185 1600 καὶ

516 1629 686 1702 μηδέν
721 1630 1042 1701 ὠφελοῦσιν,
1070 1631 1185 1685 ἀλλ’
1212 1635 1363 1703 ὅμως
1395 1632 1643 1687 στένουσι
1683 1633 1754 1686 τά
1785 1631 2045 1704 γινόμενα
2092 1635 2184 1688 καί

511 1715 882 1789 ὀλοφύρονται.
917 1716 1028 1772 Kal
1057 1717 1265 1788 ἐτέροις
1290 1718 1346 1771 δὲ
1370 1717 1631 1787 ἐγκαλεῖ·
1679 1719 1856 1786 λέγων
1881 1719 2068 1786 πάλιν,
2099 1720 2181 1773 ὅτι

509 1803 829 1873 τρυφῶντες
861 1803 955 1857 καὶ
985 1804 1428 1875 γαστριζόμενοι,
1457 1806 1554 1858 καὶ
1586 1805 1789 1876 πολλῆς
1814 1805 2184 1872 ἀπολαύοντες
2223 1810 2226 1813 ’

509 1892 716 1956 ἀδείας,
748 1893 948 1958 ἰδόντες
973 1896 1099 1958 τοὺς
1136 1893 1423 1960 Ἰουδαίους
1453 1896 1533 1960 εἰς
1566 1893 1947 1966 αἰχμαλωσίαν
1979 1897 2184 1964 ἀπαγο-

512 1978 727 2050 μένους,
768 1981 870 2035 οὐκ
897 1981 1164 2052 ήλγησαν,
1193 1980 1295 2035 οὐκ
1342 1981 1711 2052 ἐκοινώνησαν
1757 1982 1857 2051 τῆς
1905 1982 2177 2054 ἀθυμίας·

508 2067 605 2120 καὶ
635 2065 885 2137 ἐγκαλῶν
933 2069 1120 2133 αὐτοῖς
1152 2086 1344 2141 φησιν,
1375 2072 1498 2125 Οὐκ
1541 2070 1820 2139 ἔπασχον
1853 2069 2036 2125 οὐδὲν
2080 2071 2180 2128 ἐπὶ

507 2153 582 2222 τῇ
637 2154 931 2224 συντριϐῇ
975 2154 1080 2209 τοῦ
1120 2153 1357 2225 Ἰωσὴφ,
1413 2157 1612 2228 Ἰωσὴφ
1662 2155 1756 2210 τὸν
1815 2155 1946 2212 λαὸν
1984 2157 2181 2212 ’καλῶν

507 2240 754 2295 ἅπαντα·
791 2242 888 2296 καὶ
919 2241 1101 2306 πάλιν.
1139 2246 1261 2297 οὐκ
1302 2242 1524 2312 ἐξῆλθε
1561 2242 1929 2298 κατοικοῦσα
1970 2244 2178 2309 Δίνὰν,

507 2330 814 2396 κόψασθαι
847 2325 1014 2383 οἷκον
1043 2329 1336 2399 ἐχόμενον
1386 2328 1598 2397 αὐτῆς.
1637 2329 1760 2384 Κᾶν
1804 2330 1920 2403 γὰρ
1957 2331 2180 2396 δικαίως

505 2413 864 2481 κολάζωνται,
903 2415 1152 2486 βούλεται
1179 2415 1466 2484 συναλγεῖν
1492 2417 1662 2488 ἡμᾶς,
1686 2418 1826 2471 ἀλλὰ
1859 2419 1936 2489 μὴ
1967 2418 2180 2489 χαίρειν

507 2502 642 2573 μηδὲ
687 2502 998 2573 ἐφήδεσθαι.
1061 2504 1127 2557 Εἰ
1173 2503 1286 2575 γὰρ
1330 2503 1464 2573 ἐγὼ,
1521 2507 1708 2577 φησὶν,
1758 2509 1787 2560 ὁ
1833 2507 2076 2572 κολάζων
2116 2508 2177 2561 οὐ

507 2587 713 2661 χαίρων
731 2589 894 2642 ’τοῦτο
923 2588 1063 2642 ποιῶ
1080 2590 1138 2655 ιι,
1157 2591 1279 2646 οὐδὲ
1300 2591 1501 2662 ἥδομαι
1529 2591 1712 2645 αὐτῶν
1741 2594 1835 2646 ἐπὶ
1847 2597 1914 2664 τῇ
1939 2595 2180 2667 τιμωρίᾳ

504 2677 616 2746 (Οὐ
651 2675 759 2748 γὰρ
797 2676 1044 2744 θελήσει
1098 2677 1252 2751 θέλω
1293 2677 1403 2732 τὸν
1453 2677 1716 2734 θάνατον
1754 2679 1863 2734 τοῦ
1913 2681 2178 2750 ἀμαρτω-

501 2761 663 2831 λοῢ),
691 2761 769 2814 δεῖ
803 2763 898 2815 καὶ
930 2763 990 2816 σὲ
1024 2762 1133 2831 ,τὸν
1161 2763 1439 2835 Δεσπότην
1487 2765 1798 2835 μιμεῖσθαι,
1837 2766 1932 2820 καὶ
1955 2767 2024 2820 δι’
2049 2767 2180 2821 αὐτὸ
2203 2779 2226 2800 κ

506 2849 607 2919 μὲν
643 2843 736 2901 οῦν
764 2849 921 2902 τοῦτο
967 2849 1175 2918 ἀλγεῖν,
1216 2852 1300 2904 ὅτι
1345 2852 1563 2916 δικαίας
1616 2853 1893 2918 κολάσεως
1923 2854 2179 2910 ὑπόθεσιν

504 2936 746 3006 παρέσχε
782 2937 876 2989 καὶ
910 2937 1204 3008 πρόφασιν.
1237 2939 1404 2992 Ὥστε
1451 2939 1558 2993 κᾶν
1608 2938 1847 3011 λυπῆται
1902 2956 1985 3004 τις
2038 2942 2182 2997 κατά

501 3025 656 3090 Θεὸν,
720 3025 962 3097 μεγάλην
1017 3025 1270 3079 ἐντεῦθεν
1317 3026 1632 3100 καρποῦται
1677 3022 1968 3095 ὠφέλειαν.
2011 3029 2180 3085 Ὅταν

501 3106 597 3167 οῦν
631 3114 681 3188 οί
717 3113 1104 3184 μαστιζόμενοι
1132 3113 1243 3166 τῶν
1275 3113 1650 3184 μαστιζόντων
1693 3114 1800 3166 εἰσὶ
1832 3117 2179 3187 μακαριώτε-

505 3217 612 3271 ροι,
653 3203 747 3254 καὶ
783 3202 832 3254 οἰ
873 3200 1181 3272 θλιϐόμενοι
1220 3203 1351 3274 παρ’
1385 3202 1517 3272 ἡμῖν
1563 3199 1672 3254 τῶν
1704 3202 1762 3256 ἐν
1806 3202 1988 3258 ἀνέσει
2029 3206 2180 3276 παρά

501 3291 616 3352 τοῖς
661 3285 884 3354 ἔξωθεν,
937 3289 1034 3342 καὶ
1083 3290 1134 3341 οἰ
1198 3287 1540 3359 ἀθυμοῦντες
1584 3288 1693 3341 τῶν
1743 3289 2040 3359 ἡδομένων,
2096 3292 2181 3358 τίς

503 3373 658 3428 ἐσται
689 3374 875 3428 λοιπὸν
906 3373 1137 3444 θλίψεως
1180 3376 1311 3446 ἡμῖν
1338 3375 1601 3446 ἀφορμὴ;
1648 3375 1748 3429 Διά
1790 3375 1948 3430 τοῦτο
1989 3376 2180 3433 οὐδένα

501 3463 608 3534 χρὴ
658 3462 1003 3532 μακαρίζειν.
1036 3462 1151 3515 ἀλλ’
1185 3461 1219 3533 ἢ
1257 3463 1352 3515 τὸν
1396 3463 1540 3516 κατά
1586 3462 1721 3517 Θεὸν
1773 3463 1952 3536 ζῶντα
1997 3465 2176 3536 μόνον,

503 3532 733 3613 Τούτους
778 3549 874 3602 καὶ
929 3550 962 3620 ἠ
1006 3532 1215 3620 Γραφὴί
1247 3547 1546 3619 μακαρίζει
1597 3549 1823 3620 μόνους·
1875 3532 2180 3621 Μακάριος

503 3636 632 3707 γὰρ,
661 3636 844 3706 φησιν,
861 3636 1038 3703 ἀνὴρ,
1058 3635 1127 3701 ὃς
1151 3637 1263 3690 οὐκ
1288 3636 1580 3704 ἐπορεύθη
1603 3637 1673 3691 ὲν
1687 3637 1892 3706 ,Βουλῇ
1911 3637 2173 3693 ἀσεϐῶν·

503 3722 804 3790 Μακάριος
828 3723 901 3776 ὃν
924 3721 1002 3777 ἂν
1027 3723 1386 3790 παιδεύσῃς,
1415 3724 1610 3792 Κύριε,
1634 3724 1734 3778 καί
1755 3725 1824 3778 ἐκ
1851 3724 1958 3780 τοῦ
1989 3726 2177 3794 νόμου

413 3863 418 3867 λ
503 3823 622 3862 σου
666 3807 907 3877 διδάξῃς
959 3811 1176 3862 αὐτόν·
1209 3808 1509 3877 Μακάριοι
1542 3813 1597 3863 al
1628 3811 1853 3880 ἄμωμοι
1906 3813 1979 3866 ἐν
2023 3813 2173 3879 όδῷ·

504 3893 792 3962 Μακάριοι
823 3895 1044 3961 πάντες
1075 3897 1129 3948 οἱ
1153 3897 1505 3962 πεποιθότες
1536 3896 1629 3949 ἐπ’
1658 3898 1848 3964 αὐτῷ·
1878 3899 2179 3969 Μακάριος

505 3984 540 4036 δ
561 3983 732 4048 λαὸς,
759 3978 832 4037 οὗ
865 3984 1080 4054 Κύριος
1108 3986 1141 4036 ό
1177 3983 1321 4049 Θεὸς
1345 3983 1533 4038 αὐτοῦ
1565 3995 1588 4024 ε
1609 4000 1623 4013 ·
1651 3986 1968 4055 Μακάριος,
2006 3984 2079 4045 οὗ
2105 3991 2178 4043 οὐ

505 4070 770 4139 κατέγνω
810 4071 850 4138 ἠ
890 4070 1060 4140 ψυχὴ
1093 4071 1281 4125 αὑτοῦ
1303 4089 1317 4104 ·
1351 4071 1654 4140 Μακάριος
1688 4073 1865 4143 ἀνὴρ,
1893 4078 1926 4129 ό
1959 4079 2176 4145 φοϐού-

501 4174 686 4227 μενος
710 4157 818 4212 τὸν
841 4159 1078 4225 Κύριον.
1107 4157 1218 4212 Kal
1240 4159 1270 4212 6
1296 4158 1531 4228 Χριστὸς
1557 4159 1720 4214 πάλιν
1745 4162 1944 4224 οὓτως·
1976 4163 2177 4218 Mami-

501 4263 620 4315 ριοι
663 4249 718 4299 οἱ
762 4247 1145 4312 πενθοῦντες,
1184 4247 1462 4316 μακάριοι
1489 4251 1544 4302 οί
1572 4249 1860 4314 ταπεινοὶ,
1897 4251 2176 4324 μακάριοι

505 4336 560 4386 οἱ
586 4333 812 4400 πραεῖς,
835 4328 982 4404 [I86]
1005 4331 1280 4402 μακάριοι
1301 4336 1356 4387 οἰ
1393 4335 1780 4402 είρηνοποιοί,
1815 4338 2092 4406 μακάριοι
2123 4342 2176 4392 οἱ

506 4418 882 4486 δεδιωγμένοι
917 4417 1127 4472 ἕνεκεν
1169 4418 1580 4488 δικαιοσύνης.
1623 4421 1784 4494 Ὁρᾷς
1817 4423 1934 4486 πῶς
1974 4442 2177 4483 παντα-

506 4504 603 4574 χοῦ
635 4505 825 4558 οὐδένα
864 4504 971 4558 τῶν
1020 4505 1414 4568 πλουτούντων,
1439 4507 1502 4560 οὐ
1543 4507 1651 4562 τῶν
1690 4509 1748 4561 ἐν
1797 4511 2066 4582 εὐγενείᾳ,
2112 4513 2174 4565 οὐ

504 4589 615 4644 τῶν
653 4591 812 4662 δόξης
864 4591 1247 4646 ἀπολαυόντων
1297 4595 1693 4665 μακαρίζουσιν
1727 4596 1778 4649 οί
1820 4596 1951 4651 θεῖοι
1995 4599 2171 4669 νόμοι,

508 4678 646 4732 ἀλλά
689 4678 780 4730 τὸν
822 4679 1027 4750 ἀρετῆς
1080 4679 1516 4750 ἐπειλημμένον;
1559 4683 1634 4735 Τὸ
1667 4684 1776 4754 γὰρ
1821 4683 2172 4756 ζητούμενον,

508 4767 726 4820 πάντων
758 4760 833 4819 ὧν
859 4765 924 4820 ἂν
953 4765 1200 4837 ποιῶμεν
1222 4767 1254 4838 ἢ
1287 4768 1607 4838 πάσχωμεν,
1637 4771 1895 4826 ὑπόθεσιν
1922 4769 2058 4828 εἶναι
2084 4775 2175 4829 τὸν

504 4851 598 4906 τοῦ
631 4852 764 4906 Θεοῦ
813 4853 998 4922 φόϐον,
1028 4852 1133 4907 κᾶν
1160 4853 1366 4924 ταύτην
1393 4857 1816 4930 προκατιϐάλῃς
1849 4858 1946 4931 τὴν
1997 4862 2171 4930 ῥίζαν,

507 4942 608 4995 οὐκ
649 4943 830 5003 ἄνεσις
870 4941 1050 5012 μόνον,
1095 4942 1217 4995 οὐδὲ
1265 4944 1453 5013 τιμαὶ,
1502 4946 1597 4998 καὶ
1651 4946 1835 5010 δόξαι,
1880 4949 1974 5003 καὶ
2013 4951 2174 5021 θερα.

510 5030 680 5093 πεῖαι,
710 5028 847 5083 ἀλλά
877 5030 972 5083 καὶ
998 5030 1272 5102 ἐπηρείας,
1303 5032 1399 5085 καὶ
1427 5033 1803 5101 συκοφαντίαι,
1841 5038 1934 5089 καὶ
1964 5036 2171 5108 ὕϐρεις,

507 5114 605 5168 καὶ
650 5115 902 5185 ἀτιμίαι,
947 5115 1044 5170 καὶ
1082 5115 1337 5185 βάσανοι,
1381 5120 1476 5172 καὶ
1515 5119 1694 5174 πάντα
1743 5121 1931 5185 ἁπλῶς
1963 5125 2172 5200 χἡδονῆς

509 5217 592 5255 σοι
628 5202 918 5273 βλαστήσει
967 5205 1234 5275 καρπούς.
1265 5207 1376 5259 Kal
1405 5206 1661 5279 καθάπερ
1700 5207 1808 5262 τῶν
1847 5209 2087 5282 δένδρων
2117 5215 2173 5265 αἰ

512 5287 658 5355 ῥίζαι
703 5289 877 5342 αὐταὶ·
920 5290 1017 5360 μέν
1058 5293 1164 5345 είσι
1214 5293 1430 5363 πικραὶ,
1472 5293 1722 5365 ἠδίστους
1767 5296 1824 5348 δέ
1866 5297 1996 5366 ἡμῖν
2047 5300 2174 5364 τοὺς

510 5377 755 5446 καρποὺς
807 5375 1084 5447 φέρουσιν,
1135 5377 1278 5431 οὓτω
1320 5379 1386 5448 δὴ
1433 5380 1530 5433 καὶ
1575 5383 1610 5451 ἠ
1648 5383 1789 5436 κατὰ
1839 5383 1972 5438 Θεὸν
2030 5386 2172 5460 λύπη

508 5462 710 5533 πολλὴν
745 5467 878 5535 ἡμῖν
919 5464 1058 5518 οῐσει
1099 5463 1196 5536 τὴν
1237 5465 1452 5536 ἡδονήν.
1480 5469 1708 5534 Ἶσασιν,
1755 5471 1868 5524 ὅσοι
1916 5473 2174 5540 πολλάκις

513 5549 629 5620 μετ’
654 5550 843 5621 ὀδύνης
881 5550 1116 5622 ηὔξαντο
1159 5552 1497 5624 καὶδάκρυα
1528 5550 1770 5626 ἐξέχεαν,
1805 5557 1980 5631 πόσην
2012 5561 2175 5633 ἐκαρ-

567 5672 598 5739 ξ
620 5669 769 5720 Βονιι.
795 5672 1064 5739 gtguidpm
1089 5675 1170 5723 alii
1193 5675 1334 5739 μηδὲν
1357 5675 1590 5739 ᾠφῶουν,
1609 5676 1711 5739 ἀλλτ
1733 5679 1861 5739 ὅμως
1890 5680 2076 5739 ἔστενον
2112 5686 2174 5735 τὰ

505 5732 718 5798 γινόμεχα
739 5734 819 5798 καὶ
843 5729 1155 5798 ὠλοφύροντο.
1192 5729 1284 5784 Kal
1305 5729 1479 5798 ἑτέροις
1503 5738 1553 5785 δὲ
1574 5729 1798 5787 ἐνεκάλεὶ.
1849 5729 1860 5734 ⁷
1995 5729 2022 5762 λ

735 5795 787 5841 οὐ
811 5789 962 5857 χαίρω
983 5789 1123 5843 τόὒτο
1147 5799 1313 5846 ποιῶν.

565 5855 588 5881 ε
620 5853 848 5914 [Ἶρι-ἰηιιέ
888 5853 1002 5903 ima.
1027 5865 1080 5904 ιιι
1100 5858 1308 5906 ρόὶιηιις.
1334 5857 1486 5908 Savil.
1511 5863 1676 5907 autem
1704 5866 1755 5910 el
1793 5862 1960 5912 Morel.
1989 5863 2045 5912 οὐ
2071 5867 2169 5915 Κύ-

505 5927 602 5972 ριος
629 5919 653 5963 ὀ
677 5916 792 5969 Θεὸς
816 5918 978 5975 βοηθὸς
1000 5917 1161 5966 αὐτοῦ.

1326 383 1386 439 S.
1426 381 1712 441 JOANNIS
1749 376 2229 440 CHRYSOSTOMI
2265 379 2588 445 ARCHILP.
2628 382 3179 441 CONSTANTINOP.

3865 372 3986 427 185'

2305 499 2557 553 πώσαντο
2605 502 2704 572 τὴν
2753 501 3118 573 εὐφροσύνην,
3158 496 3276 564 πῶς
3323 489 3666 572 ἐξεκάθηραν
3695 501 3760 555 τὸ
3790 516 3976 555 συνει-

2292 586 2402 651 δὸς,
2451 587 2569 652 πῶς
2600 589 2742 660 μετά
2789 590 3033 660 χρηστῆς
3060 588 3363 659 ἀνέστησαν
3388 586 3622 652 ἐλπίδος.
3648 587 3829 659 Ὅπερ
3859 588 3974 662 γάρ

2294 674 2382 728 ἀεὶ
2409 675 2575 746 λέγω,
2612 675 2712 748 οὐχ
2739 678 2772 748 ή
2804 677 2912 731 τῶν
2944 676 3288 749 πραγμάτων
3321 675 3505 746 φύσις,
3535 675 3649 730 ἀλλ’
3674 677 3710 748 η
3755 674 3976 730 διάνοια

2293 761 2327 831 ἡ
2382 761 2628 833 ἡμετέρα
2683 762 2873 818 λυπεῖν
2919 763 3067 834 ἡμᾶς
3125 761 3288 816 εἴωθε
3342 763 3438 816 καὶ
3495 762 3828 835 εὐφραίνειν.
3867 764 3973 818 ’Δν

2292 848 2474 902 τοίνυν
2503 849 2709 922 ταύτην
2748 851 3273 922 κατασκευάσωμεν,
3301 851 3420 910 οἵαν
3451 846 3593 905 εἶναι
3623 853 3752 924 χρὴ,
3782 852 3974 925 πάσης

2291 935 2559 1008 εὐθυμίας
2581 935 2609 976 ἀ
2639 938 2892 1011 ἐνέχυρον
2920 937 3117 1009 ἕξομεν
3135 955 3149 969 ·
3175 938 3270 992 καὶ
3290 937 3544 1011 καθάπερ
3575 939 3637 993 τὸ
3674 939 3838 1010 σῶμα
3865 940 3972 1013 οὐχ

2291 1020 2464 1088 οὕτως
2512 1027 2545 1094 ἡ
2590 1024 2699 1079 τῶν
2742 1027 2922 1098 ἀέρων
2952 1025 3115 1095 φύσις
3143 1026 3266 1082 οὐδέ
3305 1027 3363 1079 αἱ
3395 1025 3593 1090 ἔξωθεν
3635 1026 3970 1097 προσϐολαὶ,

2289 1109 2426 1182 ῶςή
2465 1111 2642 1166 οἰκεία
2694 1112 3006 1184 κατασκευὴ
3035 1114 3131 1166 καὶ
3169 1112 3396 1182 βλάπτει
3435 1112 3531 1167 καὶ
3567 1111 3792 1182 ὠφελεῖ,
3819 1111 3973 1168 οῦτω

2291 1196 2388 1251 καὶ
2418 1199 2511 1250 ἐττί⁵
2555 1197 2657 1267 τῆς
2693 1198 2903 1270 ψυχῆς·
2955 1199 3050 1253 καὶ
3101 1197 3282 1269 πολλῷ
3334 1197 3516 1252 πλέον.
3551 1197 3818 1253 Ἐνταῦθα
3866 1199 3973 1271 μὲν

2289 1282 2400 1352 γάρ
2442 1284 2658 1353 φύσεώς
2691 1286 2840 1340 ἐστιν
2862 1285 3101 1358 ἀνάγκη,
3143 1288 3262 1339 ἐκεῖ
3291 1285 3349 1338 δὲ
3376 1286 3440 1338 τὸ
3465 1287 3575 1339 πᾶν
3605 1287 3698 1340 ἐπὶ
3725 1289 3792 1357 τῇ
3825 1302 3970 1359 προ-

2291 1369 2505 1441 αιρέσει
2543 1375 2743 1426 κεῖται.
2775 1372 2876 1427 Διά
2903 1373 3065 1427 τοῦτο
3105 1373 3134 1425 ό
3183 1371 3398 1437 Παῦλος
3449 1372 3623 1444 μυρία
3660 1373 3970 1444 ὑπομείνας

2287 1457 2457 1522 δεινὰ,
2509 1459 2768 1528 ναυάγια,
2826 1459 3118 1531 πολέμους,
3170 1460 3590 1527 ἐπαναστάσεις,
3644 1459 3965 1524 ἐπιϐουλάς,

2287 1544 2502 1616 λῃστῶν
2540 1547 2785 1617 ἐφόδους,
2815 1547 2911 1601 καὶ
2947 1549 3050 1602 ὅσα
3085 1548 3208 1602 οὐδὲ
3243 1547 3737 1620 ἀπαριθμήσασθαι
3775 1547 3859 1602 ἔνι
3884 1547 3970 1618 τῷ

2286 1631 2451 1705 λόγῳ,
2506 1633 2602 1688 καὶ
2660 1633 3067 1707 καθημερινούς
3137 1634 3402 1699 θανάτους
3467 1633 3853 1705 ἀποθνήσκων,
3899 1633 3968 1689 06

2290 1720 2451 1791 μόνον
2480 1721 2582 1776 οὐκ
2612 1720 2768 1793 ηλγει
2803 1721 2925 1776 οὐδὲ
2968 1721 3367 1792 ἐδυσχέραινεν,
3398 1720 3539 1775 ἀλλά
3564 1720 3659 1775 καὶ
3690 1723 3968 1791 ἐκαυχᾶτο

2297 1807 2394 1862 καὶ
2421 1807 2628 1879 ἔχαιρε,
2661 1809 2756 1863 καὶ
2788 1808 2968 1877 λέγει·
3001 1807 3132 1864 Νῦν
3161 1810 3346 1879 χαίρω
3381 1807 3454 1863 ἐν
3486 1806 3612 1874 τοῖς
3646 1807 3970 1878 παθήμασι

2281 1916 2423 1967 μου,
2465 1899 2562 1954 καί
2625 1899 3068 1970 ἀνταναπληρῶ
3112 1903 3188 1955 τὰ
3226 1899 3613 1971 ὑστερήματα
3667 1897 3792 1954 τῶν
3834 1899 3971 1955 θλί-

2285 1989 2452 2055 ψεων
2485 1987 2593 2042 τοῦ
2634 1986 2893 2056 Χριστοῦ
2921 1988 2990 2041 ἐν
3026 1985 3102 2056 τῇ
3130 1988 3312 2056 σαρκί
3342 2003 3494 2057 μου·
3529 1987 3625 2041 καὶ
3654 1985 3851 2042 πάλιν·
3878 1987 3970 2041 οὐ

2279 2074 2474 2142 μόνον
2503 2073 2592 2139 δὲ,
2626 2074 2791 2128 ἀλλὰ
2835 2072 2933 2128 καί
2970 2070 3326 2142 καυχώμεθα
3357 2074 3430 2128 ἐν
3467 2071 3600 2139 ταῖς
3635 2071 3927 2143 θλίψεσιν
3945 2088 3962 2103 ·

2282 2162 2316 2230 ὴ
2349 2159 2405 2213 δὲ
2435 2159 2704 2231 καύχησις
2733 2159 2929 2231 ἡδονῆς
2959 2161 3109 2213 ἐστιν
3141 2160 3413 2224 ἐπίτασις.

2353 2247 2417 2300 δ’.
2449 2247 2547 2300 “Av
2579 2246 2762 2300 τοίνυν
2797 2245 3065 2317 εὐθυμίας
3095 2245 3404 2318 ἐπιθυμῇς,
3443 2246 3520 2320 μὴ
3545 2249 3840 2321 χρήματα,
3886 2248 3968 2325 μὴ

2284 2330 2540 2402 σώματος
2583 2332 2818 2402 ὑγίειαν,
2858 2333 2932 2404 μὴ
2982 2332 3162 2397 δόξαν,
3211 2333 3287 2404 μὴ
3319 2334 3659 2401 δυναστείαν,
3711 2335 3788 2407 μὴ
3823 2352 3965 2408 τρυ-

2284 2419 2413 2490 φὴν,
2453 2419 2530 2490 μὴ
2575 2421 2858 2491 τραπέζας
2913 2419 3255 2488 πολυτελεῖς,
3295 2421 3370 2494 μὴ
3426 2423 3668 2494 σηρικῶν
3728 2423 3966 2494 ἰματίων

2285 2506 2600 2578 περιϐολὰς,
2645 2507 2720 2578 μὴ
2749 2507 3062 2571 πολυτελεῖς
3095 2508 3329 2579 ἀγροὺς,
3375 2508 3451 2580 μὴ
3489 2507 3669 2573 οίκίας
3699 2509 3964 2584 λαμπράς

2281 2594 2378 2648 καὶ
2429 2598 2780 2667 περιφανεῖς,
2830 2595 2965 2668 μηδὲ
3008 2595 3138 2650 ἀλλο
3193 2614 3247 2650 τι
3297 2595 3407 2650 τῶν
3481 2596 3740 2650 τοιούτων
3793 2597 3966 2654 δίωκε

2287 2679 2454 2752 μηδέν
2476 2697 2492 2713 ·
2535 2681 2678 2736 ἀλλὰ
2720 2681 3042 2752 φιλοσοφίαν
3084 2682 3309 2754 μέτελθε
3345 2683 3445 2756 τὴν
3491 2685 3636 2740 κατά
3670 2682 3826 2751 Θεὸν,
3863 2685 3966 2738 καὶ

2281 2768 2487 2839 ἀρετῆς
2525 2768 2821 2823 ἐπιλαϐοῦ·
2861 2771 2954 2824 καὶ
2992 2769 3146 2824 οὐδέν
3191 2787 3252 2823 σε
3292 2771 3353 2823 οὐ
3387 2769 3502 2824 τῶν
3534 2770 3724 2835 όντων,
3754 2770 3819 2824 οὐ
3849 2769 3966 2825 τῶν

2280 2855 2656 2927 ἐλπιζομένων
2705 2856 2945 2926 λυπῆσαι
3011 2857 3337 2928 δυνήσεται·
3374 2857 3429 2910 τί
3477 2858 3620 2927 λέγω
3671 2855 3964 2928 Ion-770m;

2284 2945 2574 3017 προσθήκη
2624 2945 2724 3016 μὲν
2759 2941 2854 2999 οὖν
2897 2943 3091 3016 ἡδονῆς
3127 2962 3210 2999 σοι
3255 2947 3550 3016 γενήσεται
3587 2945 3658 3000 τά
3703 2946 3835 3010 τούς
3864 2944 3966 3001 ἀλ-

2281 3032 2406 3096 λους
2449 3032 2756 3085 λυποῦντα·
2794 3032 2886 3085 καὶ
2941 3033 3048 3106 γὰρ
3093 3032 3394 3104 μάστιγες,
3426 3032 3522 3086 καὶ
3568 3031 3829 3099 θάνατος,
3863 3033 3964 3088 καὶ

2283 3116 2513 3188 ζημίαι,
2545 3119 2643 3172 καὶ
2690 3119 3058 3190 κακηγορίαι,
3105 3120 3290 3173 καὶτὸ
3323 3119 3514 3184 κακῶς
3574 3121 3825 3192 πάσχειν,
3863 3121 3962 3175 καὶ

2282 3207 2463 3258 πάντα
2503 3207 2574 3260 τὰ
2611 3205 2859 3272 τοιαῦτα,
2897 3207 3026 3260 ὅταν
3056 3205 3145 3260 διὰ
3172 3206 3263 3261 τὸν
3291 3206 3426 3261 Θεὸν
3471 3208 3604 3279 ἡμῖν
3638 3207 3957 3280 ἐπάγηται,

2281 3295 2375 3347 καὶ
2401 3293 2606 3364 ταύτην
2636 3293 2735 3364 ἔχῃ
2762 3293 2860 3365 τὴν
2905 3293 3088 3365 ῥίζαν,
3111 3293 3313 3365 πολλὴν
3349 3296 3481 3366 ἡμῖν
3520 3297 3599 3358 εἰς
3633 3294 3734 3366 τὴν
3776 3294 3961 3367 ψυχὴν

2281 3381 2492 3448 εἰσάγει
2517 3379 2618 3451 τὴν
2644 3380 2856 3450 ἡδονήν.

2353 3467 2542 3531 Οὐδεὶς
2595 3467 2706 3538 γὰρ
2758 3468 2906 3537 ἡμᾶς
2939 3467 3160 3532 ἀθλίους
3213 3468 3438 3538 ποιῆσαι
3489 3469 3818 3542 δυνήσεται,
3861 3473 3960 3526 ἐάν

2284 3555 2359 3627 μὴ
2403 3557 2630 3618 ἐαυτούς
2676 3556 3024 3626 ποιήσωμεν·
3062 3555 3251 3625 ὥσπερ
3300 3552 3392 3610 οὖν
3443 3557 3569 3610 οὐδὲ
3615 3559 3953 3630 μακαρίους,

2281 3642 2376 3696 ἐὰν
2425 3641 2500 3714 μὴ
2552 3642 2778 3705 ἑαυτοὺς
2841 3641 3205 3713 ἐργασώμεθά
3230 3681 3244 3706 ,
3305 3643 3444 3714 μετά
3500 3645 3601 3716 τὴν
3673 3645 3767 3699 τοῦ
3819 3646 3958 3702 Θεοῦ

2280 3730 2458 3799 χάριν.
2509 3728 2619 3783 Kal
2667 3729 2755 3780 ἵνα
2796 3727 3024 3799 μάθητε,
3076 3728 3156 3782 ὅτι
3195 3723 3351 3793 οὗτος
3390 3730 3552 3801 μόνος
3601 3731 3722 3785 ἐστὶ
3773 3733 3957 3803 μακάρ

2285 3834 2418 3887 ριος,
2453 3817 2482 3870 6
2526 3814 2864 3885 φοϐούμενος
2909 3815 3003 3868 τὸν
3038 3815 3265 3887 Κύριον,
3309 3818 3411 3870 οὐκ
3458 3818 3567 3875 ἀπὸ
3608 3818 3718 3871 τῶν
3753 3820 3959 3893 παρελ-

2281 3903 2502 3968 θόντων,
2533 3903 2647 3957 ἀλλ’
2672 3903 2782 3956 ἀπὸ
2811 3903 2919 3956 τῶν
2947 3905 3079 3974 ἡμῖν
3108 3903 3435 3975 συμϐάντων
3461 3903 3616 3979 [I87]
3641 3905 3802 3960 τοῦτο
3824 3907 3957 3979 ὑμῖν

2280 3991 2547 4058 ἀποδείξω
2576 3990 2690 4044 νῦν.
2751 3984 3152 4047 Ἐκινδύνευσεν
3177 3993 3308 4062 ἡμῖν
3343 3995 3377 4063 ἠ
3403 3993 3560 4056 πόλις
3585 3994 3958 4066 ἀφανισθῆναι

2280 4079 2467 4143 πᾶσα,
2513 4078 2609 4132 καὶ
2649 4077 2757 4131 τῶν
2793 4078 2892 4148 μὲν
2938 4078 3312 4132 πλουτούντων
3359 4079 3451 4133 καὶ
3503 4081 3819 4151 περιφανῶν
3856 4086 3960 4138 καὶ

2280 4168 2567 4236 ἐπισήμων
2605 4164 2811 4236 ἀνδρῶν
2844 4163 3018 4227 οὐδεὶς
3055 4164 3357 4236 ἐτόλμησεν
3387 4168 3446 4220 ἐν
3476 4166 3556 4239 τῷ
3597 4167 3749 4238 μέσῳ
3779 4169 3957 4241 φανῆ-

2280 4270 2387 4318 ναι,
2412 4251 2548 4306 ἀλλά
2580 4254 2783 4314 πάντες
2812 4251 3016 4319 ἔφυγον
3045 4252 3140 4304 καὶ
3171 4253 3464 4324 ἀπεπήδων
3483 4270 3497 4285 ·
3532 4254 3582 4306 οί
3610 4253 3667 4308 δέ
3692 4255 3786 4309 τὸν
3816 4256 3954 4310 Θεὸν

2281 4340 2641 4410 φοϐούμενοι,
2698 4340 2747 4391 οἰ
2799 4339 2857 4389 ἐν
2921 4339 3305 4410 μοναστηρίοις
3362 4339 3766 4410 διατρίϐοντες,
3804 4338 3953 4398 οῦτοι

2283 4425 2423 4496 μετὰ
2477 4425 2680 4496 πολλῆς
2735 4425 2834 4496 τῆς
2889 4426 3204 4498 παρρησίας
3272 4427 3717 4500 καταδραμόντες
3769 4432 3954 4486 πάντα

2279 4516 2494 4584 ἔλυσαν,
2526 4515 2619 4568 καὶ
2644 4513 2898 4580 τοσοῦτον
2927 4515 3164 4586 ἀπέσχον
3197 4515 3397 4579 αὐτοὺς
3433 4517 3667 4586 φοϐῆσαι
3725 4519 3820 4571 καὶ
3869 4521 3952 4582 είς

2279 4603 2518 4671 ἀγωνίαν
2565 4603 2821 4674 ἐμϐαλεῖν
2857 4604 2926 4656 τά
2975 4604 3257 4680 συμϐάντα
3293 4603 3439 4656 δεινά
3485 4605 3577 4656 καὶ
3614 4605 3671 4656 αἱ
3721 4606 3952 4675 προσδο-

2280 4691 2521 4762 κώμεναι
2554 4690 2807 4756 ἀπειλαὶ,
2837 4692 2920 4742 ὅτι
2962 4691 3151 4762 πόρῤω
3191 4690 3486 4762 καθήμενοι
3519 4691 3618 4762 τῆς
3661 4694 3951 4764 συμφορᾶς

2279 4777 2373 4832 κκί
2412 4778 2564 4830 οὐδὲν
2605 4777 2782 4838 κοινὸν
2810 4777 3046 4847 ἔχοντες,
3079 4777 3298 4841 έκὸντες
3339 4777 3567 4840 ἐαυτούς
3597 4778 3829 4849 ἐρῤιψαν
3869 4781 3950 4842 είς

2284 4867 2457 4938 μέσην
2502 4865 2602 4936 τὴν
2651 4864 2851 4935 πυρὰν,
2894 4866 2988 4919 καὶ
3036 4865 3242 4929 πάντας
3304 4865 3586 4931 ἐξείλοντο,
3614 4865 3772 4918 καὶὸ
3815 4869 3951 4920 πᾶσι

2280 4955 2428 5008 δοκεῖ
2461 4951 2691 5024 φοϐερὸν
2727 4948 2867 5006 εἶναι
2905 4954 3000 5005 καὶ
3049 4952 3354 5022 φρικῶδες,
3401 4953 3427 5004 6
3477 4953 3740 5018 θάνατος,
3788 4954 3951 5007 τοῦτο

2279 5037 2425 5097 οῦτοι
2457 5040 2594 5111 μετὰ
2623 5041 2803 5111 πάσης
2832 5039 3146 5105 ἀνεδέξαντο
3177 5041 3276 5109 τῆς
3315 5038 3622 5111 προθυμίας
3645 5059 3659 5071 ·
3690 5041 3787 5094 καὶ
3810 5039 3950 5112 μετά

2281 5131 2529 5192 πλείονος
2594 5129 2814 5199 ἔτρεχον
2855 5129 2947 5180 ἐπὶ
2973 5127 3036 5180 τὸ
3071 5129 3303 5198 πρᾶγμα
3347 5127 3563 5198 ἡδονῆς,
3592 5127 3626 5198 ἢ
3657 5126 3742 5180 ἐπ’
3773 5129 3948 5200 ἀρχάς

2279 5218 2458 5287 ἐτεροι
2490 5218 2584 5269 καὶ
2610 5217 2801 5286 τιμάς·
2857 5215 3052 5286 ᾔδεσαν
3091 5215 3200 5285 γάρ
3230 5216 3310 5268 ὅτι
3345 5215 3580 5287 μεγίστη
3610 5215 3769 5269 τοῦτο
3803 5217 3952 5288 ἀρχὴ

2280 5307 2374 5359 καὶ
2403 5305 2559 5375 τιμὴ,
2587 5305 2680 5357 καὶ
2712 5304 2778 5356 δι’
2818 5302 3000 5356 αὐτῶν
3037 5303 3148 5356 τῶν
3187 5302 3369 5375 ἔργων
3403 5303 3635 5369 ἔδειξαν,
3673 5305 3755 5358 ὅτι
3793 5300 3950 5369 οὗτος

2283 5395 2444 5463 μόνος
2483 5392 2751 5464 μακάριός
2783 5394 2932 5448 ἐστιν
2957 5396 2986 5447 ό
3031 5393 3366 5462 φιλοσοφίας·
3397 5392 3804 5464 ἐπειλημμένος
3847 5392 3950 5462 τῆς

2279 5484 2414 5547 ἀνω,
2451 5483 2545 5536 καί
2597 5482 2902 5554 μεταϐολὴν
2944 5482 3201 5554 οὐδεμίαν
3247 5483 3484 5553 δέχεται,
3533 5483 3655 5536 οὐδὲ
3697 5483 3832 5554 δυση
3843 5497 3941 5552 μεο

2281 5572 2404 5643 ρίαν
2438 5560 2694 5641 ὐπομένει
2743 5570 2898 5635 τινά,
2945 5570 3082 5624 ἀλλὰ
3132 5570 3412 5641 διηνεκοῦς
3460 5567 3758 5644 εὐημερίας
3811 5573 3949 5626 ἀπο-

2279 5657 2456 5720 λαύει,
2495 5655 2589 5710 καὶ
2623 5657 2839 5711 πάντων
2879 5657 3154 5730 καταγελᾷ
3185 5658 3294 5712 τῶν
3337 5658 3640 5713 δοκούντων
3669 5655 3809 5712 εἶναι
3853 5658 3948 5712 λυ⁴

2284 5742 2495 5816 πηρῶν.
2537 5743 2651 5796 Νῦν
2683 5743 2812 5813 γοῦν
2841 5744 2891 5798 οί
2937 5746 3035 5818 μέν
3068 5747 3126 5803 ἐν
3162 5747 3502 5810 δυναστείαις
3535 5745 3743 5818 ἀθυμία
3777 5744 3948 5821 πολλῆ

2341 5927 2365 5966 ἆ
2382 5928 2480 5980 Alii
2499 5928 2655 5987 πάσης
2679 5928 2875 5986 εὐνοίας.
