4232 6320
242 408 345 463 185

243 523 508 592 profueris
528 565 545 587 ,
585 524 869 577 maximam
892 522 1059 576 habes
1086 520 1407 574 mercedem.
1446 517 1511 572 Et
1539 527 1596 571 ut
1620 516 1794 577 discas
1816 558 1832 583 ,

240 616 385 687 quod
413 616 484 670 de
528 615 693 685 lapsis
729 614 960 677 tristari,
990 614 1090 667 etsi
1122 612 1253 665 nihil
1303 625 1621 686 prosumus,
1662 611 1833 665 maxi-

241 722 386 761 mam
444 705 598 759 nobis
650 703 1056 757 retributionem
1100 702 1285 764 affert,
1318 701 1443 754 audi
1498 700 1832 754 Ezechielem

238 796 542 857 dicentem,
588 796 696 847 imo
749 808 875 847 vere
923 792 1090 847 Deum
1149 807 1243 860 per
1280 791 1451 860 ipsum
1505 790 1832 859 loquentem.

240 886 531 954 Postquam
585 883 726 939 cnim
776 883 922 937 misit
963 883 1226 951 quosdam
1285 882 1352 936 ad
1417 881 1832 936 subvertendum

238 976 428 1029 urbem
447 1018 462 1037 ,
490 984 545 1030 et
569 974 715 1029 ferro
741 984 795 1029 et
820 974 924 1043 igni
954 973 1376 1028 consumendum
1408 972 1628 1026 aedilicia
1657 972 1832 1026 omnia

237 1082 364 1119 cum
393 1066 778 1120 habitatoribus
806 1065 933 1134 ipsis
958 1107 971 1127 ,
995 1065 1223 1132 imperat
1254 1064 1464 1117 cuidam
1492 1062 1569 1116 sic
1606 1061 1792 1117 dicens
1816 1077 1829 1115 :

242 1156 321 1209 Da
361 1157 561 1227 signant
602 1158 656 1209 in
697 1156 827 1225 facie
864 1157 1086 1208 virorum
1130 1155 1432 1224 gementium
1470 1162 1516 1207 et
1560 1154 1833 1207 dolentium

242 1246 455 1319 (Ezeclt.
490 1249 543 1301 9.
574 1245 650 1316 4).
682 1248 749 1301 Et
775 1261 895 1300 cum
936 1245 1055 1298 aliis
1094 1246 1439 1313 imperasset,
1470 1254 1522 1296 et
1565 1244 1787 1299 dixisset
1816 1262 1832 1298 :

236 1339 281 1390 A
324 1339 513 1392 sanctis
554 1339 676 1390 meis
722 1338 930 1406 incipite
957 1352 976 1390 :
1004 1337 1180 1390 intulit
1222 1337 1447 1390 dicens:
1488 1336 1662 1404 Supra
1710 1351 1835 1405 quos

237 1438 405 1482 autem
432 1438 501 1483 est
527 1429 747 1498 signant,
780 1445 843 1480 ne
880 1429 1017 1497 ipsos
1045 1428 1235 1497 tangite
1266 1427 1370 1496 (Ib.
1403 1443 1450 1480 υ.
1475 1425 1553 1497 ϐ).
1586 1427 1718 1495 Qua,
1747 1427 1835 1481 dic

238 1519 371 1573 mihi
399 1560 414 1582 ,
439 1519 636 1573 causa?
660 1517 921 1585 Quoniam
952 1518 1052 1571 etsi
1084 1518 1213 1571 nihil
1247 1527 1504 1585 prosunt,
1536 1526 1711 1570 tamen
1742 1532 1835 1585 ge-

240 1604 400 1665 munt
422 1627 540 1679 qua:
564 1618 823 1679 geruntur
850 1617 904 1664 et
929 1608 1228 1676 deplorant.
1264 1608 1330 1662 Et
1359 1608 1491 1662 alios
1523 1622 1709 1661 rursus
1738 1622 1832 1659 ac-

237 1710 388 1755 cusat
415 1741 429 1763 ,
460 1700 681 1757 dicens:
714 1700 899 1755 Ventri
942 1708 997 1753 et
1042 1698 1251 1753 deliciis
1291 1707 1560 1762 vacantes,
1591 1708 1645 1751 et
1671 1699 1833 1751 multa

239 1794 505 1860 patientes
545 1793 789 1847 libertate
809 1832 825 1857 ,
850 1792 1094 1847 videntes
1119 1791 1334 1845 Judznos
1384 1791 1436 1843 in
1467 1790 1830 1858 captivitatem

237 1886 451 1948 deduci,
482 1900 589 1937 non
619 1883 920 1944 doluerunt.
947 1897 1051 1936 non
1081 1882 1367 1949 participes
1396 1882 1542 1934 fuere
1565 1881 1790 1934 tristitia:
1816 1898 1831 1935 :

238 1988 294 2030 et
318 1976 460 2045 ipsos
488 1990 749 2030 accuSans
793 1977 905 2029 ait:
939 1973 1091 2028 Nihil
1115 1974 1253 2044 passi
1280 1983 1396 2027 sunt
1439 1974 1493 2026 in
1532 1975 1830 2027 contritione

236 2065 430 2135 ἐσιερὴ
478 2066 700 2133 (Amos.
734 2064 789 2119 6.
832 2064 938 2134 6),
998 2065 1197 2132 Joseph
1245 2062 1521 2132 appellans
1576 2064 1831 2131 populum

237 2170 473 2209 omnem.
503 2154 572 2209 Et
611 2171 821 2208 rursum
856 2172 870 2207 :
912 2154 1033 2207 Non
1069 2155 1187 2207 exiit
1234 2169 1348 2218 qua;
1389 2154 1579 2206 habitat
1610 2152 1790 2206 .Enan
1812 2195 1828 2221 ,

241 2247 481 2315 plangere
508 2246 710 2299 domum
738 2260 845 2298 sum
864 2246 1187 2314 conjunctam
1214 2242 1396 2313 (Mich.
1425 2240 1601 2314 1.11).
1630 2243 1831 2310 Quam-

239 2336 319 2389 vis
359 2336 502 2389 enim
548 2336 690 2403 juste
720 2334 1004 2402 puniantur
1028 2375 1042 2396 ,
1073 2333 1186 2385 vult
1213 2334 1350 2386 Deus
1382 2347 1478 2385 nos
1506 2332 1828 2399 condolere,

240 2440 347 2479 non
397 2433 575 2478 autem
604 2424 837 2494 gaudere
884 2432 938 2475 ct
981 2423 1259 2476 insultare.
1288 2422 1342 2477 Si
1386 2422 1562 2485 enim,
1594 2424 1698 2487 ait,
1732 2437 1832 2492 ego

240 2517 468 2587 puniens
498 2530 601 2569 non
634 2516 789 2570 hctus
819 2514 917 2568 hoc
944 2513 1107 2580 facio,
1136 2530 1235 2569 nec
1266 2516 1319 2567 in
1348 2514 1583 2583 ipsorum
1625 2514 1828 2569 ultione

239 2609 481 2662 delector
524 2606 671 2676 (Non
716 2608 856 2662 enim
884 2609 1136 2661 voluntate
1166 2608 1276 2661 volo
1302 2617 1511 2661 mortem
1558 2608 1832 2677 peccatoris

160 2707 175 2723 κ
241 2696 452 2769 [EzecIu
474 2701 560 2754 18.
590 2698 711 2771 25])
736 2717 751 2765 ;
781 2708 990 2769 oportet
1018 2709 1072 2753 et
1102 2708 1154 2753 te
1194 2700 1474 2753 Dominum
1519 2700 1750 2766 imitari,
1777 2709 1832 2754 et

242 2801 523 2859 propterea
573 2792 796 2861 lugere,
826 2792 1073 2859 quoniam
1129 2801 1377 2861 peccator
1416 2791 1572 2860 justa:
1616 2793 1831 2849 ultionis

241 2883 518 2937 materiam
543 2883 770 2951 praebuit
793 2892 846 2937 ct
867 2883 1223 2937 occasionem.
1252 2882 1428 2951 Itaque
1455 2882 1498 2937 si
1522 2883 1641 2951 quis
1669 2884 1828 2937 etiam

240 2975 533 3029 secundum
580 2976 745 3031 Deum
775 2976 1013 3029 tristctur
1037 3015 1052 3039 ,
1082 2991 1324 3045 magnam
1352 2976 1473 3030 inde
1504 2976 1667 3030 sumit
1692 2976 1833 3031 utili-

243 3077 429 3121 tatem.
451 3066 585 3120 Cum
622 3066 783 3135 igitur
807 3066 1070 3119 beatiores
1105 3067 1211 3120 sint
1241 3066 1486 3135 ﬂagellati
1514 3066 1831 3136 ﬂagellanti-

249 3157 386 3223 bus,
411 3166 465 3211 et
488 3157 582 3227 qui
621 3157 760 3226 apud
804 3172 900 3211 nos
942 3156 1267 3226 afﬂiguntur,
1301 3160 1500 3212 exteris
1554 3159 1741 3227 positis
1776 3158 1828 3212 in

242 3250 590 3311 remissione,
618 3258 671 3301 et
696 3248 936 3303 dolentes
959 3249 1312 3319 gaudentibus
1342 3268 1356 3303 :
1387 3265 1506 3319 qua:
1537 3251 1694 3303 nobis
1718 3266 1831 3303 am-

242 3339 384 3406 plius
425 3338 530 3393 erit
590 3338 940 3392 tribulationis
985 3340 1238 3393 occasio?
1282 3340 1569 3407 PrOpterea
1616 3340 1828 3395 beatum

243 3427 427 3482 haberi
468 3429 718 3483 convenit
756 3430 1057 3495 neminem,
1086 3430 1517 3484 nisisecundum
1547 3432 1712 3487 Deum
1750 3435 1828 3486 vi.

241 3528 457 3573 ventem
490 3520 682 3573 solum.
708 3519 817 3573 Hos
832 3536 1044 3589 quoque
1072 3521 1216 3575 solos
1247 3522 1518 3591 Scriptum
1538 3523 1719 3577 beatos
1741 3539 1831 3577 vo-

242 3621 365 3664 cat:
390 3609 562 3678 inquit
594 3611 733 3663 enim
760 3627 773 3663 :
801 3609 987 3664 Beatus
1018 3613 1109 3677 vir,
1141 3614 1227 3681 qui
1252 3627 1351 3665 non
1381 3612 1499 3664 abiit
1542 3608 1831 3667 in'consilio

241 3700 515 3769 impiorum
546 3700 715 3773 (Psal.
743 3703 794 3755 I.
830 3704 881 3770 l)
912 3722 922 3754 :
956 3702 1138 3756 Beatus
1163 3720 1309 3774 quem
1337 3714 1389 3756 tu
1422 3706 1683 3771 erudieris,
1723 3706 1827 3760 Do-

242 3794 398 3852 mine,
430 3804 477 3844 et
502 3793 564 3844 de
587 3793 694 3859 lege
719 3803 806 3844 tua
829 3794 1059 3845 docueris
1089 3811 1197 3846 eum
1219 3810 1236 3847 :
1257 3792 1399 3846 Beati
1438 3798 1751 3849 immaculati
1778 3798 1830 3850 in

239 3882 322 3934 ria
341 3898 362 3935 :
393 3880 539 3935 Beati
566 3898 737 3934 omnes
765 3884 850 3951 qui
884 3885 1144 3951 conﬁdunt
1178 3887 1229 3937 in
1270 3901 1369 3939 eo:
1398 3884 1584 3939 Beatus
1615 3889 1830 3957 populus

241 3974 392 4044 cujus
420 3973 668 4027 Dominus
693 3972 832 4027 Deus
861 3978 970 4044 ejus
998 3976 1015 4006 ¹
1042 3975 1208 4045 (Psal.
1242 3978 1329 4032 93.
1354 3978 1439 4031 12.
1472 3988 1517 4031 et
1554 3981 1676 4033 118.
1707 3981 1755 4033 1.
1783 3990 1831 4033 et

241 4064 297 4116 2.
350 4065 439 4117 15.
482 4075 528 4116 et
570 4064 656 4118 '52.
709 4065 815 4133 12)
848 4084 860 4119 :
893 4064 1078 4119 Beatus
1128 4084 1273 4130 quem
1324 4084 1428 4121 non
1481 4070 1831 4123 condemnavit

243 4154 416 4206 anima
444 4155 553 4222 ejus
583 4152 767 4223 (Eccli.
800 4156 885 4209 14.
905 4155 959 4225 2)
993 4155 1215 4229 :Beatns
1246 4159 1339 4221 vir,
1367 4159 1453 4226 qui
1490 4161 1625 4213 timet
1651 4159 1831 4215 Domi-

243 4259 365 4295 num
397 4243 563 4311 (Psal.
586 4246 704 4310 111.
734 4245 802 4314 1).
834 4245 897 4299 Et
928 4262 1135 4299 rursum
1158 4249 1235 4301 sic
1258 4248 1500 4302 Christus
1526 4269 1537 4302 :
1573 4249 1717 4304 Beati
1744 4253 1831 4321 qui

242 4336 452 4404 lugent,
482 4335 611 4389 beati
643 4336 887 4399 humiles,
919 4338 1044 4390 beati
1068 4338 1210 4391 mites
1229 4378 1244 4404 ,
1278 4340 1408 4393 beati
1436 4342 1637 4410 paci/ici
1656 4384 1669 4405 ,
1701 4343 1829 4396 beati

240 4424 328 4492 qui
355 4427 786 4493 persequutionem
817 4428 1078 4495 patiuntur
1103 4441 1307 4498 prapter
1320 4432 1577 4501 justitiam
1606 4433 1826 4503 (Matth.

240 4514 295 4565 5.
321 4513 502 4583 5-10).
538 4513 698 4569 Vides
723 4518 989 4585 quomodo
1017 4519 1203 4573 nullibi
1229 4520 1449 4575 divitum
1480 4538 1828 4595 quemquam,

215 4619 350 4687 Inoo
372 4618 715 4673 generosum,
738 4623 843 4661 non
866 4608 1031 4676 gloria
1063 4610 1286 4678 potitum
1311 4612 1613 4668 beatificant
1638 4616 1829 4672 divina:

242 4694 392 4763 leges
410 4733 425 4758 ,
452 4693 547 4749 sed
577 4695 826 4750 virtutem
857 4705 1059 4751 tantum
1101 4713 1445 4770 assequutum
1471 4702 1495 4755 ?
1522 4702 1670 4770 Quod
1695 4722 1831 4775 quae-

241 4788 379 4839 ritur
420 4784 561 4839 enim
586 4827 602 4851 ,
644 4786 695 4840 in
722 4787 969 4842 omnibus
992 4790 1013 4854 ζ
1041 4805 1159 4859 qua:
1200 4790 1422 4847 facimus
1452 4794 1535 4848 vel
1564 4797 1790 4863 patimur
1810 4838 1824 4861 ,

240 4876 336 4931 Dei
367 4875 611 4930 timorem
638 4891 759 4932 esse
781 4879 1031 4964 convenit
1053 4920 1069 4942 ,
1094 4892 1147 4934 et
1175 4883 1220 4935 si
1264 4882 1400 4937 hanc
1427 4888 1723 4954 prmmittas
1752 4903 1843 4943 ra»

241 4971 418 5022 dicem
448 4982 598 5034 ,‘non
643 4970 890 5025 remissio
941 4981 1143 5027 tantum
1169 5015 1183 5038 ,
1217 4992 1315 5030 nec
1363 4972 1594 5033 honores
1618 5020 1630 5043 ,
1660 4995 1831 5051 neque

239 5062 411 5131 gloria
460 5073 621 5133 atque
673 5065 1004 5133 ministeria,
1046 5083 1232 5123 verum
1278 5080 1333 5123 et
1375 5070 1738 5127 ἱηῐυειειιὶοιιθδ
1779 5086 1831 5128 et

238 5155 547 5219 calumniaz,
566 5164 623 5208 et
645 5158 1003 5225 contumeliae,
1027 5168 1083 5212 et
1102 5160 1424 5227 ignominim,
1454 5171 1508 5216 et
1541 5175 1826 5230 tormenta,

239 5256 293 5298 et
318 5246 501 5298 omnia
531 5247 851 5316 generaliter
876 5250 1159 5319 voluptatis
1187 5251 1389 5307 fructus
1427 5255 1519 5308 tibi
1565 5258 1831 5325 germina-

242 5338 393 5392 hunt.
428 5337 495 5391 Et
540 5340 677 5393 sicut
717 5342 965 5396 arborum
1016 5344 1255 5410 radices,
1287 5346 1415 5415 ipsa:
1466 5350 1678 5418 quidem
1708 5361 1830 5406 sunt

241 5446 470 5491 amara.
497 5432 913 5498 jucundissimos
956 5447 1132 5490 autem
1168 5440 1320 5492 nobis
1361 5441 1560 5497 fructus
1607 5442 1826 5499 ferunt:

241 5520 317 5576 sic
339 5520 578 5590 profecto
605 5533 658 5577 et
676 5525 965 5579 secundum
998 5528 1160 5581 Deum
1193 5530 1402 5584 tristitia
1434 5532 1652 5587 inultam
1678 5536 1829 5592 nobis

244 5612 430 5667 afferet
458 5614 804 5682 voluptatem.
829 5615 1029 5671 Norunt
1068 5620 1386 5691 quicumque
1414 5636 1556 5693 sarpe
1584 5640 1704 5679 cum
1733 5626 1829 5681 do-

302 5746 323 5814 _‘
358 5745 430 5795 sic
454 5757 667 5817 maxima
677 5759 796 5817 pars
817 5754 922 5797 Mss.
948 5750 1087 5799 savil.
1114 5761 1279 5803 autem
1296 5762 1349 5804 et
1372 5753 1516 5804 Morel
1541 5796 1554 5815 ,
1575 5762 1717 5817 citius
1740 5768 1825 5811 no-

246 5807 396 5858 Int'tuts
418 5807 617 5867 adjnwr
640 5807 761 5865 eius.

577 5891 847 5953 Ριιτιιοι..
898 5896 1011 5956 Gn‘.
1059 5895 1117 5955 Χ
1132 5894 1289 5957 [ιη.

1175 407 1261 461 AI)
1301 403 1623 461 POPUI.U.\I
1664 403 2154 459 ANTIOCIIENUM
2217 404 2446 460 IIOMIL.
2490 401 2674 458 XVIII.

3434 407 3531 460 186

1952 517 2065 572 lore
2090 525 2377 572 oraverunt
2402 525 2455 572 et
2474 516 2736 587 lacrymas
2768 513 3071 570 effuderunt
3092 557 3106 580 ,
3134 526 3384 585 quantam
3426 518 3535 572 sint

1942 607 2130 661 lucrati
2162 606 2418 672 laetitiam,
2442 604 2714 673 quomodo
2747 605 3134 661 conscientiam
3165 607 3530 676 expurgarint,

1938 696 2208 766 quomodo
2253 696 2657 752 exsurrexerint
2705 710 2826 750 cum
2858 696 2994 750 bona
3025 710 3125 766 spe
3156 712 3170 726 ο
3201 696 3341 765 quod
3386 698 3529 777 enim

1937 803 2150 859 semper
2174 788 2314 854 dico,
2344 804 2451 842 non
2480 804 2659 843 rerum
2684 798 2896 853 natura,
2924 789 3017 841 sed
3047 803 3197 841 mons
3226 798 3405 844 nostra
3435 802 3565 843 tum"

1936 882 2258 936 contristare
2312 882 2397 935 vel
2435 880 2710 937 laetificari:
2744 882 3042 935 consuevit.
3074 880 3131 935 Si
3179 879 3343 949 igitur
3393 884 3529 934 hanc
3570 919 3573 922 ‹

1938 970 2097 1024 talem
2148 971 2454 1035 reddamus,
2484 972 2695 1039 qualem
2744 985 2864 1027 esse
2902 971 3074 1038 decet,
3117 972 3292 1025 omnis
3335 971 3534 1026 lautitia:

1937 1060 2127 1129 pignus
2156 1060 2470 1117 habebimus
2502 1080 2515 1116 :
2560 1070 2613 1116 et
2635 1062 2775 1116 sicut
2800 1076 2997 1132 corpus
3026 1078 3133 1116 non
3164 1070 3366 1115 tantum
3392 1064 3534 1116 aeris

1940 1162 2128 1205 natura
2160 1157 2249 1205 aut
2270 1154 2563 1207 exteriores
2593 1153 2859 1220 incursus,
2894 1165 3152 1224 quantum
3184 1154 3534 1226 proliria‘diso
3562 1162 3563 1165 ‘

1939 1245 2132 1314 positio
2156 1255 2211 1299 et
2240 1245 2387 1298 laedit
2414 1255 2467 1299 et
2496 1246 2713 1313 adjuvat
2744 1263 2757 1298 :
2787 1247 2862 1300 sic
2888 1256 2943 1301 et
2971 1248 3022 1299 in
3050 1246 3249 1311 anima,
3279 1256 3334 1301 ct
3359 1246 3532 1301 multo

1938 1336 2122 1405 magis.
2158 1335 2255 1390 Hic
2293 1340 2491 1390 etenim
2536 1347 2741 1392 naturze
2780 1348 2863 1392 est
2892 1339 3183 1394 necessitas
3208 1380 3223 1401 ,
3254 1338 3361 1392 illic
3406 1355 3533 1391 vero

1940 1434 2107 1479 totum
2155 1428 2207 1479 in
2238 1426 2509 1481 voluntate
2546 1427 2706 1487 situm
2756 1439 2859 1481 est.
2890 1429 3182 1497 Propterea
3214 1430 3407 1483 Paulus
3454 1430 3538 1482 in-

1938 1529 2159 1567 numera
2191 1530 2378 1583 passus
2408 1517 2542 1570 mala
2562 1557 2579 1583 ,
2614 1517 2885 1587 naufragia
2907 1559 2920 1581 ,
2954 1520 3090 1574 bella
3112 1561 3127 1591 ,
3160 1521 3527 1589 persequutio-

1940 1619 2033 1658 nes
2053 1645 2067 1668 ,
2097 1605 2313 1660 insidias
2333 1649 2348 1673 ,
2381 1607 2645 1662 latronmn
2684 1609 2947 1674 incursus,
2982 1622 3036 1665 et
3056 1627 3406 1683 qtuecumque
3435 1630 3535 1667 nec

1938 1696 2179 1750 oratione
2228 1712 2511 1753 numerare
2560 1699 2715 1765 licet,
2747 1712 2798 1754 ct
2833 1701 3071 1770 quotidie
3114 1703 3353 1757 moriens
3377 1745 3391 1769 ,
3426 1719 3533 1758 nou

1938 1794 2142 1838 tantum
2176 1803 2281 1840 non
2307 1787 2523 1843 dolebat
2549 1804 2648 1844 nec
2676 1790 3047 1859 indignabatur
3070 1832 3086 1856 ,
3115 1808 3301 1846 verum
3336 1802 3391 1848 et
3428 1795 3536 1858 glo-

1938 1877 2177 1931 riabatur
2222 1887 2276 1932 et
2322 1880 2629 1946 gaudebat,
2660 1881 2977 1951 dicebatque
3008 1900 3021 1935 :
3055 1880 3209 1936 Nunc
3252 1884 3450 1952 gaudeo
3482 1885 3535 1936 in

1936 1966 2251 2035 passionibus
2270 1970 2411 2032 meis,
2434 1978 2478 2023 et
2498 1971 2709 2039 suppleo
2730 1972 3356 2041 defectus'tribulutionum
3380 1972 3531 2029 Citri—

1937 2057 2001 2110 sti
2028 2058 2080 2110 in
2108 2074 2262 2112 carne
2288 2076 2397 2112 mea
2428 2059 2644 2130 (Coloss.
2678 2062 2729 2115 1.
2752 2061 2867 2131 Ξι).
2907 2063 2973 2116 Et
2994 2064 3185 2117 iterum
3220 2083 3233 2118 :
3266 2062 3386 2118 Non
3413 2075 3532 2118 tan-

1939 2161 2044 2203 tum
2065 2162 2251 2218 autem,
2276 2168 2446 2206 verum
2472 2164 2517 2208 et
2542 2155 2825 2224 gloriantur
2843 2156 2894 2208 in
2916 2156 3323 2210 tribulationibus
3349 2156 3533 2225 (Rom.

1936 2242 1990 2298 5.
2025 2244 2059 2298 '5
2079 2240 2117 2315 ).
2144 2243 2402 2299 Gloriatio
2428 2260 2553 2299 vero
2584 2246 2871 2315 voluptatis
2893 2254 2975 2300 est
2996 2246 3242 2301 intentio.
3358 2307 3371 2320 .

2008 2332 2063 2386 4.
2102 2333 2156 2389 Si
2174 2333 2408 2388 lmtitiam
2431 2335 2607 2403 itaque
2632 2336 2801 2404 cupis,
2824 2351 2928 2389 non
2963 2338 3233 2405 pecunias,
3264 2351 3369 2390 non
3394 2350 3519 2390 cor-

1939 2423 2088 2490 poris
2115 2425 2394 2478 sanitatem
2418 2465 2432 2489 ,
2457 2440 2564 2479 non
2599 2426 2825 2495 gloriam
2848 2467 2864 2491 ,
2902 2441 3008 2481 non
3048 2420 3336 2494 potent-iam
3358 2468 3374 2493 ,
3426 2443 3531 2479 non

1936 2512 2179 2581 delicias,
2208 2529 2314 2569 non
2352 2516 2524 2569 lautas
2550 2531 2763 2571 mensas
2782 2557 2797 2580 ,
2825 2532 2933 2593 non
2965 2518 3257 2572 sericarum
3304 2519 3531 2572 vestium

1937 2607 2166 2661 amictus
2229 2623 2441 2677 quaeras
2493 2625 2506 2661 :
2556 2623 2664 2663 non
2731 2609 2993 2678 pretiosos
3050 2624 3207 2678 agros
3273 2608 3529 2664 domosvo

1936 2697 2241 2766 Splendidas
2264 2707 2318 2753 et
2346 2699 2601 2765 illustres,
2625 2708 2717 2755 aut
2745 2701 2889 2755 aliud
2920 2701 3223 2770 hujnsmodi
3241 2700 3530 2770 quidquam

1937 2797 2178 2854 sectare;
2210 2790 2305 2844 sed
2334 2790 2722 2859 philosophiam
2742 2833 2757 2855 ,
2787 2807 2905 2862 quae
2928 2801 3011 2848 est
3028 2792 3319 2847 secundum
3344 2792 3533 2859 Detnn,

1937 2894 2148 2946 exerce,
2177 2881 2519 2950 apprehende
2550 2884 2798 2939 virtutem
2820 2925 2834 2948 ,
2876 2894 2930 2938 et
2960 2885 3030 2937 nil
3053 2900 3237 2939 eorum
3267 2901 3385 2953 qu-c
3411 2897 3536 2938 sunt

1936 2980 2027 3023 aut
2066 2982 2479 3044 exspectantur,
2511 2981 2565 3028 te
2608 2975 2807 3043 poterit
2846 2976 3212 3030 contristare:
3244 2976 3368 3045 quid
3412 2978 3533 3031 dico

1937 3062 2302 3117 contristare?
2339 3065 2446 3118 imo
2478 3066 2720 3119 accessio
2750 3067 2842 3119 tibi
2873 3068 3163 3137 voluptatis
3210 3078 3368 3122 erunt
3412 3085 3531 3138 qua:

1935 3152 2069 3205 alios
2098 3155 2418 3209 coutristant
2452 3175 2464 3208 :
2494 3157 2693 3210 etenim
2723 3156 2926 3226 ﬂagella
2951 3197 2965 3221 ,
2999 3167 3200 3211 mortes
3227 3200 3241 3220 ,
3276 3159 3490 3213 mulcta:
3510 3197 3529 3225 ,

1936 3238 2303 3297 aecusationes
2323 3284 2339 3309 ,
2386 3260 2661 3313 terumnzc,
2695 3256 2747 3300 et
2776 3246 2953 3301 omnia
2989 3249 3132 3313 talia,
3164 3263 3284 3302 cum
3315 3259 3535 3318 propter

1908 3322 2105 3387 'Deum
2154 3333 2308 3387 nobis
2360 3334 2673 3402 inferantur,
2719 3346 2772 3389 et
2819 3336 2957 3390 hanc
3001 3338 3230 3419 habeant
3272 3339 3529 3404 radicem,

1936 3423 2157 3476 multam
2189 3424 2344 3479 nobis
2371 3427 2423 3478 in
2450 3426 2681 3480 animam
2711 3427 2970 3482 inducunt
2993 3429 3341 3498 voluptatem.

2009 3515 2175 3569 Nemo
2195 3534 2285 3571 nos
2303 3511 2508 3572 miseros
2525 3522 2648 3590 facit
2675 3520 2771 3573 nisi
2782 3536 2872 3574 nos
2890 3522 3193 3588 ipst.-—-Nos
3209 3524 3350 3578 enim
3371 3524 3534 3578 mise~

1936 3622 2026 3661 ros
2045 3608 2217 3664 facere
2236 3610 2425 3678 poterit
2448 3626 2626 3675 nemo,
2650 3613 2749 3666 nisi
2784 3627 2879 3667 nos
2906 3615 3048 3681 ipsos
3079 3614 3367 3670 faciamus:
3391 3618 3532 3672 sicut

1909 3699 2139 3753 scilicet
2180 3717 2350 3771 neque
2388 3702 2593 3770 beatos,
2638 3706 2737 3758 nisi
2780 3721 2879 3760 nos
2906 3706 3232 3775 efficiamus,
3272 3720 3389 3778 post
3426 3711 3523 3765 Dei

1936 3793 2180 3859 gratiam.
2214 3792 2387 3863 thue
2416 3795 2634 3850 discatis
2664 3811 2785 3851 eum
2808 3798 2982 3853 solum
3008 3812 3129 3855 esse
3158 3799 3373 3873 beatum
3394 3842 3409 3868 ,
3438 3804 3531 3871 qui

1939 3885 2088 3938 titnet
2125 3886 2403 3941 Dominum
2441 3906 2453 3938 :
2487 3905 2589 3942 non
2637 3890 2705 3943 ex
2750 3891 3056 3959 praeteritis,
3092 3881 3275 3946 verum
3327 3910 3392 3947 ex
3441 3895 3526 3959 i.s,

1937 3992 2056 4045 qu:e
2076 3978 2412 4047 contigerunt
2439 3982 2613 4042 nobis,
2641 3980 2743 4035 hoc
2765 3983 2915 4036 vobis
2946 3999 3085 4037 nunc
3117 3984 3520 4038 demonstrabo.

1939 4066 2239 4122 Periculum
2263 4069 2380 4129 fuit,
2411 4087 2479 4125 ne
2509 4072 2636 4125 urbs
2670 4073 2823 4126 nobis
2842 4083 2949 4127 tota
2979 4074 3271 4138 deleretur,
3300 4085 3354 4130 ct
3387 4076 3529 4129 divi-

1936 4166 2047 4211 tum
2073 4161 2309 4228 quidem,
2334 4163 2618 4218 illustrium
2651 4165 3040 4235 insigniumque
3070 4169 3302 4221 virorum
3335 4169 3386 4221 in
3415 4186 3522 4223 me-

1936 4249 2025 4303 dio
2051 4265 2310 4319 apparere
2334 4267 2494 4307 ausus
2515 4265 2592 4308 est
2628 4270 2785 4310 nomo
2805 4298 2820 4321 ,
2858 4257 2953 4310 sed
2983 4256 3230 4326 fugerunt
3258 4274 3447 4313 outnes
3469 4272 3523 4313 ct

1937 4354 2313 4398 recesserunt:
2347 4347 2436 4415 qui
2467 4362 2595 4400 vero
2642 4349 2807 4401 Deum
2848 4349 3140 4415 timebant,
3180 4365 3526 4405 commoran-

1940 4443 2019 4488 tes
2046 4434 2097 4487 in
2128 4438 2484 4501 monasteriis,
2516 4438 2565 4490 hi
2597 4438 2763 4491 multa
2786 4454 2907 4492 cum
2928 4438 3118 4493 tiducia
3156 4442 3521 4507 accurrcntes,

1935 4526 2111 4579 omnia
2138 4528 2448 4582 solverunt:
2475 4538 2530 4583 et
2557 4538 2758 4582 tantum
2782 4528 2949 4583 abfuit
2972 4540 3028 4585 ut
3065 4532 3359 4586 accidentia
3391 4536 3527 4585 mala

1935 4627 1990 4671 et
2029 4628 2352 4688 exspectata:
2393 4621 2837 4678 comminationes
2891 4621 3039 4691 ipsos
3072 4631 3335 4683 terrerent
3378 4634 3428 4678 et
3476 4626 3527 4679 in

1935 4711 2259 4765 anxietatem
2294 4712 2573 4781 injicereut
2595 4753 2610 4774 ,
2644 4722 2701 4766 ut
2726 4712 2883 4783 longe
2901 4729 2931 4769 a
2957 4715 3258 4770 calamitate
3280 4716 3531 4772 sedentes

1933 4811 1987 4858 et
2007 4801 2138 4856 nihil
2157 4802 2412 4857 habentes
2439 4819 2744 4869 commune,
2773 4816 2964 4876 sponte
2990 4807 3194 4875 seipSOs
3219 4810 3269 4865 iu
3296 4811 3527 4863 medium

1934 4893 2208 4947 mitterent
2249 4893 2586 4960 incendium,
2631 4904 2686 4949 et
2711 4911 2897 4951 omnes
2946 4898 3256 4966 eriperent:
3288 4910 3343 4954 et
3385 4903 3528 4969 quod

1934 4984 2180 5038 omnibus
2200 4986 2437 5039 terribile
2464 4994 2522 5039 et
2553 4985 2880 5041 horrendum
2904 5004 3025 5044 esse
3044 4990 3268 5058 videtur,
3298 5007 3528 5048 mortem

1934 5076 2034 5145 ipsi
2063 5090 2185 5129 cum
2202 5076 2347 5130 omni
2388 5076 2663 5132 alacritate
2688 5089 3153 5148 exspectaverunt,
3182 5092 3237 5136 ct
3265 5099 3383 5137 cum
3414 5102 3527 5138 ma-

1928 5167 2031 5236 jori
2061 5167 2127 5220 ad
2158 5182 2276 5222 eam
2307 5169 2576 5237 voluptate
2608 5181 2992 5235 cucurrerunt,
3030 5188 3190 5242 quam
3243 5176 3307 5228 ad
3354 5179 3521 5245 magi-

1934 5268 2137 5311 stratus
2176 5259 2265 5323 alii
2302 5267 2357 5312 ct
2397 5259 2652 5314 honores.
2688 5260 2889 5315 Norant
2924 5262 3089 5326 enim,
3123 5280 3373 5333 magnum
3404 5282 3526 5324 esse

1934 5350 2074 5404 lnmc
2100 5352 2465 5421 magistratum
2491 5364 2543 5407 et
2561 5354 2836 5419 honorem,
2864 5364 2918 5409 et
2940 5371 3032 5423 per
3051 5355 3161 5425 ipsa
3182 5357 3522 5414 demonstra-

1933 5451 2056 5495 runt
2085 5457 2267 5512 opera,
2299 5445 2439 5513 quod
2482 5446 2567 5498 hic
2605 5445 2750 5498 solus
2791 5454 2873 5499 est
2915 5447 3117 5508 beatus.
3161 5450 3249 5518 qui
3284 5450 3522 5519 philoso-

1933 5534 2022 5603 phi
2042 5551 2110 5587 un
2137 5536 2492 5604 apprehendit
2520 5552 2584 5590 υς
2605 5551 2838 5602 sursum,
2864 5547 2917 5593 et
2947 5541 3293 5595 mutationem
3318 5545 3517 5599 nullam

1933 5628 2175 5695 suscipit,
2204 5642 2303 5681 nec
2331 5627 2490 5680 ullam
2522 5629 2747 5682 sustinet
2770 5630 3144 5686 adversitatcm
3167 5675 3182 5697 ,
3219 5635 3309 5688 sed
3342 5637 3514 5690 conti.

1930 5732 2034 5772 nua
2068 5718 2447 5787 tranquillitate
2478 5717 2689 5783 fruitur,
2720 5730 2773 5773 et
2798 5721 2973 5775 omnia
3012 5722 3239 5791 deridet,
3279 5741 3401 5795 qua:
3434 5729 3513 5778 vi-

1929 5812 2123 5868 dentur
2150 5826 2266 5867 csse
2295 5812 2484 5865 tristia.
2510 5810 2657 5867 Nunc
2686 5814 2823 5868 enim
2846 5816 2933 5883 qui
2960 5826 3083 5870 sunt
3112 5818 3162 5870 io
3194 5820 3375 5886 primis
3403 5836 3507 5875 ma.

3153 5910 3227 5967 I2
