4232 6320
752 426 849 483 18⁸1

744 538 1084 610 gistratibus,
1114 535 1323 591 tristitia
1366 533 1530 589 multa
1561 530 1830 596 tenentur,
1874 544 2139 587 carcerem
2165 527 2318 588 habi-

695 664 700 669 ρ
748 640 941 697 tantes,
965 629 1170 685 catenis
1197 626 1458 691 obstricti,
1484 626 1720 697 quotidie
1748 624 1882 680 mori
1911 632 2316 693 exspectantes;

746 717 803 774 iti
824 733 953 775 vero
994 715 1273 789 purissima
1300 715 1548 771 fruuntur
1589 712 1879 786 voluptate,
1917 714 2075 769 etiam
2105 713 2150 768 si
2194 712 2319 781 quid

748 822 908 879 grave
938 808 1045 879 pati
1070 806 1273 863 accidat
1304 824 1319 860 :
1349 797 1535 877 etquae
1563 806 1680 861 aliis
1707 804 1955 860 terribilia
1983 818 2104 859 esse
2130 804 2320 857 viden-

753 897 875 966 tur',
918 898 1032 953 haec
1078 897 1207 967 ipsis
1239 904 1364 951 sunt
1396 896 1806 953 desiderabilia:
1837 903 2034 949 uomat
2075 893 2216 949 enim
2256 892 2320 947 ad

754 986 882 1058 quid
908 994 1146 1048 currunt,
1177 993 1234 1041 et
1259 986 1380 1055 quis
1404 984 1545 1052 finis,
1588 994 1865 1056 postquam
1909 982 2033 1039 hinc
2056 982 2322 1038 discesse-

755 1080 881 1146 rint,
934 1078 1184 1146 suscipiet
1217 1094 1231 1133 :
1263 1084 1319 1132 et
1362 1091 1482 1132 cum
1535 1085 1680 1132 tanto
1726 1076 1963 1131 viventes
2012 1074 2223 1139 studio,
2268 1084 2325 1130 et

754 1177 979 1224 mortem
1005 1162 1329 1236 deridentes,
1353 1181 1449 1238 pro
1472 1168 1592 1223 aliis
1612 1175 1788 1224 tamen
1810 1167 1994 1223 dolent
2011 1210 2026 1234 ,
2051 1175 2106 1223 et
2128 1182 2195 1223 ex
2225 1169 2325 1222 hoc

670 1288 687 1303 τ
755 1257 990 1314 vicissim
1018 1264 1263 1327 magnam
1292 1258 1506 1327 capiunt
1542 1256 1847 1313 utilitatem.
1881 1257 2198 1335 Studeamus
2224 1258 2324 1328 igi-

757 1358 843 1402 tur
864 1347 1056 1403 animat
1084 1355 1279 1413 nostrae
1305 1360 1483 1402 curant
1512 1346 1728 1412 habere,
1758 1356 1812 1402 et
1846 1348 2325 1419 inexspectatorum

756 1436 886 1490 nihil
917 1450 1013 1490 nos
1046 1436 1238 1505 poterit
1266 1432 1613 1501 contristare;
1643 1427 1699 1491 et
1723 1450 1820 1507 pro
1844 1437 2131 1492 carceratis
2162 1420 2325 1492 Deum

757 1540 999 1593 oremus,
1024 1536 1082 1581 ut
1104 1540 1198 1582 eos
1227 1525 1295 1581 ab
1320 1526 1613 1582 imminenti
1642 1528 1772 1597 ipsis
1799 1527 1989 1583 liberet
2005 1525 2323 1582 calamitate.

758 1618 974 1674 Poterat
1017 1632 1209 1688 nempe
1254 1627 1421 1673 totum
1446 1618 1603 1674 simul
1650 1617 1858 1674 solvere
1903 1619 2119 1684 malum,
2164 1627 2217 1673 et
2259 1634 2327 1674 tte

761 1719 946 1762 tenues
969 1707 1181 1778 quidem
1206 1708 1478 1763 dimittere
1516 1709 1798 1778 reliquias;
1840 1709 1934 1762 sed
1963 1724 2029 1763 ne
2054 1723 2237 1764 rursus
2259 1709 2327 1763 ad

760 1797 987 1864 priorem
1031 1791 1358 1850 revertamur
1400 1805 1667 1865 torporem
1689 1825 1721 1861 ,κ
1740 1796 1938 1851 sensim
1976 1805 2047 1859 ει,
2073 1797 2326 1869 paulatim

763 1884 951 1938 horum
986 1891 1281 1946 torrentem
1319 1885 1578 1940 malorum
1607 1873 1876 1940 remittere
1900 1888 2129 1954 curavit,
2160 1887 2214 1941 in
2239 1902 2331 1942 ca-

761 1960 882 2027 dem
924 1987 1021 2028 nos
1058 1975 1291 2029 retinens
1333 1975 1548 2043 pietate.
1602 1975 1665 2030 Et
1694 1976 1831 2045 quod
1859 1976 1961 2031 hoc
2000 1977 2071 2031 sit
2117 1978 2323 2043 verum,

759 2058 1003 2134 quodque
1052 2065 1199 2119 multi
1242 2065 1308 2120 ad
1340 2066 1570 2135 priorem
1626 2066 1907 2122 rediissem
1955 2078 2240 2137 torporem,
2283 2069 2328 2123 si

763 2155 907 2208 brevi
951 2163 1139 2209 cuneta
1164 2156 1335 2210 soluta
1374 2155 1636 2220 ﬁnissent,
1682 2157 1803 2212 inde
1843 2140 2177 2213 manifestum
2206 2167 2325 2213 est:

762 2244 935 2297 adhuc
976 2245 1291 2299 calamitatis
1334 2245 1568 2316 reliquiae
1598 2257 1904 2312 remanent,
1941 2256 1995 2302 et
2021 2246 2195 2303 adhuc
2223 2247 2326 2307 lm-

762 2333 1018 2403 peratoris
1038 2343 1117 2411 est
1142 2333 1338 2389 incerta
1366 2335 1648 2400 sententia,
1670 2345 1724 2391 et
1743 2351 1930 2391 omnes
1949 2337 2056 2407 .qui
2098 2336 2327 2392 civitatis

762 2426 971 2494 negotia
995 2425 1582 2495 administrabant-sunt
1606 2429 1658 2482 in
1694 2427 1947 2493 vinculis;
1976 2427 2124 2482 multi
2152 2435 2329 2483 tamen

760 2517 1028 2570 civitatem
1056 2518 1326 2575 nobiscum
1352 2512 1697 2587 habitantium
1724 2521 1927 2575 lavandi
1954 2522 2240 2591 cupiditate
2264 2521 2330 2577 ad

761 2608 977 2664 fluvium
998 2620 1236 2679 currunt,
1264 2613 1559 2670 innumeris
1592 2615 1698 2669 illic
1721 2630 1780 2671 se
1798 2617 2051 2672 conviciis
2077 2616 2330 2671 morden-

766 2713 868 2765 tes,
896 2702 1246 2770 luxuriantes,
1277 2704 1631 2772 lascivientcs,
1661 2707 1929 2769 saltantes,
1966 2708 2188 2762 feminas
2215 2724 2331 2777 per-

766 2792 1053 2847 traltetttes.
1096 2793 1207 2859 Qua
1252 2795 1408 2864 igitur
1451 2796 1523 2851 illi
1552 2797 1703 2852 venia
1748 2797 1931 2868 digni?
1966 2814 2066 2869 qua
2109 2812 2331 2854 excusa-

763 2880 947 2935 tione?
973 2883 1079 2936 imo
1100 2899 1225 2937 vero
1244 2899 1343 2953 qua
1359 2882 1477 2940 'non
1507 2897 1629 2941 sunt
1658 2901 1809 2955 pinna
1840 2898 1893 2942 et
1919 2888 2119 2944 ultione
2142 2889 2285 2959 digni
2308 2890 2332 2942 ?

762 2969 1003 3025 Civitatis
1022 2981 1179 3040 caput
1207 2974 1258 3026 in
1279 2987 1513 3039 carcere,
1561 2976 1799 3031 membra
1824 2978 2009 3035 hostra
2037 2977 2088 3031 itt
2116 2979 2326 3043 exsilio,

764 3059 966 3114 incerta
989 3059 1056 3113 de
1086 3061 1165 3114 ltis
1196 3064 1455 3120 sententia
1491 3080 1504 3116 :
1533 3072 1586 3117 et
1614 3073 1667 3117 tu
1695 3065 1779 3120 die
1801 3106 1816 3130 ,
1845 3081 2044 3134 qutcso,
2075 3066 2239 3120 saltas
2277 3074 2331 3120 et

742 3146 899 3205 .ludis
922 3157 979 3203 et
1002 3150 1186 3204 rides?
1216 3151 1349 3206 Dicit
1384 3153 1573 3221 aliquis
1598 3172 1611 3207 :
1634 3154 1747 3208 Non
1789 3156 1920 3210 illoti
1966 3171 2179 3213 manere
2204 3156 2331 3211 feri-

766 3252 905 3295 mus.
934 3240 983 3295 υ
1025 3240 1379 3307 impudentem
1422 3244 1771 3308 sententiam,
1815 3260 1849 3299 o
1892 3244 2251 3301 mechanicam
2277 3257 2333 3303 et

768 3314 1058 3409 perditam!
1100 3338 1234 3400 quot
1279 3346 1507 3394 menses,
1555 3334 1661 3398 dic,
1708 3348 1866 3403 rogo,
1920 3333 2164 3390 fuerunt?
2205 3346 2333 3406 quot

764 3418 924 3471 anni?
972 3420 1207 3474 nondum
1233 3419 1413 3489 viginti
1438 3422 1551 3477 dies
1580 3420 1780 3479 balneis
1806 3427 2048 3480 exclusus
2076 3427 2249 3497 egisti,
2279 3438 2333 3483 et

762 3496 1028 3579 tamquam
1058 3519 1224 3565 totum
1251 3509 1427 3566 illotus
1452 3513 1766 3584 transegeris
1787 3530 2000 3582 annum,
2034 3496 2333 3574 siemmres

757 3588 819 3650 'et
845 3586 1424 3669 indignariSYSiccine.
1455 3617 1655 3672 quzeso,
1681 3604 1820 3661 fuisti
1846 3620 1967 3661 cum
1996 3609 2218 3663 militum
2251 3613 2330 3663 iu-

1462 424 1519 484 s.
1560 405 1835 479 totNNts
1874 413 2344 477 cunvsos'rout
2386 413 2704 472 ARCtllEP.
2742 362 3277 473 CONS'i’ANTINOP.

3908 422 4009 477 {8'3

2432 539 2668 591 cursum,
2716 541 2836 582 cum
2882 541 2977 597 per
3012 528 3247 599 singulos
3293 526 3428 582 mori
3481 526 3593 583 dies
3636 532 4007 599 exsaecttbas,

2428 617 2640 685 quando
2668 619 2721 673 in
2760 617 2972 673 deserta
2998 617 3241 689 fugiebas
3276 626 3331 675 et
3364 619 3435 674 ad
3470 621 3730 675 montium
3755 623 4011 677 currebas

2429 710 2692 767 vertices?
2734 709 2791 766 Si
2810 710 2928 781 quis
2957 710 3047 767 tibi
3078 720 3203 765 tunc
3231 717 3399 765 totum
3423 725 3619 767 annum
3646 713 3857 768 illatam
3890 729 4010 769 ma—

2431 812 2558 853 nere
2586 800 2964 870 proposuisset,
2990 808 3046 855 ut
3069 799 3139 854 ab
3155 800 3369 855 instanti
3388 800 3691 857 liberareris
3716 804 4007 869 anxietate,

2431 903 2606 967 nonne
2632 902 2877 961 prompte
2903 891 3227 961 suscepisses
3245 900 3405 962 atque
3427 894 3642 948 tulisses
3655 895 3680 948 ἲ
3692 893 3830 949 Cum
3851 896 4013 967 igitur

2431 962 2528 1043 iili,
2550 980 2640 1051 qui
2663 980 2864 1049 absque
2883 980 3028 1035 omni
3055 982 3253 1036 damno
3282 983 3397 1037 hmc
3433 983 3622 1050 solvit,
3672 983 3784 1039 Deo
3809 962 4009 1056 gratias

2431 1086 2588 1142 agere
2614 1074 2927 1145 conveniat,
2962 1073 3173 1129 lascivis
3202 1089 3411 1130 rursum
3441 1085 3494 1130 et
3518 1078 3898 1131 contumeliam
3929 1077 4011 1132 fa-

2430 1162 2543 1228 cis,
2570 1170 2627 1216 et
2652 1164 2899 1231 quoniam
2930 1173 3103 1218 metus
3133 1166 3395 1232 transivit,
3426 1166 3493 1220 ad
3532 1169 3785 1236 majorem
3818 1170 4009 1223 iterum

2433 1264 2700 1321 torporem
2733 1253 2971 1310 rediisti?
2992 1254 3082 1311 Sic
3110 1263 3163 1310 te
3191 1256 3481 1327 tetigerunt
3509 1258 3679 1324 mala,
3709 1268 3766 1313 ut
3789 1270 4011 1330 appetas

2431 1351 2487 1409 et
2515 1341 2750 1396 balnea?
2779 1343 2904 1398 licet
2922 1343 3063 1398 enim
3086 1344 3273 1400 balnea
3303 1346 3756 1414 permitterentur,
3775 1364 3883 1403 non
3913 1364 4011 1418 po-

2434 1439 2570 1485 terat
2595 1432 2931 1486 morientinm
2950 1431 3246 1497 calamitas,
3278 1434 3438 1488 etiam
3475 1435 3554 1489 eis
3582 1436 3670 1504 qui
3706 1440 3757 1489 in
3791 1438 3876 1492 his
3902 1453 4009 1493 non

2432 1521 2610 1577 essent
2636 1523 2881 1585 miseriis.
2915 1524 3254 1593 persuadere,
3278 1536 3335 1578 ut
3363 1528 3600 1579 omnium
3627 1527 4010 1583 oblivisceren-

2435 1621 2520 1667 tur
2557 1611 2904 1667 deliciarum?
2933 1613 3007 1668 De
3034 1613 3209 1667 anima
3258 1614 3548 1681 periculum
3572 1623 3673 1679 est,
3712 1626 3765 1671 et
3807 1627 3862 1669 tu
3895 1617 4013 1671 bal-

2434 1716 2654 1755 neorum
2681 1702 3000 1767 recordaris,
3024 1711 3079 1756 et
3106 1701 3314 1757 deliciis
3335 1702 3414 1757 vis
3439 1718 3630 1759 vacare
3652 1704 3672 1757 ἲ
3699 1704 4013 1759 Contemnis

2433 1790 2521 1859 qui
2547 1805 2686 1845 nunc
2711 1790 2979 1861 eﬂ'uglsti?
3005 1790 3138 1846 Vide
3166 1807 3233 1845 ne
3261 1792 3477 1861 majoris
3502 1806 3673 1861 pana}
3701 1794 3795 1847 tibi
3827 1809 4015 1849 neces-

2437 1884 2644 1938 sitatem
2680 1885 3073 1954 circuntponas.
3120 1892 3175 1938 et
3214 1882 3419 1937 ablatas
3447 1898 3660 1938 rursum
3694 1887 3871 1940 mittas
3891 1900 4012 1940 cum

2436 1973 2622 2043 majori
2647 1972 2880 2027 attrahas
2908 1973 3234 2036 discrimine,
3263 1982 3316 2026 et
3345 1973 3482 2026 ident
3514 1974 3750 2041 patiaris,
3778 1975 3923 2044 quod
3948 1975 4016 2031 de

2435 2066 2764 2121 dtemonibus
2785 2067 2802 2097 ¹
2824 2065 2993 2134 inquit
3010 2064 3271 2125 Christus.
3295 2064 3579 2134 Postquam
3601 2066 3742 2119 enint
3763 2081 4017 2136 egressus

2436 2146 2593 2210 fuerit
2620 2157 2837 2226 spiritus
2866 2154 3169 2210 itu’tuundus
3188 2195 3204 2219 ,
3232 2155 3434 2225 ittqnit,
3464 2163 3517 2210 et
3541 2164 3722 2223 postea
3751 2156 4018 2211 invenerit

2436 2249 2649 2305 domum
2677 2258 2951 2304 vacantem
2996 2257 3050 2302 et
3092 2248 3271 2317 scopis
3297 2246 3623 2309 mundatam,
3648 2257 3856 2316 septem
3883 2249 4018 2303 alios

2436 2339 2652 2408 spiritus
2680 2339 2960 2405 nequiores
2988 2351 3048 2391 se
3072 2338 3270 2391 iterum
3300 2351 3599 2400 assumens,
3645 2339 3935 2391 revertitur
3963 2338 4017 2391 iu

2437 2433 2701 2495 animam,
2748 2442 2801 2485 et
2844 2429 2978 2483 ﬁttnt
3022 2429 3319 2498 posteriora
3369 2428 3482 2496 ejus
3524 2427 3702 2496 pejora
3753 2428 4020 2495 prioribus

2438 2520 2591 2589 (Luc.
2621 2522 2705 2575 Η.
2725 2519 2794 2574 24
2821 2518 2956 2590 ο26).
2976 2518 3281 2572 Timeamus
3303 2517 3520 2585 igituret
3544 2531 3662 2579 nos,
3693 2531 3760 2570 ne
3774 2531 3804 2569 a
3823 2517 4019 2583 priori-

2439 2612 2537 2665 bus
2589 2611 2832 2675 liberati,
2889 2609 3075 2664 inertia
3120 2607 3477 2675 subrepente,
3528 2607 3795 2676 prioribus
3835 2608 4017 2675 pejora

2438 2703 2741 2757 subeamus.
2770 2699 2903 2755 Novi
2937 2714 3032 2753 vos
3057 2698 3125 2753 ab
3168 2697 3267 2752 hac
3300 2697 3504 2752 alienos
3547 2697 3803 2762 stultitia;
3830 2713 4014 2751 verum

2437 2805 2493 2848 et
2539 2792 2889 2866 incomposite
2934 2789 3267 2844 ambulantes
3312 2788 3574 2852 cohibete,
3610 2787 3808 2855 punite,
3857 2793 4023 2840 casti-

2436 2898 2588 2954 gate;
2618 2892 2676 2938 ut
2701 2896 2912 2951 semper
2936 2880 3269 2950 gaudeatis’,
3297 2878 3433 2931 sicut
3476 2877 3673 2931 Paulus
3713 2877 4019 2947 imperavit,

2436 2984 2499 3029 ut
2539 2983 2595 3029 et
2639 2973 2975 3043 propriorum
3024 2971 3108 3023 hic
3151 2970 3464 3023 meritorum
3509 2976 3565 3022 et
3610 2966 3834 3020 aliorum
3873 2981 4021 3021 cum:

2438 3066 2657 3119 multam
2684 3072 2739 3117 et
2766 3061 2855 3116 hic
2880 3071 2933 3116 et
2955 3061 3007 3114 in
3039 3059 3213 3113 futura
3235 3056 3341 3111 vita
3364 3059 3636 3125 capiamus
3675 3055 3982 3110 mercedem
4002 3096 4018 3116 ,

2438 3156 2604 3226 gratia
2641 3164 2700 3211 ct
2737 3153 3059 3223 benignitate
3078 3150 3285 3205 Domini
3318 3150 3484 3204 neStri
3522 3148 3648 3202 Jesu
3672 3146 3892 3213 Christi,
3924 3161 4022 3215 per

2438 3261 2595 3315 quem
2613 3235 2678 3300 et
2698 3259 2818 3299 cum
2846 3258 2952 3312 quo
2978 3242 3117 3297 Patri
3141 3240 3299 3295 simul
3321 3248 3373 3295 et
3389 3249 3574 3293 saneto
3588 3237 3803 3308 Spiritui
3822 3237 4021 3305 gloria,

2441 3336 2613 3390 honor
2632 3345 2688 3391 et
2711 3335 2951 3389 adoratio
2974 3374 2989 3398 ,
3022 3347 3163 3387 nunc
3191 3340 3246 3386 et
3272 3344 3501 3400 semper,
3526 3339 3581 3384 et
3610 3331 3661 3384 in
3682 3330 3878 3383 smcula
3912 3343 4021 3382 ste-

2440 3419 2700 3481 culorum.
2729 3426 2917 3479 Amen.

2505 3562 2520 3593 ¹
2556 3559 2766 3610 Sumat
2784 3557 2976 3618 quidam
3000 3562 3128 3612 Mss,
3155 3554 3216 3603 de
3236 3549 3560 3618 (immixtus.

2502 3624 2523 3654 ί
2558 3621 2689 3683 Apud
2707 3617 2827 3669 alios
2850 3632 2863 3666 :
2892 3625 2948 3667 Ut
2967 3627 3155 3678 semper
3176 3617 3474 3677 gaudeamus

769 3718 3996 3752 -__._________.____________________________________._________

960 3819 1263 3867 DOMINICA
1306 3825 1603 3868 scarus:
1649 3809 1730 3889 (α)
1777 3829 1859 3891 ,ῳ
1902 3829 2179 3875 ηοωηιτε
2224 3832 2325 3874 AG!

2421 3858 2422 3861 η
2465 3831 2799 3885 οοιιζπτιῑε,
2846 3831 2926 3872 ΕΤ
2968 3827 3051 3872 DE
3096 3827 3375 3871 νηΑῐωο
3416 3825 3820 3869 ΙΟΙΙΔΠΕΝΤΟ.

2176 3958 2558 3973 —-—-—-———_

1355 4042 1570 4095 noutLi‘A
1607 4056 1719 4095 xu.

759 4205 764 4211 -
836 4168 886 4222 ί.
925 4169 1105 4236 Epulis
1147 4178 1449 4223 sanctorum
1491 4180 1782 4238 martyrum
1823 4175 2031 4239 excepti
2076 4174 2205 4228 estis
2245 4174 2327 4230 his

765 4259 1043 4325 praeteritis
1068 4259 1255 4312 diebus
1281 4276 1295 4312 :
1322 4258 1579 4327 spirituali
1606 4258 1914 4314 celebritate
1938 4261 2123 4327 repleti
2149 4264 2327 4319 exsul—

765 4348 912 4402 tastis
940 4347 1177 4403 honestis
1202 4348 1644 4405 exsultationibus
1676 4368 1691 4402 :
1723 4350 1927 4405 vidistis
1954 4361 2134 4421 aperta
2163 4353 2326 4409 latera

762 4448 814 4491 ut
840 4440 925 4492 ilia
955 4440 1185 4506 concisa,
1208 4454 1447 4495 cruorem
1471 4442 1702 4513 undique
1727 4442 2069 4510 deﬂuentem,
2095 4444 2328 4501 inﬁnitas

764 4539 1147 4586 tormentorum
1188 4532 1393 4601 species
1435 4552 1449 4589 :
1493 4533 1773 4587 humanam
1832 4535 2037 4589 vidistis
2084 4546 2326 4591 naturam

761 4624 1177 4690 supernaturalia
1204 4634 1562 4691 pratstantem,
1590 4636 1644 4680 et
1662 4641 1887 4681 coronas
1914 4627 2168 4697 Sanguine
2195 4642 2327 4682 con-

764 4722 936 4767 testas
963 4731 977 4765 :
1008 4714 1277 4783 pulchram
1300 4714 1529 4771 saitastis
1555 4716 1834 4781 cltoream,
1862 4718 1913 4771 in
1958 4732 2169 4773 omnem
2202 4733 2328 4787 par-

761 4813 867 4858 tem
910 4804 1136 4857 civitatis
1166 4803 1282 4858 ‘ltoc
1339 4804 1564 4860 honesto
1606 4806 1741 4862 duce
1782 4822 1878 4862 vos
1916 4808 2324 4877 circumagente.

761 4894 863 4947 Sed
904 4909 1000 4949 nos
1028 4905 1081 4948 et
1126 4894 1315 4949 invitos
1359 4895 1635 4951 inﬁrmitas
1660 4898 1801 4952 domi
1834 4913 2048 4953 manere
2085 4899 2325 4969 cogebat.

764 4985 962 5039 Tamen
987 4987 1083 5039 etsi
1114 4986 1432 5041 solemnitati
1463 5002 1567 5040 non
1596 4988 1947 5052 interfuimus,
1976 4988 2041 5044 de
2063 4990 2331 5059 voluptate

760 5078 1183 5146 participttviutus
1209 5098 1221 5134 :
1250 5080 1345 5135 etsi
1387 5080 1454 5134 de
1494 5082 1749 5135 concione
1795 5080 2017 5136 fructum
2046 5098 2149 5137 non
2174 5083 2322 5152 cepi-

765 5181 903 5230 mus,
949 5168 1220 5225 vobiscum
1267 5179 1441 5225 tamen
1482 5171 1714 5225 laetitiam
1758 5185 2093 5227 communem
2148 5173 2331 5227 habui-

734 5274 901 5335 ‘mus.
927 5259 1071 5314 Talis
1099 5264 1181 5315 est
1206 5261 1346 5315 enim
1376 5263 1610 5316 caritatis
1637 5264 1717 5316 vis
1744 5280 1757 5315 :
1782 5277 1885 5316 non
1926 5261 2159 5318 fruentes
2190 5265 2329 5331 pari-

766 5359 848 5404 ter
872 5365 995 5405 cmn
1041 5351 1332 5407 frueutibus
1358 5353 1588 5423 gaudere
1616 5353 1767 5419 facit,
1806 5355 2105 5407 communia
2149 5357 2332 5424 proxi-

822 5502 895 5562 (a)
928 5508 1034 5551 Erat
1062 5509 1223 5552 autem
1267 5510 1459 5553 Servata
1493 5504 1600 5555 dies
1637 5505 1957 5561 ascensionis,
1982 5511 2037 5555 ut
2056 5507 2122 5554 ait
2144 5507 2334 5555 simeon

763 5560 983 5626 Allatius;
1014 5563 1257 5626 mutinica
1281 5578 1396 5613 vero
1418 5574 1623 5616 serrata!
1646 5568 1882 5615 nominica
1919 5560 2084 5626 quinta
2122 5576 2225 5626 post
2250 5576 2335 5617 Pa-

762 5624 892 5688 scha.
918 5624 1047 5688 Quod
1072 5639 1188 5673 vero
1213 5627 1258 5675 id
1281 5626 1561 5677 difﬁcultate
1584 5641 1679 5676 non
1706 5635 1863 5685 vacet,
1910 5624 2133 5688 pluribus
2169 5641 2226 5677 ea
2267 5629 2331 5677 de

761 5696 818 5732 re
830 5686 1159 5751 disseruimus
1182 5689 1232 5737 in
1262 5689 1449 5738 nouito.
1484 5696 1627 5739 Certe
1650 5690 1725 5738 hic
1747 5688 1838 5737 alia
1864 5686 2061 5751 prorsus
2101 5692 2336 5741 Dominica

765 5745 960 5795 iudicari
985 5746 1191 5796 videtur.
1658 5772 1659 5775 η

2439 4060 2645 4098 tnorntn
2674 4043 2807 4096 bona
2842 4050 3027 4109 putare
3052 4036 3397 4108 persuadens.
3442 4034 3731 4103 Pmpterea
3766 4044 3823 4088 et
3870 4034 4017 4089 domi

2426 4136 2630 4193 .Scdrtts
2656 4131 2949 4201 gaudebam
2974 4129 3248 4182 vobiscum
3268 4167 3282 4191 ,
3313 4134 3368 4180 et
3395 4124 3584 4178 morbo
3603 4124 3839 4177 nondum
3866 4125 4017 4178 solu-

2437 4236 2519 4280 tus
2549 4225 2751 4280 surrexi
2778 4233 2831 4278 et
2856 4220 3066 4276 cucurri
3098 4219 3164 4273 ad
3189 4233 3303 4282 vos,
3336 4226 3397 4271 ut
3428 4215 3810 4270 desiderabiles
3849 4213 4019 4271 facies

2435 4324 2639 4369 vestras
2679 4294 2939 4374 intuerer,
2980 4318 3035 4365 et
3086 4308 3367 4378 praesentis
3412 4305 3714 4361 festivitatis
3753 4306 4019 4375 particeps

2438 4407 2640 4461 ﬁerem.
2690 4402 3054 4460 Festivitatem
3082 4399 3223 4455 enim
3255 4398 3538 4451 maximam
3570 4410 3692 4450 esse
3720 4404 3849 4463 puto
3876 4410 4017 4463 pra:—

2436 4509 2638 4552 scntcm
2664 4496 2826 4559 diem,
2853 4490 3301 4564 propterfratrum
3333 4486 3664 4556 lzrmsentiam
3692 4495 4013 4538 nostrorum.

2437 4589 2524 4655 qtti
2552 4585 2937 4641 urbem-nobis
2979 4581 3140 4637 hodie
3182 4579 3584 4633 adornaverunt
3634 4584 3689 4628 et
3732 4575 4019 4629 ecclesiam

2438 4678 2803 4733 honestarum.
2855 4673 3086 4744 Populus
3128 4671 3305 4738 lingua
3337 4668 3354 4700 ¹
3391 4667 3603 4737 quidem
3645 4664 3798 4718 uobis
3837 4665 4015 4718 diver-

2436 4783 2529 4823 sus
2558 4768 2659 4838 (ὁ).
2692 4766 2795 4820 ﬁde
2822 4780 2948 4820 vero
2972 4774 3242 4818 consonus
3277 4774 3289 4812 :
3314 4757 3537 4827 pepulus
3563 4756 3613 4810 in
3638 4753 4021 4823 tranquillitate

2437 4860 2655 4923 vivens,
2700 4859 2859 4910 vitam
2914 4852 3121 4907 habens
3176 4848 3471 4903 modestam
3522 4857 3577 4900 et
3635 4842 4015 4898 venerabilem.
4078 4849 4085 4854 ‘

2440 4950 2590 5019 Apud
2617 4948 2715 5002 hos
2742 4949 2881 5002 enim
2913 4947 3057 5001 viros
3083 4958 3192 4997 non
3214 4941 3512 5010 iniquitatis
3538 4936 3862 5007 speetacula,
3912 4952 4019 4990 non

2440 5056 2693 5110 equorum
2724 5039 3013 5094 certamina
3038 5078 3053 5101 ,
3089 5050 3264 5104 neque
3295 5032 3584 5086 meritoria:
3608 5029 3881 5093 mulieres,
3913 5043 4017 5082 nec

2440 5133 2672 5201 reliquus
2703 5129 2847 5183 urbis
2871 5127 3126 5181 tumultus
3152 5122 3244 5178 sed
3278 5136 3440 5176 omne
3480 5120 3703 5174 tttxuritc
3720 5133 3891 5187 genus
3919 5119 4019 5173 eli-

2440 5223 2694 5276 tninatutn
2724 5230 2837 5282 est;
2869 5216 3030 5270 multa
3058 5230 3183 5269 vero
3227 5215 3423 5281 ubique
3468 5209 3725 5265 modestia
3755 5207 3934 5262 ﬂoret.
3967 5208 4019 5262 Id

2442 5329 2568 5368 vero
2616 5320 2699 5367 est
2734 5312 2788 5366 in
2832 5324 3012 5370 causa,
3037 5306 3178 5377 quod
3222 5305 3483 5359 laboriosa
3522 5302 3593 5356 sit
3638 5300 3767 5371 ipsis
3797 5300 3935 5362 vita,
3969 5308 4021 5354 et

2446 5404 2649 5457 virtutis
2677 5402 2912 5457 scholam
2941 5409 3098 5467 atque
3128 5396 3401 5451 modestia:
3433 5393 3665 5446 habeant
3708 5399 3866 5444 terra:
3901 5389 4018 5442 cnl-

2447 5507 2636 5557 turam,
2665 5502 2830 5546 artem
2862 5497 3166 5549 tractantes,
3199 5500 3356 5555 quam
3397 5492 3519 5538 ante
3562 5480 3793 5549 reliquas
3836 5493 4023 5534 omnes

2510 5636 2523 5660 ι
2561 5635 2665 5674 Sav.
2693 5634 2744 5674 et
2768 5624 2991 5685 aliivoci,
3020 5620 3214 5685 tinguo,
3239 5619 3434 5677 addunt,
3462 5612 3678 5680 propria.
3697 5638 3759 5650 —
3776 5609 3917 5671 infra,
3936 5626 4020 5664 uec

2444 5690 2634 5745 reliqua
2658 5686 2788 5751 urbis
2812 5683 3074 5751 dissolutio.
3104 5683 3115 5685 ⁷
3148 5743 3176 5751 __
3212 5742 3221 5751 _
3251 5748 3268 5751 _
3332 5743 3341 5751 _

2513 5739 2585 5812 (ὁ)
2624 5748 2728 5811 Agri
2756 5746 3036 5796 antiocheni
3058 5742 3224 5793 rustici
3246 5743 3434 5803 Syrisce
3459 5739 3799 5801 loquebantur.
