4232 6320
310 387 409 444 tsa
1132 388 1220 442 an
1260 369 1580 443 roruwu
1622 379 1891 438 annos!

2002 380 2111 437 iUM
2176 381 2401 439 llOMlh
2444 384 2588 441 XIX.
2630 424 2641 439 ε
2882 418 2887 423 ι
3499 386 3595 441 πρυ

309 523 361 559 in
391 505 552 557 vitam
585 503 721 558 Deus
752 510 984 575 nostram
1017 502 1211 554 intulit.
1236 500 1444 555 Etenim
1472 506 1596 551 ante
1618 504 1892 566 peccatum

310 595 478 648 Atiam
525 592 740 661 quan-lo
785 593 948 647 multa
1001 593 1270 645 fruebatur
1307 590 1571 652 libertate,
1608 585 1897 655 agricultu-

309 702 421 743 ram
444 685 731 756 quamdam
761 684 909 739 obire
946 684 1126 754 jussus
1150 692 1263 748 est,
1296 698 1400 736 non
1432 679 1753 735 laboriosam
1780 676 1898 747 qui-

308 770 454 843 dem,
486 791 587 830 nec
614 791 881 828 aerumnas
908 774 1215 836 habetitem,
1247 772 1342 827 sed
1372 770 1591 825 multam
1638 768 1737 823 sibi
1763 781 1898 835 pra:-

308 868 521 920 bt-ntcm
574 865 981 935 philos0phiatn.
1047 863 1225 917 Posuit
1280 862 1424 917 enim
1473 862 1660 930 ipsum,
1697 859 1793 923 ait,
1841 865 1896 909 ut

305 967 605 1025 operaretur
631 966 677 1012 et
711 956 982 1010 custodiret
1008 954 1307 1024 paradisum
1340 951 1505 1022 (Gen.
1544 950 1599 1004 2.
1625 951 1693 1005 15
1714 950 1753 1019 ).
1788 946 1896 1002 Hu-

305 1064 424 1101 rutu
452 1062 719 1117 quemque
739 1060 986 1100 cerneres
1023 1059 1164 1099 nunc
1191 1043 1404 1114 quidem
1437 1044 1600 1097 boves
1620 1042 1893 1110 jugautem

304 1139 569 1193 oratorios
596 1148 650 1192 et
695 1147 929 1191 aratrum
962 1139 1257 1190 trahentem
1299 1136 1355 1215 et
1398 1133 1717 1215 profundum
1756 1132 1898 1186 scin-

304 1232 524 1285 dentem
573 1229 803 1291 sulcum,
850 1242 991 1282 nunc
1039 1236 1216 1281 autem
1263 1213 1475 1281 sacrum
1519 1216 1894 1278 ascendentem

309 1334 614 1394 suggestum
672 1333 729 1378 et
781 1322 1117 1376 subditorum
1167 1320 1374 1375 animas
1423 1328 1713 1373 arantem:
1755 1331 1896 1369 nunc

303 1414 518 1483 quidem
550 1414 660 1483 agri
688 1413 869 1483 spinas
895 1412 1231 1467 excidentem
1264 1410 1417 1470 falce,
1448 1424 1590 1463 nunc
1619 1422 1750 1461 vero
1776 1422 1894 1460 ser-

303 1520 467 1560 mone
518 1520 584 1557 ex
628 1503 820 1557 anitnis
882 1510 1098 1571 peccata
1149 1511 1537 1571 extergentem.
1596 1497 1713 1551 Non
1751 1497 1893 1551 enim

302 1595 628 1649 erubescunt
648 1594 904 1655 culturas,
937 1594 1074 1645 sicut
1104 1591 1253 1645 urbis
1299 1602 1497 1644 nosme
1542 1587 1749 1651 incolas,
1800 1585 1894 1640 sed

301 1687 627 1741 erubescunt
650 1685 951 1753 segnitiem,
990 1683 1239 1753 quoniam
1270 1681 1576 1736 didicerunt
1604 1680 1745 1733 illam
1778 1693 1895 1731 ont-

304 1791 427 1831 netn
459 1776 710 1829 docuisse
732 1774 987 1829 malitiam
1023 1790 1036 1826 :
1070 1782 1126 1827 et
1163 1772 1232 1826 ab
1272 1772 1425 1826 initio
1455 1785 1515 1825 se
1543 1768 1892 1839 diligentibus

304 1868 555 1936 nequitiae
584 1867 746 1921 fuisse
774 1866 1100 1935 magistram.
1133 1864 1195 1917 lli
1225 1873 1349 1917 sunt
1368 1863 1608 1917 maxime
1628 1862 1713 1931 qui
1736 1859 1892 1914 nobis

301 1961 558 2025 optimam
588 1957 948 2026 philosoithari
978 1956 1230 2028 videntur
1257 1952 1674 2023 philosophiam,
1706 1965 1810 2005 non
1828 1965 1891 2004 ex

300 2048 508 2113 habitu,
540 2048 634 2103 sed
664 2063 731 2102 ex
775 2046 1038 2102 sententia
1079 2046 1328 2099 virtutem
1378 2059 1529 2097 suam
1557 2042 1890 2097 exhibentes.

300 2139 485 2210 Itaque
515 2151 862 2195 externorum
891 2139 1215 2209 philosotthi,
1256 2137 1485 2193 scenicis
1513 2144 1569 2192 et
1606 2137 1892 2191 mimorum

300 2234 443 2287 ludis
493 2234 804 2302 vacantibus
850 2233 1016 2287 nihilo
1046 2232 1235 2285 melius
1281 2245 1340 2285 se
1385 2229 1602 2294 habent,
1653 2228 1811 2298 pallio
1840 2236 1897 2283 et

300 2327 465 2380 barba
509 2336 564 2380 et
606 2326 741 2389 stola
768 2327 897 2379 nihil
953 2325 1182 2394 amplius
1222 2324 1477 2379 exhibere
1528 2323 1764 2377 valentes
1797 2340 1811 2376 :
1841 2321 1893 2376 hi

297 2434 427 2473 vero
453 2428 662 2483 contra,
709 2418 897 2473 baculo
950 2427 1003 2472 et
1060 2417 1223 2471 barba
1268 2426 1324 2471 et
1374 2417 1584 2486 reliquo
1635 2422 1893 2485 apparatu

297 2511 513 2581 longum
545 2512 723 2566 valere
739 2511 919 2580 jussis,
951 2511 1183 2564 animam
1206 2525 1356 2564 suam
1380 2524 1521 2563 verto.
1542 2507 1893 2579 philos0pbia:

299 2601 581 2668 praeceptis
612 2615 963 2666 exornavero,
998 2615 1099 2656 nec
1124 2599 1412 2669 prmceptis
1454 2608 1681 2662 tantum,
1704 2612 1889 2653 verum

296 2701 348 2745 et
392 2692 653 2760 operibus
685 2692 833 2760 ipsis.
868 2692 933 2745 Et
968 2692 1012 2745 si
1043 2691 1235 2744 horum
1260 2691 1563 2760 quempiam
1595 2690 1892 2755 interroges

296 2782 349 2835 in
381 2782 709 2852 agricultura
736 2783 1027 2836 viventium
1053 2822 1067 2846 ,
1103 2791 1159 2835 ct
1187 2782 1366 2850 ligone
1408 2789 1465 2834 et
1498 2788 1677 2833 aratro
1720 2779 1894 2833 conie-

294 2884 528 2927 ciorum.
565 2872 634 2925 de
677 2872 961 2941 dogmatis,
1004 2872 1070 2925 de
1108 2872 1300 2941 quibus
1347 2869 1551 2924 inﬁnita
1588 2879 1892 2939 qumrentes

292 2966 506 3020 externi
557 2962 880 3033 pbilompbi.
927 2972 983 3017 et
1022 2976 1301 3017 sermones
1341 2960 1539 3015 multos
1582 2959 1889 3024 fundentes,

294 3057 426 3110 nihil
458 3069 647 3110 sanum
677 3053 858 3109 dicere
881 3061 1192 3127 potuerunt,
1221 3051 1414 3107 sedqu
1433 3059 1620 3106 cuncta
1651 3050 1741 3103 tibi
1764 3065 1888 3104 eum

292 3148 461 3202 multa
492 3142 841 3214 reSpondebit
887 3144 1167 3213 sapientia.
1200 3142 1310 3198 Nec
1335 3143 1437 3197 hoc
1464 3152 1665 3196 tantum
1689 3151 1771 3196 est
1794 3141 1891 3195 ad-

291 3237 561 3303 mirabile,
612 3251 798 3292 verum
848 3243 903 3289 et
942 3234 1193 3304 quoniam
1235 3247 1331 3304 per
1375 3247 1539 3303 opera
1580 3231 1890 3302 dogmatum

292 3330 454 3385 ﬁdem
487 3331 717 3384 lirmant.
768 3326 981 3382 Etenim
1022 3325 1166 3395 quod
1207 3326 1441 3379 animam
1474 3324 1764 3379 habeamus
1793 3324 1895 3377 im-

293 3421 617 3483 mortalem,
666 3428 723 3474 et
764 3419 1004 3472 omniunt
1056 3432 1176 3487 qua:
1225 3416 1312 3472 hic
1353 3424 1612 3486 geruntur
1660 3416 1893 3470 rationes

293 3512 521 3567 reddere
540 3510 852 3575 debeamus,
882 3517 936 3563 et
958 3507 1237 3563 tremendo
1265 3509 1518 3562 assistere
1544 3506 1813 3571 tribunali,
1837 3519 1893 3561 et

293 3606 344 3657 in
377 3610 559 3657 mente
579 3600 680 3654 sibi
706 3608 1085 3670 persuaserunt
1104 3640 1117 3663 ,
1148 3606 1201 3653 et
1230 3599 1392 3652 vitam
1417 3612 1634 3651 omnem
1665 3597 1731 3651 ad
1754 3596 1891 3652 hanc

293 3708 446 3762 spem
479 3691 843 3754 instituerunt,
895 3696 951 3743 et
989 3686 1136 3743 omni
1165 3688 1407 3742 saeculari
1441 3702 1633 3756 pompa
1658 3688 1893 3755 superio-

295 3800 381 3838 res
399 3782 619 3848 redditi,
660 3792 822 3850 atque
871 3795 901 3835 a
951 3780 1129 3834 divina
1182 3780 1376 3836 eruditi
1417 3779 1712 3849 Scriptura,
1746 3779 1889 3849 quod

308 3874 517 3929 Vatiitas
544 3875 848 3936 vanitatum,
890 3883 939 3928 et
966 3874 1137 3926 omnia
1161 3875 1361 3928 vanitas
1385 3872 1582 3945 (Eccle.
1618 3874 1669 3927 1.
1696 3873 1755 3943 2)
1781 3891 1793 3927 :
1822 3873 1888 3928 ad

297 3969 371 4023 nil
397 3982 584 4022 eorum
614 3982 734 4037 qua:
766 3965 1013 4021 videntur
1041 3978 1161 4020 esse
1181 3966 1347 4029 clara,
1376 3964 1649 4019 anhelant.

367 4060 568 4116 Rustici
595 4059 927 4130 sapientiores
950 4057 1172 4128 antiquis
1200 4056 1537 4128 philosophis.
1563 4086 1637 4099 —
1662 4056 1724 4111 lli
1748 4057 1889 4113 etde

297 4154 410 4209 Deo
441 4153 558 4207 hate
588 4150 951 4221 philosophari
994 4139 1235 4215 norunt,
1258 4166 1378 4219 quae
1423 4150 1563 4205 Deus
1595 4148 1885 4205 mandavit.

299 4248 379 4299 Ac
404 4241 448 4297 si
474 4238 479 4244 ’
506 4256 786 4297 assumens
814 4255 1001 4295 eorum
1032 4256 1217 4301 unum.
1249 4239 1625 4309 philosophum
1657 4241 1887 4311 aliquem

294 4346 642 4388 externorum
669 4345 809 4385 nunc
839 4333 891 4384 in
919 4330 1152 4386 medium
1180 4331 1434 4396 adducas,
1466 4331 1575 4385 imo
1593 4346 1723 4385 vero
1749 4347 1891 4388 nunc

291 4424 508 4493 quidem
555 4422 731 4475 nullus
774 4430 946 4488 potest
976 4422 1238 4487 inveniri;
1270 4422 1313 4475 si
1352 4436 1481 4476 vero
1516 4421 1705 4476 horum
1734 4437 1889 4477 assu-

294 4528 409 4566 mas
454 4526 617 4564 unum
644 4552 659 4575 ,
700 4510 1059 4580 evolvensque
1105 4512 1399 4578 priscorum
1444 4510 1886 4583 pltilOSOphorum

294 4606 460 4659 libros
484 4620 765 4673 percurras
790 4624 803 4657 :
827 4613 881 4659 et
901 4605 1026 4673 quid
1056 4606 1106 4658 hi
1134 4605 1345 4674 quidem
1370 4620 1510 4660 nunc
1534 4606 1885 4675 respondent,

292 4695 419 4764 quid
449 4705 628 4749 autem
658 4695 731 4748 illi
764 4703 892 4749 tunc
920 4695 1280 4764 philosophati
1327 4705 1488 4763 sunt,
1523 4698 1574 4752 in
1608 4713 1887 4767 compara-

292 4790 439 4842 tione
466 4802 674 4858 ponens
703 4786 958 4841 discutias
981 4828 995 4852 ,
1026 4787 1228 4842 videbis
1256 4799 1451 4857 quanta
1479 4790 1551 4844 sit
1582 4789 1771 4844 horum
1799 4804 1889 4844 sa-

292 4878 533 4947 pientia,
565 4887 765 4947 quanta
803 4862 933 4931 vero
978 4877 1187 4931 illorum
1235 4877 1525 4933 dementia.
1566 4880 1699 4934 Cum
1742 4882 1886 4936 enim

292 4972 533 5038 ipsorum
562 4966 777 5037 quidam
815 4969 1015 5023 nullam
1056 4969 1106 5022 in
1148 4969 1308 5023 rebus
1342 4984 1463 5024 esse
1505 4972 1887 5039 providentiam

291 5060 475 5113 ditant
492 5100 507 5122 ,
538 5073 637 5112 nec
659 5073 688 5111 a
717 5058 824 5112 Deo
847 5069 1085 5115 creatum
1111 5074 1231 5114 esse
1262 5060 1516 5114 mundum
1537 5103 1551 5125 ,
1586 5078 1757 5132 neque
1778 5064 1887 5117 vir-

295 5161 459 5205 tutem
482 5150 582 5205 sibi
612 5150 718 5220 ipsi
740 5150 1093 5205 sufﬁcientem
1123 5167 1265 5217 esse,
1295 5152 1388 5206 sed
1417 5166 1551 5222 Opus
1580 5169 1700 5208 esse
1731 5170 1891 5224 pecu-

293 5244 395 5296 niis
421 5250 476 5295 et
507 5240 788 5295 nobilitate
826 5250 881 5295 et
908 5243 1163 5296 exteriori
1202 5244 1442 5298 claritate
1462 5286 1476 5311 ,
1506 5256 1559 5299 et
1591 5246 1755 5300 multa
1785 5248 1885 5300 alia

293 5331 376 5385 his
407 5331 578 5400 magis
606 5331 826 5386 ridicula
853 5332 941 5387 :bi
973 5342 1151 5386 autem
1183 5343 1237 5388 et
1263 5335 1329 5389 de
1363 5336 1712 5403 providentia,
1742 5347 1796 5392 et
1820 5338 1888 5393 de

289 5422 506 5492 iudiciis
527 5423 895 5493 sequentibus,
914 5432 971 5479 δι
991 5424 1058 5477 de
1086 5424 1179 5480 Dei
1207 5426 1496 5493 creatione,
1523 5428 1611 5497 qui
1633 5444 1700 5484 ex
1722 5414 1889 5484 nihilo

291 5514 467 5567 untuia
500 5513 779 5583 produxit,
806 5524 861 5569 et
885 5515 952 5570 de
982 5516 1101 5569 aliis
1130 5516 1376 5571 omnibus
1406 5518 1849 5590 pbil050pltentur
1872 5564 1885 5587 ,

293 5604 420 5659 nihil
451 5605 675 5660 omnino
700 5605 768 5660 de
794 5616 1011 5661 externa
1039 5608 1269 5663 scientes
1296 5608 1599 5679 disciplina,
1630 5612 1750 5681 quis
1781 5628 1888 5668 non

296 5698 417 5753 hinc
440 5696 637 5754 Christi
669 5700 958 5769 potentiam
992 5701 1179 5766 discat,
1208 5716 1329 5769 qua:
1359 5702 1641 5759 illiteratos
1666 5712 1720 5758 et
1747 5704 1887 5761 idio-

297 5799 375 5845 tas
397 5791 621 5846 multum
640 5790 695 5845 in
712 5790 965 5862 sapientia
986 5790 1331 5861 glot'iattlibus
1358 5803 1505 5851 tanto
1534 5795 1885 5866 sapientiores

2009 493 2491 559 demonstraret-it,
2545 506 2743 567 quanto
2795 499 2970 566 parvis
3023 497 3258 565 puerulis
3309 499 3601 569 prudentes

2010 586 2148 640 viros
2188 595 2506 656 praestantes
2544 603 2765 643 cernere
2802 588 2929 643 est?
2965 578 3115 655 Quod
3160 591 3302 644 enim
3334 590 3463 660 ipsis
3501 592 3599 646 da-

2007 694 2187 733 mnum
2210 694 2277 734 ex
2304 681 2568 736 sermonis
2595 680 2857 753 imperitia
2886 696 3005 735 esse
3038 681 3222 750 possit.
3247 698 3367 735 cum
3390 694 3600 739 utentes

2007 769 2172 824 multa
2207 771 2311 825 sint
2357 770 2485 841 ipsis
2515 771 2689 841 plenas
2726 771 3032 840 sapientia?
3062 787 3180 842 qum
3210 788 3341 827 vero
3366 777 3601 828 externis

2006 877 2071 917 ex
2098 877 2407 917 sermonum
2435 862 2717 933 disciplina
2748 864 2950 919 utilitas
2974 905 2989 927 ,
3012 878 3134 923 cum
3168 878 3320 918 mens
3348 880 3506 920 sensu
3534 867 3603 921 sit

2004 954 2205 1009 vacua?
2241 954 2311 1009 Ut
2340 955 2383 1008 si
2423 956 2544 1025 quis
2589 970 2775 1010 ensem
2818 966 3067 1026 gereret,
3099 956 3347 1024 capulum
3383 958 3600 1028 quidem

2005 1054 2315 1114 argenteum
2363 1047 2643 1101 habentem
2667 1087 2682 1111 ,
2712 1047 2909 1101 ferrum
2939 1062 3064 1101 vero
3105 1047 3342 1117 quolibet
3386 1050 3601 1118 plumbo

2005 1138 2324 1193 imbecillius
2354 1157 2369 1191 :
2403 1148 2457 1201 et
2486 1139 2568 1194 bis
2593 1154 2735 1194 enim
2765 1138 2944 1209 lingua
2976 1139 3191 1210 quidem
3222 1141 3399 1196 verbis
3424 1150 3479 1195 et
3506 1159 3603 1195 no-

2004 1229 2236 1284 minibus
2260 1237 2343 1284 est
2370 1238 2573 1295 ornata,
2602 1245 2755 1285 mens
2777 1246 2907 1285 vero
2933 1232 3096 1285 multa
3123 1232 3325 1299 repleta
3351 1242 3434 1287 eSt
3455 1233 3603 1288 infir-

2005 1323 2188 1377 mitate
2209 1363 2224 1387 ,
2247 1333 2301 1379 et
2338 1325 2467 1393 ipsis
2492 1325 2558 1378 ad
2589 1326 2767 1398 omnia
2799 1335 2880 1380 est
2910 1326 3111 1381 inutilis
3144 1344 3157 1379 :
3186 1333 3243 1381 at
3267 1341 3371 1381 non
3400 1328 3477 1382 sic
3506 1327 3614 1381 Ito-‘
3704 1336 3707 1339 ’

2005 1430 2122 1467 rum
2153 1415 2593 1485 philoSOphorum
2616 1460 2630 1483 ,
2665 1417 2759 1473 sed
2801 1418 3011 1487 penitus
3040 1418 3388 1487 contrarium,
3424 1423 3605 1476 multa:

2005 1519 2159 1559 mens
2198 1505 2325 1576 ipsis
2358 1507 2709 1577 phil050pbiae
2747 1508 3038 1578 spiritualis
3067 1518 3149 1564 est
3192 1510 3348 1580 plena
3374 1553 3388 1574 ,
3419 1518 3473 1565 et
3502 1511 3604 1566 do-

2003 1605 2180 1662 gmata
2203 1595 2309 1649 vita
2330 1606 2583 1652 sectatur.
2611 1598 2764 1668 Apud
2786 1598 2887 1654 bos
2906 1614 3012 1654 non
3034 1609 3159 1655 sunt
3179 1602 3431 1657 mulieres
3453 1603 3605 1667 luxu-‘-

2006 1688 2204 1744 riantes
2225 1731 2241 1755 ,
2286 1704 2385 1744 nec
2416 1691 2850 1746 vestimentorum
2891 1702 3115 1747 ornatus
3137 1733 3152 1758 ,
3187 1710 3286 1750 nee
3311 1695 3523 1752 colores
3549 1710 3605 1751 et

2006 1778 2130 1844 fuci,
2157 1780 2252 1834 sed
2277 1780 2453 1835 omnis
2473 1781 2777 1852 bujusmodi
2805 1799 3014 1838 morum
3039 1786 3309 1855 corruptio
3331 1787 3478 1857 pulsa
3497 1800 3601 1845 est.

2006 1869 2159 1941 Unde
2186 1871 2394 1927 facilius
2414 1889 2626 1944 quoque
2650 1874 2922 1930 subditum
2946 1875 3047 1931 sibi
3072 1878 3326 1946 populum
3352 1879 3402 1933 in
3426 1880 3605 1937 mode-

2004 1964 2161 2016 stiam
2189 1962 2478 2030 deducunt,
2507 1974 2561 2022 et
2588 1966 2738 2021 Pauli
2768 1965 2938 2036 legem
2968 1966 3229 2022 velamina
3252 1977 3303 2023 et
3330 1985 3484 2025 escas
3505 1971 3601 2025 hac

1997 2053 2149 2120 bere,
2173 2065 2229 2110 et
2250 2056 2325 2113 nil
2346 2057 2581 2127 amplius
2605 2072 2852 2127 qumrere
2876 2059 3159 2125 jubentem
3179 2062 3251 2129 (l.
3275 2056 3413 2119 Tim.
3439 2065 3493 2120 6.
3515 2066 3593 2135 8),

1998 2147 2170 2202 multa
2222 2164 2347 2204 cum
2397 2150 2679 2221 diligentia
2728 2150 3065 2205 custodiunt.
3123 2154 3284 2224 Apud
3330 2155 3432 2211 bos
3482 2173 3594 2211 non

2003 2243 2086 2289 est
2116 2246 2508 2308 unguentorum
2553 2251 2680 2290 usus
2724 2248 2960 2293 mentem
3003 2237 3296 2300 atlectans.
3327 2241 3421 2295 sed
3462 2252 3601 2300 terra

2004 2324 2198 2383 herbas
2237 2328 2514 2397 proferens
2549 2333 2698 2387 omni
2741 2334 3096 2402 unguentaria
3139 2337 3431 2406 sapientius
3467 2338 3598 2408 ipsis
3648 2326 3659 2335 ’

2003 2420 2202 2475 variam
2245 2421 2437 2478 ﬂorum
2478 2434 2631 2494 parat
2670 2426 3008 2481 suavitatem.
3042 2428 3332 2498 Propterea
3372 2439 3427 2486 et
3471 2432 3600 2501 ipsis

2002 2525 2225 2581 corpora
2248 2528 2369 2568 cum
2396 2516 2591 2571 animis
2616 2530 2745 2585 pura
2776 2517 3002 2572 sanitate
3029 2518 3325 2587 potiuntur,
3350 2523 3601 2590 quoniam
3672 2584 3679 2593 ,

2002 2616 2187 2658 omnes
2218 2603 2436 2660 delicias
2476 2608 2836 2675 expulerunt,
2868 2616 2925 2662 et
2961 2608 3287 2678 nequissima
3327 2612 3603 2669 ebrietatis

2002 2694 2195 2750 ﬂuenta
2226 2690 2559 2768 fugaverunt.
2592 2709 2646 2755 et
2674 2709 2877 2755 tantum
2910 2703 3220 2769 comedunt,
3250 2715 3508 2774 quantum
3534 2708 3600 2762 ad

2004 2786 2286 2843 vivendum
2312 2791 2527 2845 sufficit.
2552 2791 2629 2847 Ne
2652 2792 2796 2860 ipsos
2818 2792 2977 2861 igitur
2996 2808 3060 2849 ex
3081 2793 3265 2849 habitu
3285 2804 3603 2852 contemna-

2002 2893 2143 2959 mus,
2174 2880 2271 2935 sed
2301 2881 2537 2950 ipsorum
2572 2893 2804 2938 mentem
2835 2884 3179 2941 admiremur.
3211 2886 3343 2956 Quae
3374 2904 3603 2960 namque

2001 2956 2281 3047 exterioris
2317 2973 2543 3027 amictus
2584 2975 2818 3039 utilitas,
2860 2991 2981 3030 cum
3027 2977 3202 3031 anima
3248 2981 3496 3037 mendico
3533 2983 3603 3037 sit

2000 3048 2153 3117 omni
2175 3064 2423 3119 miserius
2452 3065 2676 3120 induta?
2712 3066 2892 3121 Virum
2921 3082 3027 3123 non
3058 3085 3088 3124 a
3116 3072 3466 3137 vestimentis,
3492 3074 3603 3130 imo

2002 3168 2102 3207 nec
2130 3153 2199 3206 ab
2225 3154 2342 3222 ipso
2370 3169 2631 3224 corpore,
2666 3158 2759 3212 sed
2799 3158 2868 3213 ab
2904 3161 3081 3215 anima
3113 3161 3329 3218 laudare
3365 3163 3521 3221 decet
3548 3177 3600 3222 et

2001 3242 2276 3298 admirari.
2310 3236 2511 3299 llorum
2538 3249 2771 3303 animam
2812 3266 2947 3306 exue
2972 3293 2987 3316 ,
3017 3260 3072 3306 et
3101 3253 3269 3322 ipsius
3299 3255 3601 3324 pulchritu-

2000 3334 2179 3390 dinem
2207 3335 2412 3391 videbis
2439 3347 2597 3406 atque
2624 3334 2835 3395 divitias
2877 3357 2973 3411 per
3002 3344 3161 3397 verba
3184 3385 3198 3410 ,
3228 3360 3326 3415 per
3354 3347 3599 3420 dogmata

2000 3436 2054 3482 et
2079 3444 2175 3497 per
2195 3443 2407 3483 omnem
2437 3445 2645 3485 morum
2673 3434 3132 3489 constitutionem.

2070 3517 2126 3574 2.
2169 3519 2499 3575 Erubescant
2534 3524 2692 3591 igitur
2717 3525 2947 3595 gentiles
2971 3567 2986 3592 ,
3014 3527 3268 3583 secedaut
3293 3540 3347 3585 et
3368 3530 3611 3587 abscon-

1999 3600 2210 3677 dantur,
2235 3610 2303 3666 de
2318 3612 2429 3666 suis
2450 3613 2810 3685 philosophis,
2827 3615 2895 3672 de
2912 3632 3007 3672 sua
3026 3619 3284 3685 sapientia
3307 3622 3450 3676 omni
3470 3626 3611 3679 stul.

2002 3706 2113 3760 titia
2147 3707 2448 3763 miseriore.
2481 3710 2633 3780 Apud
2663 3711 2805 3780 ipsos
2850 3714 2997 3768 enim
3027 3713 3327 3787 philosophi
3358 3733 3453 3786 per
3480 3719 3601 3775 vitae

2001 3810 2111 3851 sua:
2137 3806 2347 3867 tempus
2372 3799 2458 3853 vix
2487 3816 2686 3869 paucos
2707 3812 2761 3856 et
2789 3802 2943 3859 faeile
2969 3807 3327 3883 numerabiles
3351 3808 3613 3880 dogmata.

1998 3902 2093 3942 sua
2123 3889 2319 3959 docere
2351 3902 2640 3959 potuerunt
2667 3897 2708 3960 ί,
2746 3903 2800 3950 et
2828 3896 2907 3950 vel
2937 3898 3130 3968 exiguo
3159 3900 3599 3971 apprehendente

2001 3982 2242 4050 periculo
2260 3980 2371 4037 hos
2410 3984 2569 4038 etiam
2617 3986 3002 4055 perdiderunt;
3050 3989 3245 4045 Christi
3274 4007 3405 4048 vero
3433 3993 3599 4050 disci-

2001 4072 2131 4141 puli,
2161 4073 2473 4142 piscatores,
2506 4083 2561 4129 et
2588 4076 2873 4145 publicani,
2902 4087 2957 4133 ct
2984 4080 3336 4140 tentoriorum
3360 4094 3594 4155 sutores,

1999 4164 2182 4232 paucis
2210 4165 2365 4220 annis
2408 4174 2577 4221 totum
2607 4168 2864 4223 mundum
2895 4170 2961 4224 ad
2988 4173 3269 4229 veritatem
3307 4186 3594 4235 converte-

1997 4265 2124 4309 runt
2154 4273 2168 4309 :
2198 4265 2253 4311 et
2289 4257 2587 4313 innumeris
2624 4268 2799 4315 tamen
2831 4263 3172 4319 nascentibus
3210 4266 3463 4335 periculis
3489 4285 3595 4324 non

2000 4359 2202 4403 tantum
2228 4365 2333 4404 non
2369 4361 2452 4405 est
2479 4352 2737 4408 exstincta
2765 4354 3106 4424 praidicatio,
3139 4372 3325 4413 verum
3365 4367 3419 4414 et
3442 4360 3599 4418 ﬂoret
3656 4342 3658 4345 V

1998 4455 2060 4496 ac
2092 4441 2142 4495 in
2172 4443 2347 4511 majus
2388 4452 2613 4513 augetur
2637 4486 2651 4507 ,
2685 4453 2741 4499 et
2770 4445 3136 4515 philosophari
3168 4448 3467 4506 docuerunt
3495 4453 3597 4507 ho-

2000 4532 2173 4587 mines
2202 4532 2361 4587 rudes
2387 4544 2440 4598 et
2468 4534 2730 4603 agricolas
2759 4544 2815 4590 et
2856 4538 2996 4591 inter
3023 4548 3265 4596 armenta
3294 4552 3593 4600 versantes.

2000 4622 2060 4677 lli
2087 4632 2279 4691 prmtcr
2298 4634 2490 4679 cmtera
2513 4627 2712 4689 omnia,
2737 4635 2791 4682 et
2811 4628 3048 4683 omnium
3073 4631 3333 4686 bonorum
3351 4648 3591 4701 causam,

2000 4714 2277 4769 caritatem
2306 4716 2595 4773 radicatam
2624 4717 2883 4774 habentes
2910 4721 2952 4785 ³,
2984 4721 3049 4777 ad
3083 4738 3179 4777 nos
3207 4723 3594 4782 festinaverunt

2001 4816 2195 4861 tantam
2220 4817 2501 4865 currentes
2522 4810 2682 4878 viam,
2705 4821 2765 4867 ut
2784 4813 3028 4869 venirent
3048 4822 3103 4869 et
3126 4816 3337 4887 propria
3360 4817 3595 4873 circum-

2000 4897 2358 4967 plectcrentur
2386 4901 2649 4957 membra.

2070 4987 2293 5043 Rursum
2315 4990 2378 5044 de
2388 4992 2801 5063 juramentis.—-
2817 4994 2912 5049 Eia
2937 4996 3097 5066 igitur
3117 5005 3173 5052 et
3199 5014 3296 5053 nos
3324 5015 3422 5070 pro
3443 4999 3598 5057 donis

2001 5080 2135 5146 istis,
2164 5082 2385 5135 caritate
2411 5082 2531 5138 dico
2561 5093 2615 5139 et
2643 5084 2857 5148 all‘ectu.
2885 5088 3072 5141 viatica
3103 5089 3314 5155 dantes,
3348 5090 3425 5144 sic
3452 5092 3596 5161 ipsos

2001 5171 2354 5239 remittamus,
2385 5186 2438 5228 et
2465 5190 2677 5229 rursum
2709 5178 2776 5231 de
2797 5177 3117 5246 juramentis
3147 5194 3451 5235 sermonem
3476 5198 3595 5237 mo-

1999 5277 2240 5325 veamus,
2268 5272 2326 5317 ut
2356 5265 2615 5320 radicitus
2636 5281 2700 5321 ex
2731 5268 2970 5322 omnium
3002 5279 3183 5325 mente
3210 5270 3450 5341 improba
3483 5271 3597 5329 haec

1999 5355 2333 5418 consuetudo
2357 5357 2665 5412 revellatur.
2695 5358 2847 5413 Prius
2872 5368 3050 5414 autem
3076 5360 3198 5416 volo
3224 5377 3392 5433 pauca
3415 5363 3482 5418 de
3509 5364 3593 5418 di-

2000 5446 2100 5501 ctis
2130 5462 2158 5501 a
2191 5447 2343 5500 nobis
2364 5446 2620 5517 superius
2648 5447 2808 5504 hodie
2831 5463 3277 5506 commemorare.
3306 5452 3593 5524 Postquam

2064 5623 2079 5654 ¹
2117 5620 2375 5689 Sic_.\torel.
2401 5620 2540 5671 Savil.
2568 5629 2755 5685 autem,
2780 5624 3014 5689 dogmata
3034 5638 3124 5675 sua
3146 5633 3198 5676 ut
3232 5624 3595 5677 observarentur

1997 5684 2296 5747 persuadere
2328 5689 2602 5747 potuerunt.

2062 5747 2082 5776 ³
2115 5752 2221 5794 Sav.
2249 5752 2301 5809 et
2319 5744 2515 5809 quidam
2554 5753 2660 5809 Mss.
2686 5758 2700 5795 :
2726 5746 2804 5797 sic
2845 5754 3023 5805 prater
3055 5757 3235 5804 caetera
3271 5744 3435 5799 omnia
3464 5745 3613 5803 liena,

2006 5819 2200 5858 causam
2224 5806 2507 5859 citat'italettt
2531 5807 2803 5860 radicatam
2827 5809 3070 5864 (tabentes.
