4232 6320
2211 232 2289 260 \

632 386 728 442 iiii

622 491 766 552 enim
787 509 817 547 a
841 491 1056 548 Perside
1075 488 1280 544 dimissi
1299 486 1467 542 Judtui
1491 497 1547 542 et
1571 487 1639 541 ab
1663 487 1749 539 illa
1778 487 1982 539 liberati
2013 493 2199 552 tyran-

625 586 746 641 nide
769 624 786 650 ,
819 584 871 638 in
899 583 1179 653 propriam‘
1193 579 1401 634 rediere
1429 579 1651 648 patriam
1680 593 1710 631 :'
1738 575 1854 631 Vidi
1890 575 2101 648 falcem,
2125 575 2210 628 iu-

623 677 760 748 quit,
803 677 1052 731 solantem
1079 672 1394 745 longitudine
1426 673 1705 727 cubitorum
1741 671 1931 742 uiginti,
1964 681 2008 723 ct
2039 669 2211 721 latitu-

629 769 747 822 dine
761 769 1040 821 cubitorum
1054 766 1224 820 decem
1245 763 1440 836 (loco.
1465 763 1520 819 5.
1544 765 1596 818 1.
1612 762 1686 832 2)
1707 778 1720 815 :
1740 771 1796 816 et
1823 759 2130 830 prophetam
2149 773 2207 813 se

624 857 905 912 docentem
927 853 1212 910 audierunt
1241 871 1255 907 :
1287 851 1410 907 Hec
1437 861 1508 906 est
1534 850 1820 904 maledictio
1843 849 2099 920 egrediens
2121 864 2207 901 su-

623 965 715 1020 pra
742 947 923 1018 fucicm
969 955 1117 1000 terra:
1136 985 1152 1006 ,
1181 952 1229 997 ct
1271 942 1559 1012 ingrediens
1605 941 1810 995 domum
1839 940 2128 1010 pejerantis,
2158 947 2207 992 et

622 1039 857 1096 dissolvet
881 1039 934 1091 in
971 1035 1134 1090 medio
1159 1075 1176 1100 ,
1203 1041 1249 1087 et
1293 1033 1433 1104 ligna
1469 1040 1520 1086 et
1559 1031 1754 1102 lapides
1792 1031 2010 1084 destruet
2037 1044 2208 1083 omnes

621 1133 642 1204 (
665 1131 744 1186 Ib.
773 1148 820 1184 υ.
853 1130 906 1186 3.
935 1129 1024 1199 ι).
1057 1128 1123 1182 Et
1160 1125 1246 1182 bis
1271 1134 1396 1181 tunc
1425 1125 1578 1180 lectis
1600 1166 1616 1190 ,
1645 1124 2013 1194 quaerebamus
2041 1137 2208 1190 quare

622 1235 727 1276 non
744 1220 981 1290 iuratum
1001 1217 1193 1280 solum,
1215 1215 1310 1271 sed
1332 1216 1493 1271 etiam
1514 1213 1678 1284 ipsius
1693 1213 1909 1269 domum
1927 1211 2202 1268 dissolvit:

620 1321 675 1368 et
700 1312 838 1382 Itane
857 1323 1072 1366 causam
1095 1308 1566 1371 essedieebamus,
1587 1307 1840 1377 quoniam
1863 1305 2208 1376 gravissimo-

621 1402 741 1457 rum
771 1415 955 1472 prunas
991 1408 1334 1474 peccatorum
1373 1397 1487 1452 vult
1515 1397 1657 1452 Deus
1683 1397 1963 1452 continuas
1992 1408 2204 1464 perma-

623 1507 774 1556 nere,
801 1500 858 1546 ut
877 1505 1066 1546 omnes
1092 1500 1210 1559 post
1238 1490 1352 1545 iure
1379 1488 1734 1558 corrigantur.
1761 1488 2020 1554 Quoniam
2049 1485 2206 1549 igitur

623 1583 891 1655 periurum
920 1597 1142 1638 necesse
1165 1593 1249 1639 est
1275 1590 1544 1658 mortuum
1571 1580 1786 1649 sepeliri
1810 1587 1864 1632 et
1888 1587 2046 1634 terrae
2069 1577 2203 1636 sini-

627 1674 725 1728 bus
752 1673 888 1728 tradi
911 1713 927 1736 ,
959 1688 1027 1727 ne
1054 1687 1175 1727 cum
1203 1670 1366 1741 ipsius
1395 1684 1622 1742 corpore
1645 1679 1704 1726 et
1739 1667 1987 1741 iniquitas
2008 1683 2203 1724 conse-

624 1763 869 1832 peliatur,
909 1765 1126 1819 domum
1167 1759 1453 1817 maceriam
1505 1762 1662 1828 fecit,
1714 1771 1774 1818 ut
1821 1770 2204 1832 praetereuntes

619 1849 794 1904 cuncti
816 1849 989 1919 ipsam
1012 1861 1291 1907 cernentes
1313 1861 1368 1907 et
1397 1851 1730 1906 sutl'ossionis
1747 1867 1959 1906 causam
1986 1851 2198 1904 disceu-

619 1953 722 2009 tes,
751 1943 950 2012 peccati
981 1941 1332 1997 imitationem
1376 1941 1597 2011 fugiant.
1638 1943 1750 1996 Hoc
1789 1941 1919 1996 etin
1955 1941 2202 1996 Sodomis

618 2034 812 2090 factum
841 2041 945 2090 est.
978 2034 1262 2104 Postquam
1291 2034 1434 2087 enim
1461 2043 1775 2088 exarserunt
1802 2034 1856 2088 iu
1887 2035 1970 2086 sui
1997 2047 2200 2087 concu-

617 2124 930 2193 piscentiam
971 2133 1207 2178 mutuam
1232 2166 1247 2191 ,
1277 2125 1435 2178 etiam
1470 2135 1624 2177 terrm
1653 2134 1836 2177 natura
1864 2123 1932 2176 ab
1959 2123 2079 2186 igne
2104 2139 2199 2176 stt-

618 2229 780 2282 perne
807 2213 985 2269 delato
1011 2227 1270 2269 succensa
1309 2212 1404 2267 fuit
1431 2212 1598 2285 (Gen.
1637 2212 1746 2282 l9)
1780 2229 1792 2264 :
1821 2212 2031 2267 volebat
2055 2211 2196 2266 enim

618 2303 774 2373 hujus
801 2305 1004 2373 peccati
1045 2303 1304 2359 ultionem
1355 2318 1572 2357 manere
1613 2313 1943 2371 perpetuam.
1975 2303 2038 2357 Et
2074 2312 2199 2357 nota

617 2395 712 2450 Dei
733 2394 1066 2449 clementiam
1096 2411 1110 2446 :
1135 2410 1238 2449 non
1266 2395 1408 2462 ipsos
1430 2402 1735 2462 peccatores
1758 2401 2010 2461 perpetuo
2031 2407 2199 2461 usque.

559 2491 564 2496 '
615 2483 668 2536 in
692 2491 1004 2552 prtesentem
1024 2483 1165 2538 diem
1189 2484 1378 2538 ardere
1405 2482 1548 2547 fecit,
1574 2482 1667 2536 sed
1693 2483 1808 2535 illos
1828 2483 1994 2536 semel
2021 2482 2200 2537 inccn-

613 2589 703 2628 sos
731 2573 1050 2640 occultavit;
1084 2583 1239 2628 terra:
1267 2588 1394 2627 vero
1435 2573 1623 2626 faciem
1651 2586 1962 2626 succensum
1994 2573 2047 2626 in
2077 2587 2196 2626 me-

615 2663 763 2718 dium
784 2664 1031 2719 omnibus
1057 2665 1332 2733 proposuit
1359 2674 1475 2730 post
1497 2661 1612 2717 lucc
1637 2678 1856 2718 cernere
1879 2663 2194 2729 volentibus,

613 2761 668 2807 et
683 2767 824 2807 nunc
839 2754 984 2810 omni
1005 2753 1182 2823 lingua
1207 2753 1400 2807 clarius
1428 2765 1614 2806 omnes
1637 2763 1874 2821 posti-ras
1898 2753 2197 2821 generatio-

611 2856 708 2897 nes
735 2853 891 2897 terrae
925 2853 1230 2898 commonet
1267 2851 1549 2912 aspectus,
1583 2851 1784 2895 tantum
1827 2857 1932 2895 non
1962 2842 2196 2895 clamans

612 2944 666 2987 et
692 2933 897 3000 dicens,
928 2933 1010 2988 Ne
1036 2937 1256 3003 patretis
1282 2935 1634 2988 Sodomorum
1666 2933 1888 2996 scelera,
1919 2948 1984 2985 ne
2011 2948 2196 3001 pinnas

613 3023 888 3093 patiamini
914 3023 1290 3080 Sodomorum.
1313 3023 1421 3078 Nec
1447 3025 1586 3078 enim
1609 3023 1688 3078 sic
1711 3024 1760 3076 in
1787 3032 1992 3078 mentes
2017 3037 2194 3078 sermo

613 3116 891 3183 pervenire
930 3115 1097 3176 solet,
1139 3124 1198 3169 ut
1225 3124 1472 3184 aSpectus
1531 3113 1782 3167 terribilis
1821 3123 1874 3167 et
1915 3129 2007 3182 per
2035 3128 2195 3167 oume

613 3221 822 3275 tempus
845 3203 1166 3259 calamitatis
1191 3219 1382 3274 gerens
1410 3203 1652 3273 vestigia.
1680 3203 1746 3256 Et
1770 3211 2085 3257 attestautur
2105 3204 2193 3271 qui

609 3295 676 3348 ad
703 3295 790 3348 illa
829 3295 943 3348 loca
989 3291 1206 3362 profecti
1235 3302 1396 3359 sunt,
1433 3293 1525 3361 qui
1551 3293 1749 3360 smptus
1773 3291 2101 3358 Scriptorum
2127 3291 2195 3346 de

610 3384 695 3438 bis
715 3384 1016 3454 loquentem
1037 3382 1335 3445 audientes,
1355 3396 1458 3436 non
1484 3382 1708 3435 tnultum
1734 3381 1988 3436 timebant
2007 3403 2020 3445 δ
2050 3390 2198 3451 post-

610 3487 766 3538 quam
817 3488 940 3526 vero
980 3481 1241 3526 venerunt
1283 3483 1336 3527 et
1386 3473 1658 3541 regionem
1708 3472 2099 3538 ascenderunt,
2141 3482 2193 3527 et

613 3565 780 3632 ipsius
800 3578 1012 3618 omnem
1035 3563 1370 3632 superliciem
1393 3563 1640 3617 viderunt
1663 3561 1915 3626 deletam,
1940 3573 1994 3616 et
2015 3563 2197 3617 incen-

611 3658 755 3710 dium
781 3665 904 3710 snnt
927 3656 1239 3726 conspicati,
1267 3665 1320 3709 et
1347 3665 1544 3709 terram
1573 3654 1784 3723 quidem
1815 3670 2072 3724 nusquam
2101 3669 2195 3725 ap.

615 3755 886 3814 parentem
910 3786 927 3812 ,
954 3745 1186 3800 cinerem
1218 3760 1346 3799 vero
1372 3753 1562 3800 cuncta
1593 3757 1750 3813 atque
1776 3744 2010 3798 favillam
2031 3788 2044 3808 ,
2077 3761 2196 3815 pcr-

612 3835 746 3891 culsi
768 3843 820 3889 et
849 3836 1068 3889 multam
1092 3851 1158 3890 ex
1186 3843 1403 3904 aspectu
1429 3835 1517 3888 illo
1542 3837 1812 3910 capientes
1835 3837 2196 3904 temperantia:

617 3926 951 3996 disciplinam
977 3965 992 3993 ,
1021 3932 1099 3980 sic
1126 3926 1370 3980 abierunt
1399 3943 1413 3978 :
1444 3941 1566 3980 nam
1615 3926 1728 3995 ipse
1759 3926 1974 3979 ultionis
2005 3924 2192 3979 modus

616 4017 818 4086 peccati
845 4017 1056 4070 modum
1103 4017 1358 4070 imitatur.
1398 4014 1546 4071 Sicut
1576 4015 1717 4068 enim
1752 4015 1824 4068 illi
1851 4030 2195 4084 congressum

618 4107 954 4162 infecundum
980 4106 1384 4167 adiuvenerunt,
1417 4105 1483 4158 ad
1511 4104 1738 4158 ﬁliorum
1773 4107 2195 4173 procreationem

615 4214 722 4252 non
759 4197 1123 4252 conferentem
1156 4213 1170 4250 :
1198 4197 1276 4250 sic
1327 4195 1564 4264 profecto
1603 4205 1656 4247 et
1702 4195 1838 4248 Deus
1868 4197 2040 4249 intulit
2079 4211 2196 4264 poe-

621 4304 742 4343 nam
765 4329 782 4348 ,
812 4301 932 4356 qua:
975 4294 1130 4339 terra:
1162 4295 1399 4339 ventrem
1443 4285 1654 4354 penitus
1691 4286 1928 4340 Sterilem
1971 4287 2198 4342 reddidit

618 4391 672 4433 et
701 4377 947 4432 omnibus
984 4392 1206 4430 vacuum
1255 4375 1532 4431 fructibus.
1580 4374 1781 4430 Idcirco
1819 4392 1869 4431 et
1907 4377 2195 4446 jurantinm

618 4471 807 4522 domos
827 4485 889 4538 se.
907 4467 1206 4523 deletorum
1234 4469 1464 4522 minatus
1489 4477 1592 4535 est,
1621 4477 1677 4521 ut
1695 4467 1828 4522 alios
1850 4469 2057 4523 illorum
2087 4484 2198 4539 pm-

622 4562 704 4613 nis
733 4559 1083 4614 modestiores
1111 4559 1328 4614 faceret.

692 4651 743 4702 5.
783 4647 1192 4701 Juramentorum
1241 4647 1502 4715 pernicies.
1543 4676 1616 4686 —
1661 4647 1770 4716 Ego
1815 4659 2010 4709 autem,
2044 4650 2198 4704 hodie

618 4749 924 4791 detnottSlro
947 4754 1050 4790 non
1079 4753 1235 4789 unam
1263 4746 1317 4788 et
1343 4737 1475 4789 duas
1505 4748 1558 4790 ct
1588 4747 1696 4792 tres
1724 4740 2200 4809 dutttosjuramen-

622 4832 686 4885 tis
725 4828 1055 4890 destruetas,
1091 4828 1184 4882 scd
1215 4829 1483 4882 civitatem
1518 4838 1680 4882 totam
1708 4839 1758 4882 et
1794 4833 2043 4900 populum
2076 4835 2199 4887 reli-

624 4923 828 4990 giosum
851 4958 868 4983 ,
899 4928 952 4971 et
975 4929 1186 4986 gentem
1219 4920 1381 4970 multa
1411 4933 1620 4986 semper
1649 4917 1980 4987 providentia
2014 4923 2085 4974 uti
2117 4938 2201 4976 so-

627 5013 772 5063 litam
797 5050 812 5072 ,
844 5018 897 5062 et
935 5009 1128 5061 tribum
1169 5009 1352 5063 multis
1391 5009 1624 5076 elapsam
1672 5011 1942 5077 periculis.
1994 5013 2200 5066 Etenim

628 5099 918 5154 Ierusalem
940 5137 954 5162 ,
984 5098 1169 5151 civitas
1216 5098 1305 5150 Dei
1326 5138 1341 5162 ,
1377 5108 1612 5150 sanetam
1660 5116 1837 5154 arcam
1880 5100 2081 5155 habens
2106 5144 2121 5167 ,
2154 5114 2206 5157 et

625 5207 838 5246 onmem
870 5190 1016 5243 illum
1042 5190 1241 5243 cultum
1267 5231 1283 5255 ,
1315 5189 1399 5244 ubi
1440 5191 1709 5258 propheta:
1740 5193 1979 5257 luerunt,
2011 5204 2057 5249 et
2082 5195 2200 5260 Spi-

630 5283 762 5336 ritus
791 5283 955 5349 gratia
978 5322 993 5346 ,
1025 5289 1077 5333 et
1105 5297 1228 5334 area
1252 5323 1267 5345 ,
1299 5292 1353 5336 et
1387 5283 1576 5334 tabulae
1599 5280 1916 5338 Tcstamenti
1943 5325 1958 5349 ,
1990 5297 2042 5340 ct
2073 5301 2203 5340 urna

633 5376 910 5440 aurea,ubi
938 5376 1107 5444 angeli
1127 5389 1270 5441 εςνιιρ
1296 5373 1608 5427 incedebant
1638 5389 1650 5425 :
1680 5374 1795 5428 lmtc
1822 5378 2026 5442 civitas,
2054 5379 2206 5431 innu-

637 5471 800 5524 meris
818 5469 1154 5522 nascentibus
1173 5469 1326 5521 bellis
1345 5477 1396 5520 et
1414 5467 1592 5519 multis
1619 5468 1785 5535 ipsam
1815 5469 2206 5524 incursantibus

631 5559 872 5615 barbaris
894 5601 909 5626 ,
941 5569 1206 5627 tamquam
1247 5572 1402 5610 muro
1432 5572 1496 5611 cx
1535 5557 1815 5611 adamante
1843 5559 2164 5613 circumdata
2190 5600 2205 5624 ,

629 5655 707 5709 sic
730 5668 914 5706 omnes
946 5651 1061 5704 illos
1087 5665 1298 5719 semper
1323 5648 1528 5710 derisit,
1557 5657 1610 5702 et
1641 5649 1854 5717 regione
1881 5659 1987 5703 tota
2009 5650 2206 5719 deleta,

634 5748 760 5800 liillll
793 5758 952 5815 grave
985 5758 1138 5813 passa
1170 5751 1269 5798 est.
1299 5740 1404 5796 Nec
1434 5740 1532 5796 hoc
1559 5741 1728 5795 Solum
1758 5753 1836 5798 est
1857 5740 2168 5800 admirabile
2190 5784 2207 5813 ε

1371 377 1428 432 S.
1468 371 1745 430 JOANNIS
1781 368 2205 430 CIIRYSO$T03

2302 363 2608 423 AllClliEl‘.
2648 367 3181 426 CONS‘I'ANTINOP.
3807 365 3914 424 {92

2315 497 2499 534 verum
2517 491 2571 536 et
2593 481 2733 552 quod
2749 498 2965 554 gravem
2986 499 3131 553 stupe
3152 483 3359 554 plagam
3381 485 3622 543 hostibus
3636 487 3895 558 internus.

2307 573 2386 625 sic
2425 587 2522 626 eos
2553 572 2827 628 emittebat
2857 592 2871 628 :
2900 582 3098 629 tantam
3140 591 3168 627 a
3214 574 3323 631 Deo
3364 589 3517 632 uacui
3555 587 3672 634 erat
3713 581 3898 650 pravi-

2308 661 2541 716 dentiam
2567 702 2582 726 ,
2625 671 2681 716 ut
2723 663 2838 732 ipse
2884 663 3025 720 Deus
3070 665 3318 720 diceret:
3363 664 3508 721 Velut
3535 684 3684 723 uram
3709 669 3764 724 in
3805 671 3901 724 do-

2306 763 2437 806 serto
2478 753 2642 807 inveni
2686 752 2889 821 Israel,
2918 764 2965 809 et
3012 755 3141 810 velut
3181 756 3424 826 signum‘
3453 742 3507 813 in
3547 759 3652 828 ﬁcu
3696 770 3898 830 tempo-

2305 860 2516 898 roneum
2564 845 2668 899 vidi
2705 856 2872 917 patres
2909 848 3136 917 ipsorum
3178 847 3344 920 (Osce
3403 849 3458 906 9.
3505 850 3633 923 40).
3688 853 3756 908 Et
3792 840 3898 910 ite-

2307 950 2426 988 rum
2469 935 2537 990 de
2579 936 2692 1006 ipsa
2740 936 2950 992 civitate
2982 953 3000 990 :
3031 935 3178 992 Velut
3216 954 3379 1010 grana
3426 940 3573 994 oliuae
3609 943 3663 995 in
3698 958 3899 998 summa

2305 1025 2523 1092 excelsi,
2564 1037 2612 1081 ct
2658 1027 2859 1094 dicent,
2914 1027 2998 1082 Nc
3023 1044 3205 1084 noceas
3258 1031 3382 1104 ipsis
3435 1030 3605 1104 (Isoi.
3651 1033 3743 1090 65.
3788 1037 3824 1089 8
3849 1036 3896 1106 ).

2311 1117 2684 1173 Verumtamen
2708 1117 2897 1174 civitas
2921 1119 3031 1176 Deo
3053 1134 3199 1185 cora,
3214 1129 3294 1176 tot
3317 1122 3494 1193 elapsa
3523 1125 3772 1194 periculis
3788 1167 3804 1192 ,
3837 1128 3894 1183 in

2309 1211 2489 1263 multis
2535 1209 2764 1279 peccatis
2807 1209 3017 1265 veniam
3059 1199 3379 1282 assequuta,
3424 1223 3480 1270 et
3517 1231 3634 1285 qtae
3669 1219 3782 1271 sola
3824 1233 3898 1276 ex

2305 1299 2554 1355 omnibus
2584 1301 2702 1356 aliis
2736 1300 3094 1370 captivitatem
3139 1299 3372 1372 cll‘ugere
3415 1287 3628 1373 potuit,
3677 1309 3848 1364 semel
3871 1347 3892 1376 ,

2306 1390 2391 1446 bis
2412 1433 2429 1452 ,
2461 1402 2516 1447 et
2539 1393 2736 1462 strpius
2762 1393 2880 1446 solo
2901 1391 3206 1468 juramento
3232 1403 3495 1470 prostrata
3521 1407 3607 1452 est
3631 1415 3647 1452 :
3675 1409 3732 1454 et
3755 1415 3895 1470 quo-

2312 1483 2477 1540 modo
2509 1485 2560 1540 id
2591 1483 2755 1542 fuerit
2780 1527 2796 1551 ,
2827 1486 3021 1542 dicam.
3063 1486 3187 1545 Fuit
3210 1488 3426 1560 quidam
3463 1487 3722 1549 Sedecias
3751 1490 3897 1564 apud

2308 1573 2452 1644 ipsos
2492 1589 2584 1628 res
2615 1591 2630 1627 :
2663 1575 2751 1630 hic
2791 1576 3041 1632 Sedecias
3069 1578 3427 1649 juramcutum
3453 1580 3602 1637 dedit
3629 1583 3894 1638 barlnro-

2306 1680 2422 1719 rum
2467 1667 2575 1736 regi
2614 1665 3132 1736 Nabuchodonosor,
3179 1685 3240 1726 se
3282 1671 3335 1724 in
3376 1672 3539 1741 ipsius
3578 1676 3895 1732 commilitio

2307 1771 2752 1823 permansurum:
2787 1769 2968 1826 postea
3011 1760 3204 1816 defecit
3248 1771 3303 1817 et
3337 1763 3405 1816 ad
3451 1762 3668 1837 λεωριί
3709 1782 3895 1838 regem

2306 1843 2612 1915 transfugit,
2640 1846 2940 1914 juramenta
2971 1848 3118 1918 parvi
3143 1850 3385 1919 pendens
3408 1892 3424 1917 ,
3451 1862 3508 1907 et
3533 1864 3674 1907 l-‘tlllil
3702 1871 3894 1925 passus

2303 1945 2382 1989 est
2410 1975 2425 2002 ,
2467 1945 2664 2005 quanta
2703 1937 2883 1992 statim
2915 1939 3161 1994 audietis.
3193 1940 3347 1996 Prius
3371 1957 3499 1998 vero
3527 1947 3891 2002 necessarium

2302 2040 2383 2080 csr
2417 2027 2688 2096 propheta:
2716 2029 3018 2096 parabolam
3044 2031 3243 2100 dicere,
3271 2047 3544 2103 perquam
3571 2035 3688 2090 bare
3710 2039 3892 2095 omnia

2302 2118 2638 2188 signiﬁcavit.
2673 2118 2889 2172 Factum
2917 2130 2988 2174 cst
3012 2121 3233 2187 verbum,
3267 2123 3457 2192 inquit,
3488 2123 3698 2180 Domini
3720 2128 3791 2181 ad
3812 2145 3891 2183 me

2304 2209 2477 2263 dicens
2505 2226 2524 2264 :
2549 2209 2656 2263 Fili
2677 2211 2894 2264 hominis
2914 2252 2926 2274 .
2955 2228 3111 2265 narra
3141 2219 3481 2270 narrationem
3501 2255 3519 2283 ,
3550 2225 3599 2271 et
3625 2218 3710 2272 dic
3737 2235 3892 2288 para-

2301 2301 2502 2362 bolum,
2545 2312 2591 2353 et
2619 2302 2753 2355 dices
2778 2321 2792 2356 :
2835 2301 2962 2355 Ha'c
3000 2304 3122 2356 dicit
3155 2304 3356 2358 Adonei
3383 2304 3632 2362 Dominus
3659 2323 3678 2360 :
3701 2309 3891 2379 Aquilo

2299 2393 2524 2472 grandis,
2552 2411 2849 2463 magnorum
2869 2395 3089 2461 alarum,
3112 2397 3263 2464 longa
3287 2401 3593 2465 extensione,
3621 2401 3771 2469 piem:
3795 2418 3889 2456 un-

2298 2485 2479 2554 guibus
2511 2485 2733 2556 (Ezeclt.
2766 2488 2852 2540 i7.
2889 2472 2982 2542 ξοδ
3006 2489 3051 2555 ).
3083 2489 3325 2556 Aquilam
3360 2489 3445 2544 hic
3473 2485 3888 2562 Babyloniorum

2300 2591 2480 2643 regem
2513 2578 2719 2630 vocavit
2749 2593 2762 2628 :
2791 2591 3034 2646 magnam
3074 2589 3251 2632 autem
3294 2579 3462 2648 ipsam
3488 2587 3544 2636 et
3572 2596 3888 2651 magnarum

2299 2669 2500 2719 alartnu
2529 2667 2701 2734 dixit,
2733 2676 2788 2722 et
2825 2669 3034 2740 longam
3071 2671 3392 2726 extensione
3429 2673 3748 2742 plenamque
3787 2691 3887 2728 uu-

2297 2757 2489 2826 gnibns
2522 2759 2848 2824 nominavit,
2874 2770 3093 2830 propter
3120 2763 3388 2815 exercitus
3417 2763 3808 2819 multitudinem
3835 2773 3891 2818 et

2299 2847 2715 2916 magnitudinem
2754 2850 3003 2916 potentia:
3041 2860 3096 2904 et
3138 2851 3457 2906 incursionis
3498 2854 3883 2918 velocitatem;

2298 2937 2438 2991 sicut
2480 2939 2620 2991 enim
2664 2939 2854 3008 aquilis
2911 2949 3037 2993 sunt
3087 2941 3187 2993 ala:
3239 2952 3294 2995 et
3340 2957 3540 3012 ungues
3581 2958 3769 3008 arma,
3809 2945 3890 2998 sic

2298 3026 2494 3080 milites
2520 3027 2732 3096 regibus
2758 3037 2812 3081 et
2837 3027 2979 3097 equi.
3011 3027 3137 3082 Ηωο
3165 3029 3324 3098 igitur
3347 3030 3523 3098 aquila
3558 3029 3722 3085 Habet
3744 3072 3759 3098 ,
3796 3032 3879 3085 iu-

2297 3119 2448 3186 quit,
2480 3119 2686 3172 ductum
2711 3119 2936 3171 intrandi
2973 3120 3026 3172 in
3059 3118 3308 3174 Libanum
3338 3121 3500 3190 (Ibid.
3555 3137 3603 3177 υ.
3636 3116 3712 3192 5i.
3743 3123 3885 3190 Quid

2295 3221 2399 3274 est,
2431 3208 2648 3263 Ductum
2673 3210 2700 3263 .9
2727 3208 3043 3275 Consilium,
3071 3214 3389 3266 sententiam
3419 3231 3433 3279 ;
3466 3214 3723 3269 Libanum
3753 3231 3886 3271 vero

2297 3299 2533 3353 Indicam
2568 3303 2808 3365 vocavit,
2851 3301 2971 3370 quia
3017 3316 3182 3371 prope
3213 3314 3444 3357 montem
3478 3306 3622 3359 illum
3649 3309 3746 3360 sita
3779 3300 3901 3362 est.“

2301 3392 2489 3446 Postea
2519 3392 2816 3460 jurantenta
2847 3394 3032 3448 volens
3058 3403 3112 3448 et
3139 3394 3339 3450 fmdera
3372 3396 3550 3451 dicere
3569 3437 3584 3461 ,
3617 3395 3773 3461 Tulit,
3807 3400 3890 3453 in-

2298 3484 2433 3552 qttit,
2460 3484 2523 3536 de
2547 3486 2734 3538 semine
2750 3497 2898 3538 teme
2916 3525 2930 3550 ,
2960 3495 3006 3538 et
3031 3486 3169 3539 dedit
3193 3487 3245 3539 in
3265 3505 3444 3559 campo
3469 3491 3645 3552 satiro,
3670 3499 3723 3542 ut
3745 3491 3889 3544 acci-

2298 3583 2432 3642 peret
2460 3575 2823 3629 rttdicttlionem
2859 3592 3012 3646 super
3037 3592 3220 3646 aquam
3255 3579 3464 3630 amttam
3491 3594 3510 3632 :
3536 3589 3590 3631 ut
3620 3580 3891 3649 respicereb

2298 3675 2380 3718 tur
2405 3667 2574 3736 posuit
2595 3667 2729 3740 illud
2752 3683 2771 3720 :
2790 3683 3002 3736 cumque
3021 3668 3365 3738 gerntinassct,
3388 3671 3538 3722 crcrit
3559 3671 3612 3722 in
3638 3670 3782 3723 vitem
3803 3672 3889 3724 in-

2299 3757 2500 3825 ﬁrmum
2525 3767 2571 3810 et
2596 3774 2803 3826 parvam
2833 3759 3182 3827 magnitudine
3209 3799 3222 3823 ,
3250 3769 3295 3811 et
3323 3759 3544 3812 extendit
3571 3776 3740 3813 ramos
3766 3777 3891 3815 suos

2299 3852 2366 3902 ad
2390 3851 2529 3915 illum
2551 3891 2564 3913 ,
2588 3862 2634 3903 et
2664 3851 2858 3904 radices
2881 3853 2991 3916 eius
3018 3851 3108 3904 sub
3130 3852 3220 3904 itla
3245 3862 3389 3904 erant
3415 3850 3589 3918 (Ibid.
3611 3867 3658 3904 υ.
3687 3853 3744 3921 5)
3761 3894 3778 3910 .
3797 3854 3890 3908 Cio

2301 3944 2518 3995 vitalem
2541 3957 2669 3996 vero
2689 3941 2984 3994 Jerusalem
3013 3943 3173 3994 vitem
3202 3941 3287 3994 llic
3312 3942 3632 4011 appellavit;
3657 3943 3891 3998 dicendo

2300 4043 2476 4086 autem
2505 4032 2645 4100 quod
2675 4046 2853 4084 ramos
2878 4041 3006 4085 sues
3034 4031 3100 4084 ad
3133 4032 3300 4099 ipsam
3331 4033 3509 4085 emisit
3533 4033 3798 4100 aquilam,
3834 4043 3889 4086 et

2302 4123 2508 4176 raJiees
2530 4122 2644 4190 ejus
2674 4121 2772 4174 sub
2806 4121 2896 4174 illa
2926 4129 3114 4185 erant,
3149 4120 3350 4192 hedera
3377 4120 3689 4189 signiﬁcavit
3716 4131 3882 4181 ει.δο-

2300 4215 2544 4267 cietatcm
2570 4191 2690 4265 etim
2724 4214 2839 4279 ipso
2877 4211 3059 4264 initam
3080 4250 3094 4274 ,
3123 4222 3177 4264 et
3215 4211 3355 4277 quod
3397 4212 3626 4279 seipsam
3657 4211 3707 4265 in
3739 4213 3888 4266 illum

2304 4304 2506 4370 rejerit.
2529 4301 2650 4355 Mox
2676 4301 3006 4370 iniquitatem
3038 4299 3322 4355 Ostendere
3343 4302 3546 4365 volens,
3567 4303 3640 4355 ait
3669 4320 3681 4355 :
3707 4301 3771 4354 Iit
3793 4305 3891 4374 fuit

2301 4393 2470 4460 «quiin
2493 4393 2673 4454 altera,
2699 4390 2768 4444 de
2788 4406 2912 4458 rege
2939 4391 3159 4459 loquens
3181 4387 3452 4460 Egyptio,
3479 4391 3686 4459 grandis
3706 4402 3753 4442 et
3781 4408 3894 4443 ma-

2303 4485 2414 4552 gnis
2444 4483 2538 4535 alis
2570 4482 2837 4550 multisque
2861 4483 3136 4550 unguibus;
3163 4490 3210 4533 ct
3235 4497 3346 4533 ecce
3378 4481 3488 4533 ritis
3516 4481 3610 4532 ista
3631 4482 3893 4550 implicata

2307 4584 2409 4625 erat
2439 4574 2504 4626 ad
2531 4590 2642 4626 eam
2665 4614 2678 4632 ,
2713 4584 2760 4625 et
2786 4573 3055 4640 pampinus
3082 4573 3192 4638 ejus
3221 4572 3273 4623 in
3303 4588 3361 4625 eo
3388 4613 3402 4636 ,
3440 4584 3486 4623 ct
3513 4571 3745 4640 palmites
3771 4589 3892 4627 suos

2303 4665 2523 4717 extendit
2551 4707 2560 4723 ,
2595 4675 2649 4716 ut
2688 4665 2918 4733 irrigaret
2945 4681 3054 4716 eam
3079 4684 3098 4718 .-
3131 4672 3392 4731 propterea
3418 4663 3522 4715 dixi
3547 4704 3562 4727 ,
3609 4661 3732 4716 lituo
3771 4664 3894 4717 dicit

2310 4757 2440 4808 Deus
2468 4772 2486 4809 :
2515 4757 2576 4809 Si
2596 4755 2930 4824 prosperabit,
2969 4757 3069 4808 hoc
3095 4764 3178 4809 est
3204 4797 3218 4819 ,
3247 4771 3366 4824 qua:
3391 4755 3750 4824 juramentom
3784 4771 3892 4808 non

2305 4850 2596 4902 servaverit
2627 4859 2677 4900 ct
2715 4847 2915 4906 hedera
2939 4889 2952 4909 ,
2993 4849 3036 4900 si
3077 4849 3256 4916 poterit
3290 4863 3491 4899 monere
3519 4855 3565 4898 et
3593 4845 3819 4921 salvari,
3847 4855 3896 4899 et

2307 4960 2404 4994 mn
2447 4942 2622 4993 cudere
2650 4940 2664 5001 (
2689 4940 2712 4992 Ι
2724 4941 2824 4994 bid.
2854 4957 2899 4993 υ.
2933 4941 3033 4994 7-9
3056 4941 3096 5009 ).
3137 4940 3254 4993 Mox
3282 4939 3656 4992 demonstrans
3683 4954 3793 4992 nos:
3823 4939 3896 4992 ita

2310 5035 2541 5084 l'nznrnat
2585 5047 2703 5103 esse
2726 5073 2739 5093 ,
2769 5033 2860 5084 sed
2887 5030 3107 5083 omnino
3142 5038 3357 5098 protnter
3379 5030 3739 5098 juramentum
3771 5044 3893 5096 per-

2309 5127 2520 5182 ituram.
2551 5123 2616 5176 de
2646 5139 2796 5190 pmua
2829 5123 2939 5188 ipsa
2967 5121 3215 5185 disserit,
3235 5130 3289 5174 et
3317 5137 3530 5175 causam
3562 5122 3709 5189 ponit
3741 5137 3754 5173 :
3787 5121 3888 5174 Ita-

2311 5218 2442 5268 diccs
2471 5218 2599 5268 enim
2638 5217 2744 5284 ejus
2773 5214 3116 5268 teneritudinis
3141 5255 3156 5279 ,
3199 5223 3245 5266 et
3285 5218 3478 5283 fructus
3522 5222 3769 5282 putrescat
3796 5255 3808 5276 ,
3849 5223 3896 5266 cl.
3934 5279 3936 5282 ν

2313 5318 2530 5360 arescent
2551 5323 2663 5376 (μηδ
2691 5322 2751 5358 ex
2774 5323 2832 5358 cu
2859 5307 3138 5374 germinant
3167 5303 3185 5374 (
3208 5303 3346 5356 Ibid.
3375 5321 3426 5357 υ.
3455 5302 3551 5376 9
3586 5303 3650 5357 Et
3677 5304 3902 5359 domun—

2313 5409 2482 5452 Strare
2510 5386 2692 5451 mets
2733 5397 2873 5464 quod
2925 5414 3028 5449 non
3071 5396 3300 5449 humana
3338 5397 3388 5449 vi
3426 5395 3766 5459 destruetur,
3802 5397 3897 5451 sed

2312 5489 2559 5557 quianam
2591 5505 2683 5555 per
2706 5489 2792 5540 illa
2816 5489 3115 5554 jnramcnta
3144 5487 3307 5539 Deum
3331 5487 3430 5540 sibi
3453 5485 3578 5540 fecit
3600 5486 3898 5553 inimicum,

2314 5579 2583 5648 sul-.jimxit
2615 5598 2627 5633 :
2663 5578 2779 5632 Non
2824 5581 2875 5632 in
2921 5578 3125 5632 brachio
3157 5578 3377 5648 grandi,
3419 5595 3577 5647 neque
3615 5578 3670 5631 in
3714 5585 3904 5648 populo

2377 5693 2392 5723 ί
2430 5690 2677 5752 siestorel.
2708 5698 2759 5738 et.
2779 5690 2972 5752 quidam
3000 5696 3106 5740 Μτε.
3145 5689 3282 5740 Savil.
3309 5696 3368 5740 ct-
3390 5688 3487 5748 alii,
3530 5687 3651 5740 t'clxt
3670 5690 3902 5751 fructton,

2314 5767 2421 5814 pro,
2445 5751 2564 5803 velut
2590 5751 2793 5814 signant.
