4232 6320
305 383 403 440 193

294 494 475 557 multo,
503 499 555 543 ut
587 487 812 543 evelleret
832 503 941 541 eam
969 487 1213 541 radicitus
1236 486 1456 560 (Ezech.
1485 480 1672 556 17.79).
1705 487 1771 541 Et
1795 502 1884 556 pa-

295 583 476 651 raboia
514 578 726 650 quidem
772 578 927 643 inec;
960 595 1171 632 rursum
1213 596 1338 641 vero
1364 579 1598 633 declarat
1623 594 1738 633 cam
1760 619 1775 642 ,
1809 580 1886 632 sic

296 652 539 740 iuquicus
565 689 578 724 :
607 669 738 722 Ecce
758 669 912 722 veniet
935 685 1025 723 rea:
1046 668 1319 739 Babylonis
1340 671 1392 722 in
1412 669 1698 722 Jerusalem
1719 667 1884 739 (Ibid.

226 790 236 799 -
294 780 341 816 v.
379 759 447 814 12
468 762 505 829 ).
540 760 730 814 Postea
756 774 875 814 cum
905 759 955 811 in
988 758 1162 813 medio
1187 760 1429 827 qun-dam
1473 759 1576 812 alia
1615 758 1881 823 dixisset,

289 852 593 920 juramcnta
631 850 759 904 dicit
800 857 853 903 et
896 847 1136 903 hedera:
1171 846 1439 918 Ferietque
1479 864 1593 900 cum
1634 863 1690 900 eo
1720 846 1885 915 {trdus

292 956 308 1000 t
333 941 471 996 Ibid.
498 958 544 995 υ.
579 943 689 1011 £5).
712 941 836 994 Mox
864 948 919 994 et
948 939 1293 1005 rebellionem
1320 940 1504 994 dicens
1529 957 1540 991 :
1574 938 1642 992 Et
1669 939 1882 1002 recedet,

292 1035 499 1103 inquit,
536 1034 601 1088 ab
639 1049 697 1087 eo
737 1033 978 1085 mittendo
1015 1035 1219 1085 nuntios
1244 1032 1298 1084 in
1327 1030 1636 1101 ZEgyptum,
1662 1041 1717 1083 ut
1745 1030 1885 1083 daret

290 1126 385 1179 sibi
425 1142 576 1191 equos
600 1135 650 1179 et
678 1125 920 1194 populum
963 1124 1177 1177 ntnltum
1217 1121 1399 1195 (_Ibid.
1425 1140 1473 1176 v.
1512 1124 1578 1178 15
1606 1127 1644 1190 ).
1674 1123 1741 1177 Ει
1767 1132 1887 1192 post

222 1280 228 1285 ν
293 1214 413 1285 hang
435 1214 631 1278 infert,
663 1214 1037 1268 demonstrans
1065 1222 1283 1282 prepter
1306 1212 1671 1282 jurameutum
1702 1213 1884 1282 perni-

200 1313 206 1317 '
288 1279 428 1358 cierit
470 1314 634 1359 totam
673 1304 953 1367 accidisse,
989 1303 1107 1359 Nisi
1133 1306 1149 1335 ¹
1180 1305 1383 1357 in~loco
1410 1306 1561 1375 regis,
1589 1307 1673 1372 qui
1693 1306 1882 1358 consti-

290 1394 385 1446 tuit
404 1410 519 1447 eum
545 1410 732 1464 regem,
758 1394 846 1464 qui
874 1394 1057 1461 sprevit
1082 1393 1484 1447 maledictionem
1513 1390 1697 1460 meam,
1726 1403 1772 1447 rt
1797 1394 1885 1463 qui

292 1494 635 1555 transgressus
661 1494 731 1538 est
758 1492 1110 1538 testamentum
1134 1500 1326 1550 meum,
1348 1486 1401 1538 in
1427 1486 1590 1538 medio
1611 1484 1883 1556 Babylonis

291 1574 553 1639 morietur,
576 1583 624 1627 et
642 1591 743 1627 non
767 1574 820 1627 in
838 1576 1056 1627 exercitu
1071 1574 1277 1645 grandi,
1308 1590 1397 1628 nec
1418 1575 1469 1628 in
1496 1576 1685 1645 papula
1702 1575 1879 1637 multo,

289 1666 409 1735 quia
441 1668 627 1736 sprevit
664 1666 1009 1734 juramentum
1038 1666 1417 1735 praevaricando
1447 1676 1652 1735 pactum
1680 1674 1882 1732 meum;

290 1756 632 1827 iuramentum
659 1772 820 1808 meum
841 1755 960 1826 quia
985 1757 1195 1825 sprevit,
1213 1767 1258 1809 et
1284 1755 1448 1826 [tedas
1473 1757 1611 1823 quod
1637 1760 1882 1827 praevari-

289 1856 430 1901 cattts
460 1856 533 1901 est
557 1889 571 1911 ,
602 1846 733 1899 dabo
766 1848 1001 1916 incaput
1030 1850 1159 1918 ejus,
1192 1858 1239 1902 et
1268 1849 1556 1917 expandam
1593 1866 1746 1919 super
1769 1868 1884 1904 eum

290 1948 391 1991 rete
410 1955 575 1991 meum
604 1937 764 2008 (Ibid.
780 1955 827 1993 v.
856 1938 1066 2008 16-20).
1087 1938 1249 1992 Vides
1272 1940 1539 2009 quomodo
1567 1957 1671 1995 non
1694 1944 1880 2007 semel,

290 2044 388 2083 nec
427 2027 508 2082 bis
532 2068 548 2093 ,
575 2044 758 2082 verum
785 2040 838 2083 et
863 2029 1058 2099 saepius
1086 2027 1219 2083 dixit
1243 2070 1258 2094 ,
1297 2029 1445 2083 illum
1481 2040 1699 2099 propter
1731 2032 1881 2097 jura-

273 2130 529 2174 -mentum
560 2120 676 2174 inec
700 2121 876 2174 omnia
902 2136 1118 2191 passum
1145 2136 1266 2175 esse
1292 2121 1317 2174 ?
1361 2123 1713 2190 implacabilis
1738 2125 1880 2178 enim

287 2224 371 2266 est
402 2214 571 2273 Deus,
597 2212 915 2280 contemptis
936 2212 1274 2281 iuramentis.
1308 2212 1494 2283 Neque
1519 2230 1648 2269 vero
1678 2198 1881 2268 lautuu‘t

287 2318 353 2358 ex
380 2303 584 2357 ultione
626 2304 825 2358 civitati
855 2304 995 2358 illata
1035 2313 1253 2373 propter
1276 2303 1638 2374 juramentum
1672 2306 1771 2360 hoc
1797 2308 1882 2360 in-

288 2394 529 2464 telligere
570 2394 727 2459 licet,
758 2410 941 2448 verum
969 2402 1024 2450 et
1047 2410 1111 2449 ex
1139 2395 1481 2449 cunctatione
1507 2404 1561 2449 et
1587 2395 1841 2450 dilatione
1864 2436 1878 2460 ,

288 2493 544 2551 quantum
578 2486 716 2540 Deus
753 2485 985 2539 studium
1017 2474 1210 2545 habent
1234 2526 1249 2546 ,
1295 2501 1363 2540 ne
1398 2488 1703 2554 juramenta
1748 2503 1881 2541 con-

287 2576 588 2630 culcentur.
620 2575 836 2630 Factum
864 2588 935 2630 est
966 2576 1107 2631 enim
1126 2620 1139 2641 ,
1170 2577 1370 2645 inquit,
1397 2579 1449 2631 in
1480 2596 1615 2641 anno
1646 2596 1777 2632 nono
1804 2597 1885 2631 re-

286 2670 372 2736 gni
387 2667 516 2736 ejus,
536 2668 589 2719 in
604 2682 772 2720 mense
785 2667 1023 2731 secundo,
1044 2668 1094 2721 in
1117 2665 1309 2720 decima
1327 2669 1528 2729 mensis,
1553 2670 1682 2722 venit
1697 2669 1882 2722 Nalm-

295 2754 633 2822 chodonosor,
657 2772 746 2811 rea:
764 2755 1060 2826 Babylonis,
1090 2767 1136 2811 et
1157 2759 1317 2810 omnis
1341 2760 1587 2811 exercitus
1604 2760 1713 2829 ejus
1731 2776 1884 2828 super

285 2844 591 2911 Jerusalem,
612 2856 658 2899 et
672 2846 989 2900 circumsedit
1004 2863 1136 2912 eam,
1154 2856 1198 2900 et
1213 2847 1458 2900 exstruxit
1479 2848 1531 2899 in
1544 2848 1759 2901 circuitu
1775 2850 1883 2919 ejus

289 2937 609 3001 nmnitiones,
626 2948 673 2990 et
688 2937 861 2989 clausa
878 2945 950 2990 est
963 2937 1156 3002 civitas,
1175 2947 1323 3007 atque
1338 2938 1525 2991 vallata
1547 2954 1701 3005 usque
1714 2937 1782 2991 ad
1797 2955 1897 2992 un-

286 3028 534 3079 decimum
545 3044 735 3080 annum
749 3027 879 3096 regis
900 3026 1143 3091 Sedecite,
1165 3044 1297 3080 nona
1311 3028 1392 3081 die
1410 3030 1614 3090 mensis,
1626 3039 1678 3082 et
1696 3044 1882 3097 prama-

287 3118 379 3170 luit
399 3118 558 3186 fames
578 3118 630 3169 in
651 3118 761 3186 ipsa
784 3118 999 3183 civitate,
1024 3134 1117 3171 nec
1134 3127 1243 3171 erat
1274 3120 1419 3187 panis
1442 3120 1630 3188 populo
1653 3119 1722 3173 ad
1743 3136 1879 3172 cont-

286 3208 550 3271 edendum,
582 3216 627 3260 et
648 3209 804 3261 scissa
823 3217 893 3261 est
913 3209 1087 3262 civitas
1106 3208 1182 3278 (4.
1210 3208 1334 3277 Reg.
1368 3210 1577 3263 25.14
1602 3212 1639 3279 ).
1664 3209 1881 3264 Poterat

287 3304 477 3367 nempe
496 3298 675 3351 statim
697 3313 726 3351 a
746 3299 911 3366 prima
932 3298 1020 3354 die
1045 3298 1187 3368 ipsos
1211 3299 1440 3365 tradere,
1458 3301 1702 3356 etfacere
1722 3302 1881 3356 hosti-

286 3387 383 3440 ιηις
412 3386 650 3441 subditos
681 3403 697 3452 ;
728 3387 820 3443 sed
859 3397 1137 3457 propterea
1169 3390 1378 3445 interim
1416 3390 1574 3445 trium
1617 3402 1878 3447 annorum

286 3486 494 3542 tempus
508 3479 709 3532 conteri
744 3479 1002 3547 permisit,
1022 3488 1076 3534 et
1099 3481 1241 3548 ipsos
1266 3481 1542 3536 obsidione
1563 3482 1729 3550 premi
1753 3499 1877 3553 gra-

286 3567 522 3626 vissima,
539 3578 592 3618 ut
606 3570 1003 3623 ctcxtrinsecus
1022 3570 1245 3623 militum
1263 3569 1472 3635 timore,
1490 3579 1544 3626 et
1561 3573 1878 3627 intrinsecus

284 3656 420 3708 tune
443 3655 710 3709 civitatem
741 3667 1014 3724 premente
1038 3658 1303 3727 castigati,
1332 3661 1415 3714 vel
1440 3661 1667 3716 invitum
1693 3676 1876 3733 regem

279 3738 522 3794 barbaris
544 3737 699 3793 subdi
721 3746 995 3809 cogerent,
1018 3746 1074 3792 et
1095 3737 1308 3808 aliquod
1333 3744 1549 3806 peccato
1579 3739 1880 3792 remedium

279 3830 415 3883 ﬁeri.
447 3828 513 3883 Et
537 3828 680 3899 quod
723 3829 828 3885 hoc
867 3830 938 3883 sit
973 3844 1156 3883 verum
1177 3870 1193 3893 ,
1224 3844 1399 3899 neque
1441 3844 1558 3885 mea
1594 3831 1665 3885 sit
1691 3830 1878 3902 conje-

277 3928 427 3974 ctura
448 3959 464 3984 ,
496 3920 623 3973 audi
651 3920 778 3990 quid
808 3935 905 3989 per
931 3920 1248 3990 prophetam
1285 3920 1355 3975 ad
1393 3921 1568 3991 ipsum
1601 3922 1745 3976 dicat
1772 3942 1786 3979 :
1816 3923 1880 3978 Si

280 4009 462 4064 exieris
484 4009 554 4062 ad
579 4009 731 4064 duces
764 4009 896 4081 regis
936 4008 1213 4080 Babylonis
1238 4051 1255 4077 ,
1298 4011 1426 4063 vivet
1462 4011 1637 4065 anima
1674 4022 1761 4066 tua
1786 4055 1801 4080 ,
1831 4023 1878 4067 et

278 4101 456 4155 civitas
486 4102 593 4156 htec
630 4118 732 4156 non
767 4102 1096 4156 succendetur
1126 4102 1232 4171 igni
1258 4145 1271 4167 ,
1313 4113 1362 4157 et
1390 4105 1522 4159 vives
1548 4115 1601 4157 tu
1625 4114 1672 4158 et
1697 4105 1878 4160 domus

279 4203 385 4246 tua.
413 4191 475 4248 Si
497 4203 665 4247 autem
689 4210 789 4247 non
812 4195 993 4248 exieris
1016 4194 1086 4247 ad
1102 4196 1356 4264 principes
1375 4198 1396 4227 ²
1421 4198 1553 4268 regis
1572 4196 1889 4268 Babylonis,

280 4283 506 4336 tradetur
524 4285 699 4337 civitas
713 4285 821 4338 haec
837 4285 889 4338 in
904 4301 1085 4340 manus
1110 4286 1487 4355 Chaldteorum,
1514 4297 1560 4342 et
1577 4291 1879 4344 succenderit

278 4389 392 4426 eam
414 4373 561 4444 igni,
603 4383 650 4428 et
687 4391 790 4430 non
827 4374 1038 4446 e/fugies
1068 4376 1131 4430 de
1156 4377 1388 4431 omnibus
1417 4395 1610 4434 eorum.
1656 4379 1722 4434 Et
1747 4381 1878 4437 dixit

279 4478 369 4517 rex
387 4461 629 4518 Sedect'as
648 4466 717 4517 ad
735 4465 1012 4519 Jeremiam
1033 4482 1053 4520 :
1079 4466 1346 4521 Rationem
1372 4469 1530 4523 habeo
1548 4470 1875 4537 Judteorum,

277 4557 364 4626 qui
398 4558 634 4627 fugerunt
662 4558 730 4610 ad
758 4558 1026 4613 Chaldteos
1048 4599 1060 4619 ,
1100 4576 1162 4612 ne
1201 4565 1331 4630 forte
1355 4561 1558 4616 tradant
1589 4581 1666 4617 me
1688 4566 1741 4618 in
1772 4582 1879 4620 ma-

278 4665 373 4703 nus
400 4665 591 4713 eorum,
618 4659 666 4703 et
690 4650 909 4703 illudant
932 4652 1075 4723 mihi.
1105 4652 1385 4722 Respondit
1415 4664 1584 4707 autem
1605 4655 1875 4721 Jeremias,

278 4750 325 4792 et
350 4740 481 4793 dixit
510 4741 557 4793 ei
575 4782 591 4807 ,
621 4740 742 4795 Non
765 4751 813 4795 te
831 4741 1031 4795 tradent
1060 4757 1080 4796 :
1105 4744 1230 4796 audi
1258 4760 1424 4796 vocent
1454 4743 1695 4811 Domini,
1726 4764 1879 4816 quam

277 4849 371 4904 ego
401 4832 583 4901 loquor
604 4830 672 4885 ad
696 4843 770 4896 te,
794 4846 841 4885 et
870 4833 1052 4889 melius
1072 4834 1162 4887 tibi
1189 4836 1313 4900 erit,
1342 4845 1388 4889 et
1413 4837 1539 4891 vivet
1563 4841 1736 4893 anima
1766 4851 1873 4893 tua.

282 4922 434 4988 Quod
466 4925 511 4977 si
546 4924 769 4977 uulneris
796 4924 1004 4994 egredi,
1044 4927 1139 4979 iste
1180 4936 1253 4978 est
1284 4943 1447 4981 sermo
1480 4945 1627 4998 quem
1664 4932 1878 4985 ostendit

280 5014 408 5069 mihi
433 5012 684 5069 Dominus
714 5030 733 5069 :
765 5014 898 5070 Ecce
926 5032 1097 5070 omnes
1128 5017 1361 5081 mulieres
1388 5035 1502 5089 qua:
1527 5034 1878 5078 remanserunt

278 5110 333 5163 in
357 5108 511 5161 dativo
535 5109 669 5177 regis
692 5106 726 5159 J
732 5107 833 5161 uda
857 5149 873 5175 ,
913 5108 1189 5162 educentur
1212 5109 1281 5161 ad
1314 5111 1569 5180 principes
1610 5114 1742 5184 regis
1770 5114 1877 5168 Ba-

278 5200 500 5271 bylonis,
528 5210 575 5253 et
610 5200 690 5253 lue
714 5200 879 5253 dicent
904 5215 922 5253 :
950 5199 1278 5255 Seduxerunt
1316 5210 1392 5266 te,
1429 5212 1473 5257 et
1503 5205 1878 5270 prtevaltterunt

278 5292 545 5345 adversum
579 5301 626 5345 te
649 5292 741 5344 viri
770 5291 970 5360 paciﬁci
996 5293 1073 5344 tui
1096 5334 1112 5358 ,
1142 5301 1189 5347 et
1216 5292 1559 5360 praevalebunt
1586 5298 1639 5350 in
1669 5297 1877 5351 lubricis

280 5393 455 5434 contra
486 5382 636 5450 pedes
662 5393 773 5435 tuos
804 5397 822 5436 :
849 5394 1167 5437 recesserunt
1196 5400 1227 5436 a
1258 5396 1306 5438 te
1332 5426 1347 5450 ,
1375 5396 1423 5439 et
1444 5386 1466 5417 ³
1495 5404 1666 5442 omnes
1694 5405 1874 5444 uxores

280 5484 326 5526 et
352 5474 485 5539 ﬁlios
507 5484 619 5527 tuos
639 5474 846 5527 educent
867 5474 933 5527 ad
954 5472 1244 5542 Chaldazos,
1264 5485 1311 5530 et
1336 5493 1437 5531 non
1464 5476 1672 5551 effugies
1696 5497 1876 5536 manus

346 5590 362 5655 ξ
398 5586 534 5655 tegit
554 5586 719 5643 ειη-ει..
744 5594 897 5636 Certe.
925 5595 973 5638 In
992 5588 1120 5655 Bibl.
1135 5603 1256 5655 vero
1276 5604 1291 5639 :
1314 5591 1437 5655 tivo
1459 5606 1547 5655 ego
1571 5594 1613 5643 si
1636 5606 1749 5644 non.

342 5648 364 5677 ³
398 5649 548 5697 fuitin
565 5657 766 5706 Veneta,
789 5662 901 5757 quas
924 5664 1035 5700 cum
1058 5651 1178 5701 Bibl.
1198 5653 1418 5713 quadrat,
1439 5648 1579 5718 u-“gu,
1599 5656 1879 5720 principes;

351 5711 575 5757 omnibus
591 5718 755 5757 autem
778 5724 805 5757 a
828 5713 885 5757 iis
906 5711 1102 5757 legitur-
1123 5714 1409 5757 rrim'inem-

284 5709 329 5759 in
348 5711 575 5776 euntibus
591 5718 755 5776 autem
778 5709 885 5760 aliis
906 5711 1103 5774 legitur,
1123 5709 1409 5776 principem.

342 5771 364 5803 ³
393 5772 483 5821 Alii
504 5772 575 5822 sic
598 5772 813 5823 habent:
846 5781 941 5823 Non
960 5771 1364 5836 i'et'ertentur,et.
1391 5786 1489 5829 ctc.

1148 377 1240 432 AD
1277 377 1596 435 POPULUM
1638 370 2125 441 ANTIOCIIENUM
2188 372 2417 430 IIOMIL.
2457 370 2578 431 XIX

3482 369 3584 423 194

1996 502 2188 554 eorum,
2216 489 2336 557 quia
2355 490 2407 542 in
2436 505 2588 542 manu
2618 488 2749 558 regis
2773 486 3050 558 Babylonis
3075 487 3311 557 capieris,
3338 496 3387 541 et
3411 489 3583 541 civitas

1992 578 2099 632 hcec
2141 578 2460 633 comburetur
2501 580 2607 650 igni
2640 578 2851 650 (Jerem.
2879 581 2967 634 38.
3000 580 3063 633 17
3115 578 3187 633 23
3216 579 3256 648 ).
3299 578 3403 633 Sed
3437 589 3583 650 post-

1991 684 2149 740 quam
2198 684 2303 723 non
2331 672 2594 739 persuasit
2623 670 2737 724 hzec
2766 670 2949 724 dicens
2973 711 2987 734 ,
3030 669 3127 724 sed
3153 670 3349 725 mansit
3376 671 3426 723 in
3457 688 3586 739 pec-

1973 769 2111 832 cato
2137 769 2190 817 et
2220 761 2497 828 iniquitate
2525 803 2540 828 ,
2584 754 2704 831 post
2739 771 2847 815 tres
2873 776 3043 815 annos
3067 760 3340 816 civitatem
3372 762 3592 819 tradidit

1993 849 2134 904 Deus
2156 892 2172 916 ,
2200 861 2254 906 et
2282 852 2621 906 clementiam
2651 867 2801 905 suam
2832 852 3208 906 demonstrans
3237 861 3291 906 et
3334 852 3475 907 illius
3505 854 3590 907 in-

1989 950 2197 1007 gratum
2231 940 2488 995 animum.
2535 941 2598 994 Et
2638 941 2862 1010 ingressi
2894 957 3016 995 cum
3061 956 3250 1012 magna
3297 942 3585 1009 facilitate,

1992 1030 2082 1083 Dei
2114 1039 2167 1083 et
2192 1031 2331 1100 regis
2357 1031 2573 1085 domum
2599 1031 2949 1086 incenderunt
2972 1041 3027 1085 et
3052 1032 3244 1086 domos
3272 1031 3586 1098 Jerusalem,

1990 1127 2045 1173 et
2070 1135 2282 1175 omnem
2309 1137 2552 1193 magnam
2580 1121 2797 1177 domum
2830 1123 3063 1177 incendit
3107 1125 3359 1192 princeps
3388 1138 3584 1195 coquoo

1989 1225 2107 1263 rum
2136 1219 2191 1265 et
2220 1227 2428 1267 murum
2454 1212 2755 1268 Jerusalem
2782 1214 3084 1281 subvertit,
3126 1225 3178 1269 et
3217 1216 3417 1286 ubique
3453 1216 3593 1285 ignis

1988 1302 2335 1367 grassabatur
2362 1303 2695 1368 barbaricus,
2716 1304 3027 1372 juramento
3064 1304 3238 1375 ignem
3279 1307 3507 1361 ducente
3534 1316 3592 1370 et

1990 1388 2257 1445 ﬂammam
2287 1392 2481 1459 passim
2508 1396 2906 1464 eircumagentc
2935 1412 2948 1449 :
2976 1405 3030 1449 et
3076 1396 3330 1465 populum
3373 1398 3423 1450 in
3460 1398 3588 1451 civi—

1990 1490 2099 1536 tate
2118 1483 2361 1537 relictum
2384 1492 2440 1537 et
2459 1485 2547 1553 qui
2572 1486 2893 1540 transierant
2914 1486 2979 1539 ad
3003 1502 3181 1557 regem
3206 1490 3587 1557 transportavit

1990 1572 2236 1643 princeps
2265 1587 2554 1643 coquorum
2586 1576 2673 1646 (4.
2702 1576 2826 1647 Reg.
2856 1574 2981 1647 $5).
3011 1576 3078 1630 Et
3107 1577 3370 1633 columnas
3393 1595 3552 1634 cereas
3572 1620 3591 1646 ,

1987 1680 2100 1734 quw
2127 1675 2270 1719 erant
2298 1666 2349 1719 in
2376 1667 2523 1719 domo
2562 1665 2773 1721 Domini
2797 1708 2812 1733 ,
2853 1676 2900 1722 et
2933 1667 3096 1734 bases,
3130 1679 3174 1722 et
3202 1686 3342 1723 mare
3369 1686 3589 1737 amcam,

1987 1752 2124 1827 quod
2153 1767 2258 1810 erat
2279 1759 2330 1811 in
2352 1759 2503 1812 domo
2528 1757 2751 1825 Domini,
2776 1763 3128 1831 confregerunt
3160 1759 3392 1815 Chaldazi
3421 1780 3439 1817 :
3461 1763 3595 1818 ollas

1987 1863 2183 1916 quoque
2205 1863 2382 1914 aereas,
2408 1857 2453 1902 et
2478 1849 2780 1919 fuscinulas,
2804 1858 2850 1902 et
2876 1849 3096 1919 phialas,
3116 1858 3164 1903 et
3196 1852 3510 1915 mortariola,
3543 1863 3593 1906 et

1988 1937 2158 1989 omnia
2195 1953 2315 1990 vasa
2352 1953 2486 1991 terea
2526 1939 2778 2008 inquibus
2817 1939 3210 2004 ministrabant,
3254 1943 3474 1995 tulerunt
3502 1959 3526 1995 τ
3549 1950 3595 1995 et

1990 2030 2264 2095 thuribula,
2287 2040 2332 2083 et
2358 2031 2557 2101 phialas
2577 2046 2757 2085 aureas
2786 2040 2833 2085 et
2853 2041 3117 2100 argenteas
3145 2033 3367 2086 tulerunt
3397 2048 3417 2087 :
3436 2042 3484 2088 et
3502 2050 3593 2088 co-

1989 2122 2189 2175 lumnas
2205 2122 2331 2173 duas
2348 2132 2391 2174 et
2408 2122 2567 2183 bases,
2584 2130 2628 2173 et
2642 2138 2783 2177 mare
2798 2122 2935 2193 quod
2950 2124 3068 2190 fecit
3095 2124 3342 2178 Salomon
3362 2126 3416 2178 in
3439 2126 3590 2179 domo

1990 2211 2214 2285 Domini,
2245 2214 2357 2266 tulit
2390 2211 2757 2279 Nabnzardan,
2789 2213 3023 2283 princeps
3049 2230 3325 2284 coquornm
3349 2232 3367 2269 :
3394 2226 3440 2268 et
3466 2218 3589 2268 tule-

1988 2311 2106 2354 runt
2129 2319 2325 2372 quoque
2346 2300 2560 2356 Saream
2586 2303 2807 2372 primum
2829 2303 3159 2370 sacerdotem,
3191 2314 3238 2356 et
3266 2305 3480 2374 Saphan
3505 2323 3593 2359 sa-

1988 2394 2238 2448 cerdotem
2266 2394 2562 2459 secundum,
2586 2403 2629 2448 et
2658 2404 2755 2449 tres
2777 2395 2864 2466 qui
2888 2394 3236 2448 custodiebant
3261 2395 3433 2462 limen,
3458 2406 3507 2452 et
3530 2397 3595 2453 de

1988 2487 2187 2539 civitate
2211 2487 2495 2539 eunuchum
2520 2503 2698 2552 unum,
2717 2487 2803 2555 qui
2830 2496 2935 2539 erat
2970 2489 3239 2557 praefectus
3265 2503 3417 2558 super
3434 2487 3595 2547 bella-

1989 2585 2119 2629 tores
2143 2578 2295 2640 viros,
2322 2586 2368 2628 et
2387 2577 2605 2648 quinque
2624 2576 2754 2630 viros
2775 2576 2838 2630 de
2863 2576 2941 2629 his
2956 2576 3040 2644 qui
3063 2576 3295 2630 videbant
3314 2578 3495 2648 facient
3511 2596 3596 2633 re-

1987 2667 2084 2737 gis,
2099 2677 2144 2719 et
2166 2666 2379 2737 Saphan
2396 2667 2674 2737 principem
2689 2667 3010 2731 exercitus,et
3024 2668 3313 2731 scribam,et
3330 2668 3595 2738 sexaginta

1988 2757 2117 2809 viros
2136 2798 2150 2821 ,
2173 2766 2219 2810 et
2236 2757 2349 2809 tulit
2365 2773 2468 2823 cos,
2496 2766 2542 2811 et
2567 2756 2781 2810 abduxit
2796 2755 2865 2808 ad
2884 2772 3051 2825 regem
3069 2755 3368 2825 Babylonis,
3391 2773 3594 2825 percus-
3647 2746 3651 2751 ’

1986 2848 2148 2916 sitque
2163 2862 2243 2900 eos
2259 2863 2349 2900 rea:
2372 2845 2647 2917 Babylonis
2661 2855 2708 2899 et
2729 2846 2978 2916 interfecit
2992 2862 3076 2900 eos
3093 2843 3149 2916 (1
3155 2845 3259 2899 bid.
3290 2862 3340 2900 v.
3371 2847 3592 2916 15-21).

1988 2936 2170 3006 Itaque
2196 2938 2481 2992 recordare
2496 2937 2621 2991 mihi
2655 2936 2804 2991 l‘alcis
2820 2937 3046 2991 volantis
3061 2946 3112 2991 et
3132 2938 3520 3007 requiescentis
3538 2940 3593 2995 in

1988 3028 2150 3081 domo
2173 3029 2402 3099 jurantis
2424 3070 2437 3094 ,
2478 3037 2532 3083 et
2565 3028 2799 3098 parietes
2823 3027 3150 3083 destruentis
3173 3036 3230 3082 et
3275 3028 3417 3099 ligna
3437 3039 3494 3085 et
3519 3030 3595 3083 Ia-

1986 3120 2141 3187 pidcs
2169 3138 2181 3173 :
2211 3121 2495 3175 recordare
2521 3121 2650 3174 mihi
2676 3118 2944 3190 quomodo
2965 3118 3330 3189 juramentum
3365 3121 3467 3177 hoc
3493 3138 3586 3176 ur-

1988 3211 2108 3263 bem
2139 3211 2431 3280 ingressum
2454 3254 2469 3275 ,
2514 3219 2675 3279 atque
2714 3211 2905 3266 domos
2933 3222 2986 3264 et
3008 3212 3267 3281 templum
3299 3222 3353 3266 et
3391 3215 3589 3270 muenia

1985 3302 2315 3369 aedificiaque
2344 3301 2618 3370 splendida
2649 3301 2930 3365 destruxit,
2963 3310 3018 3356 et
3043 3303 3328 3357 maceriem
3361 3302 3488 3358 fecit
3510 3305 3589 3359 ci-

1988 3396 2221 3457 vitalem,
2244 3402 2297 3446 et
2316 3408 2489 3461 neque
2510 3401 2695 3446 sancta
2718 3401 3045 3456 sanctorum,
3070 3408 3243 3462 neque
3263 3408 3414 3449 sacra
3437 3410 3588 3460 vasa,

1986 3498 2085 3537 nec
2111 3483 2249 3537 aliud
2268 3484 2555 3553 quidquam
2580 3498 2790 3553 plenam
2814 3492 2870 3538 et
2896 3484 3154 3539 ultionem
3190 3484 3337 3539 illam
3367 3488 3583 3551 avertit,

1984 3574 2105 3642 quia
2137 3574 2387 3627 violatum
2426 3572 2599 3627 fuerat
2634 3575 3017 3642 juramentum.
3056 3574 3124 3628 Et
3144 3576 3331 3630 civitas
3360 3568 3579 3645 quidem

1982 3670 2090 3716 tam
2120 3662 2495 3717 miserabiliter
2516 3662 2842 3727 solvebatur,
2868 3678 2962 3717 rex
2987 3670 3166 3717 autem
3197 3664 3279 3717 his
3303 3665 3586 3720 miserabi-

1960 3736 2118 3797 ‘liora
2146 3748 2199 3794 et
2228 3741 2460 3795 tristiora
2489 3740 2826 3812 patiebatur:
2855 3750 2907 3796 et
2936 3743 3076 3805 sicut
3099 3743 3321 3798 aedilicia
3353 3743 3457 3798 falx
3486 3746 3583 3798 ista

1985 3833 2173 3888 volans
2205 3830 2506 3898 destruxit,
2552 3833 2629 3888 sic
2663 3842 2719 3887 et
2762 3832 2903 3888 hunc
2942 3832 3232 3903 fugientem
3272 3834 3589 3904 absumpsit.

1985 3920 2233 3992 Egressus
2280 3921 2424 3976 enim
2468 3930 2539 3974 est
2575 3938 2665 3975 rea:
2687 3962 2701 3983 ,
2746 3921 2919 3992 inquit
2944 3962 2958 3986 ,
3005 3931 3149 3977 nocte
3181 3923 3244 3977 de
3271 3924 3471 3979 civitate
3500 3942 3591 3994 per

1985 4012 2115 4065 viam
2159 4021 2321 4080 portis
2347 4052 2363 4076 ,
2394 4021 2444 4065 et
2482 4010 2713 4066 Chaldai
2755 4013 3197 4067 circumdederunt
3225 4015 3475 4069 civitatem
3499 4057 3514 4081 ,
3544 4025 3593 4070 et

1984 4113 2311 4173 persequutus
2331 4092 2403 4157 est
2428 4105 2677 4159 exercitus
2697 4102 3054 4158 Clutldtvorum
3084 4115 3197 4172 post
3222 4122 3410 4175 regem,
3434 4115 3480 4161 et
3505 4123 3592 4162 eeo

1984 4205 2165 4266 perunt
2194 4211 2348 4261 eum,
2392 4205 2441 4249 et
2477 4195 2961 4265 comprehenderunt
3007 4213 3173 4267 regem
3194 4238 3209 4263 ,
3250 4207 3294 4251 et
3336 4198 3592 4253 duxerunt

1983 4289 2151 4357 ipsum
2174 4288 2243 4340 ad
2269 4304 2437 4358 regem
2463 4286 2763 4357 Babylonis.
2796 4286 2863 4341 Et
2885 4288 3122 4355 loquutus
3151 4298 3224 4342 est
3250 4306 3340 4344 rex
3370 4288 3592 4361 Babylo-

1983 4378 2063 4441 nis
2090 4395 2205 4431 cum
2233 4379 2448 4432 Sedecia
2466 4378 2746 4449 judicium,
2765 4388 2812 4432 et
2833 4379 3017 4432 occidit
3043 4380 3180 4449 ﬁlios
3204 4381 3363 4451 ipsius
3388 4383 3441 4435 in
3463 4398 3589 4435 ocu-

1984 4469 2048 4523 lis
2073 4474 2204 4539 ejus,
2233 4479 2281 4524 et
2308 4471 2479 4524 oculos
2507 4471 2734 4525 Sedecite
2753 4473 3043 4537 excrecavit,
3067 4482 3115 4525 et
3134 4473 3291 4527 vinxit
3310 4490 3426 4527 eum
3446 4491 3587 4528 com-

1983 4562 2191 4633 pedibus
2212 4602 2227 4627 ,
2260 4572 2305 4615 et
2337 4561 2545 4616 abduxit
2572 4562 2623 4615 in
2653 4560 2963 4632 Babylonem
2998 4561 3096 4634 (ιι.
3130 4562 3259 4634 Reg.
3289 4563 3381 4619 25.
3410 4564 3577 4636 4·7-).

1983 4652 2121 4720 Quid
2145 4662 2249 4717 est,
2273 4652 2536 4722 Loquatus
2560 4662 2634 4707 est
2661 4669 2775 4706 cum
2804 4654 2914 4724 ipso
2933 4653 3190 4723 judicium
3210 4654 3237 4707 2’
3256 4655 3340 4710 Ab
3367 4657 3482 4725 ipso
3502 4672 3590 4710 ra-

1984 4749 2157 4798 tiones
2184 4744 2449 4812 repetivit,
2478 4743 2737 4800 ralionem
2768 4744 2945 4812 posuit
2963 4759 3083 4799 cum
3115 4744 3250 4815 ipso,
3278 4756 3333 4801 et
3355 4746 3585 4816 primum

1985 4832 2151 4906 ip'sius
2178 4834 2317 4890 ﬁlios
2343 4834 2606 4905 jugulavit
2624 4875 2641 4901 ,
2670 4845 2727 4890 ut
2766 4837 2994 4906 propriae
3022 4837 3342 4892 calamitatis
3369 4847 3587 4907 specta-

1985 4937 2068 4980 tor
2094 4927 2242 4979 lieret
2271 4944 2282 4978 :
2312 4937 2366 4979 et
2398 4937 2677 4995 postquam
2704 4928 3016 4993 tragoediam
3049 4928 3193 4982 illam
3222 4930 3578 4991 miserabilem

1982 5012 2133 5079 vidit,
2155 5023 2283 5069 tunc
2303 5015 2451 5069 illum
2471 5021 2782 5074 excascavit.
2802 5018 2919 5086 Qua
2939 5022 3006 5077 de
3026 5038 3189 5077 causa
3214 5039 3435 5079 rursum
3455 5024 3566 5082 hoc

1982 5103 2193 5171 agitur?
2220 5103 2287 5157 Ut
2313 5107 2573 5174 magister
2600 5108 2851 5163 barbaris
2880 5110 3059 5179 abeat,
3091 5121 3146 5167 et
3175 5112 3286 5167 illic
3314 5114 3563 5169 habitan-

1982 5196 2127 5249 tibus
2157 5194 2362 5251 Judzeis
2382 5237 2397 5263 ,
2423 5209 2483 5253 ut
2510 5212 2801 5256 cernentes
2825 5218 2921 5271 per
2945 5214 3279 5260 excaecatum
3312 5206 3522 5262 discant
3542 5248 3561 5274 ,

1981 5297 2247 5356 quantum
2275 5290 2400 5343 mali
2430 5291 2921 5361 sitjuramentum;
2946 5311 3045 5351 nec
3068 5296 3143 5349 illi
3170 5312 3298 5351 vero
3323 5307 3558 5362 tantum,

1982 5395 2170 5433 verum
2190 5390 2243 5434 et
2260 5396 2417 5435 secus
2431 5382 2575 5435 viam
2594 5400 2784 5440 omnes
2802 5386 3382 5452 liabitantes,vinctum
3396 5402 3449 5447 et
3464 5410 3563 5447 ca:-

1982 5479 2164 5525 catum
2187 5472 2479 5539 intuentes,
2499 5490 2593 5543 per
2616 5477 2944 5535 calamitatis
2972 5482 3402 5553 magnitudinem
3432 5500 3561 5554 pec-

1982 5563 2087 5615 cati
2104 5564 2314 5633 poudus
2328 5566 2560 5621 discant.
2575 5568 2864 5638 Propterea
2884 5573 3273 5643 prophetarum
3291 5577 3424 5631 alter
3438 5594 3507 5648 qu
3518 5579 3561 5632 i-

1982 5655 2107 5708 dum
2125 5658 2204 5711 sie
2223 5659 2417 5727 inquit,
2436 5658 2559 5713 Non
2575 5661 2767 5715 videbit
2786 5662 3107 5734 Babylonent
3126 5666 3340 5736 (Ezech.
3356 5668 3436 5723 I2.
3452 5670 3556 5729 liii:

2000 5749 2135 5806 alter
2158 5763 2304 5817 vero,
2331 5748 2394 5803 1η
2423 5749 2733 5820 Babylonem
2761 5747 3039 5807 abducetur
3065 5752 3277 5825 (Jcrem.
3309 5757 3397 5813 32.
3427 5760 3503 5833 ὅ).
3522 5764 3592 5821 Et
