4232 6320
698 360 799 419 Π)ΐὶ

691 458 946 517 contraria
963 458 1175 529 quidem
1199 457 1472 529 prophetia
1491 471 1611 511 esse
1632 455 1858 518 videtur.
1884 454 1980 511 sed
2008 468 2110 508 non
2136 461 2218 507 est
2242 470 2258 507 :

689 557 802 606 tneo
822 550 977 604 ambo
991 563 1144 603 vera:
1165 544 1361 604 et'enim
1384 546 1705 613 Babylonem
1723 557 1828 599 n'on
1847 544 1995 606 vidit,
2009 544 2131 596 etin
2153 541 2261 595 Ba-

687 639 934 715 bylonem
951 641 1210 694 abductus
1225 647 1327 692 est.
1341 635 1617 703 Quomodo
1634 637 1792 705 igitur
1810 634 2132 703 Babylonem
2153 648 2256 684 non

681 730 857 785 vidit?
882 729 1138 798 Quoniam
1169 729 1219 781 in
1236 726 1421 782 .Iudtea
1443 736 1737 780 exeazcatns
1762 733 1861 779 est.
1900 722 1995 778 Ubi
2026 737 2255 790 namque

681 822 1036 891 juramentum
1061 826 1297 888 spretum
1320 825 1423 879 est,
1442 816 1511 870 ibi
1541 824 1595 870 et
1619 813 1939 868 vindicatum
1968 819 2068 872 est,
2089 821 2143 864 et
2171 812 2253 861 ut»

684 911 879 966 tionem
908 909 1021 977 ipse
1046 907 1312 961 sustinuit.
1340 904 1616 972 Quomodo
1642 902 1900 957 abductus
1916 910 2002 955 est
2022 899 2254 970 Babylo-

680 1000 840 1059 nem?
862 1000 1111 1070 Captivos
1134 999 1322 1052 factus.
1349 996 1607 1063 Quoniam
1636 996 1778 1050 enim
1812 994 1932 1048 duae
1956 1002 2110 1049 erant
2139 1008 2256 1062 pm-

680 1106 795 1158 nte,
828 1091 1111 1147 excaecmio
1133 1099 1187 1142 et
1212 1088 1524 1156 captivitas,
1554 1086 1940 1141 distribuerunt
1966 1083 2107 1154 ipsas
2134 1097 2257 1151 pro-

681 1182 854 1251 phetat
870 1198 883 1233 :
901 1190 955 1234 et
980 1179 1065 1232 hic
1082 1178 1316 1247 quidem,
1338 1176 1391 1231 Ν
1394 1193 1458 1230 on
1478 1176 1681 1242 videbit,
1708 1175 1895 1245 inquit,
1912 1172 2249 1243 Babylonem,

679 1272 845 1339 ipsius
869 1272 1279 1324 excmcationetn
1308 1269 1490 1322 dicens
1515 1285 1529 1321 :
1560 1266 1651 1322 ille
1677 1281 1804 1321 vero
1823 1266 1914 1331 ait,
1941 1262 2009 1318 In
2028 1262 2249 1333 Babylo-

679 1376 791 1414 nem
824 1360 1115 1419 abducetur,
1146 1358 1310 1427 ipsius
1336 1357 1642 1428 signiﬁcans
1666 1355 2049 1424 captivitatem.

744 1453 799 1508 ι.
839 1449 1052 1505 Muralis
1087 1450 1385 1503 exhortatio.
1408 1476 1482 1488 —
1504 1447 1629 1502 llaec
1660 1446 1816 1515 igitur
1846 1445 2108 1507 scientes,
2141 1443 2248 1503 fn—

676 1552 815 1607 tres,
843 1550 896 1595 et
922 1556 1061 1595 nunc
1096 1544 1233 1595 dicta
1259 1550 1311 1594 et
1346 1550 1469 1594 ante
1507 1538 1621 1592 haec
1657 1546 2069 1592 commemorata
2097 1534 2249 1588 coiti-

671 1642 876 1700 gentcs,
896 1632 964 1684 ab
990 1626 1087 1684 hac.
1113 1629 1325 1684 tandem
1350 1629 1507 1682 stulta
1535 1641 1806 1682 cessemus
1830 1623 2246 1679 consuetudine:

672 1724 749 1777 sic
775 1738 903 1792 rogo
939 1733 992 1777 et
1015 1736 1111 1775 oro
1140 1737 1230 1774 vos
1259 1734 1464 1773 omnes.
1498 1718 1553 1773 Si
1594 1718 1734 1771 enim
1776 1716 2094 1785 antiquitus,
2125 1728 2245 1766 cum

670 1813 837 1869 Judaei
865 1814 929 1867 ad
957 1812 1241 1882 perfectam
1262 1810 1591 1879 disciplinam
1626 1824 1730 1862 non
1755 1806 2119 1875 exigebantur,
2152 1804 2244 1858 sed

670 1905 830 1957 multa
860 1911 976 1959 erat
1004 1902 1344 1971 indulgentia,
1370 1910 1509 1953 tanta
1540 1906 1759 1969 propter
1787 1910 1948 1949 unum
1972 1896 2245 1964 juratnen-

670 2002 778 2045 tuin
806 1993 901 2051 ira.
928 2000 1127 2044 tantum
1153 1990 1437 2052 excidium,
1473 1997 1612 2041 tanta
1643 1986 1919 2052 captivitas
1949 1982 2079 2036 fuit:
2112 1980 2239 2049 quid

666 2096 956 2149 congruum
976 2089 1055 2132 est
1082 2092 1219 2131 utine
1246 2092 1491 2145 passuros
1511 2089 1629 2129 esse
1643 2074 1901 2142 iurantes.
1927 2082 2044 2141 post
2072 2072 2240 2139 legem

668 2170 766 2224 hoc
802 2169 976 2223 facere
1015 2168 1379 2237 prohibentem
1410 2175 1687 2221 ettantqu
1718 2163 2082 2216 mandatorum
2111 2176 2243 2231 ang-

668 2260 940 2315 mentum?
984 2258 1120 2313 Num
1163 2258 1302 2311 enim
1347 2256 1448 2309 hoc
1488 2256 1565 2309 rs’t
1600 2254 1741 2323 quod
1778 2253 2049 2321 queritur,
2085 2261 2139 2304 ut
2176 2250 2241 2303 ad

664 2350 902 2419 synaxim
932 2348 1204 2400 veniamus
1239 2355 1294 2400 et
1330 2344 1605 2397 audiamus
1642 2358 1758 2412 quae
1798 2340 2085 2394 dicuntur?
2132 2340 2242 2393 lloc

663 2440 883 2507 quidem.
902 2449 955 2491 et
990 2436 1243 2505 judicium
1273 2436 1441 2503 majus
1466 2444 1579 2497 est,
1610 2444 1662 2487 et
1688 2448 1841 2502 paena
1888 2432 2204 2485 inmitabilis
2223 2470 2238 2494 ,

663 2529 873 2598 quando
897 2536 1150 2597 perpetuo
1178 2527 1451 2580 audientes
1478 2542 1581 2579 uen
1610 2524 1889 2593 implemus
1915 2538 2031 2592 qua:
2054 2522 2239 2575 dicun-

662 2629 764 2675 tur.
792 2620 961 2686 Quam
988 2618 1130 2672 enim
1158 2616 1467 2669 habebimus
1494 2613 1894 2668 defensionem?
1920 2628 2077 2681 quam
2110 2626 2238 2664 vero

662 2715 863 2765 veniant
890 2752 905 2776 ,
937 2726 1056 2764 cum
1081 2725 1114 2763 a
1141 2710 1305 2777 prima
1345 2723 1441 2762 nos
1468 2719 1623 2761 auate
1652 2722 1815 2774 usque
1854 2706 1905 2757 in
1940 2714 2234 2772 extremam

661 2804 904 2856 canitiem
931 2802 1032 2854 huc
1051 2799 1425 2854 convenientes
1443 2808 1497 2851 et
1519 2805 1659 2849 tanta
1682 2795 1919 2848 fruentes
1938 2793 2235 2865 disciplina,

661 2892 858 2946 similes
884 2892 982 2944 illis
1018 2904 1384 2943 remaneamus
1408 2928 1422 2952 ,
1447 2898 1503 2942 et
1531 2888 1729 2940 nullum
1757 2886 2059 2939 studeamus
2088 2885 2238 2938 defe-

658 2993 801 3037 ctum
825 2981 1126 3051 corrigere?
1163 2980 1239 3035 Ne
1270 2982 1394 3033 mihi
1422 2980 1531 3047 jam
1574 2980 1769 3047 aliquis
1801 2976 2237 3051 consuetudinem

662 3072 988 3141 pmtcndat:
1035 3081 1250 3141 propter
1296 3070 1396 3124 hec
1439 3071 1581 3124 enim
1627 3070 1871 3137 indignor
1914 3078 1965 3120 et
2014 3067 2231 3128 irascor,

661 3164 904 3232 quoniam
948 3162 1384 3217 consuetudinem
1422 3163 1636 3237 vincere
1674 3174 1778 3213 non
1824 3172 2124 3227 possumus.
2170 3156 2238 3209 Et

659 3256 757 3307 nisi
784 3253 1213 3309 consuetudinem
1244 3255 1535 3315 vincamus,
1562 3250 1826 3319 quomodo
1852 3250 2237 3316 concupiscen-

659 3344 784 3397 tiam
806 3345 1096 3408 vincemus,
1123 3344 1273 3413 cujus
1294 3343 1443 3397 radix
1466 3342 1623 3396 habet
1642 3356 1671 3394 a
1691 3352 1871 3393 natura
1888 3339 2238 3409 principium?

656 3436 1043 3504 Concupiscere
1072 3435 1211 3488 enim
1242 3434 1480 3487 naturale
1500 3473 1514 3496 ,
1545 3432 1681 3485 male
1707 3446 1834 3485 vero
1863 3430 2239 3496 concupiscere

654 3528 759 3594 jam
788 3534 869 3578 est
903 3525 1206 3577 voluntatis.
1235 3522 1421 3577 Jurare
1459 3536 1651 3589 nempe
1691 3535 1787 3573 nec
1812 3522 1949 3588 cepit
1980 3535 2009 3572 a
2048 3518 2235 3571 volun-

658 3627 761 3670 tatc
792 3619 806 3649 ¹
838 3616 1171 3685 principium,
1199 3614 1293 3670 sed
1320 3630 1387 3668 ex
1408 3610 1719 3682 negligentia
1749 3611 1883 3664 sola.

734 3707 891 3760 Mirm
924 3707 1277 3759 circulatorth
1324 3704 1655 3758 artes.—-Et
1684 3714 1741 3756 ut
1780 3703 1973 3765 discas,
2024 3716 2127 3754 non
2168 3716 2233 3755 ex

659 3798 734 3852 t'ei
763 3795 1103 3860 difﬁcultate,
1148 3795 1242 3849 sed
1274 3804 1488 3863 prepter
1516 3794 1811 3868 neglectum
1852 3804 2086 3845 nostrum
2118 3804 2233 3843 tan-

658 3896 768 3940 tum
796 3885 897 3939 hoc
937 3894 1210 3954 peceatum
1244 3884 1561 3952 processisse
1582 3923 1594 3943 ,
1623 3883 1913 3949 cogitemus
1943 3881 2109 3933 nmlto
2155 3880 2237 3933 his

656 3974 952 4028 difficiliora
984 3973 1225 4027 homines
1254 3973 1509 4041 exsequi,
1539 3981 1592 4026 et
1622 3972 1720 4024 hoc
1759 3971 1957 4023 nullam
1992 3971 2111 4024 inde
2150 3985 2236 4023 re-

658 4064 992 4117 tributionem
1039 4071 1439 4131 exspectantes:
1486 4062 1776 4129 cogitemus
1821 4076 1939 4128 qu:e
1993 4061 2235 4113 diabolus

659 4153 935 4220 imperavit
958 4193 972 4214 ,
1004 4167 1159 4221 quam
1187 4152 1443 4204 laboriosa
1471 4192 1486 4215 ,
1511 4166 1666 4219 quam
1706 4151 1882 4226 gravia
1908 4166 1921 4202 :
1971 4165 2067 4202 nec
2092 4149 2235 4201 (lifti-

657 4247 826 4298 cultas
858 4244 953 4298 fuit
978 4246 1093 4309 ejus
1120 4244 1377 4295 mandatis
1404 4241 1834 4308 impedimentum
1890 4241 2023 4306 Quid
2052 4242 2190 4294 enim
2217 4281 2231 4302 ,

657 4348 857 4403 quaeso,
904 4331 1167 4386 difﬁcilius
1209 4332 1296 4394 sit,
1355 4322 1509 4399 quam
1557 4344 1678 4382 cum
1720 4329 1978 4398 quispiam
2023 4330 2234 4397 juvenis

658 4424 955 4478 volentibus
970 4437 1026 4475 se
1043 4421 1280 4474 emollire
1301 4428 1353 4472 et
1372 4420 1605 4474 membra
1624 4434 1715 4471 sua
1735 4429 1981 4486 torquere
2000 4421 2231 4487 scipsnm

655 4516 898 4575 tradens.
926 4514 1110 4567 scdulo
1139 4511 1424 4565 contendat
1462 4521 1593 4564 rota:
1636 4527 1781 4563 more
1825 4521 1987 4563 totum
2018 4512 2233 4567 ﬂectere

659 4623 853 4677 Corpus
876 4648 891 4672 ,
924 4616 977 4661 ct
1002 4608 1051 4658 in
1084 4606 1380 4674 pavimento
1408 4604 1624 4667 versari,
1656 4612 1709 4656 et
1738 4619 1829 4671 per
1855 4605 2033 4656 oculos
2062 4616 2115 4657 et
2141 4619 2233 4671 per

660 4716 907 4753 tnauuum
933 4696 1432 4752 circumductionem
1477 4703 1530 4745 et
1563 4694 1718 4746 aliam
1765 4694 2145 4747 rcvoiutionem
2178 4695 2228 4746 in

662 4792 943 4843 femineum
987 4802 1151 4854 genus
1198 4785 1420 4838 transire
1461 4793 1700 4845 eunetur,
1753 4800 1846 4837 nec
1885 4800 2067 4836 eorum
2115 4800 2230 4851 qua:

664 4878 1185 4939 fiuntdifﬁcultatem,
1211 4890 1305 4928 nec
1322 4890 1387 4927 ex
1410 4876 1472 4927 iis
1491 4875 1824 4941 ignomini-mt
1853 4875 2231 4926 i‘ati:.ritietttr?

661 4972 713 5023 in
742 4969 1007 5023 orchestra
1049 4984 1253 5019 rursum
1284 4982 1376 5019 cos
1401 5007 1414 5030 ,
1445 4966 1532 5033 qui
1575 4966 1978 5032 pertrahuntur,
2009 4974 2060 5018 et
2090 4966 2231 5017 velut

658 5059 757 5112 alis
786 5056 1035 5109 membris
1054 5066 1265 5106 utuntur
1286 5054 1575 5119 corporeis,
1599 5055 1715 5119 quis
1738 5054 1915 5105 videns
1938 5070 2037 5104 non
2066 5053 2231 5105 admi-

658 5148 843 5205 retur?
871 5147 1071 5215 gladios
1101 5154 1273 5197 autem
1303 5145 1598 5195 alternatim
1634 5144 1682 5193 in
1708 5158 1883 5194 acrem
1912 5143 2227 5206 jarulantes,

656 5250 710 5291 et
735 5252 917 5291 oumcs
944 5251 1148 5287 rursum
1174 5251 1264 5301 per
1287 5235 1615 5285 manubrium
1640 5233 1927 5299 capientes,
1951 5247 2102 5300 quem
2126 5248 2228 5284 nm

656 5327 975 5381 cirufuudaut
1009 5325 1207 5377 nuilum
1241 5338 1335 5392 pro
1363 5324 1554 5374 virtute
1584 5321 1813 5373 laborem
1843 5323 2105 5385 suscipere
2136 5336 2229 5370 vo-

658 5418 878 5471 lentium
900 5416 923 5467 ’ἶ
948 5418 1024 5469 vel
1054 5416 1175 5483 quid
1207 5415 1271 5465 tle
1301 5416 1360 5465 iis
1381 5412 1587 5465 dicatur
1615 5413 1758 5475 viris,
1787 5412 1872 5479 qui
1904 5413 2150 5479 perticam
2178 5412 2229 5465 in

660 5509 834 5561 fronte
860 5516 1123 5572 gestantes
1147 5548 1159 5568 ,
1192 5506 1333 5557 vciut
1362 5503 1605 5554 τιγιιιννυιιι
1636 5502 1685 5552 in
1721 5511 1854 5553 terra
1900 5500 2184 5554 radicatam
2213 5543 2225 5563 ,

663 5599 735 5651 sic
765 5600 1031 5649 immotam
1064 5594 1417 5648 conservant?
1447 5592 1559 5645 Non
1607 5593 1705 5643 huc
1749 5594 1917 5644 solum
1948 5605 2027 5645 est
2058 5594 2225 5646 admi-

723 5710 736 5740 t
776 5707 937 5760 Semel.
966 5716 1015 5757 et
1040 5706 1219 5770 aliquot
1239 5712 1365 5763 3135.,
1391 5720 1419 5752 rt
1444 5705 1706 5765 voluntate;
1724 5702 1867 5764 alii,a
1896 5710 2086 5755 natura.

1425 345 1481 403 S.
1520 342 1796 399 JOANNIS
1831 339 2302 398 οιιηγδυδτοδίε
2343 339 2659 396 ΑἷίΕΗΙΕΡ.
2700 337 3229 397 CONSTANTINOP.

3844 342 3945 400 l9'i

2367 453 2533 507 rahile
2557 496 2572 515 .
2602 469 2783 507 verum
2812 464 2866 509 et
2895 454 2946 507 id
2972 454 3112 525 quod
3146 454 3393 522 puerulos
3419 468 3612 524 parvos
3650 455 3703 509 ia
3731 470 3943 511 summa

2367 542 2509 611 ligno
2540 545 2556 575 ί
2596 542 2735 597 inter
2760 558 2817 597 se
2858 544 3044 598 luctari
3077 544 3307 607 faciunt,
3340 554 3396 598 et
3424 559 3596 613 neque
3620 560 3807 601 manus
3840 561 3942 600 nec

2361 636 2462 688 aria
2488 635 2727 703 corporis
2746 650 2886 703 pars,
2908 636 3002 691 sed
3033 634 3179 690 frons
3201 636 3313 691 sola
3340 637 3484 691 omni
3508 636 3717 691 vinculo
3736 636 3941 692 ﬁrmius

2361 724 2503 777 illam
2526 725 2778 794 perticam
2798 724 2935 794 gerit
2961 725 3348 780 inconcussam.
3371 726 3525 781 Alter
3541 743 3750 782 rursum
3775 744 3942 796 supra

2360 814 2538 868 funem
2574 814 3005 882 angustissimum
3046 829 3167 869 cum
3199 824 3343 870 tanta
3367 815 3603 869 ambulat
3630 817 3939 881 securitate,

2358 916 2479 956 cum
2510 912 2704 973 quanta
2745 904 2835 974 qui
2865 904 3049 974 planos
3086 917 3302 976 campos
3346 916 3681 975 percurrunt.
3712 906 3942 962 Verum-

2359 1000 2534 1046 tamen
2576 992 2688 1047 bzec
2712 1008 2831 1062 qua:
2859 1002 2913 1048 et
2952 994 3182 1063 cogitatu
3222 994 3569 1050 intolerabilia
3600 1010 3720 1050 esse
3744 996 3939 1051 viden-

2358 1091 2445 1136 tur
2467 1122 2481 1145 ,
2509 1080 2645 1137 facta
2682 1091 2807 1137 sunt
2841 1090 2955 1137 arte
2981 1083 3270 1152 possibilia.
3305 1083 3442 1149 Quid
3484 1083 3672 1137 borum
3712 1084 3763 1137 in
3787 1083 3940 1153 jura-

2356 1174 2551 1229 mentis
2577 1214 2592 1237 ,
2634 1189 2847 1243 qmeso,
2899 1173 3230 1243 praetendere
3274 1175 3597 1243 possumus?
3631 1189 3791 1245 quam
3833 1173 3941 1229 dif-

2357 1265 2689 1321 ficultatem?
2742 1280 2899 1336 quem
2948 1265 3247 1320 sudorem?
3300 1280 3457 1335 quam
3514 1265 3733 1320 artem?
3788 1265 3937 1335 quod

2356 1356 2688 1424 periculum?
2712 1357 2916 1425 Exiguo
2951 1365 3154 1410 tantum
3180 1355 3356 1409 studio
3386 1354 3538 1409 nobis
3568 1364 3651 1408 est
3672 1368 3809 1424 opus
3831 1395 3848 1421 ,
3880 1364 3940 1410 et

2356 1446 2499 1499 brevi
2544 1447 2696 1501 nobis
2725 1456 2891 1501 totum
2920 1447 3225 1517 expeditum
3255 1446 3431 1500 fuerit.
3454 1444 3564 1500 Nec
3592 1445 3719 1499 mihi
3744 1445 3896 1500 dicas
3918 1486 3937 1511 ,

2352 1535 2602 1604 Majorem
2628 1545 2831 1605 partem
2859 1536 3101 1605 expedivi
3125 1554 3139 1589 :
3182 1536 3277 1591 sed
3309 1545 3365 1591 tu
3391 1536 3489 1590 nisi
3519 1545 3686 1590 totum
3711 1535 3937 1606 expedi-

2351 1625 2513 1690 veris,
2544 1627 2777 1681 nondum
2807 1635 2859 1682 te
2892 1626 3181 1697 quidquam
3221 1626 3413 1683 fecisse
3455 1637 3616 1696 puta:
3663 1630 3765 1684 hoc
3788 1629 3936 1683 enim

2352 1718 2600 1785 exiguum
2631 1720 2925 1788 neglectum
2964 1727 3020 1773 et
3058 1734 3217 1773 omne
3246 1719 3507 1788 reliquum
3537 1719 3783 1774 destruit.
3814 1720 3936 1774 Sa:-

2350 1806 2467 1875 pius
2497 1822 2722 1877 namque
2766 1808 2951 1862 domos
2979 1808 3304 1863 adificantes
3332 1809 3609 1873 homines,
3656 1819 3710 1864 et
3735 1820 3936 1865 tectum

2351 1897 2682 1967 imponentes
2704 1940 2721 1964 ,
2751 1899 2905 1954 unius
2928 1900 3121 1969 tegulae
3140 1914 3380 1954 excussa:
3406 1916 3587 1953 curam
3617 1917 3720 1953 non
3741 1910 3937 1971 geren-

2353 2000 2453 2054 tes,
2482 1999 2647 2044 totam
2670 1990 2886 2045 domum
2916 1992 3277 2061 perdiderunt.
3308 1993 3377 2046 Et
3402 1994 3452 2045 in
3481 1993 3811 2047 vestimentis
3830 1991 3938 2047 hoc

2349 2080 2522 2148 ipsum
2550 2082 2767 2136 evenire
2807 2083 2926 2150 quis
2959 2097 3183 2136 cernere
3208 2083 3410 2152 possit:
3439 2083 3644 2136 ctenim
3670 2098 3832 2151 parva
3877 2084 3933 2138 in

2348 2169 2455 2222 illis
2480 2168 2615 2223 facta
2644 2171 2871 2223 scissura
2889 2210 2905 2235 ,
2934 2185 3033 2225 nec
3062 2173 3313 2227 resarcita
3331 2211 3343 2230 .
3374 2186 3617 2241 magnam
3648 2171 3773 2227 fecit
3800 2174 3934 2226 scis-

2347 2272 2546 2311 suram.
2581 2258 2690 2313 lloc
2714 2268 2766 2312 et
2792 2259 2844 2312 in
2869 2259 3189 2313 torrentibus
3209 2260 3476 2314 multoties
3498 2261 3673 2314 evenit
3696 2280 3710 2313 :
3734 2260 3933 2315 ctenim

2345 2360 2397 2402 et
2445 2349 2540 2413 illi,
2589 2350 2633 2403 si
2677 2349 2762 2402 vel
2804 2350 3079 2404 minimum
3123 2350 3361 2418 ceperint
3411 2353 3730 2419 ingressum,
3763 2361 3933 2405 totum

2348 2438 2687 2493 introducunt
2723 2437 3002 2493 ﬂuentum.
3037 2440 3214 2508 Itaque
3254 2450 3309 2494 et
3333 2449 3387 2493 tu
3411 2482 3425 2502 ,
3461 2443 3586 2494 licet
3621 2453 3673 2495 te
3696 2442 3936 2509 undique

2346 2530 2654 2595 tminiveris,
2705 2531 2749 2583 si
2790 2538 2966 2584 tamen
3010 2531 3183 2599 aliqua
3229 2545 3353 2598 pars
3398 2531 3672 2585 immunita
3711 2531 3935 2585 dimissa

2345 2629 2448 2685 est,
2477 2621 2635 2673 etiam
2666 2619 2801 2674 hanc
2826 2620 3038 2673 diabolo
3064 2620 3300 2683 obstrue,
3334 2629 3390 2673 ut
3415 2621 3490 2673 sis
3510 2621 3579 2671 ab
3603 2619 3751 2673 omni
3782 2631 3936 2688 parte

2345 2710 2606 2764 firmatus.
2641 2710 2830 2764 Vidisti
2872 2710 3105 2764 falcem?
3136 2710 3309 2764 vidisti
3358 2720 3517 2779 caput
3545 2710 3809 2765 Joannis?
3838 2725 3934 2764 an-

2345 2802 2467 2857 disti
2496 2802 2770 2858 historiam
2807 2804 2874 2857 de
2899 2804 3058 2858 Saide
3077 2804 3100 2857 ?
3127 2803 3317 2856 audisti
3345 2803 3668 2873 captivitatis
3694 2803 3934 2858 Iudaica:

2344 2895 2605 2948 modum?
2634 2909 2754 2947 cum
2779 2893 2863 2946 his
2886 2903 3063 2947 autem
3094 2894 3341 2948 omnibus
3372 2893 3560 2946 audisti
3585 2892 3780 2946 Christi
3809 2908 3933 2947 scu-

2348 2989 2566 3042 tcntiam
2587 3027 2601 3048 ,
2629 2985 2894 3038 dicentem
2920 2983 3061 3054 quod
3083 2998 3187 3036 non
3218 2983 3455 3051 pcjerare
3482 2992 3716 3044 tantum,
3747 2998 3932 3038 verum

2344 3090 2394 3133 et
2432 3079 2615 3141 iurare
2661 3076 3158 3145 quomodoeumque
3207 3076 3522 3127 diabolietam
3570 3086 3673 3139 est,
3724 3085 3778 3129 ct
3822 3084 3930 3130 tota

2344 3169 2557 3237 maligni
2590 3166 2908 3219 machinatio
2962 3164 3171 3233 (Matth.
3205 3165 3260 3218 5.
3293 3165 3381 3218 2-3.
3410 3165 3499 3231 5i)
3521 3164 3545 3217 ?
3570 3164 3765 3218 audisti
3812 3163 3933 3217 ubio

2343 3273 2445 3326 que
2466 3258 2767 3322 juratnenta
2800 3254 2945 3322 sequi
2974 3252 3251 3322 perjuria?
3278 3252 3401 3307 Περί)
3420 3293 3436 3316 ,
3472 3256 3717 3321 inquam,
3751 3255 3931 3307 omnia

2344 3359 2693 3414 congregans,
2741 3344 2967 3397 inscr-ibe
3013 3344 3161 3396 cordi
3212 3353 3322 3396 tuo.
3357 3342 3472 3396 Non
3513 3342 3688 3397 cernis
3715 3353 3774 3397 ut
3813 3360 3933 3398 tnu-

2344 3436 2502 3489 lieres
2527 3445 2580 3489 et
2619 3435 2763 3502 parvi
2794 3435 2938 3501 pueri
2969 3447 3065 3502 pro
3102 3447 3291 3502 magna
3331 3434 3569 3487 custodia
3600 3434 3739 3487 collo
3763 3450 3932 3489 evan-

2343 3529 2475 3596 gelia
2506 3528 2856 3597 suspendunt,
2889 3538 2943 3582 et
2971 3528 3163 3596 ubique
3188 3527 3573 3581 circumferunt
3597 3542 3933 3598 quocumque

2343 3618 2568 3670 abierint
2598 3617 2716 3687 (a)?
2762 3616 2841 3671 Tu
2880 3617 3135 3686 evangelii
3168 3618 3410 3671 mandata
3453 3626 3505 3671 et
3534 3620 3678 3687 leges
3698 3620 3719 3650 ⁸
3747 3630 3932 3674 mente

2344 3706 2612 3761 describas
2654 3725 2665 3759 :
2714 3723 2819 3760 non
2864 3722 2995 3760 auro
3032 3721 3131 3760 nec
3166 3717 3387 3774 argento
3431 3708 3517 3760 hic
3562 3715 3643 3762 est
3683 3722 3821 3777 opus
3875 3719 3932 3764 et

2346 3798 2602 3864 pecuniis,
2636 3811 2733 3851 nec
2762 3798 2952 3850 librum
2978 3812 3157 3851 emere
3182 3815 3195 3850 :
3232 3798 3500 3852 voluntate
3530 3798 3641 3851 sola
3676 3798 3828 3853 vobis
3848 3809 3932 3853 est

2344 3902 2476 3954 npus
2505 3895 2559 3939 et
2587 3888 2775 3939 atiectu
2816 3887 3006 3939 anima:
3033 3887 3414 3956 expergefacta:
3438 3929 3453 3953 ,
3484 3897 3538 3942 et
3561 3889 3801 3943 securius
3829 3890 3928 3943 ha-

2345 3980 2491 4033 bebis
2516 3979 2867 4047 evangelium,
2897 3994 2997 4033 non
3029 3972 3409 4035 circumferens
3431 3981 3763 4035 extrinsecus
3784 4022 3799 4045 ,
3832 3983 3927 4036 sed

2344 4071 2394 4124 iu
2440 4071 2629 4122 anima)
2663 4069 3023 4137 penetralibus
3062 4070 3238 4138 ipsmn
3282 4086 3566 4140 reponens.
3622 4072 3929 4141 Exsurgens

2343 4162 2501 4231 igitur
2521 4178 2551 4216 c
2581 4162 2740 4226 lecto,
2769 4171 2822 4214 et
2845 4162 3058 4215 domum
3091 4173 3229 4215 tuam
3257 4165 3555 4231 egrediens.
3587 4168 3725 4219 hanc
3753 4166 3924 4234 legem

2342 4262 2544 4322 repete,
2586 4255 2865 4316 videlicet,
2902 4253 3022 4319 νεα-λ)
3062 4264 3224 4305 atitem
3265 4256 3376 4306 dico
3420 4254 3583 4318 vobis,
3617 4272 3718 4307 non
3746 4256 3929 4325 jurare

2343 4350 2546 4398 omnino
2575 4344 2783 4417 (.llauh.
2816 4345 2869 4399 5.
2901 4347 2993 4412 54)
3019 4362 3032 4396 :
3081 4354 3132 4398 et
3162 4346 3263 4399 erit
3294 4346 3480 4397 idonea
3512 4346 3602 4397 tibi
3647 4346 3925 4414 disciplina

2345 4437 2562 4490 verbum
2596 4436 2725 4489 illud
2752 4454 2765 4490 :
2812 4452 2908 4489 nec
2938 4439 3079 4489 enim
3124 4439 3291 4491 multo
3317 4438 3500 4491 labore
3538 4454 3669 4505 opus
3698 4448 3802 4504 est,
3832 4439 3924 4492 sed

2344 4530 2548 4583 modica
2579 4540 2779 4583 tantum
2824 4530 3137 4583 attentione.
3173 4530 3236 4582 lit
3262 4530 3401 4596 quod
3450 4530 3550 4581 hoc
3594 4530 3664 4581 sit
3702 4545 3920 4591 verum,

2342 4622 2462 4674 inde
2491 4623 3003 4675 mutul'eslissimtttu.
3031 4620 3224 4673 Filium
3255 4631 3400 4672 tuum
3430 4634 3628 4674 vocans
3656 4632 3798 4675 terre
3824 4662 3839 4686 ,
3871 4632 3926 4677 ct

2340 4717 2541 4767 minare
2580 4723 2628 4766 te
2670 4714 2765 4782 ipsi
2814 4713 2994 4781 plagas
3037 4712 3353 4765 indictorum
3379 4751 3395 4776 ,
3428 4712 3529 4765 nisi
3568 4712 3739 4780 legem
3788 4712 3926 4769 hanc

2339 4816 2656 4872 exsequatur
2682 4845 2696 4868 ,
2728 4815 2779 4857 ct
2808 4806 3010 4858 videbis
3034 4802 3303 4871 quomodo
3332 4818 3361 4856 a
3389 4804 3780 4859 consuetudine
3817 4813 3928 4858 sta-

2342 4898 2433 4949 tim
2459 4897 2697 4949 desistet.
2722 4896 2997 4961 Quomodu
3022 4896 3178 4963 igitur
3196 4912 3299 4947 non
3319 4894 3628 4958 absurdum,
3648 4910 3690 4948 sn
3715 4895 3925 4964 pueruli

2338 4987 2487 5055 parvi
2518 4987 2705 5039 timore
2737 4988 2902 5039 nostri
2948 4997 3199 5053 paventes
3224 5026 3239 5052 ,
3265 4985 3571 5039 mandatum
3602 4985 3882 5055 perficiant
3902 5026 3919 5053 ,

2339 5093 2435 5130 nos
2462 5093 2587 5130 vero
2619 5092 2785 5145 neque
2812 5079 2889 5130 sic
2927 5078 3089 5129 Deum
3120 5076 3400 5131 timeamus
3424 5119 3439 5142 ,
3474 5085 3531 5130 ut
3560 5094 3656 5131 nos
3688 5079 3779 5133 filii
3812 5095 3923 5135 me-

2339 5168 2529 5221 tuunt?
2558 5167 2708 5232 Quod
2734 5176 2909 5221 autem
2941 5169 3184 5234 superius
3210 5167 3350 5233 dixi,
3384 5166 3486 5221 hoc
3514 5175 3567 5221 ct
3609 5183 3750 5223 nunc
3779 5169 3920 5223 dico.

2338 5258 2532 5328 Legem
2564 5260 2714 5311 nobis
2742 5260 2866 5325 ipsis
2896 5274 3149 5325 ponamus
3175 5298 3188 5321 ,
3217 5275 3321 5312 non
3351 5260 3495 5327 prius
3526 5259 3732 5337 publica
3758 5300 3773 5322 ,
3816 5276 3923 5315 non

3976 96 4174 321 Ἷ

4163 328 4171 375 l

2401 5462 2417 5492 ί
2456 5459 2557 5514 Alii.
2582 5458 2635 5509 in
2680 5456 2838 5506 medio
2880 5457 3025 5522 ligno.
3061 5456 3204 5506 Paulo
3228 5464 3329 5519 post
3357 5458 3521 5516 iidem,
3548 5456 3682 5507 aliud
3708 5457 3924 5521 curratis
3984 5455 3993 5464 ’

2336 5522 2622 5570 memorum.

2403 5587 2420 5650 ἡ
2457 5582 2643 5650 aliquot
2666 5586 2867 5650 nissum
2889 5577 3128 5650 Evangelii
3142 5579 3331 5650 uterus.

2400 5647 2472 5706 (τι)
2508 5640 2730 5712 Mulieres
2770 5649 2819 5689 et
2855 5640 3036 5715 parvuli
3082 5640 3205 5689 collo
3244 5640 3497 5703 Evangelia
3536 5640 3927 5704 SttSpcndebant.
4006 5704 4013 5715 _

2339 5716 2432 5756 ttae
2446 5704 2507 5755 de
2528 5721 2583 5755 re
2605 5706 2654 5753 in
2677 5704 2998 5765 sequentibus
3019 5713 3211 5767 egetur.
