4232 6320
215 413 312 468 I97

215 527 352 594 prius
378 521 589 592 privata
619 527 846 575 tractare
874 517 1080 586 negotia
1105 557 1120 582 ,
1153 517 1324 569 donec
1346 517 1480 570 hanc
1508 515 1676 583 legem
1709 517 1810 567 im-

216 617 471 683 pleamus.
497 621 555 666 et
582 610 800 664 omnino
827 608 1144 661 necessitate
1169 605 1450 674 compulsi,
1478 606 1626 658 tacite
1651 617 1808 671 supe-

219 704 485 764 rabimus,
518 711 576 755 et
602 699 910 754 ornabinms
951 712 1048 750 nos
1088 697 1230 764 ipsos
1256 736 1271 761 ,
1301 695 1610 748 ornabimus
1635 703 1812 748 autem

215 805 264 849 et
288 808 501 848 omnem
527 794 820 847 civitatem.
847 788 1030 858 Cogita
1061 802 1287 856 namque
1308 787 1466 856 quale
1487 793 1588 852 est,
1617 785 1813 854 ubique

219 891 478 942 t‘ermrum
512 885 633 939 haec
656 883 840 937 audire
859 923 873 944 ,
910 879 1205 934 Antiochia:
1233 879 1575 948 praei-aluisse
1605 893 1813 932 morem

213 975 526 1028 Christianis
569 982 949 1042 congruentem
987 987 1002 1026 :
1051 979 1105 1024 et
1150 969 1220 1023 ibi
1274 969 1544 1022 neminem
1605 967 1810 1033 audies,

218 1064 336 1118 licet
363 1065 603 1118 maxima
631 1063 920 1117 necessitas
942 1061 1101 1115 instet
1125 1103 1140 1126 ,
1165 1061 1525 1128 juramentum
1547 1060 1811 1113 emittere.

219 1157 438 1210 Prorsus
483 1155 604 1210 haec
631 1154 848 1209 audient
887 1153 1075 1206 vicime
1116 1152 1393 1206 civitates:
1428 1152 1667 1220 quinimo
1710 1167 1814 1205 non

217 1258 416 1302 tantum
444 1247 640 1302 vicina:
665 1247 927 1309 civitates,
957 1260 1140 1298 verum
1167 1253 1220 1298 et
1243 1245 1307 1297 ad
1338 1245 1480 1313 ipsos
1508 1253 1662 1297 terrm
1682 1245 1816 1297 tines

217 1340 432 1394 verbum
461 1339 744 1409 perveniet
784 1337 1028 1393 :etenim
1064 1337 1357 1391 verisimile
1401 1345 1483 1390 est
1527 1335 1674 1389 vobis
1719 1337 1815 1388 ad-

217 1432 405 1486 mixtos
448 1439 809 1494 mercatores,
841 1438 896 1484 et
937 1428 1061 1483 hinc
1087 1428 1194 1482 alio
1234 1427 1632 1496 proﬁciscentes
1653 1467 1666 1488 ,
1699 1426 1817 1479 aliis

219 1537 426 1591 quoque
460 1521 580 1576 haec
609 1505 1150 1574 omnialuuntiaturos
1174 1533 1314 1572 esse.
1342 1517 1472 1572 Cum
1503 1517 1662 1585 igitur
1688 1517 1819 1569 alias

221 1613 459 1668 civitates
479 1613 762 1668 laudantes
783 1611 955 1677 multi,
987 1621 1172 1679 portus
1199 1617 1514 1673 memorant,
1541 1618 1594 1660 et
1622 1608 1814 1671 t'ornni,

220 1713 271 1758 et
299 1705 567 1760 venalium
600 1704 840 1786 copiam,
873 1702 998 1755 hinc
1041 1700 1499 1770 proﬁciscentibus
1535 1697 1818 1751 dicendum

225 1795 453 1855 tradite,
509 1793 654 1862 quod
701 1801 781 1847 est
828 1791 1165 1856 Antiochiae,
1219 1790 1269 1843 id
1323 1789 1375 1842 in
1428 1789 1548 1841 aliis
1603 1787 1820 1840 urbibus

223 1900 478 1953 nusquam
520 1899 744 1938 cernere
782 1882 942 1936 licere
977 1901 990 1936 :
1037 1883 1256 1935 mallent
1293 1881 1436 1934 enim
1481 1879 1628 1932 urbis
1677 1879 1821 1932 illius

225 1975 549 2031 habitatores
578 1976 726 2045 prius
751 1975 983 2044 linguam
1012 1973 1271 2038 abscindi,
1290 1987 1526 2042 quamex
1555 1985 1648 2024 ore
1670 1969 1822 2040 jura-

1051 401 1144 456 AD
1183 399 1500 455 POPVLI!“
1543 397 2029 456 ANTIOCHENUBI
2097 397 2320 456 llOllll...
2367 399 2485 453 XX.

3416 400 3520 454 198

1921 525 2157 569 mentum
2188 516 2454 570 emittere.
2481 516 2590 569 lloc
2612 516 2824 585 quidem
2849 515 3000 571 vobis
3021 513 3121 570 erit
3139 526 3517 570 ornamentum

1920 613 1974 682 et
2019 605 2334 667 inunimen;
2376 620 2475 659 nec
2516 605 2565 658 id
2616 614 2842 669 tantum,
2877 620 3062 676 verum
3106 614 3160 658 et
3211 605 3517 659 mercedem

1920 693 2108 748 aﬂ'eret
2137 711 2381 764 magnam
2411 697 2427 726 ι
2457 713 2470 748 :
2499 696 2696 749 etenim
2728 711 2916 750 omnes
2964 709 3060 749 vos
3099 695 3187 747 alii
3215 695 3518 749 mmulatttri

1921 794 2048 838 sunt
2081 796 2241 854 atque
2277 786 2552 839 imitaturi.
2599 786 2653 840 Si
2701 786 2820 855 quis
2867 786 3007 840 enim
3054 802 3214 839 unmn
3257 787 3338 841 vel
3385 787 3522 840 duos

1922 875 2176 939 lucratus,
2229 892 2258 929 a
2306 877 2414 928 Deo
2463 877 2726 932 mercedis
2769 885 2969 930 tantmn
3027 877 3244 945 capiet:
3302 892 3520 932 onmem

1930 967 2185 1021 mundum
2218 969 2523 1022 erudientes
2546 1010 2562 1034 ,
2592 979 2816 1038 quantas
2845 969 3066 1038 capietis
3097 969 3478 1025 retributiones
3499 973 3524 1025 τ

1921 1056 2146 1124 Oportet
2192 1058 2350 1127 igitur
2396 1058 2612 1113 studere
2659 1070 2713 1113 et
2755 1059 2974 1127 vigilare
3022 1069 3074 1113 et
3118 1061 3326 1115 sobrios
3373 1077 3516 1126 esse,

1921 1147 2151 1201 scientes
2177 1136 2285 1201 non
2333 1151 2666 1218 propriorum
2706 1159 2908 1203 tantum
2957 1152 3519 1219 prolectuum,vernm

1921 1247 1978 1292 et
1999 1238 2296 1293 alienorum
2325 1241 2610 1293 maximam
2643 1244 2954 1295 meritorum
2989 1242 3391 1296 retributionem
3423 1223 3524 1297 Iac-

1923 1337 2172 1397 cepturos
2198 1347 2297 1384 nos
2326 1348 2465 1386 09:8.
2496 1341 2550 1384 et
2578 1333 2799 1386 multam
2827 1332 2965 1400 apud
2998 1333 3162 1386 Deum
3196 1334 3521 1387 benevolen-

1927 1419 2052 1472 tiam
2076 1431 2474 1489 assequuturos.
2498 1423 2666 1488 Quam
2690 1423 2843 1476 nobis
2861 1422 3180 1477 omnibusin
3207 1433 3522 1492 perpetuum

1924 1513 2130 1580 adeptis
2169 1515 2325 1568 detur
2370 1513 2467 1566 frui
2512 1531 2674 1582 regno
2716 1515 3008 1580 cmlorum,
3038 1516 3090 1568 in
3128 1515 3342 1569 Christo
3394 1515 3521 1570 Jesu

1926 1603 2150 1656 Domino
2178 1613 2362 1657 nostro
2383 1648 2396 1669 ,
2426 1606 2511 1658 cui
2543 1607 2706 1673 gloria
2739 1615 2792 1659 et
2823 1607 3100 1674 imperium
3132 1622 3253 1660 cum
3286 1607 3442 1660 Patre
3470 1614 3527 1660 et

1925 1704 2112 1746 sancto
2137 1694 2357 1762 Spiritu,
2391 1711 2532 1749 nunc
2567 1707 2616 1750 et
2643 1711 2855 1765 Semper
2878 1738 2890 1760 ,
2918 1705 2971 1750 et
2997 1698 3048 1750 in
3067 1680 3270 1752 Isazeula
3297 1697 3524 1753 steculo-

1926 1801 2063 1840 rum.
2092 1787 2283 1841 Amen.

1992 1921 2009 1949 ι
2048 1926 2148 1967 ποθ
2177 1917 2303 1967 vobis
2335 1931 2427 1968 non
2443 1921 2601 1970 solum
2623 1917 2716 1968 erit
2737 1926 3067 1970 ornamentum
3085 1925 3130 1970 et
3154 1918 3417 1979 munimen,
3446 1934 3521 1971 ve-

1927 1991 2040 2028 rum
2062 1980 2207 2029 etiam
2227 1980 2521 2042 mercedem,
2548 1988 2656 2035 etc.

2022 2101 2200 2114 -ς

2206 2102 2460 2113 ρ...-

232 2196 398 2248 QUOD
442 2195 601 2239 SOLO
671 2193 1224 2247 QUADRAGESIMALI
1293 2191 1556 2235 JEJUNIO
1626 2191 1751 2235 NON
1795 2192 1967 2235 SATIS
2017 2193 2463 2236 I’RASPAREMUR
2506 2196 2590 2236 AD
2633 2195 3132 2250 COMMUNIONEM,
3191 2197 3307 2239 SED
3369 2197 3529 2243 OI’US

300 2296 396 2336 SIT
441 2294 628 2360 ANIMI
671 2294 996 2347 VIRTUTE;
1042 2293 1122 2334 ΕΤ
1164 2292 1272 2344 QUI
1316 2292 1490 2334 FIERI
1543 2290 1779 2342 POSSII',
1823 2291 1833 2330 l

1949 2291 2343 2349 ικδυιιιμιωι
2388 2293 2730 2336 ΜΕΜΟΒῙΑΜ
2779 2294 3180 2347 DEPONAMUS,
3225 2295 3528 2347 QUODQUE

309 2395 470 2438 DEUS
519 2393 716 2436 IIUJUS
760 2392 933 2436 LEGIS
997 2391 1266 2474 MAGNA¥
1327 2391 1580 2441 IIABEAT
1643 2388 1972 2432 RATIOXEM

306 2497 511 2540 suam
554 2496 722 2539 ANTE
763 2493 1115 2536 GEHENNAM
1160 2477 1432 2534 c'nbcu-z'r
1479 2493 1493 2531 :

2020 2391 2034 2429 2
2084 2391 2164 2431 ΕΤ
2207 2390 2376 2442 QUOD
2429 2391 2821 2434 INJUIHARUM
2885 2393 3186 2436 MEMORIA
3249 2395 3530 2441 ιιοκιικες

1541 2489 1871 2532 POSTREMO
1914 2490 1997 2530 DE
2043 2491 2335 2532 VITANDIS
2387 2492 2800 2546 JUIIAMEN'I‘IS,
2835 2494 2916 2535 ΕΤ
2959 2494 3042 2536 DE
3088 2495 3189 2544 IIS,
3224 2495 3330 2547 QUI
3358 2495 3532 2538 NON-

306 2597 444 2642 υωι
491 2598 565 2641 SB
609 2597 712 2638 ῙΤΔ
759 2593 1233 2647 CORREXERINT,
1280 2592 1362 2634 UT
1405 2591 1528 2632 NON
1573 2589 1844 2632 AMPLIUS
1897 2588 2164 2632 JURENT.

1763 2728 2023 2779 5299-3283

795 2869 1013 2908 uomuit
1052 2868 1127 2906 xx
1155 2851 1256 2922 (a).

302 2951 352 3004 1.
393 2947 478 3003 Ad
511 2947 672 3001 linem
693 2946 882 3016 jejunii
904 2945 1011 3014 jam
1042 2953 1251 3012 tempus
1277 2941 1636 3011 deproperat:
1661 2953 1828 3009 quare

230 3052 282 3097 et
308 3057 407 3096 nos
433 3039 626 3108 majori
655 3039 832 3092 studio
851 3037 1038 3092 virtuti
1065 3050 1283 3106 operam
1311 3037 1501 3090 demus
1528 3035 1580 3097 ις
1605 3042 1662 3086 nt
1682 3032 1825 3086 enim

232 3132 572 3186 currentibus
614 3128 781 3184 multa
825 3127 993 3181 stadia
1035 3127 1270 3181 emensis
1320 3125 1452 3179 nihil
1500 3123 1656 3189 lucri,
1703 3123 1750 3177 si
1797 3139 1825 3175 a

233 3223 454 3290 pncrnio
484 3219 736 3274 excidant
767 3237 781 3271 ι
827 3219 896 3271 ita
926 3216 1054 3270 nihil
1085 3216 1238 3269 nobis
1265 3214 1396 3268 lucri
1423 3212 1525 3268 erit
1553 3230 1616 3266 ex
1651 3213 1829 3266 multis

234 3311 509 3366 laboribus
548 3317 604 3363 et
644 3307 930 3363 sudoribus
969 3305 1176 3375 jejunio
1212 3302 1515 3372 insumptis.
1561 3301 1660 3355 nisi
1707 3317 1826 3355 Cum

235 3416 363 3469 pura
387 3398 722 3455 conscientia
768 3412 916 3450 sacra
949 3410 1132 3449 mensa
1164 3394 1263 3447 frui
1293 3396 1575 3462 possimus.
1610 3392 1690 3446 οι)
1729 3391 1832 3444 hoc

235 3491 375 3545 enim
400 3489 664 3558 jejunium
680 3485 1156 3555 ctQuadragesima
1180 3493 1234 3538 et
1255 3494 1332 3537 tot
1351 3484 1554 3537 dierum
1580 3497 1828 3552 synaxes,

235 3579 556 3644 auditiones,
589 3594 774 3648 preces
802 3587 856 3631 et
879 3575 1137 3630 doctrina:
1167 3583 1434 3642 susceptae
1463 3585 1608 3638 sunt,
1629 3581 1685 3626 ut
1706 3573 1818 3625 abs-

238 3669 396 3724 tersis
435 3667 731 3723 sccleribus
768 3681 864 3734 per
887 3664 1182 3719 istiusmodi
1209 3665 1436 3717 studium
1464 3665 1518 3728 ',
1542 3679 1658 3730 quae
1681 3665 1834 3715 nobis

237 3741 338 3816 hoc
382 3774 530 3814 anno
559 3772 896 3828 quocumque
924 3755 1084 3809 modo
1130 3755 1281 3808 'allita
1320 3755 1679 3812 inhaeserunt,
1711 3768 1830 3806 cum

237 3850 506 3918 spirituali
552 3847 742 3901 ﬁducia
783 3847 924 3901 illius
969 3846 1226 3899 incruenti
1274 3845 1516 3898 sacrificii
1547 3844 1836 3912 participes

240 3940 604 3996 efficeremur.
633 3939 766 4003 Quia
793 3937 892 3990 nisi
919 3935 970 3989 id
998 3949 1362 4002 assequamur,
1395 3944 1592 3986 temere
1618 3934 1838 3987 frustra-

239 4047 343 4100 que
387 4039 442 4084 et
469 4043 592 4082 cmn
624 4028 765 4081 nulla
794 4017 1016 4078 utilitate
1049 4025 1181 4077 tanti
1217 4024 1427 4078 labores
1458 4023 1664 4077 tolerati
1693 4033 1835 4076 sunt.

240 4123 480 4192 Quisque
516 4120 676 4189 igitur
713 4132 894 4172 secum
936 4125 1166 4185 reputet,
1211 4130 1366 4184 quem
1411 4113 1676 4167 defectum
1717 4129 1839 4169 cor-

242 4214 421 4274 rexit,
455 4225 618 4281 quam
645 4209 892 4262 virtutem
923 4206 1238 4274 acquisivit,
1270 4205 1409 4272 quod
1441 4213 1712 4272 peccatum
1744 4204 1840 4257 de-

244 4284 459 4373 posuit,
509 4315 669 4371 quem
706 4313 916 4352 naevum
957 4297 1121 4362 eluit,
1173 4295 1465 4349 secundum
1497 4294 1622 4364 quid
1658 4295 1846 4350 melior

245 4395 418 4448 lactus
442 4394 517 4446 sit
540 4409 554 4445 :
583 4390 723 4462 quod
747 4391 790 4444 si
815 4390 1070 4444 invenerit
1103 4388 1346 4456 pulchras
1367 4387 1493 4441 istas
1516 4401 1722 4441 merces
1747 4388 1844 4440 sibi

243 4502 307 4538 ex
332 4485 543 4554 jejunio
582 4483 832 4537 adauctas
859 4497 999 4542 esse,
1040 4489 1322 4548 certusque
1365 4479 1435 4531 sit
1480 4479 1758 4546 plurimam
1786 4493 1845 4532 se

244 4575 564 4630 vulneribus
589 4573 897 4628 adhibuisse
923 4561 1136 4638 eurum,
1165 4571 1406 4625 accedat.
1437 4571 1589 4634 Quod
1617 4571 1660 4624 si
1691 4571 1848 4624 isthic

247 4669 548 4738 negligens,
571 4667 740 4722 solum
757 4665 1017 4734 jejunium
1034 4673 1300 4718 esu-utare
1319 4665 1531 4732 poterit,
1545 4678 1644 4717 nec
1661 4663 1712 4716 iu
1729 4662 1847 4716 ullis

247 4763 365 4816 aliis
393 4759 559 4815 rebus
598 4773 656 4812 se
697 4757 1086 4826 castigatiorem
1137 4755 1332 4810 factum
1376 4754 1600 4822 probare
1630 4755 1846 4822 poterit,

249 4854 380 4908 toris
401 4859 636 4921 maneat,
660 4865 723 4904 ac
743 4860 852 4902 tum
877 4849 1122 4912 introeat,
1147 4863 1266 4902 cum
1293 4862 1351 4901 se
1371 4848 1436 4900 ab
1461 4848 1707 4903 omnibus
1731 4861 1858 4915 pec-

254 4944 394 4998 catis
418 4930 745 5012 expurgarit:
780 4938 1005 5009 (Nullus
1036 4940 1084 4990 in
1115 4939 1229 4992 solo
1253 4937 1455 5006 jejunio
1484 4936 1728 4992 ﬁduciam
1756 4936 1850 4990 ha-

260 5034 419 5100 beat,
451 5031 543 5102 qui
575 5031 717 5085 vitiis
763 5031 878 5084 sine
919 5027 1294 5083 emendatione
1343 5029 1568 5082 inhaesit.
1599 5028 1618 5096 )
1649 5029 1720 5096 (ὸ)
1751 5026 1853 5081 Fas

259 5125 404 5178 enim
435 5131 521 5178 est
541 5136 696 5187 eum,
718 5121 808 5190 qui
848 5135 950 5173 non
976 5119 1317 5188 jejunaverit,
1361 5118 1568 5173 veniam
1598 5117 1852 5186 conss-qni

322 5303 339 5332 ι
376 5307 487 5348 Sav.
513 5298 562 5346 in
584 5297 805 5359 margine
831 5302 883 5344 et
905 5293 1088 5359 aliquot
1109 5299 1237 5351 Mss,
1264 5290 1604 5354 compellamus
1626 5302 1727 5346 two.
1757 5290 1855 5346 vel,

259 5359 557 5411 concitemus
575 5359 640 5406 ad
657 5355 891 5417 m'ajorem
915 5355 1153 5404 virtutem.

323 5424 345 5453 ³
379 5419 551 5470 ator-el.
573 5426 626 5468 et
645 5411 838 5481 quidam
1012 5428 1099 5478 per
1124 5413 1344 5465 studium
1368 5411 1642 5464 divinorum
1657 5411 1862 5463 manda-

260 5489 445 5532 torum.

328 5544 408 5605 (α)
443 5547 556 5605 tunc
575 5538 966 5605 botniliaieollata
1003 5544 1080 5586 est
1116 5551 1227 5605 cum
1251 5536 1510 5605 codicibus
1535 5535 1859 5605 ttegi_i_s_18'£8,

267 5597 410 5662 1938',
434 5601 577 5659 24%,
592 5601 736 5660 2499,
758 5602 900 5659 305i,
923 5609 1105 5650 etcum
1127 5597 1403 5648 Colbertino
1419 5597 1529 5657 ΞΠ,
1567 5597 1741 5648 additis
1757 5608 1861 5647 δαν.

268 5675 322 5716 et
343 5663 528 5716 Metelli
554 5663 860 5712 lectionibus.

329 5726 408 5789 (ιτ)
440 5732 554 5784 Qua
575 5720 1380 5789 intra,parenthesrmclauduntur,
1409 5720 1536 5789 _Savil
1598 5727 1650 5771 et
1685 5719 1866 5787 aliqum

271 5780 678 5850 Itis'jrosuerunt
701 5780 749 5834 in
772 5797 924 5848 marg.
951 5799 964 5845 ;
990 5783 1080 5832 sed
1101 5783 1262 5832 omisit
1280 5780 1445 5831 Morel.

1939 2856 2188 2902 excusata
2212 2847 2460 2902 nimirum
2495 2851 2741 2919 corporis
2771 2851 3172 2906 imbecillitate:
3196 2853 3240 2907 is
3266 2868 3412 2917 vero,
3441 2855 3530 2922 qui

1943 2953 2046 2990 non
2084 2938 2423 3008 castigari-rit
2465 2941 2662 2996 delicta
2687 2983 2703 3009 ,
2757 2942 3088 3012 impossibile
3117 2955 3198 2998 est
3221 2986 3235 3010 ,
3283 2956 3339 2999 ut
3371 2946 3530 3000 ullam

1941 3031 2338 3084 excusationem
2369 3032 2625 3086 instituat.

2015 3121 2054 3171 Α
2089 3123 2268 3186 quibus
2293 3124 2560 3192 prwccptt’s
2607 3125 2869 3178 servandis
2893 3136 3100 3178 excusat
3134 3128 3358 3196 corporis
3385 3129 3533 3197 iri/ir-

1942 3211 2185 3262 mitas.—-
2206 3211 2581 3280 Nonjejunasti
2608 3216 2675 3268 ob
2696 3217 2938 3284 corporis
2965 3217 3326 3273 inﬁrmitatem
3357 3221 3369 3252 ¹
3392 3237 3408 3286 -;
3437 3221 3530 3274 sed

1940 3301 2024 3354 die
2053 3303 2180 3354 mihi
2205 3345 2216 3364 ,
2245 3319 2339 3357 cur
2370 3305 2598 3358 inimicis
2637 3308 2740 3360 tuis
2786 3310 3163 3362 reconciliatus
3193 3327 3298 3364 non
3327 3311 3427 3363 es?
3467 3329 3534 3366 au

1942 3392 2030 3446 hie
2083 3392 2246 3448 habes
2299 3396 2440 3450 unde
2489 3400 2791 3466 prrelendas
2834 3402 3076 3468 Corporis
3133 3403 3536 3458 infirmitatem?

1943 3483 2174 3538 Rursum
2205 3487 2248 3540 si
2292 3487 2473 3541 odium
2520 3490 2879 3561 invidiamque
2909 3494 3140 3547 retineas
3166 3537 3180 3559 ,
3209 3496 3333 3564 quid
3367 3499 3540 3564 possis

1898 3626 1912 3632 η
1940 3580 2298 3634 excusationis
2348 3579 2618 3650 allegare?
2671 3599 2932 3653 nusquam
2961 3585 3104 3638 enim
3137 3586 3188 3639 in
3238 3588 3535 3642 i5littstttttdi

1941 3669 2178 3732 delictis,
2208 3669 2274 3724 ad
2310 3673 2550 3740 corporis
2593 3674 3011 3730 imbecillitatem
3054 3681 3342 3748 confugere
3384 3682 3528 3735 licet.

1946 3764 2121 3832 Atque
2142 3763 2192 3818 id
2215 3763 2416 3818 Christi
2449 3765 2795 3821 humanitatis
2820 3785 2955 3836 opus
2973 3779 3076 3834 est,
3108 3773 3249 3840 quod
3274 3777 3539 3843 praecipua

1945 3866 1998 3907 et
2029 3855 2186 3908 vitam
2219 3865 2459 3910 nostram
2509 3858 2836 3912 continentia
2885 3873 3150 3931 praacepta
3201 3863 3329 3916 nihil
3358 3880 3386 3915 a
3416 3880 3538 3918 cor-

1951 3947 2097 4015 poris
2124 3947 2434 4003 iulirmitate
2479 3948 2758 4002 laedantur.
2799 3949 3065 4005 Ca‘terum
3099 3956 3348 4020 quoniam
3390 3971 3542 4024 atque

1949 4039 2200 4091 omnibus
2227 4040 2395 4092 sacris
2429 4039 2631 4108 legibus
2673 4039 3004 4109 indigemus,
3032 4057 3094 4096 ac
3124 4044 3174 4096 in
3203 4044 3388 4112 primis
3411 4045 3497 4098 illa
3524 4087 3540 4109 ,

1949 4133 2069 4197 ([lltl.‘
2118 4130 2391 4184 interdicit
2420 4131 2725 4186 inimicitias
2757 4133 3061 4202 irarumque
3087 4121 3538 4206 perpetuitatem,

1949 4219 2042 4273 St'tl
2078 4221 2568 4276 reconciliationem
2613 4225 2791 4276 statim
2825 4225 2940 4278 lieri
2966 4225 3139 4294 jubet,
3173 4243 3299 4297 age,
3333 4229 3402 4283 de
3443 4231 3543 4286 hoc

1957 4321 2225 4379 pra‘cepto
2261 4327 2401 4366 mmc
2446 4314 2496 4366 in
2547 4317 2827 4383 pransi-otia
2884 4317 3235 4386 disputemus.
3282 4320 3354 4376 Ut
3391 4324 3539 4377 enim

1959 4403 2305 4458 fornicantem
2334 4405 2894 4477 blasphemautemque
2921 4409 3246 4478 impossibile
3274 4422 3358 4466 est
3376 4393 3544 4469 sacra:

1959 4513 2159 4552 mensa:
2191 4500 2500 4566 participem
2535 4499 2668 4560 ﬁeri,
2699 4501 2770 4554 ita
2798 4517 3007 4568 quoque
3033 4504 3121 4570 qui
3149 4503 3450 4559 inimicitias
3469 4505 3546 4560 fo-

1947 4598 2057 4650 vet,
2099 4598 2196 4642 ant
2229 4589 2284 4642 in
2325 4591 2403 4643 ira
2439 4590 2688 4660 pertinax
2718 4600 2825 4653 est.
2851 4606 2960 4645 non
3007 4600 3189 4662 potest
3223 4593 3331 4646 frui
3361 4603 3552 4649 sancta

1949 4681 2374 4748 communione;
2414 4699 2593 4753 neque
2629 4685 2680 4737 id
2724 4685 3019 4739 itnmerito.
3049 4685 3153 4752 Qui
3195 4687 3341 4739 enim
3378 4702 3555 4741 mere—

1951 4774 2180 4829 tricatus
2211 4783 2322 4836 est,
2349 4785 2442 4830 aut
2467 4777 2800 4834 adulterium
2824 4779 3124 4845 commisit,
3150 4780 3314 4834 simul
3344 4790 3408 4834 ut-
3434 4782 3556 4835 ani-

1949 4881 2102 4920 mum
2129 4869 2388 4937 explevit,
2411 4868 2570 4922 tinem
2605 4873 3116 4940 peccatusimposuit
3147 4889 3158 4924 :
3187 4873 3332 4941 quod
3353 4874 3398 4928 si
3421 4875 3558 4928 resi-

1949 4961 2168 5030 piscens
2188 4978 2244 5014 se
2263 4978 2291 5015 a
2310 4962 2465 5030 lapsu
2485 4964 2725 5018 excitare
2740 4965 2969 5018 voluerit
2988 4980 3352 5036 magnamque
3370 4977 3557 5021 osten-

1949 5053 2092 5106 derit
2129 5055 2531 5123 paenitentiam,
2566 5067 2897 5126 assequetur
2925 5057 3165 5126 aliquam
3209 5059 3554 5113 consolatio-

1951 5159 2074 5198 nem
2097 5145 2224 5213 ;qui
2252 5147 2759 5201 auteursimultatis
2782 5157 2943 5202 tenax
2971 5157 3076 5207 est.
3104 5151 3338 5218 singulis
3358 5151 3555 5204 diebus

1949 5243 2234 5305 peccatum
2255 5234 2404 5298 facit,
2426 5252 2526 5290 nec
2544 5253 2803 5307 umquam
2825 5239 2955 5293 illud
2972 5241 3226 5295 absolvit.
3249 5241 3368 5297 lllic
3390 5244 3556 5298 simul

1965 5331 2086 5371 Cum
2134 5315 2334 5386 ﬂagitio
2363 5315 2633 5387 expletum
2682 5329 2764 5370 est
2817 5320 3272 5386 peccatum',hic
3317 5326 3556 5390 quotidie

1967 5410 2108 5465 idem
2140 5408 2318 5463 scelus
2365 5418 2600 5462 tentatur
2633 5425 2645 5461 :
2679 5425 2835 5478 quam
2880 5411 3036 5480 igitur
3075 5414 3284 5464 veniam
3319 5416 3553 5482 sltct'ﬂltl--

1975 5515 2114 5568 mus,
2142 5502 2231 5570 qui
2263 5517 2360 5554 nos
2403 5500 2493 5554 tali
2523 5500 2711 5554 bellua:
2751 5501 2894 5555 ultro
2940 5501 3232 5559 dedimus?
3279 5504 3557 5572 Quomodo

2037 5659 2054 5688 ι
2089 5655 2229 5704 savii.
2257 5663 2308 5705 et
2324 5651 2506 5716 aliquot
2521 5654 2686 5712 Codd.,
2705 5654 2765 5718 ob
2783 5656 2998 5718 corporis
3022 5655 3094 5705 tm'
3115 5663 3356 5707 naturam.

2040 5722 2061 5749 ¹
2094 5719 2232 5766 μέμ-ῆι.
2257 5719 2307 5763 in
2330 5719 2549 5779 margine
2576 5732 2586 5765 :
2617 5725 2671 5767 Et
2685 5717 2879 5781 quidem
2903 5719 2951 5767 in
2973 5719 3228 5781 (uiuiterio,
3254 5733 3364 5768 cum
3383 5718 3566 5781 ﬂagitio

1977 5781 2305 5843 exptrtttntest
2333 5786 2596 5843 peccatum.
2625 5785 2676 5829 Et
2699 5781 2768 5828 sic
2793 5779 2980 5829 videtur
3006 5779 3190 5844 legisse
3215 5782 3437 5833 Kannius.
