4232 6320
721 408 817 466 199
978 466 981 473 ,

720 521 1013 595 postulabit
1046 521 1208 591 Deum
1240 517 1332 574 tibi
1357 527 1693 578 mansuetum
1720 516 1983 572 etmitem
2008 512 2146 579 ﬁeri,
2178 526 2301 571 cum

707 624 782 668 tu
811 625 1071 667 conservo
1099 618 1192 664 tuo
1218 618 1323 664 tam
1346 609 1523 679 gravis
1557 607 1632 662 sis
1660 617 1718 663 et
1742 603 2124 662 inexorabilis?
2147 601 2299 671 Esto,

725 702 1046 761 contumelia
1080 710 1132 755 te
1161 698 1337 756 alfeclt
1374 713 1668 756 conservus
1694 715 1711 753 :
1739 712 1918 753 nonne
1944 706 1997 750 tu
2022 709 2167 765 saepe
2194 694 2305 749 Deo

719 793 1073 853 contumelias
1099 792 1257 848 facis!
1267 791 1401 861 Quid
1414 791 1617 863 mquale
1637 790 1778 846 inter
1801 788 2076 843 dominum
2100 792 2157 839 et
2182 798 2301 838 ser-

720 886 872 942 vum?
891 884 1048 956 Atqui
1071 884 1158 939 hie
1178 882 1443 940 interdum
1469 881 1852 939 contumeliose
1879 879 2304 945 habitus,contu-

722 979 935 1034 meliam
968 975 1106 1032 forte
1134 974 1391 1046 reposuit,
1419 983 1474 1028 et
1488 981 1940 1042 exasperatuses;
1968 979 2022 1023 tu
2048 968 2306 1023 adversus

726 1069 1009 1125 Dominum
1033 1066 1419 1124 contumeliose
1444 1064 1580 1135 agis,
1602 1065 1731 1119 niltil
1754 1064 1965 1133 quidem
1992 1063 2062 1118 ab
2090 1062 2184 1117 illo
2214 1061 2308 1116 l2-

721 1178 814 1217 sus
838 1203 851 1226 ,
883 1161 976 1217 sed
1005 1141 1271 1231 perpetuis
1292 1158 1532 1228 quotidie
1559 1156 1830 1213 beneficiis
1858 1140 2099 1210 adfectus.
2121 1153 2305 1225 Cogita

723 1266 850 1322 ergo
864 1249 1002 1321 quod
1024 1250 1067 1303 si
1083 1249 1245 1305 vellet
1258 1248 1399 1303 Deus
1415 1247 1672 1303 adversus
1687 1261 1746 1303 se
1770 1246 2054 1301 commissa
2077 1245 2271 1314 diliget)
2284 1273 2307 1289 -

726 1350 809 1395 ter
835 1341 1114 1409 exquirere
1138 1380 1155 1407 ,
1184 1353 1252 1393 ne
1278 1338 1345 1392 ad
1362 1353 1523 1392 unum
1553 1339 1766 1414 quidem
1794 1338 1935 1391 diem
1984 1338 2307 1391 viveremtn.

726 1430 958 1497 Pacta,
988 1430 1153 1496 enim,
1177 1430 1363 1500 inquit,
1378 1430 1424 1484 si
1450 1430 1803 1495 observaveris,
1818 1426 2052 1491 Domine,
2075 1426 2307 1492 Domine,

726 1526 837 1595 quis
885 1524 1148 1579 sustinebit
1192 1522 1212 1594 (
1252 1520 1395 1577 Psal.
1424 1521 1547 1578 129.
1574 1519 1691 1591 3)?
1731 1521 1799 1576 Et
1835 1532 1891 1574 ttt
1936 1522 2178 1574 omittam
2207 1519 2307 1572 alia

726 1615 905 1671 omnia
952 1624 1203 1686 peccata,
1234 1629 1356 1684 quae
1400 1613 1515 1667 sola
1556 1612 1817 1684 cujusque
1862 1610 2158 1682 peccatoris
2183 1626 2311 1675 con-

732 1707 949 1761 teientia
979 1705 1188 1775 cognita
1222 1704 1413 1765 habet.
1443 1714 1497 1758 et
1526 1703 1614 1758 ubi
1663 1712 1860 1774 praeter
1906 1704 2071 1758 [leum
2108 1701 2307 1756 nullum

725 1802 918 1853 testem
946 1794 1283 1861 reformidat,
1307 1794 1359 1848 si
1378 1792 1447 1850 de
1470 1792 1733 1849 confessis
1776 1793 1893 1848 istis
1918 1801 1973 1847 et
1999 1792 2202 1862 apertis
2228 1805 2313 1843 ra-

729 1889 932 1946 tionem
958 1899 1384 1957 reposcercmur,
1406 1899 1565 1955 quam
1586 1884 1797 1939 veniam
1823 1924 1839 1949 ,
1862 1896 2064 1954 quaeso,
2093 1894 2312 1951 sperare

725 1976 1077 2049 possetnus,si
1095 1985 1331 2030 nostram
1346 1974 1398 2029 in
1412 1973 1663 2044 precibus
1687 1973 1931 2029 inertiam
1958 1982 2012 2027 et
2037 1970 2307 2042 negligen.

729 2070 855 2125 tiam
885 2066 1237 2137 expenderet:
1254 2064 1395 2137 quod
1421 2080 1601 2121 coram
1629 2078 1696 2121 eo
1725 2064 2081 2119 consistentes
2108 2062 2313 2131 ipsum-

729 2176 833 2232 que
860 2162 1186 2225 invocantes,
1201 2173 1271 2213 ne
1294 2166 1497 2212 tantum
1516 2155 1730 2226 quidem
1744 2154 1963 2227 pudoris
1991 2162 2045 2208 et
2064 2164 2316 2207 reveren-

729 2251 816 2304 tia:
835 2248 1165 2314 exhibemus,
1189 2256 1442 2319 quantum
1457 2247 1595 2302 servi
1612 2245 1841 2301 dominis
1855 2245 1986 2317 suis,
2008 2247 2100 2298 aut
2118 2243 2314 2298 milites

730 2341 974 2407 ducibus,
988 2349 1081 2395 aut
1099 2338 1253 2394 amici
1272 2338 1491 2392 aruit-isi
1508 2352 1628 2393 cum
1640 2337 1811 2390 amico
1823 2335 1963 2389 enim
1979 2333 2313 2402 colloquens,

732 2446 855 2487 cum
880 2431 1172 2485 attentione
1197 2426 1324 2483 illud
1346 2427 1498 2492 facis;
1520 2441 1640 2480 cum
1662 2426 1772 2480 Deo
1798 2434 1975 2479 autem
1992 2424 2061 2479 de
2080 2423 2316 2493 peccatis

734 2522 838 2576 tuis
850 2534 1031 2591 agens,
1042 2518 1547 2574 etcondonationem
1560 2517 1835 2586 postulans
1848 2527 1901 2570 ct
1913 2516 2119 2570 veniant
2134 2530 2223 2567 ora
2231 2529 2313 2580 ns,

736 2609 962 2663 subinde
992 2606 1618 2677 torpescis,genibnsque
1643 2606 1789 2661 humi
1820 2607 2025 2676 positis,
2054 2620 2196 2675 same
2224 2620 2318 2674 per

721 2701 933 2762 iurum,
966 2711 1109 2765 sa-pe
1138 2711 1231 2766 per
1260 2695 1404 2750 mdes
1432 2704 1663 2750 mentem
1696 2705 1840 2750 tuam
1878 2693 2111 2763 divagari
2140 2694 2274 2748 sinis
2298 2734 2314 2758 ,

737 2805 832 2845 ore
860 2801 951 2844 tuo
979 2788 1191 2844 interim
1222 2797 1426 2843 temere
1455 2788 1788 2857 inaniterqne
1823 2789 2090 2857 garriente
2116 2806 2129 2841 :
2159 2786 2318 2855 idque

734 2897 841 2938 non
866 2881 1028 2936 semel
1052 2890 1143 2935 aut
1167 2880 1272 2947 bis,
1299 2880 1408 2936 sed
1421 2880 1725 2951 frequenter
1744 2881 1901 2936 nobis
1920 2881 2147 2937 accidit:
2168 2887 2313 2952 quod

734 2974 780 3029 si
824 2973 907 3029 vel
960 2973 1085 3027 illud
1132 2972 1306 3026 solum
1342 2973 1639 3042 ponderare
1671 2972 1803 3027 velit
1826 2971 1995 3039 Deus,
2022 2987 2089 3027 an
2111 2974 2319 3027 veniant

736 3074 891 3135 putas
915 3063 1323 3119 ohtinebimus?
1367 3078 1433 3117 an
1478 3066 1844 3133 purgationem
1888 3065 2118 3135 aliquam
2164 3064 2323 3119 ador-

738 3171 867 3212 nare
888 3154 1361 3227 poterimus'lblihi
1382 3164 1526 3210 certe
1545 3154 1596 3209 id
1626 3154 1740 3210 fieri
1773 3169 1877 3211 non
1905 3170 2061 3223 posse
2088 3155 2319 3210 videtur.

812 3247 871 3301 2.
900 3246 1039 3314 Quid
1084 3247 1128 3300 si
1157 3246 1268 3315 jam
1298 3246 1535 3300 convicia
1579 3245 1772 3315 quibus
1804 3245 2039 3315 quotidie
2067 3245 2156 3300 alii
2190 3247 2322 3303 alios

739 3339 1077 3399 incessimus,
1108 3337 1163 3390 in
1193 3335 1427 3390 medium
1470 3334 1801 3405 produxerit,
1829 3335 2133 3406 jndiciaqne
2164 3337 2321 3405 inop-

680 3438 685 3442 ‘
740 3435 963 3497 portuna
994 3467 1010 3491 ,
1064 3426 1254 3497 quibus
1311 3410 1616 3494 proximum
1662 3425 2122 3492 condemnamus,
2166 3426 2325 3496 idque

678 3524 689 3547 '
738 3516 887 3573 nulla
914 3516 1016 3571 alia
1036 3515 1105 3571 de
1127 3531 1309 3582 causa,
1330 3530 1488 3585 quam
1514 3515 1653 3585 quod
1682 3515 1928 3571 maledici
1952 3531 2172 3583 sumus;
2197 3517 2323 3586 quid

742 3608 1034 3679 poterimus
1059 3645 1077 3675 ,
1104 3621 1318 3676 qumso,
1366 3621 1464 3674 pro
1508 3605 1822 3661 defensione
1864 3614 2044 3661 nostra
2089 3606 2325 3663 afferre?

744 3699 971 3752 llursunt
1025 3696 1070 3750 si
1118 3698 1390 3751 examinet
1451 3695 1693 3751 curiosos
1745 3707 1957 3753 nostros
2006 3698 2227 3753 intuitus
2270 3706 2326 3752 et

740 3786 904 3842 animi
933 3800 1127 3856 pravas
1147 3786 1482 3855 cupiditates,
1504 3787 1730 3843 subinde
1756 3789 1998 3874 turpibus
2020 3800 2071 3844 et
2098 3787 2324 3843 immun-

740 3880 828 3936 dis
854 3878 1260 3950 cogitationibus
1286 3877 1515 3933 imbutas
1537 3919 1553 3945 ,
1580 3879 1705 3933 dum
1736 3880 1921 3934 oculos
1945 3880 2183 3949 quolibet
2208 3880 2324 3935 sine

742 3973 847 4027 ulla
894 3970 1267 4027 observatione
1318 3971 1572 4027 oberrare
1620 3971 1881 4039 sinimus,
1910 3988 2068 4043 quam
2115 3988 2325 4041 pmnam

746 4062 979 4121 luemus?
998 4062 1148 4131 Quod
1170 4062 1213 4115 si
1243 4062 1453 4117 ineatur
1476 4063 1612 4117 ratio
1633 4072 1935 4118 nostrorum
1957 4064 2323 4118 conviciorum

743 4154 904 4223 (nam
938 4150 1040 4219 Qui
1064 4152 1210 4222 fratri
1229 4169 1320 4206 suo
1345 4152 1528 4207 dixerit
1552 4193 1568 4219 ,
1584 4152 1789 4215 Fatue,
1814 4170 1930 4207 reus
1952 4153 2049 4208 erit
2084 4154 2329 4224 geltenuat

745 4245 877 4315 ignis
897 4240 1109 4316 [Matth
1136 4244 1189 4299 5.
1220 4242 1362 4316 22]),
1388 4260 1513 4299 ttum
1539 4245 1623 4299 vel
1645 4259 1707 4300 os
1732 4244 1985 4301 diducere
2011 4246 2090 4300 vel
2120 4246 2327 4301 hiscere

746 4332 944 4397 licebit,
973 4342 1066 4387 aut
1108 4347 1337 4403 parvum
1384 4344 1475 4389 aut
1520 4349 1767 4420 magnum
1816 4337 2183 4405 respondere?
2208 4338 2325 4393 Jam

753 4424 940 4477 inanes
956 4430 1167 4477 nostras
1190 4423 1532 4493 gloriationes
1552 4424 1619 4480 de
1645 4424 1887 4495 precihtis
1906 4426 1983 4481 vel
2002 4426 2219 4497 jejuniis
2241 4429 2327 4483 vel

749 4511 1111 4583 eleemosynis
1137 4513 1358 4580 nostris,
1387 4514 1432 4568 si
1462 4514 1513 4569 in
1541 4513 1961 4585 disquisitionem
1990 4529 2323 4583 revocentur,

750 4619 857 4659 non
886 4619 916 4658 a
944 4603 1076 4669 Deo,
1107 4604 1200 4660 sed
1229 4620 1258 4657 a
1290 4606 1445 4660 nobis
1475 4606 1604 4678 ipsis
1626 4610 1715 4677 qui
1740 4609 2077 4674 peccavimus
2108 4627 2121 4663 :
2147 4626 2211 4665 an
2234 4626 2329 4665 au-

749 4694 996 4749 debimus
1023 4694 1107 4765 vel
1133 4694 1320 4748 ca-lum
1350 4698 1651 4764 respicere?
1684 4698 1847 4752 Porro
1870 4700 1911 4752 si
1935 4701 2002 4754 de
2026 4701 2164 4754 dolis
2188 4701 2329 4770 judi-

749 4788 890 4842 cium
920 4785 1029 4852 llat,
1062 4800 1197 4854 quos
1229 4787 1319 4841 alii
1369 4787 1420 4840 in
1452 4788 1585 4842 alios
1612 4792 1919 4844 censuimus
1940 4832 1953 4853 ,
2005 4807 2144 4845 nunc
2188 4808 2326 4861 prte-

752 4892 957 4933 sentem
983 4877 1258 4934 laudantes
1272 4877 1513 4944 fratrem,
1528 4896 1590 4934 ac
1602 4896 1723 4935 cum
1746 4898 1810 4936 eo
1838 4883 1987 4952 quasi
2015 4899 2135 4938 cum
2156 4886 2328 4941 amico

749 4970 1016 5040 colloquia
1048 4970 1359 5037 miscentes,
1383 4986 1525 5027 nunc
1552 4973 1826 5028 absentem
1857 4976 2236 5031 criminantes:
2260 4994 2327 5032 an

753 5074 909 5129 pares
934 5058 1135 5115 erimus
1164 5060 1464 5117 istiusmodi
1498 5063 1708 5132 preme?
1732 5063 1867 5133 Quid
1896 5066 2067 5121 dicant
2093 5065 2159 5123 de
2180 5068 2328 5139 jura-

752 5150 972 5215 mentis,
1005 5150 1316 5217 mendaciis,
1346 5152 1597 5223 perjuriis
1618 5200 1635 5224 ,
1666 5156 1865 5224 injuste
1891 5159 2088 5226 furore,
2122 5162 2288 5217 livore
2308 5204 2324 5223 .

754 5262 856 5317 quo
888 5262 1031 5316 saepe
1072 5238 1380 5301 invidemus
1419 5247 1553 5302 viris
1590 5246 1907 5316 conspicuis
1940 5264 2045 5303 non
2091 5250 2336 5305 inimicis

750 5339 932 5401 modo,
967 5340 1060 5393 sed
1086 5339 1313 5394 amicis?
1335 5339 1465 5408 quid
1483 5338 1626 5408 quod
1652 5337 2199 5395 oblectamuralienis
2221 5360 2336 5397 ma-

750 5430 841 5494 lis,
864 5430 1310 5500 arbitranturque
1334 5431 1567 5486 alienam
1589 5431 1955 5488 infelicitatem
1978 5436 2145 5490 nostri
2169 5436 2337 5489 inlbr-

751 5521 891 5574 lunii
920 5522 1173 5576 solatium
1196 5522 1357 5579 esse?

820 5612 1294 5676 Confabulationes
1327 5617 1380 5668 in
1403 5615 1627 5670 ecclesia
1667 5618 1961 5686 prohibitis.
1998 5649 2065 5659 —
2090 5619 2244 5685 Quod
2286 5622 2331 5673 si

750 5705 989 5772 torporis
1013 5706 1186 5759 nostri
1221 5707 1273 5759 in
1303 5723 1457 5763 sacra
1483 5709 1706 5765 collecta
1732 5710 1873 5765 ratio
1889 5712 2157 5782 exigatur,
2178 5714 2333 5784 quid-

752 5810 873 5846 nam
897 5796 1200 5863 patiemur?
1228 5795 1361 5851 illud
1385 5798 1586 5869 quippe
1610 5816 1717 5856 non
1734 5802 2018 5872 ignoratis,
2046 5805 2189 5873 quod
2214 5805 2331 5873 ipso

1463 400 1523 463 S.
1560 399 1837 459 JOANNlS
1875 395 2345 456 CllllYSOSTOSii
2387 395 2705 453 ARCllIEP.
2744 396 3279 456 CONSTAN'I'lNOP.

3898 403 4011 461 τωο

2409 511 2520 567 Deo
2544 527 2690 584 saepe
2716 528 2812 585 per
2842 512 3154 583 prophetam
3179 530 3301 569 cum
3345 515 3593 574 omnibus
3615 516 3794 577 -ιιοωο
3832 520 4006 578 mlio-

2407 614 2622 673 queme,
2655 606 2849 658 multas
2876 619 3205 676 magnasque
3230 604 3584 663 fabulatiunes
3599 624 3719 664 eum
3743 611 4028 680 proximis

2408 692 2721 756 habeamus,
2764 693 2833 750 de
2871 695 3030 751 robus
3073 695 3140 749 ad
3180 711 3279 750 nos
3326 696 3550 753 minime
3590 701 4002 768 pertinentibus.

2405 782 2561 852 Quod
2607 788 2653 839 si
2694 785 2873 855 igitur,
2917 787 3131 842 omissis
3171 787 3381 842 caeteris
3426 788 3714 855 omnibus,
3766 792 4007 861 par_isti

2407 875 2603 931 delicto
2650 876 2965 946 supplicium
3005 877 3309 947 postuletur
3343 919 3357 944 ,
3390 877 3519 947 quid
3569 880 3834 949 reliquum
3878 885 4007 944 erit,

2411 966 2552 1035 quod
2594 965 2661 1020 de
2699 966 2872 1022 salute
2917 969 3197 1037 speretur?
3235 967 3314 1024 Ne
3361 969 3643 1024 existimes
3686 970 3739 1025 id
3784 986 4010 1041 parvum

2411 1056 2612 1112 crimen
2642 1072 2761 1112 esse
2788 1077 2801 1111 :
2829 1058 2944 1128 ejus
2979 1060 3123 1115 enim
3171 1062 3591 1132 magnitudinem
3618 1063 3663 1117 si
3696 1064 4011 1137 perspicere

2411 1149 2613 1216 cupias,
2629 1148 2681 1201 in
2708 1148 2866 1204 rebus
2896 1150 3141 1205 humanis
3166 1151 3596 1222 perSpicientlum
3621 1162 3725 1208 est.
3756 1156 3908 1209 Aude
3933 1155 4014 1209 sis

2414 1248 2641 1306 praetore
2661 1249 2834 1295 tecum
2858 1239 3014 1294 verba
3038 1240 3290 1307 habente,
3312 1243 3420 1297 imo
3441 1244 3522 1298 vel
3536 1245 3713 1299 amico
3730 1245 4012 1316 aliquanto

2412 1327 2743 1395 honestiore,
2788 1342 2855 1383 eo
2894 1330 3098 1385 omisso
3136 1346 3441 1387 sermonem
3487 1340 3635 1387 tuum
3681 1334 3750 1389 ad
3791 1350 4009 1390 servum

2414 1419 2723 1485 transferre,
2754 1433 2819 1475 ac
2856 1429 2969 1475 tum
3014 1420 3223 1477 videbis
3260 1432 3517 1492 quantum
3560 1424 3737 1479 scelus
3780 1427 4008 1491 audeas,

2413 1530 2533 1571 cum
2577 1513 2805 1585 idipsum
2838 1515 2888 1567 itt
2917 1514 3083 1570 Deum
3128 1513 3278 1569 facis.
3326 1515 3478 1583 Quod
3510 1517 3554 1571 si
3584 1516 3865 1572 honestior
3908 1518 4013 1571 ali-

2400 1605 2531 1677 .quis
2546 1603 2846 1675 hujusmodi
2864 1604 3240 1659 contumeliam
3260 1606 3598 1675 neglecturus
3622 1618 3850 1675 nonest,
3869 1607 4014 1663 Dens

2417 1706 2593 1749 tamen
2647 1694 2835 1749 iisdem
2891 1694 3286 1767 majoribusque
3334 1696 3542 1765 injuriis
3589 1697 3833 1768 pulsatus
3878 1712 4015 1767 qu.»-

2417 1787 2564 1850 tidie,
2593 1782 2693 1842 n’ec
2721 1786 2790 1840 ab
2818 1801 2926 1839 uno
2952 1795 3043 1841 aut
3069 1788 3239 1841 altero
3256 1787 3335 1841 vel
3356 1805 3385 1839 a
3415 1788 3589 1842 tribus
3624 1788 3821 1854 solum,
3852 1788 3948 1843 sed
3984 1804 4013 1842 a

2415 1876 2572 1930 nobis
2594 1874 2766 1930 ferme
2786 1876 3057 1944 erunibus,
3072 1876 3124 1930 in
3146 1877 3555 1932 mansuetudine
3577 1892 3673 1932 sua
3697 1888 3752 1932 et
3778 1877 4015 1933 toleran-

2419 1968 2489 2021 tia
2515 1976 2853 2038 perseverat,
2882 1982 3042 2037 quatn
3074 1984 3179 2022 non
3206 1969 3380 2023 solum
3406 1969 3663 2024 adversus
3687 1970 4015 2036 istiusmodi,

2418 2060 2513 2117 sed
2543 2068 2600 2115 et
2623 2059 2724 2114 alia
2754 2060 2923 2114 multo
2954 2060 3199 2131 graviora
3229 2070 3532 2115 conservat.
3559 2060 3688 2116 lla-c
3714 2061 3858 2117 enim
3884 2076 4018 2115 eon-

2420 2152 2559 2209 fessa
2588 2161 2643 2207 et
2667 2152 2955 2208 manifesta
2981 2162 3108 2207 sunt
3134 2153 3328 2208 delicta
3372 2169 3492 2224 quat
3529 2155 3919 2226 propemodum
3947 2156 4021 2212 ab

2419 2244 2669 2300 omnibus
2707 2242 3083 2314 designantur;
3112 2254 3459 2301 suut.autent
3507 2255 3562 2299 et
3610 2247 3739 2313 alia,
3782 2262 4016 2317 quorum

2419 2338 2676 2409 cujusque
2699 2338 2997 2408 peccatoris
3021 2336 3232 2393 animus
3255 2346 3337 2392 est
3360 2340 3627 2393 conscius.
3651 2338 3805 2406 Quod
3830 2340 3880 2403 si
3900 2340 4019 2395 bzcc

2419 2431 2597 2485 otnnia
2624 2439 2803 2484 mente
2825 2430 3233 2495 revolverimus,
3252 2431 3460 2484 etiamsi
3481 2430 3717 2505 omnium
3756 2430 4022 2486 crudelis-

2422 2523 2547 2578 simi
2573 2537 2638 2577 ae
2662 2522 3033 2576 immanissimi
3062 2524 3249 2589 simus,
3278 2522 3438 2577 modo
3468 2522 3863 2578 multitudinem
3897 2538 4021 2591 pec—

2419 2624 2659 2667 catorum
2681 2621 2986 2666 nostrorum
3007 2611 3425 2675 consideremus,
3462 2627 3569 2681 prae
3589 2622 3733 2667 metu
3757 2619 3815 2667 et
3835 2613 4020 2666 anxie-

2425 2713 2533 2756 tate
2558 2716 2625 2755 ne
2652 2700 2957 2755 meminisse
2983 2700 3201 2770 quidem
3230 2702 3441 2754 vacabit
3479 2713 3826 2768 acceptarum
3872 2700 3985 2768 inju
4007 2731 4021 2743 -

2422 2794 2643 2846 l'iill'llm.
2665 2791 2971 2845 Recordare
3005 2791 3143 2861 ignei
3171 2789 3338 2857 fluvii,
3362 2792 3559 2845 vermis
3589 2792 3859 2853 venenati,
3894 2793 4024 2845 hor-

2425 2882 2576 2938 rcndi
2620 2883 2825 2952 judicii,
2861 2882 2913 2936 ιιι
2961 2897 3067 2952 quo
3105 2884 3281 2936 omnia
3309 2883 3447 2937 nuda
3498 2893 3552 2937 et
3578 2891 3760 2963 aperta
3807 2894 3971 2937 erunt
4005 2902 4021 2940 :

2427 2975 2600 3045 cogita
2626 2974 2767 3044 quod
2795 2990 2911 3041 qua:
2938 2988 3077 3028 nunc
3102 2975 3155 3027 in
3186 2974 3365 3027 abdito
3396 2974 3582 3039 latent,
3606 2982 3735 3028 tunc
3758 2976 3812 3029 in
3841 2975 4021 3029 lucent

2428 3064 2784 3135 proferentur.
2829 3064 2981 3130 Quod
3010 3065 3054 3118 si
3084 3066 3323 3133 proximo
3366 3065 3635 3120 remiseris
3683 3076 3924 3135 peceata,
3956 3080 4021 3121 e.t

2424 3169 2544 3223 quae
2572 3162 2681 3208 tum
2711 3154 2996 3225 retegenda
3021 3164 3200 3217 erunt,
3228 3168 3370 3209 nunc
3399 3155 3451 3209 in
3485 3156 3587 3209 hoc
3614 3157 3812 3209 swculu
3838 3156 4027 3211 abole-

2425 3242 2647 3307 bantur,
2675 3244 2955 3313 exibisque
2985 3244 3116 3297 nihil
3146 3254 3321 3298 tecum
3353 3243 3575 3299 trahens
3599 3259 3667 3299 ex
3699 3239 3805 3300 tuis
3830 3262 4025 3316 pecca-

2428 3336 2513 3401 tis,
2544 3337 2681 3390 adeo
2711 3343 2770 3389 ttt
2797 3335 2964 3389 multo
2996 3335 3111 3404 plus
3140 3335 3389 3404 recipias,
3423 3352 3579 3405 quam
3605 3335 3822 3391 dedisti.
3850 3336 4021 3393 Multa

2427 3441 2571 3495 sape
2595 3425 2897 3480 istiusntodi
2930 3425 3270 3495 deliquimus,
3304 3443 3528 3498 quorum
3572 3429 3841 3484 neminem
3884 3441 4025 3483 eon-

2426 3516 2597 3572 scium
2644 3515 2908 3573 habemus
2938 3533 2950 3569 :
2982 3515 3176 3571 deinde
3200 3531 3319 3571 cum
3348 3519 3642 3588 cogitamus
3665 3519 3809 3589 quod
3838 3534 3909 3575 eo
3932 3520 4025 3575 die

2428 3615 2552 3661 ante
2591 3599 2790 3661 oculos
2831 3606 3068 3660 omnium
3111 3616 3330 3676 peccaui
3379 3619 3560 3663 nostra
3602 3620 3941 3677 exponentur
3967 3612 4022 3665 in

2430 3697 2637 3767 publico
2658 3696 2804 3752 orbis
2828 3706 3091 3751 terrarum
3116 3697 3345 3765 theatro,
3371 3701 3574 3754 tristius
3591 3701 3640 3755 id
3656 3717 3815 3771 quam
3842 3702 4021 3772 ipsum

2428 3789 3002 3859 snpplicium,augente
3032 3804 3130 3845 nos
3154 3800 3211 3846 et
3235 3792 3469 3846 elidente
3494 3794 3850 3861 conscientia,
3870 3795 4021 3850 arbi-

2434 3879 2892 3935 tramur.Tantum
2939 3881 3179 3950 pudoris,
3209 3892 3287 3936 tot
3317 3892 3556 3951 peccata,
3587 3892 3731 3937 tanta
3758 3886 4023 3952 supplicia

2432 3971 2618 4026 cluere
2646 3970 2773 4025 licet
2803 3985 2900 4041 per
2941 3972 3387 4042 condonationent
3428 3972 3647 4027 offensa:
3679 3989 3692 4025 :
3723 3973 3857 4027 nihil
3878 3976 4024 4030 enim

2429 4073 2512 4118 est
2539 4064 2661 4118 ltnic
2680 4065 2868 4117 virtuti
2897 4064 3120 4134 aequale.
3158 4064 3245 4118 \‘is
3274 4078 3599 4134 cognoscere
3637 4065 3794 4135 hujus
3837 4067 4024 4124 vires!

2432 4155 2493 4211 Si
2520 4157 2707 4210 steterit
2736 4155 2958 4227 Moyses,
2985 4165 3033 4210 et
3054 4156 3265 4211 Samuel
3292 4165 3409 4210 ante
3428 4158 3611 4229 faciem
3631 4155 4021 4229 meam,inquii,

2430 4264 2531 4301 non
2551 4259 2621 4302 est
2640 4248 2811 4301 anima
2833 4262 2945 4302 mea
2968 4247 3037 4300 ad
3063 4264 3148 4302 eos
3173 4245 3387 4317 (lerant.
3408 4248 3496 4303 15.
3517 4248 3591 4319 1).
3608 4251 3857 4304 Attamen
3889 4265 4029 4321 quos

2431 4354 2537 4419 non
2567 4347 2851 4408 potuerunt
2874 4338 3083 4410 Moyses
3107 4350 3162 4394 et
3193 4337 3407 4395 Samuel
3445 4342 3659 4410 eripere
3682 4341 3750 4396 ab
3778 4341 3860 4396 ira
3892 4344 4022 4408 Dei,

2435 4430 2590 4500 hujus
2615 4431 2866 4502 praecepti
2893 4430 3195 4486 observatio
3224 4435 3431 4501 eripere
3471 4433 3639 4502 potuit
3665 4451 3683 4489 :
3708 4447 3773 4488 ac
3798 4433 4028 4504 proinde

2434 4522 2546 4575 illis
2589 4522 2780 4599 quibus
2825 4523 2923 4576 ista
2963 4522 3130 4597 dixit,
3173 4522 3388 4599 assidue
3434 4524 3687 4593 praecepit
3728 4523 4027 4593 inquiens:

2434 4610 2687 4683 Nequitia;
2728 4598 2899 4681 fratris
2939 4614 3087 4667 vestri
3112 4598 3299 4684 singuli
3325 4630 3388 4668 ne
3409 4614 3738 4668 recordemiui
3765 4615 3820 4668 in
3848 4619 4027 4670 cordi-

2434 4704 2525 4758 bus
2546 4706 2717 4758 vestris
2746 4704 2927 4779 (Zaclt.
2947 4705 2997 4759 7.
3030 4704 3151 4774 10):
3180 4703 3259 4758 De
3285 4707 3568 4776 malefactis
3593 4707 3813 4776 proximi
3836 4709 4031 4780 singuli

2434 4810 2498 4848 ne
2537 4795 2869 4864 cogitaveritis
2899 4792 3006 4864 (1d.
3038 4793 3092 4849 8.
3118 4795 3229 4866 17).
3263 4794 3380 4850 Νοιι
3401 4796 3534 4851 dixit
3554 4797 3748 4862 solum,
3769 4798 4028 4866 Remitte,

2435 4883 2549 4949 sed,
2581 4883 2659 4939 Ne
2684 4886 2764 4938 vel
2796 4886 2847 4937 in
2880 4894 3059 4939 mente
3091 4886 3312 4951 habeas,
3346 4902 3415 4942 ne
3432 4889 3653 4957 cogites,
3685 4890 3876 4944 omitte
3906 4892 4031 4945 uni-

2438 4990 2648 5031 versam
2675 4977 2832 5040 iram,
2855 4978 3009 5032 ulcus
3040 4980 3163 5034 tolle
3194 4997 3206 5033 :
3236 4979 3365 5034 dum
3391 4974 3531 5033 enim
3552 4981 3839 5036 vindictam
3870 4986 4030 5039 ador-

2437 5082 2554 5134 nas,
2582 5068 2814 5138 primunt
2840 5068 3066 5138 teipsutn
3114 5079 3381 5127 tormento
3422 5071 3612 5139 afticis,
3646 5074 3810 5128 veluti
3837 5076 3884 5130 si
3914 5092 4030 5130 car-

2437 5160 2645 5213 niﬁcem
2693 5160 2827 5214 iram
2875 5161 2967 5215 tibi
3015 5164 3383 5232 apposuisses,
3413 5166 3678 5221 dilanians
3722 5178 3809 5221 tua
3860 5170 4029 5239 ipsius

2437 5264 2662 5303 viscera.

2509 5340 2608 5404 Qui
2652 5342 2780 5393 iram
2825 5358 2928 5395 non
2971 5347 3215 5414 refrenat,
3242 5346 3295 5400 in
3339 5348 3567 5400 cruciatu
3608 5349 3747 5402 uiuit.
3782 5378 3857 5390 —
3890 5350 4027 5418 Quid

2435 5430 2576 5482 enim
2607 5430 2854 5487 miserius
2879 5434 3095 5489 homine
3125 5436 3335 5491 assidue
3356 5438 3533 5491 irato?
3557 5438 4025 5505 Quemadmodum

2438 5518 2620 5575 furiosi
2649 5537 2934 5592 numquam
2979 5524 3226 5581 fruuntur
3266 5530 3647 5599 tranquillitate
3677 5532 3794 5585 :-ita
3829 5533 3923 5603 qui
3949 5535 4027 5588 si-

2439 5611 2714 5665 multatem
2739 5616 2964 5683 gerit,et
2992 5617 3262 5672 inimicum
3288 5618 3467 5685 habet,
3498 5636 3785 5692 numquam
3829 5623 4020 5678 fruitur

2440 5703 2541 5756 ulla
2568 5715 2719 5773 pace,
2756 5714 3009 5772 perpetuo
3051 5717 3282 5763 aestuans
3308 5711 3346 5777 ί,
3385 5721 3861 5782 ιοιιιρρειςιιοιιιιιιιυ
3888 5716 4021 5784 Cogi-

2506 5812 2528 5846 ί
2556 5810 2668 5875 Alii,
2688 5813 2927 5870 iuccnsus.
