4232 6320
320 414 419 474 199

312 535 401 588 λα
440 531 536 588 τὸν
580 532 865 605 Δεσπότην
902 532 1109 603 ἥμερόν
1158 546 1241 583 σοι
1278 529 1534 597 γενέσθαι
1565 530 1662 583 καὶ
1686 518 1891 595 πρᾶον,
1925 523 2004 593 τῷ

315 619 596 693 συνδούλῳ
625 621 922 692 γενόμενος
963 619 1129 682 αὐτὸς
1162 617 1401 689 χαλεπὸς
1447 617 1544 671 καὶ¹
1576 615 2004 685 ἀσύγγνωστοςς

334 706 477 762 Ἀλλ’
506 707 700 780 ῦϐρισέ
736 725 796 762 σε
825 710 854 764 6
880 705 1198 771 σύνδουλος;
1227 706 1322 759 καὶ
1359 706 1426 760 σὺ
1459 705 1552 759 τὸν
1601 703 1736 757 Θεὸν
1762 701 2008 774 ὑϐρίζεις

318 794 602 863 πολλάκις.
637 796 751 851 Ποῦ
774 795 831 850 δὲ
862 796 976 849 ἴσον
1004 794 1288 858 σύνδουλος
1312 794 1405 848 καὶ
1437 792 1740 862 δεσπότηςς
1771 791 1881 844 Καὶ
1899 791 2006 843 αύ-

313 880 413 946 τὸς
468 882 569 951 μὲν
604 882 724 938 ἐνια
762 883 861 955 μέν
906 899 1011 948 που
1064 882 1440 954 ἠδικημένοςι
1477 882 1609 944 ἴσως
1657 877 1872 951 ὕϐρισε,
1911 877 2008 932 καὶ

312 970 687 1043 παρωξύνθης
706 987 720 1002 ·
762 971 828 1025 σὺ
857 970 915 1025 δὲ
944 971 1038 1027 τὸν
1062 970 1341 1040 Δεσπότην
1381 967 1648 1042 ὑϐρίζεις,
1680 968 1782 1022 οὐκ
1806 967 2006 1037 ἠδικη-

317 1058 486 1127 μένος
526 1059 650 1113 οὐδὲ
691 1059 1157 1130 ἐπηρεαζόμενος,
1213 1058 1330 1112 ἀλλ’
1366 1055 1832 1128 εὐεργετούμενος
1878 1053 2003 1108 καθ’

315 1144 562 1216 ἑκάστην
589 1146 685 1198 ὑπ’
712 1146 879 1200 αὑτοῦ
927 1148 1027 1216 τὴν
1074 1145 1312 1217 ἡμέραν.
1359 1145 1648 1216 Ἐννόησον
1692 1143 1896 1203 τοίνυν,
1919 1144 2004 1196 ὅτι

313 1236 369 1288 εί
403 1232 692 1307 βουληθείη
729 1234 869 1305 μετά
898 1235 1189 1307 ἀκριϐείας
1231 1234 1302 1289 τά
1339 1235 1421 1298 εἰς
1471 1233 1637 1287 αὐτὸν
1684 1231 1945 1301 γινόμενα
1974 1230 2004 1283 6

286 1316 450 1387 ’Θεὸς
468 1321 766 1390 ἐξετάζειν,
791 1322 915 1376 οὐδὲ
936 1322 1063 1393 μίαν
1084 1322 1401 1393 βιωσόμεθα
1422 1321 1773 1401 τὴνήμέραν.
1806 1319 2005 1387 Ἀμαρ-

309 1410 449 1478 dav:
487 1410 619 1481 γὰρ,
648 1413 813 1482 φησὶν
838 1413 867 1464 ὁ
895 1411 1204 1482 προφήτης,
1242 1411 1354 1465 ἐὰν
1392 1406 1851 1478 παρατηρήσει,
1882 1407 2003 1460 Κύ-

302 1515 427 1567 ριε,
455 1499 549 1565 τις
574 1500 1021 1565 ὑποστήσεται;
1048 1499 1162 1553 Καὶ
1199 1498 1288 1552 Eva
1319 1496 1481 1570 παρῶ
1514 1495 1583 1550 τά
1623 1496 1759 1551 ἀλλα
1794 1495 1999 1557 πάντα,

307 1585 349 1641 ἃ
372 1586 436 1640 τὸ
474 1585 716 1649 συνειδὸς
758 1585 993 1642 ἑκάστου
1030 1585 1141 1640 τῶν
1179 1583 1659 1657 ἀμαρτανόντωνιι
1684 1583 1999 1648 ἐπίσταται,

308 1674 411 1728 καὶ
453 1667 531 1728 ὧν
561 1674 662 1727 οὐκ
692 1671 807 1745 ἔχει
845 1674 1131 1746 μάρτυρας
1171 1672 1517 1746 ἀνθρώπους,
1561 1671 1700 1725 ἀλλά
1731 1671 1825 1723 τὸν
1865 1670 2000 1724 Θεὸν

314 1761 501 1832 μόνον,
545 1762 657 1816 τῶν
707 1763 963 1834 φανερῶν
1004 1762 1214 1817 τούτων
1274 1763 1370 1816 καὶ
1432 1759 1877 1831 ὡμολογημένων
1929 1758 2001 1812 ἂν

309 1850 716 1921 ἀπαιτηθῶμεν
744 1850 923 1919 λόγον,
959 1850 1120 1905 ποίαν
1150 1852 1208 1903 ἐν
1261 1849 1476 1912 τούτοις
1520 1846 1718 1918 ἕξομεν
1753 1844 2003 1914 συγγνώ-

310 1956 457 2011 μην;
495 1941 596 1992 Ἂν
628 1937 858 2010 ἐξετάσῃ
888 1938 988 2009 τὴν
1017 1937 1292 2011 ρᾳθυμίαν
1335 1935 1492 2008 ήμῶν
1523 1934 1623 2007 τὴν
1655 1937 1715 1987 ὲν
1758 1936 1880 1996 ταῖς
1912 1933 2004 1985 εύ-

305 2028 451 2096 χαίς,
488 2026 583 2080 καὶ
610 2024 710 2097 τὴν
737 2024 1054 2096 ὀλιγωρίαν,
1081 2026 1177 2079 καὶ
1213 2025 1297 2078 ὅτι
1318 2022 1629 2095 ἔμπροσθεν
1656 2020 1793 2076 Θεοῦ
1827 2020 2002 2074 ἐστῶ-

303 2131 400 2177 τες
418 2114 517 2167 καὶ
545 2112 996 2185 παρακαλοῦντες
1024 2113 1208 2177 αὑτὸν,
1234 2114 1357 2167 οὐδὲ
1376 2110 1648 2181 τοσαύτην
1672 2108 1824 2181 αύτῷ
1855 2127 1999 2181 παρ-

304 2200 508 2272 έχομεν
553 2199 690 2254 αίδῶ
716 2200 812 2253 καὶ
841 2198 1042 2271 τιμὴν,
1086 2200 1218 2271 ὅσην
1252 2201 1366 2262 τοῖς
1390 2197 1683 2260 δεσπόταις
1711 2198 1761 2249 οί
1796 2195 1997 2259 δοῦλοι,

300 2290 442 2360 ὅσην
488 2290 607 2350 τοῖς
645 2288 909 2359 ἄρχουσιν
954 2289 1005 2340 οί
1060 2285 1417 2358 στρατιῶται,
1452 2287 1715 2356 ὅσηντοῖς
1740 2284 1917 2353 φίλοις
1947 2284 2017 2355 οίη

301 2376 490 2445 φίλοις
516 2376 660 2446 Φίλῳ
691 2377 790 2447 μὲν
827 2376 939 2447 γάρ
963 2375 1349 2446 διαλεγόμενος
1381 2373 1520 2441 μετά
1567 2372 1663 2426 τοῦ
1706 2370 1998 2444 προσέχειν

303 2463 466 2518 τοῦτο
497 2466 693 2527 ποιεῖς,
717 2462 839 2535 Θεῷ
879 2463 937 2517 δὲ
987 2462 1335 2533 ἐντυγχάνων
1370 2461 1512 2530 ὑπὲρ
1554 2458 1995 2532 ἁμαρτημάτων,

303 2551 449 2622 ὑπὲρ
476 2550 975 2623 πλημμελημάτων
994 2550 1268 2603 τοσούτων
1296 2546 1648 2619 συγχώρησιν
1673 2544 1866 2608 αίτῶν,
1902 2546 1999 2598 καὶ

305 2638 641 2711 συγγνώμην
660 2638 828 2704 ἀξιῶν
861 2656 944 2692 σοι
970 2638 1248 2707 γενέσθαι,
1282 2636 1546 2709 ῥᾳθυμεῖς
1589 2635 1870 2699 πολλάκις,
1903 2635 1997 2687 καὶ

301 2723 416 2776 τῶν
438 2723 686 2793 γονάτων
715 2740 808 2777 σου
847 2724 1023 2795 χαμαὶ
1055 2722 1349 2793 κειμένων,
1376 2721 1645 2791 πολλαχοῦ
1672 2720 1772 2791 τῆς
1787 2720 1997 2789 ἀγορᾶς

302 2812 403 2865 καὶ
428 2812 528 2882 τῆς
562 2810 747 2877 οἰκίας
764 2810 1071 2865 πλανᾶσθαί
1092 2828 1185 2863 σου
1215 2810 1316 2880 τὴν
1335 2809 1575 2863 διάνοιαν
1598 2809 1715 2871 ὲᾶς,
1744 2807 1838 2861 τοῦ
1874 2807 1998 2859 στό-

308 2898 480 2967 ματός
529 2915 624 2952 σου
658 2896 958 2971 ληροῦντος
1009 2897 1136 2967 είκῆ
1181 2897 1277 2950 καὶ
1323 2897 1535 2966 μάτηνο
1568 2899 1664 2949 καὶ
1693 2894 1851 2948 τοῦτο
1897 2894 1996 2964 οὐχ

304 2985 457 3052 ἅπαξ
474 2987 596 3041 οὐδὲ
624 2987 728 3050 δίς,
756 2986 895 3041 ἀλλά
923 2988 1019 3039 καὶ
1041 2985 1304 3048 πολλάκις
1335 2984 1645 3054 πάσχομεν.
1691 2985 1789 3037 Ἂν
1811 2984 1995 3036 τοίνυν

302 3070 464 3125 τοῦτο
484 3072 645 3141 μόνον
660 3071 915 3138 ἐξετάσαι
936 3056 1140 3142 θελήσῃ
1169 3071 1197 3123 6
1214 3068 1366 3134 Θεὸς,
1391 3065 1502 3140 ἄρα
1532 3066 1996 3142 ἕξομεν-συγγνώ-

307 3166 439 3229 μηνς
456 3140 566 3230 ἀρα
579 3159 925 3230 δυνησόμεθα
940 3140 1240 3226 ἀπολογίας
1253 3159 1458 3227 τυχεῖν;
1483 3156 1599 3208 Οὐκ
1621 3140 1798 3222 ἔγωγε
1815 3151 1865 3208 οἷ
1872 3173 1989 3225 μαι.

377 3245 445 3315 βτ.
463 3246 531 3299 Τί
555 3246 633 3309 δὲ,
651 3245 718 3300 ἀν
742 3245 842 3311 τὰς
871 3245 1240 3317 κακηγορίας,
1259 3246 1325 3308 ἀς
1351 3245 1474 3298 καθ’
1509 3245 1750 3316 ἑκάστην
1776 3245 1993 3316 ἡμέραν

299 3332 569 3406 ἀλλήλους
613 3332 847 3405 λέγομεν
880 3333 1092 3398 κακῶς,
1121 3334 1203 3397 είς
1222 3333 1387 3403 μέσον
1418 3332 1745 3403 παραγάγῃ,
1779 3332 1994 3396 καὶτὰς

303 3420 518 3491 κρίσεις
564 3421 665 3485 τὰς
692 3421 981 3493 ἀκαίρους,
1010 3422 1069 3474 ἐν
1089 3414 1179 3484 αἷς
1207 3408 1613 3490 κατακρίνομεν
1638 3421 1730 3472 τὸν
1763 3419 1993 3489 πλησίον

300 3507 458 3562 οὐδὲν
486 3507 704 3578 ἔχοντες
733 3509 991 3579 πρᾶγμα,
1021 3507 1161 3562 ἀλλά
1188 3507 1447 3577 φιλαίτιοί
1475 3507 1625 3580 [201]
1671 3524 1818 3570 τινες
1841 3507 1995 3570 ὄντες

303 3597 400 3648 καὶ
451 3593 836 3665 μεμψίμοιροι,
870 3594 923 3647 τί
994 3594 1343 3666 δυνησόμεθα
1393 3595 1845 3664 ἀπολογήσασθαι
1895 3598 1993 3649 καί⁵

302 3684 512 3748 είπεῖνς
552 3684 650 3736 “Av
682 3682 739 3736 δὲ
764 3682 866 3745 τὰς
894 3682 1226 3754 περιέργους
1254 3682 1415 3755 ἡμῶν
1436 3684 1589 3753 ὄψεις
1615 3684 1869 3753 ἐξετάσῃ,
1895 3685 1994 3737 καὶ

301 3769 404 3835 τάς
437 3770 685 3843 πονηρὰς
720 3771 1041 3841 ἐπιθυμίας,
1064 3770 1132 3835 ἀς
1159 3771 1359 3842 ἔχομεν
1392 3773 1450 3825 ἐν
1472 3772 1702 3843 διανοίᾳ,
1734 3772 1993 3836 πολλάκις

300 3859 563 3930 αἰσχροὺς
602 3859 699 3912 καί
737 3857 1087 3930 ἀκαθάρτους
1133 3858 1523 3929 ἀναδεχόμενοι
1557 3858 1853 3930 λογισμοὺς
1884 3860 1993 3913 ἀπὸ

299 3944 402 4015 τῆς
430 3944 790 4011 ἀνεξετάστου
811 3945 924 3998 τῶν
952 3945 1252 4015 ὀφθαλμῶν
1283 3945 1515 4017 πλάνης,
1548 3946 1725 4018 πόσην
1755 3947 1995 4018 ύποστη-

304 4032 513 4103 σόμεθα
559 4032 753 4103 δίκην;
789 4032 902 4103 Τῆς
935 4033 993 4087 δὲ
1022 4033 1294 4105 λοιδορίας
1321 4036 1470 4105 ἡμᾶς
1498 4036 1565 4087 ἂν
1585 4035 1869 4106 ἀπαιτήσῃ
1899 4035 1990 4087 λό-

300 4136 398 4187 γον
430 4120 566 4189 (Ὃς
592 4119 791 4191 γὰρᾶν
810 4122 975 4189 εἴπῃ,
1011 4120 1266 4192 φησὶ,τῷ
1296 4121 1541 4190 ἀδελφῷ
1572 4122 1989 4192 αὑτοῦ,Μωρὲ,

298 4208 521 4277 ἔνοχος
548 4209 722 4264 ἔσται
744 4212 833 4276 είς
858 4208 975 4277 τὴν
1000 4210 1257 4279 γέενναν
1283 4210 1390 4264 τοῦ
1423 4210 1658 4279 πυρὸς),
1694 4207 1802 4283 ἄρα
1832 4212 1991 4282 δυνη-

302 4296 515 4367 σόμεθα
550 4297 737 4369 διᾶραι
761 4298 825 4351 τὸ
858 4298 1071 4369 στόμα;
1104 4299 1138 4370 ἢ
1169 4300 1332 4369 χᾶναι
1360 4298 1459 4369 μὲν
1481 4298 1637 4364 ὅλως,
1662 4300 1693 4371 ἢ
1732 4300 1928 4372 μικρὸν
1954 4300 1988 4373 ἧ

304 4383 450 4455 μέγα
470 4403 525 4438 τι
546 4385 684 4457 πρὸς
713 4384 872 4440 τοῦτο
901 4388 1078 4439 εἰπεῖν
1100 4404 1114 4454 ;
1138 4386 1250 4449 Τάς
1274 4387 1331 4440 δὲ
1347 4386 1675 4453 κενοδοξίας,
1694 4386 1760 4452 ἃς
1782 4389 1990 4459 ὑπομέ-

299 4490 466 4544 νομεν
502 4472 599 4526 καὶ
654 4474 942 4543 εὐχόμενοι
976 4474 1070 4527 καὶ
1104 4474 1456 4545 νηστεύοντες
1486 4476 1580 4528 καὶ
1614 4476 1989 4546 ἐλεημοσύνην

301 4560 610 4625 ποιοῦντες,
653 4562 720 4614 ἂν
746 4561 1115 4629 ἐξετάσωμεν,
1160 4562 1222 4613 ού
1271 4561 1411 4632 λέγω
1437 4564 1466 4615 6
1494 4561 1647 4626 Θεὸς,
1681 4563 1795 4615 ἀλλ’
1822 4566 1988 4634 ἡμεῖς

299 4649 456 4703 αὐτοὶ
477 4649 528 4701 οί
556 4647 963 4718 ἡμαρτηκότες,
993 4643 1104 4719 ἆρα
1147 4645 1493 4716 δυνησόμεθα
1518 4649 1599 4711 είς
1628 4648 1720 4700 τὸν
1756 4650 1987 4719 οὐρανὸν

302 4736 637 4806 ἀναϐλέψαις
670 4736 811 4798 Τοὺς
833 4735 891 4788 δὲ
907 4735 1114 4798 δόλους,
1138 4733 1234 4798 οὓς
1263 4736 1385 4787 κατ’
1412 4734 1659 4804 ἀλλήλων
1681 4736 1984 4806 ῥάπτομεν,

301 4821 395 4876 νῦν
426 4824 527 4893 μὲν
554 4824 800 4896 παρόντα
834 4821 1185 4894 ἐπαινοῦντες
1209 4823 1304 4875 τὸν
1336 4822 1588 4890 ἀδελφὸν,
1618 4824 1711 4876 καὶ
1746 4824 1822 4886 ὡς
1848 4823 1988 4894 φίλῳ

300 4909 700 4981 διαλεγόμενοι,
734 4912 944 4965 ἀπόντα
969 4911 1027 4964 δὲ
1068 4909 1504 4980 κατηγοροῦντες
1517 4922 1562 4975 ο,
1607 4906 1716 4981 ἆρα
1745 4912 1989 4982 ὑποστη-

303 4996 515 5068 σόμεθα
539 4996 641 5061 τὰς
673 4998 814 5068 ὑπὲρ
846 4996 1052 5051 τούτων
1095 4996 1376 5061 κολάσεις;
1410 4998 1476 5050 Τί
1503 4998 1562 5049 δὲ
1591 4998 1722 5060 τοὺς
1752 4998 1986 5067 ὃρκους;

300 5086 353 5138 τί
371 5085 432 5138 δὲ
470 5085 535 5137 τὸ
571 5084 800 5154 ψεῦδοςς
850 5085 904 5137 τί
931 5085 1107 5148 δὲτὰς
1146 5084 1451 5154 ἐπιορκίας,
1482 5086 1610 5146 τοὺς
1639 5085 1861 5147 ἀδίκους
1892 5088 1987 5139 θυ-

305 5172 461 5242 μοὺς,
495 5171 598 5242 τὴν
638 5172 959 5241 βασκανίαν,
989 5172 1057 5241 ἢν
1093 5172 1463 5241 βασκαίνομεν
1482 5171 1746 5235 πολλάκις
1772 5173 1986 5225 εὐδοκι-

306 5256 521 5327 μοῦσιν,
548 5257 650 5309 οὐκ
675 5256 887 5327 ἐχθροῖς
912 5256 1093 5326 μόνον,
1126 5255 1263 5309 ἀλλά
1292 5257 1388 5309 καὶ
1417 5255 1621 5325 φίλοις;
1646 5257 1742 5308 καὶ
1765 5257 1847 5309 ὅτι
1869 5257 1991 5326 ἡδό-

305 5344 447 5415 μεθα
472 5344 791 5413 πασχόντων
814 5345 1018 5415 ἑτέρων
1053 5345 1257 5409 κακῶς,
1284 5345 1377 5397 καὶ
1402 5344 1697 5421 νομίζομεν
1728 5362 1876 5415 παρα
1886 5364 1989 5415 μυ-

302 5432 425 5485 θίαν
449 5431 553 5502 τῆς
582 5431 811 5494 οίκείας⁸
834 5434 1115 5503 συμφορᾶς
1155 5432 1255 5494 τὰς
1284 5432 1571 5501 ἀλλοτρίας
1605 5433 1982 5504 δυσημερίας;

372 5519 488 5590 Τῆς
519 5519 576 5573 δὲ
612 5522 670 5573 ἐν
709 5522 833 5584 ταῖς
877 5519 1129 5584 συνάξεσι
1179 5521 1453 5590 ῥᾳθυμίας
1486 5521 1551 5573 ἂν
1580 5522 1860 5593 ἀπαιτήσῃ
1889 5525 1987 5585 τὰς

299 5609 555 5672 εὐθύνας,
576 5609 628 5661 τί
654 5609 720 5661 ἂν
744 5610 1042 5680 πάθοιμεν;
1065 5607 1209 5663 Ἰστε
1232 5610 1342 5678 γὰρ
1362 5609 1533 5677 δήπου
1551 5609 1728 5674 τοῦτο,
1754 5612 1834 5663 ὃτι
1860 5611 1990 5663 πολ-

298 5694 459 5762 λάκις
492 5698 660 5753 αὑτοῦ
695 5700 790 5751 τοῦ
832 5700 967 5753 Θεοῦ
1004 5701 1393 5769 διαλεγομένου
1428 5700 1564 5769 πρὸς
1591 5700 1804 5761 πάντας
1838 5702 1985 5769 ἡμᾶς

364 5822 391 5852 ⁸
414 5824 564 5872 Savﬂ.
591 5820 673 5871 καὶ
698 5823 835 5879 οὗτος
878 5840 960 5884 μεν
988 5823 1134 5873 ἐνίοτε
1157 5824 1236 5871 καὶ
1277 5826 1406 5881 ἦδικ.
1452 5824 1606 5875 Paulo
1644 5827 1755 5885 post
1787 5822 1870 5872 alii
1898 5825 1985 5871 οὐκ

298 5887 595 5947 λδικημίνος,
625 5887 734 5934 οὐδὲ
755 5887 1181 5948 περιεργαζόμενος.

357 5952 386 5988 ΐο
410 5949 562 5997 Savll.
596 5950 802 5996 ἑκάστου
821 5950 914 5994 τῶν
937 5948 1305 6009 ἁμαρτημάτων.

360 6014 380 6043 “-
402 6013 552 6061 Smil.
582 6015 629 6062 in
655 6024 806 6070 marg.
839 6008 1231 6072 κατηγοροῦντες.

1273 412 1364 468 AD
1403 410 1738 469 POPULUM
1780 406 2289 467 ANTIUCIIENUM
2354 408 2596 467 1101111..
2638 410 2803 469 XX.-

3695 424 3806 484 2oo
3830 382 3843 389 ”

2111 524 2200 580 διά
2222 524 2318 579 τοῦ
2346 528 2657 598 προφήτου,
2707 522 2940 593 πολλοὺς
2971 528 3065 584 κα⁶ι
3098 531 3343 605 μακροὺς
3382 534 3513 608 πρὸς
3544 535 3636 592 τὸν
3660 539 3804 611 πλη-

2111 610 2227 666 σίον
2256 612 2560 683 ποιούμεθα
2586 613 2781 683 λόγους
2820 615 2949 688 περὶ
2981 614 3092 671 τῶν
3130 618 3286 687 οὐδὲν
3317 622 3453 692 ἡμῖν
3491 610 3804 696 προσηκον⁴

2106 713 2238 786 των.
2394 699 2579 754 τοίνυν
2606 700 2787 755 πάντα
2807 705 3006 785 παρεὶς
3031 705 3098 759 τὰ
3115 707 3251 762 ἄλλα
3272 708 3480 781 ταύτης
3498 711 3600 781 τῆς
3618 714 3804 786 ἁμαρ·

2107 782 2230 849 τίας
2259 784 2463 859 θελήσῃ
2478 787 2637 859 δίκην
2658 782 2964 861 ἀπαιτῆσαι
2996 794 3163 865 ἡμᾶς,
3198 796 3328 852 ποία
3348 800 3624 870 σωτηρίας
3647 782 3802 857 ἐσται

2109 870 2244 960 ἡμῖν
2271 871 2456 938 ὲλπίςς
2488 870 2580 945 Μὴ
2613 877 2724 946 γὰρ
2752 876 2816 949 δὴ
2862 881 3061 951 μικρὸν
3095 876 3238 936 εἶναι
3266 885 3499 958 νομίσῃς
3524 886 3585 939 τὸ
3613 888 3801 960 πλημ-

2111 959 2366 1031 μέλημασ
2404 962 2523 1017 ἀλλ’
2550 966 2601 1018 εί
2638 964 2819 1035 βούλει
2849 968 2910 1020 τὸ
2953 968 3185 1039 μέγεθος
3220 973 3388 1025 αὑτοῦ
3422 973 3685 1043 κατιδεῖν,
3713 959 3801 1029 ἐπ’

2109 1047 2471 1118 ἀνθρώπωνέ
2503 1050 2639 1105 αὐτὸ
2668 1052 2830 1106 τοῦτο
2884 1054 3158 1133 ἐξέτασον,
3215 1058 3312 1113 καὶ
3365 1060 3489 1114 τότε
3540 1062 3663 1130 ὄψει
3699 1065 3800 1135 τῆς

2107 1135 2395 1206 ἁμαρτίας
2412 1136 2474 1189 τὸ
2506 1138 2755 1207 μέγεθος.
2788 1142 3073 1214 Τόλμησον
3098 1144 3361 1215 ἄρχοντος
3388 1147 3525 1218 πρὸς
3551 1148 3609 1201 σὲ
3628 1150 3799 1219 φθεγυ

2106 1224 2363 1292 γομένου,
2398 1225 2603 1294 μᾶλλον
2633 1226 2690 1280 δὲ
2726 1228 2881 1297 φίλου
2911 1230 3057 1294 τινὸς
3088 1232 3199 1285 τῶν
3225 1233 3391 1305 ὀλίγῳ
3422 1242 3790 1309 σεμνοτέρων,

2108 1310 2272 1379 ἀφεὶς
2300 1312 2469 1364 αὑτὸν
2508 1314 2648 1385 πρὸς
2685 1316 2776 1368 τὸν
2808 1317 3027 1388 οίκέτην
3060 1318 3407 1389 διαλέγεσθαι
3448 1325 3540 1378 τὸν
3573 1325 3796 1391 σαυτοῦ,
3860 1370 3866 1376 .

2105 1396 2202 1449 καὶ
2232 1399 2355 1451 τότε
2377 1398 2498 1469 ὄψει
2532 1401 2722 1472 ἡλίκον
2750 1403 2957 1476 τολμᾷς
2990 1406 3084 1459 ἐπὶ
3111 1406 3208 1461 τοῦ
3245 1408 3381 1462 Θεοῦ
3411 1411 3573 1465 τοῦτο
3599 1413 3795 1468 ποιῶν.

2118 1483 2245 1537 Ἐάν
2268 1484 2429 1562 γάρῇ
2455 1505 2541 1551 τις
2578 1488 2688 1543 τῶν
2722 1494 3208 1564 περιφανεστέρων
3245 1492 3475 1560 ἐκεῖνος,
3517 1496 3613 1551 καὶ
3641 1498 3798 1571 δίκην

2106 1587 2167 1623 σε
2218 1572 2500 1645 ἀπαιτήσῃ
2553 1574 2657 1645 τῆς
2710 1576 2959 1649 ὕϐρεως·
3007 1579 3124 1633 ἀλλ’
3173 1581 3203 1633 6
3249 1582 3381 1645 Θεὸς
3429 1585 3669 1643 τοσαῦτα
3702 1586 3798 1641 καὶ

2105 1658 2328 1713 πλείονα
2354 1661 2563 1716 τούτων
2606 1665 2726 1717 καθ’
2750 1666 2993 1739 ἑκάστην
3034 1668 3394 1740 ὑϐριζόμενος
3423 1672 3523 1743 τὴν
3552 1675 3790 1746 ἡμέραν,

2103 1746 2174 1835 οὐ,
2200 1748 2333 1819 παρ’
2372 1748 2513 1813 ἐνὸς,
2538 1751 2767 1818 καὶδύο,
2799 1756 2896 1808 καὶ
2916 1755 3087 1826 τριῶν
3117 1756 3445 1829 ἀνθρώπων,
3479 1761 3619 1815 ἀλλά
3639 1764 3795 1835 παρὰ

2103 1834 2325 1889 πάντων
2362 1837 2548 1907 σχεδὸν
2565 1839 2743 1910 ήμῶν,
2763 1837 3012 1909 ἀνέχεται
3037 1844 3519 1918 καὶιμακροθυμεῖ
3570 1851 3666 1904 καὶ
3693 1852 3798 1905 οὐκ

2101 1922 2195 1975 ἐπὶ
2214 1922 2427 1987 τούτοις
2456 1925 2639 1993 μόνον,
2672 1925 2811 1980 ἀλλά
2832 1928 2927 1982 καὶ
2958 1929 3044 1998 ἐφ’
3072 1931 3283 2003 ἐτέροις
3330 1932 3511 2005 πολλῷ
3544 1936 3797 2006 χαλεπωιί
3844 1970 3845 1973 η

2100 2008 2301 2079 τέροίς.
2340 2008 2527 2062 Ταῦτα
2557 2010 2656 2081 μὲν
2680 2012 2791 2083 γάρ
2822 2014 2945 2068 ἐστι
2982 2016 3049 2069 τά
3080 2015 3482 2089 ὡμολογημένα
3528 2021 3625 2075 καὶ
3655 2010 3795 2077 πᾶσι

2099 2095 2258 2167 δῆλα,
2290 2097 2386 2151 καὶ
2417 2097 2525 2151 ὑπὸ
2559 2100 2778 2153 πάντων
2827 2102 3015 2171 σχεδὸν
3062 2104 3390 2176 τολμώμενα
3413 2124 3427 2139 ο
3451 2107 3568 2161 ἔστι
3606 2109 3664 2162 δὲ
3699 2112 3795 2165 καὶ

2100 2181 2288 2253 ἕτερα,
2319 2185 2464 2253 άπερ
2498 2186 2562 2238 τὸ
2589 2185 2698 2241 τῶν
2738 2189 3165 2259 ἁμαρτανόντων
3200 2194 3442 2260 συνειδὸς
3487 2190 3660 2250 οἶδενο
3692 2199 3791 2251 ἐὰν

2102 2269 2322 2326 ἅπαντα
2356 2272 2533 2326 ταῦτα
2559 2274 2907 2346 ἐννοήσωμεν
2928 2288 2953 2316 ο
2983 2276 3078 2331 καὶ
3111 2279 3252 2350 πρὸς
3281 2283 3511 2347 ἑαυτοὺς
3533 2284 3789 2353 ἀναλογι-

2103 2357 2348 2429 σώμεθα,
2380 2358 2485 2413 κᾶν
2512 2361 2773 2415 ἁπάντων
2799 2356 2952 2433 ὦμεν
2981 2363 3252 2437 ὠμότεροι
3280 2370 3372 2422 καὶ
3403 2372 3791 2443 ἀπηνέστεροι,

2098 2445 2160 2499 τὸ
2181 2443 2385 2515 πλῆθος
2396 2445 2505 2499 τῶν
2515 2446 2799 2519 ἁμαρτιῶν
2810 2451 2966 2525 ήμῶν
2977 2453 3155 2524 σκοπή
3162 2468 3373 2520 σαντες,
3382 2454 3493 2510 ἀπὸ
3504 2455 3601 2510 τοῦ
3621 2458 3792 2527 φόϐου

2099 2534 2194 2587 καὶ
2237 2533 2339 2604 τῆς
2370 2535 2615 2602 ἀγωνίας
2650 2535 2771 2589 οὐδὲ
2809 2538 3118 2610 μνησθῆναι
3161 2542 3264 2613 τῆς
3313 2544 3443 2614 παρ’
3472 2545 3680 2615 ἐτέρων
3711 2549 3793 2612 είς

2098 2622 2248 2691 ἡμᾶς
2288 2622 2670 2693 γεγενημένης
2721 2623 2935 2695 ὕϐρεως
2963 2627 3331 2698 δυνησόμεθα.
3383 2633 3795 2707 Ἀναμνήσθητι

2097 2706 2193 2760 τοῦ
2224 2707 2473 2777 ποταμοῦ
2494 2708 2587 2761 τοῦ
2623 2711 2819 2781 πυρὸς,
2858 2712 2951 2766 τοῦ
2979 2713 3267 2785 σκώληκος
3289 2716 3389 2770 τοῦ
3429 2720 3660 2783 ίοϐόλου,
3688 2706 3793 2792 τῆς

2100 2793 2343 2866 φοϐερᾶς
2390 2796 2649 2866 κρίσεως,
2689 2798 2813 2851 καθ’
2842 2800 2908 2869 ἢν
2944 2800 3165 2856 ἅπαντα
3191 2804 3378 2873 γυμνὰ
3412 2808 3505 2859 καὶ
3536 2824 3796 2881 τετραχη.

2097 2882 2355 2951 λισμένα·
2392 2883 2667 2954 ἐννόησον,
2697 2886 2781 2938 ὅτι
2829 2887 2897 2939 τὰ
2938 2889 3297 2959 κρυπτόμενα
3321 2891 3417 2943 νῦν
3453 2894 3790 2949 ἐκκαλύπτεο

2097 2987 2184 3023 ται
2212 2971 2357 3023 τότε.
2390 2971 2489 3023 Ἂν
2514 2971 2696 3024 τοίνυν
2725 2975 2874 3045 ἀφῇς
2904 2975 2982 3044 τῷ
3008 2977 3236 3048 πλησίον
3265 2979 3334 3031 τά
3382 2981 3787 3054 ἁμαρτήματα,

2100 3055 2253 3129 [202]
2284 3058 2427 3130 άπερ
2458 3061 2905 3115 ὲκκαλύπτεσοαι
2940 3063 3125 3130 μέλλει
3172 3069 3314 3129 τότε,
3344 3067 3517 3121 ταῦτα
3552 3069 3793 3126 ἐνταῦθα

2098 3146 2432 3216 ἀφανίζεται
2467 3148 2669 3211 πάντα,
2723 3151 2819 3201 καὶ
2867 3150 3144 3222 άπελεύσῃ
3181 3153 3351 3223 μηδὲν
3396 3157 3794 3227 ἐπισυρόμενος

2095 3227 2171 3287 ὧν
2205 3235 2661 3306 ἐπλημμέλησας,
2705 3234 2848 3288 ὥστε
2909 3236 3135 3306 μείζονα
3188 3240 3513 3310 λαμϐάνεις,
3544 3244 3577 3313 ἢ
3612 3244 3791 3310 δίδως.

2099 3321 2206 3376 Καὶ
2244 3322 2354 3393 γὰρ
2385 3322 2560 3375 πολλά
2593 3323 2857 3387 πολλάκις
2890 3327 3299 3397 ἡμαρτήκαμεν
3333 3330 3577 3396 τοιαῦτα,
3614 3330 3650 3385 ἃ
3685 3350 3794 3405 μη-

2095 3412 2207 3473 δεὶς
2237 3412 2425 3483 ἕτερος
2456 3407 2598 3465 οἶδεν
2618 3428 2632 3444 ⁸
2671 3408 2791 3465 εἶτα
2823 3413 3135 3478 ἐννοοῦντες
3160 3418 3240 3469 ὅτι
3274 3419 3415 3473 κατά
3450 3420 3550 3490 τὴν
3577 3421 3794 3493 ἡμέραν

2096 3500 2453 3570 ὲκείνηνπρὸ
2498 3500 2605 3552 τῶν
2642 3500 2941 3569 ὀφθαλμῶν
2975 3504 3233 3557 ἁπάντων
3259 3510 3504 3561 κείσεται
3527 3510 3690 3579 ἡμῶν
3720 3512 3793 3564 τὰ

2095 3590 2474 3660 ἁμαρτήματα
2516 3590 2575 3641 ἐν
2602 3589 2683 3659 τῷ
2721 3590 2887 3660 κοινῷ
2926 3590 3029 3660 τῆς
3066 3595 3398 3665 οἰκουμένης
3426 3598 3663 3671 θεάτρῳ,
3691 3600 3794 3671 τῆς

2095 3677 2373 3739 κολάσεως
2397 3677 2781 3749 χαλεπώτερον
2821 3678 3118 3749 ἀλγοῦμεν,
3152 3683 3472 3754 πνιγόμενοι
3499 3688 3593 3739 καὶ
3621 3689 3788 3759 ἀγχό-
3822 3688 3823 3691 “

2099 3784 2251 3837 μενοι
2284 3766 2364 3836 τῷ
2401 3767 2684 3820 συνειδότι.
2736 3767 2898 3821 Ἀλλά
2947 3768 3046 3839 τὴν
3101 3771 3375 3844 τοσαύτην
3403 3774 3693 3847 αἰσχύνην,
3722 3777 3794 3831 τὰ

2092 3854 2332 3909 τοσαῦτα
2360 3855 2761 3926 ἁμαρτήματα,
2786 3855 2885 3925 τὴν
2912 3856 3187 3928 τοσαύτην
3218 3860 3444 3914 κόλασιν
3476 3862 3625 3918 ἔστιν
3652 3866 3794 3919 ἀπο-

2093 3942 2354 4013 νίψασθαι
2408 3942 2497 3995 διά
2548 3943 2648 4012 τῆς
2694 3945 2775 4005 είς
2813 3943 2904 3996 τὸν
2935 3943 3166 4012 πλησίον
3208 3951 3643 4019 συγχωρήσεως·
3693 3954 3791 4007 καὶ

2091 4032 2202 4103 γάρ
2229 4031 2384 4084 οὐδὲν
2417 4028 2625 4101 ταύτης
2659 4030 2774 4083 ἴσον
2823 4031 2941 4083 ἐστὶ
2988 4031 3091 4101 τῆς
3118 4034 3336 4105 ἀρετῆς.
3375 4036 3566 4089 Βούλει
3596 4039 3791 4108 μαθεῖν

2096 4120 2306 4189 ταύτης
2357 4119 2459 4188 τῆς
2508 4119 2713 4189 ἀρετῆς
2742 4118 2843 4189 τὴν
2894 4118 3156 4189 δύναμιν;
3208 4121 3344 4175 Ἐὰν
3370 4123 3493 4193 στῇ
3523 4125 3791 4195 Μωῦσῆς

2091 4208 2193 4263 καί
2220 4207 2526 4278 Σαμουὴλ.
2562 4208 2717 4278 φησὶ,
2751 4208 2864 4274 πρὸ
2888 4207 3218 4275 προσώπου
3238 4228 3380 4279 μου,
3411 4215 3522 4292 οὐκ
3550 4214 3723 4269 ἐστιν
3748 4216 3787 4285 ἡ

2090 4295 2262 4365 ψυχή
2311 4313 2433 4364 μου
2466 4295 2616 4361 πρὸς
2648 4295 2897 4359 αὐτούς.
2949 4294 3089 4348 Ἀλλ’
3120 4298 3272 4367 ὅμως
3301 4296 3391 4361 οὓς
3419 4300 3521 4352 οὐκ
3556 4301 3791 4369 ἠδύνατο

2096 4383 2342 4451 Μωῦσῆς
2372 4384 2470 4436 καὶ
2508 4382 2764 4453 Σαμουὴλ
2794 4381 3108 4453 ἐξαρπάσαι
3148 4385 3248 4454 τῆς
3288 4385 3461 4456 ὀργῆς
3491 4388 3587 4441 τοῦ
3624 4388 3787 4456 Θεοῦ,

2092 4469 2230 4540 αῦτη
2265 4469 2502 4539 ἠδύνατο
2538 4469 2848 4537 ἐξαρπάσαι
2877 4471 2908 4540 ή
2940 4471 3125 4541 ἐντολή
3154 4489 3167 4501 °
3212 4472 3301 4525 διὰ
3338 4472 3497 4527 τοῦτο
3533 4476 3787 4544 ἐκείνοις,

2092 4550 2173 4620 οἷς
2206 4555 2379 4610 ταῦτα
2412 4550 2555 4619 εἶπε,
2594 4556 2835 4625 συνεχῶς
2866 4558 3264 4627 παρεκελεύετο
3296 4560 3501 4628 λέγων’
3557 4565 3791 4618 Κακίαν

2090 4644 2348 4708 ἕκαστος
2373 4642 2453 4709 τῷ
2481 4644 2725 4712 ἀδελφῷ
2752 4645 2940 4698 αὐτοῦ
2956 4645 3053 4713 μὴ
3066 4650 3517 4715 μνησικακείτω
3550 4651 3621 4704 ἐν
3655 4653 3789 4721 ταῖς

2090 4731 2363 4798 καρδίαις
2390 4729 2559 4799 ὑμῶν
2578 4747 2591 4759 ·
2628 4732 2744 4792 καὶ,
2776 4731 2896 4797 Τὴν
2913 4734 3131 4787 κακίαν
3152 4733 3258 4786 τοῦ
3291 4737 3568 4801 πλησίον
3596 4739 3786 4794 αὑτοῦ

2090 4817 2447 4887 ἕκαστοςμὴ
2477 4810 2823 4887 λογιζέσθω.
2851 4819 2963 4871 Ούκ
2989 4817 3166 4883 εἶπεν,
3187 4822 3378 4889 Ἀφες,
3408 4823 3591 4891 μόνον,
3625 4824 3784 4892 ἀλλὰ,

2090 4905 2241 4975 Μηδὲ
2270 4904 2361 4975 ἔχε
2383 4907 2440 4958 ἐν
2469 4905 2703 4977 διανοίᾳ,
2740 4905 2874 4975 μηδὲ
2891 4906 3129 4975 λογίζουο
3165 4906 3302 4976 ἄφες
3323 4909 3422 4979 τὴν
3449 4910 3619 4983 ὀργὴν
3643 4913 3789 4968 ἀπα.

2091 5010 2223 5065 σαν,
2248 4993 2512 5061 ἀφάνισον
2541 4993 2602 5045 τὸ
2632 4993 2811 5056 ἕλκος.
2854 4996 3042 5057 Δοκεῖς
3093 4995 3197 5063 μὲν
3240 4996 3347 5066 γὰρ
3391 4998 3600 5051 ἐκεῖνον
3643 5002 3788 5070 ἀμύ-

2089 5081 2299 5143 νεσθαι,
2333 5081 2601 5151 πρότερον
2645 5080 2701 5132 δὲ
2757 5082 2984 5135 σεαυτὸν
3030 5083 3371 5151 βασανίζεις,
3406 5085 3660 5155 καθάπερ
3691 5087 3786 5158 δή-

2093 5186 2216 5238 μιον
2243 5168 2453 5221 ἔνδοθεν
2481 5172 2821 5238 περιστήσας
2849 5185 2943 5220 σου
2974 5170 3314 5239 πανταχόθεν
3340 5171 3433 5225 τὸν
3457 5172 3651 5244 θυμὸν,
3689 5176 3786 5229 καὶ

2089 5257 2432 5322 καταξαίνων
2474 5255 2675 5307 σαυτοῦ
2703 5256 2769 5307 τὰ
2804 5256 3110 5326 σπλάγχνα,

2160 5345 2225 5397 Τί
2259 5343 2369 5413 γάρ
2418 5343 2614 5410 γένοιτ’
2666 5342 2732 5394 ἂν
2788 5342 3119 5413 ἀθλιώτερον
3170 5344 3461 5416 ἀνθρώπου
3520 5347 3782 5419 διηνεκῶς

2088 5431 2481 5504 όργιζομένου;
2517 5430 2627 5483 Καὶ
2651 5430 2906 5502 καθάπερ
2932 5433 2977 5483 οἱ
3021 5435 3327 5503 μεμηνότες
3361 5436 3616 5488 οὐδέποτε
3642 5419 3785 5490 ιίιττοπ-Δ

2091 5520 2315 5572 λαύουσι
2344 5519 2611 5588 γαλήνης,
2639 5518 2811 5581 οὕτως
2830 5521 2855 5570 ὁ
2889 5522 3250 5590 μνησικακῶν
3275 5524 3368 5575 καὶ
3387 5524 3582 5593 ἐχθρὸν
3619 5527 3781 5593 ἔχων,

2091 5609 2345 5662 οὐδεποτε
2375 5607 2741 5660 ἁπολαύσεταί
2776 5624 2922 5669 τινος
2958 5610 3199 5679 εἰρήνης,
3219 5610 3482 5681 διηνεκῶς
3515 5612 3785 5680 φλεγμαί-

2091 5696 2261 5758 νιυνί,
2299 5696 2389 5747 καὶ
2439 5694 2527 5746 τὸν
2588 5693 2836 5762 χειμῶνα
2886 5696 2997 5747 τῶν
3045 5696 3319 5767 λογισμῶν
3384 5700 3501 5752 καθ’
3542 5700 3781 5764 ἑκέισττιν

2158 5883 2181 5919 ιι
2209 5882 2357 5929 Savi}.
2388 5883 2433 5926 in
2461 5894 2615 5945 marg.
2644 5885 2696 5928 el
2722 5896 2845 5945 unus
2870 5885 3023 5929 codw
3158 5884 3403 5945 ξκιίδτόπτῳ.

2165 5950 2185 5970 "
2214 5944 2362 5991 SMN.
2388 5950 2434 5988 ot
2461 5943 2540 5988 πηίἱ
2566 5944 2684 5989 rnrld
2734 5944 2959 6005 Enn-41.1,,
2980 5961 3042 5990 εν.

2167 6006 2183 6042 ί
2210 6006 2303 6055 Alii
2331 6008 2458 6065 εἲς-γι
2476 6020 2624 6062 μενος.
