4232 6320
285 374 379 439 sui

288 501 539 545 tauonum
588 486 640 540 in
690 484 806 539 dies
848 487 1130 551 aggravat,
1184 477 1346 532 verba
1392 476 1632 547 factaque
1680 482 1864 535 secum

287 587 513 648 reputat.
544 576 714 643 ipsius
741 586 952 642 quoque
987 567 1186 623 nomini
1225 567 1468 635 infeStus,
1490 567 1581 638 qui
1621 567 1867 637 injuriam

289 671 452 727 dedit.
490 669 547 726 Si
573 665 755 722 audiat
778 666 922 718 illum
944 672 1146 717 tantum
1168 660 1454 726 nominari,
1470 659 1724 715 efferatur
1741 674 1871 714 eou-

291 762 456 827 tinuo,
482 774 677 829 magno
717 772 837 812 cum
865 755 1027 809 animi
1055 752 1313 815 cruciatu,
1345 760 1398 805 et
1417 750 1483 804 ad
1509 750 1683 805 solum
1729 750 1865 805 illius

289 862 628 921 conspectum
661 848 885 919 trepidat
904 845 1174 908 ethorret,
1202 853 1470 912 tamquam
1494 842 1538 896 si
1560 841 1743 895 ultima
1780 855 1871 910 pa-

292 946 468 999 tiatur.
490 943 642 1011 Quod
669 943 713 996 si
735 940 859 1010 quid
888 938 1047 1003 illius,
1068 937 1151 992 vel
1175 945 1399 997 vestem,
1424 934 1507 988 vel
1526 933 1765 997 domum,
1790 934 1870 986 vel

290 1035 623 1106 angiportum
657 1032 851 1094 videat,
882 1030 1119 1085 omnium
1166 1028 1387 1081 istorum
1426 1026 1623 1079 intuitu
1655 1033 1869 1093 torque-

290 1134 374 1177 tur
404 1142 418 1177 :
440 1139 503 1179 ac
531 1120 976 1194 quemadmodum
1007 1118 1324 1174 dilectorem
1345 1130 1407 1171 ac
1425 1131 1671 1171 carorum
1692 1115 1869 1169 homi-

289 1230 418 1269 num
445 1224 641 1277 vestes,
668 1212 864 1276 vultus,
893 1210 1271 1272 calceameuta,
1301 1207 1510 1271 domus,
1541 1206 1667 1261 item
1694 1215 1751 1260 et
1778 1219 1873 1259 an-

286 1305 544 1374 giportus,
590 1317 712 1357 mox
744 1311 803 1356 ut
829 1303 941 1355 visa
988 1299 1206 1363 fuerint,
1232 1299 1467 1353 excitare
1514 1310 1611 1351 nos
1656 1295 1869 1351 solent:

288 1395 358 1449 ita
376 1410 591 1465 quoque
610 1393 947 1448 inimicorum
967 1400 1019 1446 et
1041 1389 1346 1446 odiosorum
1368 1389 1644 1445 hominum
1659 1405 1868 1455 servus,

288 1487 512 1551 amicus,
539 1486 752 1549 domus,
781 1484 1089 1553 angiportus
1117 1482 1168 1536 in
1199 1488 1544 1552 conspectum
1582 1480 1755 1545 datus,
1784 1490 1876 1536 aut

288 1579 660 1649 quodcumque
687 1576 851 1645 aliud,
875 1575 1083 1629 animos
1111 1572 1332 1637 arrodit,
1361 1581 1519 1641 atque
1545 1571 1679 1626 alias
1715 1586 1877 1642 super

289 1670 440 1736 alias,
458 1678 517 1725 ut
541 1652 788 1739 quodque
810 1667 982 1721 visum
1008 1664 1188 1731 fuerit,
1214 1662 1396 1733 plagas
1416 1663 1570 1718 nobis
1594 1662 1801 1718 incutit.

361 1782 416 1837 5.
440 1780 704 1848 Quorsum
729 1789 865 1847 opus
892 1776 1050 1847 igitur
1076 1781 1162 1831 est
1189 1773 1488 1828 istiusmodi
1532 1772 1697 1827 animi
1733 1772 1879 1829 obsi-
1918 1828 1921 1831 .

288 1869 466 1936 dione,
494 1870 656 1925 tantis
698 1868 976 1923 tormentis
1000 1880 1063 1921 ac
1089 1864 1183 1919 tali
1211 1864 1509 1934 supplicio?
1526 1863 1684 1932 Quod
1707 1864 1751 1919 si
1778 1879 1878 1920 nec

288 1962 529 2031 gehenna
550 1960 850 2016 immineret
870 1956 1001 2014 odio"
1013 1957 1397 2022 laborantibus,
1415 1956 1602 2011 saltem
1622 1955 1693 2012 ob
1712 1956 1877 2025 ipsius

232 2056 237 2063 '
289 2050 395 2105 odii
423 2051 716 2107 cruciatum
748 2058 961 2121 peccata
989 2047 1353 2118 proximorum
1394 2045 1745 2103 condonanda
1793 2062 1879 2103 es-

288 2150 439 2205 sent;
470 2156 592 2197 cum
612 2150 789 2197 autem
818 2149 1014 2196 aeterna
1044 2138 1298 2209 supplicia
1333 2151 1432 2192 nos
1462 2146 1732 2205 maneant,
1751 2139 1877 2208 quid

289 2232 499 2286 stultius
515 2240 746 2302 quam-et
766 2231 854 2286 hic
872 2237 927 2286 et
959 2230 1067 2285 illic
1086 2228 1430 2299 semetipsum
1453 2229 1729 2294 muletare,
1752 2230 1877 2283 dum

289 2321 357 2378 de
379 2322 548 2377 altero
573 2336 633 2376 se
656 2321 826 2377 credit
853 2320 1109 2376 ultionem
1140 2319 1391 2374 sumere?
1418 2317 1476 2374 Si
1501 2319 1645 2374 enim
1675 2319 1878 2374 floren-

287 2424 396 2470 tem
442 2408 590 2471 illum
628 2414 922 2479 videamus,
941 2426 1172 2469 maerore
1200 2412 1462 2482 perimus;
1492 2411 1573 2465 sin
1605 2410 1877 2479 afﬂictum,

290 2523 538 2562 veremur
558 2523 624 2562 ne
649 2504 857 2561 fortuna
881 2520 941 2561 se
961 2505 1014 2559 in
1042 2504 1230 2558 melius
1254 2510 1581 2558 commutet:
1606 2502 1881 2572 utriusque

290 2598 460 2668 culpa:
506 2597 658 2652 nobis
703 2611 860 2668 poma
908 2594 1315 2664 indeprecabilis
1360 2592 1645 2648 constituta
1677 2604 1779 2648 εει.
1810 2590 1878 2646 1η

290 2686 702 2758 snppfantatione
744 2685 933 2740 inimici
974 2702 1036 2739 ne
1055 2693 1101 2738 te
1123 2682 1305 2750 efferas
1328 2681 1510 2752 (Prov.
1533 2682 1624 2737 26.
1651 2682 1768 2753 17),
1801 2683 1877 2735 iu-

291 2780 407 2849 quit-
430 2778 723 2847 Scriptura.
744 2775 823 2832 Ne
844 2776 971 2831 mihi
990 2773 1509 2844 allegesinjuriarum
1535 2783 1877 2844 acceptarum

290 2870 459 2925 moles
492 2886 506 2923 :
537 2885 641 2923 non
671 2868 812 2923 enim
836 2866 962 2922 illud
990 2866 1041 2920 in
1067 2875 1118 2921 te
1139 2863 1265 2920 facit
1287 2865 1634 2934 pertinaciam
1657 2866 1876 2929 irarum,

292 2959 385 3013 sed
412 2958 551 3029 quod
579 2973 763 3029 parum
796 2972 1002 3013 memor
1025 2971 1082 3011 es
1104 2966 1314 3010 tuorum
1340 2954 1680 3021 delictorum,
1708 2970 1901 3025 neque,

288 3049 586 3120 gehennam
630 3056 756 3104 ante
795 3048 979 3102 oculos
1026 3046 1190 3102 habes
1235 3054 1327 3101 aut
1375 3046 1469 3101 Dei
1518 3045 1781 3100 timorem.
1812 3045 1883 3103 Ut

292 3155 469 3201 autem
518 3147 794 3202 condiseas
841 3145 893 3200 id
937 3160 1117 3199 verum
1161 3159 1315 3207 esse,
1364 3158 1428 3198 ex
1473 3143 1684 3198 casibus
1727 3142 1881 3197 istius

292 3240 439 3296 urbis
464 3240 784 3295 documenta
812 3252 1071 3307 promam.
1102 3236 1238 3290 Cum
1268 3236 1413 3290 enim
1440 3234 1515 3289 rei
1545 3234 1769 3291 istorum
1799 3233 1880 3287 fa-

291 3331 532 3383 cinorum
571 3329 636 3383 ad
676 3328 933 3398 judicium
977 3326 1450 3387 trahebantur,~ae
1479 3324 1692 3379 ﬂamma
1738 3325 1882 3380 intus

293 3421 698 3486 incendebatur,
744 3418 1212 3475 circumstantibus
1258 3417 1600 3471 carnificibus
1626 3432 1686 3471 ac
1710 3416 1880 3471 latera

291 3511 737 3581 discerpentibus,
770 3515 812 3566 si
842 3510 961 3580 quis
988 3506 1056 3563 ibi
1086 3509 1374 3572 assistens,
1400 3507 1471 3561 ita
1497 3522 1590 3561 eos
1614 3522 1676 3561 ex
1707 3517 1880 3561 trans—

290 3618 450 3658 verso
499 3605 799 3673 alloquutus
825 3601 1029 3665 fuisset,
1058 3599 1113 3656 Si
1143 3598 1350 3654 habetis
1394 3599 1658 3661 inimicos.
1692 3600 1882 3653 mittite

290 3695 639 3759 simultatem,
668 3701 723 3748 et
746 3709 810 3748 ex
838 3693 942 3749 isto
971 3691 1232 3761 supplicio
1273 3705 1369 3745 vos
1413 3690 1643 3745 liberare
1679 3691 1849 3760 poteri

290 3799 410 3839 mus
438 3801 453 3839 :
484 3801 550 3838 an
580 3800 685 3838 non
713 3799 833 3838 cum
863 3783 1056 3837 osculis
1085 3782 1152 3837 ad
1178 3782 1319 3836 illius
1344 3780 1506 3850 pedes
1530 3795 1588 3836 se
1618 3781 1881 3837 devolvis-

290 3877 444 3930 sent?
468 3876 579 3930 lmo
603 3875 728 3946 quid
755 3874 823 3930 de
850 3875 1070 3944 pedibus
1099 3873 1319 3943 loquor?
1347 3872 1388 3929 si
1421 3873 1538 3941 quis
1575 3871 1881 3927 servitutem

291 3966 395 4021 illis
440 3966 847 4036 proposuisset,
896 3978 1002 4019 non
1047 3979 1162 4019 eam
1210 3964 1568 4018 conditionem
1616 3963 1882 4031 aspernati

291 4057 540 4113 fuissent.
572 4056 724 4123 Quod
751 4057 795 4110 si
828 4056 1055 4110 lmmana
1085 4070 1266 4126 pinna,
1296 4070 1414 4124 quso
1440 4055 1741 4134 ltcrmiuum
1785 4054 1883 4108 ba-

291 4147 399 4209 bet,
426 4146 697 4218 quaslibet
722 4147 827 4199 iras
854 4154 1092 4214 superat,
1122 4145 1288 4197 multo
1316 4144 1482 4214 magis
1504 4144 1735 4198 futurum
1757 4160 1886 4215 sup-

291 4237 534 4303 plieium,
576 4237 620 4289 si
663 4236 915 4291 memoria
964 4235 1078 4303 ejus
1116 4244 1372 4303 perpetuo
1421 4243 1633 4289 nostras
1679 4245 1886 4290 mentes

292 4333 525 4392 teneret,
558 4342 661 4380 non
687 4326 856 4381 solum
886 4325 1229 4391 simultatem,
1260 4325 1353 4379 sed
1382 4335 1435 4379 et
1464 4340 1650 4381 omnes
1695 4343 1885 4395 pravas

290 4418 647 4487 cogitationes
675 4417 743 4471 ab
770 4416 947 4471 animo
973 4414 1296 4470 excluderet.
1323 4415 1458 4483 Quid
1489 4417 1629 4470 enim
1658 4415 1881 4481 facilius,

290 4508 397 4569 die,
425 4522 636 4578 quaeso,
666 4522 822 4577 quam
854 4506 1076 4569 homini,
1108 4507 1195 4574 qui
1228 4516 1279 4559 te
1306 4506 1522 4570 heserit,
1542 4506 1675 4560 iram
1697 4507 1885 4561 remit-

291 4597 454 4650 tere'.
488 4595 608 4669 Non
658 4596 801 4650 enim
845 4595 1017 4663 longis
1040 4594 1105 4647 ad
1134 4593 1183 4647 id
1216 4595 1726 4663 peregrinationibus
1750 4609 1884 4664 Opus

292 4696 396 4750 est,
432 4701 545 4740 non
574 4676 916 4755 pecuniarum
957 4685 1245 4753 insuntptu,
1275 4701 1381 4738 non
1428 4685 1650 4739 aliorum
1696 4701 1883 4739 exora-

292 4776 570 4838 tionibus;
600 4774 794 4829 sufficit
820 4782 877 4827 ut
906 4781 1109 4826 tantum
1158 4774 1320 4839 velis,
1347 4789 1408 4827 ae
1432 4774 1539 4841 jam
1588 4774 1755 4828 virtus
1799 4777 1883 4848 illa

292 4880 446 4918 suum
471 4879 611 4934 opus
644 4863 891 4933 explevit.
921 4864 1033 4930 Qua
1061 4863 1217 4933 igitur
1244 4878 1397 4932 paena
1425 4864 1567 4933 digni
1593 4880 1698 4918 non
1726 4865 1888 4921 fueri-

292 4972 434 5020 mus,
466 4957 514 5011 si
548 4956 878 5011 saecularium
922 4970 1097 5009 rerum
1138 4969 1293 5008 causa
1320 4963 1373 5008 et
1402 4956 1614 5009 servilia
1656 4959 1887 5012 sustine-

293 5063 413 5101 mus
439 5046 761 5108 ministcria,
788 5052 844 5099 et
871 5054 1062 5113 prseter
1086 5044 1392 5112 dignitatem
1421 5043 1758 5111 inservimus,
1791 5062 1881 5115 pe-

292 5137 482 5191 cunias
502 5135 875 5203 expendimus,
909 5149 1029 5187 eum
1055 5122 1370 5203 ianitoribus
1390 5134 1809 5201 confabulamur,
1831 5148 1888 5193 ut

291 5226 540 5281 scelestis
564 5224 867 5278 hominibus
883 5224 1182 5288 adulemur,
1225 5224 1401 5277 omnia
1420 5222 1649 5293 denique
1676 5236 1730 5279 et
1759 5228 1883 5282 dici-

292 5330 414 5370 mus
437 5325 495 5370 et
524 5315 766 5377 facimus,
782 5324 838 5368 ut
855 5314 1123 5384 proposita
1145 5313 1466 5381 efficiamus;
1488 5332 1582 5385 pro
1606 5319 1779 5373 divina
1802 5337 1887 5376 au.

294 5416 401 5459 tem
419 5405 542 5474 lege
569 5403 785 5457 fratrem
809 5403 898 5473 qui
924 5404 1198 5468 lzesit,non
1225 5405 1398 5458 solum
1426 5421 1533 5459 non
1562 5411 1887 5468 sustinemus

293 5510 550 5561 exorare,
583 5492 678 5549 sed
723 5502 778 5549 et
822 5495 963 5549 inter
1002 5493 1195 5563 probra
1224 5494 1469 5551 ducimus
1510 5512 1632 5553 eum
1684 5502 1860 5570 priore

360 5647 564 5718 Ingavﬂ:
592 5649 822 5718 ίημηπεε
844 5660 1070 5718 sensum
1099 5655 1397 5718 sequentem
1419 5651 1597 5701 indicat
1630 5666 1642 5699 :
1670 5652 1794 5718 Quid
1819 5661 1889 5718 est

296 5709 514 5769 facilius,
535 5708 718 5759 homini
739 5708 822 5769 qui
838 5714 881 5759 te
897 5708 1092 5770 usserit,
1109 5708 1236 5759 inim
1250 5710 1508 5772 remittere,
1523 5719 1604 5762 aut
1621 5708 1892 5767 omnimodo

297 5771 466 5822 ulcisci
486 5778 511 5823 ζ’
528 5780 632 5823 ,ται
654 5769 798 5821 enim.

620 5854 892 5913 l’nnon.
936 5853 1053 5914 Gn.
1102 5854 1325 5917 XLIX.

1178 363 1267 418 an
1309 356 1627 419 eorum
1668 354 2164 415 .tNTlOCllENUM
2228 355 2455 414 noun.
2500 346 2618 411 xx.
2676 310 2679 315 ’

3461 352 3570 409 εεη

1973 470 2157 527 adire?
2180 472 2264 526 An
2289 483 2418 526 vero
2448 468 2541 525 tibi
2569 466 2767 540 probro
2792 480 2912 523 esse
2936 475 3093 538 putas
3116 509 3130 533 ,
3163 466 3209 523 si
3232 476 3284 522 tu
3315 467 3462 538 prior
3489 469 3569 522 Ia-

1972 574 2124 616 crum
2149 563 2430 630 reportes?
2455 559 2566 615 lmo
2610 572 2742 615 vero
2786 560 3122 615 verecundiae
3164 575 3284 615 esse
3307 560 3488 627 debet,
3520 563 3567 615 si

1974 651 2027 704 in
2052 664 2118 705 eo
2141 649 2333 704 affectu
2350 649 2627 719 persistas,
2650 657 3035 720 exspectesque
3055 649 3227 705 donec
3257 650 3463 721 injurize
3482 667 3572 705 au-

1973 750 2090 796 ctor
2134 756 2232 810 pro
2280 739 2714 795 reconciliatione
2762 747 2815 794 te
2855 739 3013 796 adeat
3041 758 3054 795 :
3087 739 3140 794 id
3187 740 3439 809 probrum
3468 780 3484 804 ,
3518 741 3568 794 id

1978 830 2184 897 vitium,
2216 829 2269 884 id
2296 830 2483 900 ingens
2524 828 2800 884 damnum.
2824 828 2924 897 Qui
2954 830 3095 884 enim
3142 830 3290 899 prior
3333 829 3493 894 venit,
3526 829 3573 883 is

1979 928 2144 974 totum
2196 919 2399 974 lucrum
2446 919 2722 989 anticipat.
2750 919 2807 975 Si
2849 919 2992 973 enim
3033 920 3100 974 ab
3144 920 3251 974 alio
3296 929 3570 983 exoratus,

1976 1013 2110 1066 iram
2141 1012 2421 1080 relinquis,
2441 1011 2518 1065 illi
2544 1011 2744 1067 bonum
2772 1026 2910 1080 opus
2939 1012 3231 1080 imputatur
3258 1029 3273 1065 :
3302 1027 3407 1065 nou
3429 1012 3572 1067 enim

1978 1102 2091 1156 Deo
2132 1101 2530 1171 obtemperans,
2559 1100 2653 1157 sed
2699 1100 2775 1155 illi
2823 1100 3149 1172 gratificans,
3179 1101 3350 1173 legem
3398 1101 3574 1155 adim-

1980 1192 2223 1262 plevisti;
2246 1191 2390 1261 quod
2416 1192 2462 1247 si
2490 1192 2705 1247 nemine
2730 1191 3116 1259 intercedente,
3158 1208 3336 1263 neque
3362 1193 3453 1247 illo
3480 1195 3571 1262 qui

1978 1283 2116 1338 ltesit
2132 1292 2185 1338 te
2203 1282 2432 1338 adeunte
2451 1291 2507 1338 et
2528 1298 2714 1353 preces
2735 1282 3043 1348 adhibente,
3071 1284 3184 1352 ipse
3206 1284 3407 1354 rejects
3426 1285 3572 1339 omni

1979 1371 2183 1441 pudore
2211 1371 2342 1427 nihil
2371 1380 2671 1438 cunctatus,
2696 1371 2764 1427 ad
2794 1371 3001 1443 injuria:
3028 1383 3301 1429 auctorem
3328 1389 3575 1430 accurre-

1979 1463 2075 1527 ris,
2095 1461 2252 1533 eique
2270 1461 2380 1517 iras
2407 1471 2525 1518 tuas
2558 1462 2865 1527 resolveris,
2903 1471 3053 1519 tuum
3096 1478 3163 1519 ex
3200 1474 3312 1519 toto
3348 1464 3405 1518 fit
3445 1464 3576 1519 illud

1979 1552 2237 1619 officium,
2254 1552 2668 1624 universamque
2686 1553 2991 1609 mercedem
3018 1553 3133 1623 ipse
3155 1553 3404 1623 recipies.
3426 1553 3482 1611 Si
3500 1553 3579 1610 di-

1982 1660 2132 1709 xero,
2151 1645 2362 1710 Jejuna,
2378 1645 2620 1715 corporis
2637 1646 3049 1701 imbecillitatem
3070 1646 3197 1700 mihi
3227 1645 3461 1702 subinde
3491 1648 3581 1702 ob.

1979 1736 2180 1791 tendis:
2192 1738 2236 1790 si
2248 1736 2455 1801 dixero,
2469 1737 2574 1792 Des
2590 1736 3033 1807 pauperi,alle.gas
3048 1746 3233 1791 contra
3254 1745 3395 1792 tuam
3415 1738 3583 1793 tenui-

1981 1833 2239 1890 tatem,et
2259 1842 2394 1883 onus
2410 1826 2808 1883 educandorum
2827 1828 3113 1901 liberorum
3145 1844 3158 1882 :
3188 1828 3230 1882 si
3248 1829 3454 1893 dixero,
3475 1829 3580 1884 Des

1982 1932 2199 1987 cperam
2229 1933 2396 1974 sacra:
2416 1919 2931 1990 synaxi,s:eculares
2965 1934 3121 1976 curas
3145 1937 3158 1975 :
3178 1920 3223 1975 si
3254 1921 3461 1985 dixero,
3480 1924 3578 1976 At-

1982 2010 2144 2065 tende
2171 2012 2518 2067 concionibus
2543 2026 2607 2067 ac
2631 2012 2887 2068 doctrina:
2914 2014 3019 2068 vim
3065 2014 3325 2087 intelligo,
3358 2015 3578 2087 imperi-

1986 2105 2111 2158 tiam
2145 2122 2158 2158 :
2191 2105 2235 2159 si
2262 2105 2469 2170 dixero,
2498 2104 2605 2161 Fac
2650 2116 2709 2160 ut
2754 2107 2917 2161 alium
2960 2108 3238 2173 emendes,
3284 2112 3582 2179 respondes

1985 2197 2133 2252 illum
2152 2198 2254 2253 tuis
2272 2198 2486 2253 monitis
2514 2214 2622 2253 non
2652 2200 3181 2270 obtemperaturum;
3211 2215 3354 2271 smpe
3376 2216 3497 2257 eum
3523 2212 3575 2256 te

1983 2287 2125 2342 inter
2147 2287 2430 2343 dicendum
2472 2296 2814 2357 aspernatum
2864 2288 3047 2345 fuisse.
3086 2288 3319 2359 Frigidte
3362 2290 3577 2362 quidem

1985 2378 2100 2433 istae
2126 2388 2253 2435 stmt
2291 2378 2737 2444 eausificatioues,
2768 2379 2861 2435 sed
2903 2379 3328 2435 eausificatioues
3377 2390 3579 2437 tamen.

1983 2469 2135 2536 Quod
2161 2471 2203 2525 si
2228 2470 2436 2534 dixero,
2467 2470 2603 2525 iram
2652 2470 2885 2537 dimitte,
2910 2473 3039 2543 quid
3086 2473 3307 2529 istorum
3351 2474 3583 2546 allegare

1985 2560 2363 2630 potet-isiNou
2392 2562 2634 2632 corporis
2663 2562 3105 2630 imbecillitatem,
3151 2579 3256 2620 non
3291 2558 3586 2636 pauperta-

1986 2660 2114 2717 tem,
2167 2644 2663 2722 non’imperitiam,
2712 2669 2817 2707 non
2866 2654 3264 2723 occupationes,
3315 2656 3386 2709 nil
3436 2665 3584 2711 certe

1986 2740 2206 2795 istorum
2234 2742 2448 2797 obtendi
2472 2752 2648 2813 potest
2683 2744 2724 2798 ‘z
2754 2753 3080 2814 quapropter
3100 2744 3319 2800 minime
3344 2746 3581 2801 omnium

1986 2831 2088 2885 hoc
2110 2842 2382 2899 peccatum
2416 2833 2624 2887 veniam
2651 2844 2908 2888 moretur.

2066 2901 2202 2954 Deus
2249 2919 2350 2955 non
2375 2905 2584 2956 remittit
2612 2903 2773 2966 nobis,
2806 2906 2848 2957 si
2879 2921 2980 2957 non
3010 2906 3322 2959 remittamus
3351 2908 3485 2961 aliis.
3513 2938 3585 2948 —

1988 2991 2269 3059 Quomodo
2300 2995 2500 3062 poteris
2528 3008 2715 3047 manus
2734 2994 2783 3046 in
2808 2994 2993 3047 cadum
3012 2996 3301 3051 extendere
3320 3036 3336 3061 ,
3369 3007 3461 3051 aut
3482 2998 3584 3051 liu-

1984 3096 2140 3150 gnam
2166 3097 2406 3149 movere,
2433 3092 2525 3137 aut
2542 3083 2751 3137 veniam
2779 3083 3084 3152 postulare?
3108 3085 3160 3139 Si
3185 3087 3326 3140 enim
3359 3087 3586 3143 voluerit

1988 3172 2082 3225 tibi
2111 3165 2251 3226 Deus
2280 3181 2497 3242 peccata
2524 3173 2856 3240 condonare,
2909 3185 2964 3229 tu
2994 3177 3044 3230 id
3090 3192 3194 3230 non
3236 3180 3499 3247 permittis
3524 3183 3543 3212 ¹
3566 3221 3581 3244 ,

1986 3276 2105 3315 eum
2134 3260 2391 3316 adversus
2412 3276 2729 3341 conservum
2753 3262 3017 3319 ofTensum
3050 3268 3285 3320 animum
3328 3269 3579 3323 retineas.

1988 3351 2094 3407 Sed
2115 3354 2346 3408 crudelis
2371 3362 2474 3418 est,
2502 3355 2696 3423 inquis,
2716 3366 2767 3409 ct
2792 3355 3009 3420 efferus,
3037 3372 3208 3428 pmnre
3232 3359 3584 3429 vindietmquo

1987 3444 2195 3499 avidus.
2238 3446 2375 3510 Quin
2403 3446 2472 3500 ob
2498 3444 2725 3515 idipsum
2751 3458 2967 3518 p-ccata
3001 3450 3233 3503 remitte.
3266 3450 3458 3505 Multas
3500 3455 3582 3506 in-

1985 3534 2156 3602 jurias
2189 3536 2374 3600 tulisti,
2410 3536 2591 3590 multis
2615 3539 2874 3606 spoliatus
2904 3553 2991 3605 cs,
3026 3556 3169 3609 saepe
3203 3525 3439 3598 convicia
3486 3560 3582 3596 au-

1992 3625 2138 3687 disti,
2166 3626 2215 3678 iu
2238 3627 2481 3680 maximis
2510 3628 2666 3681 rebus
2688 3627 2940 3682 damnum
2970 3644 3157 3697 passus
3174 3647 3252 3697 es,
3280 3648 3342 3686 ac
3360 3634 3599 3703 proinde

1989 3715 2260 3770 desideras
2288 3732 2498 3785 [mnam
2518 3718 2907 3788 inituiciuitqui
2928 3720 2980 3773 in
3009 3720 3109 3775 hoc
3129 3722 3300 3791 ipsum
3325 3725 3467 3778 utilis
3487 3726 3578 3778 tibi

1991 3804 2312 3859 condonatio
2338 3807 2684 3864 offensarum.
2719 3809 2773 3862 Si
2805 3811 2945 3864 enim
2977 3812 3087 3887 ipse
3117 3814 3362 3868 vindictae
3385 3816 3585 3870 iueutu~

1990 3894 2084 3949 bas
2104 3895 2465 3967 ultionemque
2484 3912 2686 3961 sumas,
2712 3900 2822 3954 sive
2840 3917 2932 3970 per
2952 3904 3136 3968 verba,
3166 3906 3278 3960 sive
3300 3922 3395 3975 per
3421 3907 3577 3969 facta,

1988 3986 2100 4040 sive
2135 4001 2231 4055 per
2258 3988 2715 4057 imprecationem,
2736 3990 2876 4046 Deus
2899 3992 3012 4062 ipse
3037 4008 3064 4046 a
3094 3996 3353 4049 sumenda
3382 3999 3585 4053 ultione

1992 4078 2384 4145 supersedebit,
2420 4088 2600 4148 utpote
2629 4091 2679 4134 te
2710 4094 2985 4152 satageute
3007 4086 3144 4141 circa
3177 4088 3247 4139 tui
3274 4088 3438 4156 ipsius
3462 4092 3583 4143 vin-

1990 4165 2184 4219 dictam
2219 4184 2232 4219 :
2266 4168 2374 4221 imo
2403 4184 2507 4222 non
2532 4169 2702 4224 solum
2733 4186 2834 4224 non
2864 4185 3207 4243 persequetur
3234 4191 3418 4245 ptenas
3447 4178 3582 4249 inju-

1990 4254 2189 4307 riarum
2235 4256 2325 4310 tibi
2354 4257 2641 4326 illatarum,
2670 4260 2763 4315 sed
2787 4277 2815 4313 a
2840 4262 3007 4331 teipso
3026 4265 3278 4319 mulctatn
3303 4268 3495 4336 exiget,
3526 4280 3581 4325 ut

1993 4344 2245 4414 injuriose
2292 4361 2322 4400 a
2355 4356 2406 4402 te
2423 4347 2651 4403 habitus.

2062 4435 2117 4489 4.
2158 4435 2309 4501 Quod
2334 4437 2379 4491 si
2411 4439 2463 4492 in
2494 4439 2798 4496 hominibus
2826 4444 2874 4497 id
2907 4443 2981 4510 fit,
3016 4456 3073 4501 ut
3102 4448 3384 4505 verberato
3421 4467 3450 4506 a
3482 4469 3582 4509 uo-

1990 4524 2072 4579 bis
2101 4525 2278 4581 alieno
2305 4542 2481 4595 servo,
2510 4532 2751 4587 dominus
2782 4533 2922 4588 illius
2946 4536 3263 4606 indignetur,
3288 4550 3343 4596 et
3370 4540 3472 4597 hoc
3497 4544 3581 4598 iu-

1988 4614 2181 4682 juriam
2203 4631 2325 4672 esse
2352 4618 2526 4685 dicat;
2571 4622 2673 4690 ipsi
2700 4641 2913 4695 quoque
2947 4629 2990 4681 si
3030 4629 3238 4699 injuriis
3280 4634 3581 4695 afﬁciamur

1993 4707 2078 4760 vel
2107 4724 2133 4759 a
2166 4710 2357 4775 servis,
2383 4712 2466 4766 vel
2493 4728 2521 4766 a
2555 4709 3048 4780 liberis,'sententia
3070 4722 3306 4790 judicum
3333 4736 3387 4781 et
3413 4727 3576 4784 domi-

1995 4811 2186 4851 norum
2233 4804 2587 4869 exspectanda
2620 4815 2705 4860 est
2733 4824 2742 4857 :
2774 4807 2818 4861 si
2859 4809 3017 4878 igitur
3045 4812 3095 4865 in
3145 4814 3303 4869 rebus
3334 4816 3583 4875 humanis

1994 4902 2152 4942 nemo
2172 4889 2269 4943 sibi
2300 4900 2411 4946 tuto
2434 4892 2687 4947 ultionem
2710 4899 2890 4963 sumit,
2915 4913 3111 4968 quanto
3134 4906 3301 4975 magis
3322 4907 3373 4961 id
3398 4909 3584 4965 obscr.

1993 4980 2221 5032 vandum
2243 4982 2293 5035 in
2319 4982 2477 5036 rebus
2499 4984 2621 5048 illis,
2642 4986 2729 5039 ubi
2751 4987 2891 5042 Deus
2913 4990 3025 5059 ipse
3046 4993 3238 5049 vindex
3256 4999 3581 5057 constitutus

1993 5069 2099 5160 est?
2117 5070 2191 5124 Te
2206 5086 2331 5160 vero
2346 5072 2538 5142 injuria
2560 5077 2803 5131 al'feeitet
2826 5080 2979 5143 lzcsit,
2998 5098 3059 5136 ac
3077 5086 3354 5141 innumera
3385 5091 3477 5144 tibi
3499 5092 3583 5146 fe-

1985 5153 2059 5203 cit
2080 5153 2365 5219 proximus
2385 5158 2524 5207 mala
2549 5171 2559 5203 :
2591 5169 2723 5211 cave
2742 5174 2959 5225 pmnatn
2982 5172 3130 5219 tuam
3154 5185 3585 5242 persequaremC

1983 5243 2267 5298 dominum
2290 5258 2442 5299 tttttm
2464 5251 2863 5312 contumeliose
2886 5261 3084 5311 tractes
3108 5277 3119 5318 :
3144 5263 3275 5315 cede
3298 5264 3438 5330 Deo;
3464 5273 3580 5341 ipse

1984 5337 2262 5432 negotium
2332 5343 2506 5398 multo
2554 5344 2771 5401 melius
2806 5348 3250 5420 administrabit,
3297 5337 3573 5429 quam—tu

1984 5433 2154 5487 cupis.

2060 5516 2135 5566 De
2148 5528 2251 5566 non
2268 5516 2527 5582 faciendis
2544 5532 2733 5574 contra
2751 5541 2989 5584 mumcos
3010 5544 3483 5611 ιηιρνίνεαιῑοηξιιη³
3507 5591 3577 5605 _

2057 5660 2075 5692 ί
2111 5668 2212 5698 Qui.
2241 5662 2368 5698 mmd
2394 5662 2434 5698 οδ
2456 5666 2631 5698 dos-on.
2682 5687 2701 5698 .
2734 5680 2854 5698 1-.....
2887 5675 3068 5698 .I:....-.._
3159 5696 3180 5698 μ
3308 5689 3334 5698 ..

2057 5662 2075 5692 ι
2422 5662 2434 5674 ο
2578 5682 2600 5697 ν
2925 5677 2934 5686 .
2993 5679 3002 5687 .
3326 5689 3334 5698 _

1992 5662 3086 5790 mss?3;p%'ﬁ?fi3£2iﬁs3:54.111."""‘”‘"
3104 5698 3125 5727 ’
3154 5696 3249 5735 non
3267 5690 3421 5756 “mg”
3430 5704 3481 5743 ’θ
3504 5707 3589 5759 Ρ⁰”

2058 5785 2080 5814 ⁸
2115 5791 2240 5841 εει-1.,
2267 5790 2318 5833 tu
2332 5799 2422 5835 ηομ
2444 5791 2695 5839 tonscmis.

3199 5875 3275 5937 13
