4190 6322
600 397 707 450 9.05

597 505 717 559 Tibi
737 498 1310 568 solumtnotlojussum
1330 503 1431 553 est,
1453 500 1511 543 ut
1534 505 1631 558 pro
1645 503 1709 543 eo
1724 487 1882 557 quite
1898 484 2186 552 lassit,pre-

601 613 698 652 ces
714 588 1067 660 fundas;quid
1084 603 1150 641 au
1160 594 1265 640 tem
1283 585 1349 638 de
1360 599 1424 637 eo
1438 579 1785 636 statuendum
1800 576 2003 643 sit,sibi
2020 588 2189 630 rescr-

602 687 716 742 vari
746 684 930 757 jussit.
960 678 1277 749 Numquam
1306 674 1405 729 tibi
1431 672 1568 727 tales
1596 670 1836 725 ultiones
1870 678 2184 736 assequere,

602 780 790 850 quales
813 791 909 846 pro
929 784 979 829 te
998 773 1087 829 ille
1110 770 1409 834 instruxit;
1432 765 1594 822 modo
1613 763 1688 819 illi
1706 762 1798 833 jus
1818 771 1972 816 tuum
1990 771 2158 814 eonee
2174 784 2189 795 -

602 874 720 933 das,
737 884 835 923 nec
852 860 1466 937 imprecationesfacias
1483 858 1745 913 adversus
1762 852 2071 913 inimicum,
2093 845 2188 902 sed

603 963 677 1016 illi
694 961 975 1029 relinquas
988 956 1277 1011 arbitrium
1292 949 1573 1021 judicandi
1600 965 1611 1000 :
1635 948 1749 1003 sive
1768 944 1914 999 enim
1932 954 2031 995 nos
2047 938 2190 1007 inju-

604 1056 715 1109 rias
731 1048 1248 1113 condonemtts,sive
1264 1036 1824 1103 reconciliemur,sive
1842 1049 1940 1105 pro
1953 1030 2207 1111 inimicis

607 1140 1030 1215 precemnrmisi
1052 1138 1155 1207 ipsi
1175 1133 1423 1190 conversi
1446 1130 1648 1186 fuerint
1663 1137 1829 1198 atque
1843 1128 1901 1181 in
1920 1123 2113 1179 melius
2131 1134 2191 1174 se

614 1209 952 1291 mutaverint,
979 1226 1117 1280 Deus
1136 1224 1252 1294 ipse
1278 1236 1384 1276 non
1409 1219 1669 1281 dimittet;
1698 1230 1801 1269 non
1828 1209 2060 1266 dimittet
2085 1220 2185 1259 au-

615 1338 720 1377 tem
748 1335 933 1377 eorum
959 1316 1167 1373 utilitati
1197 1313 1438 1369 studens.
1470 1310 1545 1365 Te
1567 1307 1760 1379 quippe
1778 1303 1977 1369 laudat,
2010 1309 2186 1361 tuam-

609 1430 711 1483 que
738 1409 1126 1484 philosophiam
1161 1403 1520 1473 amplectitur,
1550 1400 1695 1453 illum
1726 1409 1854 1450 vero
1883 1391 2069 1462 punit,
2121 1404 2187 1443 ne

614 1516 697 1557 ma
726 1500 1058 1571 philosophia
1082 1498 1317 1552 deterior
1336 1493 1606 1548 reddatur.
1630 1485 1985 1556 Quamobrem
2016 1480 2188 1535 inanis

614 1608 694 1652 est
721 1569 807 1649 illa
838 1590 978 1660 vulgi
1017 1588 1300 1643 sententia.
1336 1583 1493 1654 Multi
1522 1583 1665 1636 enim
1691 1594 1717 1630 a
1750 1576 1905 1631 nobis
1932 1569 2188 1627 admoniti

613 1679 1237 1753 superreconciiiationc,
1277 1675 1367 1728 ubi
1391 1674 1757 1740 obtemperare
1782 1679 1884 1719 non
1921 1661 2186 1732 placebat,

614 1749 750 1826 hanc
767 1770 1159 1827 excusationem
1180 1763 1590 1835 praztendcrnnt,
1617 1772 1731 1827 quae
1754 1754 1880 1809 nihil
1904 1751 2043 1805 aliud
2071 1749 2185 1813 fuit,

614 1880 771 1931 quam
802 1869 1074 1933 pretextus
1099 1858 1332 1926 ipsorum
1361 1850 1604 1906 malitiae:
1637 1846 1777 1901 nolle
1803 1844 2004 1899 scilicet
2027 1856 2085 1895 se
2106 1854 2191 1894 rc-

604 1954 1062 2014 .mnciliationem,
1087 1962 1152 2001 ne
1178 1945 1500 2000 deteriorem
1547 1935 1814 1992 inimicum
1847 1935 2077 1997 faciant,
2123 1944 2191 1984 ne

616 2043 940 2097 acerbiorem
973 2046 1153 2108 postea
1181 2043 1236 2089 et
1260 2032 1516 2102 majorem
1543 2029 1656 2097 ejus
1698 2031 2057 2093 contemptum
2093 2034 2189 2075 ex-

618 2134 911 2203 periantur.
941 2128 1018 2183 Ad
1044 2128 1161 2181 hinc
1202 2124 1330 2179 illud
1358 2136 1567 2191 quoque
1593 2117 1866 2187 adjiciunt,
1896 2113 2050 2181 vulgo
2077 2110 2192 2165 exi-

616 2200 885 2279 stimatum
917 2219 978 2273 iri
1001 2260 1014 2281 ,
1044 2218 1189 2286 ipsos
1215 2222 1433 2285 propter
1456 2208 1869 2263 imbecillitatem
1900 2204 2099 2273 priores
2124 2200 2192 2254 ad

619 2310 1099 2368 reconciliationem
1128 2305 1581 2377 placationemquc
1604 2298 1800 2353 inimici
1824 2296 2046 2350 venisse.
2072 2290 2196 2345 Hcce

618 2408 793 2460 omnia
821 2415 952 2455 vana
982 2408 1140 2455 sunt:
1173 2395 1361 2449 oculus
1383 2392 1528 2448 enim
1561 2391 1648 2445 ilic
1679 2402 1963 2457 numquam
1992 2382 2194 2437 dormi-

624 2508 743 2550 taus
764 2492 910 2547 novit
934 2499 1167 2545 mentem
1196 2495 1359 2552 tuam,
1382 2497 1444 2539 ac
1466 2481 1687 2553 proinde
1711 2490 2090 2534 conservorum
2110 2489 2201 2526 ru-

624 2582 893 2638 musculos
920 2592 1107 2635 eurare
1136 2591 1241 2631 non
1266 2574 1522 2630 debemus
1546 2614 1562 2639 ,
1595 2572 1751 2625 modo
1786 2569 1949 2639 jndici
1976 2580 2199 2637 persna-

622 2675 769 2739 deas,
800 2673 890 2743 qui
915 2671 982 2727 de
1000 2683 1164 2727 causa
1190 2678 1273 2720 tua
1297 2665 1624 2735 judicaturus
1654 2671 1752 2716 est.
1786 2662 1841 2715 Si
1871 2664 2047 2712 autem
2068 2654 2199 2710 illud

624 2766 716 2819 tibi
741 2778 883 2819 cura:
908 2771 1010 2825 est,
1038 2775 1104 2815 ne
1135 2773 1254 2812 eum
1283 2755 1601 2811 deteriorem
1628 2761 1712 2806 tua
1747 2751 1980 2811 bonitate
1999 2747 2196 2810 facias;
2221 2784 2227 2789 -

623 2857 761 2910 scias
785 2853 967 2919 velim,
996 2866 1118 2907 eum
1141 2850 1242 2904 hoc
1264 2856 1419 2917 pacto
1448 2845 1772 2901 deteriorem
1804 2857 1908 2896 non
1940 2839 2199 2904 futurum,

626 2948 718 3003 sed
750 2947 1068 3001 deteriorem
1103 2942 1281 3013 patius
1310 2938 1543 2994 futurum
1566 2980 1581 3005 ,
1612 2939 1656 2990 si
1686 2951 1807 2991 eum
1838 2950 1944 2991 non
1981 2934 2157 3003 places
2184 2948 2200 2985 ε

629 3054 750 3093 nam
769 3036 867 3092 etsi
892 3034 1193 3090 mortalium
1236 3031 1476 3086 amnium
1514 3026 1922 3083 scelestissitnus
1963 3026 2061 3094 sit,
2101 3023 2205 3078 etsi

629 3145 733 3183 non
764 3128 908 3182 dicat
928 3138 1099 3195 neque
1122 3120 1293 3192 palam
1326 3133 1433 3189 prae.
1460 3133 1519 3173 se
1548 3116 1701 3182 ferat,
1734 3126 1965 3171 attamen
2018 3116 2207 3170 tacitus

632 3220 946 3292 approbabit
975 3226 1093 3271 tuos
1116 3210 1511 3284 philosophicas
1538 3206 1750 3275 morcs',
1779 3206 2208 3275 conscientiaque

629 3327 722 3367 sna
757 3320 897 3365 tuam
922 3304 1257 3363 reverebitur
1276 3299 1755 3355 mansuetudinem.
1786 3297 1938 3365 Quod
1968 3297 2011 3349 si
2036 3296 2087 3349 in
2115 3309 2208 3348 ea-

631 3402 752 3454 dem
782 3397 1111 3467 malignitate
1131 3392 1451 3464 perstiterit,
1474 3404 1570 3444 nec
1590 3386 1859 3441 blanditiis
1888 3386 2207 3449 emolliatur,

635 3491 917 3546 maximam
937 3500 1146 3558 pinnam
1176 3498 1205 3537 a
1224 3482 1348 3537 Deo
1369 3479 1665 3534 sustinebit.
1693 3477 1761 3532 Ut
1780 3486 1954 3530 autem
1972 3476 2208 3538 discatis,

638 3583 843 3640 tametsi
873 3595 972 3635 nos
996 3592 1209 3633 oremus
1240 3590 1336 3645 pro
1351 3572 1579 3627 inimicis
1614 3580 1666 3625 et
1696 3568 1964 3645 injuriosis
1983 3608 1998 3633 ,
2045 3567 2211 3620 Deum

637 3692 739 3729 non
768 3672 1034 3728 dimittere
1056 3669 1162 3724 illis
1188 3674 1425 3737 peccata,
1454 3664 1497 3718 si
1528 3676 1591 3717 ex
1622 3670 1800 3716 nostra
1824 3658 2100 3714 tolerantia
2124 3657 2216 3711 tle-

637 3762 1023 3827 tcrioresliam,
1045 3768 1277 3815 veterem
1300 3755 1575 3810 historiam
1601 3752 1749 3807 vobis
1771 3750 2080 3807 reccnsebo.
2110 3747 2214 3803 0h-

633 3855 1065 3926 treetavitiloysi
1089 3851 1252 3907 Maria
1280 3869 1294 3904 :
1323 3848 1449 3919 quid
1471 3846 1559 3901 hic
1581 3844 1759 3900 Deus?
1780 3844 2067 3913 Leprosam
2097 3856 2214 3895 eam

634 3961 695 4003 et
717 3947 1040 4004 immundam
1060 3944 1206 4007 fecit,
1226 3942 1447 4011 probam
1478 3939 1680 4007 alioqui
1702 3946 1755 3991 et
1778 3945 2002 3999 castam;
2027 3932 2219 3989 deinde

640 4041 822 4112 Moyse
851 4038 1195 4109 deprecante,
1227 4032 1315 4103 qui
1343 4046 1460 4086 eam
1483 4028 1729 4098 injuriam
1763 4040 1950 4096 passus
1978 4035 2130 4089 erat,
2161 4033 2219 4079 ιιι

642 4133 842 4188 crimen
869 4128 1188 4190 remitteret,
1220 4123 1389 4178 noluit
1418 4122 1575 4184 Deus,
1606 4117 1699 4173 scd
1744 4117 1871 4187 quid
1914 4116 2120 4185 inquit?
2160 4114 2220 4171 Si

645 4219 1198 4294 inspuensinsputasset
1219 4223 1359 4287 pater
1386 4213 1437 4266 in
1464 4190 1621 4280 ipiius
1647 4208 1849 4277 faciem,
1880 4225 1979 4261 non
2010 4206 2221 4276 confusa

648 4311 856 4381 fuisset?
881 4310 1106 4373 Maneat,
1124 4306 1314 4374 inquit,
1338 4312 1483 4357 extra
1503 4309 1668 4353 Castra
1696 4309 1882 4367 septem
1904 4298 2007 4351 dies
2036 4294 2219 4366 (Num.

652 4403 740 4458 19...
776 4401 884 4471 Η).
910 4396 1061 4467 Quod
1082 4404 1260 4449 autem
1289 4392 1416 4447 dicit
1443 4392 1545 4445 tale
1575 4398 1688 4444 est:
1716 4388 1769 4443 Si
1790 4395 1991 4456 patrem
2014 4386 2226 4439 habuis-

649 4504 749 4560 set,
780 4494 929 4562 isqnc
972 4502 1089 4544 eam
1116 4503 1147 4541 a
1173 4492 1459 4554 conspectu
1482 4496 1578 4536 suo
1604 4478 1938 4542 removisset,
1971 4476 2224 4549 numquid

652 4603 759 4643 non
793 4585 1040 4639 toleraret
1076 4593 1194 4634 eam
1223 4570 1676 4643 increpationem?
1700 4569 1782 4624 .Te
1811 4569 2023 4639 quidem
2071 4565 2229 4629 lautlQ

653 4679 721 4732 tle
740 4675 969 4729 fraterna
998 4669 1217 4740 pietate,
1262 4661 1666 4717 mansuetudine
1700 4667 1755 4714 et
1795 4658 2050 4721 bonitate,
2099 4656 2227 4709 mihi

653 4775 830 4822 autem
858 4771 1058 4824 notum,
1082 4754 1295 4829 quando
1324 4753 1470 4807 illam
1497 4749 1738 4821 oporteat
1759 4749 1826 4803 ab
1843 4748 1953 4803 .hac
1968 4761 2133 4817 poma
2164 4745 2228 4798 ii-

657 4855 846 4911 Iterari.
862 4848 1214 4921 Quamobrem
1233 4854 1286 4899 et
1304 4853 1360 4898 tu
1384 4856 1595 4913 quoque
1615 4855 1826 4894 omnem
1849 4839 2228 4895 humanitatem

656 4944 877 5000 ostende
905 4955 1028 5013 erga
1059 4940 1297 4998 fratrem,
1329 4946 1502 5001 neque
1527 4930 1742 4999 majoris
1770 4929 2017 4988 vindicta:
2032 4927 2232 4998 cupidi-

658 5046 767 5091 tate
794 5034 987 5089 delicta
1016 5028 1272 5087 dimittas.
1301 5023 1394 5079 sed
1425 5021 1644 5076 caritate
1669 5029 1722 5074 et
1767 5018 1996 5090 benigno
2030 5018 2230 5071 animo.

662 5130 717 5182 ιιι
748 5127 841 5182 tibi
869 5132 1072 5179 certum
1121 5119 1259 5174 habe
1278 5159 1293 5181 ,
1324 5113 1467 5186 quod
1498 5119 1694 5183 quanto
1722 5109 1890 5179 magis
1917 5117 2233 5177 aspernatus

662 5217 822 5272 fuerit
850 5224 953 5268 tua:
980 5206 1291 5282 placationis
1316 5202 1654 5267 industriam,
1686 5208 1835 5254 tanto
1856 5198 2109 5266 majorem
2134 5198 2235 5253 sibi

664 5320 875 5381 pinnam
896 5309 1192 5357 coacervat.
1215 5296 1351 5365 Quid
1384 5296 1498 5349 ais't
1525 5291 1759 5347 deterior
1786 5288 1845 5344 fit
1880 5288 2138 5345 colendo?
2183 5288 2237 5341 Id

662 5402 863 5456 crimen
911 5394 1112 5466 ipsius,
1162 5399 1309 5443 tuum
1349 5396 1527 5443 auten.
1573 5382 1894 5447 encomium,
1941 5380 2235 5451 quodcum

663 5505 785 5545 cunt
804 5487 962 5542 talem
990 5482 1202 5536 videres
1226 5477 1481 5541 futurum,
1514 5491 1621 5531 non
1655 5485 1828 5529 tamen
1856 5474 1920 5527 ab
1935 5488 1998 5527 co
2013 5471 2238 5527 colendo

664 5575 952 5642 abstiteris,
976 5585 1034 5629 ut
1060 5574 1251 5628 divina:
1269 5568 1526 5624 voluntati
1560 5565 1893 5622 satisfaceres
1917 5583 1929 5617 :
1955 5564 2117 5633 ipsius
2136 5564 2239 5617 cri-

665 5686 811 5734 men,
838 5666 979 5739 quod
993 5676 1079 5721 tua
1106 5664 1343 5719 bonitate
1361 5662 1524 5716 nihilo
1545 5674 1701 5730 quam
1724 5666 1875 5712 antea
1904 5657 2091 5712 melior
2119 5654 2241 5710 red-

717 5796 732 5823 ³
758 5794 814 5847 In
835 5796 1010 5860 Savii.,
1037 5794 1184 5850 nitito
1204 5802 1363 5847 mrtem
1385 5791 1639 5859 optabilius
1674 5797 1761 5849 est.
1809 5790 1998 5839 omissis
2019 5789 2095 5840 his
2117 5790 2241 5838 voci-

1303 388 1361 443 S.
1404 385 1676 441 JOANNlS
1710 374 2181 438 CllitYSOSTOMl
2221 370 2539 428 ApRClilEP.
2584 361 3111 423 CONSTANTINOP.

3761 352 3865 404 ΞΜ

2290 482 2453 537 ditur.
2488 480 2681 533 Paulus
2706 492 2829 530 vero
2855 476 2960 538 ait,
2991 471 3157 526 nmlto
3195 469 3479 538 optabilius
3506 472 3524 498 ‘
3551 467 3682 521 alios
3715 467 3870 519 incn-

2288 574 2393 627 sari
2420 579 2633 640 propter
2660 582 2777 629 nos,
2803 582 2959 635 quam
2993 578 3091 617 nos
3116 570 3330 630 prapter
3353 559 3509 612 alios.
3532 557 3606 612 Ne
3634 557 3761 611 mihi
3782 556 3871 609 di-

2290 663 2431 717 xeris
2459 660 2642 731 frigida
2666 658 2765 712 ista
2790 657 2983 718 verba,
3012 650 3313 707 Verendnm
3361 665 3428 703 ne
3454 649 3523 703 ob
3553 658 3751 701 metum
3782 659 3875 699 me

2282 751 2532 822 pntet'ad
2558 766 2619 804 se
2646 749 2958 811 accurrisse,
2990 760 3052 803 ac
3076 742 3295 813 proinde
3319 740 3548 809 majores
3579 739 3744 792 fastus
3775 753 3874 791 su-

2286 852 2399 896 mat
2423 861 2435 895 :
2470 841 2686 911 puerilis
2714 839 2812 892 ista
2832 838 2993 890 animi
3026 845 3147 890 sunt
3172 843 3223 888 el
3244 833 3479 895 stulti,ct
3508 833 3572 886 ad
3595 832 3873 885 hominum

2289 934 2735 988 existimationem
2763 928 3203 997 ohstupcsccn‘t-is.
3234 926 3393 980 Putet
3433 939 3562 979 sane
3609 924 3750 994 quod
3804 925 3878 976 oh

2293 1035 2487 1079 metum
2519 1022 2787 1078 accessisti
2812 1042 2822 1074 :
2850 1030 3043 1076 nantet
3069 1021 3137 1073 ita
3170 1032 3373 1073 merces
3392 1027 3478 1071 tua
3505 1017 3674 1086 major
3697 1016 3877 1070 futura

2292 1124 2393 1177 est,
2421 1130 2540 1167 cum
2570 1122 2623 1167 et
2649 1111 2787 1167 istud
2812 1120 3232 1181 prmeognoscas,
3255 1118 3307 1162 et
3332 1116 3509 1162 tamen
3531 1107 3601 1161 ob
3626 1108 3877 1160 timorem

2297 1204 2386 1259 Dci
2416 1206 2592 1258 omnia
2629 1202 2912 1257 sustineas.
2941 1200 3040 1266 Qui
3083 1198 3222 1253 enim
3257 1199 3447 1251 famam
3474 1196 3746 1250 hominum
3777 1211 3880 1248 au-

2294 1312 2513 1367 cupans,
2538 1294 3023 1350 reconciliationem
3052 1290 3280 1375 instituit
3310 1332 3326 1355 ,
3365 1288 3697 1343 abscinditur
3720 1303 3753 1341 a
3787 1303 3881 1341 re-

2296 1388 2608 1444 munerandi
2633 1389 2780 1442 lucro
2815 1405 2828 1441 :
2859 1386 2947 1456 qui
2978 1395 3154 1438 autem
3185 1382 3287 1436 hoc
3311 1383 3480 1451 ipsum
3502 1382 3659 1450 plane
3687 1380 3880 1449 cogni-

2295 1492 2403 1537 tum
2427 1481 2607 1545 liabet,
2636 1478 2776 1550 quod
2808 1478 2956 1531 multi
2984 1486 3041 1531 et
3068 1474 3363 1530 irridcbunt
3396 1483 3449 1527 et
3480 1472 3881 1541 vituperabunt,

2297 1589 2466 1643 neque
2493 1580 2667 1625 tamen
2691 1569 2771 1623 vel
2795 1571 2861 1622 ita
2881 1567 3089 1621 absistit
3106 1582 3133 1617 a
3162 1563 3611 1628 reconciliatione,
3633 1562 3885 1631 duplica-

2300 1673 2402 1718 tam
2434 1670 2489 1718 et
2521 1662 2836 1730 triplicmam
2865 1656 3080 1715 habebit
3108 1670 3380 1709 coronam.
3430 1654 3496 1707 Et
3545 1652 3630 1706 hic
3669 1652 3887 1719 potissi-

2296 1770 2439 1809 mum
2463 1756 2506 1808 is
2527 1762 2628 1821 est,
2652 1752 2738 1822 qui
2763 1759 2979 1819 propter
3009 1747 3169 1800 Deum
3196 1745 3245 1797 id
3268 1745 3409 1798 fecit.
3439 1743 3515 1797 Ne
3555 1742 3682 1795 mihi
3709 1741 3884 1804 dicas,

2297 1846 2394 1901 has
2421 1854 2476 1899 et
2505 1844 2622 1898 illas
2651 1841 2869 1911 injurias
2900 1838 3077 1892 intulit
3107 1856 3120 1893 :
3154 1851 3273 1890 nam
3316 1836 3358 1889 si
3409 1833 3661 1904 quidquid
3708 1833 3886 1887 malo-

2298 1951 2415 1991 rum
2436 1943 2529 1990 est
2556 1934 2608 1987 in
2634 1931 2958 1996 hominibus,
2994 1928 3046 1983 id
3075 1927 3332 1981 adversus
3356 1936 3407 1979 te
3436 1922 3885 1993 deprompsisset,

2299 2027 2456 2082 etiam
2488 2026 2557 2079 ita
2581 2023 2739 2094 jussit
2767 2016 2905 2081 Deus
2925 2016 3157 2073 offensas
3188 2018 3481 2072 remittere.

2372 2119 2425 2173 5.
2440 2116 2743 2170 Inimicitias
2763 2128 2997 2167 exercens
3021 2129 3082 2165 ne
3103 2110 3169 2164 ad
3189 2126 3387 2163 sacram
3407 2123 3631 2162 mensam
3656 2108 3887 2159 accedat.

2299 2211 2512 2265 -—Ecce
2537 2207 2789 2279 praedico,
2819 2216 2875 2259 et
2904 2210 3265 2268 eontestor,ct
3287 2201 3431 2255 clara
3454 2215 3584 2253 voce
3619 2199 3889 2261 exclamo,

2303 2316 2460 2357 nemo
2486 2301 2577 2371 qui
2596 2300 2867 2354 inimicum
2882 2297 3082 2351 habeat
3107 2337 3121 2360 ,
3145 2295 3211 2349 ad
3237 2309 3443 2348 sacram
3467 2307 3706 2347 mensam
3732 2291 3895 2345 adeat

2302 2404 2356 2449 et
2379 2408 2573 2461 corpus
2601 2390 2802 2447 Christi
2822 2387 3082 2458 accipiat‘
3123 2404 3137 2452 ;
3168 2386 3429 2455 nemoqui
3450 2384 3585 2449 adit,
3615 2381 3891 2437 inimicum

2306 2486 2516 2538 habeat.
2552 2483 2827 2536 inimicum
2859 2478 3059 2535 habes?
3088 2492 3154 2532 nc
3182 2477 3431 2531 accedas.
3476 2473 3569 2529 Vis
3597 2474 3896 2528 accedere?

2306 2574 2674 2637 rectinciiiare,
2697 2581 2751 2625 et
2780 2579 2891 2624 tum
2920 2583 3130 2623 sacrum
3148 2568 3365 2636 attinge.
3394 2565 3502 2620 imo
3520 2581 3623 2619 non
3647 2578 3767 2634 ego.
3797 2564 3896 2617 sed

2308 2664 2481 2734 potius
2515 2662 2767 2716 Dominus
2815 2668 3032 2743 prepter
3058 2672 3157 2711 nos
3200 2656 3487 2711 crucifixus
3517 2656 3614 2708 ista
3646 2654 3807 2718 dicit;
3839 2663 3899 2707 ut

2306 2752 2677 2810 reconciliaret
2722 2761 2773 2806 te
2820 2748 2982 2812 Patri,
3013 2765 3080 2802 ne
3110 2746 3331 2802 mactari
3374 2746 3586 2814 quidem
3630 2744 3899 2799 recusavit

2308 2855 2399 2900 aut
2424 2845 2735 2915 sanguinem
2767 2841 3072 2902 effundere;
3118 2850 3172 2893 tu
3214 2848 3391 2893 autem
3437 2848 3492 2891 ut
3528 2836 3900 2892 reconcilieris

2309 2949 2589 3001 conservo,
2626 2949 2723 2988 nec
2746 2932 2973 2987 verbum
2999 2931 3079 2985 vis
3109 2929 3385 2993 emittere,
3413 2936 3507 2981 aut
3549 2928 3697 2996 prior
3740 2942 3900 2981 accc-

2311 3029 2439 3083 dere
2460 3028 2482 3080 ?
2500 3027 2659 3091 Audi,
2686 3024 2812 3095 quid
2835 3024 2901 3079 de
2925 3024 3116 3077 talibus
3143 3022 3376 3090 loquitur
3394 3019 3653 3087 Dominus
3688 3037 3702 3073 :
3730 3018 3793 3074 Si
3815 3019 3902 3087 of.

2313 3120 2414 3187 fers
2436 3133 2616 3168 niuatis
2636 3126 2779 3169 totum
2798 3115 2864 3167 ad
2880 3115 3060 3178 altare,
3082 3123 3127 3165 ct
3145 3112 3250 3164 illic
3272 3110 3565 3173 recordatus
3590 3111 3747 3181 fueris
3764 3108 3903 3179 quod

2312 3208 2469 3274 frater
2513 3216 2628 3259 tuas
2676 3204 2870 3277 ahquid
2896 3204 3044 3257 liabet
3073 3202 3340 3256 aduersum
3366 3210 3413 3255 te
3446 3200 3656 3272 (Matth.
3686 3200 3741 3255 5.
3768 3198 3900 3271 25);

2316 3313 2419 3350 non
2463 3296 2597 3350 dixit
2621 3337 2637 3361 ,
2682 3304 2965 3366 exspecta,
2994 3294 3165 3348 donec
3190 3292 3281 3346 ille
3305 3292 3487 3346 veniat
3515 3290 3581 3345 ad
3612 3299 3695 3356 te,
3727 3299 3817 3343 aut
3846 3300 3905 3343 ut

2315 3388 2493 3455 aliquo
2518 3387 2625 3439 alio
2652 3386 3009 3441 intercessore
3040 3383 3234 3446 utaris,
3270 3390 3361 3434 aut
3388 3381 3791 3451 deprecatorem
3826 3381 3907 3433 al-

2318 3479 2482 3544 leges,
2508 3476 2631 3542 sed,
2665 3487 2717 3529 tu
2750 3476 2883 3548 ipse,
2914 3475 3108 3543 inquit,
3137 3474 3203 3526 ad
3236 3472 3380 3526 illum
3407 3486 3647 3527 accurre.
3672 3470 3787 3535 Abi,
3814 3471 3905 3524 in-

2317 3568 2449 3635 quit,
2474 3566 2615 3634 prius
2633 3564 2967 3617 reconciliare
2985 3563 3133 3632 fratri
3163 3571 3252 3614 tuo
3279 3552 3494 3628 (Matth.
3517 3561 3572 3615 ὅ.
3598 3560 3711 3629 αι).
3743 3559 3789 3613 0
3826 3560 3909 3613 fa-

2318 3669 2363 3710 ct
2376 3673 2461 3709 ntn
2479 3654 2819 3710 incredibile!
2849 3654 2963 3725 ipse
2980 3667 3088 3706 non
3110 3652 3302 3721 accipit
3316 3666 3413 3721 pro
3435 3649 3746 3721 ignominis,
3760 3648 3911 3720 quod

2321 3747 2517 3804 donum
2557 3747 2656 3802 sibi
2699 3746 3022 3801 destinatum
3061 3743 3409 3813 relinquatur,
3442 3750 3498 3797 et
3537 3750 3593 3795 tu
3622 3752 3910 3809 contume-

2322 3839 2447 3895 l‘atn
2479 3849 2649 3910 putas,
2681 3836 2726 3891 si
2769 3836 2915 3905 prior
2937 3836 3098 3891 abeas
3141 3833 3206 3887 ad
3232 3831 3757 3887 reconciliationem?
3790 3831 3907 3898 Dic,

2323 3947 2524 4002 quSO,
2553 3946 2668 4001 qua:
2686 3931 2840 3985 venia
2858 3929 3080 3985 debetur
3096 3927 3212 3983 istis
3234 3925 3427 3981 rebus?
3444 3924 3501 3980 Si
3522 3923 3721 3978 videris
3740 3938 3912 3978 metu-

2325 4024 2478 4078 brmn
2501 4022 2818 4085 abscissum,
2851 4036 3031 4074 annon
3072 4018 3251 4072 omnia
3279 4016 3405 4070 facis
3425 4056 3439 4080 ,
3468 4024 3525 4069 ut
3574 4015 3912 4085 conglutines

2324 4113 2567 4184 corpori?
2617 4111 2760 4166 Idem
2789 4113 2869 4166 iac
2897 4112 2948 4165 in
2977 4111 3229 4165 fratribus
3279 4110 3380 4163 tuis
3407 4127 3420 4162 :
3453 4107 3668 4179 quando
3712 4106 3914 4162 videris

2326 4219 2419 4259 eos
2451 4201 2719 4258 abscissos
2766 4217 2795 4255 a
2860 4212 2947 4255 tua
2981 4202 3239 4267 amicitia,
3272 4215 3495 4271 propera
3547 4200 3802 4254 celeriter
3844 4198 3914 4252 ad

2330 4296 2624 4364 amplexus,
2652 4308 2719 4346 ne
2746 4300 3023 4361 exspectes
3070 4292 3241 4346 donec
3270 4292 3367 4360 ipsi
3399 4291 3610 4360 priores
3632 4290 3697 4343 ad
3740 4300 3793 4345 te
3823 4303 3919 4343 νε-

2332 4385 2495 4448 niant,
2524 4384 2616 4438 sed
2650 4385 2762 4467 ipse
2790 4383 2935 4451 prior
2961 4383 3198 4437 bravium
3227 4380 3473 4450 accipere
3500 4380 3713 4434 festina.

2406 4495 2546 4550 Unus
2587 4494 2819 4547 inimicus
2856 4503 2958 4547 esto
2984 4493 3125 4546 trabis
3149 4491 3400 4546 diabolus.
3426 4521 3498 4533 —
3522 4491 3698 4547 Unum
3730 4490 3911 4545 inimi-

2332 4603 2449 4643 eutn
2473 4587 2604 4656 jussi
2631 4580 2813 4641 Sumus
2836 4585 3032 4640 habere
3055 4584 3343 4645 diabolum,
3367 4600 3486 4639 cum
3508 4584 3597 4638 illo
3624 4599 3917 4653 numquam

2336 4681 2386 4735 in
2416 4679 2636 4748 gratiam
2678 4675 2894 4739 redeas;
2926 4675 3181 4729 adversus
3210 4674 3429 4728 fratrem
3459 4689 3586 4728 γει-υ
3626 4689 3916 4743 numquam

2335 4771 2407 4823 sis
2433 4770 2645 4823 inimico
2671 4766 2882 4829 animo,
2908 4766 2999 4818 sed
3025 4768 3067 4818 si
3092 4775 3208 4819 nata
3242 4764 3398 4819 fuerit
3420 4764 3593 4831 aliqua
3620 4763 3919 4817 oﬂ’ensiun-

2335 4862 2473 4920 cuia.
2498 4860 2707 4930 longior
2734 4871 2840 4911 uno
2864 4856 2949 4912 die
2975 4872 3042 4911 ne
3064 4867 3200 4923 esto,
3224 4871 3395 4925 neque
3422 4857 3645 4925 spatium
3665 4854 3921 4908 diurnum

2338 4952 2599 5006 excedito.
2630 4948 2724 5005 Sol
2749 4989 2762 5012 ,
2796 4944 2996 5017 inquit,
3023 4966 3124 5002 non
3168 4950 3364 5001 occidat
3405 4964 3558 5017 super
3597 4947 3922 5000 iracundiam

2339 5052 2549 5095 vestram
2579 5039 2792 5112 (pritcs.
2822 5040 2875 5093 ὃ.
2905 5039 3018 5108 26).
3043 5037 3104 5093 Si
3130 5046 3255 5092 ante
3277 5051 3557 5105 vesperam
3585 5036 3919 5091 stomachum

2340 5132 2517 5201 ponis,
2544 5130 2707 5183 habes
2733 5144 2762 5181 a
2793 5127 2905 5181 Deo
2928 5127 3159 5196 aliquam
3187 5128 3393 5181 veniam
3418 5143 3432 5179 ε
3454 5126 3593 5194 quod
3624 5125 3669 5179 si
3696 5127 3921 5181 ulterius

2343 5234 2429 5278 tua
2472 5223 2591 5277 bilis
2614 5220 2851 5284 durarit,
2880 5234 2986 5273 non
3016 5234 3082 5274 cx
3126 5218 3202 5272 ira
3243 5225 3297 5272 et
3335 5216 3694 5288 indignatione
3729 5219 3923 5285 raptim

2342 5359 2452 5416 bus,
2492 5356 2670 5406 Paulus
2700 5367 2811 5406 vero
2832 5356 2917 5404 ait.
2940 5355 3150 5416 saeuius
3186 5365 3218 5416 a_
3249 5349 3394 5416 Paulo
3430 5344 3576 5400 etiam
3610 5347 3929 5416 memorando

2344 5409 2557 5469 abstinet
2579 5419 2626 5466 in
2667 5419 2783 5466 edit.
2808 5414 2993 5476 Morel.,
3018 5423 3072 5465 et
3109 5411 3281 5465 Paulus
3294 5415 3400 5476 ipse
3421 5412 3714 5461 sententiam
3732 5409 3814 5459 hic
3834 5422 3925 5460 ex-

2344 5492 2558 5543 pressam
2582 5480 2751 5528 mrtlibi
2774 5475 2985 5536 protulit.

2390 5545 2409 5574 ²
2439 5543 2495 5593 itt
2516 5545 2669 5594 Savil.
2695 5550 2749 5592 et
2773 5546 2821 5591 in
2858 5556 2956 5591 uno
2984 5542 3176 5595 Codice.
3219 5541 3343 5599 haec,
3377 5540 3442 5591 ad
3471 5553 3666 5591 sacram
3706 5556 3924 5595 mettsarn

2329 5612 2471 5676 atterit
2488 5613 2533 5676 et
2566 5619 2743 5676 corpus
2766 5602 2944 5676 gltrt'sti
2960 5602 3184 5675 accipiat,
3208 5602 3406 5671 desunt.
3426 5604 3534 5676 ﬁed
3560 5603 3724 5676 aliiiet
3746 5607 3924 5663 Morel.

2328 5666 2403 5718 sic
2443 5663 2671 5725 habent,"
2689 5672 2744 5715 et
2775 5666 2989 5728 Savi.ins
3027 5663 3077 5715 in
3120 5664 3347 5728 margine
3376 5665 3555 5714 aztfert.
3610 5663 3727 5716 lliec
3779 5682 3927 5728 porro

2333 5743 2567 5794 germana
2611 5724 2723 5794 esse
2751 5729 2855 5794 ipsa
2879 5727 3039 5778 series
3067 5724 3263 5791 arguit;
3309 5726 3387 5777 bis
3426 5728 3558 5777 enim
3584 5724 3805 5792 demptis
3829 5728 3924 5779 im-

2337 5793 2558 5857 perfecta
2605 5793 2827 5843 clausula
2869 5797 2964 5841 est.
