4190 6322
661 392 763 451 I07

660 517 791 563 tum.
822 509 974 567 Unde
1019 511 1070 566 id
1115 511 1310 582 liquet?
1338 512 1411 566 Ex
1453 514 1562 581 ipsa
1605 512 1926 582 precatione.
1981 515 2038 564 Si
2081 509 2234 574 enim,

662 601 849 671 inquit,
876 603 1165 656 remiscritis
1207 602 1488 657 hominibus
1531 619 1625 656 sua
1672 604 1835 656 debita
1861 641 1874 667 ,
1907 603 2055 654 etiam
2088 599 2247 653 Pater

661 701 820 746 vester
839 694 1048 748 micatis
1071 696 1282 749 remittet
1300 694 1433 748 vobis
1455 693 1616 746 debita
1634 703 1794 746 uestra
1821 690 2028 762 (Matth.
2054 689 2104 744 6.
2132 685 2242 758 Η).

661 788 926 853 Quantum
950 799 1124 843 autem
1151 788 1490 842 intervallum
1519 787 1656 840 inter
1679 794 1891 840 centum
1917 783 2166 838 denarios
2195 789 2246 834 ct

662 882 842 935 decies
869 882 1012 936 mille
1043 881 1236 934 talenta
1264 920 1279 943 ,
1312 888 1513 933 tantum
1540 893 1751 948 quoque
1779 877 1916 930 inter
1950 875 2035 928 illa
2068 877 2120 925 ct
2149 873 2246 924 ista

661 971 859 1026 debita.
890 974 999 1036 Qua
1030 972 1186 1040 igitur
1216 985 1369 1040 pceua
1395 970 1586 1040 dignus
1609 984 1711 1022 non
1745 967 1927 1029 fueris.
1952 965 2040 1035 qui
2069 963 2247 1018 decies

664 1064 808 1117 mille
836 1064 1030 1117 talenta
1073 1077 1169 1132 pro
1212 1072 1425 1117 centum
1464 1070 1801 1130 accepturus,
1828 1073 1894 1111 ne
1931 1057 2008 1110 sie
2031 1053 2245 1126 quidem

664 1159 760 1206 ista
791 1155 1048 1207 minutu‘la
1079 1153 1304 1208 remittis
1329 1195 1342 1220 ,
1373 1153 1464 1206 sed
1495 1162 1636 1205 tuam
1683 1149 2040 1220 precationem
2075 1147 2126 1200 iu
2171 1155 2250 1202 te-

661 1247 948 1316 metipsum
965 1246 1272 1302 c0nvertisl
1285 1244 1424 1300 Cum
1442 1245 1582 1297 enim
1611 1243 1830 1308 dixeris,
1856 1238 2065 1294 Dimitte
2084 1237 2245 1303 nobis,

662 1341 786 1391 sicut
811 1348 858 1392 ει
883 1355 975 1391 nos
1002 1338 1297 1392 dimittimus
1327 1336 1540 1406 (Matth.
1571 1336 1622 1389 6.
1655 1333 1767 1405 19.),
1796 1334 1918 1387 situ
1942 1346 2049 1386 non
2070 1329 2250 1384 dimit-

665 1441 775 1496 tas,
799 1430 928 1484 nihil
958 1429 1110 1484 aliud.
1133 1445 1161 1482 a
1193 1431 1313 1483 Deo
1328 1429 1565 1499 postulas
1587 1471 1602 1493 ,
1627 1434 1871 1497 qnam-ut
1901 1434 1953 1479 te
1991 1423 2134 1478 omni
2158 1437 2252 1477 cx-

660 1525 957 1591 cusationc,
983 1526 1137 1578 eunti-
1155 1524 1305 1578 venia
1329 1521 1596 1576 excludat.
1620 1519 1905 1584 Caeterum,
1927 1517 2120 1588 inquis,
2143 1529 2249 1569 non

662 1615 834 1670 ausim
861 1615 1058 1680 dicere,
1086 1615 1296 1669 Dimitte
1317 1614 1470 1678 mihi,
1492 1613 1628 1667 sicut
1648 1611 1859 1664 dimitto
1878 1627 1890 1660 ε
1911 1608 2002 1663 sed
2024 1615 2245 1670 tantum,

667 1707 882 1762 Dimitte
920 1707 1070 1760 mihi.
1099 1706 1236 1774 Quid
1283 1714 1392 1758 tum
1431 1703 1570 1758 hoc?
1597 1703 1757 1771 etiam
1798 1701 1849 1756 si-
1870 1711 1926 1754 tu
1964 1701 2078 1770 ipse
2119 1697 2250 1752 illud

665 1816 777 1853 non
800 1800 954 1854 dicas
974 1841 988 1862 ,
1021 1799 1162 1854 Deus
1191 1811 1367 1853 tamen
1415 1799 1488 1852 ita
1519 1796 1676 1862 facit,
1708 1805 1763 1849 et
1799 1791 2249 1866 quemadmodum

663 1892 920 1959 dimittis,
946 1893 1016 1946 ita
1058 1891 1293 1947 dimittit.
1337 1891 1468 1946 Nam
1511 1890 1636 1944 illud
1665 1904 1731 1944 cx
1757 1888 2104 1959 sequentibus
2133 1900 2252 1957 quae

667 1996 850 2055 postea
895 1986 1130 2051 inducit,
1160 1986 1363 2039 clarum
1411 1984 1535 2038 facit
1565 2001 1578 2036 :
1612 1983 1673 2036 Si
1719 1983 1849 2037 enim
1871 2025 1886 2048 ,
1921 1981 2127 2050 inquit.
2151 1995 2255 2033 non

663 2079 954 2133 remiseritis
995 2077 1280 2132 hominibus
1305 2118 1319 2143 ,
1348 2093 1506 2146 neque
1537 2074 1694 2129 Pater
1731 2085 1890 2129 uester
1924 2072 2140 2128 celestis
2175 2088 2255 2126 re-

667 2173 824 2226 mittet
851 2172 986 2225 vobis
1017 2173 1034 2239 (
1064 2169 1201 2224 Ibid.
1233 2185 1282 2224 υ.
1319 2170 1386 2224 15
1408 2171 1448 2238 ).
1476 2168 1552 2223 Ne
1584 2168 1741 2238 igitur
1767 2167 2029 2221 cautelam
2061 2171 2214 2233 putes
2234 2205 2249 2228 ,

666 2265 710 2319 si
742 2279 849 2318 non
878 2272 1043 2317 totam
1069 2263 1368 2316 orationem
1395 2257 1634 2328 proferas
1659 2300 1673 2324 ,
1706 2273 1877 2327 neque
1920 2254 2252 2310 dimidiatam

669 2357 1028 2425 precationem
1059 2356 1219 2409 facias
1239 2395 1252 2417 ,
1280 2355 1376 2408 sed
1412 2361 1566 2423 prout
1591 2352 1818 2405 instituit
1843 2391 1858 2416 ,
1891 2350 1970 2403 ita
1995 2361 2215 2418 precare
2236 2385 2252 2413 ,

669 2458 728 2502 ut-
767 2449 1060 2503 ncccssitas
1105 2446 1354 2502 dictionis
1379 2445 1618 2516 quOtidie
1643 2453 1920 2499 exterrens
1963 2439 2256 2511 compellat

668 2551 720 2595 te
749 2539 815 2594 ad
846 2539 1096 2610 proximo
1120 2539 1332 2593 veniam
1355 2536 1781 2592 condonandam.
1816 2533 1893 2588 Ne
1924 2532 2055 2587 mihi
2083 2531 2250 2597 dicas,

668 2631 990 2700 Compellavi
1011 2672 1025 2698 ,
1055 2645 1198 2699 saepe
1227 2628 1430 2700 rogavi,
1457 2629 1746 2698 supplicavi
1768 2667 1782 2690 ,
1816 2623 1912 2680 sed
1937 2623 2253 2680 reconciliac

671 2723 868 2777 tionem
893 2723 1180 2790 impetrare
1219 2731 1324 2775 non
1353 2719 1524 2789 potui;
1554 2733 1620 2772 ne
1644 2719 1790 2788 prius
1814 2717 2063 2781 absistas,
2096 2728 2252 2786 quam

671 2813 1053 2868 reconcilieris.
1095 2812 1209 2866 Non
1241 2812 1384 2866 enim
1409 2809 1578 2874 dixit,
1611 2808 1826 2862 Dimitte
1868 2807 1972 2863 hoc
2014 2807 2211 2861 donum
2235 2843 2253 2873 ,

670 2917 729 2962 et
752 2907 839 2961 alii
870 2906 1223 2974 supplicatum
1253 2903 1399 2957 fratri
1430 2910 1519 2957 tuo
1542 2944 1556 2967 ,
1581 2900 1675 2956 sed
1698 2943 1712 2963 ,
1752 2899 1911 2967 Vade,
1933 2899 2260 2953 reconciliare

673 2996 883 3063 (Matth.
916 2997 970 3051 5.
997 2995 1090 3066 24)
1122 3013 1136 3026 ·
1164 2994 1513 3066 quamobrem
1545 2993 1644 3047 etsi
1668 2994 1888 3046 multam
1918 2989 2260 3060 supplicatio-

675 3105 795 3145 nem
821 3090 1149 3152 adhibueris,
1174 3103 1242 3142 ne
1267 3086 1414 3158 prius
1435 3085 1671 3148 desinas,
1698 3099 1855 3153 quam
1888 3082 2243 3154 persuaseris.

677 3186 818 3239 Deus
840 3198 936 3253 per
959 3181 1196 3252 singulos
1221 3179 1336 3236 dies
1364 3194 1393 3233 a
1421 3178 1575 3233 nobis
1603 3175 1831 3247 ﬂagitat,
1860 3187 1914 3232 et
1961 3191 2068 3231 non
2107 3175 2259 3230 audi-

678 3291 816 3342 mus,
844 3290 945 3331 nec
968 3284 1143 3330 tamen
1170 3290 1198 3329 a
1221 3273 1545 3344 flagitatione
1569 3271 1806 3336 desistit,
1829 3279 1882 3324 et
1905 3280 1958 3324 tu
1984 3284 2014 3324 a
2036 3283 2258 3324 conser-

673 3384 741 3422 vo
783 3367 1092 3437 dedignaris
1127 3364 1411 3436 ﬂagitare?
1437 3364 1535 3430 Qui
1560 3403 1576 3431 ,
1600 3377 1782 3433 qumso
1805 3403 1820 3429 ,
1843 3362 2052 3432 poteris
2079 3360 2260 3414 salvus

675 3459 837 3514 esse“!l
864 3458 1022 3527 Atqui
1051 3471 1192 3526 strpe
1230 3455 1467 3524 rogasti,
1497 3463 1549 3509 et
1583 3469 1726 3524 saepe
1754 3454 2000 3522 repulsus
2035 3467 2092 3508 es
2117 3469 2131 3518 ;
2162 3451 2258 3506 sed

675 3559 823 3606 tanto
855 3549 1112 3619 majorem
1155 3546 1453 3602 mercedem
1480 3545 1728 3615 accipies.
1768 3543 1902 3599 Nam
1929 3553 2128 3614 quanto
2173 3543 2260 3598 ille

677 3641 1026 3711 pervicacior,
1049 3648 1102 3694 et
1129 3647 1181 3693 tu
1204 3638 1255 3692 in
1279 3635 1615 3692 sollicitando
1636 3635 2083 3705 perseverantior,
2110 3643 2260 3689 tanto

678 3735 731 3787 in
776 3732 951 3801 majus
996 3743 1082 3787 tua
1131 3729 1412 3792 retributio
1462 3729 1756 3792 accrescit;
1802 3739 2016 3782 rursum
2059 3736 2261 3797 quanto

675 3839 796 3878 cum
826 3823 1034 3892 majore
1059 3819 1371 3876 difficultate
1397 3820 1497 3874 hoc
1520 3833 1658 3889 opus
1674 3818 1884 3885 virtutis
1908 3819 2113 3887 exples.
2137 3832 2260 3887 gra-

680 3915 900 3984 viusque
927 3912 1292 3968 reconciliatio
1320 3910 1665 3978 instauratur,
1698 3918 1844 3964 tanto
1867 3918 1922 3965 et
1943 3911 2082 3964 illius
2121 3908 2262 3978 judi-

677 4007 818 4061 cium
855 4005 1028 4074 majus
1057 4005 1181 4068 erit,
1203 4013 1258 4058 et
1283 4001 1676 4073 splendidiores
1705 3994 1824 4056 tutel
1850 4002 2145 4056 tolerantiae
2171 4015 2263 4056 co-

679 4113 847 4154 ronat.
877 4096 991 4152 Non
1024 4094 1285 4149 laudanda
1313 4094 1412 4149 ista
1456 4094 1630 4149 solum
1653 4135 1666 4158 ,
1691 4093 1786 4148 sed
1823 4093 1975 4147 factis
2006 4093 2265 4148 exhiben-

677 4192 749 4244 da
769 4229 785 4254 ,
811 4203 911 4243 nec
939 4187 1086 4257 prius
1113 4185 1502 4252 abscedamus,
1531 4200 1689 4254 quam
1722 4183 1789 4239 ad
1815 4196 2047 4239 veterem
2079 4185 2264 4238 amici-

681 4287 808 4337 tiam
846 4281 1051 4337 reversi
1093 4280 1368 4335 fuerimus.
1396 4278 1512 4333 Non
1539 4278 1680 4332 enim
1707 4276 1905 4332 sufficit
1929 4317 1944 4342 ,
1969 4277 2109 4347 quod
2155 4293 2260 4332 non

680 4375 845 4440 laedis,
869 4373 1019 4445 quod
1034 4372 1175 4428 nulla
1207 4370 1398 4442 injuria
1421 4369 1589 4425 efficis
1608 4370 1903 4437 inimicum,
1923 4371 2132 4442 etquod
2155 4386 2260 4427 non

680 4465 968 4536 malignum
1015 4464 1252 4518 animum
1281 4461 1537 4517 adversus
1569 4477 1690 4516 eum
1722 4461 1866 4530 geris
1889 4502 1902 4524 ,
1934 4462 2028 4516 sed
2054 4461 2262 4517 eniten-

679 4561 804 4614 dum
831 4566 914 4612 est
943 4567 1000 4612 ut
1024 4557 1139 4625 ipse
1166 4569 1379 4627 quoque
1403 4569 1526 4624 erga
1555 4569 1653 4608 nos
1681 4553 1998 4610 benevolum
2025 4554 2264 4609 animum

679 4650 885 4705 induat.

750 4743 807 4802 7.
845 4740 1037 4796 Hultos
1066 4739 1206 4795 enim
1233 4738 1389 4794 audio
1413 4738 1648 4795 dicentes
1673 4755 1688 4793 :
1723 4738 1835 4810 Ego
1863 4738 2000 4794 nihil
2027 4738 2265 4796 infensus

682 4853 819 4900 sum,
852 4832 980 4890 nihil
1011 4833 1186 4898 doleo,
1220 4847 1393 4903 neque
1417 4832 1704 4903 quidquam
1727 4847 2010 4888 commune
2031 4848 2150 4887 cum
2173 4833 2265 4888 illo

684 4927 875 4984 habeo.
898 4925 1097 4981 Verum
1127 4941 1233 4980 non
1275 4924 1326 4978 id
1368 4938 1398 4978 a
1443 4924 1553 4978 Deo
1584 4933 1902 4993 pneeeptum
1929 4934 2010 4978 est
2036 4933 2094 4978 ut
2135 4924 2269 4979 nihil

680 5034 801 5073 eum
843 5029 911 5074 co
951 5016 1145 5072 habeas
1172 5031 1475 5081 commune,
1498 5015 1590 5070 Sed
1621 5025 1679 5069 ut
1704 5015 1868 5070 multa
1897 5013 2094 5070 habeas
2118 5029 2267 5070 com-

684 5111 881 5164 munia.
914 5108 1024 5164 liae
1065 5111 1204 5163 enim
1232 5109 1298 5163 de
1327 5124 1487 5163 causa
1529 5108 1693 5164 frater
1716 5118 1800 5162 est
1828 5117 1948 5162 tuus
1991 5125 2003 5160 :
2056 5108 2158 5164 hac
2198 5109 2268 5164 de

684 5217 838 5257 causa
880 5213 983 5255 non
1009 5199 1135 5254 dixit
1169 5218 1182 5254 :
1227 5201 1457 5255 Remitte
1503 5201 1648 5255 fratri
1691 5212 1818 5265 tuo,
1868 5215 1988 5269 qua:
2015 5199 2268 5256 adversus

681 5311 803 5349 eum
847 5294 1043 5357 habes;
1091 5294 1205 5364 sed,
1233 5293 1355 5360 Abi,
1404 5303 1451 5347 et
1496 5310 1609 5348 cum
1651 5310 1709 5348 eo
1751 5296 1893 5365 prius
1932 5293 2268 5350 reconcilieris

683 5384 893 5450 (Matth.
922 5387 977 5442 5.
997 5386 1070 5440 ει
1095 5385 1149 5456 );
1177 5387 1296 5440 etsi
1325 5387 1409 5441 ille
1440 5386 1642 5457 aliquid
1669 5385 1826 5442 habet
1849 5386 2133 5442 adversum
2173 5395 2225 5442 te
2249 5428 2263 5452 ,

682 5494 752 5533 ne
795 5479 942 5548 prius
976 5476 1243 5546 inceptum
1299 5478 1530 5541 omittas,
1576 5494 1732 5547 quam
1780 5477 2080 5534 membrum
2137 5480 2267 5535 illud

679 5569 964 5626 concordia
1002 5570 1246 5640 junctum
1275 5568 1556 5623 coalescat.
1589 5569 1665 5623 Tu
1694 5580 1870 5623 autem
1903 5579 1958 5624 ut
1985 5569 2120 5639 frugi
2150 5587 2266 5625 ser-

680 5662 806 5717 vum
835 5676 1135 5732 compares.
1167 5669 1221 5717 et
1241 5675 1426 5715 aurum
1454 5676 1760 5725 enumeras,
1792 5672 1840 5716 et
1867 5678 1988 5718 cum
2013 5675 2281 5719 mercato-1

684 5755 834 5810 ribus
855 5753 1036 5809 multis
1065 5753 1225 5809 verba
1255 5752 1403 5817 facis,
1426 5761 1480 5807 ct
1503 5753 1712 5823 longam
1741 5753 2007 5810 interdum
2033 5766 2267 5825 peregri-

686 5846 951 5904 t‘utionem
973 5844 1225 5918 suscipis;
1248 5852 1303 5899 ut
1331 5853 1505 5901 autem
1538 5843 1807 5902 inimicum
1833 5846 2060 5903 amicum
2083 5848 2258 5916 facias,

1365 401 1423 457 S.
1461 397 1735 454 JOANNlS
1773 391 2247 454 CHRYSJSTOMI
2291 389 2613 449 ARCHIEP:
2651 390 3188 450 CONSTANTEOP.

3834 377 3945 440 203

2355 522 2465 560 non
2484 508 2659 561 omnia
2693 523 2875 561 moves
2900 518 2951 562 et
2975 508 3106 577 agis,
3141 501 3404 573 responde
3435 500 3602 556 mihi?
3631 501 3696 553 At
3723 515 3948 570 querno-

2351 598 2419 652 do
2451 601 2648 667 poteris
2681 599 2846 653 Deum
2878 599 2928 653 in
2975 598 3222 668 precibus
3252 596 3530 657 invocare,
3574 607 3691 647 cum
3719 590 3833 661 ejus
3860 590 3946 644 le-

2350 704 2469 757 gem
2503 698 2786 759 tantopere
2811 690 3042 759 negligas
3057 686 3306 743 iScrvuli
3329 685 3595 754 possessio
3626 697 3730 738 non
3755 693 3949 750 magna

2351 782 2704 834 emolumenta
2745 781 2936 835 afl‘crre
2978 788 3182 850 potest;
3225 777 3471 832 inimicus
3515 785 3697 830 contra
3743 772 3949 827 amicus

2354 870 2542 935 factus,
2575 879 2630 924 et
2658 871 2820 924 Deum
2859 871 3012 925 nobis
3046 870 3330 940 propitium
3357 875 3415 921 et
3441 867 3842 922 benevolentem
3870 864 3947 916 fr

2353 961 2480 1028 ciet,
2507 971 2560 1016 et
2589 961 2742 1016 facile
2769 972 2948 1016 nostra
2979 970 3194 1033 peccata
3225 961 3489 1024 resolvet,
3527 969 3582 1012 et
3609 959 3744 1012 inter
3772 954 3948 1008 humi.

2355 1067 2448 1105 nes
2473 1052 2704 1120 Iaudem,
2729 1064 2782 1108 ct
2808 1056 2928 1106 vita:
2955 1062 3149 1106 nosme
3175 1067 3420 1122 magnam
3456 1050 3791 1105 securitatem
3818 1061 3951 1100 con-

2354 1144 2553 1199 ciliabit
2571 1147 2586 1178 ¹
2613 1163 2627 1198 :
2657 1147 2786 1200 nihil
2816 1147 2958 1199 enim
2986 1145 3336 1215 periculosius
3363 1159 3521 1213 quam
3549 1140 3630 1196 vel
3653 1153 3824 1193 unum
3845 1136 3952 1190 ha-

2357 1235 2481 1290 bere
2507 1236 2798 1291 inimicum.
2820 1237 2951 1290 Nam
2972 1247 3027 1291 et
3053 1235 3190 1290 fama
3213 1235 3333 1289 vita:
3359 1242 3555 1288 nostra:
3573 1231 3801 1295 laeditur,
3825 1241 3951 1282 cum

2355 1325 2447 1380 ilic
2475 1326 2674 1382 milies
2699 1341 2796 1382 nos
2832 1327 2972 1396 apud
3001 1341 3188 1382 omnes
3215 1325 3546 1386 criminatur,
3575 1331 3630 1376 et
3656 1335 3808 1375 mens
3847 1331 3952 1372 no-

2354 1428 2463 1471 stra
2480 1417 2724 1473 turbatur
2742 1429 2795 1473 ct
2815 1417 3160 1481 conscientia,
3183 1426 3237 1470 ct
3260 1423 3626 1485 tempestatem
3643 1411 3952 1467 continuam

2355 1507 2412 1562 in
2437 1508 2629 1567 animis
2652 1510 2995 1564 sustinemus.
3019 1509 3150 1574 Qum
3171 1507 3347 1563 omnia
3369 1522 3490 1560 cum
3511 1504 3723 1575 cognita
3752 1501 3956 1556 habea-

2356 1616 2492 1666 mus,
2520 1601 2805 1656 ltberemus
2835 1618 2931 1656 nos
2959 1603 3102 1670 ipsos
3127 1617 3154 1654 a
3179 1615 3334 1671 paena
3353 1611 3405 1655 et
3431 1597 3712 1667 supplicio,
3739 1606 3792 1649 et
3813 1607 3960 1664 prce-

2355 1707 2481 1748 scus
2511 1693 2702 1748 festum
2735 1695 2808 1764 (α)
2834 1708 2953 1747 cum
2984 1693 3230 1748 omnibus
3256 1693 3364 1761 jam
3404 1690 3558 1745 dictis
3582 1700 3960 1749 revercamur,

2355 1793 2410 1839 et
2436 1784 2579 1855 quod
2611 1785 2752 1839 illius
2779 1787 2945 1855 gratia
2975 1784 3043 1837 ab
3071 1785 3394 1853 Imperatore
3429 1790 3672 1849 optamus
3702 1775 3960 1845 adipisci,

2357 1877 2409 1931 id
2436 1876 2598 1931 etiam
2630 1876 2750 1931 aliis
2778 1876 3154 1930 concedamus.
3180 1873 3310 1928 Nam
3333 1888 3397 1938 ex
3429 1871 3608 1924 multis
3637 1869 3815 1933 audio,
3848 1866 3962 1919 lm-

2357 1978 2657 2038 peratorem
2709 1967 2958 2036 paschale
3005 1966 3196 2020 festum
3242 1964 3570 2026 reveritum,
3598 1960 3865 2015 civitatem
3892 1960 3962 2012 in

2356 2062 2579 2131 gratiam
2610 2070 2969 2129 recepturum,
3002 2071 3295 2126 omnesque
3314 2055 3549 2109 offensas
3576 2052 3961 2106 remissurum.

2355 2150 2476 2219 Qui,
2508 2166 2711 2223 quasso,
2757 2151 2916 2222 igitur
2943 2166 3048 2204 non
3092 2150 3360 2219 iniquum,
3402 2155 3461 2200 ut
3485 2146 3552 2200 ab
3579 2144 3696 2199 aliis
3723 2143 3962 2198 salutem

2357 2258 2688 2313 consequare
2712 2285 2726 2310 ,
2759 2243 3112 2298 reverentiam
3157 2240 3293 2294 velle
3333 2253 3452 2294 esse
3502 2237 3638 2292 festo
3665 2234 3897 2307 paschali
3936 2252 3950 2288 :

2359 2337 2446 2392 ubi
2476 2347 2652 2392 autem
2694 2339 2813 2392 aliis
2851 2336 3101 2405 jubemur
3143 2332 3510 2398 reconciliari,
3554 2330 3767 2386 easdem
3795 2329 3956 2384 ferias

2358 2431 2489 2486 nihil
2519 2446 2727 2493 curare,
2756 2439 2810 2485 et
2840 2429 2988 2483 nullo
3010 2430 3061 2482 in
3096 2426 3301 2481 honore
3340 2423 3782 2480 habere?-Nllns
3807 2421 3954 2476 enim

2360 2532 2636 2592 tantoliere
2674 2521 3002 2575 contaminat
3036 2533 3246 2574 sacrum
3277 2515 3437 2571 istum
3466 2514 3767 2584 paschalem
3824 2526 3961 2567 com

2358 2624 2606 2675 ventum,
2635 2627 2792 2682 quam
2821 2611 2922 2665 ille
2962 2611 3048 2680 qui
3079 2625 3200 2664 eum
3228 2623 3350 2664 cum
3377 2605 3647 2661 simultate
3684 2603 3954 2667 celebrat,

2361 2707 2469 2761 imo
2495 2721 2563 2759 ne
2583 2705 2854 2759 celebrare
2878 2691 3090 2772 quidem
3118 2709 3318 2771 potest,
3345 2697 3587 2770 quamvis
3614 2696 3800 2751 decem
3825 2708 3966 2748 cons

2361 2797 2540 2852 tinuos
2565 2796 2680 2851 dies
2709 2795 2778 2849 ab
2799 2795 2946 2848 omni
2967 2794 3086 2848 cibo
3111 2791 3392 2846 abStineat.
3432 2788 3565 2843 Nam
3612 2787 3696 2840 ubi
3729 2786 3958 2840 inimici-

2361 2891 2450 2946 tiae
2479 2899 2533 2945 et
2561 2872 2741 2945 odium
2761 2930 2776 2954 ,
2815 2888 2892 2942 ibi
2918 2901 3089 2957 neque
3123 2883 3383 2954 jejunium
3414 2896 3586 2951 neque
3612 2879 3806 2934 festum
3834 2891 3969 2934 esse

2361 2992 2556 3053 potest.
2585 2981 2699 3036 Non
2724 2980 2888 3035 audes
2914 2980 3073 3033 illotis
3093 2976 3338 3032 manibus
3356 2988 3562 3028 sacram
3589 2971 3855 3025 victimam
3875 2977 3959 3021 at-

2362 3086 2624 3141 trectare,
2661 3075 2823 3128 etiam
2863 3073 2905 3124 si
2935 3071 3079 3125 mille
3105 3065 3511 3123 necessitatibus
3550 3061 3811 3134 premaris
3839 3076 3856 3114 :
3887 3073 3969 3113 ne

2363 3167 2522 3236 igitur
2547 3165 2693 3220 illota
2715 3162 2938 3218 accedas
2966 3161 3141 3216 anima
3175 3175 3189 3211 :
3226 3157 3327 3212 hoc
3348 3155 3490 3210 enim
3514 3153 3678 3208 multo
3697 3165 3857 3222 quam
3885 3150 3957 3203 il-

2363 3257 2452 3311 lud
2481 3264 2563 3310 est
2586 3254 2818 3324 gravius,
2863 3261 2920 3308 et
2959 3250 3204 3305 acerbius
3228 3246 3543 3316 supplicium
3574 3243 3841 3312 importat.
3865 3240 3970 3297 Ni—

2365 3347 2438 3402 hil
2463 3345 2604 3401 enim
2629 3344 2698 3397 ita
2724 3341 2910 3412 implet
2938 3349 3168 3395 mentem
3186 3337 3452 3399 sordibus,
3475 3345 3533 3389 ut
3558 3336 3640 3388 ira.
3667 3333 3807 3386 intus
3829 3346 3972 3400 per.

2362 3446 2525 3507 petuo
2547 3436 2864 3491 consistens.
2896 3431 2995 3486 Ubi
3022 3432 3162 3485 enim
3195 3428 3341 3483 furor
3365 3436 3448 3481 est
3479 3433 3533 3480 et
3560 3425 3673 3490 ira,
3705 3438 3770 3478 eo
3799 3423 3972 3493 spiri-u

2364 3539 2448 3584 tus
2477 3525 2898 3582 mansuetudinis
2929 3539 3032 3577 non
3058 3521 3288 3576 advolat.
3314 3519 3484 3573 Homo
3509 3526 3682 3570 autem
3712 3515 3970 3570 desertus»

2362 3635 2392 3674 a
2420 3620 2617 3690 Spiritu
2644 3626 2851 3682 sancto,
2884 3629 3042 3685 quem
3074 3627 3223 3681 spem
3256 3610 3442 3665 salutis
3467 3607 3624 3662 habet
3654 3605 3908 3675 reliquam
3927 3603 3970 3658 ἲ»

2363 3711 2578 3782 quando
2603 3719 2748 3764 recte
2779 3705 3024 3760 incedet?
3054 3702 3133 3758 Ne
3164 3702 3342 3771 igitur,
3375 3698 3582 3760 dilecte,
3616 3696 3741 3750 dum
3771 3695 3954 3748 ulcisci

2365 3801 2638 3856 inimicum
2678 3799 2757 3852 vis
2777 3837 2793 3863 ,
2824 3797 3054 3864 teipsum
3094 3791 3396 3863 praccipites
3417 3829 3433 3854 ,
3466 3796 3557 3841 aut
3586 3786 3678 3840 Dei
3707 3785 3968 3856 praesidio.

2364 3893 2582 3964 spolies.
2614 3891 2840 3945 Maxime
2868 3904 2996 3942 vero
3015 3886 3157 3957 quia,
3189 3881 3398 3939 etiamsi
3423 3878 3654 3934 difficilis
3679 3893 3765 3932 res
3788 3885 3950 3942 esset.

2365 3985 2633 4058 supplicii,
2659 3982 2802 4054 quod
2827 3998 2896 4035 ex
2923 3977 3320 4048 inobsequentia
3362 3974 3613 4036 nascitur,
3647 3970 3970 4052 magnitudo.

2365 4081 2492 4134 satis
2519 4087 2619 4142 est,
2644 4083 2702 4130 ut
2722 4075 2800 4128 vel
2829 4071 3115 4128 admodum
3155 4069 3402 4136 supinum
3432 4074 3486 4120 ct
3517 4066 3757 4134 ignavum
3787 4061 3960 4131 erigat

2366 4170 2666 4237 excitetque
2682 4165 2746 4220 ad
2768 4163 3010 4235 quemvis
3030 4157 3424 4230 suscipiendum
3447 4155 3678 4209 laborem
3700 4170 3715 4218 ;
3736 4161 3793 4206 at
3812 4164 3970 4206 nunc

2367 4261 2478 4332 ipsa
2507 4260 2678 4314 oratio
2704 4271 2948 4326 magnam
2971 4253 3125 4322 hujus
3147 4250 3342 4320 negotii
3364 4246 3599 4303 ostendit
3620 4244 3953 4308 facilitatem,

2360 4353 2409 4405 si
2449 4349 2608 4406 modo
2633 4348 2877 4403 velimus.
2909 4344 2986 4399 Ne
3013 4343 3172 4413 igitur
3198 4339 3523 4409 negligamus
3547 4345 3780 4391 nostram
3809 4334 3954 4404 ipso—

2366 4459 2483 4499 rum
2512 4442 2759 4505 salutem,
2789 4438 2881 4493 setl
2911 4449 3126 4505 operam
3153 4432 3341 4487 demus
3367 4445 3429 4485 ac
3453 4428 3629 4482 omnia
3659 4424 3916 4479 faciamus
3934 4465 3962 4492 ,_

2367 4543 2427 4589 ut
2455 4534 2570 4586 sine
2596 4529 2824 4584 inimicis
2849 4542 3016 4581 sacra:
3045 4539 3247 4578 mensm
3289 4521 3617 4574 assistamus.
3644 4515 3789 4571 Nihil
3814 4515 3966 4570 enim

2369 4628 2754 4696 praeceptorum
2783 4620 2876 4674 Dei
2901 4617 3117 4673 diffiCile
3136 4615 3256 4680 erit,
3281 4613 3326 4667 si
3354 4621 3496 4666 recte
3522 4608 3953 4672 consideremus;

2368 4717 2528 4786 idque
2550 4722 2692 4784 patet
2718 4727 2783 4766 ex
2806 4710 2869 4764 iis
2894 4710 2980 4779 qui
3009 4707 3229 4762 feliciter
3249 4719 3305 4760 se
3320 4703 3430 4774 jam
3459 4704 3509 4757 in
3533 4701 3634 4755 illis
3653 4707 3954 4770 gesserunt.

2367 4810 2507 4879 Quot
2543 4808 2685 4863 enim
2719 4803 2933 4874 jurandi
2970 4798 3349 4856 consuetudine
3377 4794 3791 4864 abripiebantur,
3822 4801 3878 4846 et
3901 4807 3957 4846 se

2371 4904 2421 4959 id
2453 4901 2563 4955 vitii
2593 4897 2881 4955 emendare
2919 4895 3002 4948 vix
3036 4909 3192 4963 posse
3229 4889 3550 4946 censebant?
3590 4887 3836 4940 Attamen
3869 4900 3958 4953 per

2371 4996 2466 5052 Dei
2485 4993 2734 5066 gratiam,
2767 4989 2853 5044 ubi
2877 5003 3039 5057 parva
3062 5002 3094 5039 τι
3119 4985 3266 5039 vobis
3295 4981 3529 5037 adhibita
3561 4989 3642 5034 est
3660 4994 3808 5042 cura,
3844 4994 3966 5030 ιιιςιο.

2367 5088 2538 5158 jorem
2580 5095 2783 5153 partem
2823 5080 2938 5148 ejus
2990 5075 3266 5147 pravitatis
3299 5073 3538 5128 abluistis
3571 5088 3584 5124 :
3613 5070 3967 5141 quamobrem

2371 5195 2466 5234 vos
2501 5176 2778 5239 adhortor,
2810 5181 2867 5226 ut
2893 5170 3140 5239 reliquias
3167 5181 3379 5238 quoque
3405 5164 3679 5234 deponatis
3699 5203 3714 5226 ,
3738 5160 3959 5229 aliisque

2372 5272 2656 5343 magistros
2675 5283 2770 5322 vos
2799 5263 3115 5320 exhibeatis.
3145 5261 3212 5317 iis
3241 5275 3390 5325 vero,
3412 5257 3498 5327 qui
3527 5255 3762 5310 nondum
3795 5253 3843 5307 id
3871 5268 3958 5307 as-

2373 5362 2580 5433 sequuti
2624 5369 2780 5421 sunt,
2827 5355 2920 5410 sed
2961 5354 3173 5420 longum
3215 5349 3368 5405 nobis
3398 5357 3603 5417 tempus
3642 5353 3959 5415 praetexunt,

2373 5472 2479 5528 quo
2505 5463 2660 5509 antea
2691 5449 2831 5507 soliti
2855 5455 3008 5502 erant
3030 5445 3326 5514 jnrameuta
3349 5453 3624 5508 usurpare,
3649 5437 3968 5528 dicuntque,

2373 5516 2703 5617 impossibile
2724 5557 2845 5598 esse
2873 5541 3008 5593 intra
3031 5536 3192 5591 breve
3223 5545 3432 5603 tempus
3461 5530 3512 5585 id
3540 5530 3794 5595 avellere,
3820 5516 3963 5617 quod

2375 5611 2470 5716 per
2496 5640 2690 5696 multos
2715 5651 2884 5692 annos
2913 5632 3121 5688 radices
3155 5629 3284 5700 egit,
3327 5623 3691 5697 responderim
3717 5637 3838 5692 ego,
3871 5611 3970 5681 ubi

2441 5798 2456 5826 ι
2495 5801 2598 5842 Sav.
2627 5793 2674 5840 in
2699 5803 2872 5899 marg,
2897 5797 3121 5849 magnam
3142 5781 3394 5834 utilitatem
3429 5775 3714 5849 conciliabit.

2442 5857 2513 5899 (al
2549 5862 2657 5899 uase
2672 5855 2800 5899 humi
2824 5855 2865 5899 ia
2885 5858 2998 5899 autc
3023 5847 3196 5898 Pascha
3217 5845 3326 5896 anni
3349 5842 3439 5893 387
3465 5841 3626 5891 habita
3649 5847 3714 5889 cst

2442 5857 2513 5917 (α)
2544 5841 2657 5905 ιισες
2672 5841 2870 5904 humilia
2885 5841 2999 5901 ante
3023 5847 3196 5898 Pascha
3217 5845 3326 5896 anni
3349 5842 3439 5893 387
3465 5841 3626 5891 habita
3649 5847 3750 5889 est.
