4190 6322
424 361 531 420 209

419 478 662 553 πλήθους
693 479 946 552 ἡμερῶν,-
965 476 1084 532 οὐδὶ
1116 478 1484 549 διαστήματος
1516 475 1800 544 ἐνιαυτῶν,
1825 474 1960 529 ἀλλὰ
1988 474 2088 545 φό-

394 567 522 621 ϐου
560 568 741 638 μόνον’
764 566 860 619 καὶ
890 564 1070 636 ψυχῆς
1110 562 1398 621 εὐλάϐειαν
1439 563 1693 637 ἐχούσης,
1727 562 1823 619 καὶ
1870 562 2089 626 πάντως

422 652 811 728 περιεσόμεθα,
840 654 936 708 καὶ
966 655 1024 705 ἐν
1053 651 1246 723 βραχεῖ
1269 650 1467 723 καιρῷ.

490 741 564 813 η’.
583 742 696 797 Καὶ
712 740 800 795 ἵνα
815 740 894 813 μὴ
906 739 1188 811 νομίσητε,
1216 738 1299 793 ὅτι
1322 738 1508 803 άπλῶς
1531 737 1705 793 ταῦτα
1721 736 1884 805 λέγω.
1913 736 1972 789 δν
2001 752 2089 788 νο-

424 831 608 902 μίζετε
632 825 773 883 εῖναι
804 828 1102 899 πολύαρχον
1126 827 1409 899 ἄνθρωπον
1443 827 1538 881 καὶ
1568 825 1789 879 πλείονα
1821 824 2093 894 ὀμνύοντα.

423 916 623 989 μᾶλλον
657 918 690 988 ἢ
719 916 1109 987 φθεγγόμενον,
1142 915 1329 968 τοῦτον
1352 914 1477 985 ἐμοὶ
1519 911 1787 981 παράδοτε
1820 911 1952 965 δέκα
1992 910 2089 980 μό-

421 1022 514 1058 νον
542 1003 777 1076 ἡμέρας,
809 1002 914 1057 κᾶν
954 1002 1029 1072 μὴ
1054 1002 1232 1054 πᾶσαν
1259 999 1429 1066 ἐξέλω
1446 999 1544 1071 τὴν
1568 998 1857 1069 συνήθειαν
1890 999 1948 1050 ἐν
1970 998 2090 1059 ταῖς

420 1092 631 1162 ὀλίγαις
665 1090 891 1153 ταύταις
934 1089 1190 1159 ἡμέραις,
1221 1087 1536 1156 κατάγνωτέ
1583 1103 1684 1157 μου
1719 1086 1821 1156 τὴν
1853 1084 2092 1157 ἐσχάτην

419 1179 668 1250 ταύτην·
715 1179 1058 1245 κατάγνωσιν
1084 1190 1097 1204 ·
1153 1175 1248 1228 καὶ
1272 1175 1353 1228 ὅτι
1407 1174 1468 1227 οὐ
1517 1173 1727 1244 κόμπος
1760 1172 1829 1227 τά
1868 1173 2089 1244 ῥήματα

420 1266 611 1331 ταῦτα,
636 1265 744 1320 άπὸ
757 1264 865 1319 τῶν
884 1264 984 1335 ἡδη
1000 1262 1382 1333 γεγενημένων
1404 1261 1561 1315 τοῦτο
1582 1261 1734 1314 ἔσται
1756 1260 1915 1331 δῆλον
1937 1261 2088 1329 ὑμῖν.

420 1354 486 1407 Τί
517 1353 632 1421 τῶνΔ
653 1351 949 1405 Νινευῖτῶν
976 1349 1317 1421 ἀλογώτερον
1344 1366 1359 1415 ;
1382 1348 1440 1402 τί
1465 1347 1523 1405 δέ
1550 1348 1901 1417 ἀνοητότερον
1926 1363 1941 1412 ;
1972 1345 2090 1399 ἀλλ’

420 1440 571 1511 ὅμως
595 1414 740 1495 οῦτοι
765 1443 814 1493 οί
853 1440 1113 1510 βάρϐαροι
1166 1414 1261 1491 καὶ
1309 1414 1550 1506 ἀνόητοι.
1584 1438 1632 1488 οί
1664 1414 1889 1506 μηδενὸς
1926 1434 2090 1505 μηδέο

420 1549 553 1597 ποτε
588 1528 919 1591 ἀκούσαντες
939 1525 1377 1596 φιλοσοφοῦντος,
1401 1527 1450 1577 οί
1484 1526 1751 1595 μηδέποτε
1780 1525 2086 1596 παραγγέλο

424 1636 569 1692 ματα
609 1616 836 1672 τοιαῦτα
881 1614 1156 1677 λαϐόντες,
1204 1614 1536 1686 ἀκούσαντες
1562 1612 1657 1666 τοῦ
1693 1614 1970 1685 προφήτου
2000 1612 2089 1668 λέ-

418 1722 633 1775 γοντος,
682 1707 813 1759 Ἔτι
838 1704 993 1771 τρεῖς
1026 1700 1259 1770 ἡμέραι,
1301 1701 1397 1755 καί
1441 1701 1643 1754 (Vn-avt
1672 1700 2090 1770 xatao'rpagaﬁa

418 1808 619 1856 σεται,
640 1794 697 1845 ἐν
728 1792 905 1863 τρισὶν
937 1782 1171 1861 ἡμέραις
1206 1791 1387 1841 πᾶσαν
1411 1786 1673 1840 ἀπέθεντο
1702 1787 1944 1859 πονηρὰν
1968 1805 2089 1842 συν-

418 1880 637 1951 ήθειαν·
673 1880 701 1932 6
731 1879 927 1949 πόρνος
960 1874 1192 1947 σώφρων
1238 1874 1477 1943 ἐγένετο,
1511 1876 1539 1927 6
1569 1874 1774 1944 θρασὺς
1820 1874 2088 1945 ἐπιεικὴς,

418 1970 449 2023 6
473 1964 800 2034 πλεονέκτης
828 1964 923 2019 καὶ
953 1959 1136 2034 άρπαξ
1167 1962 1385 2033 μέτριος
1415 1961 1509 2015 καὶ
1548 1961 1846 2033 φιλόφρων,
1868 1964 1896 2014 6
1924 1963 2090 2033 ῥᾴουα-

420 2072 523 2126 μος
565 2052 872 2115 σπουδαῖος.
905 2051 980 2105 Οὐ
1022 2050 1131 2121 γάρ
1164 2050 1228 2121 δὴ
1258 2050 1337 2115 ἓν,
1368 2050 1486 2102 οὐδὲ
1532 2049 1645 2111 δύο,
1675 2049 1768 2101 καὶ
1818 2049 1963 2119 τρία,
1999 2049 2092 2102 καὶ

415 2142 663 2213 τέσσαρα
694 2139 808 2193 τῶν
831 2138 1021 2192 παθῶν
1048 2133 1189 2209 ἦσαν
1217 2136 1286 2191 τά
1329 2139 1531 2207 ἰάματα
1549 2138 1598 2200 δ,
1630 2136 1765 2189 ἀλλά
1794 2139 1972 2189 πᾶσαν
1994 2137 2091 2189 αύο

416 2229 533 2284 τῶν.
557 2227 872 2301 διώρθωσαν
909 2227 1009 2298 τὴν
1056 2226 1340 2298 πονηρίαν.
1372 2226 1483 2278 Καὶ
1514 2216 1676 2278 πόθεν
1720 2223 1879 2277 τοῦτο
1907 2225 2087 2294 δῆλον,

418 2317 621 2390 φησίν;
669 2316 803 2372 ’Δπδ
830 2314 937 2369 τῶν
962 2314 1060 2386 τοῦ
1090 2316 1370 2386 προφήτου
1418 2312 1704 2384 ῥημάτων·
1735 2312 1897 2376 αὐτὸς
1924 2312 2033 2384 γάρ
2061 2316 2091 2367 6

418 2406 804 2477 κατηγορήσας
836 2402 1041 2466 αὐτῶν,
1088 2401 1185 2456 καὶ
1234 2398 1424 2461 εἰπὼν,
1452 2400 1533 2452 ὅτι
1570 2398 1760 2468 Ἀνέϐη
1802 2400 1837 2471 ἡ
1875 2399 2089 2472 κραυγὴ

417 2492 517 2565 τὴς
562 2493 756 2555 κακίας
803 2489 981 2544 αὐτῶν
1027 2487 1129 2553 ἓως
1178 2487 1286 2539 τῶν
1327 2485 1596 2557 οὐρανῶν.
1629 2486 1786 2551 αὐτὸς
1822 2487 2004 2550 αὐτοῖς
2030 2487 2090 2539 τὸ

417 2578 660 2633 ἐναντίον
706 2576 1055 2647 ἐμαρτύρησε
1098 2574 1260 2628 πάλιν
1301 2573 1492 2638 εἰπὼν,
1532 2574 1616 2627 ὅτι
1644 2572 1823 2627 Εἶδον
1859 2576 1892 2627 ό
1923 2574 2086 2639 Θεὸς,

418 2667 509 2720 ὅτι
539 2665 898 2731 ἀπέστησαν
939 2662 1196 2727 ἕκαστος
1240 2660 1359 2715 ἀπὸ
1399 2660 1518 2714 τῶν
1548 2659 1705 2714 ὁδῶν
1740 2658 1937 2713 αὐτῶν
1973 2657 2090 2712 τῶν

418 2752 721 2821 πονηρῶν,
757 2752 858 2804 οὐκ
887 2747 1060 2814 εἶπεν,
1095 2751 1175 2802 ὅτι
1218 2748 1350 2802 ’Λπὸ
1399 2750 1653 2819 πορνείας
1701 2748 1735 2819 ἡ
1785 2746 2086 2817 μοιχείαςὴ

415 2839 648 2909 κλοπῆς.
669 2838 807 2899 ἀλλ’,
830 2839 911 2890 ὅτι
928 2836 1062 2891 Ἀπὸ
1095 2834 1214 2889 τῶν
1240 2834 1396 2888 ὁδῶν
1417 2833 1616 2888 αὐτῶν
1643 2831 1761 2892 τῶν
1788 2831 2085 2901 πονηρῶν.

417 2926 530 2979 Καὶ
563 2925 679 2987 πῶς
708 2924 1058 2994 ἀπέστησαν;
1102 2923 1188 2986 Ὠς
1221 2924 1249 2975 6
1272 2919 1597 2986 Θεὸς-οἶδεν,
1630 2924 1727 2977 οὐκ
1763 2921 1839 2985 ὡς
1877 2922 2087 2993 ἄνθρω-

416 3030 521 3075 πος
546 3012 882 3083 ἐδοκίμασεν.
910 3007 1042 3064 Εἶτα
1062 3011 1163 3065 οὐκ
1184 3009 1552 3079 αἰσχυνόμεθα
1582 3010 1702 3061 οὐδέ
1725 3009 2086 3081 ἐρυθριῶμεν,

417 3103 468 3155 εἰ
500 3100 791 3171 βαρϐάρων
825 3098 1129 3168 ἀνθρώπων
1158 3098 1216 3148 ὲν
1238 3096 1417 3166 τρισὶν
1449 3097 1682 3166 ἡμέραις
1717 3096 1875 3165 μόνον
1909 3098 2089 3151 πᾶσαν

416 3184 773 3255 ἀποθεμένων
822 3184 1041 3246 κακίαν,
1073 3184 1235 3254 ἡμεῖς
1282 3184 1340 3234 ἐν
1380 3180 1670 3244 τοσαύταις
1714 3182 1946 3255 ἡμέραις
1999 3184 2087 3236 ἐν-

416 3272 729 3342 ηχούμενοι,
760 3271 1153 3339 διδασκόμενοι,
1191 3270 1320 3337 μιᾶς
1357 3267 1434 3338 μὴ
1462 3267 1880 3338 περιγενοίμεθα
1922 3287 2088 3341 πονη-

418 3361 522 3432 ράς
569 3358 1118 3429 συνηθείαςςΚαίτοι
1162 3374 1226 3424 γε
1268 3357 1348 3417 είς
1393 3355 1617 3424 ἔσχατον
1661 3351 1801 3427 ἦσαν
1848 3356 2089 3409 κάκεῖνοι

417 3433 682 3518 πρότερον
728 3445 926 3508 κακίας
970 3442 1326 3514 ἐληλακότεςο
1399 3442 1528 3496 ὅταν
1569 3432 1676 3514 γὰρ
1718 3443 1978 3514 ἀκούσῃς,
2009 3445 2090 3497 ὅτι

429 3532 628 3600 Ἀνέϐη
664 3534 702 3600 ἡ
737 3531 968 3600 κραυγὴ
1000 3529 1112 3598 τῆς
1144 3530 1359 3595 κακίας
1382 3529 1583 3582 αὐτῶν
1616 3530 1767 3596 πρὸς
1790 3530 1887 3598 μὲ.
1924 3527 2089 3600 μηδὲν

417 3621 545 3676 ἄλλο
572 3619 781 3691 νόμιζε,
803 3618 837 3689 ἢ
868 3617 965 3689 τὴν
998 3616 1305 3687 ὑπερϐολὴν
1326 3616 1426 3685 τῆς
1455 3615 1717 3686 πονηρίας
1738 3616 1917 3669 αὐτῶν
1935 3634 1948 3647 ·
1973 3617 2087 3670 ἀλλ’

417 3711 567 3778 ὅμως
606 3707 830 3777 ἴσχυσαν
862 3705 919 3757 ἐν
946 3702 1126 3774 τρισὶν
1149 3703 1385 3773 ἡμέραις
1410 3702 1544 3772 πρὸς
1570 3702 1858 3774 ὁλόκληρον
1888 3705 2097 3774 ἀρετὴν.

421 3791 1025 3865 μετατάξασθαι.”οπου
1055 3788 1163 3858 γάρ
1192 3788 1354 3856 φόϐος
1386 3787 1543 3851 Θεοῦ,
1588 3789 1648 3841 ού
1683 3789 1839 3860 χρεία
1869 3790 2089 3862 ἡμερῶν

416 3885 541 3938 οὐδὲ
583 3883 946 3952 διαστήματος
995 3877 1211 3949 χρόνου,
1260 3877 1449 3948 ὥσπερ
1503 3879 1637 3931 ὅπου
1688 3879 1905 3947 ἀφοϐία,
1937 3880 2088 3935 οὐδὲν

417 3970 607 4039 δςρελος
641 3966 883 4038 ἡμερῶν.
916 3965 1185 4035 Καθάπερ
1213 3964 1321 4035 γὰρ
1358 3963 1426 4015 τὰ
1468 3962 1691 4017 ίωθέντα
1727 3965 1834 4017 τῶν
1882 3967 2088 4020 σκευῶν

416 4060 453 4111 6
473 4057 571 4127 μὲν
602 4055 754 4108 ὕδατι
783 4054 940 4124 μόνον
972 4051 1307 4122 ἀποτρίϐων,
1343 4050 1446 4104 κᾶν
1476 4051 1642 4104 πολὺν
1668 4052 1919 4123 ἀναλώσῃ
1962 4055 2089 4125 196-

377 4168 381 4173 τ
416 4161 527 4207 νον,
557 4143 737 4212 πάσης
776 4140 876 4193 οὐκ
910 4138 1207 4203 ἀπαλλάξει
1237 4139 1335 4207 τῆς
1363 4138 1559 4202 κακίας
1592 4138 1822 4209 ἐκείνης,
1853 4141 1880 4192 6
1911 4141 1966 4193 δὲ
2008 4144 2089 4207 είς

417 4230 779 4302 χωνευτὴριον
810 4225 1086 4298 ἐμϐαλὼν,
1117 4226 1173 4276 ἐν
1210 4224 1435 4295 βραχείᾳ
1467 4224 1658 4297 καιροῦ
1693 4227 1832 4296 ῥοπῇ
1868 4228 2082 4299 φαιδρό-

416 4335 554 4388 τερα
597 4316 704 4369 τῶν
749 4313 1083 4369 νεοτεύκτων
1137 4311 1339 4373 εὐθέως
1373 4312 1696 4381 ἐργάσεται’
1728 4313 1871 4367 οὓτω
1901 4315 1963 4386 δὴ
1994 4320 2087 4370 καὶ

416 4403 585 4474 ψυχὴ,
609 4400 689 4472 τῷ
726 4401 825 4470 τῆς
858 4398 1133 4470 ἁμαρτίας
1164 4392 1228 4468 ίῷ
1262 4397 1514 4467 βαφείσα,
1552 4399 1617 4452 ἂν
1655 4401 1753 4470 μὲν
1784 4402 1969 4466 ἁπλῶς
1994 4406 2087 4457 καὶ

413 4492 490 4554 ὡς
528 4490 717 4559 ἐτυχεν
750 4486 947 4557 έαυτὴν
986 4485 1301 4558 ἀποσμήξῃ,
1332 4486 1425 4539 καὶ
1458 4485 1578 4538 καθ’
1608 4488 1844 4558 ἑκάστην
1875 4492 2085 4561 ἡμέραν

418 4579 675 4648 μετανοῇ.
716 4573 867 4646 [212]
898 4574 1049 4627 οὐδὲν
1079 4574 1239 4627 πλέον
1282 4574 1534 4645 κερδανεῖ
1556 4591 1569 4603 ’
1606 4573 1672 4629 ἂν
1704 4575 1759 4627 δὲ
1789 4576 1977 4649 ὥσπερ
2005 4583 2084 4645 εἰς

414 4664 776 4734 χωνευτὴριον
825 4662 918 4714 τοῦ
962 4661 1096 4715 Θεοῦ
1119 4672 1143 4701 ο
1180 4662 1271 4715 τὸν
1304 4662 1465 4731 φόϐον
1518 4664 1727 4735 ἑαυτὴν
1768 4666 1999 4739 ἐμϐάλῃ,
2028 4671 2085 4723 ἐν

416 4749 650 4821 βραχείᾳ
677 4748 867 4820 καιροῦ
900 4751 1039 4820 ῥοπῇ
1067 4749 1129 4802 τὸ
1158 4749 1266 4801 πᾶν
1295 4750 1636 4819 ἀπονίψεται.
1670 4753 1763 4824 Μὴ
1788 4755 1965 4808 τοίνυν
2007 4760 2086 4820 είς

290 4894 303 4901 κ
415 4837 513 4907 τὴν
543 4836 729 4907 αὐριον
754 4836 1185 4907 ἁναϐαλλώμεθα
1202 4852 1215 4865 ·
1255 4838 1337 4890 Οὐ
1361 4836 1469 4905 γὰρ
1491 4838 1737 4909 οιόαμεν
1764 4841 1823 4893 τί
1854 4841 2085 4907 τέξεται

415 4925 455 4992 ἠ
478 4925 763 4977 ἐπιοῦσα·
800 4924 934 4994 μηδέ
965 4924 1245 4995 λέγωμεν·
1280 4925 1654 4995 Περιεσόμεθα
1675 4928 1772 4997 τῆς
1798 4930 2084 5000 συνηθείας

416 5011 560 5064 κατὰ
585 5012 806 5082 μικρόν·
839 5010 994 5064 τοῦτο
1020 5010 1129 5083 γὰρ
1156 5013 1235 5075 τὸ,
1268 5012 1410 5066 κατά
1433 5013 1647 5084 μικρὸν,
1678 5014 1928 5069 οὐδέποτε
1962 5019 2083 5071 ἐπι-

413 5098 608 5167 λείψει.
637 5099 853 5171 Διόπερ,
881 5098 1040 5152 τοῦτο
1068 5100 1314 5169 ἀφέντες,
1342 5102 1518 5153 ἐκεῖνο
1546 5100 1811 5173 λέγωμεν,
1836 5105 1919 5157 ὅτι
1958 5105 2081 5159 Ἐἀν

418 5186 494 5256 μὴ
532 5187 783 5257 ’σήμερον
829 5178 1267 5257 κατορθώσωμεν
1300 5188 1391 5240 τὸν
1418 5188 1601 5258 ὅρκον,
1634 5190 1733 5243 οὐκ
1781 5192 2084 5263 ἀποστησά-

418 5274 561 5343 μεθα
584 5275 868 5345 πρότερον,
903 5274 1005 5327 κᾶν
1036 5276 1203 5345 μυρία
1233 5275 1375 5347 άγχῃ
1405 5276 1732 5349 πράγματα,
1757 5280 1858 5335 κᾶν
1882 5262 2083 5337 ἀποθα-
2132 5262 2147 5274 ’

414 5364 525 5415 νεῖν
557 5361 672 5433 δέῃ,
709 5362 809 5415 κᾶν
839 5360 1197 5425 κολασθῆναι,
1219 5362 1322 5415 κᾶν
1352 5364 1527 5418 πάντα
1555 5365 1815 5420 ἀπολέσαι
1839 5385 1855 5400 ·
1888 5371 1947 5422 οὐ
1978 5372 2051 5424 δώ

480 5571 509 5602 ⁸
529 5570 715 5626 Ταύτην
734 5569 876 5617 deest
896 5572 945 5618 in
971 5570 1121 5620 Savil.
1158 5576 1211 5618 et
1238 5573 1284 5618 in
1311 5584 1409 5620 uno
1428 5574 1611 5622 codice.

477 5630 508 5671 δ
668 5631 768 5695 τῶν
784 5633 945 5695 παθῶν
966 5632 1089 5689 ἦσαν
1120 5633 1181 5681 τὰ
1207 5633 1402 5695 ἰάματα,
1441 5637 1621 5685 desunt
1657 5636 1708 5686 in
1734 5636 1884 5687 Savil.
1912 5638 2073 5691 Codex

416 5691 708 5755 ungsrhabet
724 5692 783 5755 τὰ
802 5692 1063 5755 τραύματα.

485 5751 513 5819 ⁸,
528 5754 674 5805 Savil.
700 5753 765 5811 εἰς
784 5751 1096 5818 χωνευτήριον
1118 5754 1183 5813 εἰς
1200 5751 1286 5807 τοῦ
1306 5759 1366 5812 Θ.

1191 362 1267 425 .S.
1306 361 1595 420 JOANNlS
1631 357 2131 418 CHRYSOSTOHI
2167 358 2483 418 ARCIHEP.
2524 360 3072 419 COASTANTINOP.

3671 396 3674 399 λ
3764 366 3873 420 210

2195 491 2361 546 σομεν
2408 475 2487 548 τῷ
2529 475 2762 548 διαϐόλῳ
2809 476 3084 549 ῥᾳθυμίας
3127 474 3394 543 ἐξουσίαν,
3428 478 3549 534 οὐδὲ
3598 477 3870 552 ἀναϐολῆς

2194 564 2593 635 πρόφασιν.“Δν
2618 566 2646 617 ό
2669 564 2801 627 Θεὸς
2832 564 2920 637 ἴδῃ
2966 580 3060 618 σου
3096 564 3197 635 τὴν
3230 566 3634 638 πεπυρωμένην
3663 564 3865 638 ψυχὴν,

2192 652 2297 722 τὴν
2336 651 2767 724 διεγηγερμένην
2797 650 3126 722 προθυμίαν,
3154 650 3248 704 καὶ
3294 653 3457 714 αὐτὸς
3500 654 3870 722 συνεφάψεται

2195 755 2291 791 σου
2320 738 2421 809 τῆς
2447 737 2803 810 διορθώσεως.
2854 737 2981 805 Ναὶ,
3015 737 3210 809 δέομαι
3256 739 3350 791 καὶ
3378 739 3664 802 ἀντιϐολῶ,
3696 757 3871 795 σπου-

2190 829 2463 899 δάσωμεν,
2491 829 2578 882 ἴνα
2607 826 2681 899 μὴ
2711 828 2806 882 καὶ
2830 828 2991 899 ἡμεῖς
3016 827 3359 897 ἀκούσωμεν,
3378 828 3459 881 ὅτι
3487 828 3737 897 Ἄνδρες
3762 830 3871 884 Νι-

2191 916 2419 970 νευιται
2446 914 2921 982 ἀναστήσονται,
2944 915 3042 969 καί
3064 915 3493 983 κατακρινοῦσι
3519 914 3633 983 τὴν
3652 917 3872 984 γενεὰν

2192 1006 2439 1072 ταύτην,
2473 1006 2557 1059 δτι
2585 1005 2783 1058 ἐκεῖνοι
2817 1004 2915 1075 μὲν
2941 1002 3086 1070 ἅπαξ
3108 1002 3440 1068 ἀκούσαντες
3470 1003 3868 1075 κατώρθωσαν,

2192 1092 2431 1169 ἡμετςχδὲ
2456 1092 2576 1145 οὐδὲ
2607 1091 2866 1154 πολλάκις
2886 1090 3693 1163 άκούσαντεςέπεστράφημεν·
3720 1092 3871 1145 ἐκεῖ·
3899 1132 3921 1149 .

2192 1197 2273 1234 νοι
2306 1174 2497 1250 όλόδιλη
2507 1196 2596 1250 ρον
2619 1178 2843 1251 ἀρετὴν,
2864 1179 3028 1249 ἡμεῖς
3050 1177 3107 1231 δὲ
3132 1177 3253 1231 οὐδὲ
3278 1178 3441 1247 μέρος
3462 1176 3665 1249 ἀρετῆς
3683 1196 3697 1207 ’
3724 1179 3870 1233 ἐκεῖ·

2192 1283 2271 1320 νοι
2323 1264 2741 1335 κατασκαφῆναι
2788 1264 3122 1327 ἀκούσαντες
3170 1263 3534 1335 ἐφοϐήθησαν,
3593 1266 3757 1336 ἡμεῖς
3814 1266 3876 1320 δὲ

2190 1353 2313 1407 οὐδὲ
2342 1353 2565 1421 γέενναν
2594 1352 2884 1416 ἀκούοντες
2907 1351 3257 1423 φοϐούμεθα’
3294 1354 3489 1405 ἐκεῖνοι
3519 1354 3873 1423 προφητειῶν

2191 1441 2253 1495 ού
2291 1440 2669 1512 μετασχόντες,
2704 1442 2867 1511 ἡμεῖς
2909 1439 2967 1493 δὲ
3003 1437 3259 1509 συνεχοῦς
3305 1439 3668 1504 ἀπολαύοντες
3715 1440 3869 1494 διδα-

2195 1528 2424 1592 σκαλίας
2464 1528 2558 1582 καὶ
2602 1528 2803 1598 πολλῆς
2841 1526 2943 1597 τῆς
2986 1525 3226 1599 χάριτος.
3260 1526 3445 1579 Ταῦτα
3472 1525 3616 1592 λέγω
3641 1524 3737 1579 νῦν
3768 1526 3871 1599 οὐχ

2193 1616 2332 1687 ὑπὲρ
2367 1614 2477 1669 τῶν
2502 1607 2737 1680 οἰκείων,
2763 1612 2876 1669 ἀλλ’
2904 1613 3046 1684 ὑπὲρ
3073 1612 3182 1667 τῶν
3212 1612 3510 1683 ἀλλοτρίων
3540 1614 3669 1683 ὑμῖν
3700 1613 3873 1683 ἐγκα-

2192 1701 2301 1756 λῶν
2325 1703 2760 1774 άμαρτημάτων.
2778 1702 2937 1772 Ὑμῖν
2975 1700 3073 1771 μὲν
3110 1699 3241 1772 γάρ,
3266 1694 3325 1753 εὖ
3352 1694 3448 1753 οἷδ’
3476 1701 3581 1765 ὅτι,
3618 1699 3871 1771 καθάπερ

2194 1790 2363 1861 ἔφθην
2394 1790 2583 1855 εἰπὼν,
2617 1791 2650 1842 6
2675 1790 2838 1860 νόμος
2863 1780 3019 1852 οὗτος
3047 1789 3077 1840 6
3105 1788 3234 1858 περὶ
3260 1786 3355 1841 τοῦ
3388 1787 3610 1858 ὀμνύειν
3646 1786 3872 1860 κατώρ-

2195 1877 2364 1931 θωται
2382 1894 2398 1909 ·
2430 1877 2545 1933 ἀλλ’
2574 1880 2675 1932 οὐκ
2703 1880 2864 1950 ἀρκεῖ
2891 1875 3051 1931 τοῦτο
3076 1878 3158 1940 είς
3186 1875 3463 1947 σωτηρίαν
3487 1877 3642 1947 ἡμῖν,
3692 1878 3743 1929 εί
3791 1874 3872 1947 μὴ

2195 1964 2290 2016 καὶ
2332 1964 2551 2035 ἐτέρους
2578 1965 2889 2029 διδάξαντες
2922 1961 3315 2035 διορθώσομεν,
3346 1964 3470 2016 ἐπεὶ
3500 1962 3594 2015 καὶ
3615 1963 3645 2015 ό
3670 1962 3731 2015 16
3772 1964 3874 2017 τά·

2194 2048 2389 2102 λαντον
2430 2051 2607 2103 ἐκεῖνο
2653 2049 3059 2121 προσενεγκὼν,
3090 2050 3189 2120 τὴν
3231 2048 3710 2120 παρακαταθήκην
3746 2048 3873 2102 ὁλό-

2194 2136 2394 2209 κληρον
2427 2137 2677 2200 ἀποδοὺς,
2710 2136 2895 2207 ἐπειδὴ
2923 2136 2984 2190 16
3007 2137 3158 2189 δοθὲν
3187 2135 3287 2188 οὐκ
3308 2134 3654 2200 ἐπλεόνασεν,
3678 2135 3873 2190 ἐκολάο

2195 2224 2336 2290 ζετο.
2373 2223 2465 2295 Μὴ
2498 2224 2676 2276 τοίνυν
2708 2224 2840 2294 μηδὲ
2880 2225 3042 2293 ἡμεῖς
3076 2224 3235 2278 τοῦτο
3268 2226 3651 2293 σκοπὴσωμεν.
3687 2224 3735 2276 εἰ
3766 2224 3870 2276 αὐ-

2192 2312 2277 2365 τοὶ
2325 2311 2423 2381 τῆς
2474 2311 2747 2382 ἁμαρτίας
2790 2303 3206 2381 ἀπηλλάγημεν,
3238 2310 3354 2364 ἀλλ’
3383 2309 3487 2373 ἓως
3540 2310 3606 2363 ἂν
3650 2308 3873 2381 ἐτέρους

2193 2397 2610 2470 ἀπαλλάξωμεν,
2651 2397 2727 2468 μὴ
2758 2395 3112 2468 ἀποστῶμεν·
3145 2398 3240 2450 καὶ
3265 2397 3495 2459 ἕκαστος
3519 2397 3651 2450 δέκα
3683 2396 3873 2466 φίλους

2195 2486 2460 2559 ῥυθμίσας
2490 2486 2570 2556 τῷ
2604 2486 2723 2556 Θεῷ
2753 2486 3169 2558 προσάγαγέ-τω,
3201 2485 3303 2540 κᾶν
3330 2486 3549 2550 οἰκέτας
3578 2488 3729 2560 ἔχῃς,
3765 2486 3873 2540 κᾶν

2196 2573 2461 2644 μαθητάς.
2482 2572 2620 2625 Ἀλλ’
2653 2572 2772 2626 οὐδὲ
2806 2572 3075 2644 μαθητὰς,
3107 2573 3228 2626 οὐδέ
3269 2573 3489 2637 οἰκέτας
3518 2572 3697 2643 ἐχειςς
3730 2572 3874 2627 ἀλλὰ

2192 2660 2378 2727 φίλους
2404 2659 2549 2728 ἔχεις
2569 2674 2582 2687 ·
2612 2660 2832 2722 τούτους
2856 2659 3221 2731 κατόρθωσον.
3249 2661 3356 2713 Καὶ
3386 2661 3461 2729 μή
3489 2677 3578 2731 μοι
3607 2659 3755 2727 λέγε.
3785 2661 3873 2713 δτι

2193 2747 2331 2810 Τοὺς
2361 2747 2611 2809 πλείονας
2639 2746 2747 2800 τῶν
2772 2747 2949 2815 ὅρκων
2976 2747 3356 2817 ἀπηλάσαμεν,
3392 2747 3639 2815 ὀλιγάκις
3665 2746 3722 2798 δὲ
3754 2747 3873 2799 άλι-

2195 2834 2473 2905 σκόμεθα·
2507 2834 2642 2887 ἀλλά
2670 2835 2763 2886 καὶ
2796 2832 2855 2887 16
2885 2833 3134 2900 ὀλιγάκις
3179 2833 3337 2887 τοῦτο
3377 2834 3553 2887 ἄνελε.
3586 2834 3648 2886 Εἰ
3678 2833 3874 2905 χρύσι-

2192 2939 2281 2976 νον
2308 2923 2403 2975 ἕνα
2427 2921 2733 2985 ἀπολέσεις,
2761 2921 2863 2973 οὐκ
2907 2920 2975 2974 ἀν
3020 2921 3267 2984 ἅπαντας
3294 2922 3587 2992 περιῆλθες
3630 2920 3874 2993 ἐρευνῶν

2194 3011 2289 3064 καὶ
2318 3009 2515 3080 ζητῶν,
2550 3010 2693 3063 ὥστε
2724 3009 2886 3063 αὐτὸν
2916 3009 3129 3079 εύρεῖν;
3161 3008 3331 3062 Τοῦτο
3364 3010 3460 3063 καὶ
3506 3010 3600 3062 ἐπὶ
3640 3008 3749 3061 τῶν
3776 3010 3874 3077 ὄρ-

2192 3114 2303 3150 κων
2338 3095 2579 3165 ποίησον.
2601 3096 2725 3148 Ἐάν
2752 3095 2886 3167 ἴδῃς,
2929 3095 3010 3148 ὃτι
3036 3095 3132 3148 ἕνα
3161 3097 3324 3167 ὅρκον
3356 3095 3623 3168 ἐκλάπης,
3660 3095 3872 3167 θρηνη-

2194 3199 2306 3246 σον,
2339 3182 2611 3247 στέναξον,
2653 3182 2729 3245 ὡς
2778 3182 2878 3252 τῆς
2913 3182 3102 3245 οὐσίας
3132 3198 3226 3234 σου
3275 3183 3459 3254 πάσης
3498 3182 3870 3246 ἀπολωλυίας.

2192 3270 2367 3329 Πάλιν
2389 3270 2552 3338 λέγω,
2578 3269 2606 3322 ὃ
2630 3269 2725 3323 καὶ
2748 3270 3013 3340 πρότερον
3032 3286 3046 3300 ο
3081 3268 3403 3338 σύγκλεισον
3429 3264 3624 3322 σαυτὸν
3645 3270 3739 3322 ἐπὶ
3767 3270 3874 3340 τῆς

2190 3358 2388 3420 οίκίας,
2424 3358 2653 3427 μελέτην
2693 3358 2915 3428 ποίησον
2942 3357 3037 3409 καὶ⁵
3062 3358 3363 3427 γυμνάσιον
3391 3356 3531 3426 μετὰ
3554 3358 3652 3426 τῆς
3677 3373 3872 3424 γυναι-

2192 3446 2305 3511 κὸς,
2353 3445 2489 3515 μετὰ
2538 3447 2644 3498 τῶν
2691 3444 2915 3499 παιδίων
2949 3445 3043 3497 καὶ
3079 3444 3504 3499 συνοικούντων·
3550 3445 3671 3499 εἰπὲ
3727 3444 3870 3515 πρὶς

2194 3531 2386 3586 ἐαυτὸν
2417 3534 2479 3586 σύ
2513 3533 2778 3606 πρότερον
2798 3549 2812 3562 '
2845 3534 2958 3586 Οὐκ
2992 3531 3295 3595 ἰδιωτικῶν,
3331 3533 3392 3585 οὐ
3423 3532 3696 3603 δημοσίων
3732 3532 3871 3602 6:60-

2196 3637 2291 3690 μαι
2334 3620 2697 3690 πραγμάτων,
2733 3621 2837 3684 ἕως
2870 3619 2935 3674 ἂν
2969 3619 3069 3689 τὴν
3113 3618 3293 3689 ψυχὴν
3333 3619 3715 3689 διορθώσωμαι
3767 3619 3871 3691 τὴν

2192 3707 2555 3776 ἐμαυτοῦ.⁹“Αν
2584 3708 2741 3778 ὑμεῖς
2777 3708 2900 3771 τοὺς
2926 3707 3074 3769 υἱοὺς
3102 3708 3230 3769 τοὺς
3258 3706 3470 3760 ἑαυτῶν
3508 3707 3877 3778 παιδεύσητε,

2191 3797 2430 3848 κάκεῖνοι
2480 3797 2607 3859 τοὺς
2651 3795 2867 3849 ἐαυτῶν.
2904 3794 3197 3861 διδάξουσι,
3231 3795 3325 3848 καὶ
3372 3794 3515 3848 οὕτω
3558 3795 3719 3865 μέχρι
3762 3795 3868 3865 τῆς

2195 3882 2500 3944 συντελείας
2545 3884 2636 3935 καὶ
2686 3882 2989 3953 παρουσίας
3030 3881 3125 3935 τοῦ
3172 3880 3411 3951 Χριστοῦ
3447 3881 3509 3933 16
3536 3881 3867 3951 πρόσταγμα

2195 3968 2394 4039 βαῖνον,
2422 3971 2533 4034 τοῖς
2573 3969 2673 4039 τὴν
2717 3968 2875 4039 ῥίζαν
2907 3967 3281 4039 παρασχοῦσιν
3318 3967 3535 4021 ἅπαντα
3569 3966 3703 4021 οἴσει
3736 3968 3867 4022 τοῦ·

2191 4073 2280 4108 τον
2309 4055 2397 4110 τὸν
2430 4055 2745 4127 μισθόν.“Αν
2772 4055 2920 4127 μάθῃ
2949 4055 3131 4124 λέγειν
3150 4058 3179 4108 6
3205 4054 3320 4119 υίός
3350 4071 3465 4120 σου,
3496 4055 3863 4119 Πίστευσον,

2190 4144 2250 4201 οὐ
2288 4142 2572 4213 δυνὴσεται
2598 4145 2674 4206 είς
2706 4143 2929 4213 θέατρον
2968 4143 3260 4213 άναϐἦναι,
3296 4142 3417 4198 οὐδὲ
3463 4141 3611 4213 [213]
3646 4144 3726 4205 είς
3762 4160 3866 4197 κα-

2192 4230 2410 4300 πηλεῖον
2442 4229 2722 4289 εἰσελθεῖν,
2746 4232 2864 4284 οὐδὲ
2891 4234 2947 4282 ἐν
2974 4231 3164 4293 κύϐοις
3192 4229 3472 4300 διατρίψαι
3489 4245 3503 4259 '
3539 4230 3601 4282 16
3627 4230 3736 4300 γὰρ
3762 4231 3866 4302 ῥῆ-

2194 4330 2268 4381 μα
2310 4314 2466 4367 τοῦτο
2515 4318 2635 4368 ἀντὶ
2684 4316 2898 4385 χαλινοῦ
2950 4315 3012 4368 16
3064 4314 3285 4385 στόμα(ι
3324 4317 3726 4387 περικείμενον,
3766 4319 3865 4371 καὶ

2191 4401 2389 4454 άκοντα
2409 4403 2666 4472 ὲρυθριᾷν
2692 4402 3096 4471 παρασκευάσει
3123 4402 3217 4457 καὶ
3238 4402 3587 4473 αίσχύνεσθαι
3608 4420 3622 4434 ’
3654 4402 3863 4457 εἴποτε

2191 4490 2247 4540 ἐν
2295 4489 2518 4551 ἐκείνοις
2567 4490 2784 4560 φανείη,
2830 4491 2923 4544 καὶ
2972 4490 3255 4561 ἀποπηδᾷν
3284 4492 3586 4557 ἀναγκάσει
3624 4493 3858 4562 ταχέως.

2204 4574 2362 4626 Ἀλλά
2394 4575 2763 4649 καταγελῶσιν
2796 4578 2991 4628 ἐκεῖνοι
3007 4592 3029 4611 ’ν
3074 4576 3209 4632 ἀλλὰ
3260 4578 3324 4630 σὺ
3362 4576 3630 4648 δάκρυσον
3680 4577 3861 4631 αὐτῶν

2189 4662 2287 4728 τὴν
2326 4654 2687 4731 παρῦομίαν.
2731 4662 2921 4715 Πολλοὶ
2953 4664 3045 4715 καὶ
3074 4662 3168 4716 τοῦ
3202 4663 3324 4716 Νῶε
3362 4664 3732 4731 κατεγέλασάν
3761 4681 3861 4718 πο-

2190 4764 2267 4811 τε,
2297 4748 2383 4802 ὅτε
2407 4748 2501 4818 τὴν
2526 4749 2755 4802 κιϐωτὸν
2786 4750 3186 4815 κατεσκεύαζεν
3208 4771 3222 4784 ·
3255 4753 3368 4807 ἀλλ’
3395 4754 3483 4807 ὅτε
3510 4748 3674 4821 ἦλθεν
3706 4754 3735 4806 6
3761 4772 3862 4808 κα-

2187 4836 2517 4905 τακλυσμὸς,
2552 4838 2755 4900 ἐκεῖνος
2787 4839 2965 4901 αὐτῶν
2996 4841 3328 4910 κατεγέλασε
3355 4855 3369 4869 ·
3404 4841 3603 4911 μᾶλλον
3630 4842 3686 4895 δὲ
3711 4830 3861 4895 οὐδέ-

2187 4939 2317 4975 ποτε
2369 4922 2547 4976 αὐτῶν
2579 4925 2940 4992 κατεγέλασεν
2964 4929 2991 4978 6
3017 4927 3245 4991 δίκαιος,
3280 4924 3394 4981 ἀλλ’
3420 4928 3687 4999 ἐθρὴνησε
3716 4930 3813 4983 καὶ
3831 4941 3857 4969 ο

2186 5008 2663 5073 ἐστέναξεν.”οταν
2683 5006 2774 5063 οῦν
2811 5011 2924 5082 ian;
2947 5012 3241 5079 γελῶντας,
3271 5012 3543 5084 ἐννόησον,
3570 5014 3650 5065 ὅτι
3678 5014 3727 5065 οἱ
3760 5030 3857 5082 γε-

2187 5093 2383 5159 λῶντες
2412 5095 2506 5146 νῦν
2535 5094 2742 5160 ὀδόντες
2770 5098 2892 5150 τότε
2922 5099 3196 5168 κλαυθμὸν
3223 5101 3315 5151 καὶ
3338 5099 3581 5171 βρυγμὸν
3613 5100 3856 5169 ὑποστή-

2188 5196 2371 5237 σονται
2403 5178 2803 5251 χαλεπώτατον,
2844 5186 2939 5241 καὶ
2982 5185 3076 5237 τοῦ
3120 5185 3354 5253 γέλωτος
3377 5186 3569 5239 τούτου
3606 5184 3854 5259 μνησθὴ-

2188 5285 2367 5322 σονται
2391 5268 2668 5341 τρίζοντες
2709 5274 2829 5329 κατ’
2861 5274 3075 5343 ἐκείνην
3099 5274 3197 5345 τὴν
3223 5274 3434 5346 ἡμέραν
3456 5273 3548 5328 καὶ
3583 5274 3845 5346 βρυχόμε-

2185 5372 2283 5409 νοιο
2303 5356 2421 5409 τότε
2450 5357 2837 5429 ἀναμνησθήσῃ
2873 5358 2967 5413 τοῦ
2999 5361 3235 5429 γέλωτος
3265 5361 3477 5415 τούτου.
3539 5363 3688 5415 Πόσα
3714 5380 3852 5418 κατ-

2184 5445 2409 5512 εγέλασε
2458 5444 2555 5499 τοῦ,
2614 5446 2865 5517 Λαζάρου
2914 5452 2944 5501 6
2998 5449 3277 5514 πλούσιοςί
3309 5451 3424 5505 ἀλλ’
3452 5450 3676 5523 ὕστερον
3727 5454 3859 5513 ἰδὼν

2245 5695 2437 5771 θεων,
2458 5711 2526 5768 τῷ
2550 5711 2767 5771 στόματι.

2242 5770 2264 5798 ⁸
2294 5766 2444 5818 Savil.
2470 5766 2520 5820 cl
2545 5766 2671 5821 unu's
2694 5771 2939 5832 ἐθρήνησεν
2964 5772 3135 5839 αὐτῶν,
3171 5778 3267 5826 καῖ.
