4190 6322
187 420 291 478 209

189 528 314 600 quid
342 535 489 583 recte
509 525 858 582 efficiendum
883 532 986 592 est,
1011 521 1156 595 quod
1171 531 1209 578 a
1228 521 1343 578 Deo
1368 515 1696 592 praecipitur,
1718 517 1794 574 ibi

202 630 293 674 ton
322 633 457 690 opus
501 631 624 673 esse
652 617 741 672 vel
768 615 1023 688 temporis
1049 613 1138 670 vel
1180 613 1387 670 dierum
1427 625 1674 678 numero,
1704 618 1796 665 aut

201 710 378 778 spatiis
407 723 696 774 annorum,
727 707 822 764 sed
853 709 1045 763 timore
1069 704 1188 761 solo
1212 715 1268 760 et
1287 704 1565 776 religione,
1599 711 1655 758 et
1680 716 1799 756 om-

202 800 334 859 nium
366 808 652 872 compotes
679 783 997 864 effléiemur,
1026 792 1185 870 idque
1211 797 1351 852 intra
1374 797 1628 867 exiguum
1663 803 1792 850 tem-

203 906 316 963 pus.

267 981 320 1037 8.
364 981 554 1038 Contra
583 983 770 1038 malum
788 981 1006 1052 furandi
1041 980 1469 1035 consuetudinem.
1501 1009 1575 1020 —-
1601 976 1796 1032 Verum

202 1089 266 1129 ne
292 1073 613 1130 existimetis
642 1089 728 1129 me
759 1073 808 1127 id
840 1084 1040 1128 temere
1066 1071 1265 1136 dicere,
1289 1069 1558 1125 hominem
1587 1067 1652 1122 ad
1680 1068 1797 1136 jus-

197 1165 483 1236 jurandum
529 1167 984 1238 promptissimum
1031 1174 1086 1220 et
1128 1181 1287 1236 quem
1333 1179 1428 1219 vos
1467 1163 1798 1218 arbitramini

201 1257 364 1312 multo
389 1257 545 1327 plura
573 1257 869 1326 iuramenta
892 1257 1131 1328 proferre
1154 1272 1312 1327 quam
1336 1257 1522 1322 verba,
1544 1270 1666 1310 eum
1695 1253 1798 1308 mi-

203 1347 254 1401 lii
277 1349 401 1404 date
429 1350 501 1404 ad
531 1349 717 1405 decem
747 1350 892 1417 dies,
939 1359 992 1405 et
1019 1350 1120 1404 nisi
1165 1349 1239 1403 illi
1271 1350 1406 1404 intra
1437 1361 1636 1418 paucos
1670 1347 1801 1401 istos

203 1439 313 1496 dies
339 1442 788 1498 consuetudinem
813 1441 1027 1510 jurandi
1053 1441 1325 1496 abstulero
1344 1481 1360 1506 ,
1389 1450 1632 1495 extremo
1671 1453 1802 1507 sup-

203 1534 356 1604 plicio
378 1551 473 1590 me
500 1535 850 1591 condemnate
880 1554 894 1589 :
923 1534 1142 1606 etquod
1170 1535 1268 1588 ista
1297 1533 1456 1588 verba
1483 1548 1588 1587 non
1610 1545 1801 1585 vanam

199 1625 548 1694 jactationem
577 1627 843 1691 habeant,
890 1643 953 1681 ex
986 1627 1147 1682 rebus
1173 1635 1298 1680 ante
1326 1626 1458 1679 actis
1488 1625 1692 1678 clarum
1720 1621 1804 1676 fa-

203 1718 358 1771 ciam.
389 1716 531 1783 Quid
557 1717 806 1771 Ninivitis
829 1715 1263 1783 irrationabilius,
1296 1714 1422 1784 quid
1444 1714 1694 1768 stultius?
1719 1720 1805 1766 at-

204 1815 374 1874 tamen
407 1808 625 1862 barbari
675 1809 763 1862 isti
811 1817 863 1862 et
902 1807 1072 1872 stulti,
1122 1807 1211 1878 qui
1258 1805 1522 1860 neminem
1552 1817 1804 1873 umquam

208 1899 584 1971 philosophum
629 1901 924 1964 audierant,
953 1901 1145 1970 quibus
1175 1915 1465 1969 numquam
1497 1899 1619 1953 talia
1663 1913 1802 1967 prm-

205 1992 582 2059 eepta.tradita
609 2001 779 2054 erant,
819 1991 1015 2046 auditis
1043 1991 1124 2045 his
1150 1989 1424 2061 propheta:
1464 1987 1660 2052 verbis,
1695 1988 1805 2042 Ad-

208 2080 300 2134 huc
329 2091 428 2135 tres
455 2082 586 2146 dies,
617 2090 664 2135 et
685 2079 872 2134 Ninive
897 2081 1211 2136 subvertetur
1248 2080 1409 2153 (Jan.
1439 2083 1489 2136 5.
1520 2081 1594 2150 ι)
1622 2094 1636 2134 :
1668 2081 1805 2134 intra

208 2180 313 2226 tres
337 2171 454 2226 dies
484 2171 845 2240 deposuerunt
874 2173 1067 2225 malam
1089 2172 1531 2226 consuetudinem
1559 2189 1572 2224 :
1601 2182 1806 2225 scorta-

209 2274 288 2316 tor
314 2275 528 2328 castus,
571 2263 728 2319 ferox
761 2273 1105 2330 mansuetus,
1146 2263 1490 2319 defraudator
1533 2273 1587 2320 et
1626 2273 1809 2334 raptor

209 2354 481 2410 modestus
506 2364 562 2409 et
588 2355 847 2424 benignus
867 2396 884 2421 ,
914 2355 1135 2424 ignavus
1176 2355 1465 2410 industrius
1495 2355 1665 2409 factus
1703 2363 1804 2408 est.

209 2447 384 2517 Neque
411 2464 597 2512 unum,
622 2457 712 2502 aut
737 2449 982 2511 alterum,
1006 2456 1100 2501 aut
1141 2447 1375 2510 tertium,
1406 2458 1497 2500 aut
1518 2455 1805 2516 quartum,

209 2543 298 2596 sed
329 2542 507 2596 omnia
540 2542 665 2595 vitia
695 2541 854 2595 simul
881 2547 1250 2595 correxerunt.
1278 2538 1332 2593 Id
1356 2539 1496 2593 unde
1520 2537 1700 2608 patet?
1728 2537 1807 2592 Ex

209 2634 379 2688 verbis
431 2633 729 2703 proplietrc,
781 2635 894 2702 ipse
947 2633 1089 2686 enim
1143 2641 1422 2686 accusator
1467 2645 1676 2696 eorum,
1718 2629 1807 2700 qui

209 2723 411 2778 dixerat
440 2723 749 2778 ascendisse
773 2725 838 2777 ad
862 2726 1022 2778 canos
1049 2725 1340 2779 clamorem
1373 2724 1590 2776 malitiae
1619 2739 1807 2777 eorum

213 2814 354 2887 (Jan.
386 2816 437 2870 1.
468 2809 569 2884 2),
604 2817 656 2885 ip
685 2831 718 2869 e
739 2858 753 2881 ,
791 2815 1027 2884 inquam,
1060 2815 1112 2868 in
1140 2806 1468 2868 contrarium
1499 2814 1566 2869 de
1596 2815 1700 2868 illis
1727 2824 1807 2868 te-

212 2916 374 2960 status
395 2915 498 2973 est,
524 2906 732 2971 dicens,
765 2904 904 2958 Vidit
920 2904 1058 2958 Deus
1083 2904 1348 2974 quemlibet
1370 2893 1621 2958 abstitisse
1637 2921 1668 2956 a
1689 2922 1810 2974 pra-

212 2996 282 3052 uis
303 2996 390 3050 niis
410 2998 516 3049 suis
545 2995 657 3057 (Id.
689 2998 743 3050 5.
778 2995 890 3065 10.)
914 3036 929 3060 ,
959 3011 1065 3049 ιιοη
1106 2995 1412 3064 singulatim
1443 2994 1574 3047 dixit
1601 3009 1630 3046 a
1655 3008 1807 3048 scor-

214 3087 426 3153 tatione,
459 3087 724 3141 adulterio
751 3094 844 3140 aut
869 3069 1028 3148 furto,
1057 3083 1170 3149 sed,
1205 3084 1250 3137 Α
1279 3084 1369 3138 viis
1387 3085 1492 3138 suis
1517 3085 1705 3154 pravis.
1738 3084 1809 3138 At

213 3179 474 3248 quomodo
503 3178 859 3233 abstiterunt?
891 3176 958 3232 Ut
1007 3177 1146 3230 Deus
1191 3175 1370 3242 novit,
1410 3190 1516 3230 non
1545 3183 1602 3228 ut
1646 3173 1806 3227 homo

213 3272 430 3325 censuit.
478 3271 646 3325 Porro
691 3284 867 3324 annon
911 3267 1214 3338 pudendum
1255 3267 1510 3322 barbaros
1540 3268 1678 3320 intra
1713 3267 1808 3320 tri-

215 3360 368 3416 duum
393 3368 486 3416 sua
514 3361 638 3416 vitia
661 3377 856 3416 exuere
876 3402 891 3427 ,
931 3374 1027 3414 nos
1055 3374 1122 3414 ne
1149 3375 1309 3414 unam
1335 3359 1547 3427 quidem
1576 3374 1802 3415 consue-

214 3450 440 3507 tudinem
461 3453 656 3506 malam
687 3467 939 3521 superare
967 3466 1143 3521 posse,
1172 3451 1262 3520 qui
1287 3466 1382 3519 per
1411 3459 1486 3505 tot
1511 3450 1627 3504 dies
1650 3450 1806 3504 insti-

215 3543 404 3596 tuimur
423 3552 582 3611 atque
607 3542 1076 3611 docemuriAtqui
1096 3542 1168 3594 illi
1189 3540 1257 3594 ad
1277 3550 1516 3595 extrema
1539 3541 1664 3595 vitia
1684 3556 1809 3596 eve-

217 3633 284 3689 eti
317 3641 472 3688 erant
504 3652 517 3687 :
549 3649 672 3689 cum
714 3633 860 3688 enim
905 3631 1080 3696 audis,
1114 3631 1328 3687 Clamor
1359 3631 1582 3686 malitia:
1611 3649 1792 3686 eorum

217 3726 441 3778 ascendit
472 3725 544 3778 ad
580 3741 660 3777 me
689 3725 727 3788 ⁸,
758 3739 829 3777 ne
858 3723 993 3777 mihi
1020 3723 1165 3778 aliud
1197 3723 1464 3794 intelligas
1492 3739 1656 3793 quam
1689 3724 1793 3777 im-

219 3831 456 3870 mensam
483 3814 773 3879 malitiam;
800 3823 1038 3869 attamen
1060 3822 1357 3885 potuerunt
1385 3815 1526 3869 intra
1551 3814 1794 3869 triduum

217 3903 276 3954 ad
302 3903 562 3975 integram
583 3907 833 3962 virtutem
851 3925 971 3964 sese
988 3910 1303 3963 transferre.
1329 3909 1430 3963 Ubi
1449 3911 1592 3965 enim
1617 3911 1782 3966 timor

219 3988 435 4056 Dci,non
454 4011 591 4063 opus
607 4006 691 4051 est
707 3998 898 4052 diebus
916 4000 1198 4068 autspatio
1217 4002 1495 4069 temporis;
1514 4011 1778 4058 utcontra

213 4082 295 4137 ubi
325 4094 498 4140 metus
529 4101 637 4142 non
668 4093 768 4152 est,
802 4085 934 4139 nihil
959 4085 1223 4140 commodi
1268 4101 1330 4140 ex
1361 4084 1550 4141 diebus
1593 4100 1802 4141 euaser-

213 4185 310 4230 tur.
341 4175 408 4232 Ut
438 4178 581 4231 enim
616 4192 738 4230 vasa
766 4177 1064 4248 acruginosa
1084 4218 1099 4244 ,
1127 4179 1169 4232 si
1193 4193 1326 4247 aqua
1353 4178 1523 4232 solum
1546 4178 1799 4247 ablueris,

212 4267 305 4320 etsi
331 4269 554 4322 multum
585 4268 841 4337 temporis
863 4269 1118 4335 insumas,
1149 4284 1481 4338 nequaquam
1508 4269 1654 4324 omni
1677 4271 1802 4324 vitio

212 4360 553 4430 expurgabis;
597 4361 684 4430 qui
715 4374 892 4415 autem
925 4377 987 4416 ea
1026 4361 1077 4415 in
1124 4361 1495 4416 conflatorium
1527 4364 1799 4433 immittit,

211 4449 351 4506 brevi
373 4454 630 4523 temporis
657 4466 932 4508 momento
963 4454 1324 4524 splendidiora
1353 4456 1438 4510 ila
1465 4455 1610 4522 facit,
1642 4473 1801 4527 quam

212 4558 324 4612 quat
350 4560 484 4599 nova
511 4554 636 4600 sunt
663 4565 676 4598 :
707 4547 777 4600 ita
808 4548 968 4602 etiam
996 4548 1173 4602 anima
1204 4550 1402 4617 peccati
1428 4565 1635 4604 veneno
1665 4551 1800 4607 infe-

213 4645 311 4698 cta,
339 4637 381 4691 si
426 4638 614 4693 leviter
639 4646 694 4693 et
724 4647 1011 4708 utcumque
1042 4641 1272 4709 scipsam
1297 4643 1601 4710 exterserit,
1626 4653 1679 4697 et
1709 4659 1803 4712 per

213 4725 438 4796 singulos
471 4730 587 4785 dies
613 4731 979 4799 paenitentiam
1008 4733 1378 4802 assunipserit,
1408 4733 1544 4787 nihil
1572 4735 1803 4803 amplius

214 4821 568 4878 nanciscetur:
588 4823 728 4892 quod
756 4825 808 4896 si
827 4823 987 4878 veluti
1019 4823 1072 4878 in
1095 4823 1364 4880 fornacem
1401 4825 1500 4879 Dei
1545 4824 1798 4882 timorem

214 4922 268 4963 se
287 4911 542 4980 injecerit,
559 4914 707 4970 brevi
735 4914 990 4984 temporis
1011 4923 1283 4968 momento
1308 4915 1560 4984 quidquid
1579 4916 1692 4969 vitii
1719 4927 1797 4970 est

216 5001 403 5058 abluet.
446 5004 526 5059 Ne
559 5005 718 5076 igitur
743 5006 796 5058 in
829 5005 1126 5074 proximum
1148 5004 1290 5059 diem
1310 5005 1798 5073 procrastinemur:

217 5093 471 5150 Nescimus
500 5097 633 5150 enim
658 5098 778 5166 quid
802 5113 1012 5167 sequens
1038 5097 1145 5150 dies
1174 5097 1334 5165 pariet
1376 5096 1558 5165 (Prov.
1592 5097 1683 5151 27.
1719 5097 1797 5169 1);

213 5200 376 5258 neque
417 5184 675 5251 dicamus,
725 5188 1058 5243 Pedetentim
1107 5189 1304 5243 malam
1357 5190 1801 5244 consuetudinem

212 5278 512 5334 evincemus
541 5298 553 5333 :
598 5279 730 5334 illud
763 5281 905 5334 enim
932 5280 1255 5350 pedetentim
1291 5296 1576 5351 numquam
1604 5282 1795 5342 deerit.

216 5365 557 5432 Quamobrem
591 5369 710 5425 istis
733 5370 956 5426 omissis.
983 5371 1115 5426 illud
1147 5371 1393 5426 dicamus
1433 5389 1447 5424 :
1488 5372 1594 5426 Nisi
1642 5372 1800 5429 hodie

213 5459 815 5530 eorrexerimusjurarrdi
834 5477 1362 5533 morem,numquam
1381 5446 1634 5530 futurum,
1657 5473 1717 5520 ut
1732 5464 1799 5522 ab

212 5565 271 5604 eo
295 5552 629 5618 absistamus,
654 5553 862 5609 etiamsi
889 5555 1036 5610 mille
1063 5567 1308 5625 premant
1338 5553 1571 5626 negetia,
1602 5558 1796 5614 etiam-

214 5641 251 5693 si
279 5645 602 5701 moriendum
628 5646 716 5715 sit,
746 5647 1001 5717 supplicia
1027 5648 1298 5703 subeunda
1321 5651 1445 5715 sint,
1475 5651 1650 5703 omnia
1677 5667 1792 5719 per-

280 5740 296 5767 ‘
329 5739 440 5789 Haec
460 5748 578 5806 sunt
598 5740 780 5791 Genes.
808 5757 942 5802 xvm,
965 5745 1044 5799 20.
1065 5759 1176 5806 quia
1196 5742 1792 5806 protulitCliryspstonius

225 5812 400 5912 ustum?
441 5804 572 5917 quod
614 5809 693 5853 est
734 5806 872 5855 Jonae
897 5819 928 5866 ι,
972 5807 1018 5864 2,
1045 5804 1168 5866 Quia
1200 5804 1432 5857 ’uscenrlit
1462 5804 1649 5917 mollitia
1690 5805 1795 5870 ejus

228 5874 250 5909 ς
417 5878 462 5915 tn
495 5903 507 5914 .
1556 5869 1670 5917 intr.

228 5874 378 5912 coram
417 5877 507 5917 mc.
1537 5869 1670 5917 lim.

1189 409 1281 466 AD
1321 404 1641 465 POPULUM
1682 401 2174 465 ANTIOCHENUM
2232 401 2468 459 llOlllL.
2513 397 2630 456 XX.

3391 388 3502 445 9.10

1900 513 2076 573 denda
2105 515 2212 569 sint
2243 531 2258 568 :
2289 527 2396 569 non
2417 509 2666 568 dabimus
2683 506 2900 565 diabolo
2927 504 3158 578 ignaviae
3184 501 3502 574 potestatem

1901 619 2077 676 neque
2108 600 2688 673 comperendinationis
2714 598 3072 654 occasionem.
3103 596 3330 652 Si'Deus
3351 596 3505 650 vide-

1899 697 1970 752 rit
1991 707 2135 751 tuam
2162 695 2396 751 animam
2424 693 2646 765 ignitum
2678 703 2734 748 et
2761 688 3050 746 excitatum
3085 687 3320 743 studium
3341 729 3356 748 .
3389 688 3508 758 ipso

1901 801 2112 858 quoque
2137 785 2398 856 profectui
2434 793 2524 839 tuo
2550 796 2768 853 operam
2792 779 3028 836 navabit.
3055 778 3293 835 Obsecro
3321 788 3377 834 et
3401 780 3503 833 ob-

1905 889 2092 946 testor,
2117 879 2402 950 diligentes
2428 877 2617 943 simus,
2641 890 2710 931 ne
2730 883 2785 930 et
2805 886 2904 930 nos
2922 871 3224 935 audiamus,
3259 869 3507 926 Honiines

1905 969 2150 1024 Ninivita:
2171 977 2396 1039 surgent,
2435 976 2484 1021 et
2512 959 2926 1021 condemnabam.
2949 963 3324 1033 generationem
3354 963 3508 1014 istam

1905 1061 2057 1136 (Luc.
2088 1063 2172 1117 il.
2198 1062 2268 1118 '52
2288 1065 2304 1128 )
2328 1102 2343 1127 ,
2379 1075 2444 1116 eo
2471 1057 2617 1130 quod
2655 1057 2732 1112 illi
2762 1054 2929 1111 semel
2954 1054 3213 1109 admoniti
3240 1068 3361 1109 sese
3385 1069 3509 1109 cor-

1903 1153 2160 1219 rexerint,
2189 1168 2287 1208 nos
2316 1166 2460 1222 sarpe
2481 1149 2739 1205 admoniti
2768 1161 2876 1202 non
2899 1159 3315 1202 convertamur:
3350 1147 3424 1201 illi
3455 1147 3508 1200 in

1905 1245 2049 1300 omni
2080 1245 2275 1298 virtute
2297 1241 2658 1311 profecerunt,
2699 1253 2799 1294 nos
2820 1253 2888 1293 ne
2913 1246 3119 1308 partem
3155 1236 3370 1306 quidem
3392 1237 3510 1290 vir-

1907 1333 2033 1389 tutis
2054 1333 2206 1388 nobis
2231 1345 2520 1405 paramus:
2550 1329 2626 1384 illi
2642 1329 2801 1384 minis
2826 1327 3126 1384 eversionis
3160 1336 3510 1396 cxpaverunt,

1908 1439 2007 1480 nos
2034 1423 2440 1478 denuntiatione
2465 1417 2729 1491 gehennae
2757 1433 2862 1473 non
2885 1426 3254 1473 exterreamur
3286 1433 3299 1468 :
3333 1417 3408 1472 illi
3435 1425 3516 1472 et-

1907 1515 1952 1570 si
1975 1513 2353 1585 prophetarum
2380 1510 2666 1584 participes
2702 1525 2811 1566 non
2837 1509 3067 1575 fuerint,
3093 1523 3217 1564 cum
3246 1523 3344 1562 nos
3385 1523 3516 1578 per-

1910 1615 2066 1677 petua
2093 1605 2333 1660 doctrina
2361 1613 2416 1660 et
2437 1605 2601 1659 multa
2630 1602 2796 1674 gratia
2829 1600 3183 1671 perfruamur.
3215 1601 3342 1654 lltce
3370 1614 3511 1654 nunc

1910 1697 2122 1767 loquor,
2154 1713 2261 1751 non
2290 1711 2386 1750 vos
2411 1696 2479 1750 de
2527 1694 2738 1761 vestris,
2769 1693 2862 1747 sed
2891 1691 2961 1748 de
2989 1692 3179 1746 alienis
3201 1689 3517 1746 criminibus

1910 1787 2184 1842 incusans.
2216 1787 2325 1857 Ego
2352 1787 2512 1851 enim,
2544 1786 2676 1851 scio,
2704 1783 2844 1853 quod
2866 1791 2922 1837 et
2945 1790 3071 1837 ante
3089 1781 3219 1846 dixi,
3251 1781 3422 1851 legem
3447 1780 3515 1836 de

1905 1877 2255 1948 jurejurando
2284 1876 2508 1948 pulchre
2551 1884 2607 1930 et
2643 1871 2934 1930 efficaciter
2982 1888 3014 1927 a
3053 1872 3203 1926 vobis
3250 1873 3513 1941 prmstari.

1912 1966 2108 2023 Verum
2153 1967 2206 2022 id
2246 1983 2352 2022 non
2391 1967 2523 2020 satis
2566 1974 2650 2019 est
2691 1963 2756 2018 ad
2787 1973 3024 2018 nostram
3055 1962 3302 2028 salutem,
3332 1962 3433 2015 nisi
3463 1972 3518 2016 et

1909 2058 2044 2113 alios
2085 2057 2328 2112 docendo
2365 2056 2802 2110 corrcxerimus:
2837 2051 3269 2122 quandoquidem
3313 2067 3380 2106 ne
3428 2052 3515 2106 ille

1912 2150 2127 2220 quidem
2149 2148 2468 2220 supplicium
2490 2148 2679 2213 evasit,
2707 2147 2795 2216 qui
2815 2146 3068 2200 talentum
3097 2144 3336 2214 protulit,
3360 2155 3414 2199 et
3436 2155 3516 2198 to-

1913 2251 2026 2296 tum
2067 2241 2370 2311 depositum
2399 2240 2632 2296 reddidit
2664 2237 2873 2310 (Matth.
2905 2237 2976 2292 25
3004 2236 3020 2306 )
3058 2252 3164 2292 :eo
3189 2235 3330 2306 quod
3361 2252 3516 2293 acce-

1911 2342 2057 2405 ptam
2081 2335 2364 2403 pecuniam
2403 2334 2549 2387 nullo
2579 2333 2815 2386 auctario
2853 2331 3250 2400 multiplicant.
3303 2329 3507 2398 Quam-

1913 2425 2103 2480 obrem
2131 2441 2240 2480 non
2275 2424 2404 2480 illud
2433 2441 2463 2479 a
2492 2423 2646 2478 nobis
2666 2423 3014 2493 spectandum
3038 2464 3050 2485 ,
3096 2437 3166 2476 an
3193 2421 3290 2491 ipsi
3320 2422 3387 2475 ab
3415 2422 3517 2476 hoc

1911 2518 2303 2588 peccatoliberi
2321 2518 2522 2582 simus;
2555 2531 2740 2570 verum
2767 2524 3052 2585 antequam
3080 2523 3132 2567 et
3155 2513 3289 2568 alios
3320 2513 3514 2567 liberos

1912 2609 2221 2674 reddamus,
2252 2624 2320 2664 ne
2341 2609 2680 2664 absistamus.
2707 2606 2944 2675 Quisque
2963 2604 3150 2659 decem
3179 2605 3380 2657 amicos
3406 2618 3434 2655 a
3457 2617 3517 2656 se

1911 2712 2185 2756 correctos
2216 2701 2326 2755 Deo
2364 2700 2624 2765 adducat,
2657 2701 2770 2752 sive
2803 2698 2910 2753 sint
2935 2696 3115 2751 famuli
3140 2739 3156 2764 ,
3205 2697 3317 2751 sive
3357 2695 3520 2749 disci-

1913 2794 2055 2862 Nli;
2093 2795 2234 2863 quod
2262 2792 2308 2848 si
2339 2807 2437 2847 nec
2465 2790 2756 2861 discipulos
2782 2803 2885 2844 nec
2927 2787 3152 2842 famulos
3191 2785 3379 2850 habes,
3411 2788 3518 2840 sal-

1913 2895 2019 2939 tem
2046 2891 2248 2939 amicos
2281 2884 2472 2948 habes;
2520 2884 2618 2938 hos
2654 2880 2907 2938 emenda.
2945 2879 3128 2948 Neque
3174 2877 3303 2931 mihi
3333 2877 3480 2932 dicas
3502 2920 3515 2944 ,

1910 2978 2165 3034 Crebram
2197 2978 2343 3033 illam
2369 2977 2584 3049 jurandi
2610 2975 2979 3031 assiduitatem
3011 2974 3327 3043 abjeeimus,
3360 2987 3517 3026 raro-

1911 3086 2012 3140 que
2038 3070 2306 3136 labimur;
2335 3085 2521 3124 verum
2547 3078 2600 3123 et
2628 3067 2766 3122 hanc
2788 3082 3000 3137 quoque
3024 3065 3299 3120 raritatem
3326 3064 3516 3133 depel-

1912 3161 2011 3215 las.
2036 3161 2090 3216 Si
2118 3177 2280 3214 unum
2303 3175 2520 3214 aureum
2542 3159 2884 3228 perdidisses,
2907 3157 2995 3212 dic
3016 3156 3165 3221 mihi,
3191 3171 3368 3210 nonne
3393 3171 3482 3210 om
3499 3187 3516 3197 -

1911 3265 2006 3306 nes
2035 3251 2212 3308 obires
2240 3250 2531 3321 quaerendo
2555 3257 2610 3304 et
2634 3247 2946 3318 vestigando
2971 3288 2985 3312 ,
3026 3257 3084 3302 ut
3115 3245 3419 3302 invenires?
3458 3245 3514 3302 ld

1911 3357 2120 3412 quoque
2163 3342 2216 3396 in
2255 3342 2572 3410 juramentis
2600 3340 2777 3395 facito.
2821 3341 2877 3395 Si
2920 3340 3120 3395 videris
3149 3350 3200 3394 te
3240 3340 3515 3409 inopinato

1909 3431 1977 3487 ad
2004 3448 2163 3487 unum
2188 3432 2563 3504 jusjurandum
2589 3432 2818 3502 lapsum,
2853 3430 3160 3502 ingemisce,
3196 3432 3336 3500 luge,
3361 3433 3514 3500 quasi

1909 3512 2000 3592 qui
2025 3524 2202 3577 omnia
2243 3526 2331 3577 tua
2360 3522 2498 3577 bona
2526 3523 2844 3593 perdideris.
2876 3521 3072 3576 lterum
3102 3521 3220 3576 dico
3242 3563 3256 3586 ,
3285 3521 3427 3592 quod
3460 3531 3518 3576 et

1909 3622 2064 3669 antea
2095 3615 2202 3669 dixi
2233 3633 2246 3668 :
2285 3614 2504 3670 include
2533 3624 2585 3670 te
2613 3617 2748 3669 intra
2780 3625 2894 3669 tuas
2918 3614 3082 3682 :edes,
3115 3614 3516 3669 meditationem

1910 3701 2050 3759 hanc
2076 3712 2131 3758 et
2158 3706 2471 3761 exercitium
2501 3706 2747 3760 instituas
2768 3720 2888 3760 cum
2919 3720 3105 3778 uxore,
3135 3719 3259 3759 cum
3292 3705 3474 3760 liberis
3496 3748 3512 3772 ,

1907 3810 2027 3849 eum
2049 3795 2401 3852 familiaribus
2426 3815 2439 3850 :
2469 3798 2546 3851 sic
2576 3807 2749 3852 tecum
2783 3797 2928 3865 prius
2958 3797 3197 3874 loquere,
3222 3795 3338 3851 Non
3366 3794 3514 3866 prius

1907 3896 1997 3942 aut
2023 3889 2248 3958 privata,
2271 3898 2360 3943 aut
2378 3890 2589 3960 publica
2605 3891 2883 3959 attingam,
2905 3904 3064 3959 quam
3087 3889 3314 3943 animam
3339 3905 3515 3945 meam

1908 3982 2257 4052 castigarem.
2288 3982 2343 4037 Si
2375 3997 2470 4036 vos
2494 3982 2559 4036 ad
2587 3997 2708 4036 eum
2737 3981 2954 4035 modum
2986 3980 3121 4035 filios
3153 3990 3361 4036 vestros
3388 3997 3516 4035 eru-

1907 4071 2132 4140 dieritis,
2165 4074 2369 4145 ipsique
2394 4091 2578 4129 rursus
2608 4089 2754 4138 suos.
2798 4083 2958 4143 atque
2987 4075 3056 4127 ita
3085 4089 3253 4142 usque
3286 4074 3354 4128 ad
3382 4089 3514 4129 eon-

1906 4165 2317 4220 summationcm
2346 4175 2399 4221 et
2427 4167 2715 4221 adventum
2739 4163 2938 4220 Christi
2959 4163 3237 4234 disciplina
3260 4165 3358 4219 ista
3387 4180 3513 4233 pro-

1907 4267 2150 4328 pagetur,
2205 4258 2308 4311 illis
2359 4259 2447 4326 qui
2477 4258 2677 4327 primas
2727 4255 2937 4311 radices
2986 4255 3235 4321 fixerunt,
3284 4255 3513 4310 solidum

1909 4349 2184 4416 prmmium
2233 4347 2456 4404 adferet.
2512 4349 2568 4404 Si
2612 4346 2856 4417 proferre
2904 4346 3149 4401 didicerit
3201 4347 3338 4400 filius
3367 4355 3514 4413 tuus,

1906 4438 2085 4505 Crede,
2117 4456 2222 4494 non
2255 4440 2450 4510 poterit
2475 4440 2525 4492 in
2554 4439 2830 4493 theatrum
2855 4437 3170 4501 ascendere,
3203 4445 3297 4491 aut
3324 4453 3518 4508 caupo-

1908 4546 2030 4584 nam
2063 4530 2277 4593 subire,
2317 4540 2408 4584 aut
2449 4531 2580 4585 aleze
2618 4530 2914 4584 immorari.
2945 4528 3178 4582 Verbum
3211 4529 3355 4582 enim
3386 4529 3517 4584 illud

1907 4621 2024 4691 ejus
2046 4623 2123 4675 ori
2152 4637 2249 4690 pro
2276 4620 2427 4676 freno
2463 4620 2801 4685 incumbens,
2830 4619 3054 4674 invitum
3084 4635 3296 4689 quoque
3321 4619 3385 4673 ad
3415 4636 3516 4689 pu-

1906 4711 2092 4765 dorem
2123 4720 2176 4766 et
2203 4711 2575 4766 verecundiam
2613 4710 2877 4781 perpellet
2909 4728 2922 4764 :
2955 4709 3099 4780 quod
3129 4710 3175 4764 si
3223 4708 3517 4779 aliquando

1907 4801 1978 4855 ibi
2021 4803 2422 4873 conspiciatur,
2451 4804 2656 4858 resiliet
2701 4801 2826 4857 inde
2860 4802 3256 4880 quamprimum
3292 4798 3516 4870 poterit.

1907 4895 2012 4949 Sed
2037 4896 2124 4950 alii
2153 4906 2205 4950 te
2231 4897 2456 4951 irrident
2489 4915 2501 4950 :
2537 4907 2590 4949 tu
2615 4896 2850 4950 vicissim
2877 4895 2995 4948 illos
3015 4894 3258 4963 deplora.
3287 4891 3436 4946 Multi
3458 4899 3515 4948 cl

1905 4986 2018 5040 Noe
2045 4986 2274 5041 ludibrio
2305 4987 2625 5050 habuerunt,
2667 5001 2787 5040 cum
2816 5001 2994 5041 arcam
3026 4984 3322 5048 conderet;
3351 4989 3516 5039 οωω-

1907 5094 2024 5130 rum
2056 5093 2176 5143 cum
2207 5079 2350 5132 venit
2389 5078 2681 5145 diluvium,
2716 5078 2831 5146 ipse
2869 5091 2963 5131 eos
3004 5064 3238 5131 vicissim
3286 5074 3453 5128 irrisit
3486 5090 3501 5128 :

1907 5169 1990 5220 vel
2022 5169 2196 5237 potius
2221 5185 2315 5224 eos
2347 5185 2638 5238 numquam
2675 5168 2838 5222 irrisit
2865 5167 2946 5221 vir
2973 5166 3180 5236 justus,
3213 5164 3305 5219 sed
3337 5165 3517 5235 lacry-

1911 5261 2012 5315 mis
2046 5270 2100 5316 et
2133 5264 2418 5332 gemitibus
2459 5270 2818 5333 prosequutus
2843 5269 2943 5315 est.
2978 5259 3110 5315 Cum
3143 5260 3303 5329 igitur
3323 5273 3418 5313 eos
3443 5258 3519 5313 rio

1908 5354 2096 5408 dentes
2131 5355 2361 5419 videris,
2394 5355 2601 5427 Cogita,
2641 5352 2782 5423 quod
2824 5353 2912 5422 qui
2956 5367 3097 5406 nunc
3127 5349 3518 5405 cachinnantur

1910 5448 2114 5511 dentes,
2143 5457 2266 5501 tunc
2295 5449 2557 5516 ploratum
2586 5455 2640 5500 et
2671 5445 2958 5499 stridorem
2989 5443 3364 5513 gravissimum
3389 5455 3510 5495 sus-

1907 5541 2180 5605 tinebunt,
2213 5550 2265 5593 ct
2296 5539 2651 5594 lamentantes
2678 5537 2730 5591 in
2760 5537 2850 5590 illo
2875 5535 2962 5590 die
2988 5551 3051 5591 ac
3080 5533 3358 5590 collisione
3383 5532 3510 5586 stri-

1904 5633 2115 5699 dentes,
2146 5633 2287 5687 risus
2331 5631 2787 5694 recordabuutur;
2829 5637 2957 5682 tunc
2999 5635 3053 5682 et
3087 5635 3146 5681 tu
3176 5627 3317 5681 risus
3357 5624 3511 5680 istius

1906 5724 2296 5780 recordaberis.
2336 5723 2679 5792 Quantopere
2709 5720 2877 5776 irrisit
2905 5719 3163 5774 Lazarum
3204 5717 3294 5771 ille
3323 5715 3513 5771 dives?

1905 5819 2002 5876 sed.
2028 5816 2366 5890 postmodum
2415 5833 2479 5873 eo
2518 5818 2569 5872 in
2599 5816 2718 5872 sinu
2747 5812 2978 5870 Abrahae
3022 5817 3350 5882 conspecto,
3399 5807 3521 5878 ipse
