4190 6322
730 491 967 551 aeipsmn
993 482 1368 539 miserabiliter
1395 484 1634 539 deﬂevit.

772 576 851 629 νε).
872 574 1073 631 ﬂorum
1108 577 1263 645 igitur
1295 578 1537 631 omnium
1563 592 1786 643 memor,
1815 576 2080 647 compelle
2118 590 2309 646 quam-

729 667 956 731 primum
1006 681 1193 721 omnes
1239 668 1306 722 ad
1348 668 1505 738 hujus
1558 670 1806 740 prmeepti
1853 666 2308 736 adimpletionem.

733 754 912 825 Neque
936 757 1066 812 mihi
1095 758 1261 825 dicas,
1288 759 1551 815 Paulatim
1576 762 1623 815 id
1667 761 1875 826 faciam,
1904 768 1997 815 aut
2036 761 2089 814 in
2118 759 2309 814 crasti-

736 863 851 900 nam
874 847 1044 903 lucem
1076 850 1289 905 differas
1320 869 1333 903 :
1364 867 1480 906 cras
1503 853 1642 906 enim
1675 853 1800 907 illud
1829 865 2117 922 numquam
2150 850 2307 905 tinem

733 936 974 1009 accipiet.
1002 939 1356 1009 Quadraginta
1402 940 1516 994 dies
1551 944 1659 1011 jam
1698 942 2103 1011 praeterierunt:
2135 941 2177 995 si
2206 942 2306 995 Pa-

730 1028 861 1083 scha
886 1043 1095 1098 quoque
1121 1045 1329 1107 sat-rum
1354 1033 1685 1100 prutterierit,
1714 1032 1840 1086 nulli
1864 1033 1974 1101 jam
2001 1031 2195 1086 deinde
2215 1046 2306 1084 veo

726 1119 868 1173 niam
894 1118 1052 1186 dabo,
1109 1136 1213 1175 non
1240 1122 1676 1188 admonitionem,
1728 1123 1820 1177 sed
1869 1124 1981 1177 vim
2020 1124 2224 1191 imperii
2256 1131 2311 1177 et

728 1212 1065 1266 severitatem
1098 1227 1201 1275 non
1241 1214 1678 1270 contemnendam
1709 1214 1989 1269 adhibebo.
2023 1214 2137 1269 Non
2165 1216 2306 1271 enim

728 1300 894 1355 valida
918 1310 1001 1356 est
1028 1302 1144 1355 tunc
1164 1302 1562 1357 consuetudinis
1589 1304 1879 1377 excusatio.
1908 1303 2017 1360 Cur
2044 1319 2149 1359 non
2172 1322 2307 1373 prze-

727 1390 895 1445 tendit
915 1390 998 1445 fur
1026 1392 1483 1457 consuetudinem,
1529 1403 1582 1448 et
1625 1409 1652 1447 a
1703 1395 1963 1465 supplicio
2012 1396 2309 1450 liberatur!

722 1496 819 1535 cur
847 1497 950 1535 non
995 1483 1134 1545 idem
1163 1483 1284 1538 facit
1313 1484 1573 1540 homicida
1611 1494 1665 1540 et
1704 1487 1957 1542 adulter?
1987 1487 2106 1543 iam
2148 1486 2308 1557 igitur

722 1571 977 1627 denuntio
1028 1584 1076 1629 et
1109 1582 1395 1643 protestor,
1422 1577 1465 1630 si
1498 1579 1809 1631 conveniam
1852 1577 2107 1647 singulos,
2138 1586 2191 1629 et
2215 1592 2306 1630 ev-

723 1682 1006 1699 *Ἢ

1438 371 1502 430 5.
1535 367 1812 429 JOANNYS
1850 367 2322 427 CIIRYSOSTOMI
2364 368 2680 424 ARCHIEP.
2720 368 3251 427 CONSTANTINOP.

3909 373 4015 430 εις

2420 482 2775 549 perimentum
2801 497 3010 536 sumam
3035 482 3180 555 (nam
3208 483 3347 536 haud
3378 483 3541 540 dubie
3566 488 3836 554 sumam);
3871 484 4008 555 quod

2420 575 2464 628 si
2492 572 2886 645 deprehendam
2912 574 3118 645 alittuos
3167 574 3283 630 hac
3329 575 3457 630 vitia
3507 594 3620 632 non
3656 578 3957 633 correxisse
3982 616 3999 641 ,

2417 681 2627 736 p03an
2663 666 2935 737 irrogabo,
2968 666 3197 733 edicam,
3226 676 3284 720 ut
3303 666 3434 721 foris
3456 676 3605 723 extra
3632 682 3785 723 sacra
3806 675 4003 739 myste-

2417 757 2493 810 ria
2518 758 2831 820 consistant,
2860 755 3018 827 idque
3042 770 3149 809 non
3179 770 3244 810 eo
3267 755 3449 810 animo
3478 765 3536 810 ut
3569 755 3698 811 foris
3737 764 4006 821 maneant,

2416 848 2509 901 sed
2537 857 2591 901 ut
2614 855 2895 917 postquam
2936 861 2995 901 se
3024 845 3442 909 emendaverint,
3475 848 3617 901 intus
3660 846 3856 914 recepti
3880 861 4003 900 cum
4046 916 4051 917 γ

2418 953 2547 1007 pura
2576 938 2900 992 conscientia
2946 951 3102 991 saera
3124 952 3309 992 mensa
3359 936 3641 993 fruantur:
3670 939 3719 993 id
3746 939 3888 991 enim
3923 950 4008 991 cst

2416 1031 2804 1085 communionis
2826 1030 3301 1100 participemﬁeri.
3351 1031 3549 1087 Precor
3573 1043 3769 1097 autem,
3804 1042 3860 1086 ut
3913 1048 4010 1101 per

2423 1112 2615 1190 preces
2641 1132 2747 1175 tum
2776 1120 3083 1190 prazsidum,
3140 1131 3250 1175 tum
3278 1133 3583 1177 sanctorum
3620 1124 3854 1177 omnium
3889 1123 4009 1177 hac

2415 1223 2468 1265 et
2490 1211 2592 1265 alia
2618 1212 2738 1265 vitia
2766 1211 2941 1266 omnia
2971 1211 3335 1276 emendantes,
3372 1228 3592 1282 regnum
3616 1214 3869 1268 cxi-lorum
3890 1215 4011 1266 adi»

2417 1303 2705 1370 piscamur,
2755 1304 2925 1372 gratia
2972 1312 3023 1357 et
3054 1303 3379 1373 benignitate
3430 1304 3637 1359 Domini
3681 1306 3848 1358 nostri
3875 1304 4007 1359 Jcsn

2416 1391 2635 1457 Christi,
2683 1410 2803 1448 cum
2838 1409 2945 1464 quo
2987 1394 3129 1447 Patri
3178 1409 3297 1448 cum
3339 1405 3522 1448 sancto
3553 1394 3751 1463 Spiritu
3790 1396 3959 1463 gloria
3991 1436 4009 1457 ,

2418 1484 2592 1538 honor
2618 1495 2673 1540 et
2697 1484 2958 1548 adoratio,
2985 1499 3125 1538 nunc
3154 1493 3207 1537 et
3234 1499 3478 1554 semper,
3496 1497 3549 1539 et
3593 1486 3646 1538 in
3674 1486 3870 1539 smcula
3900 1499 4008 1537 sm-

2417 1576 2682 1629 culorum.
2720 1578 2906 1631 Amen.

724 1752 789 1798 ιιι
830 1710 1110 1800 ειηδαοξιι
1160 1759 1459 1801 ΡιΑγιΑκι
1507 1759 1828 1811 REDITL‘M,
1879 1760 1957 1800 ET
2002 1758 2063 1801 IN
2100 1759 2321 1813 IMPEIL

2408 1758 2534 1801 )IUS
2579 1759 2709 1801 CUM
2754 1758 3051 1802 CIVITATE
3100 1760 3747 1815 RECONCILIATIONEM,
3795 1761 3876 1803 ΕΤ
3926 1760 4011 1802 ΑΒ

1527 1857 2013 1901 ΡΒΕΥΑΙΠΩΑἸῸΒ
2057 1858 2119 1899 ιη
2165 1857 2547 1901 STATUARUM
2590 1857 3071 1901 SUBYERSIONEM
3121 1853 3177 1898 ⁸..

1318 2103 1531 2142 "Ollle
1576 2102 1684 2140 XXI.

792 2199 844 2253 ι.
878 2199 1104 2253 livet-bo
1156 2215 1183 2251 a
1242 2214 1344 2267 quo
1390 2213 1601 2268 semper
1658 2197 2007 2264 periculorum
2058 2205 2300 2265 tempore

724 2287 864 2356 apud
908 2289 1182 2342 caritatem
1235 2300 1459 2341 vestram
1494 2287 1726 2341 exordiri
1779 2301 2181 2350 consueveram,
2236 2287 2303 2341 ab

725 2376 934 2440 eodem,
969 2377 1203 2444 inquam,
1238 2388 1289 2430 et
1319 2377 1478 2430 hodie
1516 2377 1652 2445 apud
1686 2392 1779 2430 vos
1824 2390 2123 2430 sermonem
2170 2376 2300 2429 inci-

722 2467 886 2535 piam,
928 2477 984 2521 et
1035 2466 1205 2521 dicam
1258 2467 1579 2520 vobiscum:
1630 2466 1947 2520 Benedictus
2002 2466 2160 2530 Deus,
2212 2466 2300 2534 qui

721 2558 857 2612 hanc
885 2572 981 2611 nos
1016 2557 1286 2611 vobiscum
1315 2572 1522 2612 sacram
1548 2558 1935 2611 solemnitatem
1965 2572 2083 2611 cum
2107 2557 2301 2627 gaudio

720 2657 774 2703 et
799 2648 978 2702 ketitia
1008 2648 1168 2701 multa
1201 2648 1357 2703 hodie
1397 2648 1668 2703 celebrare
1707 2647 1952 2717 dignatus
1978 2657 2082 2715 est,
2125 2658 2180 2703 et
2212 2648 2301 2717 qui

721 2748 878 2808 cuput
929 2740 1139 2809 corpori
1177 2740 1420 2805 reddidit,
1458 2750 1507 2792 et
1549 2750 1816 2810 pastorem
1855 2739 2063 2803 ovibus,
2099 2755 2298 2808 prmce-

725 2840 931 2897 ptorem
960 2830 1254 2900 discipulis,
1280 2832 1531 2885 militibus
1549 2831 1758 2893 ducem,
1777 2830 2140 2885 saccrdetibus
2173 2845 2303 2898 pon-

723 2922 935 2976 tificem.
969 2922 1284 2977 Benedictus
1321 2923 1457 2975 Deus
1482 2922 1571 2990 qui
1598 2938 1664 2975 ex
1700 2921 2147 2989 super-abundanti
2188 2922 2303 2989 plus

721 3014 861 3074 facit,
912 3028 1069 3082 quam
1115 3014 1341 3083 petimus
1364 3020 1454 3065 aut
1483 3013 1777 3083 cogitamus
1824 3011 2043 3081 (Ep/res.
2094 3012 2144 3065 5.
2182 3012 2296 3081 20).

724 3102 886 3156 Nobis
912 3104 1052 3156 enim
1093 3102 1337 3157 sufficere
1362 3101 1639 3156 videbatur
1681 3101 1748 3154 ab
1793 3101 2109 3157 instantibus
2147 3101 2302 3155 malis

724 3194 932 3247 interim
981 3195 1227 3257 liberari,
1284 3204 1336 3248 et
1380 3205 1474 3263 pro
1520 3193 1621 3248 hoe
1670 3208 1881 3247 omnem
1930 3192 2302 3248 cmittcbamus

725 3286 1165 3354 supplicationem
1218 3288 1289 3351 ¹;
1348 3286 1793 3341 clementissimus
1836 3294 2011 3339 autem
2064 3285 2204 3339 Deus
2251 3294 2304 3338 et

719 3378 875 3432 donis
920 3378 1204 3444 petitiones
1235 3387 1446 3432 nostras
1492 3394 1706 3448 semper
1735 3378 1900 3433 multo
1938 3390 2165 3432 excessu
2214 3391 2302 3429 sn-

722 3484 938 3538 perans,
970 3469 1130 3539 etiam
1164 3479 1363 3538 patrem
1397 3470 1549 3524 nobis
1589 3469 1731 3522 omni
1781 3484 1875 3538 spe
1903 3469 2130 3523 celerius
2177 3466 2299 3521 red-

721 3559 873 3613 didit.
905 3558 1035 3626 Quis
1062 3560 1202 3616 enim
1244 3569 1604 3631 exspectasset
1648 3568 1753 3613 tam
1791 3558 1973 3628 paucis
2017 3558 2205 3613 diebus
2249 3562 2304 3613 et

722 3647 1109 3721 profecturum,
1137 3658 1190 3703 et
1228 3647 1604 3718 Imperatorem
1642 3649 2033 3719 alloquuturum
2061 3658 2112 3703 et
2156 3649 2300 3703 solu-

724 3748 900 3793 turum
929 3738 1171 3803 adversa,
1212 3746 1266 3794 et
1282 3753 1488 3791 rursum
1518 3739 1584 3792 ad
1612 3754 1708 3792 nos
1733 3748 1838 3792 tam
1870 3738 2017 3793 brevi
2052 3752 2300 3793 reversu-

721 3843 838 3882 rum
869 3842 1009 3893 esse,
1039 3838 1096 3882 ut
1120 3843 1329 3883 sacrum
1356 3827 1555 3896 Pascha
1588 3838 1767 3897 posset
1797 3827 2090 3897 pnevenire
2129 3836 2181 3881 et
2203 3842 2301 3881 no-

720 3922 925 3977 biscum
952 3923 1264 3977 celebrare?
1289 3922 1399 3976 Sed
1422 3938 1508 3984 en,
1538 3923 1953 3991 inexspeCtatum
1976 3921 2079 3975 hoc
2107 3920 2299 3974 factum

720 4021 820 4074 est,
869 4024 917 4069 et
946 4024 1149 4083 patrem
1188 4015 1515 4083 recepimus,
1549 4022 1602 4067 et
1644 4012 1845 4083 majore
1886 4012 2114 4066 fruimur
2147 4013 2297 4065 volu-

723 4114 887 4172 ptate,
922 4106 1090 4175 ipsum
1118 4120 1257 4160 nunc
1289 4114 1477 4175 prmter
1502 4121 1652 4175 spem
1676 4104 2031 4173 suscipiendo.
2066 4105 2172 4159 Pro
2197 4106 2299 4170 his,

724 4196 956 4264 inquam,
990 4198 1234 4251 omnibus
1259 4189 1678 4251 clementissimo
1695 4196 1805 4251 Deo
1828 4196 2027 4267 gratias
2057 4212 2294 4267 agamus,

724 4296 783 4337 et
804 4285 967 4353 ipsius
1021 4288 1308 4354 petentiam
1355 4286 1698 4349 admiremur,
1733 4297 1785 4341 ct
1825 4289 2201 4358 benignitatem
2246 4298 2301 4344 et

721 4375 1037 4443 sapientiam
1067 4385 1119 4431 et
1145 4391 1345 4441 curam,
1402 4392 1559 4445 quam
1589 4392 1684 4446 pro
1710 4378 1922 4431 civitate
1960 4380 2145 4448 gessit.
2179 4379 2301 4432 Dia.

720 4464 877 4520 holus
923 4481 1115 4536 nempe
1173 4481 1387 4523 omnem
1444 4468 1611 4537 ipsam
1665 4482 1761 4538 per
1811 4468 2047 4524 facinora
2097 4480 2299 4540 patrata

722 4555 950 4611 obruere
975 4557 1215 4621 tentavit,
1246 4557 1386 4612 Deus
1419 4572 1547 4612 vero
1562 4558 1831 4613 civitatem
1869 4567 1923 4614 et
1969 4559 2300 4616 sacerdotem

716 4656 770 4700 et
797 4646 1173 4716 Imperatorem
1196 4663 1292 4718 per
1316 4647 1453 4704 hanc
1478 4649 1687 4705 ornavit
1710 4650 2083 4716 calamitatem,
2111 4660 2162 4707 et
2186 4667 2303 4706 om-

720 4754 816 4794 nes
862 4739 1091 4797 reddidit
1135 4740 1409 4799 clariores.
1468 4741 1668 4797 Civitas
1715 4758 1908 4813 nempe
1955 4743 2329 4813 splendoremi

718 4840 998 4901 assequuta
1036 4840 1137 4897 est,
1165 4833 1287 4905 quia
1328 4833 1563 4905 periculo
1592 4834 1680 4888 tali
1732 4835 2113 4902 circumventa,
2165 4852 2298 4906 pra:-

721 4923 983 4979 termissis
1010 4925 1263 4994 omnibus
1298 4925 1429 4980 viris
1464 4925 1783 4995 potentibus,
1814 4927 2061 4982 omnibus
2102 4927 2297 4984 divitiis

722 5010 1133 5082 abundantibus,
1182 5015 1428 5073 omnibus
1461 5031 1706 5087 magnam
1742 5017 1883 5087 apud
1919 5017 2296 5089 Imperatorem

722 5106 1012 5175 potentiam
1040 5106 1374 5172 habentibus,
1405 5108 1470 5162 ad
1495 5108 1790 5163 Ecelesiam
1817 5117 1872 5163 et
1906 5093 1997 5187 Dei
2041 5112 2295 5166 sacerdo-

723 5203 830 5251 tem
858 5194 1115 5267 confugit,
1147 5208 1340 5254 etcum
1372 5198 1537 5253 multa
1564 5197 1667 5259 fide
1696 5200 1894 5255 cmlesti
1924 5216 1981 5256 se
2005 5204 2117 5273 spei
2147 5218 2297 5259 com-

723 5288 890 5343 misit.
918 5288 1093 5345 Multis
1132 5306 1359 5362 namque
1387 5299 1509 5363 post
1534 5293 1835 5348 communis
1865 5295 2029 5362 patris
2060 5296 2295 5367 peregri-

720 5380 990 5437 nationem
1018 5381 1071 5439 in
1091 5396 1305 5441 carcere
1325 5383 1625 5442 habitantes
1648 5386 1969 5442 terrentibus
1994 5396 2047 5443 et
2076 5386 2301 5444 dicenti-

737 5635 747 5645 .
776 5577 791 5607 '
827 5575 968 5649 Sevil.
996 5582 1049 5625 et
1066 5578 1257 5649 quidam
1280 5576 1358 5627 alii
1382 5579 1463 5649 sic.
1475 5579 1665 5649 titulum
1687 5580 1873 5649 habent
1898 5596 1911 5631 :
1945 5591 1999 5649 επ
2022 5579 2299 5634 reconcilia-

710 5640 887 5688 tionem
904 5640 1228 5711 _Impeyatoris_
1241 5653 1351 5711 quin
1374 5641 1579 5711 cipitate,
1619 5648 1666 5711 et
1689 5642 1740 5693 in
1756 5640 2103 5711 pra'varicntos
2122 5652 2300 5697 statua-

682 5732 695 5752 ,
711 5711 818 5767 tum
836 5699 1156 5767 νειώςεηὶωισλ,
1170 5708 1228 5767 _et
1252 5700 1300 5751 in
1321 5701 1530 5767 reditum
1552 5699 1791 5767 Episcopi.

775 5761 963 5833 "ﬁnal.
992 5770 1043 5811 et
1067 5763 1263 5833 quide
1288 5763 1373 5833 _alii
1402 5779 1414 5811 :
1456 5761 1689 5817 Instaittia
1714 5761 1936 5831 eﬂugt'ssc
1958 5768 2193 5831 pericula,
2211 5782 2300 5833 pro

713 5819 887 5881 quibus
907 5819 1098 5874 onmem'
1121 5824 1464 5885 emittebamus.
1492 5834 1585 5878 etc.

1543 6002 1663 6051 κί’-’³

2410 2076 2529 2143 bns,
2557 2079 2673 2133 Non
2695 2080 2887 2136 lenitur
2916 2082 3228 2151 imperator,
3259 2081 3548 2151 scd‘magis
3574 2083 3830 2146 irritatur,
3862 2093 3912 2137 et
3941 2083 4012 2137 de

2413 2172 2572 2226 totius
2601 2173 2828 2228 civitatis
2869 2176 3218 2231 subversione
3244 2174 3461 2243 cogitat,
3507 2182 3562 2229 et
3588 2175 3689 2228 alia
3721 2176 3884 2230 multa
3918 2174 4005 2229 his

2411 2264 2560 2333 plura
2584 2264 2996 2337 divulgantibus,
3029 2265 3191 2319 vincti
3226 2264 3393 2319 nihilo
3444 2275 3569 2320 tunc
3607 2282 3671 2319 ex
3712 2266 3813 2321 h‘ac
3860 2256 4023 2320 fania-

2412 2357 2705 2413 timidiores
2734 2359 2923 2413 redditi
2956 2368 3107 2423 sunt;
3164 2358 3259 2413 sed
3303 2358 3460 2411 nobis
3512 2357 3832 2423 dicentibus,
3878 2359 4016 2414 llme

2410 2447 2538 2501 falsa
2579 2457 2632 2503 et
2660 2448 2857 2504 diaboli
2904 2449 3104 2503 fraudis
3150 2462 3312 2517 opera
3342 2457 3485 2514 sunt,
3539 2449 3747 2503 animos
3791 2460 4010 2505 vestros

2409 2548 2757 2595 consternare
2788 2539 3033 2604 volentis,
3064 2538 3206 2592 Nihil
3234 2553 3474 2608 egemus,
3523 2537 3751 2602 aiebant,
3798 2539 3995 2593 verbo-

2408 2642 2526 2682 rum
2554 2628 2919 2683 consolatione
2949 2645 2965 2683 :
2991 2628 3189 2682 scimus
3229 2630 3371 2681 enim
3426 2626 3489 2681 ad
3528 2643 3684 2697 quem
3741 2629 3810 2683 ab
3852 2629 4006 2684 initio

2408 2718 2765 2789 confugimus,
2795 2730 2845 2775 et
2875 2719 3018 2792 quali
3040 2721 3155 2791 spei
3184 2718 3549 2774 adltmsimns:
3581 2735 3747 2774 saeue
3772 2722 4009 2776 salutem

2409 2819 2644 2865 nostram
2674 2826 2885 2867 ancora:
2936 2810 3222 2877 afllximus,
3274 2827 3374 2867 nec
3418 2810 3619 2866 homini
3672 2813 4006 2869 credidimus

2410 2901 2571 2967 hanc,
2604 2900 2699 2956 sed
2723 2901 3071 2972 omnipotenti
3096 2902 3225 2957 Deo.
3260 2904 3543 2979 Propterea
3562 2902 3759 2958 bonum
3785 2920 4011 2976 quoque

2408 2992 2567 3047 linem
2610 2994 2841 3049 futurum
2873 2996 3092 3052 omnino
3131 2994 3450 3053 confidimus
3492 3015 3505 3049 :
3550 3012 3655 3052 non
3701 3009 3785 3053 est
3832 2994 4004 3066 enim,

2408 3098 2513 3137 non
2539 3094 2619 3138 est
2646 3084 2779 3141 hanc
2805 3100 2953 3156 spem
2990 3101 3237 3157 umquam
3280 3087 3532 3142 confundi
3567 3104 3725 3157 posse
3769 3091 4006 3146 creden-

2405 3176 2553 3230 dum.
2585 3176 2697 3232 lloc
2718 3187 2847 3247 quot
2870 3192 3119 3243 coronas,
3151 3190 3281 3248 quot
3326 3179 3510 3234 laudes
3556 3181 3757 3236 civitati
3798 3195 4008 3240 nostra:

2405 3269 2769 3338 comparabit?
2793 3281 3045 3340 quantam
3076 3273 3165 3325 Dei
3195 3272 3489 3327 lucrabitur
3525 3272 3954 3331 benevolentiam
3986 3318 4003 3339 ,

2405 3359 2563 3412 etiam
2593 3358 2646 3413 in
2672 3360 2891 3430 reliquis
2922 3362 3188 3427 negotiis?
3214 3358 3337 3430 Noti
3358 3366 3625 3426 est'enim,
3664 3380 3771 3420 non
3793 3376 3878 3422 est
3902 3384 4003 3423 cu-

2400 3448 2622 3516 juslibet
2643 3449 2837 3505 animm
2868 3451 2919 3506 in
2949 3448 3295 3507 tcntationuiu
3319 3452 3535 3509 incursu
3563 3454 3799 3526 vigilare,
3844 3466 3899 3513 et
3928 3460 4003 3513 ad

2409 3536 2572 3592 Deum
2628 3528 2920 3609 respicere,
2973 3551 3029 3597 et
3073 3543 3269 3595 omni!
3298 3543 3593 3599 deridendo
3625 3545 3878 3616 humana,
3927 3550 4002 3603 ad

2404 3628 2529 3682 illttd
2557 3630 2808 3700 auxilium
2839 3631 3140 3688 anhclhsse.
3450 3642 3458 3647 '

2480 3717 2719 3773 Flaviani
2737 3720 2805 3774 ad
2833 3719 3199 3790 Imperatorem
3229 3728 3502 3795 profectus.
3521 3756 3591 3766 —
3614 3725 3776 3796 igitur
3804 3728 4000 3785 civitas

2410 3809 2623 3880 quidem
2650 3811 2723 3865 ita
2742 3812 3078 3881 splendorem
3120 3825 3399 3884 assequuta
3435 3826 3544 3882 est;
3579 3819 3832 3874 sacerdos
3871 3837 3998 3876 rur-

2405 3915 2521 3953 sum
2552 3914 2654 3955 non
2688 3902 2860 3956 minus
2908 3917 3064 3971 quam
3113 3904 3339 3961 civitas:
3370 3906 3603 3960 animam
3632 3909 3775 3962 enim
3837 3924 3999 3963 suam

2406 4006 2503 4061 pro
2557 3991 2803 4046 omnibus
2850 3994 3116 4063 exposuit,
3164 4003 3218 4051 et
3291 3997 3469 4050 multis
3541 3997 3994 4066 impedientibus,

2406 4083 2618 4153 hyeme,
2652 4093 2827 4150 nitate,
2860 4083 3311 4153 festivitate,'nec
3359 4086 3534 4141 minus
3564 4102 3750 4142 sorore
3794 4087 3861 4142 ad
3897 4105 3997 4143 cx-

2407 4185 2604 4229 tremos
2633 4176 2858 4231 deducta
2903 4178 3141 4247 spiritus,
3183 4178 3435 4234 omnibus
3482 4181 3727 4249 superior
3774 4183 4002 4239 emicuit

2405 4265 2941 4335 impedimentis,'nec
2971 4270 3106 4325 intra
3131 4270 3366 4340 seipsum
3390 4264 3525 4326 dixit
3550 4290 3562 4325 :
3588 4272 3724 4340 Quid
3754 4275 3857 4329 hoc
3882 4276 4005 4330 est?

2404 4357 2515 4411 sola
2550 4358 2703 4413 nobis
2734 4359 2989 4414 derelicta
3037 4374 3209 4425 soror,
3239 4369 3294 4418 et
3338 4376 3548 4418 mecum
3578 4361 3777 4419 Christi
3805 4365 3994 4436 jugum

2404 4447 2640 4513 trahens,
2673 4458 2726 4501 et
2752 4456 2991 4518 tempore
3013 4458 3159 4506 tanto
3204 4467 3413 4507 mecum
3456 4463 3814 4517 commorata,
3846 4470 4005 4512 nunc

2405 4530 2459 4591 in
2483 4539 2738 4593 extremis
2759 4549 2874 4605 est;
2903 4556 3001 4595 nos
3024 4556 3152 4595 vero
3177 4542 3359 4613 ipsam.
3370 4544 3680 4601 deserentes
3699 4544 4014 4612 abibimus,_

2404 4644 2505 4685 nec
2532 4631 2894 4697 exspirantem
2925 4630 3245 4699 videbimus,
3272 4643 3328 4687 et
3349 4636 3585 4690 Jllllnlns
3622 4650 3787 4691 voces
3830 4639 3996 4695 emit-

2406 4722 2657 4776 tentem?
2678 4722 2742 4776 Et
2768 4724 2881 4794 ipsa
2908 4724 3121 4795 quidem
3144 4726 3383 4796 quotidie
3411 4727 3619 4793 orabat,
3651 4737 3712 4782 ut
3740 4729 3846 4786 sibi
3875 4745 4001 4786 ocua

2402 4812 2486 4866 los
2513 4812 2883 4871 clauderemus
2901 4857 2916 4881 ,
2948 4823 3003 4870 et
3042 4829 3103 4869 os
3132 4815 3581 4890 conjungeremus
3611 4827 3669 4874 et
3696 4834 3999 4889 compone-

2403 4917 2621 4969 remus,
2653 4918 2715 4957 ac
2760 4905 2963 4975 reliqua
3003 4905 3070 4960 ad
3117 4907 3445 4978 sepulturam
3475 4918 3732 4986 consueta
3773 4926 4009 4968 curare-

2403 5008 2524 5069 mus
2551 5010 2565 5059 ;
2597 5010 2737 5049 nunc
2765 5011 2895 5052 vero
2941 5005 3211 5067 tamquam
3241 4998 3471 5067 deserta,
3498 5010 3551 5057 et
3574 5009 3749 5057 tutore
3775 5015 3993 5070 carens,

2404 5084 2537 5140 nihil
2586 5084 2775 5141 borum
2832 5099 3148 5158 asseqttetur
3183 5104 3213 5143 a
3256 5104 3551 5161 germano.
3582 5107 3615 5148 a
3640 5107 3760 5162 quo
3776 5097 4000 5166 assequi

2403 5178 2632 5233 maxime
2654 5180 3002 5249 peroptabat,
3033 5180 3387 5241 sed-animam
3418 5182 3691 5250 eminens,
3721 5197 3828 5238 non
3854 5185 4000 5241 vide-

2406 5269 2485 5324 bit
2508 5270 2746 5326 omnium
2775 5271 2877 5327 sibi
2903 5270 3465 5330 desideratissimuml
3488 5284 3541 5332 et
3578 5273 3682 5330 hoc
3721 5276 4000 5345 quomodo

2403 5375 2511 5416 non
2538 5362 2643 5417 erit
2669 5365 2866 5433 saepius
2908 5365 3137 5434 repetita
3176 5375 3349 5423 morte
3383 5366 3639 5439 gravius?
3664 5365 3919 5433 Quinimo
3945 5376 4011 5424 ar

2404 5452 2566 5525 liinge
2587 5454 2868 5525 abtuisset,
2897 5472 3078 5514 nonne
3127 5459 3410 5530 oportebat
3448 5474 3698 5525 currere,
3725 5471 3783 5517 et
3809 5462 4005 5516 omnia

2402 5544 2583 5601 facere
2634 5554 2689 5600 et
2734 5549 2877 5617 pati,
2933 5560 2993 5604 ut
3049 5550 3186 5606 hanc
3227 5551 3328 5622 ipsi
3370 5552 3598 5625 gratiam
3644 5551 3947 5626 praeberem
3968 5551 4009 5607 f-

2402 5651 2544 5691 nunc
2572 5651 2700 5691 vero
2728 5653 2892 5708 prope
2920 5654 3039 5694 cum
3067 5642 3193 5701 sim.
3222 5640 3541 5699 deseramne
3562 5682 3577 5706 ,
3611 5627 3681 5698 et
3709 5640 4003 5701 dimittens

2401 5728 2600 5782 abibo?
2622 5737 2675 5783 et
2700 5733 2971 5797 quomodo
2997 5741 3283 5803 sequentes
3303 5731 3541 5805 perferet
3563 5731 3715 5788 dies?
3738 5731 3836 5789 ille
3857 5748 3995 5791 vero

2403 5837 2509 5876 non
2539 5828 2741 5876 tantum
2775 5822 2906 5879 nihil
2946 5823 3134 5880 hormn
3162 5823 3327 5888 dixit.
3358 5823 3454 5887 sed
3486 5839 3661 5897 neque
3698 5824 3985 5897 cogitavit;
