4190 6322
299 327 408 382 Ξ13

304 453 496 493 verum
524 437 674 493 omni
700 435 1147 508 consanguinitati
1175 436 1272 493 Dei
1301 437 1548 494 timorem
1594 438 1908 510 praeferens,

309 532 450 588 bene
475 545 536 588 se
565 542 727 585 nosse
767 527 1122 595 monstravit,
1153 527 1296 600 quod
1329 528 1470 584 sicut
1491 528 1911 599 gubernatorem

307 631 691 694 tempestates,
721 631 777 683 ct
819 621 1014 679 ducem
1061 621 1316 692 pericula,
1345 622 1425 677 sic
1477 631 1533 677 et
1575 623 1912 678 sacerdotem

307 715 542 770 tentatio
593 713 927 784 comprobet.
969 712 1197 779 Omnes,
1231 712 1431 784 inquit,
1461 711 1529 767 ad
1585 727 1687 768 nos
1736 713 1913 780 respi-

306 795 461 859 cinrit
489 813 545 860 et
569 803 741 860 Judaei
768 813 824 860 et
853 803 1025 860 Crazci
1059 821 1074 859 :
1104 819 1173 859 ne
1203 801 1366 874 igitur
1392 803 1633 874 ipsorum
1665 803 1733 859 de
1761 805 1915 859 nobis

302 898 746 968 exspectationes
781 895 1136 962 fru5trernus,
1163 911 1264 951 nec
1297 904 1506 950 tantum
1536 897 1685 965 parvi
1710 894 1914 966 penda-

303 1005 428 1044 mus
467 989 800 1061 naufragium
825 1031 840 1056 ,
871 987 962 1044 sed
1000 997 1182 1043 nostra
1212 988 1324 1043 Deo
1350 987 1671 1042 mandantes
1697 988 1910 1053 omnia,

305 1083 485 1148 ipsam
537 1082 768 1137 animam
821 1081 1112 1136 tradamus.
1170 1080 1237 1136 Et
1291 1079 1575 1135 considera
1645 1079 1915 1148 pontificis

305 1174 834 1247 magnanimitatem.
867 1184 922 1228 et
954 1173 1046 1229 Dei
1088 1172 1473 1243 benignitatem
1505 1188 1519 1238 ;
1550 1171 1800 1225 omnibus
1830 1171 1912 1226 his

305 1282 433 1336 qua:
462 1268 712 1337 despexit
731 1267 936 1337 potitus
963 1276 1046 1323 est
1073 1306 1088 1332 ,
1122 1274 1179 1321 ut
1207 1274 1263 1321 et
1303 1265 1601 1321 alacritatis
1634 1260 1914 1334 prart‘hiuui

306 1367 560 1428 caperet,
590 1370 646 1414 et
668 1357 920 1429 potiendo
943 1367 1139 1428 pra-ter
1163 1358 1621 1428 exspectationem
1651 1357 1911 1426 majorem

306 1463 700 1522 assequeretur.
741 1453 1092 1523 voluptatem.
1167 1451 1344 1523 Elegit
1397 1451 1796 1506 solemnitatem
1860 1450 1913 1517 ip

307 1542 486 1598 aliena
510 1555 649 1598 terra
671 1585 686 1609 ,
727 1553 783 1600 et
811 1545 1060 1615 procula
1093 1545 1204 1600 suis
1245 1553 1467 1617 propter
1492 1545 1731 1599 civitatis
1767 1541 1914 1597 salu-

307 1644 423 1692 tem
454 1635 730 1690 celebrare
754 1652 769 1697 ;
801 1635 942 1690 Deus
969 1643 1148 1690 autem
1176 1645 1301 1688 ante
1325 1635 1528 1691 Pascha
1554 1636 1728 1705 ipsum
1759 1632 1914 1686 nobis

307 1726 563 1786 reddidit,
593 1733 650 1779 ut
675 1741 1016 1780 communem
1047 1726 1322 1781 nobiscum
1360 1725 1760 1786 solemnitatem
1789 1737 1916 1791 age-

305 1827 434 1883 ret,
470 1829 530 1873 ιιι
573 1825 630 1873 ct
677 1818 934 1889 pr0pesiti
984 1819 1291 1873 mercedem
1343 1817 1597 1883 haberet;
1624 1824 1682 1871 et
1723 1814 1912 1885 majori

309 1907 508 1963 lattitia
554 1906 842 1962 frueretur.
875 1906 992 1961 Non
1041 1908 1216 1961 timuit
1267 1907 1393 1959 anni
1447 1916 1693 1974 tempus,
1727 1915 1780 1959 et
1822 1919 1916 1974 per

311 2008 484 2054 totum
509 1998 966 2067 peregrinationis.
982 2007 1191 2068 tempus
1215 2007 1376 2053 testas
1407 1997 1503 2052 fuit
1526 2015 1539 2051 :
1571 2011 1676 2051 non
1700 1993 1911 2051 curavit

311 2097 552 2154 aetatem,
594 2097 648 2143 et
693 2098 969 2159 tamquam
1009 2089 1226 2159 juvenis
1273 2097 1328 2142 et
1368 2089 1574 2159 vigens,
1619 2089 1698 2144 sic
1748 2096 1912 2142 totam

311 2181 454 2237 hanc
480 2183 619 2236 viam
643 2181 796 2238 facile
823 2183 1088 2252 percurrit
1112 2200 1124 2235 :
1157 2183 1360 2237 sororis
1389 2190 1614 2237 mortem
1636 2195 1744 2235 non
1769 2181 1916 2251 cogi-

311 2277 469 2342 tavit,
502 2291 603 2331 nec
626 2276 805 2331 carnis
831 2275 1117 2331 aﬂ‘ectione
1157 2277 1330 2330 victus
1363 2285 1445 2331 est
1481 2293 1496 2328 :
1530 2285 1584 2331 et
1633 2290 1914 2346 regressus

309 2359 586 2423 viventc‘ln
610 2369 784 2438 ipsam
813 2368 1192 2439 deprehendit,
1217 2378 1268 2424 et
1295 2369 1473 2424 omnia
1498 2385 1618 2440 qua:
1639 2369 1910 2439 despexit,

301 2471 635 2532 assequntus
659 2459 760 2516 stt.

377 2553 437 2606 2.
479 2553 545 2606 Ει
573 2552 807 2622 pontifex
834 2552 1052 2623 quidem
1101 2552 1174 2607 ita
1223 2553 1567 2622 splendorem
1595 2561 1650 2607 et
1678 2553 1906 2608 celebri-

312 2651 480 2700 tatem
527 2658 648 2697 cum
694 2643 833 2713 apud
881 2644 1069 2711 Deum,
1103 2651 1222 2705 tum
1247 2645 1385 2713 apud
1430 2645 1675 2701 homines
1718 2661 1909 2700 conse-

305 2747 510 2808 quutus
540 2746 662 2802 est;
696 2736 1080 2807 Imperatorem
1129 2753 1258 2792 vero
1300 2739 1569 2808 negotium
1619 2737 1720 2792 hoc
1767 2737 1912 2791 omni

303 2829 612 2885 diademate
634 2829 966 2900 splendidius
985 2829 1214 2884 ornavit.
1250 2830 1483 2884 Primum
1508 2830 1742 2900 quidem,
1766 2829 1913 2900 quod

304 2931 424 2974 tum
455 2921 628 2990 palam
675 2920 869 2975 factum
901 2930 1006 2988 est,
1035 2936 1155 2976 eum
1184 2938 1302 2991 quae
1345 2921 1474 2975 nulli
1516 2922 1667 2975 alteri
1713 2936 1912 2976 concc-

305 3013 456 3068 derct
481 3056 496 3080 ,
534 3013 648 3068 ha:c
678 3014 1046 3069 sacerdotibus
1070 3013 1493 3068 condonatnrnm
1516 3029 1636 3069 esse
1657 3033 1670 3068 :
1694 3015 1909 3080 deinde,

307 3119 430 3160 cum
458 3106 624 3158 multa
675 3105 952 3159 celeritate
1002 3107 1226 3175 gratiam
1277 3105 1509 3169 dedisse,
1538 3115 1589 3159 et
1627 3105 1781 3159 irasci
1815 3106 1910 3161 de-

303 3199 488 3254 siisse.
517 3197 625 3253 Sed
654 3207 708 3252 ttt
738 3197 1072 3253 manifestius
1099 3207 1154 3253 et
1175 3197 1520 3266 Imperatoris
1551 3199 1907 3269 magnanimi-

303 3297 494 3353 tatem,
522 3298 575 3342 et
603 3288 897 3344 sacerdotis
923 3289 1238 3359 sapientiam
1262 3331 1276 3353 ,
1309 3297 1363 3343 et
1392 3298 1516 3343 ante
1541 3289 1657 3343 lucc
1688 3301 1913 3360 utraque

309 3378 403 3432 Dei
427 3379 647 3434 discatis
679 3379 1082 3448 benignitatem,
1106 3379 1229 3434 date
1255 3379 1385 3434 mihi
1410 3389 1466 3433 ut
1493 3394 1656 3449 pauca
1687 3395 1748 3434 ex
1781 3395 1910 3435 con-

299 3473 465 3528 cione
490 3473 600 3528 illic
626 3472 802 3526 habita
833 3471 984 3527 vobis
1009 3487 1295 3542 exponam.

381 3565 620 3620 Flaviani
640 3564 903 3618 modestia.
933 3592 1008 3605 -—
1042 3564 1219 3618 [ticam
1248 3572 1425 3618 autem
1471 3579 1590 3634 qua:
1619 3580 1649 3619 a
1679 3565 1911 3635 quodam

307 3674 519 3725 eorum,
547 3658 636 3728 qui
687 3657 829 3712 intus
872 3654 1230 3718 adstiterant,
1277 3656 1438 3711 didici
1474 3674 1487 3710 :
1521 3663 1673 3726 pater
1720 3671 1912 3728 nempe

309 3749 466 3814 nihil,
496 3762 668 3818 neque
700 3761 920 3816 parvum
953 3761 1126 3815 neque
1156 3761 1427 3815 magnum,
1459 3747 1613 3801 nobis
1635 3746 1791 3813 dixit,
1815 3746 1912 3801 sed

310 3840 461 3895 Pauli
492 3853 707 3908 semper
732 3836 1224 3907 magnanimitatem
1257 3837 1496 3901 imitans,
1531 3836 1745 3906 propria
1773 3836 1914 3891 celat

308 3933 525 3998 merita,
559 3940 614 3985 et
648 3930 886 3999 undique
938 3929 1389 3999 interrogantibus
1417 3929 1541 3999 quid
1590 3929 1912 3998 Imperatori

303 4024 528 4086 dixerit,
557 4030 612 4078 ct
647 4021 918 4092 quomodo
949 4021 1298 4091 persuaserit,
1343 4029 1396 4074 et
1424 4020 1699 4090 quomodo
1743 4019 1912 4090 ipsius

304 4127 528 4170 omnem
571 4113 863 4167 excluserit
890 4111 1045 4177 iram,
1077 4111 1193 4166 haec
1218 4111 1387 4166 'vetba
1417 4111 1687 4166 referebat
1719 4129 1731 4164 :
1765 4111 1910 4166 Nihil

308 4219 409 4261 nos
432 4205 504 4260 ad
533 4220 647 4259 rem
680 4203 1024 4268 contulimus,
1057 4201 1154 4258 sed
1183 4203 1296 4273 ipse
1322 4201 1639 4274 Imperator,
1680 4201 1912 4257 leniente

309 4297 422 4352 Deo
447 4311 545 4351 cor
572 4295 760 4365 ipsius,
793 4303 845 4348 et
872 4302 996 4348 ante
1021 4292 1184 4348 verba
1233 4302 1414 4347 nostra
1459 4306 1676 4346 omnem
1704 4291 1913 4346 remisit

307 4388 440 4441 iram
465 4386 728 4454 solvitque
753 4384 987 4439 furorem
1026 4401 1040 4436 :
1065 4391 1119 4438 et
1148 4382 1217 4437 de
1245 4383 1414 4453 gestis
1449 4382 1743 4445 disserens,
1778 4391 1912 4435 tam-

308 4481 468 4546 quam
493 4477 598 4532 alio
624 4475 946 4530 contumelia
969 4473 1182 4540 affecto,
1213 4474 1283 4527 ita
1311 4483 1502 4528 cuneta
1533 4489 1654 4543 qua:
1693 4473 1908 4528 accide-

305 4577 433 4624 runt
458 4570 576 4623 sine
604 4568 682 4622 ira
709 4566 1190 4621 commemorabat.
1229 4564 1334 4620 Sed
1363 4581 1483 4635 quae
1510 4566 1706 4620 celavit
1729 4565 1816 4620 hic
1844 4581 1912 4619 ex

308 4659 634 4723 humilitate,
664 4658 781 4713 haec
812 4659 956 4713 Deus
992 4658 1046 4712 in
1077 4657 1311 4712 medium
1343 4658 1586 4727 protulit.
1617 4657 1748 4724 Quae
1778 4671 1907 4711 vero

309 4759 432 4804 sunt
454 4738 610 4803 lucc?
639 4749 808 4802 Paulo
850 4748 1102 4817 superius
1128 4762 1431 4802 sermonem
1475 4757 1720 4816 repetens
1759 4747 1910 4801 vobis

307 4839 562 4895 referam.
583 4829 880 4909 Posumani
896 4838 1040 4893 enim
1067 4853 1131 4892 ex
1155 4838 1287 4892 urbe
1311 4852 1557 4908 egressus
1587 4849 1689 4903 ρει,
1720 4851 1909 4892 omnes

308 4930 357 4985 in
373 4940 520 4985 tanta
544 4929 851 5000 relinquens
865 4929 1100 4996 tristitia,
1119 4930 1286 4983 multo
1310 4927 1553 4999 gi-aviora
1587 4930 1905 4998 patiebatur,

302 5038 463 5092 quam
492 5023 582 5092 qui
614 5024 664 5076 in
696 5022 825 5091 ipsis
860 5031 1016 5076 erant
1045 5022 1327 5077 molestiis.
1361 5022 1599 5076 Primum
1631 5037 1824 5091 nempe
1856 5024 1906 5078 in

305 5117 386 5168 via
418 5114 597 5169 media
624 5116 953 5170 cenven'tens
992 5124 1109 5181 ees,
1139 5117 1229 5185 qui
1264 5114 1330 5169 ad
1368 5123 1640 5185 gestorum
1681 5131 1906 5170 examen

305 5208 376 5261 ab
400 5205 729 5274 Imperatore
752 5206 900 5259 missi
921 5215 1094 5269 erant,
1118 5216 1171 5260 et
1195 5206 1262 5261 ab
1290 5206 1393 5260 illis
1419 5206 1626 5270 doctus,
1650 5223 1906 5276 quorsum

303 5295 693 5363 essentmissi,
743 5306 798 5352 et
826 5297 964 5351 mala
995 5298 1265 5352 civitatem
1308 5297 1579 5364 invasura,
1624 5299 1904 5364 tumultus,

303 5388 660 5454 turbatiunes,
697 5388 897 5459 fugam,
947 5389 1216 5456 timorem,
1268 5389 1617 5456 anxietatem,
1667 5391 1901 5461 pericula

302 5483 568 5553 cogitans,
601 5481 963 5552 lacrymarum
1004 5485 1180 5537 fontes
1209 5483 1509 5550 emittebat,
1542 5498 1665 5538 cum
1699 5484 1906 5538 viscera

307 5576 405 5646 ipsi
438 5575 877 5630 dissecarentur:
907 5575 1146 5645 patribus
1170 5576 1313 5630 enim
1346 5589 1462 5631 mos
1487 5585 1571 5631 est
1595 5577 1762 5631 multo
1793 5592 1908 5630 ma-

301 5669 382 5739 gis
409 5665 618 5733 dolere,
649 5682 771 5721 cum
796 5665 915 5722 filiis
941 5667 1053 5722 suis
1078 5667 1216 5722 male
1233 5667 1558 5724 habentibus
1586 5683 1686 5724 nec
1715 5668 1906 5724 adesse

304 5761 509 5832 possint
536 5778 548 5813 ε
582 5758 726 5831 quod
768 5767 823 5813 et
850 5759 1120 5828 piissimus
1151 5759 1237 5814 hic
1267 5775 1456 5830 passus
1497 5769 1599 5830 est,
1631 5777 1737 5816 non
1765 5763 1901 5816 mala

1307 324 1398 380 AD
1437 324 1762 384 I‘OPULUM
1799 323 2294 384 ANTIOCIIENUM
2359 325 2590 383 HOMIL.
2635 325 2773 381 XXI.

3514 329 3625 387 2η

2021 450 2226 498 tantum
2253 458 2352 500 nos
2399 442 2648 499 invasam
2681 441 2993 513 deplorans,
3031 443 3127 501 sed
3163 451 3222 502 et
3266 447 3411 516 quod
3469 451 3626 507 nobis

2020 532 2138 589 hac
2163 523 2490 604 patientibus
2527 535 2713 606 procul
2743 535 2994 604 abesset;
3026 552 3216 594 verum
3267 546 3324 595 et
3369 537 3476 597 hoc
3525 556 3625 614 pro

2022 634 2208 679 nostra
2237 623 2415 682 salute
2439 624 2635 682 factum
2664 636 2767 682 est.
2798 626 2868 684 Ut
2912 627 3031 683 haec
3072 630 3218 685 enim
3248 630 3318 687 ab
3344 628 3452 686 illis
3482 631 3630 688 didi.

2018 717 2114 784 cit,
2146 717 2430 774 calidiores
2474 718 2830 793 lacrymatum
2877 719 3054 778 fontes
3083 717 3382 789 emittebat,
3419 731 3621 780 etcum

2022 808 2217 878 majori
2246 809 2638 880 supplicatione
2667 809 2733 866 ad
2755 812 2922 868 Deum
2945 811 3306 884 confugiebat,
3340 824 3396 869 et
3439 823 3628 873 noctes

2021 902 2295 958 insomnes
2323 903 2556 960 ducebat
2583 905 2909 976 supplicans,
2932 914 2992 960 ut
3017 896 3134 961 haec
3155 907 3376 976 patienti
3410 921 3633 962 succor-

2022 1005 2164 1072 reret
2184 995 2406 1063 civitati,
2439 1005 2493 1052 et
2518 1004 2577 1051 ttt
2598 995 2947 1067 Imperatoris
2979 993 3212 1055 mentem
3244 999 3499 1055 redderet
3523 1000 3628 1054 mi-

2025 1086 2236 1141 tiorem.
2273 1085 2343 1142 Ut
2375 1102 2504 1142 vero
2532 1101 2782 1160 magnam
2806 1073 3076 1176 clvithtem
3123 1089 3270 1146 illam
3295 1089 3541 1146 ascendit
3578 1100 3636 1146 et

2021 1177 2195 1248 regias
2223 1177 2499 1248 ingressus
2521 1179 2788 1246 est'aulas,
2825 1169 3023 1251 procul
3038 1177 3369 1251 Imperatore
3390 1181 3633 1237 constitit

2019 1279 2222 1336 mutus,
2253 1270 2579 1342 lacrymans,
2604 1271 2856 1327 deorsum
2882 1272 3190 1338 inclinatus,
3219 1274 3460 1342 latitans,
3485 1282 3626 1328 tam.

2021 1376 2179 1431 quam
2204 1361 2317 1429 ipse
2338 1370 2480 1415 esset
2510 1362 2599 1432 qui
2629 1364 2808 1416 omnia
2842 1363 2930 1417 illa
2956 1361 3241 1433 pati-asset.
3288 1355 3400 1419 IIoe
3445 1370 3626 1420 autem

2021 1450 2269 1517 faciebat,
2295 1450 2497 1515 habitu,
2525 1461 2764 1522 aspectu.
2795 1453 3022 1508 luctibus
3073 1455 3223 1525 prius
3275 1469 3496 1511 movere
3534 1471 3630 1509 vo-

2021 1541 2139 1596 lens
2167 1542 2339 1610 ipsutn
2371 1540 2437 1596 ad
2477 1541 2930 1608 misericordiam,
2987 1553 3042 1600 et
3091 1552 3200 1600 tnni
3255 1544 3630 1600 defensionem

2020 1649 2117 1704 pro
2138 1633 2294 1692 nobis
2317 1634 2574 1705 incipere.
2615 1635 2740 1690 Sola
2785 1650 3018 1706 namque
3065 1636 3413 1706 peccantibus
3459 1635 3631 1692 relin-

2019 1726 2200 1794 quitur
2226 1725 2398 1791 venia,
2432 1732 2609 1781 tacere
2631 1735 2686 1781 et
2719 1725 2851 1781 nihil
2876 1741 2972 1796 pro
3011 1726 3178 1797 gestis
3202 1726 3369 1797 loqui.
3401 1724 3629 1782 Volebat

2021 1817 2163 1873 enim
2196 1816 2444 1872 affectum
2491 1817 2634 1873 hunc
2677 1817 2894 1889 quidem
2926 1818 3142 1889 ejicere,
3177 1818 3330 1874 illum
3358 1833 3488 1874 vero
3537 1818 3623 1872 in-

2021 1908 2304 1964 troducere
2334 1926 2348 1961 :
2381 1908 2579 1979 ejicere
2599 1909 2798 1980 quippe
2825 1910 2984 1977 iram,
3019 1911 3290 1965 tristitiam
3337 1920 3516 1966 autem
3547 1912 3632 1965 in-

2021 1998 2324 2066 troducere,
2354 2008 2411 2054 ut
2439 2000 2509 2054 ita
2529 2001 2666 2056 viam
2695 2010 3021 2072 pra~pararct
3043 2000 3375 2057 defensionis
3404 2001 3583 2057 verbis
3612 2018 3626 2054 :

2019 2091 2162 2160 quod
2188 2091 2401 2160 quidem
2428 2101 2481 2148 et
2509 2091 2704 2148 factum
2734 2102 2838 2149 est.
2868 2093 2936 2149 Et
2984 2094 3122 2148 sicut
3152 2092 3330 2166 Moses
3375 2093 3426 2147 in
3468 2108 3627 2148 mon-

2021 2190 2128 2236 tem
2157 2194 2476 2248 ascenuens,
2508 2183 2706 2252 popqu
2755 2183 2929 2254 lapso,
2984 2193 3163 2237 mutus
3203 2184 3318 2254 ipse
3363 2179 3628 2260 constitit,

2020 2275 2192 2330 donec
2217 2271 2388 2343 ipsum
2437 2276 2577 2330 Deus
2604 2275 2917 2344 provocavit
2944 2275 3169 2331 dicens:
3203 2275 3411 2329 Dimitte
3442 2290 3541 2339 me,
3580 2283 3630 2328 et

2019 2366 2194 2420 delebo
2227 2369 2470 2437 populum
2501 2364 2851 2440 Imac(Exod.
2876 2366 2962 2422 52.
3005 2366 3095 2437 I0)
3132 2385 3144 2422 :
3180 2367 3248 2420 ita
3279 2375 3331 2422 et
3356 2366 3447 2421 hic
3481 2365 3628 2421 feeit.

2090 2456 2366 2511 Theodosii
2413 2457 2483 2510 ad
2529 2457 2837 2513 Flavianum
2885 2459 3052 2514 verba.
3105 2489 3173 2499 -—
3221 2459 3398 2527 Ipsum
3451 2458 3630 2529 itaque

2021 2547 2317 2616 Imperator
2346 2551 2686 2619 conspicatus
2725 2551 2998 2621 lugentem
3041 2559 3096 2606 et
3123 2551 3376 2605 deorsum
3405 2548 3630 2604 inclina-

2022 2651 2154 2706 tum,
2183 2643 2411 2716 accessit
2441 2644 2577 2729 ipse,
2611 2653 2666 2698 ct
2684 2644 2822 2714 quod
2847 2645 3148 2714 patiebatur
3177 2644 3395 2713 prepter
3445 2657 3631 2698 sacer-

2019 2733 2161 2789 dotis
2188 2734 2468 2806 lacrymas,
2497 2733 2599 2790 hoc
2627 2737 2807 2791 verbis
2833 2736 2898 2790 ad
2921 2737 3092 2806 ipum
3125 2736 3344 2790 directis
3371 2734 3629 2790 ostendit.

2019 2826 2136 2881 Non
2164 2827 2308 2882 enim
2336 2826 2660 2899 indignant's
2686 2843 2787 2883 nec
2813 2827 3111 2890 irascentis,
3141 2825 3233 2881 sed
3265 2825 3545 2882 mcerentis
3570 2833 3628 2879 et

2019 2917 2205 2972 dolore
2231 2918 2400 2987 magis
2426 2917 2629 2974 detenti
2667 2935 2680 2970 :
2712 2919 2932 2988 etquod
2967 2918 3071 2973 hoc
3124 2918 3195 2974 sit
3244 2917 3452 2981 verum,
3510 2917 3625 2986 ipsa

2018 3008 2294 3064 audientes
2320 3008 2483 3065 verba
2512 3010 2711 3065 scietis.
2767 3010 2884 3064 Non
2928 3009 3069 3064 cnim
3121 3008 3294 3064 dixit:
3344 3008 3481 3077 Quid
3509 3004 3629 3062 tan-

2017 3100 2140 3154 dem
2174 3099 2275 3154 hoc
2304 3100 2435 3154 est?
2464 3104 2563 3170 pro
2589 3101 2896 3155 hominibus
2923 3101 3165 3156 scelestis
3214 3110 3267 3167 et
3317 3100 3628 3156 sceleratis-

2018 3194 2188 3258 simis,
2213 3205 2264 3248 ct
2293 3203 2428 3263 quos
2475 3209 2576 3249 nec
2620 3194 2856 3265 oportuit
2888 3195 3093 3260 vivere,
3123 3189 3270 3249 venis
3305 3192 3628 3264 legationem

2019 3285 2230 3353 obiens,
2261 3285 2526 3357 tyrannis,
2558 3285 2933 3353 novatoribns,‘
2962 3285 3106 3340 omni
3135 3284 3400 3353 supplicio
3425 3284 3628 3355 dignis?

2018 3375 2124 3431 Sed
2156 3376 2270 3431 hzrc
2295 3376 2473 3430 omnia
2503 3375 2781 3431 dimittens
2806 3374 3004 3440 verba,
3063 3374 3433 3431 defensionem
3482 3390 3631 3431 com-

2019 3467 2519 3538 posuitreverentia
2553 3467 2761 3536 plenam
2788 3479 2841 3522 et
2864 3467 3146 3538 gravitate,
3175 3474 3229 3521 et
3256 3482 3286 3521 a
3329 3481 3388 3521 se
3437 3465 3632 3521 collata

2019 3560 2478 3615 commemorabat
2527 3559 2808 3626 beneficia,
2857 3560 3051 3630 quibus
3094 3573 3192 3630 per
3251 3574 3412 3614 omne
3479 3558 3631 3629 regni

2021 3661 2231 3720 tempus
2255 3651 2525 3710 civitatem
2555 3661 2794 3706 nOstram
2823 3661 3178 3727 proseqttutus
3205 3659 3309 3717 est,
3346 3659 3402 3705 et
3427 3650 3494 3705 ad
3521 3651 3633 3706 sin-

2019 3743 2140 3813 gula
2171 3743 2286 3798 haec
2309 3742 2625 3814 repetebat:
2664 3743 2915 3820 Ilmccizie
2939 3758 3024 3797 tne
3052 3757 3151 3812 pro
3175 3742 3279 3798 illis
3321 3741 3428 3811 pati
3471 3756 3633 3812 opor-

2019 3833 2163 3888 tuit?
2183 3839 2409 3904 quarum
2438 3851 2467 3890 a
2495 3849 2582 3890 me
2611 3834 2926 3903 injuriarum
2961 3837 3056 3888 has
3081 3842 3269 3903 pasu'as
3290 3832 3632 3902 exegerunt?

2019 3923 2145 3994 quid
2174 3939 2414 3994 parvum,
2446 3925 2642 3996 quidve
2665 3937 2913 3997 magnum
2944 3921 3309 3985 accusandum
3340 3918 3626 3989 habentes,

2019 4030 2125 4070 non
2146 4031 2232 4070 me
2261 4015 2458 4084 solum,
2486 4033 2673 4071 verum
2696 4025 2750 4072 et
2773 4015 3061 4071 defunctos
3104 4014 3449 4070 contumeliis
3487 4013 3625 4069 all‘c-

2018 4106 2253 4160 cerunt?
2279 4121 2456 4162 annon
2481 4108 2611 4163 satis
2643 4115 2760 4162 erat
2796 4107 2850 4160 in
2901 4105 3040 4159 vivis
3096 4105 3334 4159 furorem
3381 4102 3630 4186 satiare}

2019 4195 2116 4252 sed.
2168 4197 2277 4252 nisi
2325 4199 2564 4268 sepultos
2602 4214 2816 4269 quoque
2860 4198 3249 4253 contumeliose
3303 4203 3626 4264 tractarent,

2019 4286 2096 4341 nil
2127 4303 2377 4358 magnum
2422 4289 2600 4344 facere
2645 4298 2916 4359 putarunt.
2974 4286 3143 4357 Iniqui
3198 4285 3459 4341 fuerimus
3503 4299 3626 4351 nos,

2021 4385 2078 4431 ut
2103 4378 2201 4447 ipsi
2231 4380 2642 4449 putantzigitur
2688 4378 2914 4432 mortuis
2967 4392 3208 4447 parcere,
3265 4377 3355 4447 qui
3417 4376 3618 4431 nullam

2021 4468 2319 4525 intulerunt
2345 4470 2619 4538 injuriam,
2645 4470 2926 4540 oportebat
2960 4487 2972 4522 :
3005 4485 3108 4523 nou
3134 4467 3276 4522 enim
3299 4476 3354 4522 et
3373 4467 3488 4520 illis
3512 4468 3654 4521 lucc-

2021 4561 2284 4631 imputare
2328 4562 2601 4616 valebant.
2676 4562 2866 4616 Nonne
2915 4576 3130 4630 semper
3182 4559 3321 4614 hanc
3376 4558 3627 4614 omnibus

2019 4653 2608 4722 pra'posuicivitatcm,
2639 4665 2693 4708 et
2733 4655 2904 4724 patria
2953 4650 3452 4707 desiderabiliorem
3505 4665 3628 4704 esse

2021 4745 2273 4814 putabam
2302 4763 2314 4798 :
2339 4755 2392 4801 et
2413 4755 2594 4800 votum
2627 4745 2757 4799 mihi
2785 4745 3097 4800 continuum
3123 4753 3238 4798 erat
3261 4745 3448 4797 urbem
3478 4742 3626 4796 illam

2018 4847 2284 4906 spectare,
2319 4848 2373 4894 et
2404 4839 2507 4894 hoc
2537 4839 2679 4908 apud
2711 4835 2901 4893 omnes
2928 4836 3186 4892 faciebam
3214 4837 3580 4906 juramcntutn
3602 4835 3628 4889 ?

2098 4930 2152 4984 '5.
2184 4932 2425 4988 Flaviani
2469 4931 2537 4986 ad
2563 4932 2929 5000 Imperatorem
2951 4929 3112 4984 oratio
3142 4947 3233 4998 pro
3275 4927 3623 4981 Antiochem’s‘.

2016 5060 2087 5069 —
2104 5027 2202 5083 Hic
2223 5041 2404 5081 amare
2427 5023 2703 5094 ingemens
2721 5020 2983 5093 pontifex,
3005 5030 3060 5076 et
3083 5020 3436 5076 ferventiore‘s
3461 5019 3625 5074 emit-

2018 5132 2137 5177 tens
2185 5120 2474 5191 lacrymas,
2527 5133 2636 5171 non
2681 5116 2910 5187 amplius
2956 5115 3165 5170 tacuit:
3217 5113 3431 5169 videbat
3480 5112 3626 5167 enim

2016 5213 2363 5284 Imperatoris
2409 5210 2780 5266 defensionem
2807 5211 3019 5280 culpam
3069 5211 3331 5278 majorem
3384 5219 3626 5262 nostram

2017 5306 2192 5360 facere
2217 5322 2230 5370 ;
2257 5303 2353 5362 sed
2389 5305 2624 5374 graviter
2651 5311 2708 5357 et
2733 5317 2917 5358 amare
2961 5301 3006 5356 d~
3061 5300 3328 5372 profundo
3376 5313 3622 5370 gemens,

2017 5396 2373 5464 Conﬁtentur,
2402 5395 2595 5467 inquit,
2627 5394 2945 5465 Imperator,
2972 5409 3072 5448 nt-c
3100 5407 3300 5462 negare
3330 5404 3619 5462 possumus

2015 5503 2251 5543 amorem
2285 5489 2444 5543 istum
2493 5501 2654 5558 quem
2681 5502 2806 5558 erga
2838 5485 2994 5555 patri:
3036 5501 3066 5539 rt
3116 5493 3359 5539 nostram
3390 5483 3620 5538 demon-

2013 5579 2217 5646 strasti,
2246 5587 2300 5634 et
2319 5577 2440 5634 ideo
2461 5577 2693 5633 maxime
2737 5577 3000 5648 Iugemus,
3041 5576 3292 5646 quoniam
3323 5576 3399 5630 sic
3428 5581 3620 5627 amata:

2014 5670 2289 5726 daemones
2311 5670 2638 5734 inviderunt,
2664 5677 2718 5724 et
2744 5684 2870 5740 erga
2891 5667 3290 5724 benefactorem
3312 5666 3501 5735 ingrati
3525 5679 3618 5718 su-

2019 5779 2141 5818 mus
2172 5763 2289 5830 visi,
2333 5778 2392 5819 ac
2423 5776 2768 5831 summopere
2809 5776 2907 5817 nos
2949 5768 3217 5815 amantem
3263 5758 3611 5813 exacerbavi-
