4190 6322
544 382 646 438 Sili

550 510 689 550 mus.
722 492 845 547 Sive
870 489 1069 552 diruas,
1092 485 1212 541 sive
1263 481 1534 546 incendas,
1565 480 1675 534 sive
1729 472 1963 537 occidas,
2015 482 2128 523 srve

554 584 924 653 quodcumque
957 577 1100 633 aliud
1128 573 1552 644 facias,nondum
1604 568 1815 639 dignam
1857 565 1923 619 de
1978 560 2132 616 nobis

556 689 766 745 pmnam
789 672 1075 740 exegeris:
1105 684 1229 724 nam
1259 680 1356 721 nos
1388 666 1529 733 ipsos
1551 659 1940 732 pra-venientes
1968 654 2128 708 innu-

557 769 720 822 meris
744 763 1006 819 mortibus
1032 760 1280 816 miserius
1308 754 1606 811 effecimus.
1638 750 1774 819 Quid
1804 748 1948 803 enim
1982 757 2133 797 ama-

559 858 670 911 rius
687 869 805 910 esse
835 853 1022 923 possit,
1052 864 1209 920 quam
1238 862 1357 901 cum
1386 842 1781 899 benefactorem
1811 846 1863 893 et
1885 838 1962 890 sic
2013 834 2137 887 dili-

560 954 775 1014 gentem
824 944 1017 1013 injuste
1054 938 1434 997 exacerbantes
1464 946 1833 1004 appareamus,
1871 937 1927 984 et
1965 924 2141 980 omnis

558 1038 663 1089 lmc
681 1035 907 1091 mundus
929 1032 1119 1097 discat,
1146 1039 1202 1087 et
1228 1043 1326 1084 nos
1353 1037 1411 1081 ut
1435 1022 1721 1080 admodum
1750 1021 1983 1105 ingratos
2004 1031 2137 1071 con-

558 1123 818 1179 demnet?
845 1124 902 1177 Si
930 1121 1136 1176 barbari
1179 1119 1448 1173 civitatem
1490 1122 1727 1168 nostram
1775 1111 2149 1169 incursantes,

560 1214 762 1270 mania
792 1211 1096 1275 diruissent,
1125 1217 1182 1265 et
1208 1205 1567 1263 incendissent
1592 1201 1802 1261 domos.
1828 1208 1883 1253 et
1905 1194 2146 1253 abductis

568 1304 790 1373 captivis
815 1304 1097 1365 abiissent,
1128 1299 1302 1353 minus
1322 1306 1439 1351 erat
1470 1294 1688 1359 malum.
1716 1292 1890 1358 Quare
1933 1288 2147 1343 tandem

570 1392 679 1446 ita?
706 1392 965 1461 Quoniam
1004 1400 1054 1444 te
1079 1390 1283 1443 vivente
1312 1398 1367 1442 et
1406 1394 1601 1438 tantam
1630 1384 1682 1436 in
1711 1395 1808 1436 nos
1828 1378 2150 1434 benevolen—

571 1482 696 1538 tiam
724 1480 1007 1540 cxhibcnte
1029 1521 1044 1545 ,
1074 1493 1197 1548 spes
1231 1485 1345 1532 erat
1371 1477 1455 1529 illa
1485 1484 1676 1529 cuncta
1708 1471 1890 1542 gravia
1917 1469 2151 1523 solutum

567 1570 669 1637 iri,
696 1565 749 1626 et
774 1584 871 1627 nos
909 1570 1102 1624 iterum
1131 1567 1197 1621 ad
1236 1568 1465 1633 priorem
1506 1562 1730 1617 formam
1764 1560 2029 1615 redituros
2051 1598 2068 1623 ,
2100 1566 2154 1611 et

572 1660 850 1713 clariorem
892 1668 1197 1727 recepturos
1226 1657 1556 1716 libertatem;
1580 1667 1721 1707 nunc
1740 1662 1917 1705 autem
1936 1692 1950 1715 ,
1983 1649 2153 1702 ablata

573 1747 943 1804 benevolentia
986 1758 1105 1815 tua,
1151 1760 1206 1803 et
1254 1748 1453 1800 sutoris
1492 1744 1700 1799 vinculo
1744 1739 1975 1804 violato,
2017 1739 2157 1807 quod

578 1838 727 1896 omni
746 1854 909 1895 ,muro
938 1840 1088 1893 nobis
1112 1846 1226 1893 erat
1255 1838 1414 1890 tutius
1435 1877 1449 1900 ,
1478 1834 1544 1889 ad
1571 1849 1724 1902 quem
1747 1832 1856 1901 jam
1883 1829 2157 1899 confugie-

581 1922 856 2003 mus?‘quo
882 1930 1171 2000 poterimus
1193 1930 1297 1982 alio
1323 1929 1609 1997 respicere,
1643 1936 1749 1979 tam
1775 1923 1915 1979 dulci
1944 1922 2162 1976 domino

576 2031 637 2076 et
660 2020 794 2076 facili
818 2021 1132 2074 exacerbata
1160 2018 1341 2088 patre?
1371 2019 1549 2087 Itaque
1582 2016 1825 2071 videntur
1844 2014 2061 2084 quidem
2085 2013 2165 2065 in-

585 2112 879 2166 tolerabilia
911 2110 1117 2176 fecisse,
1140 2112 1230 2165 sed
1258 2110 1396 2179 passi
1428 2118 1547 2162 sunt
1568 2107 1805 2161 omnium
1830 2105 2164 2175 gravissima,

582 2204 651 2257 ad
684 2204 885 2255 nullum
932 2204 1198 2255 hominem
1232 2200 1487 2254 audentes
1528 2199 1823 2267 respicere,
1857 2211 1955 2251 nec
1995 2196 2166 2264 ipsum

584 2302 831 2363 spectare
874 2282 1040 2346 solem
1073 2291 1253 2345 liberis
1281 2290 1518 2343 valentes
1538 2290 1733 2353 oculis,
1766 2288 1965 2356 pudore
2008 2286 2167 2339 undi-

590 2400 695 2453 que
736 2385 1013 2453 palpebras
1048 2386 1395 2437 contrahente
1436 2390 1489 2435 et
1513 2381 1763 2434 occultari
1799 2388 2023 2449 00gente
2056 2394 2069 2432 :
2104 2379 2170 2431 li-

588 2476 798 2531 bertate
828 2478 955 2546 ipsis
975 2476 1179 2541 ablata,
1214 2476 1433 2544 captivis
1466 2475 1710 2528 omnibus
1753 2488 1893 2527 nunc
1927 2472 2173 2527 miserius

593 2566 764 2621 aﬂ‘ecti
796 2576 947 2632 sunt,
981 2577 1034 2620 et
1076 2576 1364 2621 extremam
1408 2566 1675 2619 sustinent
1708 2565 2049 2635 ignominiam
2082 2582 2095 2618 :
2122 2571 2177 2617 et

593 2658 855 2711 malorum
903 2652 1318 2725 magnitudinem
1362 2655 1682 2722 cogitantes,
1727 2665 1781 2709 et
1821 2657 1871 2708 in
1917 2665 2173 2723 quantum

596 2746 931 2802 contumelia:
960 2749 1288 2811 resilierunt,
1332 2761 1431 2800 nec
1474 2748 1737 2815 respirare
1772 2754 2023 2814 possunt,
2053 2758 2175 2799 cum

600 2853 788 2893 omnes
819 2849 1012 2893 terram
1045 2838 1343 2892 habitantes
1369 2839 1419 2892 in
1445 2839 1525 2891 sui
1552 2838 2002 2891 vehementiorem
2030 2850 2180 2889 accu-

598 2930 857 2983 sationem
886 2929 954 2983 ob
974 2944 1095 2982 eum
1134 2929 1222 2997 qui
1254 2928 1444 2996 injuria
1472 2926 1693 2981 aﬂecms
1722 2934 1803 2981 cst
1841 2924 2177 2980 attraxerint.

599 3018 705 3074 Sed
732 3020 775 3073 si
805 3018 966 3083 velis,
994 3018 1307 3087 Imperator,
1336 3027 1417 3071 est
1444 3018 1649 3071 vulneri
1687 3016 1947 3071 medicina
1986 3022 2042 3069 et
2065 3022 2184 3068 tan-

602 3112 670 3164 tis
699 3109 852 3162 malis
888 3109 1201 3162 remedium.
1246 3106 1454 3176 Sarpius
1492 3116 1545 3160 et
1574 3105 1712 3175 apud
1752 3104 1983 3174 privatos
2014 3103 2186 3157 homi-

604 3216 699 3254 nes
723 3201 824 3254 hoc
852 3199 1044 3257 factum
1075 3207 1191 3262 est;
1220 3213 1424 3267 magna:
1463 3206 1516 3250 ct
1539 3196 1899 3251 intolerabiles
1926 3194 2183 3249 offensio-

603 3304 702 3344 nes
744 3305 945 3360 magna:
970 3288 1205 3343 caritatis
1247 3287 1467 3341 materia
1515 3286 1667 3340 facta:
1711 3294 1835 3340 sunt
1862 3303 1875 3337 :
1905 3286 1984 3340 sic
2040 3292 2094 3339 ct
2131 3285 2184 3339 in

605 3390 792 3436 natura
817 3389 993 3436 nostra
1032 3381 1227 3435 evenit.
1251 3380 1380 3434 Cum
1408 3379 1547 3433 enim
1577 3377 1845 3432 hominem
1876 3376 2017 3432 Deus
2037 3374 2182 3439 fecit,

605 3483 660 3531 et
702 3474 755 3527 in
776 3459 1081 3542 paradisum
1130 3471 1367 3537 induxit,
1399 3479 1454 3524 et
1474 3468 1641 3523 multo
1668 3468 1887 3539 dignum
1926 3468 2052 3523 fecit
2089 3467 2187 3522 bo-

609 3577 774 3629 ttore,
830 3548 1026 3617 tantam
1074 3561 1319 3619 diabolus
1366 3562 1770 3630 prosperitatem
1821 3574 1927 3613 non
1976 3558 2187 3625 ferens,

609 3652 834 3712 invidit:
866 3660 922 3712 ot
948 3652 1094 3708 illum
1122 3665 1153 3704 a
1190 3650 1311 3711 data
1338 3651 1541 3720 expulit
1578 3649 1850 3720 dignitate.
1894 3648 2001 3705 Sed
2050 3649 2190 3704 Deus

610 3758 715 3801 non
741 3750 942 3805 tantum
987 3743 1159 3813 ipsum
1196 3757 1302 3801 non
1328 3742 1575 3812 reliquit,
1599 3756 1783 3826 verpm
1811 3748 1866 3795 et
1904 3753 2002 3809 pro
2030 3752 2192 3809 para-

613 3834 731 3891 diso
755 3835 941 3899 ea'lnm
962 3834 1191 3905 aperuit,
1225 3835 1324 3896 hoc
1351 3835 1465 3904 ipso
1491 3834 1647 3888 simul
1671 3834 1938 3903 propriam
1963 3832 2191 3888 demon-

565 3947 571 3953 '
613 3933 791 3991 stratis
813 3926 1215 3995 benignitatem,
1238 3935 1291 3980 et
1314 3925 1582 3979 diabolum
1606 3926 1774 3994 magis
1801 3925 2047 3993 puniens.
2082 3923 2195 3977 lloc

611 4018 669 4072 et
698 4027 750 4071 tu
795 4017 957 4074 facias
1000 4035 1015 4075 :
1056 4032 1197 4072 nunc
1244 4017 1420 4072 omnia
1465 4025 1746 4071 moverunt
1784 4016 2097 4083 dazmones,
2141 4024 2198 4069 ut

616 4108 852 4164 ninnium
896 4107 988 4161 tibi
1033 4107 1386 4179 gratissimam
1434 4104 1701 4161 civitatem
1751 4122 1781 4161 a
1829 4107 2195 4161 benevolentia

618 4209 704 4263 tua
756 4207 1099 4269 separarent;
1145 4198 1246 4254 hoe
1288 4212 1414 4253 vero
1464 4196 1524 4252 tu
1564 4214 1705 4253 nunc
1749 4198 1945 4265 sciens,
1983 4213 2196 4267 pinnam

613 4288 856 4357 quamvis
882 4290 1084 4357 exigas,
1117 4290 1276 4356 priori
1306 4290 1534 4343 amicitia
1563 4303 1629 4343 ne
1656 4304 1753 4343 nos
1782 4289 2054 4343 extrudas.
2084 4288 2191 4344 Sed

620 4386 674 4433 et
702 4379 746 4433 si
770 4385 962 4448 praeter
1003 4379 1303 4448 opinionem
1342 4379 1541 4448 aliquid
1582 4394 1723 4433 nunc
1766 4379 1946 4435 dicere
1976 4380 2053 4435 fas
2082 4390 2196 4446 est,

544 4502 549 4505 -
620 4467 779 4537 etiam
802 4483 941 4522 nunc
967 4468 1104 4522 inter
1143 4468 1450 4523 dilectarum
1495 4469 1692 4537 primas
1719 4470 1888 4539 ipsam
1917 4472 2124 4533 scribe,
2156 4471 2201 4525 si

620 4558 781 4614 modo
805 4558 1073 4613 dintnonas
1099 4560 1212 4613 haec
1247 4570 1498 4627 operatus
1541 4560 1619 4614 vis
1664 4559 1867 4617 ulcisci.
1908 4560 1965 4616 Si
2010 4576 2203 4631 nempe

620 4647 866 4703 destruas
884 4658 937 4703 et
951 4649 1174 4705 subruas
1198 4657 1252 4703 et
1272 4649 1472 4714 deleas,
1490 4665 1609 4718 qua:
1635 4651 1780 4719 prius
1804 4651 1877 4705 illi
1899 4652 2199 4720 voluerunt,

622 4739 738 4795 lucc
765 4738 987 4804 cl‘ilcies;
1014 4738 1060 4793 si
1089 4753 1214 4794 vero
1242 4740 1373 4794 iram
1402 4740 1635 4795 dimittes
1658 4751 1713 4796 et
1738 4750 1787 4797 te
1817 4758 2000 4798 rursus
2032 4745 2200 4814 ipsam

620 4846 823 4897 amare,
849 4832 987 4887 sicut
1008 4832 1155 4901 prius
1168 4832 1406 4897 amabas,
1436 4832 1769 4898 confitearis,
1802 4834 2050 4890 lethalem
2076 4837 2205 4905 ipsis

623 4921 829 4992 plagam
878 4921 1151 4988 intuleris,
1182 4931 1237 4977 et
1267 4921 1509 4976 ultimam’
1547 4921 1615 4976 ab
1653 4922 1780 4992 ipsis
1809 4924 2065 4981 ultionem
2106 4941 2207 4981 ex-

627 5014 833 5084 egeris,
861 5012 1235 5068 demonstrans
1257 5027 1363 5068 non
1392 5022 1595 5068 tantum
1624 5012 1767 5068 nihil
1793 5016 2018 5084 amplius
2063 5016 2208 5088 ipsos

624 5118 718 5175 per
739 5102 955 5156 insidias
980 5101 1265 5171 perfecisse
1286 5143 1303 5169 ,
1333 5118 1517 5159 verum
1548 5115 1601 5159 et
1629 5115 1814 5159 cuncta
1852 5106 1981 5175 ipsis
1996 5116 2209 5161 eontra—

625 5195 733 5261 ria,
765 5208 923 5264 quam
950 5186 1197 5250 volebant
1215 5196 1530 5262 ,aecidisse.
1560 5194 1794 5265 Equum
1820 5202 1997 5253 autem
2023 5197 2206 5263 fuerit,

627 5298 683 5342 ut
713 5286 828 5343 hmc
852 5287 1015 5341 facias
1041 5296 1095 5341 ct
1121 5288 1351 5344 civitatis
1374 5290 1695 5356 miserearis,
1719 5291 1804 5345 cui
1831 5302 2048 5362 propter
2074 5276 2210 5345 alni;

624 5377 806 5431 citiam
855 5384 998 5430 tuam
1044 5375 1318 5433 daemones
1363 5378 1692 5445 inviderunt;
1724 5380 1823 5434 nisi
1865 5381 2007 5436 enim
2038 5382 2211 5451 ipsam

625 5480 731 5524 tant
763 5468 1109 5525 vehementer
1130 5484 1401 5536 amasses,
1441 5487 1539 5526 nec
1569 5474 1735 5542 ipsam
1764 5472 1837 5526 illi
1864 5482 2008 5527 tanta
2061 5472 2209 5528 inse-

626 5564 753 5615 ctati
781 5562 1008 5618 fuissent
1034 5561 1248 5616 invidia.
1276 5561 1455 5633 Itaque
1493 5564 1591 5619 etsi
1622 5564 1917 5619 mirandum
1954 5575 2037 5620 est
2070 5564 2211 5634 quod
2248 5612 2251 5615 λ

626 5651 840 5720 dicitur,
871 5660 954 5707 est
976 5658 1154 5705 tamen
1180 5666 1397 5717 verum,
1430 5654 1568 5721 quod
1618 5668 1833 5725 propter
1865 5666 1915 5711 te
1943 5666 1998 5712 et
2023 5658 2211 5713 amici.

632 5743 754 5803 tiam
783 5755 926 5801 tuam
957 5743 1071 5801 ha:c
1101 5758 1253 5814 passa
1284 5744 1373 5800 sit.
1406 5745 1547 5814 Quot
1570 5749 1848 5817 incendiis,
1874 5760 2065 5821 quanta
2086 5752 2213 5807 sub-

1253 371 1310 425 S.
1352 365 1628 425 JO.\NNlS
1666 350 2148 416 CHRYSOSTOMI
2178 347 2490 406 ARClllEP.
2528 344 3058 404 CONSTANTINOP.

3718 344 3829 400 916

2239 466 2488 520 versione
2513 473 2636 520 sunt
2662 464 2778 519 haec
2797 462 2959 518 verba
3004 460 3277 516 acerbiora
3302 502 3317 527 ,
3346 476 3466 530 quae
3494 460 3827 529 reSpondens

2236 556 2493 612 dicebas?
2516 554 2666 612 Nunc
2696 565 2749 610 te
2769 554 3094 609 contumelia
3117 552 3361 606 affectum
3388 551 3542 617 dicis,
3564 560 3619 606 et
3644 560 3829 621 pertur-

2240 647 2366 702 lisse
2393 662 2512 717 qua:
2541 646 2717 703 nullus
2755 661 3006 716 umquam
3035 644 3367 714 superiorum
3396 643 3780 713 lmperatorum
3816 662 3831 697 :

2241 738 2334 792 sed
2360 738 2406 793 si
2434 739 2564 792 velis
2584 778 2601 803 ,
2628 752 2661 792 ο
2679 736 3065 792 humanissime
3092 742 3147 790 et
3166 735 3558 802 sapientissime
3581 743 3637 788 et
3663 733 3836 788 multa

2232 830 2441 898 pietate
2465 830 2656 899 plene,
2682 828 2980 883 diademate
3018 827 3122 881 isto
3168 824 3450 880 clariorem
3480 833 3534 879 et
3574 824 3837 894 majorem

2247 923 2339 977 tibi
2380 936 2636 978 coronam
2690 922 2806 975 haec
2850 920 3039 975 aﬂ‘eret
3078 917 3424 973 contumelia.
3480 917 3593 972 Hoc
3639 931 3839 987 nempe

2248 1014 2493 1068 diadema
2518 1021 2602 1067 est
2630 1022 2682 1067 et
2708 1020 2811 1067 tute
2836 1011 3045 1066 virtutis
3074 1010 3281 1081 insigne
3299 1049 3314 1076 ,
3349 1018 3404 1065 et
3428 1009 3543 1079 ejus
3572 1008 3667 1080 qui
3689 1009 3844 1065 dedit

2252 1108 2580 1164 liberalitatis
2603 1108 2889 1169 indicium:
2921 1108 3016 1162 sed
3045 1122 3241 1163 corona
3281 1122 3349 1162 ex
3377 1107 3480 1163 hac
3512 1107 3847 1163 humanitate

2253 1207 2500 1254 contexta
2544 1207 2693 1253 tuum
2738 1198 2906 1253 solius
2927 1200 3034 1254 erit
3071 1196 3127 1254 et
3164 1198 3513 1269 philos0phia:
3537 1208 3643 1254 tua:
3677 1200 3850 1254 meri-

2255 1298 2539 1343 tumonec
2585 1298 2636 1343 te
2680 1297 2881 1344 tantum
2930 1304 3119 1344 ent-nes
3166 1289 3570 1345 admirabuntur
3625 1299 3853 1360 propter

2258 1380 2388 1434 istos
2441 1380 2643 1449 lapides
2687 1382 2981 1450 pretiosos,
3005 1390 3262 1451 quantum
3306 1390 3525 1451 propter
3566 1382 3848 1435 victoriam

2258 1467 2327 1523 de
2363 1468 2725 1539 indignatione
2773 1479 3019 1539 superata
3048 1480 3369 1540 reportatam
3406 1470 3720 1525 laudabunt.
3752 1471 3855 1525 Dc-

2256 1560 2501 1630 jecerunt
2538 1569 2741 1615 statuas
2770 1562 2934 1628 tuas?
2972 1562 3067 1616 sed
3110 1562 3216 1616 illis
3265 1562 3519 1617 clariores
3564 1562 3855 1619 restituere

2264 1652 2357 1708 tibi
2398 1652 2540 1708 licet.
2574 1653 2630 1707 Si
2660 1654 2802 1709 enim
2834 1653 3042 1723 injuria:
3078 1656 3385 1709 auctoribus
3414 1654 3639 1709 crimina
3665 1654 3857 1710 remit-

2264 1752 2345 1798 tas
2368 1785 2384 1811 ,
2413 1756 2463 1798 et
2487 1746 2687 1800 nullam
2718 1746 2845 1816 ipsis
2884 1746 3082 1802 inferas
3118 1761 3328 1816 poenam
3355 1747 3396 1812 ⁸,
3424 1762 3529 1801 non
3570 1761 3772 1802 aeream
3800 1747 3858 1802 in

2266 1839 2380 1891 foro
2433 1838 2524 1892 tibi
2556 1847 2781 1892 statuam
2830 1839 3035 1907 crigent
3056 1879 3071 1901 ,
3110 1853 3207 1891 nec
3251 1852 3466 1891 auream
3488 1878 3503 1901 ,
3533 1852 3634 1891 nec
3659 1836 3862 1907 lapillis
3888 1852 3905 1869 ’

2266 1939 2688 1999 coagmentat-tm
2716 1929 2847 1984 :sed
2880 1929 3026 1983 omni
3070 1928 3290 1983 materia
3337 1928 3639 1997 prctiosiori
3692 1928 3857 1983 indu-

2272 2029 2409 2086 tam,
2453 2021 2779 2074 hnmanitatc
2824 2020 3027 2073 scilicet
3049 2028 3103 2074 et
3150 2018 3536 2073 misericordia.
3588 2017 3773 2073 Talem
3804 2018 3861 2074 in

2273 2122 2451 2166 mente
2480 2112 2703 2181 quisque
2729 2127 2823 2165 sua
2855 2120 2908 2167 te
2933 2112 3160 2181 erigent,
3193 2120 3248 2165 et
3278 2120 3354 2165 tot
3382 2110 3603 2164 habebis
3632 2118 3860 2176 statuas,

2273 2211 2404 2272 quot
2447 2203 2635 2259 orbem
2676 2203 2917 2259 habitant
2969 2204 3212 2258 homines
3250 2214 3304 2258 et
3356 2203 3690 2257 habitabunt.
3745 2202 3865 2258 Non

2275 2294 2418 2347 enim
2459 2309 2557 2349 nos
2584 2303 2785 2349 tantum
2809 2337 2823 2361 ,
2860 2310 3045 2350 verum
3074 2302 3131 2349 et
3160 2303 3281 2365 post
3305 2310 3403 2349 nos
3429 2294 3627 2358 futuri,
3658 2302 3715 2369 et
3745 2304 3865 2363 post

2277 2385 2399 2440 illos
2420 2401 2605 2441 omnes
2653 2387 2767 2440 haec
2792 2386 3042 2453 audient,
3065 2395 3119 2440 et
3146 2395 3412 2456 tamquam
3461 2384 3561 2455 ipsi
3586 2374 3726 2440 beris
3753 2384 3868 2437 fue-

2283 2476 2390 2529 rint
2416 2475 2579 2529 habiti
2605 2518 2619 2543 ,
2652 2477 2729 2530 sic
2757 2486 2809 2531 te
2828 2476 3231 2530 admirabuntur
3259 2485 3312 2530 et
3339 2476 3613 2531 amabﬂnt.
3641 2476 3707 2529 Et
3724 2474 3868 2543 quod

2282 2565 2397 2621 lucc
2422 2582 2527 2620 non
2552 2576 2829 2621 assentans
2849 2567 3051 2632 dicam,
3096 2567 3188 2621 sed
3222 2550 3305 2620 sic
3332 2564 3569 2620 futurum
3594 2564 3664 2619 sit
3692 2564 3869 2618 omni-

2282 2672 2379 2722 no,
2419 2658 2695 2724 antiquum
2724 2656 2817 2709 tibi
2859 2656 3086 2711 referam
3133 2670 3434 2710 sermonem
3462 2654 3749 2723 quemdam
3769 2693 3787 2720 ,
3813 2665 3873 2708 ut

2282 2744 2456 2802 discas
2486 2762 2591 2801 non
2624 2745 2825 2801 tantum
2856 2748 3151 2813 exercitus,
3176 2762 3358 2813 arma,
3389 2747 3661 2816 pecunias,
3683 2746 3874 2799 subdi-

2286 2849 2460 2893 torum
2484 2836 2880 2913 multitudinem
2907 2846 2959 2891 et
2991 2838 3092 2890 alia
3129 2837 3431 2906 hujusmodi
3456 2836 3769 2906 Splendidos
3796 2836 3876 2888 fa-

2285 2943 2409 2984 cere
2434 2942 2586 2998 reges
2612 2928 2975 2993 consuevisse,
3008 2936 3263 2996 quantum
3297 2926 3457 2980 animi
3484 2924 3874 2996 philosophiam

2287 3027 2343 3075 et
2372 3018 2850 3073 mansuetudinem.
3850 3008 3853 3011 ’

2362 3109 2642 3163 Pulchrum
2662 3105 2974 3163 Constantini
2996 3083 3205 3162 dictum.
3223 3138 3295 3149 —
3314 3108 3504 3163 Fertur
3519 3107 3706 3162 beatus
3730 3104 3875 3162 Con-
3914 3109 3918 3113 ’

2295 3202 2580 3266 stantinns,
2603 3197 2778 3269 effigie
2798 3214 2891 3254 sua
2914 3198 3199 3269 aliquando
3222 3198 3473 3267 lapidata,
3495 3197 3675 3252 multis
3703 3197 3880 3267 ipsum

2292 3290 2668 3361 instigantibus
2689 3289 2754 3344 ad
2784 3288 3101 3358 supplicium
3122 3289 3189 3344 de
3209 3290 3515 3343 auctoribus
3539 3290 3883 3353 contumelim

2293 3383 2609 3443 sumendum
2632 3423 2647 3447 ,
2686 3391 2743 3438 et
2783 3376 3086 3437 dicentibus
3122 3397 3216 3439 eos
3252 3397 3465 3437 omnem
3497 3382 3663 3451 ipsius
3692 3377 3885 3441 faciem

2298 3473 2442 3527 saxis
2466 3473 2778 3527 vulnerasse
2798 3512 2814 3537 ,
2858 3487 3018 3525 manu
3051 3470 3236 3526 faciem
3268 3471 3487 3541 palpans
3515 3480 3567 3525 et
3590 3469 3785 3525 leniter
3812 3471 3887 3525 ri-

2296 3564 2431 3619 dens
2474 3564 2716 3619 dixisse:
2748 3563 2859 3634 Ego
2903 3577 3034 3617 vero
3077 3577 3336 3633 nusquam
3378 3561 3570 3617 vulnus
3613 3563 3667 3617 in
3711 3561 3889 3618 fronte

2299 3655 2495 3710 factum
2524 3655 2705 3729 video,
2736 3655 2829 3710 sed
2856 3670 3044 3709 sanum
3074 3654 3285 3725 quidem
3315 3661 3496 3723 caput,
3520 3668 3648 3707 sana
3676 3669 3806 3709 vero
3832 3663 3893 3710 et

2300 3745 2463 3800 facies
2488 3754 2616 3800 tota.
2655 3743 2733 3799 Illi
2774 3759 2901 3799 vero
2928 3744 3140 3799 reveriti
3173 3750 3229 3798 et
3249 3742 3455 3799 confusi
3478 3743 3548 3798 ab
3576 3742 3678 3798 hoc
3706 3742 3893 3813 iniquo

2299 3836 2552 3900 destitero
2590 3837 2853 3892 consilio:
2881 3845 2939 3892 et
2978 3836 3083 3890 hoc
3119 3836 3339 3891 verbum
3388 3834 3647 3889 hactenus
3690 3843 3894 3890 canunt

2301 3942 2660 3982 omnesznec
2704 3935 2913 3981 tantum
2960 3927 3217 3995 temporis
3265 3924 3547 3990 labefecit,
3594 3925 3894 3994 authujus

2306 4017 2657 4087 philttSOpltim
2701 4018 3011 4071 memoriam
3053 4015 3328 4077 exstinxit.
3366 4016 3507 4084 Quot
3543 4031 3649 4070 non
3688 4015 3896 4072 sithoc

2306 4109 2520 4177 tropmis
2564 4106 2925 4177 splendidius?
2967 4107 3158 4161 Multas
3196 4108 3561 4176 magnasque’
3607 4106 3767 4161 urbes
3805 4107 3896 4162 ille

2304 4200 2544 4255 condidit
2567 4209 2622 4254 et
2648 4198 2841 4253 multos
2877 4197 3133 4253 barbaros
3176 4198 3479 4268 superavit,
3519 4196 3615 4251 sed
3644 4197 3897 4253 memini-

2305 4308 2425 4347 mus
2456 4293 2667 4347 illorum
2699 4291 2859 4356 nihil;
2892 4290 2994 4345 hoc
3019 4298 3197 4345 autem
3227 4288 3449 4344 verbum
3480 4303 3648 4359 usque
3676 4290 3728 4343 in
3758 4305 3901 4359 prm-

2306 4391 2518 4440 sentem
2563 4382 2705 4439 diem
2750 4382 2981 4447 canitur,
3026 4392 3081 4437 et
3125 4382 3325 4451 posteri
3372 4380 3541 4435 nostri
3591 4389 3646 4435 et
3693 4383 3901 4449 posteri

2308 4475 2526 4531 illorum
2550 4490 2739 4539 omnes
2768 4474 2995 4545 idipsmn
3022 4472 3258 4537 audient.
3293 4472 3401 4526 Nec
3423 4472 3594 4525 solum
3620 4481 3702 4527 est
3728 4470 3902 4526 admi-

2309 4568 2555 4633 randum,
2580 4567 2721 4641 quod
2749 4565 2985 4627 audient,
3025 4564 3375 4621 verumetiam
3404 4563 3547 4632 quod
3574 4562 3825 4618 laudibus
3846 4573 3905 4618 et

2311 4658 2495 4714 faustis
2519 4658 2699 4715 verbis
2725 4666 3145 4727 prosequentur,
3188 4653 3537 4722 dicentesque
3566 4652 3902 4719 laudabunt,

2312 4759 2368 4806 et
2394 4751 2670 4807 audientes
2698 4757 2846 4819 grate
2873 4748 3166 4819 suscipient
3189 4763 3204 4801 :
3229 4760 3331 4801 nec
3375 4743 3516 4799 ullus
3553 4751 3639 4799 est
3666 4744 3757 4813 qui
3786 4742 3907 4800 hac

2311 4841 2559 4908 audiens,
2603 4840 2765 4895 silere
2795 4838 2997 4910 possit,
3029 4839 3154 4909 quin
3186 4837 3387 4908 pariter
3408 4835 3676 4890 exclamet
3696 4842 3751 4891 et
3778 4836 3905 4890 talia

2314 4935 2579 4990 dicentem
2606 4934 2816 4995 laudet.
2849 4941 2904 4989 et
2936 4933 3213 4986 innumera
3240 4930 3340 5000 ipsi
3364 4930 3451 4985 vel
3474 4927 3732 4987 defuncto
3764 4928 3904 4982 bona

2316 5036 2583 5098 precetur.
2608 5025 2761 5093 Quod
2786 5025 3075 5095 siproptcr
3098 5022 3226 5078 illud
3248 5023 3467 5078 verbum
3493 5019 3632 5091 apud
3658 5018 3908 5076 homines

2317 5126 2460 5173 tanta
2498 5116 2696 5188 potitus
2719 5125 2803 5171 est
2829 5115 3033 5187 gloria,
3076 5122 3208 5184 quot
3234 5112 3377 5184 apud
3419 5110 3704 5181 benignum
3734 5108 3907 5167 Deum

2318 5225 2545 5269 coronas
2571 5217 2888 5278 assequetur
2904 5207 2931 5261 ἲ

2389 5300 2660 5358 Theodosii
2690 5300 2996 5355 humanitas.
3024 5328 3096 5342 --
3113 5297 3249 5368 Quid
3278 5305 3459 5351 autem
3487 5308 3622 5365 opus
3650 5301 3734 5350 est
3757 5291 3904 5347 Con-

2317 5395 2607 5451 stantinum
2633 5400 2687 5447 et
2712 5391 2886 5446 aliena
2913 5389 3157 5459 exempla
3197 5401 3621 5443 commemorare
3642 5424 3659 5449 ,
3700 5398 3825 5439 cum
3855 5390 3909 5437 te

2318 5487 2387 5543 de
2412 5485 2642 5557 propriis
2668 5482 2872 5542 meritis
2897 5482 3003 5537 tuis
3024 5494 3159 5549 opus
3177 5479 3247 5533 sit
3266 5475 3578 5533 exhortari?
3599 5472 3907 5530 Recordare

2318 5581 2555 5652 priurum
2579 5618 2597 5646 ,
2625 5575 2837 5648 quando
2862 5571 3200 5629 solemnitate
3216 5624 3219 5625 ν
3236 5568 3337 5624 hac
3362 5566 3774 5636 superveniente
3815 5577 3907 5635 per

2383 5696 2401 5728 ι
2436 5690 2613 5744 εινίι.;
2643 5694 2697 5739 Et
2722 5685 2831 5738 illas
3416 5677 3563 5729 sinas.

2384 5757 2407 5790 ι
2440 5743 2633 5812 leuem,
2650 5762 2864 5815 magnas,
2890 5760 2919 5799 e
2935 5746 3107 5798 Savilio
3130 5743 3414 5805 adiecimus.
