4190 6322
254 383 362 436 θὶξῖ

256 487 428 531 totum
480 475 666 529 orbem
714 483 973 528 terrarum
1018 471 1297 543 epistolam
1344 469 1533 523 misisti
1574 468 1848 537 iubentem

257 585 479 627 carcere
506 569 755 623 detentos
780 563 999 629 dimitti,
1030 563 1159 633 ipsis
1186 561 1386 631 ignosci
1413 561 1632 614 crimina
1660 576 1673 611 :
1696 569 1853 629 atque

259 664 367 716 illis
402 658 788 717 humanitatem
832 667 974 709 tuam
1001 654 1369 708 demonstrare
1408 666 1515 704 non
1543 648 1855 704 sufficienti-

262 753 384 819 bus,
416 768 511 823 per
537 751 740 805 litteras
773 747 1023 802 dicebas:
1050 745 1262 799 Utinam
1307 742 1434 796 mihi
1468 742 1653 797 liceret
1686 750 1739 792 et
1764 739 1857 793 de-

267 845 480 909 functos
509 854 762 894 revocare
799 846 852 891 et
878 835 1200 890 resuscitare
1220 876 1233 896 ,
1262 842 1314 887 et
1345 832 1409 886 ad
1435 832 1667 900 priorem
1699 829 1855 895 vitam

267 934 525 986 reducere
556 933 570 985 !
615 930 812 984 llornm
835 942 975 982 nunc
1014 927 1359 980 reminiscere
1388 924 1670 977 verborum
1696 939 1708 973 :
1731 934 1860 975 ecce

270 1032 484 1091 tempus
527 1020 898 1075 defuncturum
939 1015 1358 1071 revocandorum
1385 1022 1439 1067 et
1467 1008 1857 1066 resuscitanda-

270 1132 390 1169 rum
435 1123 490 1167 et
532 1113 599 1166 ad
646 1112 809 1163 vitam
862 1107 1300 1165 reducendorum.
1330 1094 1629 1174 pristinam.
1688 1101 1755 1155 Et
1807 1099 1859 1153 lti

272 1220 505 1275 namque
525 1205 634 1272 jam
662 1201 855 1257 mortui
882 1209 1026 1262 sunt,
1055 1208 1105 1253 ct
1133 1198 1438 1267 priusquam
1458 1194 1713 1262 judicium
1739 1208 1859 1257 pro-

273 1299 497 1363 fcratur,
528 1296 593 1350 ad
634 1296 775 1366 ipsas
803 1294 981 1346 tartari
1015 1292 1155 1346 fores
1181 1290 1290 1359 jam
1324 1303 1464 1343 nunc
1489 1286 1674 1341 civitas
1695 1285 1862 1339 collo-

271 1400 393 1443 cata
422 1398 525 1443 est.
557 1387 725 1453 Ipsam
776 1386 933 1454 igitur
967 1382 1090 1439 inde
1134 1381 1388 1448 resuscita
1428 1380 1543 1432 sine
1586 1378 1824 1448 pecuniis
1848 1419 1862 1441 ,

274 1482 396 1536 sine
444 1478 735 1549 impendio,
787 1479 902 1531 sine
951 1485 1192 1544 tempore
1244 1482 1300 1527 et
1356 1473 1463 1525 ullo
1506 1471 1707 1524 labore.
1749 1469 1865 1523 Tibi

279 1586 512 1637 namque
538 1570 670 1622 satis
695 1579 774 1621 est
813 1577 1014 1619 tantum
1046 1565 1213 1634 loqui,
1242 1574 1297 1618 cl.
1322 1577 1572 1617 revocare
1600 1561 1865 1615 civitatem

278 1664 333 1713 iu
365 1661 600 1715 tenebris
625 1658 949 1725 jaccntcm‘.
990 1656 1141 1710 Nunc
1170 1656 1335 1725 ipsam
1362 1653 1489 1723 jube
1517 1658 1585 1706 ab
1621 1652 1867 1721 humani-

278 1761 392 1806 tate
424 1764 508 1806 tua
539 1750 759 1820 posthac
786 1748 1041 1817 appellari
1068 1765 1081 1799 :
1106 1762 1204 1801 nec
1233 1746 1374 1801 enim
1414 1753 1612 1798 tantam
1657 1743 1870 1797 habebit

281 1843 505 1912 gratiam
535 1841 606 1893 illi
634 1882 647 1902 ,
680 1840 767 1909 qui
798 1839 867 1892 ab
900 1838 1049 1891 initio
1074 1852 1131 1891 se
1157 1836 1393 1889 condidit
1413 1876 1429 1899 ,
1468 1843 1715 1904 quantant
1743 1847 1867 1886 seu-

280 1934 465 1986 tentize
496 1942 600 1985 tua:
628 1949 641 1981 :
673 1948 771 1985 nec
810 1930 1093 1984 immerito.
1142 1928 1234 1982 Ille
1280 1927 1422 1982 enim
1471 1926 1731 1995 principio
1772 1925 1869 1994 ipsi

282 2022 410 2077 dato
435 2023 688 2086 recessit;
725 2033 778 2075 tu
811 2037 937 2087 vexo
964 2031 1171 2074 auctam
1213 2029 1268 2074 et
1307 2034 1551 2088 magnam
1597 2018 1869 2082 effectam,

280 2125 338 2167 et
369 2123 487 2182 post
526 2114 745 2166 multam
779 2112 916 2165 hanc
952 2111 1383 2179 tranquillitatem
1427 2109 1750 2168 destructum
1782 2124 1872 2161 rc-
1920 2148 1926 2157 .

281 2205 586 2259 suscitabis.
634 2203 748 2257 Non
795 2202 981 2256 fuisset
1024 2202 1159 2255 adeo
1203 2200 1500 2254 ntirandum
1546 2199 1590 2253 si
1634 2198 1873 2253 hostibus

283 2298 455 2366 ipsam
472 2272 825 2366 capientibus,
846 2304 900 2349 et
916 2295 1154 2348 barbaris
1174 2291 1567 2361 populantibus,
1589 2307 1615 2343 a
1637 2291 1875 2360 periculo

288 2390 606 2446 liberasscs.
659 2401 816 2455 quam
859 2395 942 2439 e.~t
990 2384 1302 2438 admirabile
1348 2398 1488 2436 nunc
1538 2382 1872 2451 peperi-Mc;

286 2478 416 2533 illud
456 2479 596 2532 enim
643 2493 785 2547 szrpe
833 2476 982 2530 multi
1024 2475 1196 2529 fecere
1246 2468 1431 2543 reges,
1471 2474 1572 2527 hoc
1613 2481 1787 2527 autem
1821 2481 1877 2524 tu

286 2573 438 2625 solus
462 2571 771 2641 operabcris
806 2578 861 2624 ct
891 2570 1093 2639 primus
1124 2579 1318 2636 praeter
1343 2581 1557 2621 omnem
1596 2574 1875 2634 exsp:-cta-

289 2662 512 2716 tionem.
538 2662 602 2719 Et
627 2661 755 2714 illud
782 2660 995 2730 quidem
1020 2659 1237 2712 minime
1260 2658 1582 2724 mirandum,
1616 2672 1712 2710 nec
1745 2670 1879 2725 prm-

294 2765 377 2807 ter
406 2754 711 2822 Opinionem
738 2792 752 2813 ,
795 2752 889 2806 sed
932 2761 1015 2809 est
1045 2750 1408 2821 quotidianum
1439 2765 1577 2819 opus
1599 2791 1614 2815 ,
1654 2749 1879 2803 subditis

291 2842 552 2912 prmesse;
584 2842 723 2913 quod
749 2853 925 2897 autem
958 2852 1031 2897 tot
1049 2852 1102 2897 et
1124 2842 1241 2895 talia
1268 2856 1455 2912 passus
1473 2843 1602 2895 iram
1620 2839 1875 2911 deponas,

292 2935 396 2989 hoc
420 2950 631 2989 omnem
662 2945 903 2989 naturam
932 2934 1147 2989 excedit
1190 2936 1497 2987 humanam.
1523 2932 1706 3001 Cogita
1738 2947 1879 2987 nunc

294 3042 400 3081 non
430 3024 498 3081 de
525 3027 739 3081 civitate
781 3036 980 3080 tantum
1025 3026 1111 3080 illa
1164 3025 1254 3079 tibi
1298 3024 1701 3077 consultandum
1728 3036 1875 3086 esse,

293 3133 478 3170 verum
522 3126 577 3171 et
613 3116 679 3169 de
713 3116 881 3185 gloria
909 3125 994 3168 tua
1018 3156 1033 3180 ,
1082 3116 1188 3168 imo
1226 3130 1353 3168 veru
1380 3113 1448 3167 de
1477 3112 1881 3168 Cbristianismi)

294 3217 427 3261 toto.
454 3206 605 3261 Nunc
632 3202 879 3265 et’Juda-i
908 3216 959 3259 et
988 3206 1179 3268 Graeci,
1209 3214 1264 3259 et
1286 3215 1424 3259 totus
1451 3213 1712 3257 terrarum
1736 3202 1880 3256 orbis

292 3308 347 3349 ιιι
378 3298 585 3351 barbari
616 3299 831 3366 (etenim
855 3308 909 3350 et
950 3298 1023 3350 illi
1053 3298 1166 3350 lucc
1195 3295 1495 3365 audierunt)
1527 3295 1592 3348 ad
1635 3304 1685 3347 te
1716 3294 1881 3362 respi-

292 3388 463 3450 ciunt,
496 3401 869 3457 exspectantes
896 3397 952 3442 ut
978 3388 1210 3451 videant,
1237 3388 1442 3456 qualem
1474 3387 1540 3440 de
1565 3385 1729 3455 gestis
1756 3402 1881 3439 scu-

295 3480 516 3532 teutiam
541 3479 708 3532 feras:
727 3493 917 3547 nempe
933 3479 977 3532 si
997 3478 1276 3531 humanam
1299 3477 1582 3547 protuleris
1602 3483 1657 3529 et
1677 3476 1880 3541 mitem,

294 3586 486 3647 omnes
513 3569 785 3623 decretum
827 3569 1145 3633 laudabunt,
1194 3579 1245 3621 et
1286 3569 1449 3622 Deum
1481 3568 1880 3637 glorifieabunt,

293 3674 352 3715 et
381 3662 517 3715 inter
544 3677 603 3715 se
642 3662 819 3716 dicent
845 3680 857 3714 :
883 3663 1075 3731 Papm,
1127 3672 1321 3730 quanta
1362 3659 1748 3714 Cbristianismi
1788 3676 1882 3727 1.0-

296 3753 496 3807 tentia?
546 3741 812 3807 hominem
858 3770 1017 3823 super
1064 3762 1257 3807 terram
1306 3753 1584 3807 habentem
1626 3754 1883 3821 a‘qnalctu

297 3846 586 3909 uctttincm,
617 3846 793 3899 omnia
821 3844 1030 3899 delendi
1058 3855 1112 3899 et
1137 3843 1389 3913 perdendi
1412 3844 1704 3907 dominum,
1731 3845 1883 3899 Culti-

299 3936 413 3988 buit
441 3948 495 3990 et
521 3935 827 3999 refrenavit,
856 3946 907 3990 et
937 3936 1114 3989 docuit
1145 3934 1564 4003 philosophiam,
1597 3952 1752 4003 quam
1788 3952 1885 3990 nec

298 4027 460 4079 homo
483 4028 715 4095 privatus
737 4026 1031 4080 exhiberet.
1058 4024 1195 4083 Vere
1218 4041 1439 4095 magnus
1460 4023 1884 4079 Christianorum

302 4119 462 4186 Deus,
494 4121 582 4188 qui
612 4136 675 4173 ex
706 4119 1009 4173 hominibus
1034 4119 1250 4189 angelos
1277 4118 1431 4184 facit,
1461 4129 1513 4171 ct
1536 4120 1675 4172 onmi
1701 4133 1887 4171 ncces-

298 4210 456 4263 sitate
485 4210 709 4263 naturali
752 4210 1060 4279 superiOrcs
1104 4208 1397 4263 COuStituit.
1440 4209 1514 4262 Ne
1542 4224 1767 4276 namque
1792 4224 1884 4261 su-

299 4301 562 4369 perﬂuum
595 4304 837 4356 timorem
869 4303 1015 4355 illum
1045 4302 1250 4365 timeas,
1284 4317 1380 4355 nec
1412 4301 1607 4358 toleres
1633 4302 1885 4369 quosdam

297 4393 557 4452 dicentes.
583 4394 814 4462 reliquas
836 4394 1075 4447 civitates
1098 4392 1305 4462 pejores
1326 4392 1526 4445 futuras
1547 4408 1686 4457 esse,
1710 4402 1766 4447 et
1790 4392 1887 4445 hac

300 4498 404 4535 non
434 4483 617 4551 punita
642 4524 656 4547 ,
699 4482 979 4552 imperium
1011 4494 1155 4536 tuum
1188 4484 1353 4553 magis
1382 4494 1800 4552 contempturas.
1832 4484 1887 4538 Si

301 4574 442 4626 enim
471 4573 536 4625 ad
574 4572 827 4627 ultionem
860 4573 1103 4627 infirmus
1129 4572 1349 4640 fuisses,
1383 4585 1436 4628 et
1465 4574 1577 4627 ita-c
1606 4576 1805 4643 operati
1839 4584 1889 4627 te

299 4678 354 4715 vt
395 4674 771 4731 superassent,
821 4680 875 4718 ct
923 4680 1017 4732 par
1059 4674 1201 4719 esset
1233 4665 1487 4733 potentia,
1538 4676 1891 4734 congruenter

302 4755 420 4807 lucc
466 4755 723 4824 sttSpicari
768 4755 1159 4823 oportebatzsi
1201 4771 1329 4809 vero
1376 4756 1630 4824 patefacti
1678 4772 1890 4824 pra-quc

304 4846 496 4900 timore
524 4848 830 4915 prartnortui
868 4846 1023 4909 sunt.
1052 4856 1107 4902 et
1132 4847 1198 4901 ad
1231 4856 1347 4901 tuos
1376 4864 1469 4916 per
1496 4864 1581 4902 me
1609 4864 1891 4903 cucurrere

303 4936 489 5005 pedes,
512 4952 609 4990 nec
625 4936 767 4990 aliud
791 4937 1027 5005 quotidie
1047 4948 1360 5007 exspectant
1380 4954 1534 5008 quam
1559 4939 1886 5005 barathrum,

300 5036 357 5079 ct
381 5026 791 5095 supplicationes
816 5026 1013 5081 facinttt
1035 5030 1381 5082 communes"
1418 5031 1467 5082 iu
1499 5030 1688 5083 caelum
1719 5031 1889 5098 respi-

301 5120 507 5174 cientes
526 5160 540 5181 ,
576 5114 641 5174 et
662 5120 824 5174 Deum
854 5120 1038 5174 venire
1079 5121 1410 5191 supplicant,
1452 5132 1503 5176 et
1531 5122 1684 5175 simul
1714 5122 1893 5177 nobis-

297 5230 425 5267 cum
460 5214 775 5284 legationem
807 5214 977 5279 obire,
1005 5224 1059 5270 et
1083 5215 1221 5269 sicut
1252 5217 1303 5267 in
1325 5215 1578 5269 extremis
1599 5215 1888 5280 constituti,

298 5307 371 5360 de
399 5306 556 5359 rebus
585 5305 697 5360 suis
717 5305 906 5373 singuli
936 5306 1222 5359 consulunt
1249 5323 1262 5358 :
1287 5305 1555 5373 quomodo
1577 5322 1680 5360 non
1707 5322 1894 5373 super-

303 5399 440 5452 lluus
465 5398 552 5452 hic
582 5399 776 5452 timor?
804 5398 857 5453 Si
884 5398 1111 5467 jugulari
1141 5398 1365 5452 fuissent
1390 5397 1545 5465 jussi,
1580 5408 1723 5451 tanta
1754 5400 1891 5467 passi

303 5510 409 5545 non
438 5492 699 5556 fuissent,
739 5502 935 5560 quanta
981 5493 1249 5559 patiuntur
1281 5506 1418 5544 nunc
1442 5531 1456 5555 ,
1510 5499 1586 5543 tot
1624 5490 1808 5544 diebu.
1834 5490 1889 5541 in
1944 5500 1962 5513 '

304 5586 495 5637 timore
518 5593 571 5635 et
596 5592 829 5636 tremore
855 5583 1114 5649 viventes,
1143 5594 1195 5636 et
1217 5584 1625 5650 superveniente
1648 5598 1888 5661 vespere,

368 5721 384 5751 ι
419 5718 556 5768 savii.
586 5724 638 5767 et
663 5716 842 5768 Morel“
863 5716 950 5767 sub
971 5716 1121 5766 acutis
1134 5726 1391 5777 Jacentrm.

367 5781 385 5812 ³
416 5780 555 5831 διιιῆι.
585 5789 635 5829 et
656 5780 751 5827 duo
776 5789 882 5827 Mss.
906 5794 917 5827 :
946 5778 1318 5830 Stimtlicmiones
1342 5778 1521 5839 faciant
1539 5781 1826 5843 feruentes.

627 5866 893 5923 Parnm-
946 5867 1059 5923 (in.
1110 5867 1333 5928 XLlX.

1084 375 1177 431 AD
1221 370 1541 430 POPULL'.“
1609 368 2099 439 ANTIOCIIENUM
2162 371 2397 428 IIOMIL.
2439 370 2576 427 XXl.

3442 373 3546 425 El!

1962 484 2211 524 auroram
2257 470 2438 525 videre
2486 485 2590 523 non
2643 476 3019 540 exspectantes
3053 473 3150 520 :et
3190 462 3278 540 die
3320 470 3439 518 orto
3485 462 3551 516 ad

1963 575 2239 630 reaperam
2283 563 2562 633 pervenire
2602 577 2709 616 non
2746 538 2990 631 sperant.
3033 556 3181 613 Multi
3221 538 3277 610 ei
3315 557 3369 610 itt
3413 555 3554 611 feras

1965 652 2286 715 inciderunt,
2320 654 2444 706 duttt
2471 663 2745 707 sectantur
2774 651 3007 714 deserta,
3039 650 3092 703 iu
3124 650 3263 701 invia
3292 646 3551 705 translati.

1966 757 2066 797 nec
2092 743 2189 796 viri
2218 751 2419 796 tantum
2446 783 2461 807 ,
2495 757 2676 795 verum
2705 752 2756 795 et
2780 740 2984 810 pueruli
3011 738 3191 807 parvi,
3223 746 3275 791 et
3306 736 3556 791 mulieres

1966 832 2150 886 libera:
2192 844 2247 887 et
2289 832 2499 887 decorae
2541 848 2635 901 per
2672 833 2866 885 multas
2904 840 3090 883 noctes
3118 835 3173 882 et
3200 827 3316 881 dies
3344 826 3395 879 in
3438 841 3556 895 5pc-

1966 924 2139 978 luucis
2174 932 2227 978 ct
2267 925 2597 978 convallibus
2625 934 2679 979 et
2707 923 2904 978 deserti
2931 920 3281 975 foraminibus
3309 918 3556 972 latentes.

1971 1014 2031 1067 Et
2062 1010 2231 1068 novus
2258 1015 2579 1081 captivitatis
2605 1014 2795 1067 modus
2824 1012 3092 1066 civitatem
3121 1009 3326 1064 detinet
3350 1026 3366 1063 :
3388 1007 3560 1062 a'difi~

1969 1108 2065 1159 ciis
2092 1116 2147 1160 et
2174 1107 2340 1161 muris
2369 1107 2668 1170 stantibus,
2716 1104 2945 1159 incensis
2984 1101 3286 1158 civitatibus
3315 1100 3562 1169 graviora

1973 1200 2278 1267 patiuntur;
2321 1199 2466 1253 nullo
2495 1197 2839 1252 incumbente
2865 1195 3123 1257 barbaro,
3157 1207 3257 1264 nec
3283 1191 3437 1245 hoste.
3460 1200 3563 1257 'ap-

1974 1300 2210 1358 parente,
2241 1291 2410 1360 captis
2440 1283 2687 1344 tttis’erius
2716 1287 2889 1342 affecti
2922 1296 3081 1350 sunt,
3113 1295 3166 1339 et
3195 1284 3282 1338 vel
3310 1282 3493 1336 folium
3522 1284 3565 1331 si

1975 1394 2271 1450 moveatur,
2303 1398 2492 1438 onmes
2520 1384 2667 1452 ipsos
2699 1398 2793 1451 per
2819 1382 3059 1450 singulos
3086 1386 3249 1433 terret
3277 1376 3410 1431 dies.
3443 1374 3566 1428 lla-c

1974 1490 2163 1529 omnes
2197 1477 2406 1530 sciunt:
2429 1484 2481 1529 et
2518 1476 2563 1528 si
2593 1472 2902 1528 subversam
2937 1474 3104 1543 ipsam
3134 1469 3423 1530 vidiSsent,
3462 1480 3568 1520 nou

1974 1569 2054 1622 sic
2092 1576 2274 1621 essent
2309 1566 2589 1636 castigati,
2617 1576 2673 1618 ut
2702 1580 2842 1617 nunc
2873 1578 2993 1616 cum
3037 1564 3130 1614 has
3158 1559 3324 1628 ipsius
3350 1557 3570 1610 audiere

1975 1658 2238 1711 miserias.
2266 1656 2347 1712 Ne
2372 1657 2532 1727 igitur
2559 1656 2660 1710 hoc
2685 1656 2892 1724 cogites
2914 1695 2927 1717 ,
2970 1651 3183 1721 pejores
3211 1650 3413 1704 futuras
3453 1662 3572 1702 esse

1976 1752 2221 1811 civitates
2255 1752 2509 1820 reliquas.
2560 1749 2677 1803 Non
2722 1748 2865 1802 enim
2907 1748 2952 1801 si
2990 1747 3232 1801 civitates
3260 1743 3392 1796 alias
3417 1755 3573 1796 ever-

1978 1847 2135 1900 tisses
2155 1887 2170 1911 ,
2203 1842 2401 1900 siccas
2430 1844 2749 1912 castigasses
2769 1884 2782 1906 ,
2816 1851 2873 1894 ut
2904 1854 3044 1894 nunc
3075 1854 3169 1908 per
3202 1838 3456 1890 incertam
3490 1833 3572 1887 fu-

1980 1923 2217 1991 turorum
2248 1935 2704 2005 exspectationem
2720 1933 2879 1998 omni
2912 1929 3171 1999 supplicio
3202 1924 3574 1982 vehementius

1982 2029 2123 2097 ipsos
2154 2027 2328 2097 punis.
2367 2026 2445 2080 Ne
2484 2026 2641 2095 igitur
2671 2024 2803 2093 ipsis
2832 2022 3053 2075 ulterius
3095 2018 3424 2074 calamitates
3454 2029 3577 2084 pro-

1980 2120 2176 2180 ducts,
2217 2116 2315 2172 sed
2351 2117 2461 2185 jam
2488 2115 2754 2183 respirare
2784 2111 3069 2166 concedas.
3100 2108 3355 2163 Subditos
3384 2120 3577 2175 nempe

1980 2210 2241 2275 castigare
2280 2215 2335 2262 et
2360 2217 2632 2278 gestorum
2662 2205 2874 2273 exigere
2900 2215 3115 2272 pugnas,
3162 2199 3316 2253 facile
3365 2196 3577 2266 penitus

1981 2311 2035 2354 ct
2062 2308 2401 2370 promptum;
2434 2299 2497 2353 iis
2533 2312 2662 2351 vero
2704 2281 2798 2366 qui
2846 2293 3197 2349 contunielias
3250 2291 3574 2354 intulerunt,

1982 2408 2224 2463 parcere,
2253 2400 2307 2447 et
2337 2392 2402 2446 iis
2424 2392 2514 2460 qui
2544 2390 2698 2445 venia
2726 2389 2941 2458 indigna
2972 2393 3336 2456 batraverunl,
3364 2383 3574 2437 veniam

1982 2485 2135 2550 dare,
2167 2484 2326 2538 unius
2356 2491 2410 2537 et
2437 2482 2521 2535 vix
2549 2481 2769 2535 alterius
2794 2488 2897 2546 est,
2927 2489 2977 2533 et
3003 2476 3233 2531 maxime
3260 2490 3381 2530 cum
3411 2475 3579 2543 Impe-

1982 2589 2132 2631 rator
2155 2576 2225 2628 sit
2252 2574 2633 2628 contumeliam
2680 2587 2886 2642 passus.
2934 2570 3003 2624 Et
3049 2569 3317 2623 civitatcnt
3362 2566 3577 2636 quidem

1985 2680 2131 2722 metu
2160 2668 2392 2723 Subdere
2423 2666 2608 2728 facile;
2639 2679 2829 2719 omnes
2860 2673 3036 2717 autent
3068 2662 3148 2716 sui
3180 2670 3422 2714 amantes
3448 2675 3581 2714 con-

1985 2761 2241 2825 stituere,
2286 2760 2456 2828 iisque
2500 2756 2824 2828 persuadere
2873 2764 2931 2808 ut
2973 2755 3026 2808 in
3072 2768 3291 2823 regnum
3336 2761 3480 2805 tuuut
3522 2764 3582 2804 se

1984 2850 2241 2905 benevole
2266 2849 2497 2925 habeant
2518 2890 2532 2914 ,
2577 2858 2626 2903 et
2657 2864 2760 2901 non
2794 2856 2994 2899 tantum
3017 2857 3332 2898 communes
3353 2884 3366 2904 ,
3394 2857 3578 2895 ννιουιῃ

1985 2952 2041 2995 et
2071 2942 2299 3010 privatas
2335 2955 2431 3010 pro
2460 2950 2549 2994 tuo
2578 2955 2768 3011 preces
2800 2937 3024 3006 imperio
3052 2936 3296 2999 fundant,
3325 2932 3576 2986 difficile:

1986 3033 2111 3086 licet
2136 3032 2366 3086 infinitas
2396 3034 2512 3101 quis
2542 3028 2813 3100 expendat
2848 3028 3099 3097 pecunias
3121 3068 3136 3090 ,
3178 3034 3233 3079 et
3271 3025 3581 3078 innumeros

1988 3123 2254 3177 exercitus
2295 3131 2502 3175 moveat
2529 3162 2542 3184 ,
2589 3130 2645 3173 et
2683 3117 2938 3187 qnidqttid
2968 3127 3218 3184 cpt-retur
3242 3156 3257 3180 ,
3293 3130 3396 3167 non
3428 3111 3582 3167 facile

1990 3225 2061 3269 tot
2096 3214 2367 3267 hominum
2401 3210 2649 3264 affectum
2680 3209 2745 3263 ad
2782 3210 3014 3278 seipsqu
3048 3207 3318 3260 attrahere
3348 3198 3539 3274 poterit
3562 3245 3579 3271 ,

1988 3304 2126 3375 quod
2159 3318 2301 3358 nunc
2340 3302 2431 3355 tibi
2464 3301 2620 3355 facile
2665 3300 2765 3353 erit
2805 3308 2861 3354 et
2904 3298 3097 3352 nullius
3125 3295 3342 3366 negotii.
3373 3294 3502 3349 Nam
3529 3304 3581 3348 et

1990 3396 2264 3451 beneficiis
2300 3394 2473 3447 affecti
2499 3436 2514 3458 ,
2558 3402 2612 3447 et
2658 3392 2749 3461 qui
2798 3390 3062 3445 audierint
3103 3392 3300 3458 pariter
3327 3404 3447 3441 cmn
3479 3388 3580 3453 iis,

1990 3491 2076 3558 qui
2109 3484 2713 3553 beneficiaacceperint,
2744 3498 2868 3551 erga
2898 3492 2947 3535 te
2978 3481 3234 3534 benevole
3257 3479 3576 3533 afficientur.

1992 3582 2130 3649 Quot
2161 3560 2396 3648 pecuniis
2425 3577 2671 3641 emisses,
2702 3585 2832 3643 quot
2860 3573 3083 3626 eruisses
3112 3571 3402 3634 laboribus,
3434 3568 3607 3631 brevi,

1994 3670 2249 3739 temporis
2280 3676 2549 3722 momento
2584 3674 2749 3719 totum
2782 3665 2967 3717 urbem
2996 3662 3293 3731 aequircre,
3324 3670 3381 3715 et
3406 3660 3583 3712 untni-

1993 3765 2089 3817 bus
2117 3762 2206 3830 qui
2235 3774 2373 3813 nunc
2410 3769 2534 3811 Sunt
2565 3758 2859 3831 futurisque
2900 3755 3242 3823 persuadere,
3302 3762 3359 3805 ut
3383 3760 3584 3820 quanta

1993 3855 2113 3906 filii.
2142 3853 2251 3905 suis
2281 3832 2486 3920 aptant,
2514 3859 2654 3903 tanta
2678 3857 2730 3902 et
2748 3848 2903 3916 capiti
2930 3858 3017 3899 tuo
3040 3854 3305 3914 optarent.
3327 3843 3382 3899 Si
3405 3853 3581 3897 autem

1992 3946 2058 3999 ab
2087 3945 2387 3998 hominibus
2413 3944 2545 4007 lucc,
2570 3943 2739 4010 cogita
2764 3951 3012 4008 quantam
3038 3955 3067 3991 a
3097 3939 3206 3991 Deo
3235 3938 3416 4005 capies
3442 3953 3585 3989 mer.

1992 4035 2201 4099 eodem,
2249 4049 2354 4086 non
2396 4040 2599 4085 tantum
2628 4046 2813 4084 eorum
2840 4071 2854 4093 ,
2887 4046 3005 4097 quae
3038 4043 3177 4080 nunc
3211 4029 3359 4090 fiunt,
3401 4042 3583 4097 verum

1993 4135 2044 4178 ct
2087 4141 2204 4193 qua:
2252 4132 2371 4191 post
2415 4123 2530 4175 lucc
2564 4123 2630 4175 ab
2670 4121 2791 4175 aliis
2839 4129 3178 4188 peragentur.
3228 4117 3284 4171 Si
3337 4132 3583 4185 mnquani

1994 4220 2134 4272 enim
2164 4218 2434 4285 (cntingat
2462 4214 2575 4268 fieri
2603 4215 2706 4267 tale
2732 4213 2876 4282 quid,
2911 4212 3065 4280 quale
3098 4226 3236 4263 nunc
3264 4210 3458 4263 factum
3481 4218 3584 4271 est,

1996 4309 2135 4378 quod
2185 4309 2323 4361 licus
2352 4314 2589 4368 avertat,
2637 4316 2689 4359 et
2737 4304 2982 4372 injuriatn
3021 4316 3295 4371 passorum
3343 4298 3503 4368 aliqui
3536 4299 3585 4351 in

1996 4402 2373 4457 Contumeliam
2404 4408 2654 4470 operatos
2682 4399 2960 4467 insurgere
2992 4396 3179 4459 velint,
3213 4393 3511 4462 benignitas
3535 4403 3590 4445 et

1997 4492 2332 4564 philosophia
2379 4498 2471 4544 tua’
2510 4504 2606 4558 pro
2642 4489 2785 4541 otnni
2834 4488 2963 4556 ipsis
2989 4487 3091 4541 crit
3119 4486 3391 4554 disciplina
3420 4484 3587 4537 etad-

1998 4585 2290 4639 monitioue
2316 4600 2329 4635 :
2354 4575 2549 4635 rubore
2580 4580 2885 4650 pudoreque
2924 4577 3257 4642 afficientur,
3292 4576 3398 4630 tale
3424 4574 3587 4628 disci-

1998 4676 2154 4745 plime
2175 4673 2479 4743 exemplum
2504 4672 2781 4735 habentes,
2807 4670 3087 4724 inferiores
3108 4684 3382 4738 apparere.
3409 4668 3590 4733 Itaque

1997 4767 2234 4819 omnium
2269 4772 2603 4833 posterorum
2632 4763 2738 4816 eris
2769 4772 3085 4831 pra-ceptur,
3133 4772 3186 4815 et
3214 4761 3439 4829 palmam
3462 4766 3590 4828 ipsis

2000 4856 2306 4926 pueripies,
2354 4856 2473 4909 licet
2504 4854 2569 4909 ad
2602 4854 2774 4923 ipsum
2806 4853 3156 4923 philosophiae
3187 4854 3440 4907 verticem
3476 4866 3592 4919 per-

1998 4949 2231 5001 veniant.
2258 4948 2371 5000 Non
2396 4947 2536 5001 enim
2563 4962 2656 5015 par
2677 4958 2778 5009 est,
2806 4947 3106 5014 quempiam
3136 4955 3333 4998 tantam
3358 4945 3592 5011 incipere

2000 5040 2377 5109 benignitatem
2410 5040 2660 5108 primum,
2690 5048 2743 5093 et
2765 5038 2829 5090 ad
2854 5039 2989 5092 alios
3014 5037 3384 5105 reSpicientem
3407 5052 3590 5091 eorum

1998 5144 2113 5186 acta
2153 5132 2368 5185 imitari.
2400 5132 2658 5198 Quocirca
2685 5132 3006 5201 quicumque
3034 5142 3150 5199 post
3199 5140 3249 5184 te
3294 5128 3590 5182 humanita-

2002 5236 2109 5279 tent
2138 5234 2192 5278 et
2221 5223 2682 5277 mansuetudinem
2715 5233 3200 5292 quantamcumque
3226 5222 3583 5283 exbibueriut,

2001 5328 2055 5370 tu
2095 5331 2214 5370 eum
2259 5316 2363 5370 illis
2410 5315 2712 5369 mercedem
2742 5315 3001 5383 accipies;
3042 5316 3130 5384 qui
3171 5315 3312 5368 ettint
3361 5316 3592 5367 radicem

2002 5407 2246 5477 prmbuil,
2278 5407 2362 5459 hic
2388 5406 2571 5475 utique
2601 5414 2657 5459 et
2682 5405 2944 5460 fructuuut
2968 5417 3153 5458 auctor
3174 5414 3277 5459 est.
3306 5404 3593 5472 Propterea

2002 5515 2141 5553 nunc
2189 5498 2401 5567 quidem
2455 5512 2611 5552 nemo
2667 5509 2839 5552 tecum
2896 5497 3241 5551 humanitatis
3292 5493 3593 5549 mercedem

2003 5592 2181 5658 partiri
2209 5600 2380 5659 potest
2403 5608 2414 5641 :
2440 5601 2584 5643 tuum
2604 5591 2745 5644 enim
2778 5588 2943 5642 solius
2971 5589 3217 5641 tneritum
3252 5596 3365 5640 est:
3392 5598 3445 5638 tu
3469 5600 3593 5637 vero

1998 5698 2119 5734 cum
2164 5681 2411 5733 oumihus
2451 5680 2678 5748 posteris
2705 5721 2718 5743 ,
2760 5681 2803 5732 si
2855 5681 2940 5748 qtti
2976 5679 3109 5733 tales
3140 5692 3387 5747 umquam
3433 5691 3595 5744 appa-

2002 5782 2150 5825 reant
2175 5813 2188 5839 ,
2218 5787 2285 5826 ex
2315 5787 2467 5841 :equo
2501 5773 2748 5824 meritum
2776 5770 3016 5825 dividere
3047 5772 3249 5839 poteris
3271 5810 3285 5830 .
3314 5777 3365 5821 et
3395 5776 3599 5823 tantam

3159 5861 3231 5921 13
