4190 6322
738 337 840 388 9J0

739 460 1008 517 reportare
1037 460 1257 518 partem,
1281 462 1532 522 quantam
1551 452 1607 507 in
1622 453 1898 524 discipulis
1921 466 2301 526 prmecptorcs:

739 550 788 592 et
819 540 862 593 si
893 554 1048 593 nemo
1081 543 1202 596 talis
1228 542 1418 608 fuerit,
1444 559 1661 600 rumtm
1696 547 1791 601 tibi
1817 547 2308 606 commendationes

738 637 791 681 et
818 628 997 683 laudes
1028 646 1121 699 per
1145 633 1377 701 singulas
1403 637 1717 703 proveniunt
1743 638 2131 708 generationes.
2165 641 2308 694 Con-

740 714 912 771 sidera
939 734 1162 788 namque
1191 722 1345 788 quale
1369 724 1438 776 sit
1464 735 1703 794 posteros
1728 740 1914 780 omnes
1942 729 2147 795 audire,
2169 731 2308 800 quod

736 813 842 858 tam
884 823 1065 878 magna
1107 810 1318 866 civitate
1348 826 1518 882 patore
1546 822 1602 868 et
1622 813 1816 868 ultioni
1843 814 2070 870 obnoxia
2091 858 2106 882 ,
2154 833 2305 887 pave-

741 895 890 949 factis
916 900 1160 954 omnibus
1180 943 1194 965 ,
1237 911 1290 956 et
1330 902 1640 958 horrefactis
1687 904 1939 971 ducibus,
1971 907 2232 975 pra'fcctis
2258 919 2312 963 et

738 983 1036 1052 iudicibus,
1091 1004 1154 1043 ac
1199 1007 1267 1049 ne
1319 1007 1499 1046 vocem
1547 993 1758 1062 quidem
1803 1010 1900 1065 pro
1951 997 2158 1052 miseris
2211 999 2312 1052 illis

739 1076 981 1131 emittere
1011 1079 1347 1146 audentibus,
1378 1098 1512 1138 unus
1539 1086 1798 1140 accedens
1827 1101 1990 1142 senex
2016 1088 2106 1142 Dei
2134 1105 2313 1144 sacer-

741 1163 942 1217 dotium
972 1181 1160 1237 gerens
1181 1210 1196 1234 ,
1238 1185 1301 1225 ex
1329 1171 1441 1241 ipso
1470 1183 1684 1243 aspectu
1716 1175 1831 1229 solo
1873 1185 1926 1230 ct
1953 1177 2218 1246 colloquio
2247 1179 2311 1233 ad

690 1282 698 1292 ι
743 1258 1088 1312 reverentiam
1154 1260 1528 1329 imperatorem
1599 1266 1765 1320 movit
1796 1285 1809 1319 :
1843 1268 2064 1338 etquod
2117 1270 2312 1324 nemini

741 1357 955 1403 suorum
979 1348 1307 1405 subditorum
1335 1354 1618 1421 concessit,
1650 1355 1736 1408 uni
1764 1356 1864 1411 hoc
1888 1358 2001 1411 scni
2027 1360 2311 1427 concessit,

743 1432 836 1488 Del
886 1436 1028 1506 leges
1067 1441 1342 1495 reveritus.
1375 1443 1582 1500 Etenim
1627 1446 1727 1500 hoc
1751 1462 1961 1517 quoque
1990 1449 2104 1517 ipso
2133 1467 2235 1505 non
2265 1461 2316 1506 te

744 1541 946 1592 parum,
979 1528 1286 1599 imperator,
1329 1535 1514 1590 civitas
1548 1536 1861 1602 honoravit,
1892 1541 2030 1610 quod
2061 1557 2146 1596 me
2169 1543 2234 1595 ad
2264 1551 2316 1596 te

745 1616 966 1693 legatum
1007 1621 1247 1688 miserit;
1293 1628 1608 1681 sententiam
1650 1629 1791 1683 enim
1817 1629 1884 1684 de
1907 1639 1957 1686 te
1985 1632 2233 1699 optimam
2264 1641 2317 1685 et

745 1707 1154 1788 pulcherrimam
1205 1715 1577 1782 protulerunt,
1627 1718 1768 1786 quod
1819 1721 1963 1774 omni
2005 1722 2313 1793 principatui

745 1794 836 1852 tibi
865 1793 1108 1866 subjecto
1133 1801 1224 1855 Dei
1251 1804 1554 1860 sacerdotes
1575 1816 1888 1876 anteponas,
1912 1810 2014 1864 etsi
2045 1813 2173 1866 viles
2198 1827 2317 1866 esse

742 1887 1028 1956 contingat.
1070 1889 1186 1944 Non
1237 1891 1304 1946 ab
1351 1894 1456 1948 illis
1510 1911 1637 1950 vero
1685 1906 1885 1951 tantum
1936 1915 2078 1955 nunc
2124 1902 2312 1965 venio,

743 1989 924 2030 verum
958 1987 1013 2032 et
1054 1989 1175 2037 ante
1218 1982 1338 2036 illos
1366 1998 1392 2037 a
1424 1987 1689 2040 communi
1738 1988 2046 2057 angelorum
2095 1991 2316 2046 Domino

746 2062 938 2118 missus
961 2081 1100 2130 sum,
1124 2078 1179 2120 ut
1205 2070 1315 2124 hare
1334 2071 1502 2126 dicam
1529 2076 1819 2130 miti~simze
1842 2093 1904 2131 ac
1927 2078 2317 2149 benignissima:

746 2155 936 2210 anim-.1:
959 2167 1060 2212 tua:
1081 2177 1092 2208 .-
1113 2159 1261 2228 Quod
1285 2163 1327 2215 si
1358 2162 1656 2220 [nominibus
1680 2167 1913 2235 ipsorum
1945 2169 2116 2225 debita
2135 2172 2314 2226 dimit-

749 2246 870 2299 tatis
891 2287 906 2311 ,
950 2259 1002 2302 ct
1033 2249 1192 2305 Pater
1223 2254 1446 2307 caelestis
1467 2255 1644 2324 lapsus
1669 2258 1817 2312 vobis
1845 2258 2074 2315 dimittet
2105 2261 2313 2332 (Matth.

746 2334 794 2388 6.
847 2337 957 2403 lt).
1003 2339 1300 2397 Recordare
1332 2343 1489 2412 igitur
1536 2346 1674 2401 illius
1715 2347 1851 2414 diei,
1895 2365 2000 2418 quo
2037 2366 2222 2408 omnes
2251 2354 2317 2407 de

745 2426 877 2478 actis
902 2429 1158 2484 rationem
1193 2431 1477 2488 reddemus
1503 2452 1515 2489 :
1538 2438 1706 2506 cogita
1747 2439 1885 2507 quod
1932 2441 2088 2495 etiam
2120 2443 2164 2496 si
2193 2445 2316 2514 quid

747 2511 798 2564 in
832 2522 883 2567 te
913 2527 1185 2583 peccatum
1214 2528 1336 2584 est,
1391 2537 1579 2577 omnes
1611 2525 1828 2607 abluere
1855 2530 2317 2596 przcvaricationcs

745 2616 841 2669 per
881 2605 1139 2672 judicium
1192 2619 1244 2663 et
1292 2613 1607 2668 sententiam
1658 2605 1811 2671 istam
1867 2620 2066 2687 poteris
2117 2622 2317 2692 absque

749 2690 1040 2760 laboribus,
1067 2697 1264 2766 absque
1285 2699 1587 2756 sudoribus.
1609 2705 1707 2758 Alii
1731 2721 1925 2776 nempe
1945 2709 2103 2779 legati
2127 2690 2314 2767 aurum

745 2791 800 2836 et
823 2795 1096 2854 argentum
1122 2796 1175 2841 et
1200 2788 1301 2842 alia
1329 2788 1627 2859 hujusmodi
1656 2795 1792 2849 dona
1821 2795 1998 2852 ferunt
2022 2817 2036 2866 ;
2070 2816 2168 2871 ego
2192 2818 2318 2857 vero

747 2885 865 2924 cum
907 2875 1075 2929 sacris
1099 2875 1164 2930 ad
1196 2876 1472 2948 imperium
1517 2891 1664 2937 tuum
1708 2884 1909 2955 legibus
1944 2890 2094 2955 veni,
2129 2901 2182 2946 et
2221 2907 2319 2962 pro

747 2959 900 3016 donis
925 2965 1170 3020 omnibus
1201 2967 1294 3021 has
1323 2971 1596 3036 przcteudo
1620 3014 1636 3037 ,
1685 2985 1739 3028 et
1780 2984 1828 3030 te
1859 2976 2136 3033 Dominum
2171 2959 2316 3036 tuum

749 3052 938 3106 imitari
968 3058 1206 3124 supplico
1231 3098 1246 3120 ,
1293 3061 1379 3128 qui
1421 3063 1658 3130 quotidie
1698 3081 1727 3120 a
1762 3067 1917 3122 nobis
1941 3072 2315 3126 contumeliam

745 3142 952 3208 patiens
979 3158 1082 3197 non
1107 3155 1280 3201 cessat
1315 3149 1448 3202 bona
1467 3154 1570 3205 ‘sua
1612 3153 1856 3209 omnibus
1898 3158 2217 3214 ministrare.
2251 3160 2317 3214 Et

749 3247 815 3285 nc
839 3234 1132 3289 confundas
1153 3254 1299 3308 spent
1327 3251 1584 3309 nostram,
1607 3260 1706 3300 nec
1732 3249 2112 3315 promissiones
2139 3251 2318 3306 initas

752 3321 1154 3382 faciaszetenim
1183 3338 1238 3383 et
1265 3329 1363 3385 hoc
1391 3348 1510 3387 cum
1541 3335 1659 3390 aliis
1685 3345 1736 3391 te
1763 3339 1901 3393 scire
1922 3340 2070 3404 volo,
2104 3343 2242 3410 quod
2272 3347 2316 3398 si

753 3414 1079 3469 reconciliari
1105 3418 1242 3472 vilis
1270 3430 1320 3472 et
1347 3423 1623 3490 pristinam
1664 3426 1861 3481 civitati
1895 3427 2315 3486 benevolentiam

746 3506 1170 3572 communicare,
1195 3520 1256 3563 et
1285 3509 1422 3567 banc
1462 3516 1731 3569 remittere
1763 3517 1959 3585 justam
2005 3519 2316 3589 indignatio-

749 3607 889 3656 nem,
922 3610 1038 3649 cum
1073 3599 1236 3652 multa
1262 3611 1498 3657 revertar
1522 3605 1745 3671 ﬁducia;
1777 3607 1820 3662 si
1851 3624 1976 3663 vero
2016 3622 2196 3666 mente
2228 3622 2312 3667 tua

748 3683 1011 3738 civitatem
1041 3692 1362 3757 aSperucris,
1382 3709 1488 3747 non
1515 3703 1716 3750 tantum
1741 3699 1904 3767 ipsam
1930 3715 2032 3754 non
2054 3712 2313 3771 repetam,

750 3789 846 3828 nec
876 3775 1038 3844 ipsius
1066 3782 1236 3834 solum
1270 3782 1479 3850 videbo,
1510 3801 1691 3840 verum
1722 3800 1775 3842 et
1803 3785 1854 3842 iii
1883 3791 2138 3860 reliquum
2168 3809 2316 3861 pror-

746 3879 836 3919 sus
878 3869 1112 3935 negabo,
1161 3880 1214 3924 et
1257 3871 1306 3925 in
1350 3872 1506 3926 aliam
1540 3890 1622 3928 me
1666 3878 1929 3932 civitatem
1961 3882 2311 3938 conscribam.

745 3952 820 4006 Ne
849 3955 973 4008 mihi
1017 3972 1240 4026 namque
1280 3961 1482 4015 accidat
1528 3965 1578 4017 in
1619 3965 1759 4018 illam
1801 3984 2048 4037 umquam
2085 3971 2311 4027 adscribi

747 4044 963 4109 patriam
986 4087 999 4108 ,
1031 4062 1152 4115 erga
1185 4065 1340 4115 quam
1389 4051 1799 4110 humanissimus
1839 4067 1890 4110 ttt
1911 4099 1925 4122 ,
1957 4070 2010 4113 et
2040 4062 2310 4117 hominum

741 4141 1051 4187 cunctorum
1071 4136 1378 4192 mitissimus
1393 4143 1566 4207 pacari
1586 4146 2022 4216 reconciliarique
2039 4165 2139 4203 non
2158 4153 2308 4208 velis.

812 4223 863 4276 4.
907 4223 1046 4277 Mitis
1077 4230 1330 4294 responsio
1351 4227 1700 4299 Imperatoris,
1729 4236 1812 4300 qui
1851 4239 2011 4303 parcit
2040 4240 2310 4296 Antioche-

743 4311 838 4362 nis.
863 4340 931 4350 —-
969 4312 1092 4367 Htcc
1120 4325 1172 4368 et
1213 4317 1293 4369 his
1323 4317 1468 4386 plura
1501 4319 1770 4388 loquutus,
1821 4325 1897 4378 sic
1936 4325 2310 4394 Imperatorem

744 4399 1023 4466 pudefecit,
1046 4413 1102 4455 ut
1121 4404 1258 4458 idem
1288 4406 1458 4473 ﬁeret,
1487 4411 1626 4477 quod
1652 4421 1705 4464 et
1732 4413 1782 4465 in
1809 4413 2005 4488 Joscplt
2029 4417 2155 4472 olim
2180 4434 2309 4474 con-

746 4490 876 4558 tigit.
927 4490 1071 4546 Sicut
1100 4497 1242 4547 enim
1266 4497 1353 4550 ille
1382 4505 1506 4552 tunc
1538 4499 1726 4554 fratres
1752 4507 2102 4573 conspicatus,
2135 4509 2313 4578 lugere

739 4580 949 4646 quidem
971 4583 1202 4648 volebat,
1224 4587 1315 4640 sed
1333 4587 1571 4643 dolorem
1593 4592 1820 4661 tegebat,
1837 4610 1903 4650 ne
1918 4596 2308 4656 simulationem

743 4670 985 4736 proderet
1015 4692 1027 4725 :
1061 4675 1135 4727 sic
1151 4685 1202 4729 et
1221 4675 1512 4745 imperator
1529 4681 1845 4752 lacrymabat
1864 4686 2074 4754 quidem
2106 4699 2305 4755 mente,

740 4775 842 4811 non
869 4760 1267 4818 demonStrabat
1309 4777 1506 4833 autem,
1543 4774 1777 4827 omnium
1815 4777 1904 4843 qui
1933 4786 2057 4832 tunc
2091 4781 2312 4835 aderant

736 4862 914 4903 causa.
946 4850 1242 4908 Nectamen
1260 4870 1426 4924 usque
1445 4859 1495 4910 in
1526 4859 1684 4914 ﬁnem
1708 4873 1894 4918 :rstum
1921 4866 2095 4922 celare
2113 4871 2304 4936 potuit,

740 4954 922 4994 verum
951 4951 1004 4994 et
1024 4943 1215 4996 invitus
1241 4945 1608 5012 superabatur.
1635 4949 1760 5004 Post
1787 4951 1921 5006 hanc
1938 4956 2079 5008 enim
2096 4960 2308 5012 concio-

742 5043 860 5081 nem
883 5031 1128 5089 SCCNndlS
1151 5049 1253 5086 non
1273 5049 1404 5103 opus
1433 5036 1613 5092 habuit
1628 5041 1827 5106 verbis,
1847 5044 1938 5099 sed
1963 5061 2119 5099 unum
2138 5048 2308 5103 solum

741 5120 986 5189 loquutus
1034 5135 1112 5179 est
1153 5126 1408 5188 verbum,
1440 5130 1578 5199 quod
1621 5132 1790 5200 ipsum
1822 5133 2116 5192 diademate
2145 5141 2310 5193 multo

738 5216 904 5280 magis
930 5217 1157 5272 ornavit.
1186 5217 1318 5283 Quid
1350 5230 1525 5274 autem
1554 5222 1652 5275 hoc
1682 5223 1806 5277 est?
1837 5225 1898 5278 Et
1927 5227 2049 5294 quid
2079 5228 2304 5283 admira-

737 5304 838 5361 bile
864 5315 917 5360 ct
937 5323 1182 5376 magnum
1220 5319 1322 5375 est,
1354 5312 1541 5380 inquit,
1565 5313 1609 5367 si
1633 5314 1716 5380 iis,
1746 5316 1832 5382 qui
1857 5332 1951 5370 nos
1979 5322 2309 5376 contumeliis

737 5395 1060 5462 affecerunt,
1093 5399 1223 5452 itam
1253 5402 1582 5456 remittamus
1614 5404 1912 5460 hominibus
1940 5409 2306 5473 existentibus,

738 5502 862 5541 cum
880 5497 933 5544 ct
949 5489 1044 5558 ipsi
1061 5491 1299 5546 homines
1317 5495 1500 5557 simus;
1522 5511 1637 5548 cum
1659 5497 1837 5549 mundi
1861 5498 2109 5554 Dominus
2123 5502 2170 5554 in
2205 5513 2309 5556 ter-

744 5595 855 5632 ram
881 5581 1229 5648 descendens,
1260 5593 1318 5638 et
1344 5596 1555 5654 propter
1583 5601 1680 5642 nos
1717 5602 1903 5642 servus
1936 5592 2123 5656 factus,
2175 5603 2227 5647 et
2279 5610 2305 5645 a

743 5670 999 5729 beneﬁcio
1031 5674 1230 5730 aﬁ'cctis
1271 5677 1578 5738 cruciﬁxus,
1631 5694 1725 5748 pro
1754 5681 2157 5737 crucilixorihus
2198 5685 2306 5739 suis

1463 339 1517 394 S.
1560 339 1836 399 JOANNIS
1873 341 2343 401 CHRYSOSTOII
2382 349 2699 412 ARCHIEP.
2739 359 3267 425 (ΞΟΝΞΤᾹΝἸἾΝΟΡ.

3883 380 4003 435 2'20

2416 468 2623 526 Patrem
2680 476 2930 541 oraverit,
2982 479 3212 538 dicens:
3261 483 3475 555 Ignosce
3517 487 3642 556 illis,
3695 509 3796 547 non
3858 497 4003 549 enim

2415 563 2584 654 sciunt
2609 566 2738 636 quid
2759 569 2948 638 faciunt
2973 571 2994 641 (
3015 570 3140 628 Luc.
3167 574 3258 630 25.
3289 576 3360 631 54
3389 577 3446 647 )?
3471 582 3594 651 quid
3634 583 3792 654 igitur
3817 586 4001 642 admis-

2414 653 2604 719 rabile,
2637 658 2682 711 si
2708 674 2806 713 nos
2829 664 3100 717 conservis
3149 666 3526 736 ignoscamus?
3570 653 3829 747 Etiqttod
3878 679 4002 734 have

2416 746 2580 800 verba
2608 764 2710 802 non
2737 750 2844 804 sint
2867 753 3155 822 simulatio,
3206 757 3637 821 demonstrarunt
3677 746 3894 838 quidem
3937 781 4000 825 et

2417 837 2617 924 reliqua
2646 854 2828 909 Opera,
2857 859 2955 898 nec
2981 845 3044 899 iis
3071 849 3244 905 minus
3272 850 3398 906 iliud
3422 855 3564 924 quod
3589 837 3732 914 nunc
3758 874 3876 915 sum
3899 877 3995 916 re-

2418 923 2637 983 laturus.
2684 931 2856 999 lpsum
2895 936 3037 990 enim
3084 937 3223 994 hunc
3273 923 3602 1001 sacerdotem
3629 962 3811 1003 secum
3857 952 3998 1006 hanc

2417 1015 2808 1075 solemnitatem
2840 1024 3114 1084 celebrare
3137 1030 3421 1096 volentem,
3462 1036 3680 1092 invitum
3703 1055 3996 1110 properare

2418 1116 2472 1160 et
2501 1109 2751 1167 festinare
2769 1117 2944 1203 coegit
2963 1128 3016 1172 et
3035 1122 3308 1179 secivibtts
3324 1125 3594 1183 exhibere.
3620 1130 3778 1197 Novi,
3800 1133 3996 1206 inquit,

2419 1212 2559 1253 nunc
2584 1201 2815 1269 ipsorum
2837 1201 3041 1262 animos
3060 1214 3424 1279 conturbatos,
3464 1227 3518 1271 et
3564 1221 3759 1275 multas
3807 1201 3998 1293 super?

2419 1303 2538 1345 esse
2553 1295 2870 1350 calamitatis
2901 1299 3189 1369 reliquias;
3219 1304 3327 1371 alii,
3352 1309 3650 1364 consolare.
3695 1311 3752 1368 Si
3797 1315 3999 1384 guber-

2420 1391 2660 1437 natorem
2678 1385 2924 1456 viderint,
2946 1405 3042 1445 nec
3059 1395 3342 1460 praeterita:
3359 1398 3769 1457 remittisceutur
3785 1408 3998 1475 tempe-

2418 1475 2590 1540 statis,
2625 1490 2806 1532 vcrum
2835 1489 2889 1534 et
2924 1481 3092 1563 ipsam
3137 1486 3364 1540 tristium
3424 1493 3732 1547 memoriam
3779 1509 3996 1551 omnem

2418 1560 2692 1621 delebunt.
2722 1566 2791 1622 Ut
2809 1560 2985 1624 autem
3011 1571 3201 1627 institit
3225 1576 3464 1645 pontifex
3492 1589 3700 1648 petens,
3733 1593 3792 1637 ut
3825 1583 3996 1639 ﬁlium

2419 1666 2572 1707 suum
2597 1654 2854 1721 mitteret,
2887 1661 3070 1716 volens
3099 1661 3190 1719 ille
3212 1667 3491 1723 manifeste
3519 1669 3915 1741 demonstrare,
3936 1689 4000 1731 se

2419 1748 2626 1813 penitus
2659 1748 2788 1802 iram
2819 1760 2996 1806 mente
3041 1753 3343 1811 delevisse:
3374 1757 3535 1814 Otate
3560 1801 3576 1826 ,
3622 1763 3834 1832 inquit,
3883 1767 4001 1822 lucc

2420 1832 2616 1890 auferri
2647 1838 2937 1906 obstacula,
2970 1841 3085 1896 haec
3130 1842 3266 1900 bella
3294 1849 3547 1918 extingui,
3575 1862 3628 1906 et
3655 1867 3753 1921 ego
3782 1855 4002 1911 veniam

2425 1925 2662 1980 omnino.
2687 1928 2821 1995 Quid
2844 1932 3019 1985 anima
3050 1933 3231 1989 mitius
3255 1935 3341 1989 illa
3369 1951 3489 1993 esse
3516 1943 3722 2009 possit?
3750 1943 3998 2000 Confun-

2420 2013 2613 2070 duntur
2635 2019 2864 2087 gentiles
2887 2022 2954 2077 de
2975 2024 3460 2096 reliquo,,quinimo
3487 2045 3554 2086 ne
3578 2031 3997 2099 confundantur,

2420 2107 2511 2160 sed
2540 2110 2846 2166 erudiautur
2865 2101 2889 2179 ,’
2928 2122 2984 2168 et
3026 2117 3294 2184 proprium
3325 2120 3629 2176 omittentes
3655 2137 3897 2179 errorem
3927 2125 3996 2178 ad

2418 2195 2807 2253 Christianismi
2825 2203 3070 2258 virtutem
3091 2206 3328 2272 redeant,
3353 2219 3588 2265 nostram
3616 2211 3686 2267 ab
3712 2213 4000 2285 Imperato-

2422 2302 2478 2339 re
2497 2297 2548 2341 et
2569 2290 2817 2358 pontiﬁce
2835 2291 2975 2347 docti
2995 2294 3405 2366 philosophiam.
3433 2298 3550 2355 Non
3572 2303 3713 2357 enim
3735 2303 3998 2359 hactenus

2424 2386 2548 2433 tunc
2566 2379 2797 2435 substitit
2823 2384 3091 2464 piissimus
3119 2385 3438 2458 imperator,
3461 2391 3556 2446 sed
3608 2402 3662 2447 et
3711 2402 3999 2465 postquam

2421 2482 2486 2521 ex
2515 2469 2648 2526 urbe
2665 2475 2916 2529 sacerdos
2937 2458 3099 2530 exivit
3119 2486 3172 2532 et
3201 2481 3510 2549 pertransiit
3536 2458 3730 2549 mare;
3753 2458 3901 2540 misit
3927 2488 3999 2543 ad

2419 2573 2540 2615 eum
2552 2562 2832 2631 quosdam,
2852 2567 3127 2623 sciscitans
3155 2577 3211 2624 et
3239 2581 3504 2642 satagens,
3533 2587 3601 2627 ne
3628 2573 3763 2630 forte
3786 2585 3996 2646 tempus

2422 2663 2683 2710 tereretur
2736 2667 2791 2711 et
2833 2659 3034 2714 civitati
3083 2662 3407 2732 voluptatem
3456 2664 3798 2730 diinuerct,
3841 2676 3996 2722 extra

2421 2749 2606 2804 urbem
2627 2750 3021 2808 solemnitatem
3051 2769 3330 2826 peragens.
3361 2757 3490 2825 Quis
3521 2767 3671 2828 pater
3695 2759 3839 2814 mitis
3871 2769 3997 2815 tan-

2423 2848 2528 2892 tam
2555 2839 2623 2894 de
2648 2843 3023 2898 contumeliam
3053 2844 3405 2901 inferentibus
3431 2861 3611 2902 curam
3639 2849 3782 2920 egit?
3811 2851 3994 2906 Dicam

2421 2939 2475 2984 et
2501 2931 2655 2985 aliam
2675 2931 2803 3001 justi
2829 2934 3061 2990 laudem.
3092 2937 3185 2992 liis
3209 2939 3350 2993 enim
3380 2940 3640 3009 expeditis
3685 2957 3790 2997 non
3839 2943 3994 2999 festi-

2422 3021 2585 3090 navit,
2611 3032 2669 3078 ut
2687 3024 2823 3079 alius
2845 3027 3024 3096 gloria:
3043 3027 3286 3099 cupidus,
3311 3030 3424 3100 ipse
3449 3032 3628 3086 literas
3649 3032 3792 3087 illam
3822 3035 3992 3089 tristi-

2422 3114 2546 3168 tiam
2573 3115 2846 3172 solventes
2873 3116 3117 3184 defcrre;
3160 3120 3256 3175 sed
3299 3124 3550 3202 quoniam
3592 3124 3785 3180 lentius
3839 3125 3991 3191 ibat,

2421 3205 2582 3259 alium
2606 3209 2890 3276 quemdam
2923 3211 3175 3268 velociter
3206 3214 3444 3283 equitare
3484 3213 3696 3271 doctum
3743 3230 3801 3272 se
3848 3231 3992 3288 prae-

2419 3304 2630 3352 vertere
2650 3298 2874 3367 rogavit,
2907 3308 2960 3354 et
2981 3301 3115 3356 bona
3137 3303 3337 3358 civitati
3367 3305 3549 3359 nuntia
3571 3304 3786 3374 nﬂ‘erre,
3831 3321 3900 3360 ne
3925 3322 3993 3362 ex

2422 3389 2622 3445 reditus
2640 3391 2721 3446 sui
2765 3392 3058 3450 tardatione
3113 3397 3324 3450 tristitia
3376 3399 3794 3468 prolongaretur.
3839 3400 3997 3466 Quod

2420 3481 2562 3534 enitn
2606 3483 2722 3550 ipse
2746 3485 3034 3553 quaerebat,
3060 3487 3233 3541 solum
3262 3498 3396 3552 erat,
3419 3503 3524 3542 non
3565 3496 3622 3542 ut
3649 3490 3760 3558 ipse
3788 3490 3996 3546 veniret

2418 3573 2553 3628 bona
2582 3573 2693 3629 hac
2719 3575 2964 3631 deferens
3009 3578 3292 3647 voluptatis
3338 3579 3516 3634 muitzc
3563 3580 3739 3650 plena,
3786 3580 3881 3635 sed
3933 3591 3992 3636 ut

2418 3681 2582 3736 ocyus
2604 3668 2756 3723 nobis
2779 3670 2945 3738 patria
2976 3671 3282 3741 respirarct.

2489 3758 2812 3814 Lectisternia
2837 3762 2889 3814 in
2915 3762 3059 3816 rebus
3098 3763 3247 3818 lctis.
3270 3794 3342 3806 —
3365 3764 3514 3830 Quod
3554 3764 3711 3834 igitur
3743 3774 3867 3819 tunc
3916 3764 3994 3819 fe-

2417 3850 2585 3916 cistis,
2617 3849 2788 3905 forum
2811 3864 3150 3922 coronantes,
3179 3866 3232 3910 et
3259 3857 3502 3912 lucernas
3528 3856 3904 3924 acccndentes,
3938 3868 3994 3912 et

2419 3940 2587 3994 lectos
2606 3952 2730 3996 ante
2757 3941 2997 3998 ofﬁcinas
3022 3957 3424 4015 componentes,
3455 3956 3511 4002 et
3537 3955 3800 4016 tamquam
3821 3963 3994 4016 nuper

2417 4032 2632 4087 civitate
2662 4043 2782 4088 nata
2807 4075 2823 4101 ,
2851 4035 3041 4090 festum
3065 4047 3285 4107 agentes
3304 4081 3322 4106 ,
3367 4039 3469 4094 hoc
3513 4039 3670 4095 aliter
3711 4055 3806 4109 per
3833 4055 3994 4094 omne

2418 4121 2575 4177 facite
2604 4133 2835 4193 tempus,
2869 4141 2973 4180 non
3005 4127 3249 4192 ﬁoribus,
3277 4129 3371 4184 sed
3395 4130 3589 4185 virtute
3608 4144 3701 4185 vos
3727 4145 3994 4184 coronan-

2417 4219 2518 4278 tes,
2549 4213 2723 4269 lumen
2753 4232 2848 4285 per
2886 4232 3046 4287 Opera
3075 4221 3128 4274 in
3158 4221 3332 4274 anima
3376 4230 3554 4276 vestra
3599 4221 3955 4277 accendentes
3974 4264 3988 4284 ,

2420 4304 2678 4373 spirituali
2705 4307 2996 4375 gaudentes
3025 4309 3226 4371 l;etitia,
3272 4321 3325 4365 et
3353 4312 3461 4365 Deo
3511 4312 3726 4367 assidue
3772 4328 3868 4381 pro
3907 4313 3994 4368 his

2416 4395 2661 4449 omnibus
2689 4399 2887 4466 gratias
2913 4414 3071 4467 agere
3097 4416 3205 4453 non
3224 4399 3531 4455 desinamus
3576 4419 3590 4455 :
3644 4417 3748 4455 non
3779 4413 3988 4458 tantum

2417 4489 2664 4553 quoniam
2692 4490 2871 4560 gravia
2901 4491 3079 4557 solvit,
3112 4506 3292 4546 verum
3322 4491 3572 4562 quoniam
3615 4501 3670 4546 et
3711 4493 3822 4561 ipsa
3876 4492 3994 4549 ﬁeri

2417 4579 2675 4645 permisit,
2699 4583 2748 4636 ei
2780 4583 3003 4636 multum
3035 4584 3130 4651 ipsi
3161 4599 3260 4637 nos
3284 4584 3481 4640 debere
3503 4583 3876 4650 conﬁteantur;
3897 4601 3995 4654 per

2417 4685 2639 4742 utraque
2668 4675 2809 4727 enim
2854 4675 3004 4728 nobis
3050 4676 3311 4729 civitatem
3368 4677 3598 4730 ornavit.
3650 4674 3773 4729 llaec
3811 4685 3992 4730 autem

2417 4766 2617 4829 omnia,
2646 4765 2935 4819 secundum
2961 4765 3328 4834 propheticum
3356 4761 3785 4835 eloquiuni,llliis
3801 4768 3994 4820 vestris

2419 4856 2751 4920 annuntiate,
2781 4864 2834 4910 et
2857 4855 2945 4909 ﬁlii
2978 4857 3139 4908 vestri
3168 4857 3288 4908 filiis
3309 4857 3438 4920 suis,
3471 4864 3524 4909 et
3547 4855 3622 4909 illi
3657 4865 3868 4908 rursum
3899 4868 3988 4923 ge.

2417 4946 2676 5004 nerationi
2707 4956 2931 5016 postera:
2959 4947 3095 5015 (Joel
3140 4948 3190 5000 i.
3221 4948 3309 5018 ὅ),
3343 4956 3400 5000 ut
3449 4959 3634 5001 omnes
3688 4946 3778 5016 qui
3826 4957 3993 5017 usque

2415 5039 2480 5092 ad
2503 5041 3015 5094 consummationem
3054 5038 3216 5094 futuri
3269 5047 3410 5102 sunt,
3465 5036 3565 5092 Dei
3608 5035 3991 5093 humanitatem

2415 5132 2612 5185 civitati
2639 5132 2923 5186 exhibitatn
2951 5133 3236 5194 discentes,
3290 5146 3385 5185 nos
3428 5130 3640 5198 quidem
3683 5129 3991 5185 beatiliceut

2419 5232 2617 5276 tantam
2651 5233 2832 5279 nactos
2861 5223 3286 5278 benevolentiam
3314 5239 3328 5287 ;
3357 5222 3687 5276 admirentur
3713 5229 3888 5274 autem
3934 5231 3990 5275 et

2415 5316 2686 5369 dominum
2714 5327 2972 5381 nostrum,
2996 5317 3180 5385 quisic
3201 5315 3399 5383 lapsam
3417 5313 3682 5368 civitatem
3701 5312 3990 5378 relevavil;

2418 5407 2688 5461 lucrentur
2716 5417 2768 5460 et
2790 5408 2908 5476 ipsi,
2943 5422 3140 5475 perque
3163 5406 3345 5459 talium
3366 5416 3632 5474 gestorum
3654 5403 3893 5472 exempla
3923 5405 3992 5458 ad

2418 5499 2665 5567 pietatem
2699 5498 3074 5568 impellantur:
3106 5513 3210 5550 non
3239 5497 3379 5550 enim
3402 5509 3500 5549 nos
3531 5503 3760 5559 tantum,
3791 5494 3835 5547 si
3859 5493 3993 5562 ipso-

2415 5607 2530 5645 rum
2556 5606 2767 5659 semper
2799 5590 3162 5654 recordemur,
3186 5603 3369 5642 verum
3399 5596 3452 5642 et
3481 5595 3755 5656 posteros,
3805 5598 3993 5638 eorum

2419 5700 2534 5754 quae
2558 5683 2707 5737 nobis
2731 5691 3018 5736 evenerunt
3040 5682 3293 5748 narratio,
3315 5681 3550 5734 maxime
3567 5681 3757 5746 iuvare
3780 5681 3993 5747 poterit.
