4190 6322
587 354 682 409 9-2!
1365 347 1420 402 S.
1460 346 1745 402 JOANNIS
1782 342 2260 400 CHRYSOSTOMI
2300 343 2621 399 ARCIIIEP.
2659 340 3204 397 CONSTANTINOP.
3914 332 4018 388 Ξεὲ

583 470 860 540 ὠφελῆσαι
889 468 1190 538 δυνήσεται.
1225 465 1364 516 ’Ἃπε
1373 480 1402 533 ρ
1423 457 1514 515 οὖν
1540 462 1752 515 ἅπαντα
1777 458 2135 528 λογιζόμενοι,
2172 458 2246 528 μὴ
2347 464 2478 533 ἡμῖν
2494 462 2766 532 οἰκονομεῖ
2789 457 2926 529 μετὰ
2946 455 3047 524 τῆς
3066 452 3216 523 αὑτῷ
3237 448 3552 522 πρεπούσης
3578 445 4016 517 φιλανθρωπίας

590 534 837 628 μονον-ὲν
861 557 925 624 τῇ
952 534 1104 606 hicat
1138 549 1245 605 ῖεῶν
1264 549 1473 612 δεινῶν,
1499 549 1633 602 ἀλλὰ
1654 548 1746 600 καὶ
1780 548 1836 599 ὲν
1866 550 1931 617 τῇ
1960 546 2245 614 συγχωρή-
2346 545 2413 620 ἦς
2450 549 2658 616 γένοιτο
2684 544 2945 615 διηνεκῶς
2981 544 3128 613 ἡμᾶς
3157 536 3528 599 ἀπολαύοντας
3529 577 3557 628 1
3591 538 3691 628 fa}
3728 534 4022 628 ἷῆς-βῗ-ςι..

590 620 671 696 ξἰτει
706 643 813 696 τῶν
844 620 1031 694 δείνῶ’)
1055 636 1463 708 εὐχαριστῶμεν
1492 636 1577 688 ἀεὶ
1609 632 1686 704 τῷ
1718 630 2083 701 φιλανθρώπῳ
2104 628 2245 699 θεῷ,
2346 636 2493 699 λείας
2522 636 2630 689 τῶν
2659 632 2903 704 οὐρανῶν
2930 630 3230 696 ἐπιτυχεῖν,
3256 627 3313 680 ὲν
3342 623 3565 694 Χριστῷ
3591 620 3877 693 Ἰησοῦ-τῷ
3907 621 4023 708 ΚΞ)-

555 728 561 735 ’
589 732 693 784 ἀπό
721 747 777 783 τε
805 729 911 780 τῶι)
936 727 1092 779 θείων
1116 703 1378 796 Ῐίρξῖιφῶν,⁷
1401 722 1507 776 ἀπό
1529 739 1587 774 τε
1624 703 1730 773 τῶν
1761 720 1889 788 ἡμῖν
1926 716 2245 785 συμϐάντων
2350 725 2450 796 ρίφ
2473 724 2652 795 ἡμῶν,
2819 719 2944 785 δόξα
2971 717 3067 770 καὶ
3087 716 3149 769 τὸ
3180 714 3380 786 κράτος
3415 713 3497 775 εἰς
3526 712 3653 774 τοὺς
3680 708 3886 772 αἰῶνας
3919 703 3997 756 τῶ

589 817 719 869 αὐτὸ
749 816 810 886 δὴ
846 814 1001 869 τοῦτο
1034 826 1059 853 ι
1092 812 1369 883 μαθόντες,
1406 809 1480 872 ὡς
1518 808 1731 861 ἅπαντα
1755 805 1842 856 ἀεὶ
1885 802 2019 873 πρὸς
2044 801 2103 854 τὸ
2131 800 2247 886 δέον
2351 810 2579 864 αιώνων,
2622 808 2816 879 Ἀμήν,

655 905 679 931 ³
700 903 779 1013 εἰς
800 885 948 953 Sat-il.
974 907 1026 951 et
1044 901 1141 949 duo
1182 900 1283 958 alii,
1305 893 1490 946 rectius
1508 906 1651 957 quam
1686 889 2032 942 MOMLa€me
2057 888 2114 944 δὴ
2135 885 2247 935 τού-

655 984 701 1012 ιν.
752 980 862 1012 -DIT.

590 981 701 1014 των.
731 980 862 1013 ιυιτ.

1414 1447 3923 1475 mm

689 1456 866 1478 2-2-1?
871 1471 885 1474 -
889 1459 910 1475 _‘
913 1454 1073 1477 ..μη-’⁵.-
1014 1467 1064 1475 ﬁ.
1069 1453 1239 1475 .-‘.."_.__..'.
1243 1453 1343 1474 ’.τί-νο·
1346 1467 1355 1472 -
1368 1453 1491 1473 .“’”....“¹““““
1493 1453 1567 1473 3-3.
1574 1453 1685 1473 “.....-.“¹“““
1688 1453 1740 1472 TT.
1746 1453 1811 1471 :5:
1814 1453 1889 1472 Γ..

1088 1855 1167 1914 IN
1213 1851 1721 1916 CATECHESES
1760 1849 2075 1911 PRIMAM
2128 1848 2229 1908 ΕΤ
2275 1846 2708 1910 SECUNDAM
2740 1848 2847 1908 AD
2885 1848 3496 1912 ILLUMINANDOS

747 2286 897 2341 lianc
934 2283 1244 2339 catechesin
1275 2297 1341 2336 ex
1385 2280 1547 2334 unico
1578 2277 1822 2332 Federici
1858 2275 2062 2329 Morclli
2088 2274 2274 2330 codice
2307 2289 2367 2329 se
2393 2281 2699 2329 mutuatum
2731 2289 2853 2329 esse
2884 2276 3208 2331 testiﬁcatur
3233 2275 3288 2329 in
3329 2272 3475 2330 notis
3515 2274 3655 2331 infra
3692 2274 3787 2331 Fr.
3821 2275 3935 2332 Du-

674 2414 840 2463 carus,
877 2411 1038 2465 quem
1074 2394 1320 2465 codicem
1358 2390 1619 2444 hactenus
1646 2386 1888 2443 nancisci
1922 2401 2031 2440 non
2066 2384 2365 2454 potuimus.
2419 2384 2741 2439 inscribitur
2787 2394 2967 2440 autem
3023 2388 3340 2458 Κατήχησις
3380 2388 3595 2460 πρώτη,
3631 2387 3936 2443 Cateclreaia

677 2517 873 2585 prima,
910 2512 1001 2583 qui
1038 2508 1229 2564 titulus
1262 2504 1425 2559 aliam
1464 2502 1548 2556 vel
1583 2500 1719 2554 alias
1744 2498 2061 2553 catccheses
2097 2496 2237 2550 hanc
2267 2496 2664 2565 subsequentes
2702 2494 2923 2550 indicat.
2952 2493 3167 2551 Nullam
3199 2512 3364 2566 porro
3408 2498 3568 2577 aliam
3619 2497 3935 2553 cateebesin

677 2637 730 2690 in
763 2628 1138 2704 Chrysostomi
1174 2623 1433 2696 operibus
1473 2616 1714 2682 Invenio,
1745 2630 1865 2685 quae
1893 2615 2035 2668 hanc
2064 2613 2218 2682 sequi
2271 2613 2527 2683 potuerit,
2566 2612 2670 2668 nisi
2706 2613 2985 2667 homiliam
3020 2611 3338 2668 vicesimam
3385 2610 3617 2681 primam
3658 2608 3725 2662 ad
3755 2622 3937 2677 popu—

674 2748 786 2803 lum
823 2742 1224 2799 Antiochenum
1260 2779 1275 2803 ,
1309 2752 1431 2806 quae
1468 2736 1592 2789 item
1625 2731 1962 2790 inscribitur.
1995 2730 2319 2801 Κατήχησις

2283 2745 2319 2792 γς
2344 2728 2481 2800 πρὸς
2496 2729 2622 2792 τοὺς
2653 2729 2945 2799 μέλλοντας
2989 2729 3341 2800 φωτίζεσθαι,
3374 2727 3671 2782 Caterhesia
3703 2726 3773 2780 ad
3808 2725 3938 2778 illu-

684 2863 995 2922 minandos;
1036 2856 1220 2912 habita
1248 2866 1381 2908 vero
1409 2851 1511 2905 fuit
1543 2850 1688 2904 circa
1718 2847 1877 2901 linem
1913 2843 2355 2914 Quadragesima:
2394 2842 2547 2907 anni,
2582 2853 2642 2897 ut
2677 2852 2870 2914 putant
2898 2845 3087 2914 aliqui,
3118 2844 3245 2899 588.
3276 2842 3393 2910 Qua
3426 2844 3492 2899 de
3522 2858 3581 2900 re
3608 2842 3770 2897 infra.
3808 2841 3938 2897 Haec

682 2988 874 3047 porro,
913 2970 981 3025 de
1019 2982 1125 3039 qua
1158 2979 1302 3019 nunc
1337 2966 1535 3031 agitur,
1573 2963 1757 3017 habita
1793 2976 2014 3031 quoque
2047 2960 2147 3014 fuit
2176 2960 2228 3013 in
2264 2959 2709 3031 Quadragesima,
2742 2962 2962 3032 triginta
2994 2977 3186 3032 nempe
3215 2962 3408 3017 diebus
3442 2970 3568 3017 ante
3597 2961 3840 3029 Pascha,
3871 2971 3940 3016 ut

680 3094 948 3150 indicatur
977 3105 1129 3145 num.
1162 3090 1213 3144 4.
1246 3090 1304 3141 ln
1336 3088 1493 3157 cujus
1525 3102 1652 3140 vero
1683 3086 1812 3140 anni
1857 3084 2283 3155 Quadragesima
2315 3085 2663 3154 pronuntiata
2696 3084 2860 3139 fuerit
2892 3084 3004 3154 jam
3037 3084 3412 3153 quaerendum.
3439 3086 3598 3141 Certe
3630 3085 3677 3141 si
3707 3085 3936 3156 longum

682 3222 868 3266 contra
902 3210 1116 3277 iurandi
1159 3209 1610 3264 consuetudinem
1654 3207 1950 3278 epilogum,
1983 3220 2093 3276 quo
2125 3205 2401 3260 clauditur
2450 3206 2650 3270 oratio,
2710 3204 3077 3266 attendamus,
3111 3203 3162 3256 in
3194 3201 3626 3275 Quadragesima
3661 3204 3789 3258 anni
3829 3202 3943 3257 587

681 3321 989 3375 catcchesin
1026 3321 1166 3375 hanc
1194 3319 1592 3373 constituemus
1621 3335 1633 3370 :
1671 3330 1765 3386 per
1792 3324 1960 3370 totam
1994 3314 2137 3368 enim
2163 3312 2308 3367 illam
2336 3310 2822 3383 Quadragesimam
2857 3312 3112 3367 homilias
3150 3312 3261 3367 fere
3288 3328 3501 3375 omnes.
3542 3327 3679 3383 quas
3707 3327 3945 3366 numero

679 3438 745 3494 21
782 3437 1073 3501 habemus,
1110 3436 1430 3505 hujusmodi
1463 3444 1653 3491 contra
1678 3435 1987 3504 iuramenta
2017 3433 2490 3488 adhortationibus
2516 3433 2695 3489 claudi
2728 3434 3023 3497 cernimus,
3050 3433 3123 3486 ita
3163 3441 3222 3486 ut
3257 3433 3309 3486 in
3364 3430 3545 3501 aliqua
3575 3446 3761 3486 earum
3791 3430 3943 3486 circa

684 3551 842 3605 ﬁnem
870 3549 1435 3620 Quadragesimm,cx
1470 3547 1697 3603 curandi
1734 3545 2055 3601 assiduitate
2101 3560 2237 3615 pene
2270 3543 2556 3615 depulsum
2618 3544 2867 3598 morbum
2930 3559 3053 3598 esse
3120 3542 3442 3597 testiﬁcetur
3494 3542 3942 3613 (ibrysostomus.

688 3664 874 3735 itaque
904 3672 965 3719 ut
988 3678 1109 3719 eam
1145 3664 1197 3717 in
1228 3679 1434 3718 annum
1469 3661 1573 3717 587
1606 3661 1973 3725 conferamus,
2010 3670 2122 3715 tum
2160 3660 2273 3715 haec
2304 3661 2445 3715 ratio
2482 3660 2706 3724 suadet,
2737 3668 2852 3714 tum
2887 3661 3050 3714 etiam
3100 3661 3203 3714 alia
3238 3677 3305 3715 ex
3354 3660 3510 3715 titulo
3566 3661 3730 3730 petita
3760 3679 3773 3717 :
3814 3675 3947 3715 nam

685 3782 981 3837 Com/mis
1012 3784 1186 3854 prima
1221 3792 1585 3852 congruenter
1615 3783 1954 3849 inscribitur,
2002 3783 2048 3837 si
2090 3784 2252 3837 aliam
2283 3784 2436 3852 sequi
2492 3783 2803 3839 cateebesin
2868 3783 3386 3854 deprehendamus;
3442 3796 3566 3837 cum
3615 3790 3797 3835 autem
3852 3780 3946 3835 illa

686 3898 851 3953 altera
886 3899 1190 3956 catechcsis
1223 3901 1306 3956 vel
1343 3901 1394 3955 in
1426 3900 1858 3972 Quadragesima
1891 3899 2019 3954 anni
2052 3899 2156 3953 587
2179 3940 2194 3963 ,
2232 3910 2287 3953 ut
2331 3915 2428 3955 nos
2468 3902 2810 3971 probabilius
2862 3901 3266 3964 existimamus,
3296 3900 3378 3953 vel
3420 3898 3473 3952 in
3529 3897 3776 3966 sequenti
3812 3896 3947 3952 anui

684 4014 814 4079 588,
847 4025 904 4068 ut
936 4012 1317 4071 Tillemontius
1377 4012 1657 4085 opinatur,
1697 4012 2011 4082 reponenda
2048 4010 2140 4080 sit,
2177 4010 2354 4082 prima
2408 4011 2462 4065 in
2496 4010 2982 4080 Quadragesimam
3032 4011 3163 4067 anni
3198 4010 3301 4065 587
3337 4006 3577 4064 conferri
3635 4021 3799 4077 posse
3857 4008 3942 4062 vi-

684 4130 860 4184 detur.

762 4282 866 4337 Sed
907 4285 960 4337 in
990 4285 1130 4340 hanc
1158 4286 1419 4355 temporis
1450 4294 1636 4340 notam
1667 4300 1776 4342 non
1812 4285 2118 4357 spernenda
2148 4285 2393 4355 quaedam
2434 4288 2625 4358 objicit
2654 4282 3203 4360 Tillemontiusfqui
3255 4291 3462 4345 mavult
3517 4290 3665 4346 illam
3708 4288 3763 4343 in
3795 4288 3949 4355 Qua-

688 4399 1053 4467 dragesimam
1086 4396 1213 4450 anni
1251 4396 1356 4451 588
1389 4397 1681 4467 conjicere.
1714 4395 1893 4466 Hujus
1919 4397 2274 4453 catecbeseos
2309 4398 2506 4453 habitae
2533 4400 2670 4464 dies,
2706 4401 2903 4471 inquit,
2941 4401 2986 4457 si
3017 4402 3239 4473 triginta
3280 4401 3398 4458 dies
3422 4417 3452 4457 a
3480 4401 3747 4460 Paschate
3797 4414 3952 4459 retro

692 4524 962 4575 numeres,
995 4510 1047 4561 in
1084 4508 1479 4565 hebdomadem
1508 4509 1734 4565 tertiam
1772 4518 1896 4579 post
1915 4506 2126 4564 Pascha
2162 4510 2390 4579 incidit;
2421 4512 2569 4581 atqui
2606 4526 2751 4567 anno
2791 4513 2897 4569 587
2935 4531 3031 4585 per
3059 4523 3228 4569 totam
3265 4515 3412 4569 illam
3459 4517 3857 4572 hebdomadem
3891 4533 3952 4572 se

691 4623 907 4678 siluisse
934 4631 988 4676 et
1023 4636 1052 4676 a
1084 4621 1441 4676 concionibus
1475 4617 1803 4673 abstinuisse
1853 4616 2181 4673 testificatur
2211 4617 2643 4689 Chrysostomus
2672 4618 2829 4674 Hom.
2865 4620 2934 4674 XI
2969 4621 3035 4676 ad
3066 4624 3333 4694 populum
3360 4626 3788 4696 Antiochenum,
3819 4631 3951 4700 quia

696 4747 803 4792 tota
844 4734 1061 4801 civitas,
1097 4734 1167 4787 ob
1215 4733 1517 4803 proximam
1558 4747 1678 4801 qua:
1732 4740 1953 4803 propter
2004 4746 2222 4787 eversas
2271 4740 2482 4786 statuas
2514 4732 2929 4801 exspectabatur
2988 4734 3273 4804 ultionem,
3315 4746 3553 4796 tremore
3612 4742 3955 4816 horroreque

692 4850 843 4925 [29.5]
888 4853 1040 4922 plena
1071 4859 1208 4914 erat,
1245 4864 1308 4904 ac
1342 4849 1541 4919 singuli
1576 4849 1697 4918 plus
1729 4849 1795 4904 de
1828 4849 1953 4919 fuga
1988 4850 2346 4918 capessenda,
2391 4865 2557 4919 quam
2591 4849 2658 4903 de
2692 4850 2959 4906 adeundis
2992 4853 3353 4910 concionibus
3379 4855 3711 4925 cogitabant.
3744 4857 3954 4916 Deinde

693 4970 738 5024 si
767 4969 820 5021 in
861 4973 1009 5019 tanta
1041 4961 1195 5017 urbis
1225 4961 1538 5017 calamitate
1564 4961 1989 5016 catechumenos
2016 4961 2288 5016 allocutus
2316 4970 2483 5025 esset,
2512 4977 2690 5017 annon
2725 4965 3005 5036 quidpiam
3032 4964 3100 5021 de.
3129 4967 3222 5021 illa
3251 4967 3499 5023 omnium
3540 4969 3756 5025 animos
3786 4986 3956 5029 occu-

704 5083 864 5146 pante
896 5071 1187 5127 formidine
1224 5074 1455 5143 carptim
1485 5075 1677 5131 saltem
1710 5077 1929 5133 locutus
1961 5077 2147 5133 esset?
2177 5076 2250 5133 Ut
2276 5092 2406 5133 vero
2439 5094 2756 5150 argumenta
2790 5083 2878 5138 illa
2905 5085 3161 5142 subtilius
3191 5088 3532 5143 excutiamus
3563 5107 3576 5142 :
3617 5093 3763 5159 quod
3798 5091 3954 5161 prius

701 5188 913 5259 objicit,
956 5188 1409 5259 Chrysostomum
1445 5204 1640 5259 nempe
1670 5203 1765 5259 per
1791 5197 1959 5242 totam
2001 5188 2394 5246 bebdomadem
2429 5194 2637 5247 tertiam
2674 5193 3114 5267 Quadragesimae
3160 5198 3419 5265 tacuisse,
3453 5210 3511 5254 ut
3542 5202 3657 5271 ipse
3693 5205 3954 5260 testiﬁca-

697 5308 783 5351 tur
815 5298 972 5353 initio
1003 5298 1241 5355 homilize
1280 5299 1580 5357 undecima:
1608 5301 1673 5355 ad
1709 5300 1973 5371 populum
2002 5300 2423 5363 Antiochenum,
2458 5312 2622 5374 atque
2660 5305 2797 5359 adeo
2836 5320 2943 5360 non
2975 5309 3222 5377 potuisse
3271 5312 3361 5367 illa
3401 5314 3742 5369 hebdomade
3811 5316 3957 5374 hanc

696 5420 1004 5475 eatechcsin
1039 5422 1278 5489 habere;
1316 5422 1390 5486 id,
1432 5420 1676 5489 inquam,
1714 5416 1800 5471 vel
1834 5416 2003 5486 ipsius
2034 5417 2365 5474 Tillemontii
2397 5419 2606 5489 judicio
2642 5422 2847 5476 nullum
2878 5432 2962 5477 est
3002 5442 3015 5477 :
3064 5439 3190 5479 nam
3233 5426 3309 5480 ait
3350 5425 3568 5494 quidem
3620 5424 3957 5495 Chrysosto-

700 5551 841 5601 mus,
870 5536 967 5590 Διά
996 5536 1163 5599 τοῦτο
1212 5542 1305 5594 καὶ
1349 5539 1510 5609 ἡμεῖς
1556 5535 1653 5599 τὰς
1701 5534 2011 5605 ἔμπροσθεν
2049 5535 2251 5600 ταύτας
2287 5537 2350 5589 ὲσ

2302 5539 2627 5608 ξσιγήσαμεν
2668 5539 2904 5610 ἡμέρας,
2956 5538 3083 5595 Ideo
3116 5556 3209 5595 nos
3256 5541 3337 5594 his
3364 5538 3723 5609 superioribus
3769 5539 3957 5594 diebus

703 5649 1006 5715 tacuimm;
1041 5652 1133 5707 sed
1162 5668 1270 5707 non
1305 5653 1439 5708 dicit
1461 5668 1521 5709 se
1549 5667 1645 5723 per
1684 5651 2076 5708 hebdomadem
2109 5653 2379 5725 integram
2427 5655 2645 5711 siluisse
2672 5696 2686 5721 ,
2721 5667 2882 5727 atque
2934 5660 3054 5728 ipso
3106 5657 3307 5714 fatente
3361 5655 3708 5712 Tillemontio
3761 5671 3814 5727 p.
3857 5657 3953 5724 Ἡ,

700 5762 874 5828 potuit
907 5763 1046 5818 hanc
1070 5765 1386 5822 concionem
1419 5768 1485 5823 XI
1517 5769 1713 5826 habere
1748 5770 1851 5824 sub
1885 5769 2047 5826 tinem
2111 5772 2469 5829 hebdomadis
2513 5775 2703 5840 tertize,
2747 5777 2826 5830 vel
2893 5778 3049 5832 initio
3084 5792 3310 5848 quartae.
3366 5776 3637 5832 Ponamus
3689 5775 3960 5832 habuisse
