4190 6322
173 435 263 490 2i!
392 510 395 511 ν
1015 425 1102 481 ΑΒ
1135 418 1648 481 ILLUMINANDOS
1673 419 2100 480 CATECHESIS
2126 423 2168 478 l.
2203 453 2274 463 -—
2305 421 2639 478 MONITUM.
3381 443 3484 497 θεὶς

175 547 299 616 Quae
317 548 509 606 omnia
539 551 942 620 ratiocinantes,
973 566 1078 606 non
1106 560 1312 606 tantum
1331 553 1383 606 in
1405 549 1647 621 gravium
1685 563 1775 604 so-
1887 548 2217 621 benignitate
2252 550 2354 606 sibi
2378 566 2592 622 semper
2619 551 2960 608 convenienti
2991 570 3005 608 :
3039 569 3139 624 qua
3157 566 3258 607 nos
3273 567 3480 624 semper

174 641 392 716 latione,
429 659 626 701 verum
652 655 706 701 et
730 646 783 700 in
809 644 1002 700 horum
1035 645 1395 715 permissione
1424 659 1639 713 semper
1663 643 1776 698 cle-
1888 642 2145 710 fruentes,
2174 643 2430 698 czelorum
2457 658 2671 715 quoque
2691 660 2914 716 regnum
2943 645 3157 716 assequi
3179 644 3476 714 contingat,

175 735 516 792 meritissimo
547 737 659 792 Deo
687 737 887 808 gratias
915 753 1155 809 agamus,
1191 745 1301 791 tum
1324 752 1392 792 ex
1421 736 1615 791 divinis
1636 735 1782 791 Scrl-
1886 736 1939 791 in
1957 735 2172 792 Christo
2188 735 2315 791 Jesu
2344 735 2572 791 Domino
2593 745 2799 804 nostro,
2832 737 2918 792 cui
2932 737 3100 809 gloria
3121 747 3175 794 et
3198 737 3480 809 imperium

176 826 363 895 pturis,
387 837 504 883 tum
530 843 597 883 ex
625 829 710 895 iis,
735 844 854 900 qum
877 830 1032 884 nobis
1065 829 1389 895 acciderunt,
1432 828 1609 884 educti
1658 843 1780 883 eum
1887 831 1944 886 in
1973 830 2164 887 saecula
2196 828 2540 886 saculorum.
2561 832 2752 885 Amen.

183 921 360 975 omnia
386 934 621 992 semper
647 921 714 977 ad
738 921 1018 977 utilitatem
1062 930 1299 978 nostram
1329 922 1644 992 dispensare
1661 934 1780 975 cum

1616 1948 1992 2011 MONITUM

198 2379 335 2437 feria
363 2388 520 2434 sexta
551 2377 726 2434 tertiae
754 2375 1151 2443 hebdomadis;
1182 2392 1308 2432 cum
1338 2378 1392 2432 In
1421 2376 1710 2432 sabbatum
1742 2389 1980 2446 sequens
2015 2372 2260 2444 ejusdem
2293 2369 2654 2426 hebdomadis
2682 2366 2843 2424 cadat
2867 2365 3145 2437 trigesima
3182 2367 3299 2423 dies
3337 2384 3465 2426 ante

199 2494 424 2560 Pascha,
455 2491 562 2547 hac
589 2491 678 2546 die
706 2489 1018 2546 catechesin
1058 2487 1330 2555 habuerit,
1361 2488 1611 2558 nihilque
1643 2495 1759 2542 tum
1793 2487 2030 2544 oﬂicient
2065 2487 2231 2544 verba
2262 2485 2353 2541 illa
2379 2484 2621 2540 homiliae
2651 2482 2721 2537 XI
2752 2484 2840 2539 die
2876 2483 3201 2554 praecedenti
3243 2485 3459 2549 habitae,

201 2606 298 2662 His
332 2604 698 2676 superioribus
730 2603 915 2658 diebus
944 2603 1226 2660 iacuimus.
1262 2601 1493 2658 Etiamsi
1526 2618 1653 2658 vero
1691 2617 1960 2672 ponamus
1985 2602 2235 2658 habitam
2271 2600 2439 2658 fuisse
2486 2599 2764 2655 homiliam
2797 2598 3140 2654 undecimam
3174 2599 3258 2656 die
3299 2598 3466 2652 Luna:

201 2719 282 2773 vel
315 2717 451 2794 feria
479 2714 723 2772 secunda
754 2715 1111 2771 hebdomadis
1141 2725 1387 2786 quartas:
1423 2729 1548 2770 cum
1593 2714 1735 2769 hanc
1768 2713 2080 2768 catechesin
2137 2711 2206 2767 ad
2261 2712 2408 2767 solos
2438 2709 2668 2781 juvenes
2730 2711 3179 2777 catechumenos,
3237 2712 3468 2767 seclusis

204 2831 460 2886 omnibus
486 2830 632 2893 aliis,
667 2827 943 2891 habuerit,
973 2824 1118 2896 quod
1154 2826 1340 2894 utique
1371 2824 1712 2894 exploratum
1743 2831 1850 2888 est,
1882 2831 2028 2878 recte
2057 2822 2240 2878 dicere
2271 2822 2468 2892 potuit,
2503 2819 2634 2876 feria
2663 2821 2902 2877 secunda
2945 2823 3283 2891 insequenti,
3338 2823 3466 2878 dum

197 2960 372 3005 totum
400 2949 595 3020 populi
623 2956 826 3004 emtum
859 2945 1256 3016 alloqueretur,
1299 2962 1357 3001 se
1386 2946 1623 3011 siluisse,
1657 2945 1751 3015 qui
1777 2945 2096 3000 concionem
2127 2946 2193 3001 ad
2226 2960 2323 3002 eos
2361 2945 2567 3000 nullam
2604 2945 2982 3015 superioribus
3013 2945 3207 2999 diebus
3257 2943 3468 3000 habue-

199 3075 318 3121 rat:
348 3080 478 3120 nam
510 3064 789 3120 silentium
826 3058 957 3117 illud
985 3072 1080 3113 eos
1106 3058 1254 3113 solos
1287 3057 1526 3128 respicit,
1560 3071 1700 3127 quos
1735 3064 1847 3110 tum
1880 3055 2198 3125 alloquitur.

275 3250 383 3307 Sed
422 3252 526 3322 qui
559 3250 672 3305 fieri
707 3258 906 3320 potest,
938 3251 1115 3323 pergit
1143 3249 1549 3313 Tillemontius,
1589 3257 1648 3303 ut
1677 3256 1824 3303 tanta
1856 3248 2094 3304 instante
2123 3247 2441 3313 formidine,
2472 3264 2599 3304 cum
2633 3249 2824 3322 ingens
2857 3252 3143 3308 calamitas
3182 3263 3470 3324 exspecta-

197 3372 361 3428 retur,
394 3379 464 3418 ne
509 3364 736 3418 verbum
771 3362 996 3432 quidem
1027 3362 1094 3417 de
1124 3363 1213 3416 illa
1252 3362 1304 3414 in
1335 3361 1436 3416 hac
1465 3361 1742 3416 catechesi
1775 3359 1987 3416 faciat?
2019 3361 2219 3416 Fateor
2256 3362 2386 3417 hinc
2412 3361 2545 3416 mihi
2572 3363 2854 3434 quidpiam
2878 3365 3123 3434 serupuli
3159 3365 3313 3433 oriri,
3359 3382 3466 3422 non

199 3483 326 3537 tanti
368 3491 583 3547 tamen,
620 3491 680 3536 ut
705 3496 793 3536 me
829 3497 859 3536 a
892 3477 1158 3536 sententia
1188 3476 1480 3529 dimoveat.
1516 3472 1651 3527 Nam
1692 3489 1815 3543 quae
1847 3474 1912 3527 ad
1947 3472 2315 3527 calamitatem
2353 3472 2502 3526 illam
2541 3472 2620 3527 vel
2653 3473 3052 3542 imminentem,
3082 3476 3166 3530 vel
3199 3480 3465 3550 aliquate-

207 3607 307 3649 nus
338 3593 587 3649 sedatam
630 3594 974 3663 spectabant,
1007 3592 1061 3646 in
1098 3599 1242 3645 coetu
1273 3589 1494 3660 quidem
1529 3598 1581 3643 et
1605 3588 1659 3642 in
1690 3589 2048 3642 concionihus
2083 3589 2349 3657 publicis,
2380 3587 2699 3664 παθητικῶς
2755 3589 3062 3648 describere
3116 3597 3322 3651 εοιρυει
3364 3617 3377 3652 ι
3414 3602 3465 3654 in

200 3708 468 3765 cateehesi
497 3723 628 3763 vero
657 3709 724 3763 ad
751 3709 900 3764 solos
925 3707 1180 3779 juvenes,
1212 3705 1305 3777 qui
1348 3706 1402 3760 in
1430 3706 1696 3762 Paschate
1724 3704 2072 3759 illuminaudi
2108 3713 2285 3769 erant,
2323 3703 2529 3771 habita,
2596 3719 2723 3759 cum
2776 3705 2840 3760 de
2875 3707 2984 3762 illis
3015 3707 3082 3762 ad
3132 3709 3464 3778 baptismum

199 3823 577 3892 accipiendum
610 3824 958 3883 instituendis
996 3835 1207 3882 tantum
1253 3837 1527 3899 ageretur,
1554 3827 1733 3896 potuit
1763 3825 2190 3897 Chrysostomus
2221 3839 2253 3879 a
2304 3823 2655 3894 deplorandis
2694 3824 3012 3896 huiusmodi
3064 3828 3462 3888 calamitatibus

201 3936 493 4007 abstinere,
531 3954 735 4012 easque
762 3941 830 3997 ad
853 3944 1148 4015 populares
1180 3944 1434 4000 homilias
1466 3959 1764 4000 reservare.

261 4141 436 4198 Aliam
472 4140 604 4196 huic
634 4139 1022 4212 subiungimus
1056 4143 1389 4208 catecliesin,
1417 4158 1538 4212 qua:
1570 4144 1835 4199 hactenus
1870 4145 2010 4198 inter
2042 4142 2298 4199 homilias
2333 4143 2402 4199 ad
2437 4142 2700 4215 populum
2732 4143 3136 4203 Antiodienum
3168 4159 3223 4205 et
3253 4151 3319 4206 de
3352 4162 3463 4207 sta-

206 4259 306 4314 tuis
339 4258 597 4314 vioesima
626 4258 803 4328 prima
835 4257 1097 4313 collocata
1127 4260 1326 4314 fuerat.
1357 4257 1714 4314 Pronuntiata
1741 4268 1921 4312 autem
1959 4255 2083 4322 fuit,
2119 4267 2176 4311 ut
2210 4257 2287 4313 ait
2322 4258 2480 4313 initio
2529 4256 2982 4328 Chrysostomus,
3044 4258 3235 4314 decem
3269 4259 3463 4320 diebus

210 4387 322 4447 post
352 4378 516 4432 aliam
550 4373 884 4440 catechesin,
917 4388 1081 4443 quam
1111 4359 1165 4428 in
1194 4375 1383 4428 eadem
1420 4374 1539 4445 ipsa
1565 4372 1994 4444 Quadragesima
2030 4373 2319 4428 habuerat.
2353 4370 2470 4427 Etsi
2516 4388 2646 4428 vero
2681 4391 2790 4431 non
2836 4378 3011 4432 ausim
3054 4381 3326 4439 atilrmare
3371 4401 3464 4441 ca-

197 4487 441 4542 techesin
470 4486 644 4550 illam,
679 4499 804 4554 qua:
838 4482 894 4538 in
924 4484 1028 4539 hac
1055 4486 1212 4555 quasi
1244 4486 1430 4540 decem
1469 4495 1597 4540 ante
1622 4486 1815 4541 diebus
1847 4487 2031 4540 habita
2065 4495 2421 4551 memoratur,
2456 4502 2576 4542 eam
2617 4504 2762 4557 esse,
2813 4509 2977 4553 quam
3022 4497 3255 4571 primam
3306 4503 3462 4572 poni-

204 4621 340 4673 mus,
367 4604 508 4660 nihil
543 4613 723 4658 tamen
757 4609 1025 4672 repugnat
1052 4601 1298 4656 eamdem
1327 4602 1499 4671 ipsam
1528 4617 1687 4657 esse:
1739 4601 2012 4671 siquidem
2048 4603 2164 4657 haec
2221 4604 2447 4672 perinde
2499 4613 2662 4676 atque
2715 4607 2807 4662 illa
2846 4612 3010 4680 paulo
3056 4599 3460 4684 post"eversas

199 4731 400 4779 statuas
424 4722 614 4777 habita
643 4718 815 4775 fuisse
842 4718 1080 4786 videtur,
1117 4729 1177 4776 ut
1215 4735 1284 4775 ex
1329 4719 1397 4774 iis
1427 4735 1550 4791 quae
1599 4722 1667 4776 de
1707 4722 1800 4776 illa
1831 4702 1964 4793 ipsa.
2007 4733 2312 4780 statuarum
2379 4729 2666 4785 eversione
2719 4731 3002 4802 dicuntur,
3053 4738 3209 4808 argui
3259 4749 3459 4809 potest.

194 4839 341 4908 Quod
367 4852 554 4900 autem
604 4843 673 4898 de
705 4839 1038 4912 juramentis
1075 4839 1210 4894 nihil
1251 4840 1469 4908 habeat,
1515 4849 1708 4896 contra
1756 4858 1921 4914 quam
1972 4843 2023 4898 in
2058 4846 2316 4902 omnibus
2357 4864 2453 4918 per
2501 4849 2652 4904 illam
2710 4850 3201 4928 Quadragesimam
3256 4863 3460 4919 habilis

201 4951 554 5020 concionihus
581 4963 924 5027 observatur,
955 4961 1049 5016 ubi
1081 4977 1295 5032 semper
1335 4963 1403 5018 de
1448 4963 1768 5034 juramento
1801 4965 2026 5020 vitando
2082 4967 2228 5022 circa
2285 4967 2448 5023 ﬁnem
2501 4970 2722 5039 agitur;
2780 4976 2854 5039 id,
2912 4975 3156 5047 inquam,
3208 4981 3461 5035 nonnihil

198 5077 436 5147 scrupuli
469 5091 692 5133 movere
721 5081 936 5149 possit;
967 5082 1082 5149 sed,
1127 5092 1186 5138 ut
1210 5099 1370 5140 nemo
1401 5100 1511 5140 non
1539 5085 1706 5151 videt,
1739 5101 1850 5140 non
1885 5085 2006 5141 talis
2038 5088 2330 5156 scrupulus
2360 5099 2463 5154 est,
2527 5089 2621 5160 qui
2665 5091 2814 5148 solus
2845 5092 2899 5146 in
2959 5092 3244 5150 adversam
3277 5098 3463 5153 trahat

195 5192 534 5249 sententiam.
562 5192 701 5251 Utut
726 5212 854 5254 vero
881 5199 972 5266 sit,
1006 5201 1147 5257 hanc
1174 5203 1484 5258 catechesin
1529 5205 1827 5260 secundam
1865 5205 2245 5274 inscribimus,
2273 5209 2401 5279 quia
2441 5219 2565 5281 post
2592 5210 2762 5275 illam,
2808 5227 2972 5282 quam
3022 5215 3259 5285 priorem
3297 5217 3457 5286 p0ui-

196 5319 330 5374 mus,
365 5309 565 5366 dictam
592 5310 766 5369 fuisse
793 5315 1147 5377 arbitramur.
1178 5319 1332 5378 lianc
1383 5338 1548 5392 porro
1575 5326 1871 5380 secundam
1921 5327 2227 5384 cateehesin
2296 5345 2406 5385 non
2457 5345 2582 5386 esse
2634 5329 2784 5387 illam
2837 5347 2958 5403 quae
3007 5342 3345 5388 memoratur
3400 5333 3454 5389 in

198 5421 417 5482 Homilia
458 5427 539 5484 De
561 5431 778 5488 diabolo
811 5443 1093 5504 tenuiore,
1122 5441 1176 5494 in
1205 5442 1454 5512 sequenti
1489 5442 1695 5498 Monito
1727 5446 2047 5515 probamus.

261 5619 452 5682 Prima:
483 5629 840 5688 catecheseos
875 5631 1376 5706 interpretationem
1411 5638 1660 5696 Latinam
1704 5644 1997 5713 anonymi,
2033 5659 2154 5714 quas
2187 5645 2240 5698 in
2275 5643 2437 5701 editis
2470 5644 2974 5716 ferebatur,utpote
3009 5645 3321 5700 intricatam
3350 5647 3457 5700 mi-

204 5750 398 5808 nusque
427 5754 686 5801 accurate
715 5747 1124 5820 concinnatam,
1161 5755 1472 5825 rejecimus,
1516 5773 1825 5828 novamque
1847 5758 2187 5829 paravimus.
2219 5757 2738 5830 interpretationem
2771 5779 2902 5820 vero
2922 5763 3176 5821 secundae
3205 5762 3455 5821 cateche-

203 5862 312 5910 nos
338 5859 595 5917 Bernardi
633 5859 904 5932 Brixiani,
935 5864 1147 5935 aliquot
1177 5865 1229 5922 in
1265 5867 1403 5926 locis
1439 5870 1811 5940 emendatam,
1843 5887 1873 5930 e
1901 5872 2124 5944 regione
2157 5871 2470 5931 Graecorum
2507 5876 2790 5948 ponimus.
