4190 6322
665 408 772 464 233

1327 400 1412 463 ’5.
1441 404 1722 464 JOAXNIS
1748 400 2218 461 CHRYSOSTOMI
2247 398 2562 456 ARClllEP.
2593 397 3129 456 CONSTANTINOP.

3841 397 3950 451 2Ξῦ

1454 1015 1656 1127 ΘΑ
1668 1012 1878 1126 ΤΕ
1891 1016 2439 1126 CHESIS
2505 1010 3052 1120 PBLMA

667 1350 744 1392 ιο
787 1344 1280 1400 ιιιυιίικωωος,
1311 1346 1391 1388 ET
1432 1346 1556 1390 θυι
1599 1346 1938 1390 ιληειιωι
1992 1345 2251 1389 BBGBNB}

2340 1343 2566 1396 UONIS,
2611 1339 2736 1382 NON
2783 1337 2999 1384 Αυτωι
3073 1310 3467 1380 ηιιεδιόιιιε
3518 1329 3939 1376 Ρεεωτοιισι

739 1446 1013 1490 υιωτυι
1059 1449 1076 1488 ε
1122 1443 1421 1499 ρυουρυκ
1463 1445 1899 1490 νιιιιουιοεωί
1939 1444 2061 1502 SIT,
2105 1445 2229 1489 κοπ

2340 1443 2452 1488 ano
2493 1439 2841 1494 paeane,

738 1547 939 1591 IIC'I'B
981 1543 1286 1590 JUIBIUS.

725 1986 776 2040 l.
816 1983 984 2052 Quam
1010 1981 1380 2038 desiderabilis
1407 1977 1759 2047 amabilisque
1789 1975 1945 2031 nobis
1967 1982 2052 2030 est
2078 1973 2234 2044 juve-

652 2074 1028 2132 num'fratrum
1053 2073 1280 2129 chorus!
1311 2087 1405 2127 vos
1432 2072 1572 2126 enim
1614 2069 1805 2124 fratres
1833 2066 1915 2122 vel
1962 2075 2084 2122 ante
2114 2081 2237 2135 par-

651 2175 761 2220 tum
791 2180 944 2230 voco,
975 2178 1268 2232 eorumque
1290 2162 1380 2233 qui
1412 2159 1648 2216 nondum
1679 2159 1788 2214 nati
1814 2167 1937 2213 sunt
1961 2156 2234 2227 cognatio.

651 2273 772 2313 nem
798 2257 1108 2324 amplector.
1131 2253 1261 2310 Novi
1288 2255 1506 2326 quippe,
1537 2252 1786 2321 clareque
1811 2249 1954 2314 novi,
1983 2249 2035 2303 in
2056 2263 2228 2318 quan-

651 2359 762 2404 tum
819 2349 1114 2415 honorem,
1168 2348 1220 2402 iu
1269 2357 1524 2417 quantum
1569 2343 1920 2414 principatum
1971 2339 2233 2396 evehendi

648 2441 787 2495 sitis.
809 2439 920 2495 Eos
947 2450 1148 2505 autem,
1167 2439 1255 2509 qui
1301 2437 1648 2508 principatum
1674 2434 1943 2504 accepturi
1971 2440 2115 2496 sunt,
2149 2430 2234 2485 vel

646 2539 932 2599 antequam
960 2530 1238 2598 accipiant,
1287 2529 1460 2583 solent
1497 2541 1686 2580 omnes
1728 2526 2014 2591 honorare,
2043 2534 2100 2578 ut
2130 2523 2233 2576 hu-

647 2620 876 2690 jusmodi
899 2619 1156 2689 obsequio
1185 2634 1368 2674 eorum
1402 2617 1502 2672 sibi
1529 2615 1952 2671 benevolentiam
1993 2615 2058 2669 ad
2089 2613 2232 2668 futu-

649 2725 767 2764 rum
817 2709 1156 2764 commodum
1204 2717 1438 2778 captent.
1493 2707 1607 2763 Hoc
1651 2717 1706 2762 ct
1751 2722 1851 2778 ego
1901 2707 2076 2771 facio;
2125 2722 2232 2761 nou

647 2800 819 2856 solum
848 2801 990 2856 enim
1019 2799 1087 2854 ad
1130 2800 1504 2870 principatum,
1552 2797 1648 2853 sed
1689 2797 1756 2852 ad
1795 2799 1967 2868 ipsum
2011 2813 2231 2868 regnum

650 2891 996 2960 promerendi
1031 2891 1194 2954 estis;
1230 2894 1338 2944 imo
1374 2904 1479 2944 non
1519 2888 1585 2942 ad
1631 2903 1854 2958 regnum
1897 2887 2229 2956 simpliciter,

645 2983 742 3038 sed
766 2982 831 3038 ad
863 2998 1081 3054 regnum
1112 2983 1384 3056 calorum.
1411 2981 1766 3047 Quamobrem
1801 2996 1898 3036 oro
1921 2988 2083 3049 atque
2105 2994 2232 3049 sup-

649 3076 810 3145 plice,
863 3084 923 3129 ut
973 3091 1094 3129 cum
1145 3075 1210 3129 ad
1266 3090 1486 3144 regnum
1533 3074 1660 3128 illud
1715 3074 2084 3144 pervcneritis,
2125 3075 2229 3129 mei

646 3167 1086 3222 rcrniniscamiui.
1111 3165 1367 3235 Quodque
1387 3165 1585 3235 Joseph
1609 3167 1983 3234 pincernarum
2006 3167 2228 3234 principi

556 3254 563 3262 ’
645 3256 874 3321 dicebat,
919 3254 1171 3309 Memento
1201 3256 1296 3307 mei
1335 3271 1449 3308 cum
1495 3253 1616 3308 bene
1653 3253 1742 3307 tibi
1771 3255 1920 3323 fauit
1952 3254 2104 3327 (6m.
2135 3255 2226 3318 40,

646 3348 761 3420 ll),
792 3346 844 3402 id
887 3354 942 3402 et
983 3361 1124 3400 nunc
1149 3345 1272 3401 dico
1298 3345 1450 3400 vobis
1477 3362 1492 3400 :
1519 3345 1786 3400 Memento
1814 3345 1918 3400 mei
1940 3359 2060 3401 cum
2093 3347 2230 3401 bene

645 3438 794 3492 vobis
822 3435 996 3491 fuerit.
1024 3435 1140 3492 Non
1171 3436 1309 3491 hanc
1344 3444 1403 3490 ut
1437 3435 1526 3490 ille
1548 3437 1877 3490 somniorum
1906 3435 2230 3506 interpreta-

526 3576 530 3580 .
580 3593 583 3596 ι
645 3528 802 3584 tionis
821 3528 1125 3606 mercedem
1157 3527 1404 3602 postulo:
1434 3541 1539 3582 non
1561 3527 1704 3581 enim
1731 3527 1881 3582 vobis
1900 3529 2227 3582 somniorum

647 3619 912 3688 interpres
939 3619 1163 3684 accessi,
1195 3617 1290 3672 sed
1319 3618 1550 3673 caelestia
1580 3626 1912 3681 narraturus,
1943 3619 2229 3672 annuntia-

645 3719 902 3780 turusque
939 3711 1075 3764 bona
1118 3709 1229 3773 illa,
1262 3709 1390 3776 Qua
1430 3724 1520 3762 nec
1558 3709 1737 3762 oculus
1776 3709 1922 3775 vidit,
1967 3724 2058 3761 nec
2091 3711 2231 3763 auris

645 3801 856 3866 audivit,
887 3816 978 3854 nec
997 3801 1050 3853 in
1076 3815 1164 3853 tor
1187 3799 1402 3854 hominis
1423 3798 1758 3862 ascenderant
1794 3798 1872 3868 (l.
1902 3795 2021 3852 Cor.
2049 3797 2106 3852 2.
2128 3797 2183 3868 9)
2212 3815 2227 3853 :

647 3891 772 3947 talia
813 3899 938 3946 sunt
985 3906 1068 3955 ea,
1103 3889 1230 3955 Qua
1271 3890 1576 3960 preparavit
1614 3887 1754 3943 Deus
1793 3888 2117 3958 diligentibus
2155 3905 2226 3942 se.

643 3981 847 4054 Joseph
874 3982 1085 4052 quidem
1115 3983 1383 4050 pincerua:
1412 3979 1490 4034 illi
1516 3978 1748 4043 dicebat,
1776 3977 1958 4032 Adhuc
1983 3978 2227 4044 triduum,

643 4083 691 4128 et
715 4074 940 4127 restituet
1001 4081 1052 4126 te
1103 4069 1312 4124 Pharao
1365 4070 1419 4123 in
1475 4070 1816 4139 principatum
1879 4069 2232 4140 pincemnrum

645 4161 796 4234 (Gen.
836 4163 930 4219 40.
961 4162 1046 4217 12.
1079 4161 1172 4233 15)
1205 4179 1220 4216 :
1253 4175 1353 4232 ego
1390 4175 1520 4216 vero
1567 4175 1674 4215 non
1713 4160 1854 4224 dico.
1901 4160 2088 4215 Adhuc
2131 4161 2231 4215 tri-

644 4255 831 4320 duum,
877 4262 931 4309 et
959 4253 1227 4324 pincerna:
1255 4251 1462 4324 tyranni
1489 4251 1930 4317 constituemini;
1975 4252 2092 4319 sed,
2120 4252 2231 4306 Ad-

647 4343 750 4399 huc
774 4343 986 4414 triginta
1013 4342 1154 4405 dies,
1186 4349 1242 4396 et
1283 4339 1528 4396 restituet
1562 4355 1681 4408 vos,
1723 4356 1828 4397 non
1855 4341 2087 4408 Pharao,
2135 4342 2231 4397 sed

643 4435 896 4490 emlorum
939 4433 1055 4489 Rex
1101 4433 1154 4488 in
1200 4447 1490 4502 supernam
1540 4433 1789 4503 patriam,
1833 4435 1887 4489 in
1933 4434 2231 4490 Jerusalem

647 4526 792 4580 illam
836 4525 1078 4581 liberam.
1123 4524 1176 4579 in
1217 4525 1485 4579 civitatem
1525 4524 1816 4580 calestem.
1861 4523 1956 4580 llle
1996 4526 2229 4593 dicebat,

650 4613 808 4669 Dabis
853 4615 1062 4668 calicem
1096 4614 1150 4667 in
1196 4630 1377 4667 manus
1407 4611 1697 4669 Pharaonis
1719 4611 1938 4686 (lbid.);
1965 4630 2064 4686 ego
2103 4633 2231 4672 vero

647 4721 752 4761 non
780 4704 902 4760 dico
931 4723 946 4760 :
976 4704 1176 4760 Dabitis
1196 4703 1422 4760 "calicem
1449 4705 1503 4760 in
1548 4719 1739 4761 manus
1768 4707 1940 4777 regis;
1969 4707 2085 4773 sed,
2115 4709 2232 4778 Ipse

647 4795 760 4850 Rex
791 4796 844 4850 in
865 4810 1080 4851 manum
1102 4795 1254 4850 vobis
1277 4795 1450 4851 tradet
1468 4796 1686 4853 calicem
1711 4797 1860 4858 illum
1885 4797 2229 4865 horrendum,

649 4888 812 4943 multa
838 4887 1053 4958 plenum
1083 4888 1278 4943 virtute
1319 4897 1481 4958 atque
1510 4897 1732 4961 utraque
1759 4899 2002 4945 creatura
2033 4892 2231 4960 pretio-

648 4983 866 5038 siorem.
907 4980 1096 5036 Sciunt
1122 4980 1311 5036 initiati
1337 4981 1523 5037 ealicis
1548 4981 1705 5051 hujus
1737 4984 2004 5048 virtutem,
2033 4998 2234 5052 vosque

653 5074 812 5143 paulo
865 5081 984 5142 post
1031 5071 1210 5126 scietis
1232 5071 1329 5143 (a).
1375 5071 1698 5127 Mementote
1737 5072 1894 5141 igitur
1937 5075 2064 5138 mei,
2109 5088 2231 5128 cum

651 5162 905 5217 veneritis
948 5163 1002 5216 in
1045 5177 1265 5233 regnum
1317 5162 1446 5217 illud
1491 5178 1610 5218 cum
1651 5162 1828 5234 regale
1857 5163 2232 5219 vestimentum

651 5256 986 5326 acceperitis,
1031 5271 1152 5311 cum
1181 5271 1415 5326 purpura
1456 5257 1731 5312 Dominico
1775 5258 2031 5328 sanguine
2070 5257 2232 5313 tincta

655 5347 968 5413 inducmini,
1017 5362 1136 5402 cum
1164 5347 1463 5402 diademate
1502 5348 1594 5403 illo
1617 5349 1850 5403 redimiti
1878 5349 2046 5415 eritis,
2083 5350 2234 5420 cujus

654 5440 822 5511 fulgor
849 5443 1084 5511 undique
1126 5441 1360 5496 emicans
1411 5441 1674 5495 solaribus
1716 5441 1878 5498 radiis
1907 5441 2236 5511 splendidior

653 5543 755 5589 est.
784 5533 931 5588 Talia
954 5536 1145 5605 quippe
1170 5541 1295 5587 sunt
1322 5533 1504 5603 sponsi
1526 5546 1764 5596 munera,
1795 5531 1995 5601 majora
2021 5532 2235 5604 quidem

655 5626 908 5698 dignitate
932 5638 1129 5693 vestra,
1159 5626 1251 5681 sed
1277 5627 1395 5696 ejus
1425 5624 1754 5696 benignitate
1780 5623 1958 5695 digna.

716 5760 790 5820 (επ)
822 5759 1158 5812 Cateclmmeni
1181 5771 1280 5808 non
1301 5759 1518 5810 sciebant
1540 5758 1820 5821 mysterium

2907 1437 3027 1482 suo
3083 1435 3284 1480 emat
3337 1433 3612 1489 ausus,
3679 1426 3941 1474 eruum

2414 1970 2494 2025 De
2525 1971 2586 2026 iis
2614 1971 2702 2039 qui
2729 1971 3030 2041 baptismum
3066 1970 3136 2024 ad
3180 1986 3334 2042 usque
3377 1979 3583 2023 mortem
3611 1969 3937 2037 difﬂebant.

2340 2089 2413 2102 —
2437 2061 2563 2116 ideo
2580 2061 2689 2132 jam
2707 2078 2826 2129 vos,
2847 2073 3131 2133 antequam
3160 2061 3213 2115 in
3235 2075 3446 2117 sacrum
3468 2059 3614 2115 illum
3634 2062 3936 2117 thalamum

2344 2153 2733 2224 ingrediamiui,
2759 2154 2948 2209 beatos
2968 2154 3238 2222 przedico:
3264 2169 3364 2209 nec
3387 2152 3572 2209 beatos
3596 2153 3768 2209 solum
3791 2167 3938 2225 prai-

2342 2244 2482 2307 dico,
2513 2243 2607 2298 sed
2633 2245 2792 2299 etiam
2820 2243 2980 2299 laudo
3001 2255 3210 2315 gratum
3238 2252 3470 2299 vestrum
3495 2243 3756 2311 animum,
3786 2243 3935 2315 quod

2342 2352 2448 2390 non
2496 2337 2634 2393 sicut
2662 2337 3093 2408 negligentiorcs,
3128 2337 3197 2391 ad
3241 2337 3561 2407 baptismum
3591 2337 3646 2391 in
3684 2346 3932 2392 extremo

2345 2426 2510 2482 halitu
2539 2427 2808 2483 accedatis
2832 2445 2848 2494 ;
2876 2428 2972 2483 sed
2992 2427 3103 2498 jam
3133 2428 3258 2484 inde
3282 2430 3431 2498 quasi
3457 2428 3608 2498 probi
3630 2429 3932 2494 domestici,

2342 2517 2413 2571 ad
2441 2517 2844 2589 obsequendum
2876 2533 3065 2587 magna
3088 2519 3457 2574 benevolentia
3489 2519 3714 2574 Domino
3736 2523 3931 2592 parati,

2341 2609 2534 2662 anima:
2561 2608 2759 2664 collum
2798 2609 2961 2664 multa
2999 2625 3120 2665 cum
3152 2610 3414 2680 probitate
3441 2619 3495 2666 et
3520 2610 3792 2666 alacritate
3827 2612 3935 2668 sub

2337 2699 2524 2771 jugum
2554 2699 2752 2756 Christi
2796 2700 3134 2767 induxeritis,
3176 2702 3470 2772 jugumque
3499 2701 3630 2756 illud
3673 2716 3837 2758 suave
3870 2713 3933 2758 et

2340 2806 2478 2849 onus
2506 2794 2622 2848 lere
2649 2793 3016 2862 susceperitis.
3054 2792 3203 2848 Licet
3231 2794 3372 2848 enim
3404 2803 3511 2848 tam
3534 2808 3649 2859 vos,
3681 2808 3839 2862 quam
3867 2794 3931 2862 ii,

2339 2883 2501 2952 quiin
2526 2883 2650 2936 vita:
2673 2883 2817 2938 exitu
2846 2883 3140 2947 initiantur,
3163 2897 3344 2953 parem
3371 2884 3598 2954 gratiam
3625 2885 3929 2953 accipiatis,

2339 2984 2394 3028 at
2433 2973 2722 3029 voluntatis
2773 2975 3126 3044 propositum,
3165 2983 3556 3044 apparatusque
3601 2989 3780 3030 rerum
3823 2991 3935 3032 non

2341 3065 2456 3136 pari
2482 3064 2641 3119 modo
2670 3081 2730 3120 se
2752 3064 2973 3121 habent.
3004 3065 3087 3120 llli
3118 3081 3353 3136 namque
3391 3065 3443 3121 in
3473 3066 3616 3121 lecto
3636 3067 3932 3137 accipiunt,

2341 3174 2436 3214 vos
2470 3169 2648 3214 autem
2691 3159 2745 3214 in
2778 3159 3031 3215 Ecclesiae
3071 3159 3371 3214 communis
3407 3160 3645 3214 omnium
3684 3170 3931 3216 nostrum

2338 3251 2524 3306 matris
2561 3251 2716 3315 sinu;
2745 3250 2822 3304 illi
2848 3249 3038 3306 flentes
3063 3258 3121 3306 et
3147 3250 3529 3322 Iacrymantes,
3562 3264 3662 3305 vos
3687 3249 3931 3321 gauden-

2340 3354 2421 3400 tes
2441 3354 2602 3416 atque
2627 3344 2902 3408 laetantes;
2934 3343 3006 3397 illi
3023 3352 3420 3413 gementes.vos
3437 3341 3636 3412 gratias
3655 3351 3875 3412 agentes
3897 3358 3915 3406 ;

2339 3435 2414 3490 illi
2445 3434 2578 3490 febri
2607 3434 2894 3491 admodum
2925 3434 3250 3500 laborantes,
3285 3447 3380 3488 vos
3406 3433 3571 3486 multa
3600 3431 3744 3503 pleni
3770 3432 3931 3502 spiri-

2340 3526 2466 3581 tuali
2498 3525 2788 3595 voluptate.
2817 3525 3154 3594 Quapropter
3195 3523 3282 3578 hic
3328 3523 3508 3577 omnia
3555 3523 3678 3578 huic
3713 3523 3932 3578 muneri

2338 3619 2686 3686 conveniunt,
2711 3619 2822 3673 illic
2847 3619 3026 3672 omnia
3054 3625 3178 3672 sunt
3211 3617 3417 3670 muneri
3438 3617 3706 3670 contraria
3733 3633 3747 3669 :
3772 3616 3933 3673 ﬂetus

2339 3725 2535 3779 nempe
2586 3725 2651 3764 ac
2693 3709 2922 3779 gemitus
2967 3722 3175 3772 eorum,
3225 3706 3314 3777 qui
3360 3707 3669 3772 initiantur;
3713 3706 3933 3764 adstant

2338 3800 2489 3870 pueri
2529 3800 2792 3870 lugentes,
2839 3813 2976 3853 uxor
3000 3812 3166 3868 genas
3210 3798 3473 3865 lacerans,
3522 3799 3678 3853 amici
3721 3801 3927 3866 tristes,

2337 3893 2619 3948 domestici
2647 3893 3027 3964 lacrymantes,
3057 3898 3165 3945 tota
3191 3889 3385 3946 domus
3406 3892 3614 3960 species
3644 3891 3930 3948 hibernum

2338 3993 2392 4039 et
2427 3983 2775 4054 caliginosum
2801 3982 2945 4036 diem
2995 3982 3252 4036 imitatur.
3299 3980 3452 4046 Quod
3495 3982 3540 4036 si
3569 3981 3797 4051 jacentis
3833 3997 3932 4038 cor

2337 4076 2613 4138 scruteris,
2654 4074 2720 4130 iis
2767 4074 3016 4128 omnibus
3043 4074 3245 4128 tristius
3285 4074 3548 4144 reperies.
3576 4072 3933 4143 Quemadmo-

2339 4164 2465 4220 dum
2496 4167 2640 4220 enim
2687 4166 2829 4219 venti
2861 4180 3056 4236 magno
3083 4165 3283 4233 impetu
3327 4164 3417 4217 alii
3447 4164 3567 4219 aliis
3593 4179 3658 4218 ea
3699 4164 3931 4221 adverso

2337 4254 2529 4312 ﬂantes
2547 4256 2740 4311 multas
2767 4255 2819 4310 in
2857 4265 3037 4325 partes
3064 4256 3284 4326 pelagus
3311 4254 3552 4309 dividunt
3584 4273 3598 4309 :
3621 4256 3698 4309 sic
3726 4257 3934 4326 cogita-

2339 4347 2512 4401 tiones
2539 4355 2666 4401 tunc
2704 4345 3064 4416 ingruentium
3095 4344 3387 4410 malorum,
3418 4344 3546 4414 aegri
3578 4345 3815 4398 animum
3848 4345 3935 4399 in-

2339 4439 2612 4498 vadentes.
2645 4439 2698 4492 in
2727 4439 2920 4492 multas
2947 4436 3336 4492 sollicitudines
3377 4434 3518 4489 illius
3557 4445 3792 4490 mentem
3823 4437 3938 4491 dis-

2341 4530 2580 4584 trahunt.
2613 4530 2667 4586 Si
2701 4531 2838 4584 filios
2862 4530 3132 4598 reSpiciat,
3157 4529 3369 4583 illorum
3390 4527 3679 4582 orbitatem
3695 4528 3928 4597 cogitat;

2340 4621 2386 4675 si
2412 4636 2652 4687 uxorem,
2674 4620 2789 4691 ejus
2809 4621 3119 4675 viduitatem
3141 4618 3480 4682 considerat;
3509 4617 3553 4672 si
3575 4617 3929 4683 domesticns,

2339 4711 2532 4766 domus
2566 4711 2904 4767 solitudinem
2951 4724 3135 4765 secum
3184 4719 3425 4780 reputat;
3478 4709 3522 4762 si
3575 4707 3643 4763 ad
3692 4709 3929 4778 seipsum

2339 4811 2699 4870 convertatur,
2727 4813 3043 4873 praesentem
3073 4803 3234 4857 vitam
3263 4805 3314 4856 in
3341 4799 3656 4855 memoriam
3687 4809 3930 4868 revocat,

2340 4905 2502 4965 atque
2530 4896 2760 4951 instante
2787 4897 3141 4965 separatiOue,
3183 4909 3428 4965 magnam
3457 4894 3727 4950 mmstitite
3756 4894 3931 4949 ncbuo

2340 4988 2448 5042 lam
2487 4987 2704 5056 excipit.
2749 4987 2898 5042 Talis
2942 5003 3065 5042 mox
3112 4986 3353 5041 initiandi
3397 4987 3609 5041 animus
3652 4995 3754 5042 est.
3794 4985 3932 5043 [line

2341 5079 2482 5134 inter
2509 5080 2790 5135 tumultum
2812 5079 3371 5148 perturbationemque
3401 5076 3724 5147 hujusmodi,
3754 5077 3932 5148 ingre-

2341 5174 2484 5228 ditur
2512 5171 2763 5228 sacerdos
2802 5172 2913 5241 ipsa
2940 5171 3074 5228 febri
3102 5169 3505 5234 formidabitior,
3540 5178 3701 5240 atque
3739 5171 3930 5239 aegroti
3969 5180 3972 5182 ‘

2344 5264 2656 5335 propinquis
2677 5263 2787 5334 ipsa
2809 5272 2982 5318 morte
3009 5261 3311 5316 immanior.
3333 5259 3466 5314 Nam
3488 5259 3571 5315 vel
3599 5260 3709 5329 ipsa
3729 5260 3931 5316 medici

2345 5356 2676 5426 deploratam
2713 5356 2830 5426 ejus
2857 5353 3213 5408 valetudinem
3245 5351 3568 5407 declarantis
3597 5366 3730 5406 voce
3758 5351 3932 5420 major

2344 5447 2664 5518 desperandi
2697 5461 2857 5502 causa
2904 5459 3025 5500 esse
3052 5452 3266 5514 putatur
3296 5441 3593 5512 presbyteri
3635 5442 3929 5511 ingressus,

2345 5549 2507 5612 atque
2538 5539 2612 5606 id,
2642 5539 2784 5610 quod
2814 5547 3032 5593 aeterna:
3059 5537 3182 5591 vita:
3207 5541 3584 5606 argumentum.
3607 5541 3710 5599 est,
3742 5533 3930 5587 mortis

2345 5630 2646 5705 symbolum
2676 5644 2796 5685 esse
2823 5636 3055 5700 putatur.
3079 5628 3151 5682 At
3179 5625 3412 5681 nondum
3438 5621 3792 5694 colophonem
3820 5639 3931 5679 ma-

2346 5726 2413 5782 tis
2441 5723 2621 5782 addidi
2646 5741 2657 5776 :
2688 5722 2900 5779 interim
2931 5721 3126 5792 quippe
3149 5715 3595 5776 tumultuantibus
3619 5729 3674 5772 ct
3703 5732 3821 5773 sese
3841 5732 3936 5786 ap-
