4190 6322
250 419 352 474 9.25

257 531 561 597 parantibus
587 527 918 601 protiinquis.
959 540 1101 594 smpti
1144 539 1318 578 anima
1360 537 1557 590 corpus
1581 519 1833 573 deserens

257 624 510 679 abscessit
555 640 569 674 :
613 619 720 676 imo
766 619 1006 690 plurimis
1044 618 1123 673 vel
1162 631 1399 687 prmsens
1442 613 1568 667 nihil
1617 609 1831 676 profuit.

256 719 386 771 Cum
428 715 569 767 enim
617 729 788 781 neque
816 719 1104 780 prmsentes
1150 706 1409 777 agnoscit,
1440 718 1616 772 neque
1650 716 1832 754 vocem

259 807 418 864 audit,
468 820 640 871 neque
689 805 774 858 illa
823 801 1149 870 respondere
1204 799 1360 852 verba
1409 802 1603 865 potest,
1644 791 1835 861 quibus

258 900 467 950 beatam
521 912 640 949 cum
689 895 923 947 omnium
975 901 1212 945 nostrum
1263 889 1484 942 Domino
1536 885 1831 953 pactionem

253 989 505 1057 deponat,
562 987 657 1041 sed
703 995 785 1039 est
820 984 970 1052 quasi
1015 983 1213 1053 lignum
1265 980 1449 1034 inutile
1490 979 1570 1031 vel
1604 977 1758 1045 lapis,
1802 989 1835 1029 a

256 1089 577 1147 mortuoque
604 1077 732 1130 nilnil
760 1073 934 1130 differt
964 1075 1006 1128 is
1036 1075 1123 1143 qui
1151 1088 1272 1127 mox
1303 1070 1679 1124 illuminandus
1706 1077 1788 1121 est
1818 1085 1832 1121 :

253 1183 372 1236 quae
401 1167 713 1220 initiationis
737 1165 933 1217 utilitas
958 1163 1006 1215 in
1040 1172 1180 1216 tanta
1211 1176 1401 1215 sensus
1426 1159 1604 1212 omnis
1627 1156 1834 1224 in0pia?

324 1259 378 1313 2.
426 1259 558 1312 Eum
604 1259 767 1318 enim,
798 1256 884 1325 qui
924 1255 988 1307 ad
1021 1269 1170 1307 sacra
1217 1254 1304 1305 illa
1333 1263 1389 1306 et
1417 1249 1682 1304 horrenda
1714 1263 1836 1316 my-

254 1352 415 1406 steria
446 1363 759 1405 accessurus
786 1357 883 1411 est,
925 1346 1142 1417 vigilare
1169 1343 1433 1407 convenit,
1465 1340 1610 1395 omni
1664 1353 1835 1393 szecu-

253 1442 418 1496 culari
465 1456 591 1495 cura
631 1453 819 1508 purum
869 1452 1010 1502 esse,
1067 1434 1411 1504 temperantia
1461 1441 1514 1486 et
1564 1431 1836 1484 alacritate

255 1533 415 1585 multa
445 1532 656 1599 plenum
684 1543 824 1591 esse,
848 1542 1059 1581 omnem
1083 1541 1111 1578 a
1141 1525 1406 1594 mysteriis
1432 1523 1656 1576 alienam
1688 1520 1836 1588 cogi-

256 1622 510 1675 tationem
558 1630 734 1674 mente
765 1618 1052 1683 depellere,
1099 1623 1152 1669 et
1194 1614 1542 1682 undequaque
1585 1610 1834 1663 mundam

252 1712 469 1764 domum
500 1724 778 1779 apparare,
809 1708 958 1777 quasi
987 1708 1155 1774 ipsum
1195 1719 1375 1773 regem
1399 1710 1718 1769 excepturus
1745 1699 1833 1751 sit.

253 1802 399 1856 Talis
425 1802 619 1855 mentis
655 1809 843 1854 vestras
876 1798 1210 1866 praeparatio,
1245 1796 1378 1848 tales
1420 1794 1556 1862 apud
1590 1808 1684 1847 vos
1713 1799 1837 1844 sunt

251 1893 624 1960 cogitatiooes,
664 1890 768 1944 tale
796 1890 958 1941 animi
1007 1888 1352 1957 propositum.
1399 1886 1618 1954 Dignam
1663 1887 1836 1948 itaque

251 1983 438 2050 Optimi
467 1982 625 2048 hujus
642 1981 848 2035 consilii
877 1979 1278 2033 retributionem
1310 1994 1340 2030 a
1368 1978 1475 2030 Deo
1502 1984 1832 2044 exspectate,

251 2074 339 2142 qui
387 2073 617 2142 prmmiis
669 2073 1070 2141 obsequentiam
1111 2071 1213 2124 sibi
1260 2071 1548 2139 przpstitam
1598 2075 1834 2135 superat.

251 2167 513 2232 Quoniam
543 2181 671 2220 vero
716 2173 925 2234 Oportet
959 2180 1076 2233 qua:
1115 2179 1207 2217 sua
1239 2174 1362 2216 sunt
1405 2165 1676 2217 conservis
1704 2177 1836 2215 con-

252 2257 412 2317 ferre,
443 2265 500 2310 et
528 2264 709 2309 nostra
733 2255 1100 2317 conferamus;
1131 2256 1236 2307 imo
1267 2253 1440 2322 potius
1468 2253 1580 2306 lucc
1605 2268 1711 2305 non
1737 2266 1831 2305 nos

251 2359 380 2411 sua,
412 2345 505 2399 sed
552 2345 823 2399 Dominica
871 2355 994 2398 sunt
1024 2363 1036 2397 :
1071 2343 1206 2411 Quid
1234 2344 1397 2404 enim,
1440 2343 1627 2412 inquit,
1661 2343 1834 2406 habes,

249 2437 386 2504 quod
415 2452 515 2488 non
555 2436 827 2503 accepisti?
866 2435 910 2488 si
937 2443 1102 2487 autem
1131 2433 1383 2503 accepisti,
1431 2433 1553 2502 quid
1577 2431 1832 2502 gloriaris,

249 2527 395 2586 quasi
419 2542 518 2578 non
547 2526 795 2595 acceperis
822 2525 900 2592 (l.
929 2522 1047 2578 Cor.
1075 2525 1127 2577 4.
1160 2522 1257 2595 7}?
1306 2521 1558 2577 Volebam
1601 2524 1701 2576 llOC
1729 2523 1836 2592 pri-

253 2632 400 2671 mum
437 2617 674 2670 omnium
713 2595 924 2670 dicefe:
953 2630 1049 2669 cur
1091 2623 1263 2682 patres
1295 2616 1482 2676 nostri,
1513 2613 1690 2666 missis
1719 2613 1836 2666 aliis

248 2708 376 2760 anni
406 2708 662 2775 partibus,
705 2693 1070 2774 lioeietiipore
1114 2706 1396 2758 initiandos
1425 2720 1545 2759 esse
1587 2705 1834 2757 Ecclesia:

251 2797 392 2852 ﬁlios
417 2797 532 2871 lege
561 2806 877 2859 statuerunt,
921 2807 974 2850 et
1013 2811 1109 2851 cur
1136 2805 1253 2864 post
1279 2795 1599 2858 doctrinam,
1631 2794 1830 2848 discal-

251 2897 435 2944 eeatos
462 2903 556 2941 vos
580 2898 632 2942 et
657 2897 872 2953 exutos,
898 2887 1051 2940 nudis
1078 2888 1318 2957 pedibus,
1344 2901 1446 2939 una
1477 2886 1653 2939 tunica
1679 2883 1837 2954 oper-

252 2989 337 3036 tos
381 2979 449 3033 ad
489 2979 902 3033 exorcizantium
949 2993 1104 3032 voces
1155 2993 1250 3032 vos
1294 2975 1834 3030 transmittunt.~‘Non

252 3071 396 3125 enim
423 3069 616 3123 frustra
639 3071 718 3124 vel
749 3080 947 3123 temere
978 3069 1116 3122 ltunc
1143 3068 1379 3121 habitum
1419 3077 1472 3120 et
1501 3066 1601 3120 hoc
1625 3075 1835 3134 tempus

253 3162 406 3216 nobis
431 3163 857 3223 caustituerunt;
886 3162 978 3215 sed
1011 3161 1212 3215 habent
1233 3162 1347 3214 time
1372 3161 1531 3214 ambo
1553 3160 1832 3228 mysticam

252 3254 537 3324 quamdam
564 3265 617 3308 et
643 3268 891 3308 arcanam
919 3253 1176 3306 ratiooetn
1207 3269 1220 3304 :
1244 3262 1296 3305 et
1326 3251 1425 3305 hoc
1446 3266 1654 3319 quoque
1682 3250 1835 3304 vobis

249 3347 462 3414 aperire
488 3345 753 3399 volebam.
782 3347 851 3398 At
882 3343 1034 3398 video
1077 3343 1140 3396 ad
1170 3343 1324 3396 aliam
1375 3358 1489 3396 rem
1538 3343 1706 3411 magis
1737 3356 1833 3394 ne-

250 3437 539 3492 cessariam
585 3452 681 3490 nos
725 3438 952 3490 evocari.
1005 3435 1235 3490 Necesse
1289 3436 1482 3505 quippe
1532 3443 1615 3488 est
1656 3434 1836 3487 dicere

250 3527 378 3597 quid
421 3527 489 3579 sit
529 3525 808 3595 baptisma,
842 3542 938 3578 cur
982 3525 1034 3578 in
1076 3525 1236 3577 vitam
1279 3533 1514 3578 nostram
1561 3521 1834 3577 inductum

249 3620 343 3685 sit,
374 3628 428 3673 et
455 3627 647 3687 quanta
681 3618 831 3670 nobis
860 3617 1103 3671 conferat
1131 3617 1289 3670 bona.

334 3709 488 3764 Varia
531 3710 763 3779 baptisnti
790 3711 1012 3762 nomina.
1042 3739 1114 3749 —
1139 3708 1243 3765 Sed
1287 3710 1331 3762 si
1377 3708 1556 3775 vultis,
1585 3706 1653 3762 de
1680 3707 1838 3778 hujus

251 3804 490 3876 mystica:
528 3803 853 3872 purgationis
879 3801 1136 3857 vocabulo
1162 3803 1310 3871 prius
1343 3801 1699 3864 disseramus;
1730 3816 1834 3854 non

251 3896 395 3950 enim
436 3895 553 3964 ejus
592 3909 786 3948 nomen
831 3910 992 3948 unum
1028 3902 1128 3957 est,
1173 3892 1268 3948 sed
1306 3891 1533 3963 plurima
1562 3893 1833 3962 variaque.

251 3987 382 4041 Nam
405 3985 518 4041 hac
545 3992 786 4057 purgatio
816 3995 1058 4049 vocatur,
1088 3986 1352 4039 lavacrum
1381 3985 1834 4054 regenerationis:

254 4076 484 4133 Solverit
511 4079 642 4131 enim
672 4094 784 4142 nos,
814 4077 1004 4146 inquit,
1036 4093 1124 4147 per
1149 4075 1406 4129 lavamus
1444 4077 1837 4147 regenerationis

251 4178 298 4220 et
337 4169 675 4221 renovationis
722 4168 943 4236 Spiritus
977 4169 1139 4221 sancti
1168 4166 1295 4237 (Tit.
1323 4168 1376 4222 5.
1406 4167 1484 4238 5).
1528 4168 1755 4222 Vocatur
1783 4177 1838 4223 et

251 4261 566 4315 illuminatio
600 4278 614 4313 :
648 4260 718 4313 ita
747 4259 872 4313 illud
897 4243 1088 4313 Paulus
1115 4259 1474 4328 nuncupavit:
1505 4258 1834 4313 Rementora-

251 4354 375 4406 mini
404 4353 641 4420 pristinos
666 4351 791 4418 dies,
815 4353 866 4404 in
895 4351 1073 4420 quibus
1096 4350 1371 4427 illuminati
1407 4367 1645 4420 magnum
1668 4363 1834 4404 certa-

250 4460 365 4496 men
388 4443 696 4496 sustinuistis
717 4444 1007 4510 passionum
1029 4440 1215 4514 (Hebr.
1246 4441 1333 4496 l0.
1367 4441 1488 4510 3'2);
1519 4451 1573 4495 et
1600 4457 1832 4507 rursum,

253 4534 574 4604 Impossibile
607 4544 677 4589 est
706 4536 838 4588 enim
873 4550 978 4598 eos,
1025 4535 1112 4603 qui
1136 4535 1288 4588 semet
1324 4543 1439 4587 sunt
1465 4533 1758 4598 illuminati,
1790 4543 1836 4586 et

252 4634 574 4695 gustaverttnt
598 4626 746 4678 etiam
764 4624 953 4677 donum
981 4625 1195 4688 cwleste,
1219 4633 1266 4675 et
1288 4623 1515 4692 prolapsi
1543 4635 1679 4687 sunt,
1713 4639 1832 4675 rur-

253 4734 339 4770 sus
376 4733 618 4770 renovare
650 4714 719 4767 ad
766 4716 1106 4784 paenitentiam
1151 4713 1258 4784 (Ib.
1289 4699 1474 4782 6.14).
1513 4713 1741 4766 Vocatur
1781 4721 1834 4766 et

253 4807 512 4875 baptisma
541 4822 556 4859 :
589 4805 901 4870 Quicumque
941 4805 1074 4856 enim
1113 4807 1166 4856 in
1196 4802 1394 4858 Christo
1424 4803 1667 4872 baptisati
1694 4804 1831 4868 estis,

250 4897 507 4951 Christum
535 4895 770 4949 induistis
795 4893 990 4964 (Galat.
1021 4895 1073 4950 3.
1103 4894 1217 4964 27).
1246 4895 1556 4963 Appellatur
1575 4903 1629 4948 et
1652 4895 1834 4964 sepul-

252 4983 368 5041 tur'a
395 5004 409 5040 :
439 4986 730 5054 Cousepulti
768 4987 920 5051 enim,
954 4984 1143 5054 inquit,
1185 4988 1300 5039 estis
1329 4987 1382 5039 in
1410 4986 1520 5055 ipso
1549 5002 1638 5056 per
1667 4986 1831 5054 bapti-

249 5094 414 5131 summ
449 5077 503 5130 in
532 5087 737 5129 mortem
766 5077 939 5147 (Rom.
972 5077 1024 5131 6.
1071 5075 1161 5146 4);
1196 5077 1431 5144 itemque
1458 5079 1830 5132 circumcisio:

250 5168 314 5222 In
340 5185 441 5239 quo
479 5155 528 5222 et
564 5169 848 5243 circumcisi
886 5169 1003 5220 estis
1045 5168 1096 5220 in
1122 5167 1499 5220 circumcisione
1540 5185 1642 5221 non
1679 5184 1834 5221 manu

247 5260 489 5327 facta,"'-n
513 5261 926 5328 exspoliationem
962 5269 1273 5326 peccatorum
1294 5262 1460 5313 carnis
1490 5259 1623 5332 (Col.
1651 5259 1737 5315 ΞΛ
1755 5260 1830 5329 l).

247 5351 481 5405 Vocatur
503 5365 634 5404 crux
662 5367 678 5406 :
713 5348 864 5402 Vetus
893 5349 1026 5401 enim
1064 5350 1212 5402 homo
1240 5358 1407 5402 noster
1431 5350 1706 5419 cruci/ints
1735 5358 1828 5414 est,

246 5450 297 5492 ut
343 5441 636 5493 destruatur
675 5456 860 5510 corpus
914 5440 1106 5508 peccati
1145 5439 1322 5507 (Rom.
1373 5441 1426 5494 6.
1476 5440 1553 5511 6).
1605 5441 1833 5497 Possent

247 5533 399 5602 plura
425 5530 530 5584 dici
555 5531 805 5595 nomina;
828 5530 922 5585 sed
954 5547 1020 5584 ne
1050 5540 1259 5600 tempus
1283 5546 1440 5586 omne
1469 5532 1519 5585 in
1541 5532 1835 5587 charisma-

250 5626 317 5678 tis
335 5622 780 5693 appellationibus
807 5621 1152 5686 insumamus,
1173 5638 1271 5692 age
1288 5622 1354 5675 ad
1378 5624 1606 5691 primum
1635 5639 1829 5679 nomen

252 5715 471 5780 reversi,
502 5713 1026 5785 ejusque'explicata
1067 5713 1477 5784 signiﬁcatione,
1524 5729 1828 5769 sermonem

262 5807 500 5861 ﬁniamus
524 5822 538 5860 :
570 5803 784 5861 inttrim
813 5818 940 5859 vero
968 5804 1122 5875 paulo
1147 5803 1390 5875 superius
1411 5802 1706 5860 doctrinam
1736 5819 1824 5861 re-

1319 412 1409 465 ΑΒ
1450 399 1958 464 ιιιωιιΝΑΝυοε
1995 400 2415 456 CATECllESlS
2455 399 2493 455 l.

3422 409 3526 464 $9.6

1941 520 2204 579 petamus.
2231 512 2326 565 Est
2365 528 2648 568 commune
2672 515 2910 569 Omnium
2952 513 3227 573 hominum
3259 522 3523 581 lavacrum

1940 600 2067 653 illud
2098 601 2422 665 balneorum,
2457 602 2597 670 quod
2637 606 2880 674 corporis
2899 607 3086 662 sordes
3111 610 3246 664 solet
3265 612 3484 670 abluere
3509 635 3522 669 :

1939 698 2020 744 est
2047 699 2100 744 et
2129 692 2396 745 lavacrum
2413 691 2738 761 Judarorum,
2763 696 2852 749 illo
2871 700 3083 766 quidem
3108 700 3400 768 honestius,
3430 713 3522 760 sed

1936 784 2120 851 gratia:
2148 784 2355 838 lavacro
2381 785 2535 855 longe
2563 787 2782 842 inferius
2811 805 2825 841 :
2853 799 2910 843 et
2940 789 3039 845 hoc
3069 794 3211 846 enim
3239 810 3524 864 corporeas

1938 872 2128 928 sordes
2161 875 2346 942 abluit,
2377 891 2477 930 nec
2517 879 2677 931 modo
2703 879 3004 948 corporeus
3028 883 3211 945 abluit,
3241 887 3333 940 sed
3364 890 3520 943 etiam

1938 966 2004 1020 ad
2030 967 2369 1021 conscientia:
2401 967 2762 1024 inﬁrmitatem
2805 973 3034 1041 attingit.
3068 975 3200 1029 Nam
3230 977 3410 1031 multa:
3442 997 3526 1035 res

1942 1067 2086 1119 sunt,
2121 1066 2329 1111 natura
2391 1059 2602 1127 quidem
2643 1076 2749 1114 non
2792 1064 3099 1131 immundae,
3141 1068 3236 1122 sed
3290 1085 3409 1139 qua:
3440 1073 3523 1125 in-

1941 1149 2187 1201 ﬁrmitate
2216 1149 2556 1204 conscientia:
2595 1151 2898 1208 efﬁciuntur
2924 1155 3230 1212 immunda.
3276 1162 3352 1214 Ae
3388 1163 3524 1216 sicut

1945 1243 1994 1294 in
2026 1241 2204 1306 pueris
2243 1240 2403 1295 larva:
2449 1253 2753 1315 eniteraque
2785 1247 3030 1313 terricula
3081 1262 3266 1304 natura
3309 1254 3524 1321 quidem

1941 1329 2290 1385 formidabilia
2337 1349 2441 1387 non
2486 1346 2629 1399 sunt,
2680 1338 2772 1391 sed
2808 1341 2929 1393 talia
2977 1345 3156 1410 pueris
3198 1345 3268 1398 ob
3321 1356 3526 1403 naturte

1942 1422 2357 1479 imbecillitatem
2402 1442 2521 1482 esse
2557 1429 2802 1484 videntur
2831 1449 2844 1484 :
2875 1433 2952 1486 sic
2977 1445 3030 1487 et
3061 1436 3111 1487 in
3146 1437 3209 1490 iis
3229 1455 3347 1507 qua:
3376 1441 3523 1504 dixi;

1941 1517 2169 1586 exempli
2222 1533 2381 1572 causa
2432 1533 2636 1574 mortua
2685 1539 2908 1591 corpora
2949 1527 3280 1598 contingere,
3341 1543 3526 1589 natura

1940 1609 2152 1676 quidem
2181 1625 2285 1663 non
2312 1621 2392 1664 est
2415 1612 2766 1679 immundum,
2793 1632 2973 1671 verum
3003 1620 3045 1672 si
3073 1621 3121 1673 id
3150 1622 3369 1676 inﬁrma:
3395 1640 3527 1680 con-

1941 1699 2175 1753 scientia:
2205 1700 2492 1770 contingat,
2526 1703 2853 1758 immundum
2888 1706 3014 1761 facit
3049 1725 3168 1764 eum
3199 1715 3286 1782 qui
3333 1716 3520 1785 tetigit.

1940 1786 2090 1852 Quod
2120 1789 2260 1842 enim
2294 1791 2422 1844 illud
2461 1802 2645 1845 natura
2675 1809 2782 1848 non
2818 1797 2886 1849 sit
2915 1797 3268 1868 immundum,
3295 1803 3407 1871 ipse
3435 1807 3526 1875 qui

1943 1879 2114 1948 legem
2159 1881 2278 1935 tulit
2321 1882 2530 1953 Moyses
2573 1884 2880 1952 declaravit,
2930 1890 3020 1958 qui
3069 1903 3335 1948 mortuum
3375 1896 3525 1952 Jose-

1945 1972 2106 2040 phum
2157 1988 2339 2028 secum
2379 1975 2589 2040 detulit,
2641 1987 2695 2032 et
2743 1987 2917 2034 tamen
2971 1984 3200 2038 mundus
3249 1992 3522 2044 remansit.

1942 2060 2171 2132 Ideoque
2210 2063 2404 2119 Paulus
2446 2066 2513 2120 de
2561 2068 2893 2123 immunditia
2934 2070 3236 2141 liujusmodi
3277 2079 3524 2148 loquens,

1941 2169 2059 2222 qua:
2086 2169 2190 2208 non
2223 2165 2432 2220 natura,
2462 2158 2555 2212 sed
2583 2159 2888 2216 inﬁrmitate
2927 2168 3269 2221 conscientia:
3311 2173 3524 2238 accidit,

1943 2245 2011 2296 ita
2040 2245 2272 2313 loquitur
2302 2264 2316 2302 :
2351 2246 2501 2302 Nihil
2523 2265 2788 2304 commune
2826 2270 2917 2321 per
2954 2255 3177 2322 seipsum
3204 2259 3301 2310 nisi
3336 2261 3401 2324 ei,
3441 2263 3530 2333 qui

1941 2337 2192 2390 existimat
2239 2338 2364 2411 quid
2406 2356 2668 2396 commune
2706 2360 2812 2397 esse
2842 2344 3014 2414 (fiant.
3067 2349 3151 2402 Η.
3191 2350 3300 2421 id).
3341 2351 3529 2407 Viden’

1943 2429 2330 2485 immunditiam
2377 2446 2482 2485 non
2512 2448 2574 2486 ex
2610 2433 2686 2487 rei
2714 2446 2921 2501 natura,
2955 2439 3048 2492 sed
3075 2455 3141 2494 ex
3189 2444 3528 2512 cogitationis

1943 2517 2303 2574 imbecillitate
2348 2523 2627 2591 contrahi?
2682 2527 2759 2580 Ac
2813 2543 3045 2595 rursum,
3096 2532 3281 2586 Omnia
3327 2537 3529 2604 quidem

1941 2622 2057 2664 sunt
2085 2613 2272 2666 munda
2297 2629 2316 2667 :
2335 2615 2426 2668 sed
2454 2616 2643 2668 malum
2668 2628 2740 2670 est
2766 2619 2976 2684 homini,
3019 2624 3106 2691 qui
3131 2641 3222 2692 per
3247 2625 3530 2690 oﬂ'endicu-

1941 2700 2044 2753 lum
2073 2704 2343 2756 manducet
2373 2702 2535 2772 (Ibid.
2570 2722 2618 2760 υ.
2649 2707 2761 2776 20).
2803 2708 3015 2780 [Vidcn’
3039 2714 3177 2778 quod
3210 2731 3314 2769 non
3341 2718 3526 2784 edere,

1938 2790 2032 2845 sed
2055 2807 2149 2860 per
2161 2792 2533 2848 oll’endiculnm
2558 2797 2717 2851 edere
2738 2798 2838 2871 ((1))
2859 2815 3016 2853 causa
3046 2804 3116 2855 sit
3141 2802 3529 2861 immunditia-2'

2011 2884 2063 2938 3.
2095 2883 2375 2938 Discrimen
2397 2888 2526 2939 inter
2544 2885 2795 2942 lavacrum
2815 2889 3112 2945 Juda‘orum
3132 2905 3177 2947 et
3204 2894 3525 2964 baptismum.

1938 2974 2211 3028 —Talem
2243 2976 2504 3029 maculam
2536 2976 2843 3034 Judteorum
2876 2981 3142 3037 lavacrum
3171 2986 3526 3065 emundabat;
3618 2995 3631 3008 ‘

1939 3075 1994 3118 at
2022 3067 2205 3135 gratia:
2237 3067 2504 3122 lavacrum
2551 3085 2655 3122 non
2690 3072 2848 3126 talem
2871 3115 2885 3137 ,
2919 3074 3013 3128 sed
3058 3091 3174 3128 eam
3201 3117 3216 3143 ,
3255 3094 3383 3147 quae.
3405 3095 3527 3140 vera
3598 3104 3613 3139 1

1941 3157 2273 3212 immunditia
2313 3169 2368 3212 et
2405 3160 2637 3213 animam
2677 3171 2731 3216 et
2768 3178 2963 3233 corpus
3005 3166 3204 3228 inficit;
3247 3151 3352 3224 non
3385 3156 3529 3227 enim

1941 3265 2054 3314 eos,
2087 3251 2174 3319 qui
2207 3260 2413 3304 mortua
2443 3266 2688 3322 corpora,
2721 3255 2814 3308 sed
2845 3257 2932 3325 qui
2969 3268 3173 3311 mortua
3205 3276 3364 3328 opera
3400 3280 3529 3317 con-

1945 3345 2169 3412 tingunt,
2196 3345 2423 3398 mumlos
2453 3343 2597 3398 facit.
2624 3347 2732 3400 Etsi
2757 3348 2952 3408 mollis,
2980 3350 3081 3403 etsi
3106 3350 3392 3407 fornicator
3411 3356 3530 3422 quis

1942 3435 2132 3501 fuerit,
2165 3437 2263 3488 etsi
2306 3434 2584 3489 idololatra
2606 3477 2619 3498 ,
2652 3437 2752 3491 etsi
2778 3438 2988 3506 quidvis
3017 3441 3138 3493 mali
3181 3441 3398 3510 fecerit,
3428 3446 3530 3501 etsi

1940 3524 2170 3578 liumana
2201 3526 2344 3579 omni
2369 3527 2600 3595 nequitia
2630 3528 2814 3596 plenus
2833 3530 2984 3593 sit,si
3011 3531 3064 3584 in
3089 3534 3341 3600 piscinam
3368 3551 3530 3605 aqua-
3563 3540 3566 3543 “

1940 3632 2057 3670 rum
2092 3616 2307 3680 incidat,
2339 3617 2603 3670 solaribus
2630 3619 2792 3671 radiis
2821 3622 3000 3686 purior
3026 3639 3092 3676 ex
3126 3623 3320 3679 divinis
3354 3626 3528 3682 fluen-

1941 3708 2008 3761 tis
2034 3707 2298 3762 ascendit.
2322 3708 2398 3762 Ne
2439 3725 2566 3762 vero
2609 3719 2760 3776 putes
2803 3711 2938 3765 fastu
2977 3715 3223 3783 quopiam
3253 3716 3367 3772 bace
3399 3735 3528 3788 pro-

1943 3799 2090 3862 ferri,
2121 3800 2244 3854 audi
2275 3800 2494 3855 Paulum
2524 3801 2590 3856 de
2614 3801 2806 3856 lavacri
2831 3804 3024 3858 virtute
3045 3806 3160 3861 lucc
3187 3809 3526 3878 loquentem:

1942 3888 2120 3944 Nolite
2153 3906 2324 3943 errare
2350 3905 2368 3946 ε
2397 3907 2556 3960 neque
2595 3891 2915 3957 idololatrw,
2959 3912 3116 3964 neque
3162 3901 3525 3968 fornicatores,

1940 3996 2098 4050 neque
2121 3981 2358 4046 adulteri,
2388 4000 2544 4051 neque
2572 3985 2766 4047 molles,
2798 4002 2956 4054 neque
2978 3991 3319 4044 masculorum
3340 4009 3527 4048 concu-

1942 4071 2141 4137 bitores,
2167 4089 2323 4142 neque
2345 4076 2516 4139 avari,
2547 4091 2704 4145 neque
2727 4077 2941 4141 ebriosi,
2972 4095 3131 4148 neque
3155 4082 3382 4135 mali-diei
3403 4126 3416 4150 ,
3442 4102 3527 4138 ne-

1939 4181 2036 4234 que
2057 4181 2266 4233 rapaces
2313 4183 2523 4236 regnum
2549 4166 2638 4220 Dei
2659 4169 2980 4237 possidebunt
3005 4170 3077 4241 (l.
3099 4172 3215 4226 Cor.
3249 4173 3302 4229 6.
3326 4175 3379 4229 9.
3412 4177 3524 4248 l0).

1929 4256 2142 4324 .Ecquitl
2174 4257 2287 4310 ha-c
2313 4259 2377 4311 ad
2416 4260 2743 4328 propOsitttm
2771 4302 2783 4324 ,
2817 4261 3062 4327 inquies?
3093 4265 3230 4333 quod
3270 4269 3526 4334 qua-ritur

1940 4350 2181 4410 ostende,
2215 4366 2278 4402 an
2309 4350 2512 4404 scilicet
2543 4351 2736 4404 lavacri
2767 4351 2936 4406 virtus
2965 4352 3081 4408 litec
3111 4332 3300 4409 omnia
3334 4332 3526 4413 emun-

1940 4438 2050 4492 det.
2080 4440 2216 4493 Audi
2249 4441 2425 4508 itaque
2454 4457 2536 4507 ea,
2569 4458 2687 4510 qttte
2715 4455 3012 4510 sequuntur
3040 4462 3052 4497 :
3090 4444 3153 4498 Et
3183 4448 3289 4500 haec
3321 4450 3526 4517 quidam

1939 4532 2104 4602 fuistis
2133 4549 2151 4585 .·
2179 4533 2267 4585 sed
2295 4533 2456 4587 abluti
2481 4535 2613 4596 estis,
2647 4535 2734 4587 sed
2755 4538 3060 4603 sanctiﬁcati
3086 4541 3224 4601 estis,
3253 4540 3342 4593 sed
3361 4543 3522 4610 justi-

1941 4628 2078 4694 ficati
2101 4628 2218 4679 estis
2243 4627 2294 4678 in
2326 4627 2525 4679 nomine
2561 4624 2770 4678 Dontini
2813 4630 2972 4680 ηοω-ἰ
3010 4628 3134 4682 Jesu
3175 4628 3362 4684 Christi
3399 4643 3445 4685 et
3472 4634 3526 4687 in

1941 4716 2143 4783 Spiritu
2171 4715 2265 4768 Dei
2292 4716 2450 4768 nostri
2476 4714 2581 4784 (Ib.
2617 4733 2665 4768 υ.
2700 4717 2813 4786 ll).
2842 4717 2948 4772 Nos
2971 4720 3182 4787 quidem
3215 4722 3526 4789 pollicemur

1940 4807 2093 4862 vobis
2121 4808 2401 4862 ostendere
2424 4850 2438 4872 ,
2469 4809 2612 4861 omni
2644 4807 2993 4865 fornicatione
3015 4811 3031 4842 ¹
3063 4828 3222 4878 puros
3249 4829 3366 4868 esse
3390 4831 3483 4869 eos
3508 4859 3522 4880 ,

1938 4901 2028 4968 qui
2058 4898 2122 4953 ad
2155 4899 2423 4952 lavacrum
2449 4899 2736 4963 accedunt;
2769 4916 2950 4954 verum
2977 4903 3147 4955 oratio
3181 4912 3361 4957 nostra
3403 4905 3522 4972 plus

1937 4990 2355 5053 demonstravit,
2406 4989 2609 5043 scilicet
2657 5006 2761 5043 non
2809 4991 2965 5043 modo
3009 5007 3199 5058 puros,
3229 4993 3320 5046 sed
3357 4997 3514 5048 etiam

1938 5093 2152 5137 sanctos
2168 5081 2448 5150 justosqne
2470 5081 2637 5135 factos
2662 5097 2800 5135 esse.
2825 5082 2938 5135 Non
2966 5091 3166 5135 tantum
3190 5085 3332 5136 enim
3357 5087 3519 5140 dixit:

1937 5172 2109 5225 Abluti
2150 5171 2296 5235 estis,
2346 5171 2437 5224 sed
2480 5171 2662 5233 etiam,
2709 5169 3027 5238 Sancti/irati
3071 5174 3208 5235 estis,
3251 5174 3522 5242 jnsti/icuti

1938 5265 2074 5317 estis.
2105 5262 2240 5326 Quid
2273 5261 2371 5316 hac
2403 5277 2459 5314 re
2491 5261 2782 5313 mirabilius
2804 5301 2817 5323 ,
2847 5260 2986 5330 quod
3027 5262 3143 5315 sine
3180 5263 3360 5315 labore
3385 5305 3398 5325 ,
3427 5280 3521 5316 su-

1938 5354 2068 5407 dore
2115 5354 2373 5421 bonisque
2419 5350 2670 5418 operibus
2713 5350 2918 5418 justitia
2965 5351 3240 5418 pariatur?
3272 5353 3413 5404 Talis
3442 5365 3518 5405 esi

1937 5447 2078 5499 enim
2107 5443 2270 5498 divini
2297 5442 2422 5496 doni
2449 5442 2746 5510 benignitas
2767 5482 2781 5506 ,
2815 5450 2870 5494 ut
2898 5443 3013 5496 sine
3040 5441 3322 5496 sudoribus
3344 5444 3519 5510 justos

1970 5602 2017 5714 ix;
2054 5606 2300 5659 tnterpres
2331 5605 2475 5649 vetus
2509 5595 2649 5660 legit,
2692 5593 2821 5644 omni
2851 5594 3116 5660 iniquitate,
3152 5602 3204 5644 et
3236 5598 3425 5655 melius,
3466 5605 3522 5646 ut

2019 5671 2147 5712 etur.

1938 5665 2147 5714 videtur.

2000 5747 2074 5810 (tt)
2108 5752 2218 5795 tiret:
2237 5756 2346 5810 qua:
2369 5741 2556 5791 uncinis
2576 5739 2864 5810 clauduntur
2888 5741 3100 5810 intesta
3117 5740 3337 5801 deerant,
3363 5737 3450 5788 sed
3475 5739 3522 5790 in

1941 5800 2157 5860 editione
2180 5800 2411 5857 Sav'ilians
2431 5818 2491 5853 ex
2513 5804 2790 5866 conjectura
2811 5800 3116 5865 supplentur.
