4190 6322
598 402 704 458 227

599 513 816 571 efficiat.
848 511 978 567 Nam
1003 509 1047 564 si
1075 505 1414 578 imperatoris
1453 503 1677 573 epistola
1715 502 1901 574 paucis
1943 499 2186 557 conscri-

604 614 694 674 pta
720 602 883 658 literis
901 641 917 666 ,
947 589 1239 655 innumeris
1268 610 1392 652 reos
1421 592 1734 649 criminibus
1776 591 1972 647 liberos
1999 589 2183 644 dimit-

601 697 685 763 tit,
713 694 846 748 alios
875 702 1054 747 autem
1077 688 1142 744 ad
1173 687 1431 744 honorem
1460 686 1617 761 etiam
1644 683 1821 739 evebit
1860 681 2185 744 maximum;

599 785 766 841 multo
795 782 965 854 magis
993 790 1210 836 sanctus
1239 779 1331 834 Dci
1360 765 1610 847 Spiritus,
1643 775 1732 844 qui
1766 774 1943 829 omnia
1974 782 2184 843 potest,

595 877 743 933 omni
773 889 871 930 nos
900 873 1134 944 nequitia
1160 871 1427 935 liberabit,
1459 868 1678 922 multam
1704 865 1962 936 justitiam
1995 864 2187 934 largie-

597 965 905 1031 tur,‘multa
935 962 1178 1034 implebit
1208 960 1418 1016 fiducia.
1450 959 1528 1013 Ac
1556 956 2006 1027 quemadmodum
2045 955 2186 1010 scin-

597 1056 711 1114 tilla
759 1053 991 1111 mediam
1039 1053 1091 1108 in
1140 1050 1312 1121 pelagi
1341 1048 1648 1118 voraginem
1692 1045 1965 1110 incidens,
2005 1046 2182 1100 statim

596 1145 954 1217 exstinguitur
981 1151 1036 1198 et
1061 1141 1366 1206 evanescit,
1406 1151 1664 1209 aquarum
1695 1137 1746 1191 vi
1787 1136 2032 1192 demersa
2062 1152 2077 1189 :
2107 1135 2185 1189 sic

598 1248 654 1296 et
679 1237 849 1294 omnis
877 1236 1104 1290 humana
1135 1231 1368 1303 nequitia
1389 1270 1404 1296 ,
1433 1244 1556 1285 cum
1596 1230 1650 1283 in
1687 1228 1944 1298 piscinam
1970 1225 2175 1282 divino-

596 1341 716 1388 rum
761 1323 1080 1382 ﬂuentorum
1128 1304 1409 1384 inciderit,
1459 1319 1616 1375 citius
1663 1318 1977 1388 faciliusque
2021 1330 2178 1387 quam

596 1418 826 1480 scintilla
864 1415 1189 1486 demet-gitur
1227 1423 1281 1468 et
1315 1413 1544 1468 deletur.
1573 1412 1644 1466 At
1683 1425 1802 1477 cur,
1851 1409 2091 1478 inquies,
2134 1407 2180 1461 si

600 1518 820 1580 peccata
841 1507 995 1571 nobis
1015 1505 1192 1562 omnia
1213 1504 1483 1558 lavacrum
1511 1500 1758 1568 remittit,
1782 1515 1889 1556 non
1914 1500 2180 1554 lavacrum

597 1599 929 1658 remissionis
959 1605 1292 1668 peccatorum
1313 1636 1328 1660 ,
1371 1609 1477 1650 non
1525 1593 1791 1648 lavacrum
1823 1591 2177 1662 purgationis,

595 1689 690 1746 sed
711 1689 976 1744 lavacrum
999 1684 1416 1758 regenerationis
1439 1684 1698 1738 vocatur?
1718 1683 1848 1750 Quia
1880 1698 1982 1736 non
2005 1681 2178 1736 solum

598 1779 754 1836 nobis
777 1785 992 1849 peccata
1031 1777 1288 1842 remittit,
1321 1790 1494 1845 neque
1536 1775 1708 1828 solum
1737 1772 1928 1828 delicta
1969 1780 2177 1843 purgat,

505 1865 510 1876 ’
597 1871 692 1928 sed
722 1871 793 1927 ita
821 1870 873 1926 id
902 1879 1115 1940 prastat
1144 1884 1206 1925 ac
1239 1869 1286 1923 si
1324 1867 1503 1923 denuo
1531 1867 1768 1938 generati
1798 1875 2057 1922 essemus.
2085 1866 2178 1920 Et-

600 1963 745 2020 enim
777 1975 875 2016 nos
898 1961 1078 2017 denuo
1105 1969 1288 2026 creat,
1317 1969 1370 2013 et
1400 1958 1595 2012 format
1613 1999 1630 2024 ,
1664 1972 1770 2012 non
1797 1973 1864 2012 ex
1895 1967 2032 2013 terra
2058 1972 2176 2012 rur-

596 2071 715 2112 sum
739 2053 1017 2124 efllugens,
1048 2051 1141 2108 sed
1162 2067 1228 2108 ex
1252 2052 1359 2106 alio
1379 2050 1665 2113 elemento,
1688 2064 1943 2120 aquarum
1973 2048 2180 2103 scilicet

599 2156 815 2211 natura,
847 2158 1067 2206 creans;
1102 2158 1208 2197 non
1237 2141 1381 2197 enim
1413 2156 1506 2194 vas
1536 2140 1852 2209 simpliciter
1887 2139 2175 2210 abstergit,

597 2233 692 2290 sed
739 2243 904 2290 totum
946 2231 1144 2288 confiat
1189 2231 1385 2286 denuo.
1429 2229 1562 2286 Nam
1611 2244 1730 2299 qua:
1768 2228 2175 2297 absterguntur,

597 2326 804 2382 etiamsi
831 2332 1078 2379 accurate
1102 2322 1428 2378 muudentur
1447 2319 1712 2392 qualitatis
1737 2319 1953 2388 vestigia
1978 2325 2032 2372 et
2058 2332 2178 2373 sor-

601 2417 750 2471 dium
777 2414 1028 2485 reliquias
1058 2415 1325 2477 retinent;
1375 2427 1494 2482 qum
1541 2426 1668 2464 vero
1711 2411 1764 2464 in
1807 2410 2176 2465 confhtorium

600 2505 956 2563 immittuntur
985 2545 1000 2568 ,
1029 2512 1126 2558 eta
1154 2501 1365 2557 flamma
1385 2510 1729 2564 renovantur,
1759 2514 1973 2555 onmem
2017 2500 2182 2569 depo-

599 2596 777 2653 ncntia
807 2598 1064 2649 maculam
1085 2633 1102 2657 ,
1135 2608 1202 2648 ex
1233 2593 1443 2647 camino
1468 2591 1657 2647 educta
1677 2632 1693 2658 ,
1724 2591 1990 2658 eumdem,
2020 2606 2177 2660 quem

598 2701 818 2759 prorsus
847 2700 1016 2751 nova,
1048 2684 1390 2752 splendorem
1421 2684 1689 2738 emittunt.
1719 2681 2174 2750 QuetuadmOdum

598 2777 786 2848 siquis
813 2792 1029 2831 auream
1071 2784 1300 2831 statuant
1326 2817 1341 2840 ,
1383 2785 1650 2844 tempore,
1695 2772 1868 2838 fumo,
1921 2775 2175 2843 pulvere,

598 2872 843 2938 rubigine
873 2868 1122 2924 fmdatatn
1143 2909 1158 2933 ,
1185 2867 1361 2922 denuo
1389 2865 1730 2932 conﬂaverit,
1759 2880 1876 2920 eam
1902 2866 2053 2920 nubis
2078 2880 2177 2935 pu-

597 2962 860 3018 rissimam
887 2968 1046 3030 atque
1088 2958 1373 3027 fulgentem
1420 2956 1792 3012 restituit:sic
1829 2966 1887 3026 _et
1930 2966 2170 3009 naturam

598 3063 836 3108 nostram
896 3051 1067 3117 Deus,
1105 3051 1306 3119 peccati
1343 3048 1585 3118 rubigine
1627 3047 1875 3102 fmdatam
1907 3045 2180 3114 multoque

598 3142 837 3197 affectam
864 3139 1178 3194 delictorum
1207 3138 1374 3204 fumo,
1404 3137 1490 3192 illa
1519 3135 1911 3207 pulchritudine
1947 3134 2177 3191 destitu-

599 3242 706 3288 tam
730 3273 746 3297 ,
772 3245 931 3301 quam
963 3229 1058 3299 ipsi
1087 3230 1154 3284 ah
1185 3229 1334 3283 initio
1363 3225 1657 3293 indiderat,
1685 3227 1859 3301 denuo
1887 3226 2138 3282 conflavit
2158 3269 2175 3294 ,

602 3330 659 3381 et
684 3322 736 3376 in
758 3324 920 3391 aquas
944 3335 1044 3375 ceu
1073 3321 1128 3375 in
1153 3318 1522 3374 conflatorium
1549 3318 1792 3388 injiciens
1811 3358 1828 3384 ,
1857 3329 1910 3374 et
1935 3333 2032 3387 pro
2056 3319 2180 3388 igne

598 3392 823 3482 Spiritus
841 3410 1062 3480 gratiam
1083 3409 1393 3474 immittens,
1418 3407 1542 3464 hinc
1565 3416 1866 3472 renovatus,
1888 3423 2009 3463 cum
2033 3411 2178 3463 sola-

600 3499 746 3554 ribus
789 3498 952 3553 radiis
994 3497 1278 3568 splendore
1323 3497 1660 3553 decertantes
1706 3497 1906 3561 educit.
1949 3497 2182 3553 contrito

597 3589 763 3645 veteri
784 3587 1020 3652 nomine,
1049 3601 1193 3642 novo
1215 3594 1392 3642 autem
1417 3586 1780 3657 splendidiore
1798 3626 1814 3652 ,
1843 3602 2000 3656 quam
2029 3597 2182 3642 vetus

599 3688 735 3747 erat,
767 3679 1001 3735 condito.

675 3771 732 3826 ι.
776 3769 925 3825 Hanc
971 3784 1133 3840 porro
1179 3767 1333 3823 nobis
1374 3768 1748 3825 contritionem
1797 3771 2180 3841 mysticamque

600 3860 967 3934 purgationem
1026 3859 1369 3914 subindicans
1413 3858 1672 3929 propinata
1697 3900 1713 3922 ,
1759 3857 1968 3914 dicebat
2011 3859 2138 3914 nlim
2162 3902 2178 3927 ,

604 3952 881 4024 Tamquam
927 3967 1015 4006 m
1055 3949 1201 4021 ﬁguli
1252 3960 1476 4004 conteres
1509 3966 1594 4005 eos
1633 3949 1899 4021 (Psal.'2.
1930 3948 2020 4022 9).
2047 3950 2182 4006 Nam

596 4043 738 4113 quod
775 4042 845 4098 de
885 4041 1126 4101 fidelibus
1171 4041 1418 4109 loquatur
1461 4041 1604 4098 clare
1650 4041 1883 4097 indicant
1925 4058 2020 4108 ea,
2064 4059 2183 4113 qua:

599 4131 903 4204 procedunt
932 4148 946 4182 τ
975 4121 1172 4188 etenim
1198 4130 1311 4184 ait:
1341 4129 1510 4185 Filius
1537 4147 1678 4186 meus
1702 4148 1754 4185 es
1784 4140 1838 4186 tu
1867 4147 1887 4186 :
1915 4147 2005 4203 ego
2034 4133 2185 4189 hodie

519 4269 522 4272 .
596 4224 746 4296 genui
775 4232 841 4281 te,
874 4221 1086 4276 Postulo
1120 4238 1152 4274 a
1177 4237 1283 4286 me,
1309 4231 1353 4274 et
1375 4220 1505 4275 dabo
1530 4221 1618 4276 tibi
1639 4231 1810 4292 gentes
1839 4221 2182 4278 hereditatem

601 4326 762 4382 tuam,
787 4323 832 4368 et
869 4312 1226 4384 possessionem
1251 4321 1386 4365 tuam
1413 4312 1649 4366 terminos
1676 4320 1822 4366 terra:
1846 4313 1864 4382 (
1886 4310 2020 4366 Ibid.
2052 4329 2101 4367 υ.
2125 4314 2179 4368 7.

599 4405 679 4476 8).
709 4403 950 4460 V'idistin‘
977 4402 1242 4472 quomodo
1264 4402 1551 4456 Ecclesiam
1582 4403 1814 4472 gentium
1850 4417 2182 4460 commemo-

597 4496 767 4561 ravit,
809 4503 864 4548 et
906 4494 1104 4563 ubique
1140 4493 1480 4548 constitutum
1520 4491 1717 4546 Christi
1760 4508 1981 4562 regnum
2013 4493 2182 4548 dixit?

599 4583 798 4642 Deinde
814 4598 1023 4638 rursum
1041 4584 1134 4647 ait,
1157 4581 1341 4638 Posses
1364 4599 1448 4636 eos
1471 4584 1524 4637 in
1540 4585 1679 4654 uirga
1705 4585 1906 4655 ferrea,-
1932 4601 2036 4639 non
2062 4601 2182 4654 gra-

599 4678 666 4741 vi,
688 4674 782 4730 sed
813 4673 936 4729 forti
963 4693 976 4726 :
999 4683 1251 4744 tamquam
1281 4689 1370 4727 uas
1395 4672 1538 4743 ﬁguli
1559 4682 1778 4728 conteres
1799 4690 1883 4728 eos
1904 4673 2008 4744 (Ib.
2033 4689 2078 4728 υ.
2100 4676 2178 4743 9).

601 4769 741 4823 Ecce
787 4767 1051 4821 lavacrum
1096 4765 1264 4836 magis
1311 4766 1538 4836 mystico
1586 4779 1734 4820 more
1774 4767 2041 4821 sumitur:
2074 4783 2178 4822 non

597 4860 738 4914 enim
778 4857 1096 4928 simpliciter
1130 4856 1264 4912 dixit
1286 4872 1410 4910 vasa
1448 4865 1674 4912 testacea
1694 4896 1711 4923 ,
1738 4857 1833 4912 sed
1857 4873 1980 4913 vasa
2011 4858 2178 4930 ﬁguli.

601 4951 798 5005 Verum
822 4948 1097 5004 attendite.
1122 4948 1376 5002 Testacea
1396 4947 1591 5017 quippe
1619 4961 1742 5001 vasa
1766 4949 2011 5015 contrita,
2034 4950 2179 5006 refici

603 5059 710 5097 non
739 5049 992 5115 possunt,
1024 5040 1094 5094 ob
1121 5038 1370 5094 duritiem
1406 5052 1599 5107 nempe
1623 5037 1692 5091 ab
1721 5039 1840 5108 igne
1866 5051 2133 5109 acceptam
2162 5059 2176 5096 :

601 5147 724 5186 vasa
753 5139 929 5185 autem
959 5129 1100 5200 figuli
1125 5144 1229 5184 non
1259 5136 1384 5183 sunt
1409 5136 1659 5194 testacea,
1691 5127 1784 5181 scd
1814 5142 1877 5181 ex
1911 5127 2018 5182 lttlo
2044 5145 2184 5184 cout-

600 5225 808 5292 posita;
853 5235 1017 5290 quare
1064 5221 1108 5274 si
1159 5217 1417 5273 labefacta
1460 5217 1684 5283 fuerint,
1719 5217 1936 5272 artificis
1965 5221 2180 5276 solertia

603 5313 806 5368 facilius
845 5311 911 5366 ad
949 5310 1239 5365 secundam
1280 5309 1502 5364 formam
1543 5308 1723 5364 reduci
1763 5319 2006 5379 possunt.
2048 5311 2180 5367 Cum

602 5406 777 5474 itaque
806 5403 1161 5458 calamitatem
1203 5402 1549 5456 insanabilem
1589 5413 1882 5467 memorat,
1922 5420 2026 5458 non
2057 5420 2182 5460 vasa

605 5495 746 5565 figuli
775 5495 922 5560 dicit,
951 5492 1048 5548 sed
1075 5507 1168 5546 vas
1207 5501 1519 5547 testaceum.
1549 5491 1678 5546 Nam
1719 5508 1839 5548 cum
1871 5495 2180 5565 prophetam

600 5596 655 5640 et
681 5585 894 5641 Judzeos
920 5584 1117 5641 docere
1142 5583 1341 5652 vellet,
1371 5598 1430 5640 se
1454 5583 1739 5638 calamitati
1786 5583 2066 5641 insanabili
2094 5603 2183 5642 ur-

603 5676 721 5732 bem
751 5674 1052 5741 tradidisse,
1075 5673 1230 5746 jussit
1254 5689 1375 5731 eum
1405 5673 1648 5743 accipere
1669 5688 1763 5727 vas
1790 5681 2102 5744 testaceum,
2129 5686 2183 5731 et

605 5785 783 5826 coram
812 5770 1060 5826 universo
1081 5768 1276 5840 populo
1293 5766 1644 5839 confringere,
1665 5766 1944 5840 dicereque
1966 5766 2177 5841 (Jcrcm.

1341 392 1398 447 S.
1437 387 1714 446 ιωΝΝιδ
1749 384 2221 444 οιιιιῑεοετοωι
2260 383 2578 442 ABCIIIEP.
2608 383 3136 444 CONSTANTINOP.

3783 387 3894 445 135

2299 499 2412 572 i9),
2439 500 2530 557 Sic
2552 499 2732 572 peribit
2760 499 2879 556 urbs
2902 517 2964 555 ac
2990 510 3273 557 conteretur
3286 498 3500 575 (lenm.
3517 500 3605 559 i9.
3622 502 3711 575 fl)
3728 521 3741 556 :
3761 519 3883 558 cura

2294 601 2476 648 autem
2518 592 2711 647 bonam
2753 591 2883 664 ipsis
2921 603 3070 662 spem
3112 592 3266 649 olert
3290 635 3306 662 ,
3339 595 3393 650 in
3423 594 3691 651 officinam
3737 595 3887 667 ﬁguli

2293 668 2604 753 prdphetam
2632 681 2878 749 deducit,
2908 699 3009 740 nec
3036 684 3134 754 ipsi
3165 699 3258 740 vas
3288 694 3577 745 testaceum
3611 689 3885 754 ostendit,

2291 772 2386 827 sed
2412 787 2506 828 vas
2541 773 2742 829 luteum
2782 787 2814 829 e
2853 789 3015 829 manu
3047 775 3189 846 figuli
3216 775 3504 840 decidens.
3531 793 3594 837 sc
3619 778 3891 835 subinfert

2292 861 2372 916 ltis
2401 862 2577 918 verbis
2603 879 2616 917 :
2641 861 2705 919 Si
2730 864 2919 936 ﬁgulus
2953 865 3036 920 hic
3071 881 3158 920 uas
3197 866 3334 937 quod
3361 855 3586 938 decidit,
3619 879 3888 941 acceptum

2289 953 2452 1007 denuo
2490 956 2815 1025 reformavit,
2851 973 3019 1011 annon
3060 957 3220 1013 multo
3251 960 3415 1030 magis
3455 977 3548 1031 ego
3586 972 3761 1031 potem
3794 980 3887 1017 eos

2289 1043 2526 1114 delapsos
2557 1046 2825 1101 emendare
2851 1047 3082 1119 (lcrem.
3113 1049 3199 1106 18.
3229 1046 3320 1124 6)?
3348 1049 3531 1106 Potest
3555 1051 3716 1122 igitur
3740 1053 3888 1109 Deus

2287 1150 2391 1191 nos
2416 1137 2590 1192 luteos
2635 1152 2742 1193 non
2792 1137 2953 1194 modo
2999 1154 3095 1210 per
3139 1143 3411 1196 lavacrum
3457 1141 3888 1209 regenerationis

2286 1227 2608 1295 emendare,
2651 1229 2748 1284 sed
2783 1229 3011 1299 Spiritus
3053 1239 3273 1301 accepta
3314 1230 3545 1298 virtute,
3577 1232 3888 1302 iterumque
3993 1283 3998 1290 .

2290 1318 2470 1388 lapsos
2501 1334 2596 1388 per
2623 1319 2887 1376 sinceram
2912 1321 3280 1392 penitentiam
3303 1322 3356 1377 in
3373 1323 3652 1394 pristinum
3679 1333 3884 1379 statum

2286 1422 2556 1464 revocare.
2582 1407 2690 1465 Sed
2721 1425 2828 1466 non
2849 1420 3060 1482 tempus
3084 1420 3168 1468 est
3197 1428 3294 1468 vos
3317 1413 3386 1469 de
3405 1414 3715 1483 pmnitentia
3746 1415 3888 1470 allo.

2284 1499 2395 1568 qui,
2421 1499 2535 1560 imo
2565 1500 2738 1570 potius
2781 1501 2985 1557 utinam
3031 1503 3176 1559 nullo
3217 1519 3469 1574 umquam
3514 1512 3756 1574 tempore
3795 1506 3887 1561 bis

2287 1588 2540 1645 remediis
2566 1605 2701 1661 opus
2725 1591 3003 1660 habeatis,
3047 1594 3141 1649 sed
3177 1608 3393 1666 semper
3415 1611 3478 1651 ea
3508 1607 3717 1652 servata
3757 1597 3872 1668 pul-

2289 1676 2592 1734 chritudine
2618 1694 2820 1751 eosque
2843 1681 3127 1753 splendore
3141 1685 3584 1756 maneatis,quem
3615 1700 3758 1742 nunc
3780 1701 3881 1741 ac-

2282 1768 2492 1837 cepturi
2521 1770 2674 1826 estis.
2705 1771 2776 1828 Ut
2800 1772 2978 1842 itaque
3003 1773 3054 1828 in
3081 1787 3147 1829 eo
3175 1775 3438 1830 maneatis
3455 1788 3476 1840 ,‘
3499 1790 3596 1846 age
3613 1816 3630 1842 ,
3657 1775 3728 1832 de
3754 1777 3883 1832 vita:

2283 1860 2524 1917 instituto
2553 1878 2720 1934 pauca
2748 1864 2899 1920 vobis
2927 1865 3258 1922 disseramus
3283 1885 3297 1922 :
3324 1881 3447 1922 nam
3489 1867 3541 1922 in
3571 1866 3672 1924 hac
3709 1868 3883 1938 pala-

2283 1961 2395 2007 stra
2423 1952 2744 2009 athletarum
2775 1954 2954 2025 lapsus
2994 1956 3231 2026 periculo
3265 1966 3459 2012 vacant
3485 1975 3499 2011 :
3532 1972 3652 2013 cum
3683 1957 3880 2013 dome-

2283 2042 2434 2098 sticis
2461 2043 2605 2100 enim
2634 2043 2944 2113 decertant,
2968 2054 3024 2101 ct
3050 2047 3102 2100 in
3129 2054 3518 2118 praceptorum
3558 2046 3882 2117 corporibus

2282 2134 2458 2187 omnia
2486 2135 2827 2190 meditantur.
2849 2135 2984 2190 Cum
3011 2151 3138 2191 vero
3160 2122 3512 2191 certaminum
3547 2145 3758 2208 tempus
3779 2135 3876 2191 ad.

2281 2223 2510 2289 venerit,
2539 2238 2661 2278 cum
2691 2224 2926 2280 stadium
2954 2234 3198 2296 apertum
3229 2225 3410 2290 fuerit,
3437 2241 3558 2282 cum
3589 2241 3780 2284 omnes
3806 2228 3879 2282 ad

2281 2313 2643 2380 spectaculum
2681 2314 3023 2384 congregati,
3070 2314 3226 2371 sedes
3270 2330 3484 2371 sursum
3526 2318 3878 2386 occuparint,

2284 2409 2549 2470 prasente
2589 2404 2954 2473 agonotbeta:
2990 2415 3116 2460 tunc
3160 2419 3385 2461 necesse
3427 2416 3510 2461 est
3554 2416 3646 2461 aut
3686 2407 3879 2477 ignavo
3951 2431 3959 2436 -

2280 2501 2499 2562 agentes
2525 2492 2703 2562 dt-jici,
2731 2509 2795 2548 ac
2821 2508 2942 2549 cum
2969 2495 3253 2564 ignominia
3280 2495 3558 2553 discedere
3575 2538 3590 2561 .
3618 2507 3712 2553 aut
3731 2511 3876 2554 stre-

2283 2598 2388 2638 nue
2413 2591 2654 2654 agentes,
2685 2598 2914 2640 coronas
2936 2594 2991 2640 et
3015 2585 3200 2641 bravia
3224 2588 3519 2657 consequi;
3563 2589 3642 2644 sic
3673 2589 3730 2644 hi
3779 2590 3879 2644 tri-

2281 2674 2426 2744 ginta
2453 2673 2569 2730 dies
2594 2674 2746 2730 vobis
2771 2675 3033 2745 palmstra:
3051 2717 3067 2742 ,
3095 2677 3494 2748 gymnasiorum
3533 2687 3588 2734 ct
3613 2679 3880 2735 exercita-

2284 2764 2442 2819 tionis
2467 2765 2588 2821 loeo
2626 2776 2769 2821 sunt.
2792 2764 2910 2821 Jam
2952 2765 3076 2821 hinc
3109 2767 3380 2823 discamus
3405 2768 3689 2839 malignum
3721 2769 3876 2826 illum

2282 2855 2580 2916 daamonem
2611 2857 2822 2912 vincere
2853 2873 2868 2911 :
2898 2872 3021 2912 nam
3051 2868 3236 2912 contra
3263 2857 3411 2913 illum
3452 2868 3572 2928 post
3609 2859 3874 2928 baptisma

2284 2943 2336 2998 in
2362 2960 2580 3000 arenam
2611 2946 2936 3001 descendere
2959 2946 3235 3011 debemus,
3258 2957 3444 3004 contra
3465 2949 3614 3003 illum
3635 2965 3875 3021 pugnare

2284 3045 2338 3090 et
2363 3035 2660 3093 decertare.
2688 3037 2805 3093 .Iam
2835 3037 2958 3094 hinc
2983 3054 3112 3110 ergo
3140 3039 3360 3095 insidias
3391 3039 3508 3110 ejus
3536 3040 3873 3110 ediscamus,

2283 3127 2549 3183 undenam
2579 3130 2845 3202 malignus
2872 3131 2981 3198 sit,
3022 3131 3290 3187 undenam
3333 3130 3492 3189 facile
3531 3149 3632 3190 nos
3675 3135 3874 3192 lat-dere

2282 3221 2497 3293 poterit,
2526 3229 2584 3275 ut
2608 3222 2917 3278 certaminis
2959 3233 3200 3293 tempore
3242 3238 3348 3279 non
3392 3225 3687 3297 inexperti,
3718 3228 3874 3282 novis

2279 3311 2584 3381 conspectis
2627 3314 3007 3370 certaminibus
3051 3323 3370 3379 terreamur,
3412 3316 3508 3371 sed
3547 3315 3659 3387 jam
3701 3315 3873 3387 parati

2282 3403 2629 3474 meditatiquc
2647 3445 2663 3471 ,
2695 3405 2916 3474 ejusque
2944 3404 3164 3461 insidias
3190 3419 3378 3462 omnes
3404 3405 3578 3462 edocti
3598 3447 3614 3473 ,
3645 3406 3875 3465 fidenter

2282 3493 2572 3549 certamina
2597 3509 2719 3549 cum
2750 3495 2841 3550 illo
2869 3495 3143 3551 adeamus.
3541 3510 3544 3513 '

2358 3581 2570 3654 Lingua
2593 3594 2714 3656 quot
2742 3595 2789 3639 et
2817 3589 2992 3656 quanti
3022 3585 3219 3658 lapsus.
3249 3616 3320 3630 —
3343 3587 3587 3660 Undique
3613 3605 3742 3646 vero
3769 3608 3874 3647 no-

2258 3673 2367 3730 ‘bis
2394 3690 2592 3733 nocere
2619 3678 2777 3744 solet,
2806 3677 2900 3734 sed
2929 3679 2980 3734 is
3008 3679 3194 3746 primis
3222 3680 3400 3751 lingua
3438 3690 3495 3737 et
3520 3696 3635 3737 ore.
3657 3681 3874 3740 Nullum

2283 3766 2426 3822 enim
2460 3767 2535 3822 illi
2578 3768 2648 3822 ita
2678 3778 3037 3840 opportunum
3066 3783 3326 3842 organum
3369 3771 3437 3826 ad
3481 3771 3722 3827 fraudem
3755 3788 3879 3844 per-

2285 3856 2586 3928 niciemque
2617 3869 2876 3925 nostram,
2907 3870 2965 3913 ut
2998 3860 3363 3930 intemperans
3391 3860 3567 3929 lingua
3593 3870 3642 3915 et
3671 3875 3735 3916 os
3763 3877 3876 3917 non

2285 3948 2612 4004 obturatum.
2634 3950 2769 4005 Hinc
2791 3950 2946 4004 nobis
2971 3949 3150 4020 lapsus
3171 3950 3404 4019 plurimi,
3430 3949 3554 4005 hinc
3579 3951 3734 4006 nobis
3755 3967 3879 4022 gra-

2285 4038 2370 4092 via
2397 4039 2643 4094 crimina.
2671 4038 2840 4106 Quam
2869 4039 3024 4095 facile
3052 4039 3122 4094 sit
3147 4055 3243 4095 ore
3270 4039 3398 4107 labi,
3426 4039 3505 4096 sic
3535 4041 3752 4111 quidam
3778 4042 3878 4097 de-

2283 4131 2541 4185 claravit:
2575 4130 2629 4184 11
2636 4133 2728 4185 ulti
2750 4132 2971 4186 cecidere
2994 4132 3188 4203 gladio,
3217 4133 3307 4187 sed
3332 4149 3432 4186 non
3459 4143 3532 4186 tot
3559 4142 3677 4204 quot
3700 4134 3878 4206 lingua

2289 4220 2474 4292 (Eccli.
2505 4222 2594 4280 28.
2625 4223 2716 4294 22)
2749 4241 2764 4279 :
2796 4225 3019 4296 ipseque
3043 4240 3253 4279 rursum
3279 4240 3439 4295 quam
3465 4227 3646 4295 gravis
3671 4229 3741 4280 sit
3770 4228 3877 4281 hu-

2279 4312 2515 4383 jusmodi
2545 4316 2729 4386 lapsus
2758 4317 3012 4372 indicavit
3050 4317 3133 4372 his
3160 4317 3336 4375 verbis
3355 4359 3369 4382 ,
3396 4317 3596 4389 Lapsus
3631 4319 3695 4374 de
3727 4321 3880 4391 ρσυίτ

2285 4415 2453 4461 mento
2474 4409 2640 4478 potius
2658 4425 2810 4476 quam
2831 4409 3003 4479 lapsus
3025 4410 3088 4463 de
3108 4410 3282 4479 lingua
3307 4410 3327 4481 (
3349 4409 3510 4464 Eccli.
3533 4409 3624 4466 20.
3647 4410 3754 4482 20)
3777 4429 3791 4466 :
3823 4413 3878 4468 id

2284 4506 2371 4552 est
2389 4540 2402 4562 ,
2433 4498 2624 4554 melius
2663 4508 2747 4555 est
2776 4499 2880 4554 labi
2907 4501 3220 4570 conterique
3246 4515 3464 4571 corpus,
3499 4518 3658 4573 quam
3687 4503 3878 4574 hujus-

2285 4588 2429 4643 modi
2459 4589 2680 4645 verbum
2709 4590 2972 4660 proferre,
3001 4592 3143 4663 quod
3171 4592 3337 4661 possit
3362 4592 3596 4647 animam
3635 4604 3876 4651 nostram

2285 4680 2527 4749 perdere.
2551 4679 2733 4751 Neque
2761 4681 2944 4752 lapsus
2969 4689 3172 4736 tantum
3205 4690 3487 4749 memorat,
3512 4680 3606 4738 sed
3635 4683 3881 4740 hortatur

2285 4779 2344 4825 ut
2364 4786 2606 4841 magnam
2623 4772 3034 4828 sollicitudinem
3056 4788 3326 4844 geramus,
3352 4789 3422 4829 ne
3441 4775 3877 4847 supplantemur,

2286 4859 2369 4915 Itis
2389 4862 2584 4926 verbis,
2615 4860 2663 4914 Γ
2663 4879 2723 4916 ac
2743 4864 2819 4916 ori
2847 4871 2932 4916 tuo
2947 4863 3165 4934 januam
3180 4872 3226 4918 et
3248 4874 3406 4919 vectes
3423 4864 3609 4936 (Eccli.
3631 4865 3725 4924 28.
3745 4868 3877 4939 28);

2286 4961 2478 5025 nonut
2502 4966 2630 5005 vere
2653 4951 2845 5020 ianuas
2880 4962 2936 5008 et
2965 4962 3142 5009 vectes
3186 4968 3474 5023 paremus,
3519 4955 3613 5010 sed
3657 4967 3715 5011 ut
3753 4973 3879 5013 cum

2285 5057 2477 5113 magna
2526 5045 2734 5098 cautela
2784 5045 3028 5099 absurdis
3057 5047 3234 5101 verbis
3281 5046 3513 5117 linguam
3542 5049 3877 5106 elaudamus.

2283 5134 2623 5206 Rursumque
2650 5136 2776 5191 alibi
2803 5137 3089 5192 ostendens
3118 5152 3218 5194 nos
3245 5147 3300 5194 et
3325 5154 3447 5193 cum
3477 5140 3657 5195 studio
3690 5152 3879 5197 nostro

2288 5235 2343 5281 et
2386 5235 2511 5280 ante
2556 5225 2787 5281 studium
2829 5237 3070 5284 nostrum
3098 5244 3331 5299 superno
3363 5245 3524 5300 egere
3552 5232 3776 5286 auxilio-
3819 5244 3878 5287 ut

2285 5317 2424 5372 hanc
2451 5318 2615 5372 feram
2644 5318 2787 5372 intus
2809 5318 3212 5386 contineamus,
3240 5321 3306 5375 ad
3338 5322 3503 5376 Deum
3536 5339 3725 5378 manus
3755 5333 3878 5378 ten-

2285 5408 2422 5465 dens
2451 5409 2707 5479 propheta
2727 5391 2984 5466 .dicebat:
3011 5393 3244 5466 'Eleeatio
3271 5430 3513 5468 manuum
3538 5432 3764 5469 mearum
3791 5432 3876 5469 sa-

2292 5494 2551 5561 criﬁcium
2577 5495 2943 5560 tespcrtinum.
2970 5494 3131 5562 Pone,
3172 5495 3412 5559 Domine,
3455 5496 3748 5548 custodiam
3784 5495 3871 5549 ori

2292 5602 2424 5651 meo,
2455 5597 2505 5639 et
2534 5586 2721 5640 ostium
2751 5588 3160 5642 circumstantia
3185 5587 3337 5641 labiis
3376 5587 3504 5641 meis
3535 5585 3702 5652 (Psal.
3737 5586 3864 5641 140.

2289 5675 2344 5728 2.
2365 5675 2442 5743 3).
2473 5674 2540 5728 Et
2559 5676 2650 5746 qui
2677 5677 2828 5747 prius
2859 5677 3085 5741 monuit,
3109 5692 3322 5732 rursum
3349 5675 3454 5729 ait:
3479 5674 3603 5740 Quis
3621 5676 3765 5728 dabit
3782 5677 3867 5730 ori

2253 5844 2260 5848 1
2289 5781 2399 5820 meo
2426 5767 2736 5835 custodiam,
2771 5779 2818 5822 et
2845 5768 2995 5823 labiis
3020 5770 3144 5824 meis
3166 5767 3393 5838 stﬁltum
3416 5760 3647 5822 astutum
3671 5767 3860 5837 (Ereti.
