4190 6322
373 361 480 418 2'39

367 493 488 547 μου
502 474 797 544 σφραγῖδα
829 490 982 531 παιό
993 477 1201 548 ῦργονξ
1227 478 1390 550 Ὁρᾷς
1417 479 1648 532 ’ἑκαστον
1673 477 1948 531 δεδοικότα
1968 477 2036 530 τά

373 559 637 629 πτώματα
665 561 858 627 ταῦτα,
878 552 973 618 καὶ
1002 563 1302 635 θρηνοῦντα
1333 565 1427 618 καὶ
1462 556 1921 635 συμϐουλεύοντα,
1945 563 2042 616 καὶ

365 646 659 718 ..ύχόμενον
688 650 888 721 πολλῆς
907 649 1217 704 ἀπολαῦσαι
1240 651 1337 723 τὴν
1353 651 1600 720 γλῶτταν
1627 650 1873 721 φυλακῆς
1891 669 1905 716 ;
1929 651 2040 704 Καὶ

373 733 513 797 σίνος
538 733 746 800 ἐνεκεν,
787 738 971 806 φησὶν,
997 738 1046 789 εἰ
1074 737 1328 792 τοσοῦτον
1355 741 1484 810 ἡμῖν
1513 737 1669 809 φέρει
1701 737 1792 791 τὸν
1821 735 2042 808 ὀλεθρον

363 820 527 875 τοῦτο
546 822 607 874 τὸ
643 822 897 893 ὀργανον,
931 824 1191 898 ἐνέθηκεν
1221 827 1354 898 ἡμῖν
1387 825 1520 879 αύτδ
1551 825 1704 896 παρά
1735 825 1836 896 τὴν
1867 826 2043 897 ἀρχὴν

363 910 398 963 ὀ
421 909 554 973 Θεός
574 926 588 974 ;
610 910 732 964 Ὀτι
760 912 858 965 καὶ
886 911 1086 984 πολλὴν
1108 913 1223 984 ἔχει
1246 912 1346 981 τὴν
1365 911 1651 982 ὠφέλειαν·
1680 911 1782 966 κᾶν
1811 913 2044 967 σπουδά-

367 993 575 1072 ζωμεν,
591 996 862 1067 ὠφέλειαν
885 999 996 1070 ἔχει
1022 999 1202 1069 μόνον,
1224 998 1344 1052 ὀλεθ
1353 1015 1444 1069 ρον
1465 999 1522 1053 δέ
1544 999 1752 1055 οὐδένα.
1776 1001 1944 1077 ’Δκου
1953 1017 2042 1053 σον

366 1077 500 1146 γοῦν
526 1078 582 1132 τί
613 1095 780 1149 φησιν
823 1081 852 1133 6
898 1081 970 1133 τὰ
1001 1080 1242 1153 πρότερα
1293 1082 1480 1135 ἐκεῖνα
1523 1079 1715 1134 εἰπών·
1760 1079 1864 1134 Ἐν
1891 1081 2043 1150 χειρί

366 1167 637 1235 γλώττης
667 1166 818 1240 [σοι]
857 1168 968 1236 ζωὴ
1001 1171 1100 1223 καὶ
1127 1169 1402 1237 θάνατος.
1441 1171 1550 1224 Καὶ
1574 1171 1602 1222 ὀ
1630 1169 1864 1241 Χριστὸς
1896 1170 1954 1222 δέ
1973 1169 2044 1224 τὰ

369 1254 510 1308 αὐτὰ
527 1254 678 1324 δηλοῖ
704 1254 898 1324 λέγων·
933 1257 1068 1310 Ἀπὸ
1094 1256 1212 1310 τῶν
1238 1260 1438 1327 λόγων
1460 1275 1579 1312 σου
1606 1258 2042 1328 κατακριθήσῃ,

367 1341 468 1395 καί
499 1340 620 1395 άπὸ
643 1339 765 1396 τῶν
790 1344 987 1411 λόγων
1005 1359 1123 1398 σου
1146 1344 1539 1414 δικαιωθήσῃ.
1557 1344 1717 1416 Μέση
1744 1347 1852 1416 γὰρ
1883 1346 2047 1416 ἐστη-

369 1444 462 1480 κεν
486 1428 520 1498 ἠ
549 1427 773 1496 γλῶσσα
807 1432 907 1501 τῆς
938 1431 1074 1502 πρὸς
1103 1431 1340 1503 ἑκάτερα
1370 1433 1638 1503 χρήσεως·
1663 1434 1728 1487 σὺ
1761 1432 1950 1503 κύριος
1971 1428 2043 1488 εί.

370 1512 528 1576 οὕτω
569 1516 665 1577 καὶ
709 1516 772 1569 τὸ
803 1517 957 1587 ξίφος
992 1521 1168 1572 κεῖται
1205 1519 1395 1591 μέσον·
1437 1519 1542 1575 κᾶν
1595 1519 1695 1591 μὲν
1749 1520 1893 1575 κατὰ
1939 1521 2048 1576 τῶν

369 1599 647 1672 πολεμίων
675 1604 869 1676 χρήσῃ.
909 1607 1178 1677 σωτήριόν
1226 1624 1308 1660 σοι
1339 1607 1402 1660 τὸ
1438 1607 1674 1679 ὄργανον
1701 1607 1945 1678 γέγονεν’
1980 1609 2047 1663 ἂν

367 1688 426 1742 δὲ
460 1688 604 1743 κατά
657 1692 859 1746 σαυτοῦ
891 1694 992 1764 τὴν
1040 1694 1255 1766 πληγὴν
1301 1695 1542 1766 ώθήσῃς,
1587 1697 1688 1767 οὐχ
1740 1698 1772 1767 ἡ
1825 1697 2046 1768 σιδήρου

371 1773 554 1842 φύσις,
586 1778 702 1830 ἀλλ’
732 1780 762 1848 η
796 1781 860 1848 σὴ
892 1782 1205 1851 παρανομία
1238 1781 1447 1849 γίνεται
1479 1783 1579 1852 τῆς
1629 1784 1843 1854 σφαγῆς
1876 1785 2042 1838 αἰτία.

370 1861 526 1916 οὕτω
555 1864 648 1916 καὶ
680 1867 808 1937 περὶ
837 1868 935 1936 τῆς
967 1865 1213 1936 γλώττης
1237 1867 1605 1938 λογισώμεθα·
1641 1868 1793 1939 ξίφος
1821 1871 1972 1924 ἐστὶν
1989 1872 2048 1924 ἐν

373 1949 523 2020 μέσῳ
543 1943 814 2021 κείμενον·
846 1955 1114 2025 ἀκόνησον
1135 1950 1228 2009 οῦν
1257 1956 1425 2027 αὐτὴν
1456 1957 1594 2010 κατά
1615 1958 1715 2027 τῆς
1737 1957 1847 2014 τῶν
1868 1961 2050 2030 ἁμαρ-

367 2037 629 2107 τημάτων
676 2039 784 2093 τῶν
821 2041 929 2093 σῶν
959 2044 1300 2114 κατηγορίας
1320 2060 1334 2074 ο
1387 2043 1462 2115 μὴ
1494 2044 1637 2098 κατά
1685 2045 1920 2116 ἀδελφοῦ
1949 2046 2050 2118 τὴν

369 2124 585 2196 πληγὴν
610 2124 848 2198 ώθήσῃς.
877 2128 976 2180 Διὰ
1006 2128 1166 2182 τοῦτο
1193 2128 1369 2200 διπλῷ
1401 2131 1586 2201 τειχίῳ
1607 2133 1927 2204 περιέϐαλεν
1947 2135 2049 2188 αύο-

367 2212 467 2280 τὴν
493 2214 521 2263 ὀ
550 2212 684 2276 Θεὸς
703 2253 717 2274 ,
775 2213 853 2284 τῷ
885 2215 994 2268 τῶν
1041 2215 1269 2269 ὀδόντων
1298 2217 1680 2287 διαφράγματι
1720 2221 1813 2272 καὶ
1843 2222 1907 2292 τῇ
1939 2220 2049 2275 τῶν

367 2296 596 2366 χειλέων
629 2299 924 2370 περιϐολῇ,
981 2300 1067 2354 ἵνα
1117 2302 1189 2372 μὴ
1251 2301 1449 2373 ῥαδίως
1486 2303 1577 2355 καὶ
1623 2305 2050 2375 ἀπερισκέπτως

369 2384 578 2457 ἐκφέρῃ
603 2386 668 2440 τὰ
691 2388 912 2457 ῥήματα
942 2388 1008 2440 τὰ
1045 2388 1120 2458 μὴ
1146 2389 1512 2460 προσήκοντα.
1535 2391 1845 2445 Χαλίνωσον
1877 2394 2050 2464 αὐτὴν

366 2470 537 2526 ενδον.
587 2473 727 2526 Ἀλλ’
762 2475 861 2527 οὐκ
900 2476 1185 2546 ἀνέχεται;
1239 2477 1334 2529 καὶ
1376 2480 1714 2549 σωφρόνισον
1764 2479 1932 2551 αὐτὴν
1963 2480 2050 2534 διὰ

368 2558 478 2610 τῶν
515 2559 777 2637 ὀδόντων,
821 2560 1011 2632 ῶσπερ
1044 2562 1263 2632 δημίοις
1304 2562 1514 2627 τούτοις
1561 2565 1750 2628 ἐκδοὺς
1792 2568 1961 2637 αὐτῆς
1989 2567 2051 2619 τὸ

370 2645 551 2718 σῶμα,
583 2649 675 2709 καὶ
701 2631 930 2718 ποιήσας
946 2631 1152 2702 δακεῖν·
1172 2651 1269 2704 καὶ⁵
1292 2649 1402 2723 γὰρ
1430 2650 1637 2721 βέλτιον
1653 2653 1825 2724 αὐτὴν
1849 2631 2050 2724 δηχθῆ-

369 2749 458 2786 ναι
507 2737 620 2799 τοῖς
657 2735 837 2789 ὀδοῦσι
890 2735 986 2788 νῦν
1034 2739 1488 2808 ἁμαρτάνουσαν,
1537 2740 1570 2812 ἢ
1627 2741 1748 2795 τότε
1779 2741 2050 2813 ζητοῦσαν

371 2822 607 2890 σταγόνα
640 2823 832 2888 ὓδατος
861 2825 955 2878 καὶ
976 2827 1411 2898 τηγανιζομένην
1446 2828 1519 2898 μὴ
1546 2833 1728 2898 τυχεῖν
1759 2831 1858 2900 τῆς
1880 2847 2052 2902 παρα-

374 2909 591 2979 μυθίας.
629 2911 807 2964 Πολλὰ
841 2912 940 2982 μὲν
974 2909 1066 2965 οὖν
1093 2914 1190 2966 καὶ
1220 2914 1353 2968 ἄλλα
1383 2915 1720 2985 ἁμαρτάνειν
1754 2917 1910 2970 εἴωθε
1943 2918 2053 2972 λοι-

359 2983 635 3067 δοροῦσα,
687 2997 1120 3070 βλασφημοῦσα,
1176 3002 1380 3072 αἰσχρά
1425 2983 1730 3076 προϊεμένη
1790 3009 2048 3078 ῥήματα,

371 3085 805 3153 συκοφαντοῦσα,
839 3087 1135 3157 ὀμνύουσα,
1167 3088 1525 3158 ἐπιορκοῦσα.

442 3180 502 3225 ε’.
548 3173 688 3227 Ἀλλ’
719 3175 806 3228 ἵνα
841 3175 916 3246 μὴ
939 3177 1117 3230 πάντα
1145 3177 1341 3247 ἀθρόον
1371 3179 1613 3250 τήμερον
1646 3179 1776 3251 ὑμῖν
1800 3179 2053 3250 λέγοντες

376 3259 786 3329 καταχώσωμεν
812 3261 965 3331 ὑμῶν
985 3263 1083 3332 τὴν
1111 3262 1372 3327 διάνοιαν,
1392 3264 1488 3316 ἕνα
1505 3264 1643 3328 τέως
1670 3266 1893 3337 τίθεμεν
1921 3268 2050 3340 ύμῖν

371 3344 537 3412 νόμον
567 3345 659 3398 τὸν
691 3349 818 3416 περὶ
853 3349 952 3419 τῆς
986 3348 1095 3402 τῶν
1125 3350 1303 3421 ὅρκων
1335 3351 1607 3422 φυλακῆς,
1636 3354 1814 3407 ἐκεῖνο
1849 3356 2052 3427 προλέ-

370 3446 560 3498 γοντες
585 3434 682 3486 καὶ
705 3434 1137 3508 διαγορεύοντες,
1157 3438 1238 3490 ὅτι
1261 3439 1310 3490 εί
1335 3438 1410 3510 μὴ
1435 3439 1644 3510 φύγητε
1678 3441 1806 3504 τοὺς
1834 3442 2050 3512 ὅρκους,

370 3518 433 3570 ού
459 3517 605 3586 λέγω
635 3520 734 3583 τὰς
763 3522 1051 3591 ἐπιορκίας
1084 3511 1266 3594 μόνον,
1298 3523 1435 3578 ἀλλὰ
1462 3525 1704 3590 καὶτοὺς
1729 3528 1820 3581 ἐπὶ
1968 3531 2052 3585 δι-

371 3605 876 3692 καίῳγγιιομένους
914 3611 962 3662 εἰ
1013 3611 1087 3679 μὴ
1120 3611 1350 3682 φύγητε,
1397 3613 1498 3692 οὐκ
1556 3613 1635 3667 ἔτι
1683 3616 1810 3687 περὶ
1857 3617 2053 3690 ἐτέρας

371 3691 686 3756 ὑποθέσεως
716 3696 846 3764 ὑμῖν
874 3695 1252 3767 διαλεξόμεθα.
1278 3699 1388 3753 Καὶ
1422 3691 1530 3770 γάρ
1563 3701 1764 3755 ἄτοπον
1795 3705 1923 3768 τοὺς
1953 3706 2053 3775 μὲν

371 3778 480 3833 τῶν
509 3782 852 3850 γραμμάτων
880 3783 1236 3849 διδασκάλους
1270 3787 1344 3860 μὴ
1369 3786 1621 3865 δεύτερον
1661 3793 1774 3854 τοῖς
1819 3792 2054 3859 παιδίοις

369 3867 570 3920 διδόναι
606 3868 855 3940 μάθημα,
886 3871 992 3935 ἕως
1023 3871 1090 3925 ἂν
1115 3873 1178 3925 τὸ
1204 3875 1468 3945 πρότερον
1490 3874 1642 3929 ίδωσι
1665 3877 1847 3941 καλῶς
1874 3881 2055 3950 ἐμπα·

289 4014 293 4017 γ
370 3955 466 4023 γέν
490 3954 672 4010 αὐτῶν
700 3960 766 4028 τῇ
801 3959 1009 4032 μνήμην
1039 3961 1187 4030 ἡμᾶς
1213 3973 1239 4001 ι
1274 3961 1333 4016 δὲ
1360 3962 1429 4016 τά
1460 3963 1726 4036 πρότερον
1753 3965 2054 4040 μαθήματα

374 4044 449 4112 μὴ
503 4043 839 4116 δυναμένους
905 4046 1241 4115 ἀπαγγεῖλαι
1300 4050 1442 4117 μετά
1496 4051 1786 4122 ἀκριϐείας
1812 4091 1828 4116 ,
1889 4056 2054 4128 ἔτερα

370 4131 738 4201 προεμϐαλεῖν
767 4134 950 4188 πάλιν·
987 4136 1140 4188 οὐδὲν
1171 4136 1281 4207 γὰρ
1327 4136 1516 4210 ἕτερον
1549 4137 1728 4204 τοῦτο,
1769 4139 1886 4194 ἀλλ’
1914 4143 1947 4214 ἢ
1973 4146 2053 4208 εἰς

372 4218 527 4272 πίθον
553 4222 885 4292 τετρημένον
924 4223 1160 4278 ἀντλεῖν.
1198 4224 1317 4277 Ἵνα
1347 4221 1440 4280 οὖν
1472 4226 1622 4296 ήμῗᾶς
1660 4227 1735 4298 μὴ
1765 4231 2052 4302 ἐπιστομί-

374 4320 526 4375 σητε,
573 4306 775 4378 πολλὴν
817 4307 912 4361 τοῦ
967 4310 1292 4381 πράγματος
1328 4314 1627 4384 ποιήσασθε
1656 4316 1757 4387 τὴν
1791 4317 2050 4389 σπουδήν.

373 4391 484 4444 Καὶ
507 4392 616 4465 γὰρ
637 4394 872 4464 χαλεπὸν
903 4395 1058 4450 τοῦτό
1087 4399 1204 4450 ἐστι
1233 4397 1293 4450 τὸ
1339 4397 1664 4472 ἁμάρτημα,
1713 4403 1810 4456 καὶ
1841 4405 2052 4476 σφόδρα

372 4477 627 4547 χαλεπόν·
662 4480 866 4552 σφόδρα
895 4481 953 4536 δέ
981 4483 1376 4553 ἐστιχαλεπὸν,
1424 4485 1504 4538 ὃτι
1548 4489 1609 4541 οὑ
1647 4488 1794 4542 δοκεῖ
1817 4490 2051 4560 χαλεπὸν

373 4561 534 4632 εἶναι,
562 4567 656 4620 καὶ
696 4568 786 4622 διὰ
818 4569 976 4623 τοῦτο
1008 4571 1141 4624 αὐτὸ
1168 4571 1404 4634 δέδοικα,
1452 4573 1641 4646 ἐπειδὴ
1693 4576 1869 4641 οὐδεὶς
1917 4579 2051 4633 αὐτὸ

371 4653 600 4706 δέδοικε·
633 4654 723 4708 διὰ
753 4655 912 4709 τοῦτο
939 4657 1158 4711 ἀνίατόν
1185 4659 1302 4711 ἐστι
1330 4659 1389 4712 τὸ
1425 4659 1660 4730 νόσημα,
1699 4662 1885 4732 ἐπειδὴ
1929 4665 2052 4718 οὐδέ

372 4741 585 4811 νόσημα
607 4737 745 4796 εἶναι
773 4744 938 4801 δοκεῖ’
962 4745 1280 4817 ἀλλ’ῶσπερ
1301 4749 1361 4801 τὸ
1376 4748 1722 4816 διαλέγεσθαι
1750 4752 1936 4816 ἁπλῶς
1952 4755 2052 4807 ούκ

374 4829 520 4884 ἐστιν
544 4829 815 4901 ἔγκλημα,
849 4831 1025 4896 οὕτως
1073 4834 1193 4887 οὐδὲ
1238 4835 1396 4888 τοῦτο
1427 4837 1680 4908 ἔγκλημα
1707 4834 1847 4892 εἶναι
1873 4840 2048 4908 δοκεῖ,

373 4916 511 4970 ἀλλὰ
539 4917 676 4987 μετὰ
699 4920 896 4990 πολλῆς
923 4921 1236 4993 παρρησίας
1263 4924 1295 4993 ἡ
1325 4926 1648 4996 παρανομία·
1668 4925 1810 4998 αῦτη
1848 4928 2053 4999 τολμᾶ-

372 5020 481 5056 ταν
501 5005 602 5058 κᾶν
629 5006 898 5080 ἐγκαλέσῃ
918 5025 1021 5072 τις,
1039 5009 1240 5072 εὐθέως
1256 5012 1430 5078 γέλως
1451 5012 1643 5067 ἕπεται
1667 5015 1760 5068 καὶ
1785 5015 2049 5086 χλευασία

375 5091 567 5162 mm],
595 5093 715 5164 ούχὶ
738 5097 852 5158 τοῖς
898 5095 1323 5167 ἐγκαλουμένοις
1357 5100 1498 5170 ύπέρ
1541 5100 1650 5156 τῶν
1675 5103 1879 5172 ὅρκων,
1915 5103 2053 5160 ἀλλά

374 5183 486 5243 τοῖς
508 5180 800 5252 διορθῶσαι
828 5184 889 5243 τὸ
905 5183 1118 5255 νόσημα
1150 5185 1517 5257 βουλομένοις.
1537 5191 1636 5243 Διά
1659 5189 1819 5244 τοῦτο
1838 5191 2052 5265 ’μακρὸν

376 5268 517 5340 ὑπὲρ
543 5267 748 5352 τούτων
803 5272 1070 5326 ἀποτείνω
1122 5273 1215 5328 τὸν
1263 5273 1442 5344 λόγον·
1481 5274 1704 5346 βαθεῖαν
1749 5281 1857 5350 γάρ
1893 5281 2050 5352 ῥίζαν

373 5350 686 5410 ἀνασπάσαι
723 5357 1002 5430 βούλομαι,
1053 5363 1148 5416 καὶ
1171 5364 1387 5434 χρόνιον
1416 5364 1714 5433 ἀπαλεῖψαι
1745 5350 1936 5420 κακόνο
1986 5367 2047 5422 ού

373 5443 518 5511 λέγω
551 5446 650 5508 τὰς
683 5447 968 5518 ἐπιορκίας
1005 5451 1186 5520 μόνον,
1227 5452 1363 5507 άλλά
1413 5455 1509 5505 καὶ
1538 5454 1636 5517 τάς
1673 5456 1928 5525 εὐορκίας
1951 5458 2050 5510 αὑ-

374 5533 493 5596 τάς.
528 5532 669 5585 Ἀλλ’
699 5535 728 5586 ὀ
752 5534 919 5599 δεῖνα,
953 5539 1140 5608 φησὶν,
1171 5539 1460 5610 ἄνθρωπος
1486 5541 1757 5611 ἐπιεικὴς,
1783 5544 1863 5606 είς
1891 5544 2049 5615 ίερω-

375 5619 542 5690 εύνην
573 5619 763 5680 τελῶν,
796 5623 964 5695 πολλῇ
1007 5625 1329 5698 σωφροσύνῃ
1361 5627 1455 5679 καὶ
1506 5627 1761 5700 εὐλαϐείᾳ
1793 5629 1970 5694 συζῶν
1994 5632 2042 5686 1³.

373 5706 463 5788 Μή
499 5724 590 5778 μοι
614 5709 705 5763 τὸν
739 5712 954 5783 ἐπιεικῆ
982 5711 1172 5766 τοῦτον
1193 5714 1372 5785 εἴπῃς,
1405 5715 1495 5767 τὸν
1528 5714 1804 5788 σώφρονα,
1839 5717 1929 5772 τὸν
1954 5720 2043 5772 εύ-

373 5787 531 5866 λαϐῇ,
587 5797 678 5850 τὸν
721 5799 802 5862 είς
836 5799 1134 5871 ἱερωσύνην
1171 5799 1447 5857 τελοῦντα·
1477 5802 1615 5873 ἀλλ’,
1652 5787 1700 5857 εἰ
1727 5803 1925 5878 βούλει,
1952 5807 2042 5873 θὲς

437 5909 467 5977 _‘
490 5911 637 5977 Sam.
663 5917 799 5977 ὑμᾶς.

441 5974 466 6010 δ
488 5975 577 6024 Hic
599 5974 775 6028 deche
809 5980 1006 6032 verbum
1035 5982 1221 6046 ὀμνύειν
1252 5985 1392 6035 notat
1413 5982 1563 6035 Savil.
1591 5979 1732 6040 Em.

1147 363 1204 419 S.
1247 362 1530 420 JOANNIS
1567 358 2060 420 οιιιιγεοδτοιιι
2098 357 2420 416 ARCHIEP.
2459 349 3010 412 CONSTANTINOP.

3716 342 3828 400 Ξ.πο

2149 475 2355 545 Πέτρον
2389 468 2527 526 εἶναι
2561 470 2746 526 τοῦτον
2779 468 2811 540 ἦ
2845 461 3138 534 Παῦλον,ἦ
3181 463 3274 518 καὶ
3312 459 3544 530 ἄγγελον
3571 459 3631 525 ἐξ
3658 459 3833 530 ούρα-

2148 561 2239 614 νοῦ
2265 559 2414 633 [255]
2438 557 2768 614 καταϐάντα·
2797 555 2916 609 οὐδὲ
2941 553 3050 625 γάρ
3065 552 3238 614 οὕτως
3266 548 3666 621 ἐπιστρέφομαι
3687 546 3834 620 πρὸς

2147 646 2244 718 τὴν
2270 645 2427 710 ἀξίαν
2453 644 2562 698 τῶν
2616 641 2946 716 προσώπων.
2980 639 3165 710 Νόμον
3223 638 3332 709 γὰρ
3382 637 3502 708 ούχὶ
3552 634 3830 700 δουλικὸν,

2147 734 2285 789 ἀλλὰ
2328 732 2604 803 βασιλικὸν
2636 728 2998 800 ἀναγινώσκω
3031 726 3143 797 ἐγὼ
3165 726 3260 780 τδν
3283 725 3414 797 περὶ
3460 723 3569 778 τῶν
3607 723 3789 794 ὅρκων
3813 737 3828 752 ο

2148 823 2276 876 ὅταν
2291 821 2348 875 δὲ
2370 819 2630 891 βασιλέως
2652 817 3097 889 ἀναγινώσκηται
3117 815 3448 887 γράμματα,
3466 813 3610 867 ἀπαν
3637 811 3699 864 τὸ
3715 808 3832 863 τῶν

2149 909 2355 963 δούλων
2379 909 2597 979 ἀξίωμα
2629 905 2974 978 ἡσυχαζέτω.
3013 903 3114 957 Ἂν
3165 901 3266 973 μὲν
3309 901 3419 974 γὰρ
3453 900 3582 972 εχῃς
3626 900 3827 962 εἰπεῖν,

2149 998 2231 1051 ὃτι
2260 999 2289 1050 ὀ
2321 995 2552 1068 Χριστὸς
2593 993 2822 1065 ὀμνύναι
2871 991 3179 1054 ἐκέλευσεν,
3224 989 3259 1060 ἢ
3301 989 3384 1043 ὅτι
3428 991 3457 1042 ὀ
3503 987 3739 1060 Χριστὸς
3766 987 3832 1042 οὐ

2150 1083 2370 1149 κολάζει
2391 1083 2549 1138 τοῦτο
2570 1082 2879 1151 γινόμενον,
2895 1077 3067 1144 δεῖξον
3093 1078 3189 1132 καὶ
3213 1075 3496 1146 πείθομαι·
3523 1076 3572 1128 εί
3604 1074 3663 1128 δέ
3689 1074 3833 1146 μετά

2149 1172 2420 1243 τοσαύτης
2466 1169 2723 1241 ἀπείργει
2773 1167 3032 1238 σπουδῆς,
3068 1167 3164 1220 καὶ
3215 1165 3484 1236 τοσαύτην
3541 1164 3687 1235 ὑπὲρ
3730 1161 3831 1216 τοῦ

2153 1260 2480 1331 πράγματος
2532 1260 2768 1312 ποιεῖται
2810 1255 3090 1327 πρόνοιαν,
3138 1254 3214 1318 ὡς
3256 1255 3396 1325 μετά
3435 1251 3530 1306 τοῦ
3578 1249 3832 1322 Πονηροῦ

2153 1348 2348 1418 στῆσαι
2381 1347 2472 1400 τὸν
2520 1345 2792 1417 ὀμνύοντα
2822 1344 2930 1416 ,(Τὸ
2967 1343 3079 1412 γὰρ
3117 1340 3418 1410 περισσὸν
3454 1341 3703 1404 τούτων,
3733 1335 3835 1392 τοῦ

2150 1435 2274 1499 ναί,
2303 1435 2397 1489 καὶ
2424 1432 2516 1487 τοῦ
2540 1431 2635 1496 οὓ,
2673 1431 2860 1503 φησὶν,
2893 1430 2963 1485 ἐκ
2995 1428 3100 1483 τοῦ
3131 1429 3418 1483 διαϐόλου
3436 1427 3619 1495 ἐστὶ),
3654 1426 3708 1480 τί
3738 1441 3836 1498 μοι

2151 1522 2245 1576 τὸν
2279 1520 2424 1574 δεῖνα
2455 1520 2550 1574 καὶ
2584 1519 2675 1572 τὸν
2720 1519 2870 1572 δεῖνα
2909 1515 3211 1588 προσάγεις
3243 1513 3327 1577 είς
3369 1512 3567 1584 μέσως
3597 1513 3672 1568 Οὐ
3721 1513 3838 1583 γάρ

2153 1609 2263 1663 ἀπὸ
2289 1608 2388 1679 τῆς
2413 1606 2688 1679 ῥᾳθυμίας
2717 1605 2826 1659 τῶν
2862 1603 3165 1658 συνδούλων
3197 1601 3334 1655 οἴσει
3366 1618 3448 1654 σοι
3470 1601 3568 1672 τὴν
3601 1600 3786 1673 ψῆφον
3805 1603 3839 1657 ὀ

2152 1697 2286 1760 Θεδς
2309 1695 2536 1764 ταύτην,
2576 1695 2690 1750 ἀλλ’
2718 1693 2827 1747 ἀπὸ
2861 1693 2962 1762 τῆς
2995 1690 3266 1760 ἐπιταγῆς
3287 1689 3396 1743 τῶν
3423 1687 3592 1743 αὑτοῦ
3625 1688 3835 1759 νόμων.

2154 1783 2438 1849 Ἐπέταξε,
2458 1783 2642 1853 φησὶν,
2656 1780 3084 1851 έδειπεισθῆναι,
3102 1780 3198 1853 καὶ
3219 1777 3294 1849 μὴ
3317 1777 3410 1831 τὸν
3426 1777 3575 1831 δεῖνα
3591 1775 3841 1848 προϐάλ-

2153 1869 2365 1934 λεσθαι,
2386 1869 2522 1940 μηδέ
2539 1869 2796 1940 ἀλλότρια
2818 1864 3278 1937 περιεργάζεσθαι
3305 1863 3472 1918 κακά.
3508 1863 3665 1916 Ἐπεὶ
3680 1863 3712 1915 ὀ
3741 1861 3842 1932 μέο

2155 1973 2258 2026 γας
2278 1955 2441 2011 Δαυῒδ
2458 1957 2704 2027 ἥμαρτεν
2720 1954 2996 2026 ἁμαρτίαν
3015 1952 3278 2024 χαλεπήν·
3298 1947 3408 2022 ἄρα
3431 1944 3524 2004 οῦν
3551 1949 3842 2004 ἀκίνδυνον

2155 2048 2289 2118 ἡμῖν
2309 2045 2398 2100 διὰ
2423 2045 2585 2098 τοῦτο
2604 2045 2666 2097 τὸ
2689 2043 3052 2114 ἁμαρτάνειν,
3086 2040 3211 2094 εἰπέ
3251 2055 3377 2109 μοι;
3411 2037 3510 2093 Διά
3541 2035 3704 2090 τοῦτο
3737 2036 3842 2108 μὲν

2155 2130 2250 2188 οῦν
2284 2131 2444 2206 τοῦτο
2471 2129 2871 2201 ἀσφαλίζεσθαι
2915 2131 3046 2200 χρὴ,
3079 2127 3175 2182 καὶ
3195 2127 3264 2181 τὰ
3297 2125 3703 2198 κατορθώματα
3728 2123 3844 2179 τῶν

2155 2219 2326 2289 ἁγίων
2354 2220 2514 2291 μόνον
2541 2216 2760 2290 ζηλοῦνο
2794 2218 2844 2270 εί
2864 2217 2920 2270 δέ
2953 2233 3056 2269 που
3084 2215 3327 2288 ῥᾳθυμία
3349 2215 3445 2269 καὶ
3465 2215 3633 2285 νόμου
3659 2215 3846 2287 παρά-

2157 2307 2336 2371 ϐασις,
2371 2305 2509 2378 μετά
2559 2305 2767 2374 πολλῆς
2812 2304 3146 2375 ἀποφεύγειν
3190 2303 3297 2376 χρὴ
3338 2303 3440 2374 τῆς
3473 2303 3731 2374 σπουδῆς.
3763 2305 3841 2358 Ού

2155 2396 2266 2466 γάρ
2294 2395 2431 2466 πρὸς
2451 2393 2577 2458 τοὺς
2603 2392 2922 2456 συνδούλους
2947 2394 3102 2463 ἡμῖν,
3123 2392 3258 2445 ἀλλά
3285 2391 3422 2462 πρὸς
3453 2391 3545 2444 τὸν
3561 2391 3843 2462 Δεσπότην

2156 2482 2185 2532 ὁ
2213 2478 2369 2547 λόγος
2397 2475 2644 2540 ἐστὶ,καὶ
2669 2475 2847 2546 τούτῳ
2868 2476 2968 2538 τὰς
2990 2475 3219 2538 εὐθύνας
3241 2473 3484 2544 δώσομεν
3514 2473 3624 2527 τῶν
3645 2473 3844 2543 βεϐιω-

2160 2567 2340 2637 μένων
2374 2565 2652 2618 ἀπάντων.
2690 2563 2834 2635 Πρῂ
2863 2565 3040 2616 ἐκεῖνο
3065 2561 3245 2616 τοίνυν
3276 2560 3844 2634 παρασκευαζώμεθα

2155 2653 2218 2707 τὸ
2237 2653 2608 2723 δικαστήριονο
2635 2650 2741 2705 κᾶν
2772 2650 2881 2721 γὰρ
2916 2648 3180 2721 μυριάκις
3217 2649 3530 2720 θαυμαστὸς
3626 2647 3720 2700 καὶ
3745 2647 3844 2717 μέ-

2156 2758 2260 2810 γας
2293 2741 2434 2810 όιτδν
2455 2740 2622 2811 νόμον
2651 2737 3010 2810 παραϐαίνων
3051 2737 3266 2798 τοῦτον,
3296 2736 3456 2790 δώσει
3495 2740 3716 2800 πάντως
3738 2735 3843 2806 τὴν

2158 2830 2251 2882 ἐπὶ
2276 2830 2342 2899 τῇ
2370 2827 2682 2899 παραϐάσει
2710 2825 2971 2897 κειμένην
2997 2824 3288 2895 τιμωρίαν·
3319 2825 3376 2877 ού
3403 2824 3512 2894 γάρ
3537 2826 3653 2878 ἐστι
3677 2841 3846 2896 προσ-

2158 2915 2492 2985 ωπολήπτης
2511 2915 2540 2967 ὀ
2570 2913 2726 2977 θεός.
2746 2912 2870 2976 Πῶς
2888 2908 2980 2966 οῦν
3011 2911 3129 2964 ἔστι
3160 2910 3257 2964 καὶ
3290 2909 3396 2964 τίνι
3427 2910 3616 2982 τρόπῳ
3644 2909 3838 2979 φυγεῖν

2157 3003 2220 3057 τὸ
2253 3005 2593 3074 άμάρτημα;
2636 3001 2698 3054 ού
2730 2999 2840 3072 γὰρ
2887 2999 2953 3071 δὴ
3001 2999 3161 3070 μόνον
3206 2998 3269 3051 τὸ
3320 2999 3573 3068 ἔγκλημα
3603 2997 3842 3069 χαλεπὸν

2158 3091 2266 3163 χρὴ
2296 3091 2487 3157 δεῖξαι,
2518 3087 2655 3142 ἀλλὰ
2683 3087 2778 3141 καὶ
2833 3087 2983 3151 ὅπως
3013 3085 3080 3140 ἂν
3111 3084 3559 3156 ἀπαλλαγείημεν
3599 3085 3843 3155 συμϐου-

2157 3179 2369 3233 λεῦσαι.
2416 3180 2605 3250 Ἔχεις
2636 3178 2898 3246 γυναῖκα,
2951 3167 3115 3245 ἔχεις
3152 3174 3398 3245 οἰκέτην,
3451 3173 3596 3244 ἔχεις
3627 3172 3835 3249 παιδία,

2159 3268 2254 3321 καὶ
2279 3267 2456 3337 φίλον,
2476 3267 2573 3319 καὶ
2609 3263 2873 3335 συγγενῆ,
2895 3263 2994 3317 καὶ
3014 3263 3235 3331 γείτονα
3256 3278 3272 3327 ;
3327 3262 3464 3315 πᾶσι
3489 3261 3706 3324 τούτοις
3741 3261 3842 3332 τὴν

2159 3355 2252 3409 ἐπὶ
2281 3353 2486 3409 τούτων
2531 3352 2826 3423 ἐπίτρεψον
2874 3350 3149 3420 φυλακην.
3201 3349 3510 3420 Χαλεπόνή
3545 3347 3842 3421 συνήθεια,

2159 3443 2253 3497 καὶ
2283 3441 2454 3496 δεινὸν
2487 3438 2842 3493 ὑποσκελίσαι
2862 3478 2877 3503 ,
2925 3438 3019 3491 καὶ
3068 3437 3464 3507 δυσφύλακτον,
3489 3437 3583 3490 καὶ
3607 3437 3846 3502 ἄκοντας

2159 3531 2309 3601 ἡμᾶς
2353 3528 2614 3591 πολλάκις
2678 3527 2774 3579 καὶ
2830 3525 2932 3577 οὐκ
2993 3523 3204 3586 εἰδότας
3271 3523 3562 3594 ἐμϐάλλει;
3627 3522 3843 3577 Οὐκοῦν

2159 3617 2268 3686 ὅσῳ
2317 3615 2415 3686 τῆς
2480 3611 2768 3684 συνηθείας
2815 3607 2961 3674 οἶδας
3008 3609 3110 3681 τὴν
3149 3609 3402 3679 δύναμιν,
3451 3610 3692 3680 τοσούτῳ
3740 3604 3843 3676 τῆς

2164 3706 2262 3776 μὲν
2315 3705 2558 3775 πονηρᾶς
2608 3699 2896 3771 συνηθείας
2925 3698 3307 3769 ἀπαλλαγῆναι
3348 3698 3671 3760 σπούδασον,
3705 3697 3844 3769 πρὸς

2158 3791 2214 3845 δὲ
2247 3790 2344 3864 τὴν
2405 3790 2602 3862 ἑτέραν
2642 3789 2743 3858 τὴν
2797 3785 3227 3859 χρησιμωτάτην
3286 3784 3512 3839 σεαυτὴν
3575 3784 3846 3855 μετάστη-

2162 3877 2464 3935 σον.⁹Ὠσπε
2475 3893 2505 3949 ρ
2533 3875 2644 3947 γὰρ
2676 3873 2772 3928 νῦν
2806 3872 3183 3936 σπουδάζοντά
3212 3889 3272 3926 σε
3306 3873 3403 3926 καὶ
3435 3872 3846 3944 φυλαττόμενον

2159 3965 2252 4018 καὶ
2330 3961 2682 4034 μεριμνῶντα
2737 3961 2834 4015 καὶ
2899 3958 3256 4031 φροντίζοντα
3320 3959 3509 4030 ἴσχυσε
3578 3959 3846 4024 πολλάκις

2159 4049 2515 4104 ὑποσκελίσαι
2557 4048 2776 4121 ἐκείνη,
2816 4046 2990 4112 οὕτως
3022 4046 3088 4101 ἂν
3133 4049 3213 4111 εἰς
3258 4045 3354 4118 τὴν
3393 4046 3608 4119 ἀγαθὴν
3643 4047 3844 4103 σαυτὸν

2160 4137 2449 4209 συνήθειαν
2484 4137 2833 4210 μεταστήσῃς
2860 4136 2960 4207 τὴν
2999 4132 3092 4188 τοῦ
3131 4134 3206 4205 μὴ
3236 4132 3489 4204 ὀμνύναι,
3517 4133 3639 4187 οὐδὲ
3667 4133 3837 4200 ἄκων,

2160 4225 2278 4279 ούδέ
2323 4223 2582 4297 ῥᾳθυμῶν
2614 4224 2876 4293 ἐμπεσεῖν
2920 4221 3123 4292 δυνήσῃ
3168 4220 3302 4273 ποτὲ
3337 4219 3475 4292 πρὸς
3514 4221 3583 4273 τά
3610 4219 3722 4274 τῶν
3751 4221 3851 4294 ὄρ-

2161 4329 2271 4366 κων
2301 4311 2597 4383 πτώματα·
2637 4309 2779 4381 μέγα
2815 4308 2924 4379 γὰρ
2951 4307 3118 4370 ὅντως
3159 4306 3454 4380 συνήθεια,
3497 4308 3591 4360 καὶ
3623 4307 3842 4376 φύσεως
3885 4312 3898 4322 ⁸

2160 4398 2271 4469 ἔχει
2315 4397 2566 4466 δύναμιν.
2591 4396 2690 4449 'lv‘
2733 4391 2829 4449 οῦν
2871 4393 2946 4466 μὴ
2998 4393 3253 4464 πονῶμεν
3297 4391 3562 4463 συνεχῶς,
3610 4395 3842 4460 ἑαυτοὺς

2159 4488 2236 4549 εἰς
2276 4483 2564 4557 συνήθειαν
2611 4483 3042 4554 μεταστήσωμεν
3070 4481 3286 4552 ἑτέραν,
3328 4479 3422 4534 καὶ
3460 4480 3693 4534 ἕκαστον
3731 4481 3843 4536 τῶν

2161 4591 2242 4627 σοι
2291 4571 2694 4642 συγγινομένων
2740 4569 2836 4623 καὶ
2887 4570 3158 4622 συνόντων
3205 4566 3415 4639 ταύτην
3465 4567 3691 4638 αῖτησαι
3740 4568 3843 4641 τὴν

2157 4661 2341 4732 χάριν,
2381 4660 2469 4713 ἵνα
2501 4647 2846 4729 συμϐουλεύῃ
2881 4657 2975 4710 καὶ
3010 4657 3252 4727 παραινῇ
3300 4653 3526 4724 φεύγειν
3569 4656 3700 4722 τοὺς
3742 4658 3808 4730 ὄρ

2159 4766 2311 4812 κους,
2350 4747 2446 4802 καὶ
2486 4746 2846 4816 ἁλισκόμενον
2876 4744 3096 4816 ἐλέγχῃ.
3131 4743 3197 4797 Ἦ
3233 4742 3343 4816 γάρ
3372 4744 3503 4814 παρ’
3537 4743 3722 4798 αὐτῶν
3759 4747 3843 4811 είς

2161 4837 2219 4889 σὲ
2250 4835 2511 4905 γινομένη
2557 4833 2772 4903 φυλακὴ
2805 4833 2899 4886 καὶ
2931 4833 3117 4896 αὐτοῖς
3153 4833 3270 4884 ἐστι
3301 4831 3582 4902 συμϐουλὴ
3615 4833 3711 4886 καὶ
3742 4851 3842 4888 πα-

2163 4923 2401 4994 ραίνεσις
2445 4919 2538 4974 τοῦ
2587 4917 3032 4991 κατορθώματος.
3093 4918 3151 4972 Ὀ
3202 4915 3315 4989 γὰρ
3363 4917 3635 4985 ἐγκαλῶν,
3663 4919 3842 4992 ἑτέρῳ

2158 5011 2286 5080 περὶ
2328 5009 2529 5081 ὅρκων,
2573 5007 2634 5059 ού
2679 5006 2879 5078 ῥᾳδίως
2925 5006 3086 5070 αὐτὸς
3130 5007 3211 5069 είς
3243 5005 3304 5058 τὸ
3345 5004 3622 5077 βάραθρον
3659 5007 3841 5077 ἐμπε-

2160 5099 2332 5150 σεῖται
2358 5094 2548 5149 τοῦτο·
2586 5093 2858 5165 βάραθρον
2892 5093 3000 5165 γὰρ
3033 5093 3094 5146 οὐ
3131 5092 3194 5146 τὸ
3233 5093 3398 5164 τυχὸν
3434 5096 3467 5164 ἡ
3505 5093 3836 5166 πολυορκία,

2157 5184 2255 5254 οὐχ
2295 5185 2426 5236 ὅταν
2475 5181 2604 5252 περὶ
2646 5180 2756 5233 τῶν
2804 5179 3102 5252 ἐλαχίστων
3153 5181 3334 5251 μόνον,
3385 5180 3523 5234 ἀλλά
3572 5181 3668 5234 καὶ
3704 5183 3837 5237 ὅταν

2158 5271 2287 5342 περὶ
2321 5269 2596 5340 μεγίστων
2629 5267 2847 5337 γίνηται
2890 5269 3252 5340 πραγμάτων.
3289 5268 3483 5338 Ἡμεῖς
3516 5267 3575 5320 δὲ
3615 5267 3711 5321 καὶ
3739 5267 3836 5322 λά-

2157 5374 2294 5428 χανα
2325 5355 2629 5426 ὠνούμενοι
2678 5356 2776 5408 καὶ
2805 5356 2943 5426 ὑπὲρ
2974 5353 3180 5407 ὀϐολῶν
3219 5353 3314 5407 δύο
3365 5351 3833 5423 φιλονεικοῦντες,

2157 5447 2251 5500 καὶ
2299 5444 2435 5516 πρὸς
2471 5443 2690 5506 οἰκέτας
2753 5443 3096 5513 ὀργιζόμενοι
3157 5441 3252 5495 καὶ
3303 5439 3692 5506 ἀπειλοῦντες,
3741 5444 3834 5497 τὸν

2154 5533 2287 5588 Θεὸν
2318 5532 2596 5603 πανταχοῦ
2625 5531 2898 5601 καλοῦμεν
2938 5530 3223 5602 μάρτυρα·
3255 5530 3350 5583 καὶ
3401 5529 3693 5599 ἄνθρωπον
3733 5531 3835 5602 μὲν

2155 5620 2463 5692 ἐλεύθερον,
2501 5621 2656 5686 ἀξίας
2683 5619 2832 5682 τινὸς
2877 5619 3216 5690 μετασχόντα
3248 5616 3401 5689 [25η
3440 5617 3605 5689 ψιλῆς
3633 5618 3734 5672 οὐκ
3766 5619 3836 5676 ἂν

2153 5709 2460 5779 ἐτόλμησας
2491 5709 2630 5780 ὑπὲρ
2651 5705 2907 5760 τοιούτων
2936 5707 3162 5759 καλέσαι
3193 5706 3449 5777 μάρτυρα
3479 5706 3568 5758 ἐπ’
3601 5705 3833 5776 ἀγορᾶς,

2153 5795 2291 5851 ἀλλά
2336 5797 2442 5850 κᾶν
2474 5796 2860 5867 ἐπιχειρήσῃς,
2891 5793 3048 5864 δίκην
3092 5792 3281 5856 δώσεις
3319 5793 3420 5864 τῆς
3459 5792 3673 5866 ὕϐρεως
3694 5811 3707 5824 ·
3739 5795 3834 5848 τὸν

2157 5885 2214 5939 δὲ
2255 5884 2364 5938 τῶν
2396 5883 2646 5955 ούρανῶν
2679 5881 2924 5951 βασιλέα,
2958 5881 3050 5935 τὸν
3090 5881 3198 5934 τῶν
3242 5879 3493 5949 ἀγγέλων
3531 5881 3829 5953 Δεσπότην,

2161 5958 2256 6030 κάξ
2307 5975 2435 6046 περῖ
2485 5972 2680 6042 ὠνίων,
2727 5970 2823 6025 καὶ
2877 5971 3000 6044 περὶ
3043 5971 3361 6044 χρημάτων,
3407 5971 3500 6040 καὶ
3549 5969 3677 6043 περὶ
3723 5969 3835 6025 τῶν
