4190 6322
312 360 418 415 229

309 474 398 527 22.
426 473 517 540 55)
538 472 561 526 ἲ
582 470 771 526 Viden’
798 468 1039 541 singulos
1069 466 1379 539 hujusmodi
1408 466 1593 537 lapsus
1618 465 1892 528 timentes,

315 563 579 631 lugentes,
608 558 828 614 consilia
854 557 1064 623 dantes,
1093 554 1395 627 precantes,
1419 566 1478 610 ut
1498 555 1637 610 circa
1665 554 1896 624 linguam

314 666 502 720 magna
532 649 739 704 cautela
766 647 1119 702 adhibeatur?
1147 649 1217 700 At
1241 662 1355 711 cur,
1381 647 1607 715 inquies,
1634 645 1677 699 si
1700 654 1900 699 tantam

315 742 470 797 nobis
496 739 786 811 perniciem
815 738 915 793 hoc
935 739 1346 793 instrumentum
1370 737 1576 801 afferat,
1605 740 1776 805 ipsum
1805 752 1901 790 no-

316 832 395 886 bis
438 847 468 882 a
516 829 777 899 principio
821 827 1011 882 indidit
1062 827 1235 883 Deus?
1279 828 1411 894 Quia
1450 841 1695 896 magnam
1742 826 1902 879 etiam

313 921 471 976 affert
497 920 804 987 utilitatem,
833 929 886 975 et
916 920 960 973 si
985 932 1266 973 caveamus
1286 960 1301 985 ,
1338 917 1617 972 utilitatem
1662 925 1865 970 tantum
1886 954 1901 980 ,

312 1011 607 1080 perniciem
640 1024 772 1064 vero
802 1010 1004 1064 nullam
1032 1009 1207 1063 affert.
1237 1008 1373 1063 Audi
1411 1008 1554 1064 enim
1593 1006 1720 1077 quid
1764 1008 1909 1062 dicat

313 1119 381 1164 ts,
412 1103 503 1171 qui
534 1103 680 1171 prius
710 1102 798 1155 illa
824 1102 1066 1156 dixerat:
1093 1099 1157 1153 In
1181 1117 1334 1154 manu
1360 1101 1547 1175 lingua:
1574 1100 1675 1153 vita
1696 1108 1740 1152 et
1771 1114 1908 1153 mors

318 1190 500 1263 (Prov.
531 1192 619 1247 18.
641 1191 757 1262 21).
792 1192 1097 1261 Eademque
1138 1192 1250 1260 ipsa
1284 1190 1531 1245 Christus
1554 1189 1788 1244 declarat
1826 1188 1910 1243 bis

318 1284 521 1349 verbis,
537 1282 933 1338 Desernwuibus
946 1285 1044 1337 tuis
1058 1283 1484 1348 condemnaberis,
1500 1292 1646 1352 atque
1657 1280 1721 1334 de
1730 1297 1912 1336 sermo-

315 1374 465 1427 nibus
492 1373 591 1427 tuis
610 1374 974 1443 justiﬁcaberis
1000 1372 1018 1442 (
1034 1371 1218 1425 Matth.
1254 1373 1343 1425 12.
1371 1372 1438 1426 57
1458 1372 1498 1443 ).
1524 1371 1693 1425 Media
1715 1370 1912 1440 quippe

316 1475 421 1520 stat
448 1465 629 1535 lingua
655 1466 795 1519 inter
825 1475 1108 1536 utrumque
1134 1480 1319 1529 usum;
1350 1473 1405 1519 tu
1443 1464 1689 1520 dominus
1723 1479 1803 1521 es.
1835 1464 1912 1518 lta

316 1566 373 1611 et
397 1555 605 1626 gladius
624 1556 769 1625 jacet
793 1556 1034 1621 medius;
1059 1559 1104 1611 si
1134 1556 1223 1610 illo
1245 1566 1429 1611 contra
1453 1555 1699 1610 inimicos
1724 1556 1908 1619 utaris,

318 1647 558 1702 salutare
588 1645 681 1699 tibi
712 1647 1125 1700 instrumentum
1154 1645 1416 1712 efficitur;
1440 1646 1522 1700 sin
1552 1645 1643 1701 tibi
1670 1644 1771 1714 ipsi
1799 1645 1917 1698 vul-

320 1734 423 1792 nus
450 1736 681 1806 inﬂigas,
716 1752 822 1791 non
853 1737 982 1792 ferri
1003 1746 1212 1802 natura,
1240 1736 1335 1791 sed
1366 1736 1619 1806 iniquitas
1640 1743 1728 1790 tua
1755 1735 1917 1791 caedis

320 1844 483 1885 causa
509 1838 611 1884 est.
636 1828 710 1883 Ita
738 1838 792 1883 et
817 1828 882 1883 de
909 1828 1088 1899 lingua
1114 1828 1412 1898 cogitemus
1449 1844 1464 1881 :
1501 1826 1709 1897 gladius
1742 1835 1825 1881 est
1862 1827 1915 1881 in

321 1920 502 1976 medio
525 1922 731 1989 jaccus,
755 1934 888 1974 acue
916 1919 1061 1973 illam
1088 1919 1153 1972 ad
1186 1929 1238 1973 te
1258 1919 1326 1973 de
1353 1919 1589 1989 peccatis
1618 1919 1721 1971 tuis
1755 1931 1916 1972 accu-

320 2011 573 2075 sandum,
603 2026 672 2065 ne
692 2010 845 2064 fratri
869 2010 1063 2065 vulnus
1091 2009 1318 2079 inﬂigas.
1361 2008 1488 2064 ldeo
1529 2008 1676 2063 illam
1715 2007 1917 2079 duplici

323 2117 484 2157 muro
512 2101 652 2155 Deus
676 2100 1101 2170 circumvallavit
1121 2143 1138 2169 ,
1158 2100 1406 2155 dentium
1452 2114 1646 2170 nempe
1689 2108 1841 2169 septo
1868 2109 1922 2155 et

326 2193 593 2247 labiorum
637 2190 877 2268 ambitu\,
920 2208 989 2247 ne
1028 2192 1177 2247 facile
1204 2199 1259 2247 et
1288 2192 1584 2246 inconsulte
1622 2190 1783 2246 verba
1814 2207 1921 2245 non

325 2282 688 2355 congruentia
708 2281 958 2349 proferat.
992 2281 1226 2337 Refrena
1255 2281 1399 2335 illam
1426 2282 1587 2335 intus.
1613 2277 1810 2335 Verum
1836 2279 1922 2332 illa

325 2388 436 2428 non
467 2372 520 2427 id
551 2372 1052 2443 patitur‘ldentibus
1088 2372 1233 2426 illam
1278 2373 1498 2443 castiga,
1549 2373 1785 2443 ipsorum
1826 2386 1924 2425 ceu

326 2464 641 2520 carnificum
680 2465 881 2519 morsui
910 2464 1053 2519 illam
1087 2462 1305 2518 tradens
1337 2480 1352 2517 :
1386 2463 1577 2517 melius
1616 2462 1813 2533 quippe
1845 2469 1927 2515 est

328 2555 476 2609 illam
505 2570 647 2608 nunc
684 2564 990 2624 peccantem
1020 2554 1271 2609 dentibus
1304 2554 1537 2609 morderi
1563 2595 1578 2620 ,
1611 2568 1770 2624 quam
1802 2562 1929 2609 tunc

328 2644 538 2699 aridam
566 2653 620 2699 et
647 2660 800 2714 aquae
824 2646 1022 2699 stillam
1063 2657 1392 2715 quzerentem
1440 2645 1527 2699 illa
1558 2644 1928 2700 consolatione

333 2733 554 2805 privari.
586 2734 644 2789 In
676 2733 856 2789 multis
883 2749 1015 2789 sane
1044 2735 1162 2789 aliis
1193 2750 1419 2805 peccare
1447 2735 1534 2789 illa
1558 2736 1714 2802 solet,
1740 2738 1928 2792 convi-

329 2827 430 2881 ciis
458 2842 672 2896 nempe,
704 2822 1070 2897 blasphemiis,
1100 2828 1276 2882 verbis
1303 2828 1590 2894 obscaenis,
1624 2829 1928 2900 sycophan-

334 2919 445 2983 tiis,
473 2919 813 2987 juramentis,
845 2918 1112 2988 perjuriis.

406 3011 461 3065 5.
507 3010 760 3064 Adversus
774 3010 993 3079 jurandi
1019 3012 1446 3065 consuetudinem.
1475 3043 1547 3052 —
1571 3013 1674 3067 Sed
1705 3028 1772 3068 ne
1802 3028 1930 3068 cun-

334 3100 514 3157 fertim
568 3103 747 3155 omnia
796 3101 1036 3155 dicentes
1098 3112 1331 3157 mentem
1394 3103 1784 3157 confundamus
1836 3119 1931 3158 ve-

335 3200 523 3256 stram,
572 3206 729 3244 unam
759 3190 908 3245 vobis
936 3190 1103 3260 legem
1149 3192 1394 3260 ponimus
1420 3191 1488 3246 de
1533 3192 1762 3246 vitandis
1785 3192 1933 3261 jura-

340 3284 560 3346 mentis,
594 3282 698 3336 hoc
726 3282 877 3337 vobis
907 3283 1327 3352 praenuntiantes
1352 3293 1404 3336 et
1430 3284 1721 3343 edicentes.
1753 3286 1798 3338 si
1826 3301 1930 3338 non

340 3375 503 3430 modo
552 3373 804 3443 perjuria,
836 3372 928 3427 sed
956 3374 1115 3427 etiam
1139 3373 1443 3443 juramcnta
1471 3373 1541 3427 ob
1580 3374 1775 3442 justam
1804 3390 1933 3429 cau-

338 3481 454 3519 sam
488 3465 714 3534 prolata,
748 3480 852 3519 non
884 3464 1114 3534 fugiatis,
1147 3480 1232 3519 me
1262 3480 1366 3518 non
1392 3464 1535 3519 aliud
1562 3465 1932 3534 argumentum

342 3565 715 3611 tractaturum.
744 3555 876 3610 Nam
907 3555 1194 3610 absurdum
1238 3565 1402 3621 esset,
1430 3557 1497 3621 si,
1528 3556 1657 3611 dum
1706 3557 1935 3610 ludima-

342 3648 493 3719 gistri
542 3662 648 3701 non
700 3648 831 3701 alias
886 3650 1065 3717 pueris
1120 3648 1337 3702 tradunt
1386 3648 1716 3717 disciplinas,
1765 3648 1937 3703 donec

342 3740 560 3795 videant
607 3741 835 3810 priorem
879 3742 932 3795 in
984 3742 1220 3809 ipsiirum
1270 3741 1527 3795 memoria
1577 3741 1799 3812 pulchre
1827 3740 1934 3795 ha:-

346 3846 492 3897 rerc,
521 3845 620 3884 nos
666 3847 785 3885 cum
816 3831 1021 3900 priores
1069 3831 1378 3900 disciplinas
1406 3832 1640 3886 nondum
1671 3832 1938 3888 inculcare

346 3921 697 3989 puluerimus,
729 3922 925 3975 alteras
964 3920 1139 3975 denuo
1170 3922 1472 3990 ingeramus
1506 3939 1519 3975 :
1551 3922 1602 3975 id
1632 3922 1773 3977 eiiim
1806 3923 1937 3976 nihil

343 4010 487 4065 aliud
516 4020 653 4065 esset
684 4028 840 4081 quam
872 4014 925 4065 in
971 4024 1185 4081 pertuso
1214 4012 1357 4067 dolio
1407 4013 1636 4067 haurire.
1667 4012 1742 4068 Ne
1782 4014 1940 4083 igitur

345 4119 406 4155 os
430 4102 587 4156 nobis
625 4102 903 4167 ciaudatis,
938 4118 1181 4172 magnam
1233 4098 1521 4157 rci‘curam
1566 4104 1775 4157 habete.
1806 4103 1938 4157 Nam

345 4207 509 4262 grave
556 4202 826 4261 peccatum
876 4201 994 4259 est,
1036 4192 1430 4262 admodumque
1478 4208 1681 4263 grave:
1715 4193 1941 4263 ideoque

346 4285 636 4339 admodum
665 4300 847 4354 grave,
880 4287 1003 4355 quia
1032 4274 1135 4340 non
1183 4285 1392 4340 videtur
1414 4301 1574 4355 grave
1600 4300 1717 4341 esse
1751 4303 1765 4340 :
1794 4287 1940 4340 ideo-

350 4392 457 4447 que
485 4376 655 4444 ipsmn
684 4357 931 4440 formido,
964 4376 1085 4445 quia
1117 4391 1274 4429 nemo
1315 4375 1563 4430 formidat
1595 4394 1609 4431 :
1640 4377 1760 4430 ideo
1788 4376 1938 4430 incu-

348 4468 533 4523 rabilis
582 4468 819 4534 morbus,
860 4470 981 4537 quia
1026 4470 1242 4524 morbus
1288 4485 1393 4523 non
1421 4484 1538 4525 esse
1568 4469 1812 4533 videtur;
1845 4469 1940 4524 sed

349 4559 796 4629 quemadmodum
826 4574 1004 4613 sermo
1034 4559 1259 4629 simplex
1296 4562 1499 4615 crimen
1528 4575 1632 4614 non
1660 4570 1756 4623 est,
1792 4561 1859 4614 ita
1888 4570 1944 4614 et

353 4651 458 4704 hoc
503 4651 704 4705 crimen
749 4667 868 4705 esse
916 4666 1021 4705 non
1073 4649 1303 4716 videtur,
1332 4651 1426 4707 sed
1475 4652 1804 4707 confidenter
1843 4655 1943 4707 hoc

354 4740 560 4794 facinus
604 4741 946 4806 admittitur;
978 4742 1022 4795 si
1070 4742 1188 4812 quis
1235 4758 1365 4797 vero
1408 4744 1712 4813 redarguat,
1764 4744 1940 4798 statim

352 4834 497 4884 risus
523 4841 577 4886 et
604 4831 846 4885 cachinni
878 4827 1105 4901 profusi,
1150 4848 1254 4887 non
1296 4835 1552 4889 adversus
1594 4851 1708 4902 eos,
1740 4837 1829 4906 qui
1857 4836 1945 4905 ju-

360 4935 597 4978 ramenta
623 4925 967 4996 redarguunt,
997 4926 1090 4979 sed
1132 4926 1389 4982 adversus
1417 4943 1532 4995 eos,
1577 4930 1665 4999 qui
1699 4930 1942 4983 morbum

355 5031 550 5072 curare
591 5006 794 5071 volunt.
850 5015 974 5071 Ideo
1024 5018 1236 5088 longum
1281 5018 1379 5072 hac
1421 5019 1490 5074 de
1530 5035 1589 5074 re
1642 5035 1943 5075 sermonem

358 5106 768 5178 liabemaajtaiit
796 5108 936 5161 enim
983 5107 1211 5162 radicem
1259 5108 1490 5164 evellere
1537 5111 1714 5178 cupio,
1745 5120 1797 5164 et
1826 5111 1945 5165 diu-

360 5144 592 5162 ...ωυνκ
983 5144 1211 5162 mum...
1259 5144 1490 5164 ωωιυυ
1537 5144 1714 5178 νυγιυ.
1745 5144 1797 5164 ω
1826 5144 1945 5165 ωυ-

360 5209 573 5251 turnmn
599 5144 783 5251 lbere
830 5198 1060 5262 malum;
1091 5215 1194 5251 non
1227 5200 1454 5268 perjuria
1486 5201 1655 5253 solum
1682 5201 1822 5264 dico,
1852 5201 1946 5256 Sed

357 5298 412 5343 et
459 5287 758 5356 iuramenta
807 5286 951 5356 juste
997 5290 1222 5357 prolata.
1278 5292 1365 5352 At,
1398 5288 1621 5356 inquies,
1674 5290 1759 5343 ille
1787 5290 1947 5344 homo

363 5380 655 5443 modestus,
702 5380 1054 5433 sacerdOtimn
1098 5396 1311 5451 gerens,
1360 5382 1444 5452 pie
1487 5392 1949 5453 temperanter-que

365 5470 572 5534 vivens,
607 5470 758 5538 'jurat
800 5479 993 5525 tamen.
1038 5471 1115 5527 Ne
1141 5472 1269 5526 mihi
1299 5472 1598 5527 modestum
1630 5474 1775 5527 illum
1810 5475 1952 5530 alle-

362 5577 477 5631 ges,
525 5570 933 5630 temperantem,
968 5564 1133 5632 pium,
1183 5566 1237 5621 in
1280 5566 1581 5620 sacerdotio
1627 5565 1946 5636 degentem:

361 5652 458 5707 sed
497 5652 544 5708 si
570 5652 651 5705 vis
695 5667 834 5721 pone
884 5654 1097 5709 Petrum
1125 5670 1244 5711 esse
1289 5656 1372 5711 vel
1401 5655 1644 5721 Paulum,
1680 5658 1759 5710 vel
1791 5673 1953 5726 ange-

364 5746 490 5813 lum,
520 5745 611 5817 qui
638 5744 707 5801 de
735 5745 870 5801 cado
903 5745 1238 5805 descenderit
1268 5765 1280 5802 :
1316 5764 1383 5805 ne
1411 5748 1487 5805 sic
1516 5751 1727 5820 quidem
1755 5765 1941 5821 perso-

1337 356 1430 412 Αι)
1470 350 1979 414 ιιιωιιΜΝῡοε
2017 345 2448 405 CATECIIESIS
2486 344 2526 401 l.

3488 343 3597 399 9'50

2009 474 2196 514 narum
2226 457 2533 529 dignitatem
2577 456 2879 528 respiciam.
2910 456 3042 512 Nam
3072 457 3243 528 legem
3271 472 3378 513 non
3424 463 3594 514 servi.

2010 550 2141 615 lem,
2173 549 2266 603 sed
2297 548 2616 603 dominicam
2646 548 2715 603 de
2745 547 3052 618 juramento
3080 548 3200 619 lego
3229 567 3243 603 :
3271 566 3392 604 cum
3422 562 3597 605 autem

2010 639 2348 708 imperatoria
2368 636 2566 707 scripta
2588 638 2853 708 leguntur.
2877 640 3050 694 omnis
3071 655 3344 695 servorum
3371 640 3599 710 dignitas

2011 732 2272 801 quiescat.
2305 730 2438 784 Nam
2484 731 2527 784 si
2557 730 2739 784 dicere
2788 741 2941 800 potes
2990 730 3260 785 Christum
3301 732 3604 801 juramenta

2012 823 2349 893 praecepisse,
2378 832 2469 877 aut
2491 822 2760 877 Christum
2810 824 2923 893 ipsa
2961 823 3194 879 admissa
3244 840 3350 879 non
3380 828 3596 892 ulcisci,

2013 913 2235 969 ostende
2283 913 2432 979 mihi,
2477 924 2529 967 et
2560 928 2765 967 morem
2808 928 3010 982 geram.
3044 913 3195 980 Quod
3223 913 3269 968 si
3298 924 3443 968 tanta
3472 930 3601 970 cura

2017 1006 2188 1076 ipsum
2215 1014 2376 1069 vetat,
2409 1014 2463 1060 et
2493 1014 2693 1059 tantam
2720 1004 2877 1075 hujus
2906 1004 2983 1060 rei
3014 1004 3398 1074 providentiam
3442 1006 3627 1075 gerit,’

2019 1106 2079 1149 ut
2106 1111 2227 1149 cum
2257 1096 2487 1165 maligno
2508 1095 2779 1164 jurantem
2802 1095 3094 1150 constituat
3118 1097 3136 1165 (
3158 1096 3306 1164 Quod
3335 1107 3504 1149 aufem
3532 1097 3611 1149 Iu's

2017 1185 2357 1240 abundantius
2392 1195 2485 1252 est,
2514 1186 2608 1249 ait,
2636 1199 2846 1256 nempe,
2876 1194 2949 1239 est
2996 1193 3051 1240 et
3076 1202 3198 1253 non,
3225 1202 3257 1239 a
3282 1185 3486 1239 diabolo
3528 1195 3604 1237 est

2021 1273 2349 1351 [Matt/nim,
2375 1278 2499 1347 quid
2522 1277 2651 1331 mihi
2681 1277 2823 1332 hunc
2850 1288 2904 1333 et
2933 1277 3080 1332 illum
3113 1278 3165 1331 in
3214 1277 3449 1332 medium
3483 1293 3607 1347 pro-

2021 1369 2213 1423 ducis?
2235 1368 2350 1422 Non
2381 1368 2525 1423 enim
2550 1383 2617 1423 ex
2646 1381 3024 1423 conservorum
3050 1369 3391 1438 negligentia,
3421 1370 3516 1423 sed
3546 1384 3612 1423 es

2020 1457 2195 1527 legum
2224 1472 2441 1511 suarum
2486 1464 2789 1528 praecepto,
2823 1455 2965 1512 hunc
2995 1456 3138 1512 Deus
3166 1457 3302 1513 feret
3328 1458 3611 1513 calculum.

2021 1546 2186 1613 Jussi,
2237 1547 2405 1618 inquit
2440 1565 2453 1600 :
2486 1546 2859 1617 obtemperare
2902 1547 3228 1616 oportebat,
3256 1562 3361 1602 non
3394 1547 3536 1602 hunc
3563 1556 3619 1603 et

2024 1642 2172 1696 illum
2201 1641 2553 1711 praetendere,
2583 1654 2757 1710 neque
2794 1640 2967 1693 aliena
2995 1640 3134 1694 mala
3179 1640 3443 1695 curiosius
3468 1641 3618 1696 inve-

2024 1732 2240 1802 sligare.
2274 1730 2713 1801 Quandoquidem
2759 1745 2982 1800 magnus
3030 1730 3119 1785 ille
3167 1729 3333 1785 David
3376 1730 3430 1785 in
3459 1746 3622 1801 grave

2028 1830 2303 1891 peccatum
2349 1820 2529 1890 lapsus
2576 1829 2700 1875 est:
2729 1818 2954 1888 ideone,
2987 1834 3191 1889 quaeso,
3237 1818 3353 1875 sine
3382 1821 3623 1890 periculo

1988 1930 1995 1938 '
2029 1928 2251 1983 peccare
2278 1911 2613 1982 poterimus?
2642 1910 2980 1981 Quapropter
3005 1909 3107 1965 hoc
3149 1925 3339 1966 cavere
3366 1919 3577 1981 Oportet
3602 1954 3620 1976 ,

2027 2013 2192 2074 atque
2222 2012 2365 2058 recta
2415 2013 2619 2058 tantum
2650 2012 2954 2057 sanctorum
2999 2012 3146 2073 gesta
3177 2002 3395 2058 imitari.
3440 2003 3624 2059 Sicubi

2032 2113 2162 2154 vero
2209 2097 2527 2168 negligentia
2571 2097 2656 2151 vel
2704 2098 3055 2167 transgressio
3098 2097 3232 2167 legis
3278 2106 3542 2164 occurrat,
3573 2096 3625 2152 id

2034 2203 2243 2243 sunnna
2296 2187 2651 2242 sollicitudine
2680 2186 2988 2261 fugiendum
3018 2195 3119 2243 est.
3167 2185 3284 2243 Non
3315 2188 3460 2243 enim
3502 2203 3626 2242 cum

2030 2280 2326 2345 conservis,
2349 2279 2441 2334 sed
2467 2296 2588 2335 cum
2617 2280 2844 2335 Domino
2867 2280 3003 2334 ratio
3030 2281 3183 2335 nobis
3212 2290 3316 2347 est,
3342 2296 3629 2352 rerumque

2033 2371 2083 2423 in
2112 2370 2215 2424 vita
2245 2382 2514 2440 gestarum
2541 2371 2777 2424 omnium
2807 2370 3066 2426 rationem
3090 2370 3189 2442 ipsi
3216 2371 3517 2427 reddemus.
3548 2373 3629 2427 Ad

2036 2461 2164 2534 illud
2192 2464 2369 2530 itaque
2400 2462 2631 2516 tribunal
2659 2475 2759 2515 nos
2787 2476 3148 2531 praeparemus
3171 2479 3184 2516 :
3210 2477 3332 2516 nam
3357 2473 3631 2533 quantum-

2036 2551 2117 2606 vis
2146 2551 2490 2606 admirandus
2518 2561 2572 2606 et
2599 2566 2823 2622 magnus
2852 2553 2922 2606 sit
2951 2552 2997 2607 is
3024 2553 3115 2622 qui
3148 2553 3286 2608 hanc
3312 2553 3483 2623 legem
3515 2554 3630 2607 vio-

2034 2644 2127 2709 lat,
2154 2644 2390 2713 reposito
2421 2644 2541 2698 huic
2568 2644 2990 2713 praevaricatioui
3015 2646 3277 2715 supplicio
3301 2645 3440 2702 haud
3466 2646 3631 2703 dubie

2037 2735 2327 2804 plectetur:
2351 2750 2455 2789 non
2486 2735 2629 2789 enim
2657 2750 2916 2805 personas
2937 2736 3129 2805 accipit
3156 2736 3317 2791 Deus.
3349 2736 3634 2805 Quomodo

2036 2835 2217 2879 autem
2242 2841 2412 2894 quave
2439 2827 2644 2880 ratione
2670 2835 2845 2895 potest
2871 2826 2971 2881 hoc
3005 2836 3278 2895 peccatum
3301 2827 3501 2882 vitari?
3528 2844 3633 2882 non

2036 2919 2181 2970 enim
2232 2931 2328 2986 par
2375 2925 2457 2970 est
2504 2932 2662 2986 quam
2708 2931 2871 2986 grave
2926 2917 2995 2971 sit
3046 2924 3321 2985 peccatum
3365 2916 3639 2974 dumtaxat

2036 3006 2339 3069 ostendere,
2392 3006 2484 3060 sed
2532 3008 2834 3071 consilium,
2881 3022 2989 3078 quo
3029 3008 3097 3061 ab
3127 3022 3193 3062 eo
3224 3009 3436 3063 liberari
3466 3010 3640 3080 possi-

2037 3114 2159 3152 mus
2177 3098 2405 3167 aperire.
2428 3098 2521 3152 Est
2542 3098 2632 3151 tibi
2668 3099 2884 3167 coniux,
2909 3108 3032 3153 sunt
3054 3099 3149 3154 tibi
3170 3100 3281 3165 filii,
3306 3109 3389 3156 est
3407 3103 3634 3169 amicus,

2038 3200 2316 3260 cognatus,
2341 3190 2545 3244 vicinus
2576 3206 2590 3241 :
2626 3190 2709 3244 his
2733 3190 2981 3244 omnibus
3005 3191 3140 3246 hanc
3165 3207 3329 3262 super
3354 3192 3437 3247 his
3457 3204 3641 3248 custo-

2039 3281 2181 3334 diam
2228 3282 2509 3335 demanda.
2541 3280 2729 3336 Gravis
2775 3296 2861 3336 res
2908 3290 2991 3336 est
3036 3283 3389 3350 consuetudo,
3421 3284 3638 3341 difﬁcile

2040 3381 2123 3427 est
2152 3387 2270 3426 eam
2298 3372 2373 3426 de
2390 3371 2567 3426 medio
2597 3372 2803 3434 tollere,
2835 3371 3057 3425 arduum
3087 3382 3169 3427 est
3196 3374 3264 3428 ab
3291 3375 3375 3429 illa
3406 3390 3596 3430 cavere
3618 3415 3638 3444 ,

2040 3464 2237 3519 invitos
2265 3480 2407 3537 smpe
2454 3474 2505 3519 et
2554 3464 2919 3533 imprudentes
2966 3465 3186 3520 invadit.
3236 3466 3398 3536 Igitur
3441 3478 3642 3539 quanto

2042 3556 2297 3626 majorem
2323 3558 2458 3611 nosti
2485 3559 2590 3609 vim
2613 3555 3034 3620 consuetudinis,
3060 3565 3207 3611 tanto
3229 3558 3397 3629 magis
3416 3574 3445 3611 a
3471 3574 3632 3628 prava

2041 3649 2428 3705 consuetudine
2479 3649 2688 3703 liberari
2719 3658 2899 3719 satage
2923 3656 2979 3703 et
3023 3648 3089 3702 ad
3119 3649 3275 3703 aliam
3307 3650 3639 3705 utilissimam

2046 3751 2094 3795 te
2124 3744 2369 3794 transfer.
2403 3739 2862 3807 Quemadmodum
2909 3740 3050 3794 enim
3085 3749 3136 3795 te
3180 3740 3325 3797 illam
3365 3752 3640 3797 curantem

2045 3848 2210 3903 smpe,
2243 3832 2309 3886 ab
2338 3833 2421 3887 illa
2450 3842 2731 3886 caventem
2772 3842 2927 3901 teque
2955 3832 3181 3887 sollicite
3208 3832 3594 3887 custodientem
3625 3875 3641 3897 ,

2046 3925 2216 3995 potuit
2260 3923 2622 3993 supplantare,
2654 3923 2724 3977 ita
2764 3923 2806 3976 si
2854 3931 2905 3976 te
2957 3925 3008 3975 in
3056 3922 3248 3976 bonam
3278 3938 3387 3977 non
3430 3924 3644 3993 jurandi

2044 4014 2482 4069 consuetudinem
2535 4012 2843 4077 transferas,
2888 4027 2986 4067 nec
3033 4012 3228 4067 invitus
3258 4030 3504 4085 umquam
3548 4032 3646 4070 nec

2048 4114 2233 4159 so‘cors
2288 4105 2489 4174 poteris
2530 4103 2896 4173 injurantenti
2945 4103 3150 4171 lapsum
3200 4102 3418 4160 deferri.
3457 4104 3644 4175 Magna

2047 4199 2227 4267 utique
2268 4211 2352 4249 res
2390 4197 2738 4257 consuetudo,
2786 4210 2904 4264 qua:
2951 4204 3154 4249 natura:
3200 4194 3305 4249 vim
3357 4196 3535 4251 habet.
3566 4195 3647 4252 Ne

2051 4290 2208 4357 igitur
2236 4288 2285 4341 id
2330 4287 2634 4356 frequenter
2674 4301 2912 4355 agamus,
2949 4288 2999 4341 in
3044 4287 3201 4340 aliam
3232 4303 3328 4341 nos
3353 4298 3640 4344 consuetu-

2048 4379 2226 4432 dinem
2262 4378 2641 4431 transferamus
2674 4393 2741 4431 :a
2769 4378 2993 4446 singulis
3024 4388 3198 4433 tecum
3246 4380 3545 4437 viventibus
3590 4392 3649 4437 et

2047 4470 2381 4525 versantibus
2437 4472 2572 4523 hanc
2618 4470 2840 4539 gratiam
2892 4472 3118 4539 postula,
3165 4479 3221 4524 ut
3265 4480 3315 4526 te
3365 4472 3646 4528 hortentur

2048 4572 2207 4630 atque
2238 4562 2489 4615 inducant
2516 4559 2582 4614 ad
2633 4560 2902 4614 vitandum
2928 4560 3307 4630 juramentum.
3339 4563 3646 4634 deprehen-

2051 4670 2166 4709 sum
2193 4664 2435 4723 arguant.
2476 4653 2607 4708 Nam
2635 4669 2819 4708 eorum
2864 4654 3008 4708 circa
3040 4664 3092 4708 te
3122 4656 3360 4710 custodia
3394 4658 3479 4712 vel
3514 4659 3644 4727 ipsis

2050 4746 2333 4799 consilium
2362 4755 2416 4798 et
2445 4744 2747 4798 adhortatio
2790 4754 2873 4799 est
2898 4745 2963 4799 ad
3008 4758 3153 4801 recte
3182 4748 3467 4818 agendum.
3512 4750 3643 4805 Nam

2050 4837 2138 4905 qui
2162 4835 2391 4890 alterum
2413 4835 2479 4889 de
2500 4834 2803 4913 iuramento
2840 4848 3075 4903 accusat,
3120 4852 3225 4892 non
3255 4839 3408 4894 facile
3452 4842 3565 4911 ipse
3597 4843 3649 4896 in

2052 4925 2154 4980 hoc
2177 4926 2495 4981 barathrum
2527 4927 2743 4981 incidet.
2778 4926 3093 4981 Baiathrum
3118 4930 3260 4983 enim
3290 4945 3395 4984 non
3427 4946 3647 5001 parvum

2053 5027 2136 5072 est
2181 5018 2394 5086 jurandi
2452 5017 2771 5087 frequentia,
2803 5033 2907 5071 non
2956 5018 3115 5073 modo
3145 5034 3265 5074 cum
3305 5019 3651 5092 devminimis

2054 5110 2234 5176 rebus,
2255 5110 2348 5164 sed
2377 5125 2499 5164 cum
2518 5110 2585 5164 de
2606 5110 2853 5165 maximis
2867 5111 3057 5180 agitur.
3077 5111 3183 5166 Nos
3202 5121 3378 5168 autcm
3398 5115 3479 5169 vel
3506 5117 3651 5170 olera

2054 5211 2315 5267 ementes,
2338 5201 2492 5255 valde
2511 5200 2579 5255 de
2593 5201 2799 5256 duobus
2821 5201 2990 5256 uholis
3006 5202 3385 5273 disceptantes,
3406 5206 3457 5260 in
3485 5205 3651 5261 famu-

2056 5295 2135 5349 los
2158 5294 2233 5348 ira
2257 5295 2508 5349 commoti
2536 5303 2588 5349 et
2612 5299 3019 5363 comminantes,
3051 5298 3214 5353 Deum
3244 5316 3458 5370 semper
3486 5303 3647 5357 advo-

2055 5400 2240 5440 camus
2270 5397 2480 5441 tes:em.
2512 5386 2789 5441 llominem
2821 5388 3037 5456 quidem
3088 5390 3375 5461 ingenuum
3426 5396 3508 5449 vel
3549 5396 3648 5450 levi

2056 5475 2312 5545 dignitate
2351 5477 2652 5545 prmditum,
2682 5477 2748 5532 ad
2776 5479 3075 5547 hujusmodi
3121 5496 3207 5536 res
3238 5482 3288 5536 in
3318 5482 3435 5538 foro
3465 5496 3651 5541 testem

2057 5567 2319 5624 advocare
2340 5584 2444 5623 non
2466 5570 2651 5636 audes,
2685 5571 2767 5625 vel
2798 5572 2841 5625 si
2868 5572 3086 5638 audeas,
3111 5578 3447 5631 contumelia:
3471 5593 3652 5647 poenas

2057 5660 2247 5725 dabis;
2294 5660 2544 5716 caelorum
2592 5671 2769 5715 autem
2811 5662 3007 5733 Regem
3038 5673 3092 5718 et
3119 5668 3428 5735 angelorum
3480 5669 3653 5722 lmini-

2062 5771 2211 5821 num,
2259 5755 2370 5810 sive
2416 5754 2484 5809 de
2528 5755 2828 5824 venalibus,
2879 5757 2989 5813 sive
3031 5756 3097 5813 de
3141 5760 3400 5830 pecuniis,
3432 5760 3545 5819 sive
3590 5760 3657 5814 dc
