4190 6322
627 355 722 408 231

631 461 858 522 minimis
909 459 1070 516 rebus
1117 470 1416 530 sermonem
1468 453 1696 515 habeas,
1744 453 1796 508 in
1845 450 2204 506 testiinonium

629 555 792 616 trahis
816 571 832 619 ;
864 553 1098 607 lueccine
1144 545 1402 603 ferenda?
1431 544 1708 611 Quomodo
1763 542 2049 612 poterimus
2077 553 2205 610 ergo

626 647 693 698 ah
731 643 830 697 hac
857 643 990 697 mala
1017 637 1401 697 consuetudine
1431 637 1682 690 liberari?
1707 634 1760 687 Si
1786 632 2058 694 custodes,
2075 646 2208 700 quos

625 736 756 799 dixi,
801 735 938 785 circa
985 746 1078 785 nos
1120 744 1400 800 ponamus,
1437 737 1748 794 tempusque
1793 723 1946 777 nobis
1990 723 2116 792 ipsis
2141 721 2206 776 ad

631 823 1018 892 correptionem
1050 819 1455 881 coiistituamus,
1488 829 1802 884 pmnanrque
1829 813 1978 866 nobis
2006 811 2207 865 iudica-

627 929 764 978 mus,
793 914 836 966 si
860 913 1041 982 elapso
1063 920 1298 977 tempore
1316 923 1419 961 non
1441 904 1706 961 emendati
1727 904 2002 958 fuerimus.
2027 902 2208 969 Quod-

629 1019 746 1058 nam
781 1012 984 1072 tempus.
1011 1000 1076 1052 ad
1128 1000 1229 1052 hoc
1271 998 1402 1051 satis
1444 997 1588 1049 erit?
1631 996 1743 1048 Non
1786 1003 1910 1063 puto
1957 1008 2070 1057 eos,
2120 993 2208 1061 qui

625 1095 910 1149 admodum
975 1092 1192 1160 vigilant
1245 1105 1459 1159 sumque
1511 1088 1756 1141 curanda:
1809 1085 1963 1139 saluti
2021 1084 2209 1138 intenti

626 1196 770 1245 sunt.
809 1187 921 1253 plus
949 1184 1130 1236 decem
1179 1181 1365 1234 diebus
1394 1194 1524 1247 0pm
1558 1179 1773 1240 habere,
1804 1187 1866 1228 ut
1889 1192 1916 1228 a
1961 1174 2092 1228 mala
2119 1175 2206 1242 ju-

627 1286 986 1330 ramenttnutn
1014 1272 1395 1326 consuetudine
1444 1284 1658 1337 pronus
1705 1267 2009 1320 liberentur.
2055 1265 2207 1332 Quod

627 1367 673 1420 si
709 1377 822 1434 post
871 1365 988 1418 illos
1036 1362 1221 1416 decem
1277 1361 1391 1414 dies
1431 1360 1672 1428 jurantes
1701 1355 2164 1426 deprehendamur
2190 1397 2206 1421 ,

628 1470 836 1524 poenam
883 1453 1034 1506 nobis
1063 1453 1471 1512 constituamus,
1505 1449 1896 1502 damnationem
1925 1455 1978 1500 et
2007 1446 2207 1516 suppli-

1331 346 1390 402 S.
1428 342 1706 401 JOANNIS
1739 338 2216 404 CIIRYSOSTOHI
2259 336 2576 394 ARCIIIEP.
2604 337 3132 395 CONSTANTINOP.

3801 345 3911 399 239

2313 447 2454 502 cium
2502 463 2600 520 pro
2629 449 3065 518 praevaricatione
3111 452 3421 507 maximum.
3450 453 3622 520 Quam
3647 472 3774 514 vero
3812 460 3903 512 1a-

2317 539 2686 593 mnationem?
2718 540 2770 593 Id
2800 555 2904 594 non
2942 555 3040 610 ego
3066 539 3337 610 deﬁniam,
3385 545 3478 600 sed
3509 561 3602 600 vos
3628 552 3911 604 sententia

2313 628 2560 684 dominos
2586 632 2875 685 constituo.
2903 629 2993 686 Sic
3021 646 3104 695 ea,
3130 648 3249 703 qua:
3270 649 3370 689 nos
3395 647 3659 706 spectant,
3688 639 3911 709 dispen-

2313 734 2515 783 semns,
2565 737 2667 775 non
2721 721 2880 776 modo
2929 724 3067 777 circa
3113 723 3436 793 juramenta,
3484 729 3578 784 sed
3615 731 3758 785 circa
3805 732 3910 786 alia

2313 812 2564 877 quzulibet
2609 811 2843 875 delicta;
2893 828 2956 868 ac
3017 823 3228 884 tempus
3274 817 3428 872 nobis
3480 821 3908 888 constituentes,

2312 904 2642 972 gravissimis
2671 905 2938 976 deputatis
2968 909 3162 976 pomis,
3195 909 3238 964 si
3269 911 3554 979 aliquando
3581 913 3632 965 in
3674 929 3736 968 ea
3768 915 3910 969 inci-

2314 995 2521 1060 damus,
2570 998 2684 1064 puri
2712 997 2777 1050 ad
2824 998 3107 1052 Dominum
3157 1013 3396 1054 nostrum
3428 1003 3769 1067 accedemus,
3800 1016 3855 1060 et
3881 1022 3911 1057 a

2313 1086 2555 1154 gehenna
2584 1087 2719 1157 ignis
2746 1088 3106 1152 liberabimur,
3142 1091 3467 1161 lidentcrque
3495 1095 3613 1148 stab
3637 1110 3755 1148 nius
3787 1107 3914 1150 ante

2316 1176 2544 1230 tribunal
2590 1179 2785 1239 Christi
2821 1197 2834 1232 :
2867 1180 3004 1249 quod
3049 1197 3146 1233 nos
3175 1182 3388 1250 assequi
3421 1186 3714 1253 contingat,
3744 1187 3912 1255 gratia

2313 1277 2368 1321 et
2413 1267 2734 1338 benignitate
2780 1269 2991 1324 Domini
3046 1273 3210 1326 nostri
3261 1271 3387 1328 Je=u
3431 1273 3648 1340 Christi,
3695 1276 3914 1344 quicum

2317 1358 2457 1411 Patri
2487 1359 2657 1428 gloria
2688 1374 2793 1414 una
2823 1361 3175 1430 cum‘Spiritu
3201 1375 3405 1427 saneto,
3440 1364 3491 1417 in
3518 1366 3712 1420 secula
3740 1379 3916 1420 saecu-

2315 1447 2510 1504 lorum.
2541 1453 2730 1505 Amen.

1679 1653 1882 1761 CA
1893 1653 2084 1758 TE
2096 1655 2558 1762 CHESI
2567 1658 2649 1764 S
2720 1661 2865 1766 ΙΙ

631 1880 709 1920 ΑΙ)
753 1874 1242 1926 ιιιυυιΝΑΝῡοε,
1290 1874 1368 1916 ET
1411 1875 1492 1914 DE
1535 1871 1920 1916 NULIERIBUS
1964 1872 2037 1915 SB
2078 1871 2223 1914 Τοιινι

2346 1875 2636 1921 ρειῐκιιιυε
2681 1880 2763 1922 ΕΤ
2828 1883 2999 1926 Λοιιο
3040 1883 3461 1941 οιικιητωυε,
3509 1888 3590 1931 ΕΤ
3633 1892 3717 1934 DE
3759 1892 3917 1935 SEC-

705 1977 1011 2021 TANTIBL‘S
1054 1972 1396 2026 VATICINIA,
1445 1972 1563 2013 VEL
1605 1971 1975 2026 LIGATURAS,
2021 1971 2141 2017 νει.
2193 1973 2223 2014 ιῖ

2330 1975 2692 2022 ιΝΤΑτιοΝῑε

706 2079 864 2120 SUNT
907 2075 1158 2119 ALIENA.

2739 1981 2943 2034 :QUE
3012 1985 3256 2028 CUNCTA
3310 1989 3350 2030 Δ
3421 1988 3918 2037 ΩΒΒΙδΤΙΔΝΙδΙυ

2043 2192 2488 2232 mmm

703 2344 753 2396 Ι.
784 2341 958 2409 Nuper
983 2339 1241 2392 dictorum
1271 2333 1412 2403 apud
1455 2333 1728 2386 caritatem
1755 2343 1985 2385 vestram
2010 2331 2220 2388 fructus

630 2452 660 2489 a
692 2434 839 2488 vobis
870 2431 1191 2498 repetiturus
1235 2427 1422 2481 adveni
1458 2442 1473 2478 :
1507 2439 1615 2478 non
1645 2425 1784 2478 enim
1827 2435 2105 2493 propterea
2140 2425 2212 2477 lo-

629 2530 860 2596 quitnur,
911 2533 965 2576 ut
1000 2533 1200 2574 tantum
1245 2517 1493 2580 audiatis,
1526 2531 1710 2569 verum
1757 2524 1814 2568 ut
1854 2524 1910 2568 et
1955 2513 2219 2567 dictorum

636 2617 945 2673 memoriam
998 2610 1240 2672 servetis,
1286 2618 1340 2662 et
1371 2624 1465 2678 per
1510 2621 1669 2675 opera
1715 2605 1866 2659 nobis
1910 2604 2221 2658 memoriam

631 2705 1046 2767 demonstretis;
1077 2703 1183 2755 imo
1228 2713 1355 2753 vero
1398 2713 1502 2752 non
1538 2696 1713 2759 nobis,
1742 2695 1834 2750 sed
1869 2695 1977 2752 Deo
2019 2695 2213 2749 mentis

635 2782 824 2856 arcana
862 2797 1069 2851 scienti.
1122 2795 1407 2862 l‘ropterea
1451 2799 1504 2844 et
1531 2789 1846 2853 eatechesis,
1880 2789 1930 2842 id
1958 2799 2037 2844 est
2072 2789 2225 2842 insti-

641 2893 792 2956 tutio,
842 2889 1052 2949 dicitur,
1087 2894 1147 2939 ut
1189 2894 1242 2939 ct
1282 2883 1589 2937 absentibus
1619 2882 1774 2935 nobis
1818 2896 1997 2934 sermo
2049 2892 2228 2933 noster

634 2991 840 3037 mentes
885 2990 1088 3032 vestras
1135 2978 1390 3030 instituat.
1423 2975 1486 3028 Et
1530 2989 1596 3027 ne
1625 2973 1912 3036 miremini,
1944 2975 1987 3026 si
2039 2973 2224 3027 decem

635 3075 825 3131 diebus
857 3082 1064 3127 tantum
1097 3068 1376 3123 transactis
1401 3067 1664 3122 seminum
1713 3066 1910 3119 fructus
1952 3064 2228 3134 repetituri

635 3167 878 3220 venimus
916 3162 1157 3217 :etenim
1207 3160 1291 3214 die
1345 3175 1448 3212 una
1502 3158 1626 3212 licet
1677 3156 1874 3227 pariter
1919 3162 1975 3211 et
2022 3156 2226 3211 semina

635 3272 887 3326 spargere
915 3265 963 3308 et
998 3268 1224 3307 IIIC>SCHI
1274 3252 1445 3304 iacere
1479 3267 1493 3302 :
1525 3265 1630 3302 non
1661 3249 1801 3301 cutim
1848 3248 2060 3316 prepria
2106 3257 2224 3301 tan-

637 3360 747 3401 tum
779 3350 988 3406 virtute,
1024 3359 1207 3397 verum
1238 3353 1294 3396 et
1337 3343 1518 3395 divino
1544 3340 1741 3393 auxilio
1771 3340 2026 3404 roborati,
2056 3340 2133 3393 sic
2160 3340 2224 3393 ad

641 3440 932 3495 certamina
963 3451 1230 3489 vocamur.
1263 3433 1593 3502 Quicumque
1625 3431 1782 3501 igitur
1805 3431 1946 3485 dicta
1977 3447 2229 3498 suscepe-

640 3541 770 3586 runt
794 3539 849 3584 et
881 3545 973 3598 per
997 3542 1158 3596 opera
1186 3526 1558 3594 impleverunt,
1588 3533 1837 3577 mamnt.
1864 3538 1924 3576 se
1941 3524 2228 3577 extenden-

642 3632 722 3674 tes
743 3623 794 3674 iu
825 3620 1113 3675 anteriora.
1141 3617 1472 3685 Quicumque
1499 3629 1624 3668 vero
1653 3613 1853 3668 bonam
1869 3614 2003 3668 hanc
2033 3628 2225 3683 Opera-

644 3714 841 3766 tinnem
898 3710 1129 3764 nondum
1183 3709 1503 3777 attigerunt,
1554 3705 1663 3774 jam
1715 3706 2002 3776 attingant,
2057 3715 2115 3758 ut
2161 3722 2227 3759 ex

645 3814 861 3870 torpore
893 3810 1067 3853 natam
1099 3799 1493 3851 damnationem
1525 3795 1898 3853 futuroetudio
1939 3795 2223 3864 repellant.

649 3894 792 3947 Licet
819 3893 983 3954 enim,
1013 3893 1156 3952 licet,
1191 3891 1424 3958 inquam,
1459 3903 1578 3942 cum
1606 3889 1693 3957 qui
1739 3887 1958 3940 multum
1992 3888 2184 3956 torpnit
2210 3927 2226 3951 ,

650 3996 766 4052 post
794 3984 907 4035 Ιιιιτο
932 3981 1196 4051 diligentia
1224 3979 1437 4041 utendo,
1464 3978 1715 4047 praeteriti
1740 3978 1994 4046 temporis
2017 3992 2228 4031 omnem

646 4079 843 4132 sarcire
865 4075 1143 4142 jacturam.
1179 4072 1377 4124 ldcirCo
1405 4070 1597 4124 dicitur
1631 4088 1643 4123 :
1679 4069 1844 4124 Hodie
1863 4070 1908 4123 si
1935 4087 2099 4124 vorem
2123 4072 2231 4140 ψη

642 4169 920 4229 audieritis,
941 4168 1093 4219 nolite
1106 4165 1352 4217 obdurare
1374 4163 1527 4215 corda
1553 4173 1714 4216 vestra
1742 4163 1868 4215 sicut
1888 4163 1938 4214 in
1968 4164 2232 4217 exacerba-

645 4266 778 4315 tione
823 4261 988 4346 ('l’sul.
1045 4258 1131 4311 94.
1166 4258 1242 4324 8).
1279 4257 1388 4309 Hoc
1436 4267 1612 4310 autem
1661 4256 1810 4318 dicit,
1860 4256 2150 4310 admonens
2179 4267 2231 4310 et

650 4354 934 4407 consulens
968 4365 1250 4418 numquam
1299 4348 1602 4416 desperare,
1653 4348 1746 4402 sed
1793 4348 1963 4403 donec
2007 4349 2091 4404 hic
2139 4367 2230 4405 su-

652 4458 790 4508 mus,
814 4444 1002 4496 bonam
1029 4440 1225 4492 habere
1251 4455 1399 4508 Spem
1423 4449 1477 4494 et
1504 4440 1770 4494 anteriora
1799 4440 2228 4507 apprehendeudi

650 4548 703 4590 ct
734 4534 970 4588 bravium
997 4548 1236 4599 superna:
1264 4532 1354 4584 ὒυὶ
1384 4532 1673 4587 vocationis
1705 4533 2051 4600 persequendi
2082 4533 2235 4598 (Plii-

650 4628 780 4693 tipp.
829 4625 882 4678 3.
920 4621 1024 4692 Η).
1069 4621 1178 4674 Hoc
1224 4621 1378 4690 igitur
1420 4619 1693 4686 faciamus,
1744 4631 1798 4675 et
1829 4638 2029 4692 magna:
2075 4624 2232 4690 hujus

653 4715 953 4770 donationis
980 4714 1190 4766 nomina
1213 4713 1568 4782 exquiramus.
1600 4713 1746 4767 Sicut
1770 4713 1910 4767 enim
1933 4713 2057 4767 dum
2088 4716 2234 4783 igno-

658 4819 802 4860 ratur
825 4804 1095 4875 diguitatis
1125 4803 1447 4872 magnitudo,
1490 4804 1762 4871 segniores
1788 4813 1909 4857 sunt
1938 4804 1973 4857 ii
2017 4807 2104 4874 qui
2133 4806 2232 4859 ho-

658 4895 1052 4951 norantur:ita
1084 4895 1128 4947 si
1183 4905 1452 4955 noscatur,
1506 4902 1684 4961 gratos
1737 4894 1911 4949 reddit
1964 4905 2016 4949 et
2068 4897 2233 4965 magis

640 4990 924 5042 studiosos
949 4985 1133 5040 efﬁcit.
1164 4985 1411 5052 Alioquin
1451 4993 1503 5037 et
1533 4993 1681 5051 turpe
1711 4995 1847 5040 esset
1873 4993 1927 5038 et
1958 4985 2231 5039 ridiculum

653 5089 802 5133 tanto
846 5080 1106 5146 potientcs
1144 5075 1280 5144 apud
1331 5076 1493 5127 Deum
1544 5074 1766 5143 honore,
1816 5091 1914 5129 nec
1943 5076 2232 5144 scire‘quitl

654 5172 817 5239 ipsius
848 5167 1057 5222 tandem
1091 5167 1301 5219 nomina
1345 5167 1644 5234 significare
1675 5167 1854 5219 velint.
1907 5168 1968 5221 Et
2013 5168 2136 5236 quid
2169 5167 2233 5221 de

657 5261 760 5314 huc
789 5273 1007 5313 munere
1024 5257 1205 5329 \dico‘l
1229 5258 1272 5309 si
1313 5258 1451 5309 enim
1499 5272 1780 5311 commune
1829 5258 2038 5324 generis
2070 5258 2233 5311 nostri

657 5366 850 5403 nomen
875 5348 1207 5418 cogitaveris,
1238 5349 1519 5400 maximam
1564 5347 1628 5401 ad
1658 5348 1900 5400 virtutem
1947 5349 2123 5416 capies
2152 5349 2236 5401 die

655 5441 930 5509 sciplinam
962 5447 1015 5491 et
1039 5437 1481 5492 exhortationem.
1515 5436 1625 5490 Hoc
1651 5437 1790 5491 enim
1818 5453 2031 5502 nomen,
2063 5440 2230 5504 homo,

656 5547 754 5585 nos
784 5548 888 5588 non
918 5532 1207 5586 secundum
1233 5542 1483 5586 externos
1509 5530 1813 5595 deﬁnimus,
1843 5531 1934 5584 sed
1976 5542 2030 5585 ut
2059 5533 2235 5586 divina

655 5625 814 5693 jussit
843 5624 1135 5690 Scriptura.
1165 5622 1298 5678 Nam
1344 5622 1503 5676 homo
1528 5638 1632 5676 non
1663 5632 1742 5675 est
1768 5622 2081 5691 quicumque
2104 5624 2236 5676 sim-

661 5716 865 5785 pliciter
895 5731 1082 5769 manus
1111 5715 1267 5768 habet
1293 5724 1343 5767 et
1374 5713 1532 5783 pedes
1566 5713 1846 5780 humanos,
1877 5730 1972 5770 nec
1999 5717 2238 5785 quicum-

2328 2353 2432 2406 que
2461 2348 2663 2393 tantum
2694 2343 2963 2396 rationalis
2986 2354 3102 2408 est;
3130 2347 3222 2401 sed
3245 2348 3564 2418 quicumque
3593 2351 3842 2419 pietatem
3867 2363 3921 2407 et

2329 2429 2577 2485 virtutem
2607 2431 2726 2486 cum
2759 2435 2946 2489 tidneia
2996 2447 3236 2490 exercet.
3270 2438 3407 2492 Audl
3440 2454 3670 2509 namque
3695 2441 3820 2511 quid
3852 2443 3921 2496 de

2324 2519 2424 2573 Job
2450 2521 2595 2575 dicit.
2625 2524 2760 2576 Cum
2791 2525 2932 2577 enim
2964 2525 3193 2579 dixisset
3238 2528 3379 2596 quod
3423 2527 3487 2580 In
3519 2538 3655 2583 terra
3684 2532 3919 2583 Auitide

2333 2612 2481 2664 homo
2507 2623 2633 2679 erat,
2665 2629 2767 2667 non
2795 2629 2859 2667 ex
2891 2616 2956 2669 iis
2983 2631 3104 2670 eum
3134 2617 3389 2672 describit
3436 2621 3699 2684 terminis,
3727 2621 3924 2690 quibus

2331 2700 2551 2767 ethnici,
2605 2718 2703 2756 nec
2732 2704 2833 2759 hoc
2878 2705 3028 2765 dicit.
3078 2707 3217 2774 quod
3266 2708 3405 2762 duos
3431 2709 3592 2777 pedes
3623 2709 3844 2764 haberet
3870 2720 3926 2764 et

2335 2809 2534 2864 ungues
2564 2795 2700 2850 latos
2731 2815 2744 2862 ;
2774 2799 2868 2851 sed
2915 2799 3105 2852 indicia
3152 2801 3365 2870 pietatis
3396 2802 3538 2855 illius
3570 2803 3814 2870 praebens
3843 2802 3924 2856 di-

2332 2887 2504 2948 ccbat,
2532 2887 2734 2952 Justus,
2768 2906 2934 2954 uerax,
2963 2893 3129 2946 colens
3168 2892 3352 2956 Deum,
3399 2894 3649 2947 abstinens
3693 2897 3756 2947 ab
3786 2897 3926 2949 omni

2337 2977 2472 3029 mala
2511 2995 2563 3031 re
2597 2977 2713 3046 (Job
2747 2980 2795 3033 1.
2828 2981 2904 3050 1),
2934 2982 3308 3038 demonstrans
3333 2985 3471 3051 qtrod
3509 2985 3609 3038 hoc
3632 2995 3710 3038 est
3740 2985 3924 3050 homo,

2332 3070 2472 3126 sicut
2525 3071 2726 3126 scilicet
2756 3085 2810 3125 et
2863 3075 2999 3126 alius
3041 3076 3230 3139 inquit,
3283 3076 3444 3128 Deum
3486 3076 3634 3141 time,
3681 3086 3728 3128 et
3768 3077 3929 3145 ipsius

2331 3163 2569 3215 "laudata
2599 3165 2813 3226 custodi,
2859 3166 3095 3232 quoniam
3124 3167 3216 3218 hac
3244 3175 3316 3219 est
3359 3167 3520 3219 omnis
3549 3167 3699 3219 homo
3728 3165 3926 3235 (Ea-le.

2334 3252 2420 3307 η.
2454 3251 2563 3324 15).
2597 3252 2652 3306 Si
2679 3266 2856 3308 autem
2887 3258 2986 3310 hoc
3017 3271 3206 3309 nomen
3239 3256 3399 3310 homo
3426 3267 3625 3310 tantam
3653 3259 3718 3311 ad
3751 3259 3928 3312 virtu-

2335 3354 2441 3398 tem
2474 3346 2673 3414 pra-bet
2703 3347 3150 3413 exhortationem,
3183 3349 3348 3402 multo
3376 3349 3543 3418 magis
3565 3349 3713 3414 illud,
3737 3349 3928 3414 ﬁdelis.

2332 3434 2529 3489 Fidelis
2554 3436 2696 3489 enim
2729 3436 2849 3490 ideo
2877 3439 3085 3492 vocaris
3105 3481 3118 3503 ,
3153 3439 3402 3508 quoniam
3433 3449 3486 3494 et
3514 3440 3691 3495 credis
3720 3440 3848 3506 Deo,
3875 3451 3934 3496 et

2332 3526 2399 3580 ab
2446 3542 2511 3581 eo
2561 3527 2816 3582 creditam
2864 3529 2978 3598 ipse
3018 3530 3276 3598 justitiam
3318 3530 3504 3595 habes,
3549 3533 3886 3587 sanctitatem
3912 3575 3932 3596 ,

2333 3616 2645 3671 munditiam
2696 3619 2907 3682 animm,
2963 3621 3014 3672 in
3063 3619 3228 3674 illium
3281 3622 3644 3690 adoptionem.
3699 3640 3928 3695 regnum

2331 3707 2607 3772 caelorum,
2637 3718 2690 3762 et
2716 3708 2831 3763 lure
2859 3710 2952 3763 tibi
3000 3711 3413 3766 commendavit.
3444 3712 3521 3766 Tu
3550 3714 3782 3767 vicissim
3829 3716 3935 3783 ipsi

2332 3795 2433 3848 alia
2458 3797 2731 3853 credidisti
2752 3809 2805 3853 et
2825 3800 3235 3866 continendasti,
3263 3802 3685 3877 eleemosynam,
3716 3819 3930 3872 preces,

2341 3886 2654 3941 modestiam
2702 3897 2757 3942 et
2783 3905 2995 3944 omnem
3043 3893 3201 3944 aliam
3227 3893 3496 3949 virtutem.
3544 3894 3608 3948 Et
3653 3896 3776 3964 quid
3807 3896 3936 3950 dico

2335 3977 2725 4048 eleemosynam
2750 3979 2774 4030 τ
2801 3981 2844 4034 si
2878 3982 2956 4035 vel
3000 3982 3250 4050 Irigidnm
3281 3984 3376 4050 ipsi
3417 3984 3627 4038 dederis
3653 3987 3930 4055 poculum,

2339 4083 2436 4122 nec
2467 4067 2565 4123 hoc
2599 4073 2809 4126 amittes
2859 4070 3067 4140 (Matth.
3121 4073 3206 4127 10.
3240 4075 3351 4146 42),
3400 4091 3582 4128 verum
3633 4086 3687 4130 et
3737 4075 3837 4129 hoc
3877 4078 3932 4130 in

2338 4159 2486 4212 illum
2531 4172 2770 4214 reservat
2818 4164 3003 4216 sedulo
3053 4165 3214 4228 diem,
3257 4177 3311 4218 et
3358 4181 3479 4219 cmn
3525 4169 3686 4221 multa
3742 4169 3934 4222 reddet

2341 4251 2828 4317 Superabundautia
2862 4273 2873 4303 :
2917 4255 3018 4309 hoc
3058 4257 3255 4323 quippe
3299 4256 3609 4313 admirabile
3653 4270 3755 4322 est,
3789 4261 3933 4326 quod

2340 4363 2444 4401 non
2499 4354 2701 4398 tantum
2753 4346 2999 4414 deposita
3048 4357 3245 4411 servet,
3300 4364 3482 4401 verum
3513 4358 3568 4404 et
3616 4351 3932 4419 multiplicct

2339 4437 2796 4489 rt-tribuliuniltus.

2408 4527 2713 4592 “luminati,
2741 4546 2826 4580 seu
2857 4528 3100 4598 baptismi
3125 4528 3362 4597 ofﬁcium.
3393 4558 3467 4569 —
3496 4528 3607 4584 Hoc
3644 4539 3698 4584 et
3744 4539 3796 4584 te
3837 4545 3931 4582 se-

2336 4621 2565 4674 cundum
2599 4620 2888 4688 potentiam
2919 4628 3059 4671 lnam
3089 4621 3263 4672 iaeere
3283 4619 3443 4686 jussit
3479 4620 3528 4672 in
3561 4620 3644 4683 iis,
3670 4636 3788 4689 qua:
3835 4620 3934 4676 tibi

2337 4710 2538 4763 credita
2588 4718 2708 4762 sunt
2743 4726 2756 4761 :
2793 4724 2982 4778 nempe
3032 4710 3389 4772 sanctitatem,
3419 4726 3578 4777 quam
3635 4711 3882 4779 aecepisti
3912 4753 3931 4778 ,

2338 4801 2633 4866 intendere,
2661 4811 2715 4855 et
2737 4817 2801 4855 ex
2835 4802 3044 4855 lavacro
3065 4801 3324 4869 jusutiam
3352 4801 3576 4855 reddere
3621 4801 3929 4866 clariorem,

2339 4903 2390 4946 et
2411 4893 2632 4961 gratiam
2659 4892 3005 4945 illustriorem
3038 4890 3213 4946 facere
3246 4909 3258 4946 :
3285 4893 3421 4946 sicut
3449 4894 3632 4962 utique
3659 4903 3710 4947 et
3734 4894 3932 4950 Paulus

2340 4984 2482 5048 fecit,
2514 4984 2861 5052 sequentibus
2916 4982 3186 5036 laboribus
3233 4993 3288 5038 et
3332 4984 3510 5038 studio
3549 4985 3933 5055 diligentiaque

2337 5090 2537 5144 augens
2580 5076 2757 5129 omnia
2786 5091 2904 5144 qua:
2948 5076 3154 5142 accepit
3203 5076 3360 5130 bona.
3386 5075 3452 5129 Et
3501 5087 3624 5128 nota
3668 5077 3759 5130 Dei
3806 5093 3933 5147 pro-

2342 5165 2627 5220 videntiam
2663 5185 2675 5219 :
2710 5182 2808 5219 nec
2864 5164 2956 5218 tibi
2993 5172 3161 5218 totum
3211 5165 3312 5219 hoc
3359 5165 3548 5231 dedit,
3601 5182 3775 5236 neque
3818 5178 3933 5222 toto

2341 5259 2596 5325 privavit;
2638 5258 2728 5311 St'd
2775 5259 2889 5312 ilflPC
2934 5257 3122 5323 dedit,
3178 5258 3264 5312 illa
3319 5260 3579 5326 promisit.
3639 5259 3706 5312 Et
3762 5275 3934 5329 quare

2342 5364 2446 5401 non
2479 5348 2561 5401 hic
2587 5357 2752 5401 totum
2786 5347 2966 5401 dedit?
2997 5347 3062 5403 Ut
3101 5358 3155 5401 tu
3198 5347 3355 5401 tidem
3401 5349 3450 5401 in
3491 5349 3659 5415 ipsum
3700 5350 3930 5404 demou—

2341 5451 2498 5504 stres,
2523 5439 2758 5493 nondum
2790 5439 2929 5492 datis
2969 5455 3034 5494 ex
3076 5441 3239 5508 ipsius
3291 5441 3642 5507 promissione
3671 5443 3781 5495 sola
3813 5459 3931 5496 cre-

2341 5532 2493 5586 dens.
2525 5533 2701 5598 Quare
2731 5549 2859 5586 vero
2904 5548 3111 5585 rursum
3156 5548 3260 5586 non
3301 5532 3480 5586 omnia
3526 5533 3632 5587 illic
3660 5537 3930 5600 servavit,

2343 5626 2434 5678 sed
2462 5625 2606 5679 dedit
2627 5635 2682 5679 et
2703 5625 2934 5694 Spiritus
2969 5626 3190 5694 gratiam
3211 5634 3263 5680 et
3295 5624 3558 5692 justitiam
3598 5638 3653 5681 et
3689 5631 3933 5683 sanctifi-

2343 5719 2608 5772 cationcm
2629 5717 2652 5772 γ
2671 5717 2736 5772 Ut
2765 5717 2856 5770 tibi
2881 5716 3089 5770 labores
3119 5717 3260 5771 leves
3283 5714 3461 5784 faciat,
3487 5726 3540 5771 et
3569 5733 3630 5771 ex
3653 5717 3762 5786 jam
3793 5721 3934 5774 datis
