4190 6322
261 375 369 432 2.33

269 486 427 542 etiam
463 480 534 538 de
561 477 758 536 futuris
785 485 837 532 te
861 474 1014 530 bona
1047 471 1159 544 spei
1197 470 1504 527 constituat.
1533 468 1853 541 Propterea-

264 592 370 649 que
395 580 645 632 recenter
666 569 993 625 illuminatus
1013 564 1195 621 vocari
1221 563 1382 619 debes
1406 579 1421 616 :
1447 561 1698 634 quoniam
1720 574 1858 615 nova

266 662 358 720 lux
397 677 612 735 semper
657 660 775 727 tibi,
803 659 850 715 si
889 657 1049 723 velis,
1078 662 1133 711 et
1161 667 1450 724 numquam
1480 650 1854 722 exstinguitur.

265 753 415 810 lianc
442 767 638 823 nempe
661 751 837 806 lucem
866 757 920 804 et
945 744 1251 802 volentibus
1274 743 1430 798 nobis
1455 751 1511 798 et
1545 741 1857 798 nolentibus

263 861 369 902 nox
401 843 781 915 subsequitur;
805 840 954 895 illum
987 852 1116 893 vero
1136 835 1344 891 radium
1373 834 1606 890 tenebrae
1633 848 1739 888 non
1759 847 1858 888 no-

263 945 392 990 runt
426 953 440 990 :
475 935 594 990 Lua:
619 933 765 989 enim
792 933 845 986 in
878 929 1090 984 tenebris
1117 934 1248 982 lucet
1267 969 1282 994 ,
1310 936 1355 983 et
1381 926 1594 981 tenebrat
1618 941 1729 979 eam
1753 941 1854 978 non

260 1025 745 1098 comprehenderunt
777 1019 954 1094 (Joan.
985 1022 1037 1075 1ι
1065 1020 1140 1090 5).
1172 1019 1289 1074 Non
1318 1019 1397 1076 sic
1433 1019 1576 1073 enim
1625 1016 1855 1073 mundus

264 1127 344 1173 est
372 1117 548 1171 clarus
572 1115 781 1171 oriente
810 1112 980 1177 radio,
1000 1121 1060 1166 ut
1079 1112 1253 1166 anima
1277 1110 1572 1166 illustratur
1598 1117 1654 1164 et
1675 1109 1854 1179 splen-

260 1206 443 1260 didior
469 1206 525 1259 iit
552 1220 584 1260 a
613 1203 816 1272 Spiritu
853 1200 1079 1272 gratiam
1123 1201 1441 1270 suscipiens.
1468 1199 1540 1252 Et
1574 1198 1854 1254 considera

186 1310 190 1313 ·
260 1296 572 1366 diligentius
597 1307 778 1348 rerum
805 1301 1068 1346 naturam.
1091 1289 1258 1345 Nocte
1283 1289 1426 1345 enim
1449 1298 1618 1344 terras
1637 1296 1853 1344 tenente

258 1395 314 1441 et
339 1384 573 1440 tenebris
588 1382 957 1454 caligantibus,
973 1395 1116 1452 saepe
1135 1379 1430 1436 funiculum
1455 1379 1573 1451 quis
1595 1393 1845 1446 cernens,

259 1485 566 1548 serpentem
597 1490 716 1532 esse
745 1474 966 1544 putavit,
999 1483 1053 1529 et
1072 1473 1306 1527 amicum
1330 1472 1676 1528 accedentem
1709 1479 1850 1526 tam-

258 1586 422 1642 quam
451 1568 722 1625 inimicum
746 1567 897 1638 fugit,
913 1575 967 1622 et
994 1566 1272 1636 strepitum
1294 1565 1597 1642 quempiam
1614 1564 1850 1619 sentiens

261 1660 502 1732 trepidus
525 1659 693 1714 factus
718 1666 832 1723 est;
865 1657 1077 1712 lucente
1100 1671 1230 1711 vero
1265 1655 1353 1711 die
1398 1655 1531 1710 nihil
1567 1655 1674 1709 tale
1711 1654 1853 1709 acci-

260 1752 426 1819 derit,
453 1749 550 1806 sed
598 1749 776 1804 omnia
813 1747 988 1819 qualia
1021 1755 1146 1802 sunt
1173 1755 1433 1817 apparent
1464 1763 1478 1801 :
1518 1746 1660 1818 quod
1701 1753 1757 1800 et
1795 1745 1850 1801 in

257 1842 436 1895 anima
453 1850 637 1896 nostra
667 1839 943 1908 contingit.
965 1837 1252 1907 Postquam
1274 1837 1417 1891 enim
1433 1838 1601 1906 gratia
1629 1836 1851 1892 veniens

258 1940 440 1985 mente
464 1928 715 1985 tenebras
753 1925 1040 1997 expulerit,
1059 1941 1238 1981 rerum
1259 1925 1541 1980 veritatem
1569 1924 1845 1991 discimus,

258 2031 316 2076 ct
336 2021 492 2076 nobis
519 2020 652 2074 ﬁunt
677 2017 1031 2088 despicabiles
1071 2032 1158 2072 res
1197 2017 1344 2087 prius
1385 2017 1679 2073 tremenda:
1709 2034 1722 2070 :
1750 2031 1850 2073 nec

257 2112 401 2167 enim
437 2112 666 2182 amplius
716 2120 944 2166 mortem
984 2110 1268 2176 'timemus,
1315 2108 1602 2179 diligenter
1641 2124 1705 2164 ex
1749 2109 1851 2164 hac

257 2217 410 2257 sacra
460 2203 763 2267 initiatione
810 2200 1104 2270 discentes,
1133 2209 1362 2255 mortem
1410 2216 1516 2256 non
1550 2215 1671 2257 esse
1707 2216 1850 2257 mor-

259 2303 390 2360 tem,
434 2293 528 2348 sed
576 2307 824 2353 somnum
877 2303 932 2348 et
985 2291 1362 2347 dormitionem
1425 2294 1846 2362 temporariam:

259 2401 368 2439 non
398 2384 730 2454 pauperiem,
760 2399 865 2440 non
896 2383 1166 2450 morbum,
1201 2397 1307 2438 non
1338 2383 1482 2438 aliud
1513 2384 1638 2454 quid
1668 2384 1850 2454 hujus-

259 2474 406 2530 tnodi
436 2474 847 2530 rciormidamus
869 2516 884 2541 ,
912 2475 1146 2530 scientes
1173 2489 1273 2529 nos
1303 2475 1369 2528 ad
1413 2476 1688 2531 meliorem
1731 2487 1849 2532 ten-

257 2566 390 2622 dere
414 2568 574 2622 vitam
599 2606 613 2633 ,
639 2562 993 2632 immortalem
1021 2576 1074 2623 et
1103 2568 1464 2638 incorruptam
1492 2610 1506 2634 ,
1535 2569 1679 2625 etab
1705 2571 1849 2626 omni

263 2658 353 2710 tali
384 2657 603 2711 liberam
635 2656 1015 2726 inaequalitate.

330 2747 385 2801 εἰ.
425 2747 504 2802 Ne
533 2748 694 2818 igitur
726 2747 955 2818 amplius
982 2746 1048 2802 ad
1090 2747 1332 2804 mortalia
1353 2764 1668 2805 maneamus
1694 2749 1848 2804 hian-

261 2848 364 2905 tes,
397 2837 498 2893 ne‘c
528 2837 670 2893 circa
713 2853 914 2894 mense
952 2837 1192 2907 delicias,
1225 2855 1325 2895 nec
1372 2841 1517 2896 circa
1561 2843 1852 2898 vestimen-

263 2938 439 2982 torum
469 2935 716 2982 ornatum
747 2945 760 2980 :
787 2927 953 2985 babes
975 2929 1116 2984 enim
1141 2931 1428 2985 maximum
1454 2931 1847 3002 indumentum,

261 3019 428 3074 habes
455 3034 697 3073 mensam
728 3019 1056 3090 spiritualem
1082 3062 1097 3086 ,
1131 3020 1296 3076 habes
1323 3023 1550 3093 gloriam
1590 3039 1845 3094 superne,

266 3117 320 3163 et
345 3109 525 3163 omnia
559 3109 653 3163 tibi
681 3108 929 3164 Christus
949 3108 1118 3164 factus
1142 3117 1246 3176 est,
1282 3120 1334 3166 et
1361 3127 1545 3168 mensa
1566 3156 1580 3180 ,
1609 3124 1662 3168 et
1689 3115 1854 3170 vesti-

261 3208 522 3261 mentum,
550 3207 603 3253 et
647 3198 860 3266 domus,
898 3208 953 3254 et
1001 3208 1177 3270 caput,
1205 3209 1260 3256 et
1300 3202 1472 3256 radix.
1505 3203 1759 3273 Quotquot
1799 3204 1862 3259 ira

260 3286 460 3344 Christo
479 3289 622 3343 enim
652 3289 895 3357 baptisati
923 3289 1039 3343 estis
1058 3331 1073 3354 ,
1108 3288 1365 3345 Christum
1391 3291 1626 3346 induistis
1650 3292 1847 3366 (Galat.

262 3381 319 3437 3.
350 3380 465 3446 27).
521 3381 659 3436 Ecce
712 3380 985 3451 quomodo
1038 3383 1419 3438 vestimentum
1471 3384 1564 3440 tibi
1609 3395 1710 3441 est.
1760 3387 1853 3443 Vis

262 3473 472 3528 discere
494 3473 764 3543 quomodo
792 3481 845 3528 et
874 3488 1058 3530 mensa
1088 3474 1182 3529 tibi
1213 3475 1324 3529 sit?
1358 3474 1457 3542 Qui
1496 3493 1573 3530 me
1598 3480 1849 3546 comedit,

266 3562 474 3631 inquit,
506 3563 635 3616 sicut
685 3578 775 3633 ego
817 3563 926 3616 uiuo
976 3573 1182 3633 propter
1235 3561 1482 3632 Patrem,
1512 3566 1639 3620 uiuet
1685 3575 1731 3620 et
1769 3567 1855 3621 ille

265 3664 468 3721 propter
487 3649 752 3722 me(Joan.
784 3652 837 3706 6.
870 3650 982 3723 58).
1014 3652 1166 3719 Quod
1195 3662 1374 3708 autem
1403 3653 1594 3711 domus
1619 3657 1689 3710 sit
1717 3655 1849 3712 tibi:

265 3743 366 3808 Qui
391 3744 605 3799 comedit
645 3760 850 3798 carnem
899 3761 1099 3812 meam,
1133 3746 1184 3799 in
1223 3762 1304 3800 me
1338 3757 1504 3801 manet
1529 3757 1575 3801 et
1599 3766 1687 3819 ego
1715 3751 1768 3804 in
1796 3767 1854 3805 eo

263 3834 371 3902 (Ib.
402 3850 450 3888 υ.
480 3835 593 3905 57).
626 3833 694 3888 Et
719 3835 862 3905 quod
893 3833 1064 3911 radix,
1087 3853 1300 3892 rursum
1330 3839 1502 3909 inquit
1531 3857 1544 3893 :
1579 3839 1691 3911 Ego
1717 3842 1850 3908 vitis,

262 3942 349 3981 eos
394 3927 643 3996 palmites.
701 3927 768 3981 Et
794 3927 938 3998 quod
988 3926 1174 3989 frater.
1209 3937 1265 3984 et
1301 3930 1503 3984 amicus
1528 3973 1542 3997 ,
1575 3947 1804 4002 sponsus
1835 3951 1847 3987 :

265 4016 386 4071 Non
407 4019 626 4086 amplius
649 4035 736 4073 vos
766 4019 932 4072 dicam
951 4035 1136 4075 seruos.
1169 4019 1267 4075 Vos
1295 4023 1425 4076 enim
1449 4023 1598 4078 amici
1613 4024 1707 4078 mei
1738 4027 1854 4081 estis

265 4109 442 4177 (Joan.
468 4109 554 4164 15.
579 4110 633 4164 5.
664 4119 710 4162 et
743 4110 834 4178 15)
863 4127 876 4164 :
907 4119 962 4165 et
991 4111 1215 4166 Paulus:
1242 4111 1499 4182 Despondi
1520 4131 1604 4169 vos
1633 4116 1723 4169 uni
1749 4119 1852 4172 viro

263 4197 503 4271 virginem
530 4210 721 4254 castam
738 4200 968 4255 exhibere
985 4201 1183 4256 Christo
1200 4204 1278 4273 (2.
1296 4203 1414 4258 Cor.
1433 4207 1520 4272 11,
1535 4207 1593 4272 2)
1620 4225 1634 4273 ;
1660 4216 1716 4262 et
1731 4225 1851 4265 rur-

261 4305 410 4346 sum:
441 4290 506 4346 Ut
533 4293 596 4346 sit
625 4293 731 4363 ipse
753 4294 1111 4363 primogenita:
1133 4295 1184 4348 in
1217 4296 1387 4349 multis
1415 4299 1656 4366 fratribus
1675 4299 1848 4370 (Rom.

263 4387 314 4438 8.
339 4384 452 4451 29).
483 4383 594 4439 Nec
641 4385 829 4441 fratres
859 4395 1063 4440 tantum
1106 4388 1289 4456 ipsius,
1326 4404 1510 4443 verum
1547 4399 1599 4444 et
1645 4393 1851 4458 pueruli

261 4489 477 4530 sumus:
503 4474 634 4528 Ecce
653 4476 805 4542 enim,
839 4475 1027 4546 inquit,
1058 4493 1148 4547 ego
1169 4487 1212 4531 et
1241 4479 1457 4548 pueruli,
1487 4497 1610 4548 quos
1635 4482 1847 4534 tradidit

263 4568 384 4620 mihi
411 4566 547 4621 Deus
576 4566 725 4638 (Isai.
756 4568 811 4622 8.
848 4567 955 4639 18).
984 4568 1099 4623 Non
1158 4570 1260 4623 hoc
1312 4580 1488 4625 autem
1536 4572 1730 4638 solum,
1761 4590 1851 4628 ve-

263 4674 380 4714 rum
405 4669 460 4714 ct
485 4655 719 4715 membra
743 4662 907 4732 ipsius
933 4672 984 4716 et
1010 4677 1201 4732 corpus
1228 4663 1340 4732 ejus
1368 4666 1384 4732 (
1408 4666 1454 4718 1.
1480 4665 1594 4717 Cor.
1626 4665 1711 4719 l2.
1735 4666 1846 4737 27).

261 4753 556 4821 Tamquam
589 4753 731 4806 enim
765 4769 868 4806 non
909 4753 1220 4808 sufﬁcerent
1245 4770 1328 4820 ea,
1358 4771 1476 4824 quae
1508 4757 1756 4823 dixerat,
1783 4757 1851 4810 ad

263 4843 730 4899 demonstrandam
785 4827 1229 4910 benevolentiam,
1270 4855 1324 4900 et
1366 4848 1640 4902 caritatem
1689 4865 1845 4918 quam

261 4949 385 5005 erga
417 4949 517 4990 nos
544 4935 784 5000 exhibet,
812 4944 866 4989 et
889 4935 1031 4990 aliud
1055 4936 1136 4991 his
1176 4936 1348 5005 majus
1392 4947 1448 4991 et
1495 4941 1710 5008 propius
1744 4956 1844 5008 po-

261 5029 397 5092 suit,
454 5042 513 5082 se
559 5037 719 5096 caput
767 5039 1008 5082 nostrum
1049 5029 1322 5098 appellans
1371 5028 1594 5101 (Ephes.
1645 5032 1698 5085 1.
1729 5033 1843 5104 22).

263 5117 385 5172 llrec
412 5118 595 5171 omnia
622 5126 770 5172 certo
799 5119 992 5180 sciens,
1016 5119 1236 5184 dilecte,
1270 5121 1344 5174 sis
1375 5130 1556 5191 gratus
1583 5138 1710 5190 erga
1753 5125 1847 5178 be-

259 5207 588 5263 nefactorem
617 5217 764 5261 tuum
789 5211 986 5278 optima
1031 5212 1464 5274 conversatione,
1499 5220 1552 5266 et
1598 5215 1845 5268 sacriﬁcii

259 5298 676 5368 magnitudinem
711 5298 973 5367 cogitans,
1005 5315 1132 5353 orna
1179 5303 1418 5370 corporis
1454 5304 1526 5355 tui
1569 5304 1842 5358 membra:

258 5389 431 5458 cogita
457 5388 585 5458 quid
615 5404 774 5442 manu
804 5389 1004 5458 capias,
1033 5405 1129 5444 nec
1159 5407 1406 5460 umquam
1447 5392 1613 5446 ullum
1653 5394 1847 5449 verbe-

261 5492 377 5532 rare
427 5478 666 5544 audeas,
713 5494 810 5533 nec
860 5487 1007 5532 tanto
1047 5479 1349 5534 decoratam
1397 5498 1647 5549 munere,
1677 5484 1847 5554 plaga:

261 5567 486 5624 crimine
536 5568 878 5624 dedecores:
925 5571 1096 5640 cogita
1141 5572 1265 5641 quid
1312 5589 1471 5628 manu
1523 5575 1700 5644 capias
1727 5618 1740 5642 ,
1793 5586 1847 5631 et

264 5660 428 5728 ipsam
461 5660 531 5714 ab
560 5661 709 5715 omni
749 5661 969 5717 avaritia
996 5673 1049 5717 et
1078 5665 1261 5732 rapina
1304 5666 1524 5724 liberam
1564 5684 1841 5725 conserva.

267 5749 467 5818 liepnta
501 5750 642 5821 quod
671 5767 774 5807 non
803 5761 1006 5806 tantum
1039 5770 1196 5809 manu
1229 5757 1440 5825 capias,
1472 5776 1655 5815 verum
1688 5770 1734 5816 et
1766 5765 1842 5818 ori

580 5848 851 5909 ΡΑτιιοι.
902 5854 1018 5912 (in.
1063 5856 1112 5913 Χ
1133 5855 1286 5916 LIX.

1225 339 1317 438 Al)
1356 356 1857 443 manumanus
1883 355 2305 417 succussu
2329 319 2393 416 u.

3445 379 3555 442 23b

1965 466 2274 537 admoveas,
2301 482 2356 528 et
2383 471 2616 544 linguam
2641 477 2850 533 custodi
2892 495 2921 534 a
2952 487 3355 546 contumeliosis
3398 507 3554 548 mun-

1961 557 2084 612 dam
2108 569 2161 614 et
2191 561 2433 630 turpibus
2461 564 2657 630 verbis,
2690 566 3039 640 blasphemia,
3064 576 3322 646 pcrjnrio,
3351 590 3405 636 et
3435 583 3554 640 aliis

1961 651 2210 707 omnibus
2260 652 2585 736 hujnstnodi.
2616 656 2828 713 Etenim
2876 664 3232 731 perniciosum
3280 680 3398 739 est,
3444 683 3552 730 tam

1963 739 2254 796 tremendis
2288 743 2681 801 ministrantem
2735 751 3007 820 mysteriis
3048 754 3284 826 linguam
3330 769 3384 814 et
3428 777 3554 818 san-

1959 829 2118 898 guine
2146 825 2236 886 tali
2263 845 2630 904 purpuratam,
2659 847 2714 893 ct
2740 838 2933 896 factam
2959 825 3201 913 auream,
3223 848 3457 918 gladium
3479 853 3547 909 ad
3590 905 3592 907 .

1959 921 2197 976 convicia
2245 932 2301 978 et
2341 927 2695 998 contumelias
2744 939 2800 985 et
2840 935 3192 993 scurrilitates
3241 941 3552 1000 transferre.

1960 1010 2230 1070 Reverere
2257 1014 2516 1091 honorem
2539 1034 2644 1089 quo
2667 1021 2809 1078 Deus
2833 1024 3003 1095 ipsam
3031 1027 3331 1101 honoravit,
3362 1051 3462 1091 nec
3484 1037 3552 1092 ad

1959 1104 2165 1173 peccati
2196 1119 2347 1161 usum
2372 1107 2541 1179 ipsam
2559 1109 2833 1180 deducas;
2858 1116 2952 1171 sed
2981 1134 3192 1178 rursum
3222 1123 3555 1184 animadver-

1961 1203 2098 1262 tens,
2131 1197 2270 1267 quod
2289 1209 2410 1268 post
2435 1216 2652 1258 manum
2675 1214 2728 1260 et
2751 1206 2983 1278 linguam
3018 1226 3115 1268 cor
3141 1217 3400 1289 suscipiat
3435 1199 3547 1277 tre-

1954 1286 2210 1376 mendum
2240 1289 2368 1344 illud
2398 1294 2713 1373 mysterium
2739 1338 2752 1362 ,
2779 1313 2846 1352 ne
2876 1315 3128 1372 umquam
3163 1305 3218 1360 in
3245 1286 3546 1377 proximum
3629 1362 3641 1376 ,

1956 1389 2186 1446 cpnsuas
2213 1378 2414 1449 dolum,
2443 1382 2539 1438 sed
2579 1396 2813 1442 mentem
2856 1397 2999 1445 tuam
3044 1393 3112 1449 ab
3157 1400 3301 1453 omni
3349 1401 3550 1458 malitia

1958 1469 2212 1524 mundam
2253 1486 2546 1543 conserva;
2577 1477 2655 1531 sic
2700 1488 2754 1533 et
2799 1483 3096 1550 oculos,et
3139 1503 3296 1546 aures
3341 1496 3551 1551 munire

1959 1559 2180 1657 poteris.
2211 1559 2493 1626 Quomodo
2528 1567 2672 1621 enim
2720 1584 2824 1624 non
2857 1580 2941 1627 est
2964 1573 3253 1638 absurdum
3286 1593 3407 1650 post
3435 1601 3553 1657 my—

1954 1649 2140 1703 sticam
2190 1651 2333 1707 illam
2389 1669 2574 1711 vocem
2625 1675 2655 1712 e
2711 1661 2857 1716 cmlis
2887 1662 3143 1733 delatam,
3183 1684 3213 1723 a
3257 1649 3547 1731 Cherubin]

1954 1738 2096 1808 dico,
2125 1744 2445 1801 meretriciis
2486 1749 2729 1805 cantibus
2774 1762 2829 1807 et
2868 1753 3050 1815 fractis
3095 1761 3346 1828 melodiis
3386 1780 3544 1823 aures

1955 1831 2276 1902 inquinare?
2301 1839 2569 1908 quomodo
2597 1857 2725 1896 vero
2751 1860 2858 1899 non
2880 1857 3118 1905 extrema
3148 1868 3302 1921 paena
3329 1857 3547 1928 dignum

1954 1930 2038 2020 cst
2059 1963 2074 1984 ,
2107 1924 2277 1980 oculis
2317 1927 2511 1996 quibus
2552 1945 2749 1986 arcana
2774 1933 2924 1991 vides
2954 1947 3008 1992 et
3038 1943 3312 1998 tremenda
3355 1924 3549 2020 myste-

1955 2011 2054 2078 ria,
2086 2012 2170 2068 his
2223 2018 2538 2075 meretrices
2588 2031 2854 2092 spectare,
2903 2035 2959 2082 et
2992 2039 3173 2086 mente
3225 2011 3544 2095 adultei'iunt

1955 2107 2250 2161 exemere?
2278 2107 2360 2163 Ad
2391 2111 2605 2180 nuptias
2632 2125 2855 2172 vocatus
2884 2132 2944 2174 es
2968 2160 2982 2184 ,
3015 2121 3244 2180 dilecte:
3275 2143 3343 2183 ne
3379 2130 3548 2189 intres

1954 2195 2186 2251 sordidis
2221 2197 2441 2256 indutus
2480 2203 2836 2272 vestimentis,
2879 2208 2974 2265 sed
3024 2216 3223 2284 nuptiis
3258 2233 3545 2292 congruam

1954 2301 2086 2356 cape
2104 2299 2336 2345 vestem.
2364 2291 2436 2348 'Si
2476 2295 2620 2375 enim
2648 2297 2716 2352 ad
2744 2302 2961 2370 nuptias
2988 2307 3271 2365 sensibiles
3299 2291 3548 2372 homines

1955 2379 2176 2446 invitati,
2216 2384 2316 2438 etsi
2364 2387 2603 2442 omnium
2653 2395 2979 2462 pauperrimi
3023 2399 3163 2468 sint,
3215 2413 3402 2461 mutuo
3449 2423 3542 2463 su-

1955 2481 2161 2526 mentes
2187 2488 2330 2545 saepe
2349 2475 2434 2532 vel
2461 2490 2702 2538 ementes
2731 2486 3108 2544 vestimentum
3146 2495 3399 2551 mundum
3420 2538 3436 2564 ,
3467 2501 3547 2557 sic

1959 2576 2016 2617 se
2045 2565 2360 2623 vocantibus
2384 2583 2674 2628 occurrunt
2704 2593 2716 2628 :
2749 2585 2799 2631 et
2831 2586 2884 2632 tu
2913 2579 2980 2635 ad
3003 2585 3216 2653 nuptias
3244 2589 3548 2658 spirituales

1955 2665 2002 2708 et
2030 2656 2253 2725 prandia
2277 2670 2496 2716 vocatus
2527 2667 2750 2735 regalia,
2775 2670 3086 2729 consideres
3123 2656 3289 2746 quale
3326 2680 3546 2752 dignum

1954 2745 2020 2799 sit
2047 2757 2099 2802 te
2121 2749 2358 2818 nuptiale
2385 2755 2763 2812 vestimentum
2789 2775 3127 2832 comparare.
3156 2768 3355 2826 Verum
3385 2745 3546 2831 venim

1957 2850 2083 2891 vero
2106 2853 2204 2893 nec
2229 2853 2366 2909 opus
2391 2851 2472 2896 est
2501 2858 2836 2916 comparare,
2867 2853 2963 2907 sed
2994 2854 3110 2923 ipse
3138 2859 3224 2927 qui
3254 2871 3410 2918 vocat
3454 2839 3549 2920 tibi

1955 2927 2048 2983 dat
2093 2932 2294 3000 gratis,
2335 2950 2404 2990 ne
2427 2938 2508 2992 vel
2554 2952 2921 3011 paupertatem
2966 2952 3300 3017 prmtendere
3345 2959 3545 3015 valeas.

1957 3019 2151 3076 Scrves
2179 3022 2358 3094 itaque
2391 3029 2530 3096 quod
2572 3035 2826 3103 accepisti
2868 3041 3246 3100 vestimentum
3273 3065 3287 3112 ;
3314 3050 3356 3103 si
3393 3068 3550 3108 nam.

1956 3125 2059 3178 que
2114 3113 2441 3207 perdideris,
2481 3121 2710 3188 amplius
2752 3130 3088 3186 eommodato
3139 3137 3383 3207 accipere
3441 3160 3547 3199 non

1959 3202 2156 3270 poteris
2182 3243 2198 3271 ,
2244 3214 2337 3260 aut
2391 3221 2616 3264 emere:
2662 3229 2924 3285 nusquam
2965 3222 3108 3276 enim
3152 3202 3401 3284 venditur
3446 3234 3550 3291 tale

1958 3294 2350 3353 vestimentum.
2368 3300 2572 3356 Audisti
2602 3308 2869 3374 quomodo
2896 3325 3214 3379 gemuerunt
3237 3319 3361 3374 olim
3386 3326 3553 3381 sacris

1959 3383 2280 3453 introducti,
2321 3399 2375 3445 et
2428 3403 2611 3460 pectus
2644 3411 3053 3470 percusserunt,
3100 3422 3193 3463 eos
3243 3411 3553 3474 stimulante

1957 3478 2282 3534 conscientia
2309 3482 2670 3546 ‘2Considera
2700 3489 2857 3559 igitur
2885 3503 2939 3548 et
2969 3505 3042 3561 tu,
3072 3497 3295 3568 dilecte,
3331 3523 3398 3563 ne
3427 3525 3548 3564 um-

1957 3583 2113 3637 quam
2143 3570 2245 3625 hoc
2275 3573 2510 3641 patiaris.
2536 3576 2814 3643 Quomodo
2838 3595 3014 3640 autem
3044 3605 3146 3643 non
3177 3595 3411 3663 patieris,
3443 3615 3553 3656 non
3643 3645 3645 3647 .

1958 3661 2172 3744 expulsa
2216 3679 2373 3731 prava
2426 3668 2687 3723 malorum
2727 3678 3152 3735 consuetudine?
3180 3661 3468 3755 Propterea
3498 3703 3552 3746 et

1958 3752 2104 3820 prius
2136 3754 2241 3808 dixi
2286 3765 2340 3810 et
2389 3773 2529 3811 nunc
2575 3759 2714 3826 dico,
2743 3772 2797 3817 et
2822 3765 2999 3823 dicere
3047 3786 3153 3825 non
3193 3752 3478 3848 desistam,
3507 3785 3552 3838 si

1958 3844 2076 3911 quis
2103 3859 2309 3899 morum
2332 3847 2454 3900 vitia
2483 3864 2586 3903 non
2618 3856 2848 3908 correxit
2874 3872 2973 3912 nec
3011 3859 3109 3914 sibi
3148 3863 3355 3921 facilem
3393 3844 3550 3939 para-

1959 3937 2031 3989 vit
2069 3937 2316 3993 virtutem
2343 3981 2356 4004 ,
2389 3956 2456 3996 ne
2506 3943 2822 4012 baptizctur.
2855 3949 3040 4006 Priora
3088 3971 3278 4028 nempe
3328 3937 3549 4019 crimina

1958 4029 2227 4083 lavacrum
2258 4032 2472 4088 abluere
2501 4045 2706 4103 potest;
2734 4039 2892 4095 timor
2925 4055 3101 4100 autem
3132 4066 3235 4104 non
3271 4069 3461 4120 parvus
3499 4070 3554 4112 et

1960 4122 2249 4188 periculum
2275 4139 2377 4178 non
2405 4127 2692 4195 mediocre,
2719 4146 2787 4186 ne
2807 4148 3017 4190 rursum
3050 4139 3116 4193 ad
3143 4143 3330 4198 eadem
3358 4148 3548 4203 redea-

1959 4227 2109 4278 mus,
2141 4224 2195 4267 et
2238 4213 2289 4267 in
2330 4216 2519 4271 vulnus
2565 4220 2716 4274 nobis
2757 4223 3019 4279 medicina
3055 4238 3312 4287 vertatur.
3342 4234 3552 4303 Quanto

1958 4320 2182 4374 namque
2223 4306 2392 4376 major
2422 4307 2557 4363 facta
2591 4321 2670 4365 est
2698 4315 2861 4383 gratia
2885 4357 2897 4380 ,
2936 4327 3079 4373 lauto
3106 4325 3330 4393 amplior
3365 4340 3550 4397 postea

1958 4398 2298 4465 peccantibus
2327 4414 2502 4467 poena.

2029 4487 2081 4539 5.
2125 4487 2199 4541 Ne
2226 4488 2383 4557 igitur
2409 4490 2472 4544 ad
2503 4492 2783 4560 pristinum
2819 4497 3100 4555 redeamus
3126 4506 3380 4564 vomitum
3400 4551 3413 4576 ,
3438 4511 3548 4582 jam

1959 4592 2055 4631 nos
2083 4581 2224 4647 ipsos
2249 4581 2572 4637 erudiamus.
2600 4586 2750 4652 Quod
2783 4590 2925 4644 enim
2970 4604 3214 4662 oporteat
3256 4600 3402 4668 prius
3429 4581 3551 4674 pm-

1958 4670 2180 4724 nituisse
2211 4680 2263 4724 et
2289 4686 2315 4723 a
2342 4673 2609 4740 prioribus
2639 4677 2908 4735 destitisse
2938 4684 3111 4750 malis,
3138 4696 3191 4741 et
3229 4690 3306 4744 sic
3343 4693 3407 4747 ad
3429 4670 3553 4765 gra-

1957 4759 2082 4813 tiam
2127 4763 2418 4830 accedere,
2446 4766 2568 4820 audi
2614 4769 2738 4836 quid
2780 4769 3010 4827 Joannes
3059 4777 3218 4844 dicat,
3252 4785 3376 4851 quid
3422 4759 3552 4842 vero

1958 4851 2209 4948 princeps
2227 4856 2590 4921 apostolorum
2614 4857 2869 4927 baptizari
2890 4863 3224 4923 debentibus.
3244 4873 3334 4928 Ille
3353 4891 3554 4948 nempe

1955 4939 2083 4994 dicit.
2115 4958 2127 4994 :
2159 4941 2337 4997 Facite
2367 4948 2587 5014 fructum
2620 4948 2829 5019 dignum
2858 4956 3162 5022 pandentia:
3189 4977 3206 5013 :
3237 4972 3284 5015 et
3321 4981 3384 5019 ne
3423 4939 3554 5022 inci-

1957 5033 2104 5098 ;ziatis
2129 5035 2292 5088 dicere
2317 5036 2448 5089 intra
2474 5054 2578 5104 vos,
2611 5037 2818 5096 Patrem
2853 5045 3091 5103 habemus
3115 5051 3372 5109 Abraham
3394 5057 3544 5128 (Luc.

1957 5123 2105 5193 5.8).
2140 5125 2235 5180 Hic
2264 5129 2910 5201 autcminterrogantihus
2955 5153 3140 5195 rursus
3180 5145 3356 5200 aiebat
3381 5123 3548 5205 ξιτα-

1956 5213 2211 5266 nitentium
2238 5217 2389 5284 agite,
2421 5227 2467 5271 et
2509 5219 2790 5289 baptizetur
2836 5227 3044 5299 quisque
3085 5244 3299 5288 uestrum
3347 5240 3398 5290 in
3449 5259 3546 5296 ua-

1955 5304 2086 5355 mine
2132 5303 2342 5359 Domini
2391 5311 2549 5362 nostri
2575 5310 2703 5366 Jesu
2731 5312 2918 5369 Christi
2946 5318 3080 5390 (Act.
3107 5323 3158 5376 2.
3182 5325 3297 5399 58).
3324 5329 3422 5395 Qui
3451 5348 3517 5387 au
3537 5364 3549 5377 -

1957 5403 2060 5447 tem
2101 5398 2208 5465 agit
2255 5399 2643 5471 pmnitentiam,
2675 5420 2779 5460 non
2822 5411 3050 5478 amplius
3104 5398 3290 5474 eadem
3339 5425 3549 5496 attingit

1956 5486 2195 5554 negotia,
2228 5503 2454 5557 quorum
2484 5494 2727 5560 paenituit
2760 5515 2774 5550 :
2806 5498 3300 5573 ideoquejubemur
3323 5486 3542 5572 dicere:

1956 5576 2288 5633 Abrenuntio
2314 5581 2428 5649 tibi,
2459 5591 2676 5653 satana,
2706 5602 2772 5643 ne
2800 5591 3028 5660 amplius
3058 5596 3124 5650 ad
3163 5598 3335 5668 ipsum
3366 5621 3546 5662 rever-

2450 5722 2614 5778 Ρθίηίδ
2649 5731 3001 5783 minimc-"mu,
3052 5728 3416 5794 conscientiam,
3451 5749 3543 5787 v.7-

1954 5775 2341 5837 prrgefocientes.

3118 5870 3193 5930 15
