4190 6322
460 397 568 453 237

470 512 599 582 ἡμῖν
632 508 697 563 τά
728 506 1114 581 ἁμαρτήματα,
1144 503 1261 560 ἀλλ’
1282 506 1365 559 ότι
1414 490 1555 559 αύτά
1605 501 1727 556 ούδέ
1776 498 2130 561 ἐκκαλύπτει,

467 597 587 652 οιέδέ
614 599 758 651 ποιεῖ
782 594 990 666 φανερά
1010 593 1104 648 καὶ
1130 592 1287 664 δῆλα,
1310 592 1432 647 ούδέ
1448 584 1745 661 ἀναγκάζει
1766 585 2131 657 παρελθόντας

468 687 549 748 είς
580 685 740 755 μέσον
768 682 1002 749 ἐξειπεῖν
1029 682 1101 735 τά
1129 677 1660 751 πεπλημμελημένα,
1677 673 1955 745 ἀλλάύτῷ
1988 673 2133 745 μόνῳ

464 768 905 844 ἀπολογήσασθαι
921 767 1133 822 κελεύει
1157 767 1250 822 καὶ
1274 767 1410 838 πρὸς
1432 762 1594 819 αὑτὸν
1613 760 2129 832 ἐξομολογήσασθαι.

469 862 660 915 Καίτοι
701 875 765 926 γε
795 861 860 912 ἐκ
888 855 998 909 τῶν
1025 855 1224 922 ἐξωθεν
1251 851 1519 907 δικαστῶν
1543 851 1598 905 εί
1620 867 1707 913 τις
1738 844 1863 902 εἶπέ
1892 866 1998 925 τινι
2025 848 2133 902 τῶν

467 950 702 1003 ἁλόντων
730 944 941 1020 λῃστῶν
968 943 1001 1013 ἡ
1035 939 1430 1012 τυμϐωρύχων,
1453 939 1627 991 εἰπεῖν
1650 936 1722 990 τά
1745 935 2135 1007 πεπλημμελη-

470 1036 627 1105 μένα,
657 1034 757 1088 καὶ
788 1029 1055 1101 ἀφεθῆναι
1082 1029 1183 1099 τῆς
1226 1026 1524 1090 κολάσεως,
1563 1023 1713 1095 πάσῃ
1752 1021 2033 1094 προθυμίᾳ
2065 1020 2133 1074 ἀν

464 1120 815 1184 κατεδέξαντο
857 1115 1037 1181 τοῦτο,
1070 1116 1136 1185 τῇ
1168 1112 1273 1184 τῆς
1310 1111 1585 1183 σωτηρίας
1620 1107 1889 1181 ἐπιθυμία
1916 1108 2016 1179 τῆς
2044 1108 2125 1162 αί-

464 1208 666 1279 σχύνης
720 1200 1211 1274 καταφρονοῦντες.
1249 1197 1515 1253 Ἐνταῦθα
1581 1196 1638 1250 δὲ
1688 1195 1843 1249 οὐδὲν
1895 1193 2133 1249 τοιοῦτόν

462 1301 629 1362 ἐστιν,
654 1295 789 1351 ἀλλά
813 1294 908 1348 καὶ
929 1292 1125 1363 ἀφίησι
1144 1289 1216 1344 τὰ
1234 1290 1631 1361 ἁμαρτήματα,
1646 1288 1751 1340 καὶ
1770 1286 1870 1340 ούκ
1893 1284 2134 1353 ἀναγκά-

462 1387 545 1450 ζει
583 1383 868 1455 παρόντων
903 1378 1063 1434 τινῶν
1100 1376 1241 1432 αύτά
1273 1374 1669 1447 ἐκπομπεύειν,
1720 1372 1837 1426 ἀλλ’
1867 1372 1926 1426 ἐν
1975 1370 2132 1443 μόνον

461 1472 629 1543 ζητεῖ,
661 1471 809 1533 ὅπως
842 1466 1005 1531 αὐτὸς
1033 1468 1062 1520 6
1088 1467 1186 1536 τῆς
1229 1463 1480 1535 ἀφέσεως
1512 1460 1802 1517 ἀπολαύων
1848 1458 2011 1543 μάθοι
2034 1458 2135 1528 τῆς

458 1540 666 1631 δωρεᾶς
696 1558 757 1611 τὸ
789 1553 1032 1627 μέγεθος.
1068 1551 1198 1616 Πῶς
1241 1545 1335 1605 οὖν
1366 1550 1467 1605 οὐκ
1497 1550 1696 1605 ἄτοπον
1738 1549 1796 1601 ἐν
1840 1540 1923 1611 οῖς
1970 1545 2133 1610 αὐτὸς

460 1647 609 1717 ἡμᾶς
633 1643 913 1715 εὐεργετεῖ
932 1642 980 1693 εί
1000 1642 1218 1712 ἀρκοίτο
1239 1640 1304 1710 τῇ
1328 1637 1457 1709 παρ’
1484 1635 1641 1706 ἡμῶν
1665 1632 1945 1706 μαρτυρίᾳ
1971 1632 2129 1705 μόνῃ,

461 1735 620 1802 ἡμεῖς
646 1732 702 1784 δὲ
727 1732 784 1783 ἐν
815 1722 895 1791 οἷς
916 1726 1077 1779 αὑτὸν
1098 1724 1494 1795 θεραπεύομεν,
1524 1722 1744 1793 ἐτέρους
1765 1719 2131 1792 ἐπιζητοῦμεν

464 1821 740 1890 μάρτυρας
772 1814 866 1868 καὶ
893 1813 1029 1884 πρὸς
1055 1810 1313 1876 ἐπίδειξίν
1338 1826 1393 1863 τι
1420 1808 1709 1880 ποιοῦμενς
1741 1808 2133 1877 Θαυμάσαντες

458 1906 633 1959 τοίνυν
670 1903 768 1974 τὴν
796 1899 961 1956 αὐτοῦ
989 1897 1389 1969 φιλοφροσύνην
1434 1894 1834 1967 ἐπιὼιξιῦμθα
1875 1893 1946 1948 τά
2000 1894 2131 1966 παρ’

458 1993 635 2063 ἡμῶν,
668 1990 763 2045 καὶ
813 1986 920 2060 πρὸ
972 1985 1081 2041 τῶν
1127 1984 1304 2040 ἀλλων
1335 1984 1590 2039 ἀπάντων
1618 1984 1717 2054 τὴν
1759 1982 1858 2052 τῆς
1887 1979 2134 2051 γλώττης

459 2079 842 2151 χαλινὼσωμεν
877 2073 1078 2146 ῥύμην,
1111 2074 1208 2126 καὶ
1239 2069 1313 2144 μὴ
1335 2071 1425 2126 ἀεὶ
1450 2068 1851 2139 φθεγγώμεθα⁹
1899 2068 1995 2151 ἐκ
2023 2068 2133 2139 γὰρ

459 2149 829 2235 ,ξολυλογίας
862 2163 973 2240 ρὺκ
998 2158 1262 2230 ἓκφεύξῃ
1300 2157 1722 2227 ἁμαρτίαν-,Ἂν
1756 2156 1855 2225 μὲν
1884 2149 1978 2209 οὖν
2003 2154 2134 2224 ἐχῃς

458 2274 511 2308 τι
570 2254 842 2324 χρήσιμον
903 2250 1097 2309 εἰπεῖν,
1129 2245 1337 2309 ἄνοιξον
1389 2244 1459 2297 τά
1513 2244 1689 2313 χείλη,
1744 2242 1812 2297 ἂν
1856 2242 1915 2296 δὲ
1965 2240 2135 2313 μηδὲν

463 2343 757 2408 ἁναγκαῖον
784 2334 839 2411 ᾗ,
872 2336 1001 2403 σίγα
1021 2350 1035 2363 ·
1066 2334 1273 2403 βέλτιον
1296 2331 1426 2402 γάρ.

533 2428 891 2496 Χειροτέχνης
942 2418 1024 2487 εἷ;
1078 2417 1439 2488 καθεζόμενος
1465 2416 1633 2485 ψάλλε
1655 2432 1668 2445 '
1713 2415 1829 2468 ἀλλ’
1856 2416 1915 2467 οὐ
1952 2414 2131 2485 βούλει

458 2513 537 2585 τῷ
565 2513 790 2583 στόματι
809 2508 1066 2579 ψάλλεινς
1087 2509 1156 2577 τῇ
1182 2504 1395 2575 διανοίᾳ
1420 2502 1580 2555 τοῦτο
1606 2502 1748 2554 ποίει
1767 2518 1780 2531 ο
1809 2501 1982 2571 μέγας
2003 2519 2131 2554 συν-

458 2601 644 2672 όμιλος
677 2602 706 2653 6
734 2596 969 2668 ψαλμός.
997 2592 1163 2648 Οὺδέν
1194 2589 1444 2645 ἐντεῦθεν
1477 2590 1758 2658 ύποστὴσῃ
1795 2588 1987 2651 δεινὸν,
2018 2587 2133 2640 ἀλλ’

458 2689 534 2751 ὼς
558 2688 617 2739 ἐν
640 2683 985 2758 μοναστηρίῳ
1008 2682 1065 2736 ἐν
1089 2680 1166 2751 τῷ
1188 2676 1536 2751 ἐργαστηρίῳ
1554 2675 1760 2745 δυνήσῃ
1785 2672 2132 2737 καθέζεσθαι·

461 2777 522 2828 οὐ
552 2774 659 2844 7&9
688 2773 868 2825 τόπων
902 2767 1298 2839 ἐπιτηδειότης,
1340 2763 1479 2817 ἀλλά
1504 2762 1723 2833 τρόπων
1756 2758 2010 2832 ἀκρίϐεια
2038 2759 2135 2830 τὴν

462 2861 692 2931 ἡσυχίαν
722 2861 854 2928 ἡμῖν
899 2855 1216 2925 παρέξεται.
1258 2848 1471 2912 Παῦλος
1515 2847 1647 2917 γοῦν
1690 2850 1749 2900 ἐν
1784 2848 2136 2918 ἐργαστηρίῳ

460 2951 527 3019 τῇ
583 2947 745 3017 τέχνῃ
799 2943 1155 3014 κεχρημένος,
1207 2938 1359 2991 οὐδὲν
1412 2938 1491 3000 είς
1536 2935 1634 3006 τὴν
1685 2934 1891 2987 οἰκείαν
1935 2934 2135 3005 ἀρετὴν

462 3032 804 3106 παρεϐλάϐη.
838 3029 931 3099 Μὴ
960 3028 1138 3080 τοίνυν
1166 3024 1293 3092 λέγε
1333 3022 1398 3075 σύ
1425 3038 1439 3052 ·
1478 3023 1602 3085 Πῶς
1630 3021 1929 3091 δυνήσομαι
1956 3037 2135 3095 χειροέ

460 3123 654 3193 τέχνης
680 3117 755 3171 ὣν
784 3116 877 3170 καὶ
905 3114 1074 3184 πένης
1106 3113 1449 3182 φιλοσοφεῖν;
1481 3109 1581 3163 Διά
1610 3108 1768 3163 τοῦτο
1796 3110 1894 3179 μὲν
1915 3106 2008 3163 οὖν
2030 3110 2134 3181 μά-

461 3211 620 3271 λιστα
652 3207 851 3277 δυνήσῃ
886 3202 1216 3270 φιλοσοφεῖν.
1250 3200 1365 3251 Καὶ
1404 3197 1515 3267 7&9
1559 3197 1720 3250 πενία
1758 3196 2011 3263 πλούτου,
2043 3199 2135 3251 καὶ

463 3296 696 3370 ἐργασία
731 3292 929 3365 ἀργίας
962 3289 1098 3361 πρὸς
1130 3286 1417 3340 εύλάϐειαν
1440 3287 1571 3355 ἡμῖν
1592 3283 2135 3355 ἐπιτηδειότερον,ὠς

460 3388 491 3440 δ
517 3402 579 3451 γε
610 3382 835 3443 πλοῦτος
867 3380 979 3441 τοῖς
1014 3376 1087 3448 μὴ
1118 3372 1447 3446 προσέχουσι
1490 3371 1583 3425 καὶ
1622 3371 1878 3440 ἐμπόδιον
1903 3371 2133 3438 γίνεται.

465 3475 634 3527 ὀταν
667 3468 776 3539 γὰρ
804 3464 971 3538 ὀργὴν
999 3464 1092 3536 δέῃ
1126 3464 1363 3531 ἀφεῖναι,
1392 3461 1519 3513 ὅταν
1560 3457 1751 3511 σϐέσαι
1784 3458 1995 3526 φθόνον,
2010 3459 2136 3512 ὅταν

464 3561 741 3631 χαλᾶσαι·
776 3553 967 3623 θυμὸν,
1013 3552 1140 3603 ὅταν
1188 3548 1351 3618 εὐχὴν
1384 3544 1776 3631 ἐπιδείξασθαι,
1806 3546 1933 3597 ὅταν
1961 3547 2135 3598 ἐπιείο

467 3630 622 3699 κειαν
655 3644 751 3697 καὶ
798 3638 1101 3711 πραότητα,
1131 3636 1259 3688 ὅταν
1300 3630 1701 3702 φιλοφροσύνην
1744 3632 1840 3684 καὶ
1888 3631 2133 3703 ἀγάπην,

468 3732 574 3785 ποῦ
597 3729 789 3799 γένοιτ’
810 3728 875 3781 ἂν
904 3724 1132 3793 κώλυμα
1162 3724 1196 3793 ἠ
1228 3720 1419 3784 πενίας
1447 3718 1524 3772 Οὐ
1548 3718 1656 3788 γὰρ
1684 3718 1945 3790 ἀργύριον
1968 3736 2138 3773 κατα-

469 3820 732 3880 ϐαλόντας
770 3813 940 3868 ταῦτα
982 3809 1173 3865 ἀνύσαι
1222 3807 1391 3872 ἐστιν,
1423 3804 1557 3858 ἀλλά
1602 3807 1923 3875 προαίρεσιν
1969 3806 2137 3877 ὀρθὴν

470 3902 928 3973 ἐπιδειξαμένους.
946 3892 1313 3966 Ἑλεημοσύνη
1351 3892 1584 3963 μάλιστά
1604 3892 1749 3943 ἐστιν
1780 3894 1813 3961 ἡ
1842 3894 2138 3963 χρημάτων

468 3994 718 4063 δεομένη,
748 3986 884 4043 ἀλλά
908 3986 1003 4040 καὶ
1025 3982 1162 4052 αὕτη
1187 3980 1272 4033 διά
1292 3981 1390 4049 τῆς
1419 3978 1607 4040 πενίας
1638 3978 1897 4063 μειζόνως
1918 3978 2140 4048 ἐξέλαμ.

468 4058 576 4150 ψεί
626 4058 719 4132 xu).
766 4077 874 4146 γὰρ
914 4076 948 4144 ἡ
983 4072 1105 4133 τοὺς
1151 4067 1244 4121 δύο
1290 4065 1510 4127 ὀϐολοὺς
1538 4063 1685 4135 [241]
1733 4058 2135 4131 καταϐαλοῦσα,

473 4167 729 4222 ἁπάντων
762 4158 1061 4231 ἀνθρώπων
1106 4150 1174 4226 ἦν
1224 4152 1545 4222 πενεστέρα,
1578 4151 1672 4203 καὶ
1721 4150 1926 4213 πάντας
1974 4152 2142 4221 ύπερ-

474 4255 744 4325 ηκόντισε.
773 4249 864 4316 Μὴ
898 4246 1078 4297 τοίνυν
1115 4234 1256 4312 μέγα
1285 4257 1337 4291 τι
1364 4238 1675 4308 νομίζωμεν
1710 4234 1847 4289 εἶναι
1891 4237 2137 4302 πλοῦτον,

480 4320 612 4410 μηδὲ
646 4332 816 4405 πηλοῦ
848 4329 1089 4400 βελτίονα
1128 4320 1265 4377 εἶναι
1315 4324 1404 4376 τὸν
1454 4323 1652 4393 χρυσὸν
1700 4321 2073 4392 λογιζώμεθα·
2105 4324 2138 4393 ἡ

474 4428 584 4497 γὰρ
611 4423 743 4494 τιμὴ
773 4420 871 4488 τῆς
902 4417 1030 4487 ῦλης
1056 4414 1156 4466 οὐκ
1188 4411 1295 4465 ἀπὸ
1335 4415 1433 4481 τῆς
1472 4411 1705 4479 φύσεως,
1753 4410 1866 4462 ἀλλ’
1895 4411 2003 4463 ἀπὸ
2044 4411 2143 4480 τῆς

475 4496 748 4584 ἡμετέρας
780 4506 1014 4566 διανοίας
1040 4502 1207 4555 ἐστίν.
1240 4500 1304 4552 Εἰ
1337 4500 1443 4569 γάρ
1475 4516 1555 4560 τις
1582 4497 1824 4568 ἀκριϐῶς
1847 4496 2140 4561 ἐξετάσειεν

476 4581 614 4647 πολὺ
646 4591 737 4644 τοῦ
766 4588 965 4661 χρυσοῦ
998 4587 1214 4656 σίδηρος
1258 4581 1709 4650 ἀναγκαιότερος’
1744 4582 1772 4632 6
1805 4581 1901 4649 μὲν
1930 4581 2038 4652 γὰρ
2066 4583 2143 4644 εἰς

476 4685 569 4737 τὸν
624 4681 733 4751 βίον
789 4672 1042 4745 οὐδεμίαν
1083 4672 1293 4739 εἰσάγει
1326 4670 1532 4739 χρείαν,
1564 4662 1717 4730 οὗτος
1765 4668 1820 4720 δὲ
1874 4668 2142 4722 τὸεπλέον

476 4771 610 4840 ἡμῖν
636 4763 1003 4819 κατεσκεύασε
1026 4760 1125 4829 τῆς
1149 4758 1337 4828 χρείας
1363 4756 1581 4825 μυρίαις
1606 4756 1820 4823 τέχναις
1850 4756 2147 4827 ὑπηρετςύ-

484 4832 662 4928 μενος.
700 4854 808 4905 Καὶ
835 4850 885 4903 τί
911 4850 1053 4915 λέγω
1086 4844 1287 4915 χρυσοῦ
1320 4843 1413 4895 καὶ
1438 4841 1657 4928 σιδήρου
1686 4832 2008 4928 σύγκρισινς
2038 4842 2145 4895 τῶν

480 4920 589 5012 7&9
636 4935 933 4991 πολυτελῶν
979 4932 1141 4984 λίθων
1186 4926 1601 4996 ἀναγκαιότερα
1627 4928 1675 4978 οἱ
1706 4926 1841 4979 λίθοι
1874 4920 2050 4981 οὗτοι·
2088 4928 2147 4992 ἐξ

483 5011 703 5081 ἐκείνων
737 5022 833 5092 μὲν
861 5020 967 5091 γὰρ
1001 5017 1153 5070 οὐδὲν
1189 5014 1254 5067 ἂν
1285 5013 1493 5081 γένοιτο
1518 5011 1771 5082 χρηστὸν,
1806 5012 1911 5064 ἀπὸ
1942 5013 1997 5065 δὲ
2024 5014 2146 5065 τού-

484 5130 589 5167 των
622 5111 787 5165 οἰκίαι
816 5125 875 5160 τε
908 5106 999 5159 καὶ
1031 5104 1184 5172 τείχη
1233 5103 1324 5154 καὶ
1357 5100 1537 5162 πόλεις
1572 5100 1828 5167 ἔστησαν.
1866 5101 1937 5152 Σὺ
1962 5100 2020 5152 δέ
2057 5119 2146 5170 μοι

482 5201 675 5267 δεῖξον,
710 5200 763 5251 τί
802 5197 864 5249 τὸ
912 5194 1101 5264 κέρδος
1153 5190 1259 5244 ἀπὸ
1304 5188 1411 5241 τῶν
1467 5188 1827 5258 μαργαριτῶν
1856 5189 2053 5255 γένοιτ’
2082 5190 2146 5243 ἂν

485 5290 706 5351 τούτων,
736 5284 931 5356 μᾶλλον
958 5283 1015 5335 δὲ
1039 5282 1187 5333 ποῖον
1210 5278 1307 5329 οὐκ
1333 5276 1398 5329 ἂν
1422 5276 1629 5343 γένοιτο
1654 5275 1878 5344 βλάϐοςς
1911 5276 2021 5328 Καὶ
2042 5276 2149 5347 7&9

488 5382 573 5430 ἵνα
612 5376 675 5429 σὺ
710 5373 906 5427 κόκκον
934 5370 1031 5421 ’ἑνα
1075 5365 1331 5438 φορέσῃς,
1373 5363 1553 5434 μυρίοι
1598 5362 1676 5431 τῷ
1726 5361 1869 5430 λιμῷ
1919 5362 2150 5431 πένητες

486 5470 770 5536 ἄγχονται·
805 5459 964 5520 ποίας
990 5452 1081 5510 οὖν
1124 5452 1418 5520 ἀπολογίας
1462 5450 1666 5519 τεύξῃ;
1715 5448 1861 5511 τίνος
1905 5450 2150 5517 συγγνώ-

490 5566 598 5620 μης
614 5568 628 5612 ζ

562 5637 745 5691 Βούλει
772 5634 1041 5702 κοσμῆσαι
1064 5631 1123 5684 τὸ
1152 5628 1473 5702 πρόσωπον;
1505 5625 1577 5695 μὴ
1612 5623 1996 5694 μαργαρίταις,
2018 5621 2153 5676 ἀλλά

496 5724 806 5798 σιοιφροσύνῃ
850 5723 940 5775 καὶ
988 5719 1311 5789 σεμνότητι·
1361 5713 1502 5767 οὕτω
1550 5712 1905 5783 χαριεστέραν
1960 5710 2148 5779 θψεται

556 5865 578 5892 ³
599 5861 688 5908 Alii
718 5858 993 5919 χαλινῶσαι.

1229 391 1292 448 S.
1330 387 1616 447 JOANMS
1653 380 2138 444 CllﬂYbOSTOMI
2173 381 2497 439 ARCIIIEP.
2538 383 3089 440 CONSTANTINUI‘.

2236 496 2336 566 τὴν
2365 496 2487 567 δψιν
2510 501 2538 553 6
2567 499 2727 569 ἀνήρ.
2748 498 2985 561 Ἐκεῖνος
3020 497 3119 568 μὲν
3152 495 3260 569 γὰρ
3290 498 3318 551 6
3343 497 3547 568 κόσμος
3576 497 3673 553 καὶ
3701 500 3780 565 είς
3800 496 3908 570 ζη-

2235 583 2492 649 λοτυπίας
2534 585 2769 655 ὑποψίαν
2814 585 3105 656 ἐμϐάλλειν
3133 583 3324 638 εἴωθεν
3350 584 3444 637 καὶ
3476 586 3558 648 είς
3580 584 3778 658 ἐχθρας
3808 570 3912 642 καὶ

2235 672 2566 741 φιλονεικίας
2597 674 2690 726 καὶ
2727 672 2907 743 μάχας
2928 688 2944 704 ⁸
2974 671 3130 727 οὐδὲν
3158 672 3268 744 γὰρ
3292 672 3509 742 ὅψεως)
3538 672 3912 746 ὑποπτευομέ-

2233 776 2332 829 νης
2364 759 2718 831 ἀηδέστερον·
2750 763 2779 815 6
2804 760 2863 813 δὲ
2892 761 2991 831 τῆς
3023 760 3393 831 ἐλεημοσύνης
3420 761 3516 815 καὶ
3552 762 3925 832 σωφροσύνης

2234 846 2437 917 κόσμος
2481 849 2663 902 πᾶσαν
2692 849 2792 918 μιν
2820 848 3073 902 ἐκϐάλλει
3105 849 3349 919 πονηρὰν
3396 849 3671 913 ὑπόνοιαν,
3707 849 3914 914 παντὸς

2232 933 2289 987 δὲ
2314 932 2514 1004 δεσμοῦ
2544 934 2898 1006 σφοδρότερον
2924 935 3289 990 ἐπισπάσεται
3309 936 3403 989 τὸν
3421 936 3775 993 σύνοικον.ού
3798 937 3913 1010 γὰρ

2233 1020 2375 1073 οὕτω
2412 1019 2642 1085 κάλλους
2685 1021 2847 1091 φύσις
2879 1022 3155 1093 εὔμορφον
3196 1025 3340 1077 ποιεῖ
3362 1023 3609 1092 γίνεσθαι
3633 1025 3732 1095 τὴν
3760 1025 3908 1095 ὄψιν,

2232 1106 2308 1171 ὡς
2333 1109 2367 1179 ἡ
2396 1106 2491 1160 τοῦ
2522 1107 2857 1181 θεωροῦντος
2880 1110 3052 1180 αὐτὴν
3080 1110 3327 1173 διάθεσις
3351 1126 3365 1140 ·
3393 1098 3634 1165 διάθεσιν
3656 1110 3715 1165 δέ
3750 1112 3912 1167 ούδέν

2231 1195 2425 1260 οὕτως,
2448 1197 2524 1260 ὡς
2555 1196 2876 1268 σωφροσύνη
2901 1198 2995 1250 καὶ
3026 1198 3295 1270 σεμνότης
3324 1201 3500 1252 ποιεῖν
3526 1198 3734 1255 εῑωθεν.
3745 1200 3911 1254 Ὥστε

2232 1285 2334 1349 κᾶν
2367 1283 2695 1359 εὔμορφοςῇ
2717 1304 2823 1351 τις,
2850 1287 3106 1357 ἀπεχθῶς
3126 1288 3185 1341 δὲ
3210 1288 3348 1359 πρὸς
3377 1288 3547 1360 αὐτὴν
3568 1292 3597 1343 6
3618 1289 3761 1362 ἀνὴρ
3781 1289 3908 1364 ἔχῃ,

2232 1378 2447 1430 πάντων
2479 1376 2809 1449 αίσχροτέρα
2835 1376 2982 1447 αύτῷ
3014 1380 3260 1447 φανεῖται
3278 1395 3291 1408 ’
3324 1378 3425 1432 κᾶν
3458 1378 3533 1450 μὴ
3556 1378 3696 1451 τύχῃ
3721 1396 3805 1443 τις
3823 1380 3911 1445 εὐ-

2233 1465 2453 1535 πρεπὴς
2489 1460 2644 1529 οὖσα,
2671 1465 2846 1536 ἡδέως
2869 1466 2927 1520 δέ
2959 1464 3095 1536 πρὸς
3126 1464 3295 1537 αύτὴν
3319 1468 3347 1519 6
3372 1466 3513 1537 ἀνὴρ
3539 1465 3657 1539 ἔχῃ,
3684 1465 3908 1521 πάντων

2230 1551 2609 1623 εὑμορφοτέρα
2654 1551 2805 1623 αὐτῷ
2837 1554 3118 1620 φανεῖταιο
3149 1551 3210 1604 ού
3239 1550 3351 1622 7&9
3392 1551 3453 1603 ἐν
3490 1556 3557 1624 τῇ
3602 1552 3763 1622 φύσει
3793 1551 3909 1607 τῶν

2230 1640 2543 1708 ὁρωμένων,
2575 1638 2691 1692 ἀλλ’
2714 1640 2771 1692 ἐν
2798 1642 2865 1709 τῇ
2910 1638 3150 1691 διαθέσει
3192 1638 3302 1690 τῶν
3342 1636 3595 1710 ὁρώντων
3638 1639 3698 1693 αί
3731 1638 3909 1710 ψῆφοι
3960 1630 3963 1631 ν

2233 1727 2493 1795 γίνονται.
2530 1724 2883 1779 Καλλώωσον
2910 1725 3088 1779 τοίνυν
3117 1726 3217 1795 τὴν
3249 1725 3370 1795 ὄψιν
3400 1727 3744 1797 σωφροσύνῃ,
3772 1743 3911 1799 σεμ-

2233 1816 2437 1885 νότητι,
2466 1812 2828 1883 ἐλεημοσύνη,
2855 1811 3255 1884 φιλανθρωπία,
3283 1814 3498 1889 ἀγάπῃ,
3526 1818 3591 1886 τῇ
3637 1817 3768 1887 περὶ
3813 1816 3911 1870 τδν

2233 1902 2401 1974 ἄνδρα
2444 1900 2829 1973 φιλοφροσύνῃ,
2866 1901 3158 1974 ἐπιεικείᾳ,
3207 1901 3495 1972 πραότητι,
3542 1900 3907 1974 ἀνεξικακίαν·

2234 1991 2407 2044 ταῦτα
2435 1990 2535 2060 τῆς
2568 1988 2772 2061 ἀρετῆς
2813 1987 2884 2041 τά
2912 1986 3201 2063 χρώματα
3220 2005 3233 2018 ·
3266 1988 3355 2042 διὰ
3382 1987 3585 2042 τούτων
3616 1990 3907 2059 ἀγγέλους,

2231 2078 2333 2131 οὐκ
2379 2077 2700 2148 ἀνθρώπους
2746 2075 2981 2147 ἐραστὰς
3028 2075 3327 2147 ἐπισπάσῃ,
3364 2074 3453 2128 διὰ
3493 2076 3699 2130 τούτων
3740 2078 3911 2132 αὑτὸν

2233 2165 2395 2245 ἔχεις¹
2424 2165 2513 2218 τὸν
2543 2162 2676 2245 Θρδν
2702 2162 3024 2233 ἐπαινέτην
3058 2162 3188 2215 ὅταν
3225 2161 3283 2215 δὲ
3326 2165 3355 2215 6
3384 2161 3519 2227 Θεδς
3548 2157 3909 2235 ἀποδέξηται,

2233 2252 2331 2307 καὶ
2375 2254 2467 2306 τὸν
2498 2250 2667 2320 ἄνδρα
2694 2265 2776 2303 σοι
2807 2249 3063 2313 ὑποτάξει
3104 2251 3343 2312 πάντως.
3391 2251 3456 2304 El
3483 2250 3593 2323 7&9
3619 2252 3779 2321 σοφία
3813 2252 3913 2305 ἀν-

2234 2339 2453 2412 θρώπου
2504 2338 2728 2407 φωτίζει
2781 2335 2843 2389 τδ
2905 2337 3218 2407 πρόσωπον,
3268 2337 3448 2408 πολλῷ
3494 2339 3693 2408 μᾶλλον
3736 2340 3911 2411 ἀρετὴ

2230 2430 2485 2499 γυναικὸς
2514 2428 2737 2497 φωτίζει
2759 2426 2858 2498 τὴν
2887 2426 3031 2495 ὄψιν.
3076 2428 3139 2479 El
3172 2426 3229 2479 δὲ
3261 2428 3436 2496 μέγαν
3479 2428 3723 2497 νομίζεις
3765 2423 3912 2483 εἶναι

2228 2520 2418 2572 τοῦτον
2462 2517 2555 2569 τὸν
2596 2515 2822 2585 κόσμον,
2855 2514 2977 2567 είπέ
3011 2531 3122 2583 μοι,
3153 2514 3205 2566 τί
3250 2530 3330 2566 σοι
3356 2513 3417 2566 τὸ
3441 2514 3633 2583 δφελος
3663 2512 3774 2568 ἀπὺ
3798 2514 3912 2567 τῶν

2236 2604 2591 2679 μαργαριτῶν
2616 2602 2821 2657 τούτων
2844 2604 2901 2655 ἐν
2927 2602 3111 2673 ἐκείνῃ
3144 2604 3211 2672 τῇ
3238 2600 3423 2672 ἡμέρᾳ
3448 2604 3773 2672 γενὴσεται;
3797 2602 3912 2657 Καὶ

2234 2695 2284 2748 τί
2316 2695 2421 2765 χρὴ
2454 2693 2633 2761 λέγειν
2676 2689 2777 2761 τὴν
2822 2690 3039 2761 ἡμέραν
3072 2689 3308 2760 ἐκείνην,
3336 2689 3457 2756 ἐξὸν
3504 2691 3601 2743 καὶ
3642 2690 3755 2744 ἀπὸ
3797 2690 3914 2745 τῶν

2234 2784 2518 2854 παρόντων
2545 2779 2719 2833 ταῦτα
2749 2775 3028 2842 ἀποδείξαι
3060 2777 3268 2845 πάντα;
3306 2778 3439 2831 Ὅτε
3476 2778 3609 2847 γοῦν
3649 2780 3700 2832 οί
3732 2778 3915 2846 δόξαν·

2232 2887 2323 2932 τες
2351 2871 2433 2932 εἰς
2461 2868 2551 2922 τὸν
2581 2866 2807 2936 βασιλέα
2831 2865 3134 2937 ύϐρικέναι,
3168 2866 3251 2927 είς
3282 2865 3344 2918 τὸ
3369 2865 3723 2937 δικαστήριον
3744 2877 3767 2907 ο
3798 2867 3913 2921 είλ-

2234 2974 2392 3010 κοντο
2420 2956 2513 3010 καὶ
2536 2956 2663 3025 περὶ
2690 2954 2800 3007 τῶν
2829 2954 3074 3024 ἐσχάτων
3102 2953 3459 3019 ἐκινδύνευον,
3499 2954 3618 3007 τότε
3651 2956 3707 3008 αί
3745 2955 3913 3027 μητέ-

2235 3062 2326 3115 ρες
2358 3044 2451 3096 καὶ
2479 3043 2535 3096 αί
2565 3043 2821 3109 γυναῖκες
2858 3040 2930 3092 τὰ
2970 3040 3325 3110 περιδέρῤαια
3362 3043 3457 3093 καὶ
3489 3040 3558 3094 τά
3579 3042 3785 3112 ,χρυσία
3814 3043 3913 3098 καὶ

2231 3133 2360 3196 τοὺς
2409 3128 2750 3202 μαργαρίτας
2782 3127 3118 3197 ἀποθέμεναι
3170 3128 3264 3182 καὶ
3310 3128 3403 3187 τὸν
3446 3129 3652 3199 κόσμον
3694 3129 3915 3185 ἅπαντα

2234 3222 2328 3273 καὶ
2376 3220 2445 3272 τά
2493 3217 2685 3287 ἱμάτια
2730 3216 2799 3268 τὰ
2852 3217 3050 3284 χρυσᾶ,
3086 3214 3238 3286 λιτὴν
3272 3216 3367 3268 καὶ
3405 3214 3596 3285 εύτελῆ
3645 3215 3910 3271 λαϐοῦσαι

2230 3308 2456 3381 ἐσθῆτα,
2485 3306 2581 3359 καὶ
2607 3302 2801 3357 σποδὸν
2828 3302 3306 3373 καταπασάμεναι,
3336 3302 3431 3355 καὶ
3463 3303 3569 3373 πρὸ
3592 3304 3702 3356 τῶν
3732 3304 3915 3373 θυρῶν

2232 3396 2327 3448 τοῦ
2367 3391 2718 3462 δικαστηρίου
2766 3390 3195 3459 κυλινδούμεναι,
3227 3390 3371 3443 οὕτω
3415 3391 3543 3453 τοὺς
3592 3390 3914 3455 δικάζοντας

2234 3483 2603 3552 ἐπέκαμπτον.
2636 3480 2700 3531 Εἰ
2724 3479 2779 3531 δὲ
2803 3479 2895 3530 ἐπὶ
2920 3478 3027 3531 τῶν
3058 3477 3292 3530 ἐνταῦθα
3324 3478 3689 3548 δικαστηρίων
3718 3479 3787 3532 τὰ
3814 3480 3916 3549 μὲν

2235 3570 2431 3640 χρυσία
2464 3569 2553 3620 καὶ
2578 3568 2627 3618 οἱ
2668 3567 3003 3635 μαργαρῖται
3032 3564 3127 3616 καὶ
3159 3565 3191 3633 ἡ
3220 3564 3436 3634 ποικίλη
3462 3564 3624 3634 ἐσθὴς
3650 3565 3914 3636 ἐπιϐουλὴ

2237 3658 2331 3709 καὶ
2380 3654 2638 3724 προδοσία
2683 3651 2831 3723 [252]
2869 3653 3067 3718 γένοιτ’
3092 3651 3178 3713 ἂν,
3229 3653 3262 3722 ἡ
3309 3651 3366 3703 δὲ
3420 3652 3689 3705 ἐπιείκεια
3734 3653 3829 3705 καὶ
3876 3654 3915 3725 ἡ

2237 3743 2481 3814 πραότης
2512 3741 2605 3792 καὶ
2629 3743 2662 3808 ἡ
2688 3740 2864 3807 τέφρα
2893 3739 2986 3791 καὶ
3006 3736 3073 3817 τὰ
3107 3738 3316 3808 δάκρυα
3342 3740 3436 3790 καὶ
3466 3738 3535 3791 τά
3568 3738 3760 3807 εὐτελῆ
3788 3740 3917 3809 ίμά-

2236 3847 2325 3881 τια
2371 3828 2569 3899 μᾶλλον
2609 3827 2907 3877 ἐπισπᾶται
2935 3826 3025 3876 τὸν
3057 3824 3337 3894 δικαστὴν,
3367 3824 3546 3894 πολλῷ
3584 3825 3783 3895 μᾶλλον
3822 3827 3917 3879 ἐπὶ

2235 3916 2337 3983 τῆς
2360 3913 2661 3967 ἀδεκάστου
2707 3911 2889 3980 ψήφου
2941 3910 3037 3963 καὶ
3086 3910 3324 3980 φοϐερᾶς
3367 3912 3582 3979 ἐκείνης
3624 3912 3821 3978 γένοιτ’
3848 3911 3916 3967 ἂν

2235 4003 2412 4055 τοῦτο.
2441 4002 2573 4052 Τίνα
2622 3999 2730 4069 7&9
2778 3996 2940 4061 ἕξεις,
2991 3998 3111 4049 εἰπέ
3159 4015 3269 4067 μοι,
3311 3997 3469 4065 λόγον
3521 4000 3715 4062 εἰπεῖν,
3760 4000 3917 4052 ποίαν

2237 4089 2555 4155 ἀπολογίαν,
2589 4088 2714 4138 ὅταν
2748 4086 2775 4136 6
2802 4085 3081 4153 Δεσπότης
3121 4084 3325 4154 ἐγκαλῇ
3354 4101 3436 4136 σοι
3480 4085 3609 4155 περὶ
3640 4084 3748 4137 τῶν
3778 4103 3917 4157 μαρ-

2239 4176 2479 4247 γαριτῶν
2508 4174 2731 4234 τούτων,
2767 4172 2858 4223 καὶ
2890 4172 3016 4233 τοὺς
3044 4171 3279 4239 πένητας
3325 4171 3405 4233 εἰς
3437 4171 3599 4239 μέσον
3629 4172 3811 4242 ἀγάγῃ
3840 4172 3919 4242 τῷ

2239 4263 2383 4333 λιμῷ
2411 4261 2836 4331 διαφθαρέντας;
2874 4258 2975 4311 Διά
3011 4256 3167 4309 τοῦτο
3196 4257 3223 4307 6
3256 4256 3465 4318 Παῦλος
3499 4256 3651 4324 ἔλεγε
3674 4275 3685 4287 ·
3720 4258 3819 4327 Μὴ
3851 4261 3918 4313 ἐν

2242 4353 2600 4419 πλέγμασιν,
2620 4348 2658 4414 ἢ
2694 4347 2939 4415 χρυσίῳ,
2960 4346 2997 4413 ἣ
3020 4346 3427 4413 μαργαρίταις,
3452 4346 3488 4413 ἢ
3510 4345 3801 4415 Ιματισμῷ
3822 4360 3921 4401 xo-

2243 4444 2279 4494 λ
2291 4438 2500 4494 ιντελεῖ.
2521 4436 2799 4489 Ἐντεῦθεν
2830 4434 2926 4504 μὲν
2959 4436 3119 4503 γὰρὴ
3150 4432 3408 4503 ἐπιϐουλὴ
3439 4434 3633 4501 γένοιτ’
3656 4435 3721 4487 ἄν
3743 4453 3755 4465 ·
3789 4436 3836 4487 εί
3864 4435 3920 4489 δὲ

2245 4529 2337 4580 καὶ
2356 4526 2617 4595 διηνεκῶς
2641 4523 2817 4576 αὐτῶν
2840 4521 3420 4592 ἀπολαύσαιμεν,ἀλλά
3445 4520 3521 4590 τῷ
3552 4521 3769 4591 θανάτῳ
3795 4523 3921 4575 πάν-

2243 4634 2349 4678 τως
2382 4612 2820 4683 ἀποστησόμεθα.
2842 4608 2972 4662 Ἀπὸ
3008 4610 3066 4662 δὲ
3095 4609 3295 4679 ἀρετῆς
3329 4608 3595 4676 ἀσφάλεια
3626 4610 3795 4667 πᾶσα,
3827 4611 3945 4665 καὶ·

2250 4703 2518 4774 μεταϐολὴ
2533 4702 2628 4754 καὶ
2647 4701 2991 4770 μετάπτωσις
3003 4697 3243 4767 οὐδεμία.
3261 4697 3397 4749 ἀλλα
3412 4697 3503 4749 καὶ
3526 4696 3757 4749 ἐνταῦθα
3774 4699 3923 4767 ἡμᾶς

2245 4794 2679 4864 ἀσφαλεστέρους
2730 4792 2892 4854 ποιεῖ,
2938 4790 3035 4842 καὶ
3085 4790 3200 4842 ἐκεῖ
3240 4786 3696 4857 συμμεθίσταται.
3733 4787 3924 4841 Βούλει

2247 4880 2549 4950 κτήσασθαι
2588 4877 2954 4949 μαργαρίτας,
2983 4876 3077 4946 καὶ
3105 4874 3196 4926 τὸν
3246 4872 3475 4926 πλοῦτον
3518 4872 3707 4925 τοῦτον
3755 4874 3921 4943 μηδέ-

2248 4986 2378 5022 ποτε
2400 4966 2699 5018 ἀποθέσθαι
2720 4981 2734 5027 ;
2760 4961 3121 5031 περιελομένη
3144 4960 3233 5011 τὸν
3253 4960 3456 5030 κόσμον
3483 4961 3697 5013 ἅπαντα
3724 4962 3807 5024 εξς
3829 4961 3925 5025 τάς

2246 5056 2339 5108 τοῦ
2367 5051 2605 5124 Χριστοῦ
2643 5053 2831 5119 χεῖρας
2858 5048 3060 5102 ἀπόθου
3088 5047 3174 5099 διά
3214 5046 3325 5098 τῶν
3373 5048 3619 5117 πενήτων
3645 5062 3659 5075 ·
3714 5049 3921 5113 ἐκεῖνός

2250 5152 2331 5196 σοι
2367 5140 2593 5211 φυλάξει
2618 5138 2709 5191 τὸν
2735 5136 2960 5189 πλοῦτον
2992 5136 3228 5199 ἅπαντα,
3267 5135 3487 5187 ἐπειδὰν
3512 5136 3794 5207 ἀναστήσῃ
3831 5154 3923 5190 σου

2247 5232 2307 5284 τὺ
2339 5230 2497 5299 σῶμα
2537 5227 2673 5297 μετά
2717 5225 2919 5294 πολλῆς
2943 5226 3044 5295 τῆς
3066 5222 3451 5293 λαμπρότητος
3472 5241 3484 5253 ·
3516 5224 3638 5277 τότε
3683 5242 3765 5277 σοι
3811 5225 3920 5294 βελ-

2248 5320 2395 5371 τίονα
2427 5315 2712 5386 περιθήσει
2746 5312 2974 5366 πλοῦτον
3021 5312 3115 5364 καὶ
3160 5313 3363 5381 κόσμον
3400 5312 3641 5381 μείζονα,
3678 5312 3755 5376 ὡς
3800 5314 3830 5366 ὃ
3862 5330 3918 5381 γε

2252 5405 2441 5476 παρὼν
2486 5399 2641 5467 οὗτος
2672 5400 2895 5469 εὐτελὴς
2934 5400 3028 5453 καὶ
3063 5398 3485 5466 καταγέλαστος.
3506 5399 3793 5470 Ἐννόησον
3835 5397 3893 5453 οὗ

2251 5497 2391 5547 τίσιν
2438 5493 2693 5563 ἀρέσκειν
2725 5490 2921 5560 βούλει,
2958 5489 3052 5540 καὶ
3077 5488 3165 5539 διὰ
3193 5486 3341 5549 τίνας
3368 5488 3679 5557 περίκεισαι
3719 5487 3811 5540 τὸν
3839 5488 3900 5540 κό

2256 5601 2388 5653 σμον
2414 5581 2622 5640 τοῦτον,
2652 5579 2739 5632 ’ίνα
2763 5579 2790 5631 6
2816 5574 3249 5645 σχοινοστρόφος,
3282 5574 3375 5627 καὶ
3400 5577 3426 5627 6
3453 5574 3815 5644 χαλκοτύπος.
3842 5592 3893 5627 κ.

2253 5674 2280 5725 ὁ
2310 5672 2569 5741 ἀγοραῖος
2607 5667 2806 5727 ἰδόντες
2838 5662 3191 5730 θαυμάσωσιν
3218 5678 3232 5692 θ
3275 5659 3392 5715 εἶτα
3423 5661 3521 5713 ούκ
3550 5662 3785 5736 αἰσχύνῃ
3813 5664 3921 5716 006:

2319 5777 2348 5817 Ι)
2376 5777 2575 5835 Aliqum.
2608 5786 2719 5820 mss.
2749 5771 2827 5818 καὶ
2850 5770 3003 5835 μάχας
3027 5766 3197 5835 ἐνάγει,
3221 5766 3355 5835 οὐδὲν
3378 5767 3429 5813 δὲ
3457 5766 3630 5835 όψεως.

2325 5844 2343 5867 ⁸
2373 5829 2604 5899 Alii-7:96;
2625 5836 2677 5881 τὸ
2701 5829 3016 5892 δικαστήριον.
3049 5832 3170 5875 Infra
3192 5829 3251 5875 al.
3279 5829 3563 5890 μαργαρίτας
3587 5830 3923 5889 ἀποτιθέμεναι,
