4190 6322
313 407 424 466 237

309 529 431 577 cata
469 518 725 585 dimittat,
760 530 948 573 verum
976 523 1028 572 et
1072 513 1210 585 quod
1254 513 1368 584 ipsa
1413 526 1519 565 non
1561 507 1765 565 revelet
1809 519 1911 561 nec

311 613 601 671 manifesta
631 612 821 677 faciat,
853 625 955 666 nec
998 606 1315 664 accedentes
1340 613 1496 675 cogat
1538 603 1592 658 in
1619 599 1798 656 medio
1823 612 1916 669 pa-

314 716 454 761 trata
475 705 709 771 edicere,
735 701 829 758 sed
856 701 957 757 sibi
988 700 1086 755 soli
1109 699 1371 754 rationem
1400 693 1626 749 reddere
1651 690 1834 761 iubeat
1861 697 1918 744 et

313 797 419 851 sibi
445 795 713 852 conﬁteri.
747 794 958 851 Etenim
979 809 1048 849 ex
1069 789 1413 847 saecularibus
1437 785 1707 858 iudicibus
1731 783 1775 838 si
1796 781 1916 853 quis

315 885 482 942 alicui
507 894 787 957 captorum
813 885 1081 940 latronum
1101 882 1185 938 vel
1207 896 1393 937 eorum
1412 878 1503 950 qui
1523 875 1766 948 sepulcra
1785 872 1919 929 effo—

313 975 476 1032 diunt
499 975 723 1042 diceret,
760 983 821 1031 ut
847 983 1065 1046 peccata
1092 973 1458 1036 confiteretur,
1491 984 1600 1041 quo
1625 967 1728 1024 sibi
1757 978 1916 1036 pinna

313 1067 700 1132 dimitteretur,
729 1082 850 1121 cum
877 1065 1024 1120 omni
1054 1071 1202 1120 certe
1236 1061 1516 1117 alacritate
1545 1059 1650 1112 hoc
1675 1056 1918 1124 suscipe-

320 1168 481 1226 rent,
511 1159 700 1214 salutis
741 1157 1032 1228 cupiditate
1061 1155 1318 1226 pudorem
1365 1157 1790 1210 contemnentes.
1820 1147 1919 1202 llic

315 1266 453 1305 vero
495 1249 627 1304 nihil
674 1249 780 1304 tale
821 1256 924 1315 est,
957 1262 1137 1303 verum
1179 1256 1233 1301 et
1270 1253 1490 1314 peccata
1537 1239 1777 1308 dimittit,
1819 1251 1919 1294 nec

316 1341 467 1410 cogit
512 1338 868 1409 praesentibus
910 1336 1227 1409 quibusdam
1275 1335 1388 1406 ipsa
1444 1331 1711 1389 enuntiari
1755 1348 1769 1383 :
1822 1327 1918 1383 sed

316 1447 487 1486 unum
514 1431 688 1486 solum
715 1431 909 1501 exigit,
942 1439 999 1485 ut
1041 1431 1155 1500 ipse
1201 1428 1519 1484 remissione
1548 1425 1753 1498 fruens,
1793 1422 1919 1477 doni

317 1519 740 1590 magnitudinem
771 1521 959 1576 discat.
990 1518 1270 1586 Quomodo
1293 1518 1453 1587 igitur
1474 1530 1579 1569 non
1606 1511 1916 1576 absurdum,

317 1621 380 1667 ut
409 1613 462 1667 in
493 1613 686 1682 quibus
713 1627 810 1667 nos
833 1612 948 1681 ipse
973 1611 1236 1666 beneficio
1255 1609 1440 1672 afficit,
1471 1606 1589 1662 solo
1615 1602 1920 1660 testimonio

317 1714 508 1759 nostro
531 1713 813 1759 contentus
834 1704 934 1769 sit;
958 1717 1057 1758 nos
1083 1710 1260 1757 autem
1291 1701 1343 1754 in
1369 1699 1564 1770 quibus
1585 1698 1758 1768 ipsum
1784 1694 1919 1750 coli-

317 1811 463 1861 mus,
490 1797 623 1850 alios
648 1805 810 1852 testes
832 1809 1136 1865 qumramus
1162 1801 1216 1848 et
1237 1791 1302 1846 ad
1324 1789 1738 1846 ostentationem
1759 1783 1919 1857 quid-

318 1902 482 1956 quam
516 1886 808 1940 faciamus?
840 1884 1008 1953 lpsius
1035 1883 1197 1953 igitur
1224 1881 1607 1951 benignitatem
1637 1875 1918 1940 admirati,

319 1984 506 2030 nostra
537 1977 637 2045 ipsi
668 1974 1047 2040 exhibeamus,
1075 1981 1131 2028 et
1159 1987 1269 2043 prse
1298 1971 1548 2026 omnibus
1582 1969 1777 2038 linguze
1816 1967 1918 2020 im-

322 2077 508 2139 petum
537 2067 890 2134 refrenemus,
923 2076 976 2123 et
1001 2084 1068 2122 ne
1093 2081 1308 2135 semper
1340 2066 1638 2135 loquamur.
1673 2061 1755 2116 Ea:
1785 2060 1920 2114 muf-

319 2162 534 2228 tifoquio
563 2177 780 2228 namque
804 2177 903 2214 non
932 2159 1143 2231 eﬂ‘ugies
1175 2169 1437 2227 peccatum
1467 2156 1648 2230 (Prov.
1679 2155 1766 2210 l0.
1804 2151 1916 2223 l9).

319 2253 381 2307 Si
412 2268 605 2322 nempe
629 2253 910 2308 diccndunt
938 2253 1068 2307 utile
1097 2251 1222 2321 quid
1249 2250 1434 2315 babes,
1481 2249 1628 2318 aperi
1669 2246 1806 2302 labia
1835 2263 1846 2298 :
1874 2245 1920 2300 si

319 2345 455 2399 nihil
486 2345 556 2399 sit
580 2344 942 2398 necessarium
963 2385 975 2407 ,
1008 2353 1122 2397 tace
1147 2361 1160 2397 :
1186 2343 1376 2397 melius
1396 2350 1476 2395 est
1497 2338 1662 2394 enim.

399 2434 596 2504 Ubique
628 2435 762 2488 Deus
805 2434 904 2488 coli
948 2443 1131 2504 potest.
1159 2464 1228 2473 —
1256 2430 1470 2487 Artifex
1517 2429 1778 2484 manualis
1825 2428 1922 2484 es?

321 2526 524 2583 sedens
551 2528 756 2597 psalle;
789 2527 882 2582 sed
933 2542 1038 2580 non
1086 2526 1165 2580 vis
1209 2541 1304 2580 ore
1327 2524 1593 2595 psallere?
1619 2522 1723 2577 hoc
1762 2522 1924 2577 facias

323 2627 514 2674 mente
548 2636 561 2671 :
595 2634 818 2688 magnus
868 2618 1266 2674 contubernalis
1311 2618 1568 2688 psalmus.
1609 2615 1750 2670 Nihil
1798 2613 1925 2670 hinc

321 2727 490 2782 grave
519 2713 829 2792 sustinebis,
858 2712 950 2768 sed
982 2720 1250 2781 tamquam
1281 2711 1334 2764 in
1362 2709 1692 2765 monasterio
1719 2709 1771 2762 in
1799 2707 1920 2761 offi-

322 2804 446 2858 cina
477 2803 666 2858 sedere
685 2804 886 2874 poteris
911 2821 924 2856 :
957 2818 1063 2858 non
1093 2802 1235 2858 enim
1266 2803 1506 2857 locorum
1536 2799 1885 2857 commoditas
1904 2839 1920 2866 ,

323 2893 424 2949 sed
453 2909 666 2947 mortnn
701 2893 936 2961 probitas
971 2894 1203 2962 quietem
1235 2891 1388 2946 nobis
1419 2889 1697 2962 prarbebit.
1728 2890 1924 2944 Paulus

321 2983 467 3039 enim
497 2984 550 3037 in
578 2983 790 3038 officina
833 2993 1002 3039 artem
1034 2999 1182 3038 suam
1223 2990 1459 3037 tractans
1479 3022 1494 3048 ,
1527 2981 1660 3036 nihil
1689 2981 1756 3035 ad
1797 2996 1923 3051 pro-

326 3076 499 3144 priam
517 3075 765 3129 virtutem
791 3076 950 3130 lmsus
971 3085 1055 3130 est
1077 3077 1213 3143 (Act.
1247 3076 1333 3130 18.
1357 3076 1436 3143 5).
1462 3075 1538 3128 Ne
1561 3074 1706 3128 dicas
1726 3073 1920 3143 igitur:

323 3166 608 3234 Quomodo
638 3175 842 3236 potero,
877 3181 998 3220 eum
1027 3166 1215 3220 artifex
1256 3175 1309 3220 et
1353 3180 1556 3235 pauper
1591 3166 1716 3230 sim,
1746 3163 1922 3234 philo-

330 3256 593 3326 sophari?
639 3256 932 3326 Pr0pterca
977 3268 1170 3324 nempe
1217 3255 1384 3325 magis
1430 3255 1633 3324 poteris
1683 3253 1922 3325 philoso-

324 3347 500 3417 phari.
531 3347 660 3400 Nam
707 3355 993 3416 paupertas
1041 3345 1272 3412 divitiis,
1303 3355 1356 3400 et
1401 3346 1670 3416 negotium
1715 3347 1824 3402 otio
1857 3347 1924 3401 ad

326 3437 580 3506 pietatem
623 3437 778 3491 nobis
814 3446 898 3491 est
938 3437 1294 3507 opportunius
1324 3454 1335 3488 :
1365 3437 1562 3506 quippe
1591 3451 1710 3491 cum
1752 3447 1808 3492 et
1837 3438 1920 3492 di-

326 3528 468 3582 vitia:
510 3543 616 3581 non
649 3528 1057 3582 advertentibus
1108 3528 1548 3596 impedimentum
1595 3529 1743 3582 fiant.
1786 3529 1921 3584 Cum

322 3620 466 3673 enim
498 3619 630 3672 iram
670 3618 940 3673 dimittere
969 3627 1243 3688 oporteat,
1273 3634 1393 3674 cum
1441 3620 1693 3674 invidiam
1723 3622 1923 3674 exstin-

322 3725 511 3779 guere,
538 3726 658 3765 eum
701 3711 977 3766 remittere
1024 3709 1296 3778 furorem,
1327 3726 1448 3765 eum
1497 3713 1793 3766 orationem
1839 3711 1922 3766 of-

323 3797 498 3865 ferre,
545 3814 667 3854 cum
715 3799 1098 3870 benignitatem
1146 3809 1200 3855 et
1248 3801 1744 3868 mansuetudinem,
1803 3817 1924 3856 cum

325 3891 645 3946 modestiam
672 3900 724 3946 et
754 3892 1034 3946 caritatem
1062 3891 1338 3958 exhibere,
1368 3892 1456 3948 ubi
1500 3884 1786 3963 paupertas
1827 3895 1926 3948 int-

332 3981 699 4052 pedimentum
743 3997 862 4037 esse
901 3983 1110 4037 valeat?
1137 3982 1251 4037 Non
1297 3985 1437 4038 enim
1484 3993 1760 4052 argentum
1805 4001 1927 4040 ero-

326 4081 515 4140 gantes
542 4071 657 4126 haec
686 4081 901 4141 oportet
926 4072 1097 4139 obire,
1130 4073 1224 4127 sed
1252 4083 1452 4130 rectam
1482 4075 1799 4129 exhibentes
1825 4091 1922 4129 vo-

327 4164 614 4220 luntatem.
651 4165 1005 4238 Eleemosyna
1033 4170 1264 4222 maxime
1293 4170 1534 4239 pecuniis
1564 4180 1704 4240 eget,
1739 4185 1923 4224 verum

328 4266 383 4311 et
413 4258 525 4326 ipsa
561 4274 654 4327 per
682 4259 1053 4328 pauperta'iem
1085 4263 1256 4332 magis
1284 4263 1500 4331 effulget
1534 4282 1545 4317 :
1580 4265 1775 4317 etenim
1807 4279 1925 4333 qua:

327 4346 465 4402 duos
506 4349 696 4404 obolos
742 4352 999 4419 erogavit,
1046 4354 1284 4407 omnium
1315 4353 1590 4407 hominum
1636 4362 1751 4407 erat
1792 4369 1924 4422 pau-

328 4437 559 4506 perrima
603 4480 617 4505 ,
664 4448 718 4493 et
774 4455 961 4495 omnes
1007 4443 1277 4511 superavit
1320 4442 1471 4515 (Luc.
1518 4445 1608 4498 21.
1653 4444 1793 4514 2-4).
1849 4445 1926 4500 Ne

328 4543 586 4598 magnum
634 4529 794 4601 igitur
820 4532 946 4601 quid
988 4532 1201 4589 divitias
1225 4550 1346 4590 esse
1386 4544 1654 4604 putemus,
1687 4551 1787 4589 nee
1816 4536 1926 4591 luto

329 4622 522 4678 melius
548 4638 736 4678 aurum
765 4639 885 4680 esse
913 4627 1238 4696 cogitemus;
1275 4629 1511 4682 materiae
1542 4643 1772 4698 namque
1800 4645 1924 4699 pre-

328 4715 459 4766 tium
489 4729 595 4767 non
645 4729 710 4767 ex
737 4723 935 4770 natura
956 4727 1038 4770 est
1063 4757 1078 4782 ,
1109 4717 1204 4771 sed
1233 4733 1297 4772 ex
1327 4719 1578 4788 opinione
1619 4730 1819 4772 nostra.
1869 4720 1925 4774 Si

329 4806 448 4874 quis
491 4807 636 4860 enim
682 4806 965 4877 diligenter
1003 4810 1334 4878 inquireret,
1384 4810 1550 4864 multo
1587 4811 1754 4880 magis
1797 4827 1928 4865 auro

326 4901 527 4954 ferrum
557 4899 918 4952 necessarium
946 4916 961 4952 :
995 4899 1124 4954 illud
1156 4915 1387 4969 namque
1407 4900 1612 4954 nullum
1638 4901 1761 4954 vitae
1793 4915 1926 4954 eon-

330 4987 433 5042 fert
452 5003 630 5054 usum,
663 4988 765 5044 hoc
793 4999 970 5045 autem
1015 4992 1269 5062 pleraque
1311 4994 1612 5048 necessaria
1657 4995 1810 5049 nobis
1835 5009 1929 5049 ex~

330 5079 497 5151 pedit,
529 5079 826 5136 innumeris
851 5082 1061 5156 artibus
1088 5085 1351 5139 serviens.
1402 5086 1467 5139 Et
1493 5085 1619 5155 quid
1660 5087 1781 5142 dico
1811 5089 1926 5142 auri

328 5180 382 5224 et
428 5170 557 5225 ferri
607 5175 1100 5243 comparationem?
1146 5175 1198 5230 hi
1245 5179 1386 5232 enim
1428 5180 1672 5249 vulgares
1724 5181 1928 5251 lapides

329 5262 500 5332 magis
527 5265 818 5318 necessarii
862 5275 1022 5334 sunt,
1069 5284 1225 5338 quam
1276 5270 1494 5338 pretiosi
1530 5288 1543 5323 :
1585 5287 1704 5325 nam
1733 5287 1795 5326 ex
1847 5273 1927 5328 his

329 5353 460 5408 nihil
494 5354 624 5409 utile
653 5355 766 5410 ﬁeri
808 5367 1008 5427 posset,
1039 5374 1105 5414 ex
1137 5361 1242 5414 illis
1282 5377 1409 5416 vero
1454 5362 1645 5416 domus
1674 5373 1726 5417 et
1755 5365 1924 5430 muri,

327 5453 382 5498 et
413 5444 578 5499 urbes
605 5454 926 5502 constructa:
957 5458 1096 5502 sunt.
1130 5450 1209 5504 'l‘u
1247 5467 1375 5505 vero
1418 5452 1548 5506 mihi
1580 5454 1886 5507 demonstra
1908 5495 1923 5519 ,

327 5549 446 5604 quae
487 5535 555 5590 de
599 5538 899 5607 margaritis
942 5540 1143 5594 utilitas
1192 5541 1328 5608 istis,
1371 5543 1610 5612 quinimo
1640 5545 1778 5614 quod
1821 5560 1922 5598 non

327 5624 452 5680 inde
486 5624 740 5681 damnum
774 5628 1021 5682 eveniat?
1051 5630 1262 5687 Etenim
1307 5641 1365 5686 ut
1393 5642 1446 5688 tu
1487 5633 1629 5687 feras
1671 5635 1927 5690 unionem

329 5733 513 5785 unum,
549 5719 816 5776 innumeri
868 5737 1128 5792 pauperes
1178 5723 1316 5779 fame
1362 5736 1715 5794 premuntur:
1766 5743 1923 5799 quam

328 5808 485 5878 igitur
506 5809 895 5880 defensionem,
930 5829 1088 5884 quam
1119 5815 1324 5872 veniam
1353 5820 1652 5888 assequeris
1687 5824 1709 5875 '.’

1427 396 1519 453 AD
1559 388 2068 450 ILLUMINANDOS
2106 363 2532 446 carscus'ms
2564 386 2643 448 ll.

3511 381 3617 439 πε

2100 502 2260 558 Verus
2285 501 2512 558 mulieris
2537 506 2767 557 ornatus.
2799 527 2872 540 -
2898 494 2994 554 Vis
3019 511 3215 556 ornare
3243 495 3481 554 faciem?
3510 513 3616 551 non

2024 596 2325 667 margaritis
2344 608 2502 660 orna,
2526 590 2622 649 sed
2639 589 2901 648 modestia
2931 597 2985 646 et
3006 590 3310 656 honestate,
3337 588 3521 659 sicque
3537 590 3619 643 vir

2022 688 2312 758 gratiorem
2358 684 2550 740 faciem
2599 690 2801 740 cernet.
2850 681 2944 737 llle
2977 694 3174 752 nempe
3223 688 3444 736 ornatus
3469 685 3524 734 et
3565 679 3619 732 in

2025 776 2302 849 zelotypiae
2325 774 2689 849 suspicionem
2725 772 2948 843 injicere
2979 784 3125 841 stepe
3151 770 3289 826 solet
3313 779 3368 826 et
3393 764 3628 825 inimici-

2026 867 2126 921 tias
2155 845 2218 921 et
2249 845 2623 920 contentiones
2648 871 2702 918 et
2737 874 2940 932 pugnas
2971 877 2986 914 :
3011 859 3085 915 nil
3135 868 3315 915 autem
3359 857 3508 913 vultu
3526 870 3622 913 su-

2023 968 2209 1028 specto
2237 956 2475 1026 turpius;
2497 955 2857 1024 eleemosynat
2879 966 3008 1007 vero
3033 958 3089 1006 et
3110 949 3385 1006 modestiae
3401 957 3622 1005 ornatus

2024 1063 2239 1104 omnem
2303 1045 2520 1118 quidem
2576 1044 2877 1115 improbam
2940 1041 3301 1112 suspicionem
3367 1039 3614 1111 expellit.

2024 1139 2170 1195 omni
2200 1147 2378 1194 autem
2408 1136 2622 1192 vinculo
2652 1135 2856 1191 firmius
2881 1134 3164 1206 conjugem
3190 1132 3442 1190 conciliat
3471 1147 3484 1185 :
3513 1146 3623 1186 non

2024 1232 2168 1287 enim
2212 1239 2318 1285 tam
2342 1230 2598 1286 decoram
2643 1237 2829 1283 natura
2871 1235 3024 1300 parat
3052 1226 3264 1293 faciem,
3292 1239 3620 1298 quamspe-

2023 1324 2218 1380 ctantis
2270 1322 2493 1378 an‘ectus
2543 1339 2556 1376 :
2609 1319 2858 1378 ad‘ectum
2893 1336 3023 1377 vero
3073 1320 3205 1376 nihil
3247 1320 3328 1375 sic
3378 1327 3436 1374 ut
3505 1331 3626 1372 mo-

2025 1416 2196 1472 destia
2259 1425 2314 1472 et
2377 1415 2634 1470 honestas
2690 1413 2976 1469 conciliare
3029 1410 3187 1468 solet.
3252 1411 3447 1482 Itaque"
3503 1409 3626 1464 licet

2027 1508 2247 1579 pulchra
2295 1508 2364 1563 sit
2401 1507 2616 1574 mulier,
2650 1506 2731 1561 vir
2758 1513 2940 1561 autem
2984 1519 3112 1576 erga
3146 1504 3316 1574 ipsam
3362 1501 3504 1557 male
3547 1499 3625 1556 af-

2028 1599 2198 1655 fectus
2229 1601 2317 1666 sit,
2345 1598 2586 1654 omnium
2618 1597 2719 1668 ipsi
2750 1596 3058 1668 turpissima
3086 1595 3390 1662 videbitur;
3421 1595 3465 1649 si
3494 1609 3625 1649 vero

2028 1710 2134 1748 non
2163 1707 2284 1748 esse
2324 1690 2606 1761 pulchram
2644 1690 2875 1761 aliquam
2904 1688 3210 1759 contingat,
3236 1686 3324 1742 illa
3360 1695 3559 1751 tamen,
3582 1687 3626 1740 si

2028 1785 2142 1839 viro
2165 1798 2263 1839 suo
2291 1783 2519 1854 placeat,
2548 1782 2785 1837 omnium
2809 1780 2910 1850 ipsi
2940 1778 3299 1850 pulcherrima
3330 1792 3450 1832 esse
3476 1776 3626 1832 vide-

2027 1874 2204 1937 bitur;
2235 1888 2340 1927 non
2367 1873 2511 1929 enim
2547 1873 2600 1927 in
2636 1886 2822 1927 eorum
2844 1911 2861 1938 ,
2890 1886 3009 1941 quae
3053 1878 3364 1934 cernuntur,
3415 1874 3625 1930 natura.

2027 1969 2122 2023 sed
2151 1969 2200 2022 in
2228 1967 2566 2023 cernentium
2601 1965 2794 2021 affectu
2818 1963 3021 2035 judicia
3067 1962 3220 2018 fiunt.
3253 1961 3498 2032 Speciem
3528 1959 3628 2030 igi-

2030 2067 2114 2113 tur
2138 2058 2247 2113 oris
2273 2073 2472 2113 exorna
2501 2056 2785 2122 modestia,
2814 2054 3119 2121 honestate,
3142 2055 3508 2124 eleemosyna,
3532 2051 3630 2106 hu-

2029 2150 2303 2213 manitate,
2337 2150 2581 2215 caritate,
2618 2163 2744 2219 erga
2774 2147 2947 2203 virum
2977 2145 3288 2207 dilectione,
3314 2151 3628 2199 mansuetu-

2030 2241 2175 2306 dine,
2211 2241 2570 2310 benignitate,
2603 2240 2866 2294 malorum
2909 2238 3195 2294 tolerantia
3227 2255 3241 2290 :
3276 2237 3332 2292 bi
3370 2245 3495 2292 sunt
3522 2235 3628 2289 vir-

2031 2332 2158 2386 tutis
2184 2333 2414 2396 colores,
2449 2346 2547 2401 per
2567 2331 2666 2385 hos
2695 2329 2901 2386 allicies
2939 2328 3179 2399 angelos,
3211 2344 3320 2382 non
3351 2327 3592 2383 homines
3613 2369 3626 2392 ,

2031 2439 2128 2494 per
2153 2423 2253 2478 hos
2283 2425 2454 2494 ipsum
2489 2422 2713 2478 habebis
2740 2422 2905 2476 Deum
2947 2419 3280 2475 laudatorem
3311 2437 3325 2474 :
3353 2433 3473 2474 cum
3498 2431 3631 2473 vero

2033 2517 2173 2572 Deus
2199 2516 2555 2586 acceptaverit
2576 2557 2590 2579 ,
2617 2527 2670 2570 et
2713 2515 2886 2570 virum
2915 2513 3134 2570 omnino
3163 2512 3257 2568 tibi
3294 2510 3542 2583 placabit.
3572 2510 3631 2566 Si

2030 2608 2173 2662 enim
2221 2607 2321 2661 viri
2365 2606 2629 2677 sapientia
2671 2604 2862 2661 faciem
2906 2605 3202 2670 illuminat,
3253 2603 3419 2658 multo
3462 2603 3632 2672 magis

2030 2698 2199 2752 virtus
2222 2697 2459 2753 mulieris
2475 2697 2680 2752 vultum
2709 2696 2974 2751 illuminat
3002 2694 3198 2765 (Eccfe.
3229 2696 3282 2750 8.
3310 2696 3380 2765 l).
3407 2694 3464 2748 Si
3505 2707 3632 2748 vero

2030 2799 2187 2861 putas
2208 2805 2329 2845 esse
2355 2803 2606 2858 magnum
2635 2787 2778 2844 hunc
2798 2798 3068 2851 ornatum,
3100 2786 3186 2841 die
3203 2786 3352 2851 mihi,
3378 2801 3496 2855 qua:
3523 2784 3630 2840 uti-

2033 2882 2154 2937 litas
2199 2882 2291 2935 tibi
2323 2881 2376 2934 in
2412 2880 2501 2935 die
2549 2881 2637 2935 illa
2688 2879 2756 2935 de
2804 2879 3114 2949 margaritis
3163 2879 3278 2933 istis
3322 2877 3535 2931 veniet?
3566 2876 3634 2931 Et

2033 2973 2159 3044 quid
2202 2987 2338 3043 opus
2368 2971 2514 3028 diem
2560 2973 2706 3027 illam
2737 2986 3166 3026 commemorare
3189 3012 3203 3038 ,
3234 2985 3355 3025 cum
3395 2970 3555 3024 liceat
3580 2978 3634 3025 et

2030 3079 2095 3118 ex
2128 3063 2482 3133 prmscntibus
2509 3063 2625 3118 hsce
2654 3064 2833 3118 omnia
2875 3062 3291 3118 demonstrare?
3321 3061 3457 3117 Cmn
3487 3061 3630 3116 enim

2032 3155 2088 3221 ii,
2118 3156 2206 3224 qui
2239 3155 2553 3224 Imperatori
2584 3155 2966 3210 contumeliam
2998 3154 3328 3220 intulerant,
3360 3153 3425 3208 ad
3462 3153 3633 3209 tribu-

2033 3248 2118 3301 nal
2152 3247 2500 3302 trahebantur
2527 3256 2582 3302 et
2615 3246 2681 3302 de
2716 3249 2973 3302 extremis
3004 3246 3473 3317 periclitabantur,
3509 3254 3634 3302 tunc

2032 3349 2232 3395 matres
2259 3349 2313 3395 et
2357 3355 2552 3395 uxores
2597 3339 2814 3393 monilia
2840 3354 3002 3393 aurea
3039 3347 3092 3392 et
3120 3338 3433 3408 margaritas
3465 3336 3633 3407 depo-

2033 3440 2222 3486 nentes
2267 3438 2751 3499 ornamentumque
2788 3443 2949 3484 omne
2995 3437 3049 3483 et
3087 3429 3405 3483 vestimenta
3449 3442 3633 3492 aurea,

2034 3525 2190 3578 vilem
2226 3533 2281 3579 et
2311 3523 2572 3593 a‘bjectam
2603 3532 2808 3578 vestem
2852 3528 3149 3587 sumentes,
3177 3531 3231 3576 et
3273 3521 3509 3576 cinerem
3549 3520 3634 3575 iu-

2033 3627 2348 3686 spergentes
2376 3616 2498 3681 sibi,
2533 3625 2585 3670 et
2617 3625 2744 3670 ante
2766 3615 3076 3684 forijanuas
3108 3629 3168 3670 se
3194 3614 3528 3680 volutantes,
3558 3614 3636 3669 sic

2028 3709 2236 3779 judices
2256 3709 2572 3764 exorabant.
2602 3708 2660 3763 Si
2686 3717 2864 3763 autem
2888 3707 2940 3762 in
2969 3707 3054 3762 bis
3076 3706 3295 3778 judiciis
3325 3720 3486 3761 aurea
3514 3706 3635 3776 qui-

2033 3793 2157 3854 dem
2201 3798 2421 3854 monilia
2471 3807 2526 3854 et
2573 3799 2803 3854 uniones
2831 3806 2886 3853 et
2922 3798 3070 3851 varia
3117 3797 3284 3852 vestis
3333 3794 3541 3851 insidia:
3582 3805 3638 3851 et

2033 3892 2265 3962 proditio
2286 3891 2503 3956 fuerint,
2523 3890 2880 3946 mansuetudo
2901 3899 3106 3954 autem,
3133 3871 3456 3959 benignitas,
3476 3888 3632 3953 cinis,

2034 3983 2285 4055 lacrymte
2332 3992 2386 4037 et
2416 3984 2541 4037 vilia
2585 3984 2908 4037 vestimenta
2952 3984 3124 4052 magis
3169 3981 3406 4050 judicem
3455 3980 3638 4036 conci-

2036 4074 2168 4128 liant
2195 4091 2208 4126 :
2243 4073 2412 4127 multo
2454 4072 2624 4143 magis
2653 4073 2705 4126 in
2731 4072 2934 4142 judicio
2983 4073 3076 4126 illo
3104 4072 3398 4126 inevitabili
3437 4080 3493 4126 et
3522 4081 3635 4126 tre-

2035 4165 2231 4220 mendo
2284 4165 2388 4220 hoc
2442 4165 2556 4220 ﬁet.
2604 4163 2773 4232 Quam
2826 4165 2971 4220 enim
3027 4165 3293 4219 rationem
3351 4163 3633 4220 dicendam

2037 4257 2292 4313 habebis?
2319 4272 2501 4326 quam,
2544 4256 2630 4312 die
2673 4256 2822 4323 mihi,
2871 4257 3271 4311 excusationem
3294 4299 3308 4323 ,
3337 4255 3555 4328 quando
3579 4266 3631 4310 te

2036 4349 2294 4404 Dominus
2343 4348 2616 4403 accusabit
2657 4347 2725 4404 de
2757 4348 3061 4418 margaritis
3097 4347 3236 4414 istis,
3270 4355 3329 4403 et
3368 4361 3634 4417 pauperes

2038 4440 2176 4494 fame
2221 4439 2463 4510 perditos
2511 4440 2563 4494 in
2611 4439 2846 4494 medium
2889 4439 3051 4509 aget?
3095 4439 3390 4509 Propterea
3436 4438 3638 4494 Paulus

2035 4531 2246 4586 dicebat
2276 4550 2288 4585 :
2325 4530 2448 4585 Non
2496 4533 2549 4585 in
2581 4533 2726 4585 tortis
2767 4531 3022 4596 crinibus,
3053 4531 3130 4584 vel
3157 4547 3304 4594 auro,
3334 4531 3410 4585 vel
3433 4546 3635 4600 marga-

2035 4624 2165 4691 ritis,
2193 4624 2271 4678 vel
2293 4625 2581 4677 vestimento
2603 4625 2822 4694 pretioso
2841 4623 2918 4694 (1.
2943 4622 3075 4676 Tim.
3098 4623 3151 4675 2.
3173 4621 3252 4690 9).
3280 4623 3415 4677 Hinc
3442 4638 3639 4692 nempe

2034 4724 2308 4771 struentur
2349 4715 2555 4769 insidiae
2612 4733 2624 4768 :
2680 4715 2781 4770 etsi
2825 4725 3005 4769 autem
3047 4714 3246 4784 jugiter
3301 4714 3430 4784 ipsis
3487 4713 3634 4768 frua—

2038 4824 2177 4871 mur,
2207 4816 2386 4861 tamen
2415 4807 2636 4860 omnino
2682 4822 2777 4876 per
2821 4815 3047 4861 mortem
3079 4807 3146 4861 ab
3177 4807 3308 4875 ipsis
3351 4807 3633 4875 separabi-

2036 4915 2175 4953 mur.
2204 4898 2281 4952 Ex
2300 4899 2500 4952 virtute
2525 4913 2654 4952 vero
2681 4899 2941 4952 securitas
2966 4898 3164 4960 omnis,
3193 4907 3248 4952 et
3277 4899 3501 4952 mutatio
3531 4898 3631 4951 rui-

2039 5005 2172 5044 nave
2200 4989 2366 5052 nulla,
2398 5004 2583 5044 verum
2626 4999 2679 5043 et
2721 4989 2808 5043 hic
2853 5004 2949 5042 nos
2993 5004 3054 5043 ea
3086 4988 3262 5043 reddit
3305 4989 3548 5054 tutiores,
3586 5001 3640 5043 et

2037 5080 2162 5134 illuc
2183 5081 2486 5135 comitatur.
2534 5080 2628 5134 Vis
2665 5080 2981 5150 margaritas
3024 5080 3329 5150 possidere.
3365 5096 3464 5135 nec
3504 5097 3628 5134 um-

2035 5188 2193 5243 quam
2217 5173 2313 5226 has
2336 5173 2552 5227 divitias
2595 5173 2900 5243 deponere?
2931 5183 3176 5226 ornatum
3226 5188 3440 5227 omnem
3482 5173 3633 5227 aufe-

2037 5281 2158 5320 rens
2189 5265 2240 5319 in
2269 5265 2467 5319 Christi
2499 5280 2688 5319 manus
2721 5281 2816 5333 per
2844 5279 3108 5334 pauperes
3132 5279 3334 5334 repone
3367 5283 3379 5319 :
3411 5265 3502 5319 ille
3533 5265 3627 5319 tibi

2034 5367 2255 5411 cunctas
2299 5356 2566 5410 custodiet
2614 5356 2859 5422 divitias,
2912 5365 3192 5425 postquam
3241 5371 3438 5425 corpus
3482 5365 3630 5413 tuum

2035 5450 2201 5503 multa
2231 5464 2353 5504 eum
2383 5451 2627 5504 claritate
2654 5451 3077 5514 resuscitaverit,
3111 5459 3236 5504 tunc
3259 5452 3349 5505 tibi
3382 5451 3632 5507 meliores

2037 5543 2405 5609 circumponet
2451 5540 2664 5595 divitias
2707 5552 2761 5596 et
2805 5550 3050 5595 ornatmn
3099 5542 3390 5611 majorem,
3433 5543 3631 5612 quippe

2035 5648 2157 5688 eum
2189 5635 2259 5688 sit
2288 5634 2374 5688 hic
2400 5649 2638 5703 prmsens
2663 5635 2782 5689 vilis
2810 5644 2863 5689 et
2886 5635 3161 5689 ridiculus.
3192 5633 3374 5704 Cogita
3402 5651 3632 5706 namque

2037 5726 2232 5797 quibus
2260 5726 2338 5780 vis
2371 5727 2605 5795 placere,
2635 5735 2688 5782 et
2717 5737 2938 5796 propter
2979 5741 3113 5797 quos
3152 5727 3294 5781 hunc
3334 5727 3510 5780 induis
3536 5743 3631 5780 or-

2039 5826 2242 5887 natum,
2272 5827 2328 5873 ut
2359 5817 2600 5875 funarius
2627 5829 2679 5875 et
2716 5821 2936 5875 aerarius
2965 5829 3019 5875 et
3059 5820 3270 5874 institor
3300 5818 3627 5874 admirentur
