4190 6322
629 368 736 422 239

1366 359 1421 415 S.
1463 360 1650 417 JOAN.
1693 362 2064 418 CllliYSOST.
2107 362 2426 420 ARCHIEP.
2465 360 2993 425 CONSTANTINOP.

3791 368 3902 429 2ίο

623 476 1575 550 com-preat::annonconl'underiset
1594 474 1861 531 erubescis
1892 481 1943 529 te
1978 470 2083 527 illis
2120 485 2211 525 οδ·
2303 467 2520 526 culum?
2563 471 2816 530 Dicamne
2865 482 2920 530 et
2962 475 3105 530 aliud
3154 477 3535 537 ridiculosius?
3585 481 3897 542 Conlundor

627 585 859 639 tenuius,
893 583 949 630 et
980 587 1117 644 quos
1141 586 1242 627 nec
1280 569 1640 641 appellatione
1664 575 1755 624 tua
1779 567 1969 638 dignos
1994 578 2198 631 censes,

628 677 844 734 ltrOpter
865 664 964 719 hos
988 662 1169 720 omnia
1193 660 1432 718 faciens?

708 757 867 811 Verba
901 756 954 811 in
974 756 1223 827 baptismo
1246 755 1465 826 prolata.
1490 782 1564 797 -—
1581 751 1860 820 Quomodo
1889 752 2049 825 igitur
2068 750 2205 808 hanc

619 863 834 904 onmem
862 847 1153 903 vanitatem
1188 844 1499 901 deridebis?
1523 843 1580 900 Si
1611 844 1755 901 vocis
1785 843 1926 899 illius
1952 842 2206 899 recorde-

622 943 718 1008 ris,
745 956 902 1012 quam
924 940 1048 995 dum
1073 939 1237 994 sacris
1271 938 1572 1007 initiareris,
1600 938 1824 994 emisisti
1870 954 1885 992 ε
1919 937 2205 993 Abrenun-

623 1033 696 1087 tio
719 1032 834 1095 tibi,
874 1039 1078 1096 satana,
1122 1038 1177 1085 et
1205 1043 1413 1100 pompa:
1453 1040 1557 1086 ture
1594 1038 1648 1084 et
1689 1029 1853 1085 cultui
1896 1038 1986 1085 tuo
2015 1048 2028 1084 :
2061 1029 2201 1085 circa

621 1122 1019 1192 margaritarum
1052 1122 1194 1177 enim
1223 1120 1425 1177 cultum
1470 1120 1673 1176 insania
1698 1129 1783 1177 est
1820 1135 2013 1191 pompa
2056 1124 2200 1176 sata-

620 1214 757 1269 uica.
787 1214 986 1289 Aurum
1014 1213 1157 1269 enim
1185 1214 1391 1284 cepisti,
1415 1230 1521 1269 non
1547 1223 1606 1268 ut
1627 1229 1823 1284 corpus
1855 1214 2079 1276 vincias,
2106 1214 2201 1269 sed

621 1313 680 1361 ut
708 1321 969 1377 pauperes
995 1308 1177 1363 solvas
1200 1314 1255 1362 et
1280 1308 1535 1363 enutrias.
1571 1308 1665 1363 Dic
1687 1307 1845 1378 igitur
1870 1306 2197 1377 frequenter,

618 1398 950 1455 Abrenuntio
1005 1400 1119 1467 tibi,
1182 1400 1561 1455 satanaznihil
1599 1400 1701 1456 hac
1748 1399 1913 1454 tutius
1950 1412 2101 1465 voce,
2153 1398 2199 1454 ei

615 1489 781 1559 ipsam
802 1506 899 1561 per
922 1505 1083 1560 opera
1109 1490 1477 1547 exhibeamus.

689 1581 747 1637 5.
777 1582 923 1636 lianc
950 1593 1004 1637 et
1032 1597 1127 1637 vos
1154 1583 1392 1638 initiandi
1447 1593 1502 1638 ut
1524 1583 1757 1650 discatis,
1787 1586 2013 1640 obsecro
2038 1602 2052 1639 :
2084 1583 2199 1641 hac

615 1672 757 1726 ciiim
785 1688 883 1727 vox
910 1672 1293 1728 confmderatio
1316 1688 1437 1728 cum
1459 1673 1693 1728 Domino
1713 1682 1816 1728 est.
1845 1674 1914 1728 Et
1934 1674 2072 1732 sicut
2095 1689 2198 1730 nos

622 1776 810 1818 servos
832 1771 1090 1830 ementes,
1116 1765 1259 1835 ipsos
1287 1764 1374 1835 qui
1397 1763 1715 1832 venduntur,
1736 1765 1883 1834 prius
1900 1765 2197 1837 interroga-

617 1866 736 1906 mus
763 1869 832 1908 an
859 1854 1012 1909 nobis
1057 1854 1260 1911 servire
1311 1855 1521 1911 velint:
1551 1855 1781 1911 ita‘lacit
1830 1867 1885 1912 et
1920 1855 2194 1923 Christus;

612 1942 822 2011 quando
841 1943 1001 2000 debet
1030 1954 1080 2000 te
1106 1943 1159 2001 in
1188 1946 1499 2002 servitutem
1525 1961 1739 2017 capere,
1771 1948 1919 2017 prius
1960 1948 2192 2005 intem-

612 2044 702 2104 gat
728 2051 795 2089 an
838 2036 970 2091 velis
1019 2037 1167 2092 illum
1208 2038 1478 2094 crudelem
1523 2046 1805 2108 tyrannum
1843 2038 2110 2095 dimittere
2144 2048 2201 2096 et

614 2125 874 2182 immitem
900 2167 917 2194 ,
967 2136 1021 2182 et
1064 2128 1132 2182 ad
1184 2126 1386 2184 hedera
1429 2128 1689 2197 suscipit:
1746 2142 1851 2183 non
1890 2130 2030 2183 enim
2069 2143 2197 2185 coa-

610 2226 758 2270 ctum
783 2225 868 2271 est
900 2217 1069 2285 ipsius
1094 2218 1393 2289 imperium.
1426 2218 1493 2273 Et
1532 2218 1652 2274 vide
1681 2218 1776 2273 Dei
1793 2219 2194 2290 benignitatem.

615 2305 725 2365 Nos
753 2324 945 2380 nempe
992 2312 1295 2381 priusquam
1341 2311 1571 2381 pretium
1616 2327 1919 2383 crogemus,
1963 2314 2199 2368 interro-

611 2415 799 2471 gamus
840 2419 935 2458 eos
974 2406 1063 2473 qui
1112 2404 1433 2471 venduntur,
1468 2415 1675 2461 etcum
1718 2404 2061 2461 didicerimus
2102 2422 2197 2462 cos

610 2490 771 2558 velle,
821 2501 946 2549 tunc
989 2495 1218 2564 pretium
1257 2510 1559 2563 erogamus.
1585 2494 1831 2551 Christus
1876 2505 2051 2551 autem
2088 2512 2196 2552 non

611 2581 713 2647 ita;
744 2598 930 2638 verum
969 2594 1023 2639 et
1062 2586 1287 2654 pretium
1331 2586 1570 2655 erogavit
1605 2599 1700 2654 pro
1750 2586 1997 2641 omnibus
2042 2586 2196 2643 nobis

612 2675 903 2742 pretiosum
952 2677 1262 2747 sanguinem
1316 2693 1470 2733 suum
1514 2694 1529 2731 :
1577 2676 1753 2733 Pretio
1793 2680 1957 2745 enim,
2002 2680 2193 2750 inquit,

613 2769 770 2835 (rupti
806 2769 921 2823 estis
947 2768 1035 2840 (l.
1066 2769 1181 2824 Cor.
1207 2770 1258 2824 7.
1288 2770 1360 2825 25
1388 2770 1407 2842 )
1437 2788 1449 2824 :
1479 2779 1534 2825 et
1574 2779 1752 2826 tamen
1771 2786 1941 2841 neque
1962 2772 2039 2827 sic
2052 2773 2197 2844 cogit

608 2859 707 2912 sibi
736 2861 938 2914 servire
958 2861 1222 2927 nolentes,
1256 2862 1349 2916 sed
1377 2862 1477 2917 nisi
1508 2862 1732 2932 gratiam
1760 2863 1957 2918 habeas
1986 2873 2039 2918 et
2067 2878 2097 2918 a
2140 2872 2193 2920 te

609 2948 727 3016 ipso
745 2956 799 3002 et
818 2959 1009 3018 sponte
1034 2952 1150 3020 ejus
1176 2951 1307 3006 velis
1332 2950 1625 3006 dominatui
1644 2950 2190 3024 adscribi,Noucogo,

608 3040 795 3109 inquit,
824 3055 996 3110 neque
1022 3042 1305 3112 compello.
1330 3042 1397 3097 Et
1424 3056 1521 3097 nos
1548 3041 1763 3112 quidem
1786 3042 2059 3113 improbos
2074 3058 2192 3100 ser-

606 3142 701 3184 vos
736 3145 803 3185 ne
846 3130 1071 3186 emimus
1118 3131 1332 3203 quidem
1360 3149 1374 3186 :
1401 3132 1544 3202 quod
1590 3133 1637 3188 si
1668 3132 1884 3203 quando
1926 3148 2187 3201 emamus,

609 3236 771 3289 pravo
808 3223 1033 3278 consilio
1063 3225 1168 3281 tale
1198 3224 1423 3295 pretium
1454 3238 1775 3296 erogamus:
1814 3224 2059 3281 Christus
2098 3240 2193 3281 au-

609 3321 713 3366 tem
741 3312 975 3382 ingratos
998 3328 1183 3370 emens
1223 3329 1407 3370 servos
1428 3315 1659 3386 iniquos,
1686 3316 1872 3385 optimi
1898 3317 2037 3372 servi
2067 3331 2193 3386 pre-

607 3402 735 3457 tium
764 3405 1003 3475 erogavit
1028 3424 1041 3459 :
1069 3406 1177 3460 imo
1204 3421 1332 3460 vero
1353 3407 1518 3461 multo
1546 3406 1736 3477 majus,
1758 3422 1823 3463 ac
1846 3415 1994 3463 tanto
2020 3408 2193 3478 majus

606 3504 664 3548 ut
691 3510 862 3565 neque
900 3497 1036 3551 ratio
1062 3512 1234 3567 neque
1272 3512 1425 3554 mens
1464 3499 1627 3569 ipsius
1657 3499 2068 3569 magnitudinem
2097 3515 2189 3556 ca-

610 3585 719 3652 piat
747 3602 762 3639 :
792 3601 896 3641 non
922 3588 1062 3642 enim
1102 3589 1290 3643 caelum
1318 3597 1372 3644 et
1400 3599 1594 3644 terrain
1642 3598 1696 3645 et
1721 3604 1868 3645 mare
1901 3589 2056 3655 dans,
2093 3590 2190 3648 sed

614 3678 861 3734 omnibus
885 3677 969 3733 his
988 3679 1352 3749 pretiosiorem
1375 3681 1683 3751 sanguinem
1710 3697 1863 3737 suum
1887 3680 2188 3751 effundens,

608 3769 680 3823 ita
697 3783 795 3825 nos
812 3770 1037 3825 redemit
1059 3788 1072 3824 :
1097 3781 1151 3826 et
1177 3779 1293 3840 post
1309 3770 1422 3827 lucc
1436 3772 1611 3826 omnia
1636 3787 1741 3847 non
1769 3777 1941 3829 testes'
1953 3787 1983 3827 a
2010 3774 2187 3843 nobis,

608 3874 716 3915 non
745 3860 1093 3931 chirographa
1117 3862 1307 3933 exigit,
1336 3861 1429 3918 sed
1453 3863 1565 3917 sola
1598 3856 1878 3918 eoritentus
1907 3874 1992 3920 est
2020 3880 2148 3921 voce
2173 3884 2187 3921 :

605 3961 662 4007 et
681 3953 724 4007 si
742 3952 888 4008 dicas
906 3968 970 4007 ex
994 3952 1175 4018 corde,
1200 3954 1530 4009 Abrenuutio
1551 3954 1665 4019 tibi,
1686 3962 1891 4020 satana,
1914 3964 1967 4011 ct
1982 3970 2191 4027 pompa:

606 4054 741 4110 tum,
773 4054 941 4100 totum
972 4045 1191 4115 recepit.
1227 4044 1338 4101 [loc
1367 4046 1529 4116 igitur
1554 4045 1827 4112 dicamus,
1858 4047 2191 4105 Abrenuntio

605 4136 721 4199 tibi,
746 4144 929 4191 satana
955 4153 968 4190 :
999 4146 1264 4206 tamquam
1292 4137 1342 4191 in
1367 4137 1452 4191 illa
1476 4137 1565 4193 die
1584 4137 1740 4208 hujus
1759 4138 1907 4193 vocis
1928 4140 2188 4195 rationem

606 4225 886 4294 reddituri,
913 4234 968 4283 et
995 4228 1163 4297 ipsam
1184 4226 1565 4293 custodiamus,
1595 4237 1655 4282 ut
1681 4229 1884 4284 salvum
1917 4238 2043 4284 tunc
2062 4232 2187 4285 red-

604 4316 796 4372 damus
824 4317 1144 4388 depositum.
1168 4318 1367 4389 Pompa
1394 4333 1521 4374 vero
1544 4318 1778 4375 satanica
1805 4328 1929 4374 sunt
1949 4319 2184 4387 theatra,

606 4411 895 4478 circenses,
943 4420 998 4467 et
1043 4425 1205 4467 omne
1246 4420 1553 4483 peccatum,
1596 4410 1804 4467 dierum
1848 4411 2181 4479 observatio,

608 4502 911 4572 prmstigite,
929 4511 984 4558 et
998 4500 1196 4556 omina.

677 4593 930 4649 Adversus
959 4593 1328 4649 omium—Et
1368 4593 1493 4663 quid
1534 4591 1747 4649 tandem
1795 4602 1921 4660 sunt
1962 4595 2187 4651 omina?

604 4684 759 4755 Sa'pe
786 4686 945 4740 domo
984 4686 1104 4756 quis
1128 4703 1224 4741 sua
1254 4700 1500 4757 egressus
1525 4684 1794 4741 hominem
1821 4684 1954 4741 vidit
1979 4702 2184 4742 unocu-

603 4777 747 4843 lum,
796 4776 883 4831 vel
919 4776 1340 4844 claudicantem,
1386 4784 1443 4831 et
1483 4776 1749 4831 ominatos
1792 4782 1895 4831 est.
1939 4775 2063 4831 llmc
2102 4787 2185 4833 est

601 4882 793 4937 pompa
823 4869 1056 4923 satanica
1087 4885 1099 4921 :
1130 4884 1234 4923 non
1258 4867 1401 4923 enim
1445 4867 1673 4922 hominis
1701 4882 1956 4923 occursus
1990 4862 2183 4923 malum

602 4957 726 5014 iacit
750 4958 915 5025 diem,
943 4959 1036 5015 sed
1065 4959 1119 5014 in
1151 4959 1381 5030 peccatis
1411 4959 1607 5014 vivere.
1630 4956 1763 5014 Cum
1786 4959 1948 5029 igitur
1966 4960 2181 5027 exieris,

603 5066 765 5105 unum
808 5050 969 5107 modo
1004 5066 1152 5114 cave,
1194 5068 1261 5107 ne
1304 5060 1549 5107 occurrat
1591 5051 1686 5106 tibi
1727 5060 1999 5121 peccatum
2032 5069 2046 5107 :
2084 5052 2185 5107 hoc

600 5143 742 5198 enim
768 5152 852 5199 est
872 5144 1015 5214 quod
1043 5145 1369 5215 supplantat,
1406 5152 1601 5215 preter
1640 5141 1743 5199 hoc
1776 5159 1906 5201 vero
1934 5160 2035 5200 nec
2070 5144 2183 5214 ipse

600 5234 844 5291 diabolus
884 5232 985 5291 nos
1028 5236 1292 5307 quidpiam
1342 5234 1538 5291 lmdere
1590 5235 1804 5304 poterit.
1843 5234 1983 5303 Quid
2016 5235 2184 5291 dicis?

602 5324 873 5381 hominem
916 5328 1123 5393 cernis,
1169 5335 1224 5382 et
1261 5326 1544 5393 ominaris,
1574 5339 1674 5381 nec
1717 5327 1901 5390 cernis
1933 5326 2179 5397 laqueum

601 5415 924 5473 diabolicum
946 5417 962 5449 ¹
980 5457 998 5484 ,
1028 5417 1295 5488 quomodo
1316 5428 1369 5475 te
1395 5418 1492 5486 illi,
1523 5419 1613 5489 qui
1642 5426 1693 5474 te
1721 5417 1863 5473 nulla
1896 5417 2073 5474 aﬂeeit
2101 5418 2183 5473 iu-

595 5507 758 5576 juria,
788 5507 960 5565 reddit
988 5510 1298 5566 inimicum?
1320 5511 1588 5582 quomodo
1624 5519 1676 5567 te
1713 5510 1866 5566 fratri
1905 5513 2181 5568 constituit

599 5598 963 5657 adversarium
982 5616 1045 5658 ex
1069 5602 1208 5657 nulla
1226 5603 1366 5671 justa
1388 5603 1700 5659 occasione?
1718 5602 1785 5659 Et
1810 5603 1947 5658 Deus
1963 5603 2178 5673 quidem
2200 5672 2205 5675 _

598 5693 683 5749 vel
710 5693 955 5749 inimicos
978 5706 1161 5749 amare
1185 5707 1283 5748 nos
1298 5693 1485 5764 jussit'
1518 5702 1575 5749 tu
1593 5702 1770 5749 autem
1801 5692 1873 5747 nil
1903 5693 2185 5751 laedentem

597 5786 886 5851 aversaris,
914 5785 984 5839 nil
1010 5782 1367 5839 accusandum
1399 5784 1619 5850 habens,
1647 5800 1745 5841 nec
1766 5786 1989 5855 cogitas,
2012 5800 2186 5856 quan-

603 5886 684 5931 tus
712 5878 873 5945 risus,
904 5886 1158 5947 quantum
1190 5877 1439 5945 dedecus,
1470 5877 1577 5933 imo
1604 5892 1730 5933 vero
1759 5886 2011 5947 quantum
2044 5877 2184 5948 peri-

2302 577 2495 636 nempe
2520 575 2575 621 et
2616 559 2897 637 erubesco,
2923 570 3021 628 sed
3063 586 3227 644 cogor
3267 585 3488 645 propter
3531 576 3761 633 salutem
3793 594 3894 635 ve-

2300 662 2467 716 stram
2489 655 2688 716 dicere.
2717 661 2772 717 Si
2791 661 2963 733 virgo,
2987 662 3180 733 inquit,
3203 667 3523 732 occurrerit,
3553 669 3755 724 sterilis
3774 669 3896 725 dies

2300 751 2434 817 erit;
2481 753 2527 808 si
2575 768 2703 809 vero
2738 756 3023 823 meretrix,
3072 756 3300 814 dextera
3340 767 3397 815 et
3440 759 3604 828 bona,
3632 770 3686 817 et
3724 762 3894 817 multa

2299 846 2629 901 mercatioue
2656 846 2831 916 plena.
2857 846 3232 917 Occultamini,
3259 858 3312 905 et
3339 850 3565 909 frontem
3587 854 3892 923 percutitis,

2297 944 2351 992 et
2378 936 2443 992 ad
2472 948 2665 994 terram
2692 939 2961 994 inclinatis
2992 957 3007 994 :
3038 939 3134 996 sed
3162 956 3269 996 non
3298 957 3440 998 nunc
3478 943 3605 998 dum
3633 945 3895 1001 dicuntur

2298 1028 2477 1091 verba,
2505 1028 2600 1083 sed
2620 1042 2741 1083 cum
2772 1030 2905 1085 [lunt
2929 1045 3113 1101 opera,
3140 1032 3561 1088 erubescendum
3592 1044 3728 1090 erat.
3756 1035 3892 1091 Vide

2299 1132 2493 1187 nempe
2519 1119 2786 1189 quomodo
2815 1129 2868 1175 et
2898 1120 2986 1176 hic
3009 1120 3252 1179 diabolus
3276 1121 3457 1178 dolum
3488 1124 3801 1190 abscondit,
3834 1135 3897 1181 ut

2296 1210 2596 1265 modestam
2627 1211 2843 1282 quidem
2881 1228 3225 1284 aversemur,
3264 1215 3581 1287 impudicam
3614 1232 3741 1273 vero
3768 1232 3896 1288 gra-

2297 1309 2402 1356 tam
2451 1302 2745 1359 habeamus
2784 1313 2840 1361 et
2884 1320 3147 1361 amemus.
3195 1306 3456 1376 Quoniam
3502 1309 3649 1365 enim
3687 1309 3896 1365 audivit

2293 1391 2565 1449 Christum
2611 1395 2906 1461 dicentem,
2944 1396 3047 1464 Qui
3082 1399 3264 1465 aspicit
3296 1400 3561 1456 mulierem
3599 1400 3671 1455 ad
3701 1418 3893 1456 concu—

2294 1484 2606 1551 piscendum,
2616 1486 2731 1556 jam
2751 1486 3028 1542 mwchatus
3044 1497 3239 1543 esteem
3255 1488 3463 1561 (llattlt.
3483 1490 3536 1547 5.
3554 1490 3669 1562 28),
3685 1500 3741 1547 et
3756 1491 3893 1546 vidit

2294 1573 2490 1631 multos
2539 1574 2811 1632 lasciviam
2850 1577 3087 1644 vincere,
3115 1578 3303 1636 volens
3329 1596 3541 1635 rursum
3583 1597 3680 1652 per
3723 1582 3888 1636 aliam

2295 1666 2433 1721 viam
2462 1666 2609 1737 ipsos
2638 1667 2692 1723 iu
2723 1678 3001 1740 peccatum
3031 1669 3327 1740 impellere,
3349 1686 3446 1742 per
3462 1672 3600 1747 hanc
3623 1671 3885 1728 observa-

2296 1757 2497 1815 tionem
2522 1758 2814 1816 meritoriis
2830 1760 3145 1817 mulieribus
3162 1759 3391 1818 libenter
3411 1762 3595 1818 oculos
3608 1761 3891 1819 intendere

2294 1849 2584 1918 persuasit.

2365 1937 2534 1997 Eua
2563 1941 2845 1999 Alexandri
2874 1942 2955 1999 ll.
2997 1946 3306 2003 assummum
3346 1946 3692 2018 superstitiose
3716 1964 3873 2002 asstr-

2296 2045 2434 2107 pata.
2455 2066 2524 2078 ——
2554 2036 2693 2105 Quid
2720 2053 2849 2094 vero
2872 2038 3079 2096 diceret
3104 2040 3300 2112 aliquis
3336 2039 3405 2096 de
3443 2040 3530 2106 iis,
3555 2041 3647 2111 qui
3678 2040 3881 2107 carmi-

2294 2126 2451 2182 nibus
2488 2136 2543 2183 et
2580 2127 2820 2201 ligaturjs
2879 2138 3117 2199 utuntur,
3175 2137 3233 2185 et
3278 2129 3346 2185 de
3396 2128 3889 2200 circumligantibus

2294 2234 2435 2274 terea
2464 2219 2752 2278 Alexandri
2776 2220 3081 2278 Macedonis
3107 2222 3425 2277 uumismata
3441 2222 3600 2293 capiti
3620 2223 3707 2278 vel
3737 2221 3889 2292 pedi-

2293 2310 2435 2365 bus?
2461 2310 2556 2366 Dic
2583 2313 2736 2380 mihi,
2766 2328 2834 2369 an
2861 2313 2948 2368 ha
2970 2322 3097 2369 sunt
3114 2313 3545 2383 exspectationes
3574 2322 3795 2380 nostrae,
3827 2321 3888 2368 ut

2280 2400 2418 2471 ’post
2444 2416 2661 2458 crucem
2690 2412 2745 2459 et
2770 2413 2998 2459 mortem
3029 2404 3362 2459 Dominicam
3404 2404 3459 2458 in
3499 2403 3713 2474 gentilis
3743 2402 3886 2473 regis

2294 2491 2527 2562 imagine
2552 2509 2703 2565 spem
2733 2494 2924 2550 salutis
2950 2494 3282 2550 habeamus?
3300 2492 3518 2565 ignoras
3537 2502 3734 2564 quanta
3750 2508 3883 2549 crus

2294 2582 2562 2653 perfecit?
2594 2595 2820 2641 mortem
2850 2584 3137 2652 dissolvit,
3170 2594 3449 2655 peccatum
3477 2585 3772 2651 exstinxit,
3801 2599 3885 2641 or-

2293 2691 2415 2733 cum
2442 2677 2654 2732 inanem
2684 2677 2937 2746 reddidit,
2966 2676 3175 2733 diaboli
3202 2676 3359 2733 solvit
3384 2678 3672 2747 potentiam
3692 2719 3708 2744 ,
3736 2687 3793 2733 et
3814 2678 3882 2733 ad

2293 2768 2538 2849 corporis
2566 2769 2849 2825 sanitatem
2894 2770 3250 2840 praestandam
3295 2784 3401 2829 non
3433 2778 3517 2825 est
3546 2768 3649 2825 ﬁde
3673 2770 3833 2840 digna
3857 2773 3884 2824 ’ρ

2294 2866 2464 2916 totum
2494 2858 2682 2914 orbem
2704 2861 3071 2928 exsuscitavit,
3102 2868 3158 2915 et
3184 2870 3238 2914 tu
3267 2860 3321 2914 in
3350 2860 3468 2929 ipsa
3493 2874 3602 2913 non
3632 2860 3882 2915 conﬁdis?

2293 2961 2348 3008 et
2373 2952 2499 3024 quid
2528 2953 2636 3023 pati
2666 2951 2860 3023 dignus
2913 2967 3021 3007 non
3062 2950 3273 3009 fueris?
3313 2951 3431 3007 Non
3476 2951 3728 3022 ligaturas
3751 2966 3881 3007 vero

2293 3054 2495 3102 tantum
2519 3087 2535 3115 ,
2562 3047 2657 3103 sed
2692 3046 2855 3102 etiam
2883 3053 3297 3102 exeanmmenta
3345 3044 3441 3101 tibi
3487 3044 3877 3110 circumducis,

2290 3137 2496 3194 vetulas
2522 3136 2698 3194 ebrias
2719 3146 2774 3193 et
2796 3137 3085 3193 titubantes
3110 3136 3327 3192 domum
3354 3135 3559 3193 ducens
3588 3153 3604 3191 :
3633 3151 3735 3193 nec
3752 3151 3882 3192 con-

2291 3227 2558 3294 funderis,
2593 3242 2694 3283 nec
2723 3228 3017 3294 erubescis,
3050 3238 3173 3298 post
3200 3236 3401 3283 tantam
3452 3227 3521 3282 ad
3564 3227 3679 3282 haec
3717 3227 3882 3297 trepi-

2292 3318 2428 3376 dans
2455 3317 2790 3390 disciplinam
2817 3336 2831 3374 :
2853 3326 2908 3374 et
2934 3318 3076 3389 quod
3098 3318 3313 3389 gravius
3334 3325 3417 3373 est
3439 3332 3647 3385 errore,
3664 3318 3879 3388 quando

2294 3409 2411 3467 haec
2436 3409 2791 3466 admonemus
2825 3418 2881 3465 et
2908 3409 3282 3465 dissuademus
3306 3450 3322 3476 ,
3353 3416 3607 3478 putantes
3630 3424 3689 3464 se
3718 3423 3880 3464 excu-

2290 3505 2419 3572 sari,
2442 3503 2648 3571 dicunt,
2674 3502 2975 3559 Christiana
3006 3511 3088 3557 est
3109 3501 3304 3556 mulier
3334 3500 3447 3555 haec
3483 3508 3794 3566 excantans,
3823 3510 3879 3555 et

2290 3593 2423 3650 nihil
2460 3593 2602 3649 aliud
2657 3593 2931 3665 loquitur,
2961 3606 3121 3664 quam
3162 3592 3257 3648 Dei
3314 3606 3531 3647 nomen.
3585 3590 3875 3660 Propterea

2293 3700 2522 3757 namque
2552 3683 2891 3754 potissimum
2925 3682 3095 3753 ipsam
3127 3681 3219 3737 odi
3272 3687 3330 3736 et
3365 3694 3599 3745 eversor,
3616 3680 3759 3749 quod
3786 3680 3875 3736 Dei

2291 3775 2509 3832 nomine
2533 3762 2603 3831 ad
2621 3775 3001 3832 contumeliam
3030 3781 3237 3838 utatur,
3268 3771 3411 3843 quod
3442 3787 3504 3828 se
3529 3771 3720 3828 dicens
3758 3788 3880 3829 esse

2290 3866 2665 3935 Christianam,
2705 3865 2987 3937 gentilium
3032 3878 3197 3935 opera
3226 3863 3383 3918 faciat
3409 3881 3422 3917 :
3450 3863 3649 3919 etenim
3677 3870 3735 3918 et
3764 3862 3874 3918 da:-

2291 3972 2477 4014 mones
2508 3958 2600 4014 Dei
2626 3972 2820 4013 nomen
2850 3954 3212 4027 proferebant,
3252 3954 3347 4011 sed
3380 3965 3557 4011 tamen
3583 3961 3744 4009 erant
3770 3952 3879 4009 dte-

2291 4064 2498 4115 mones,
2518 4058 2573 4107 et
2602 4050 2674 4106 ita
2703 4049 2919 4105 Christo
2951 4048 3200 4105 dicebant
3231 4065 3245 4103 :
3292 4048 3497 4105 Scimus
3536 4056 3620 4115 te,
3648 4048 3737 4119 qui
3785 4047 3877 4114 sis,

2289 4150 2492 4197 sanctus
2521 4142 2619 4197 Dei
2652 4141 2845 4215 (Marc.
2872 4143 2925 4198 1.
2952 4140 3047 4215 24)
3084 4160 3099 4197 :
3127 4152 3183 4198 et
3204 4150 3381 4197 tamen
3409 4141 3555 4210 ipsos
3580 4141 3880 4211 increpavit

2289 4244 2343 4290 et
2379 4234 2557 4305 ejecit.
2580 4235 2872 4306 Propterea
2900 4235 3098 4306 quippe
3122 4233 3275 4288 vobis
3299 4232 3542 4303 supplico
3561 4271 3581 4300 ,
3608 4240 3668 4288 ut
3686 4232 3757 4287 ab
3777 4231 3879 4289 hac

2290 4327 2407 4382 sitis
2434 4327 2637 4383 fallacia
2676 4327 2796 4396 puri
2821 4368 2836 4393 ,
2860 4334 2917 4382 et
2942 4335 3209 4397 tamquam
3230 4322 3487 4383 baculum
3521 4324 3627 4378 hoc
3652 4322 3875 4380 verbum

2290 4418 2551 4474 habeatis.
2580 4417 2649 4473 Et
2690 4420 2829 4475 sicut
2865 4418 2983 4474 sine
3019 4414 3395 4472 calceamentis
3432 4414 3514 4470 vel
3544 4414 3877 4471 vestimentis

2290 4520 2525 4569 vestrum
2559 4524 2719 4567 nemo
2760 4510 2812 4566 in
2853 4508 3028 4565 lorum
3065 4506 3400 4564 descendere
3426 4505 3625 4563 vellet:
3657 4507 3728 4561 ita
3760 4507 3877 4564 sine

2287 4590 2453 4659 verbo
2480 4602 2583 4658 hoc
2618 4606 2907 4670 numquam
2955 4599 3029 4656 in
3054 4597 3229 4654 forum
3258 4596 3513 4669 prodeas,
3543 4596 3638 4653 sed
3666 4612 3791 4654 cum
3816 4612 3877 4654 es

2282 4695 2462 4764 januas
2509 4692 2772 4749 vestibula
2812 4700 3243 4762 transgressurus
3264 4727 3282 4757 ,
3324 4687 3430 4744 hoc
3468 4688 3616 4758 prius
3655 4688 3878 4759 loquere

2289 4786 2532 4850 verbum,
2580 4784 2909 4841 Abrenuntio
2938 4782 3033 4839 tibi
3059 4822 3074 4847 ,
3106 4790 3293 4847 satana
3322 4820 3338 4846 ,
3365 4788 3421 4836 et
3444 4794 3655 4851 pompa:
3682 4789 3788 4835 tua:
3822 4788 3878 4836 et

2288 4876 2452 4931 cultui
2481 4884 2570 4930 tuo
2592 4915 2608 4942 ,
2639 4886 2696 4931 et
2731 4873 3028 4945 conjungor
3054 4872 3187 4940 tibi,
3215 4871 3452 4928 Christe.
3493 4870 3572 4951 Ne
3620 4886 3875 4941 umquam

2287 4966 2489 5038 absque
2518 4965 2618 5021 hac
2644 4980 2776 5022 voce
2802 4979 2964 5021 exeas
2993 4981 3007 5019 :
3047 4964 3165 5020 haec
3189 4963 3295 5019 erit
3332 4961 3427 5018 tibi
3458 4960 3679 5017 baculus
3700 5001 3719 5027 ,
3762 4962 3877 5017 bare
3922 5030 3923 5033 η

2287 5066 2555 5116 armatura
2580 5098 2596 5125 ,
2627 5055 2745 5112 htec
2764 5056 2925 5111 turris
2950 5053 3396 5127 inexpugnabilis.
3423 5053 3557 5110 Cum
3589 5052 3693 5109 hoc
3712 5053 3876 5110 verbo

2287 5158 2344 5206 et
2382 5164 2594 5206 crucem
2634 5148 2688 5203 in
2721 5146 2899 5203 fronte
2927 5146 3177 5217 imprime
3206 5163 3219 5201 :
3252 5145 3333 5203 sic
3359 5145 3504 5201 enim
3533 5158 3637 5199 non
3669 5153 3874 5199 tantum

2289 5241 2449 5297 homo
2468 5254 2774 5307 occurrens,
2799 5254 2988 5295 verum
3010 5253 3109 5294 nec
3126 5239 3241 5309 ipse
3256 5238 3500 5294 diabolus
3522 5246 3572 5293 te
3584 5238 3873 5308 quidquam

2289 5334 2487 5391 laedere
2516 5334 2729 5405 poterit,
2760 5347 2881 5387 cum
2910 5330 2996 5387 his
3022 5341 3074 5387 te
3098 5345 3327 5387 cernens
3352 5330 3515 5384 armis
3545 5330 3741 5401 ubique
3776 5345 3875 5399 ap-

2288 5435 2582 5496 parentem.
2614 5425 2682 5480 Et
2709 5425 2825 5479 haec
2853 5424 3077 5493 teipsum
3094 5425 3204 5494 jam
3234 5421 3360 5478 hinc
3384 5420 3537 5488 doce,
3566 5431 3625 5477 ut
3646 5436 3769 5477 cum
3798 5424 3873 5477 si-

2293 5530 2457 5585 gnum
2500 5516 2729 5587 ceperis,
2762 5514 2836 5571 sis
2877 5515 3031 5571 miles
3058 5521 3370 5587 paratus,et
3390 5516 3576 5569 contra
3601 5510 3871 5567 diabolum

2288 5614 2549 5675 tropaeum
2605 5606 2815 5674 erigens
2840 5642 2857 5670 ,
2910 5603 3129 5672 justitize
3162 5615 3417 5657 coronam
3456 5598 3689 5673 accipias
3718 5609 3877 5665 quant

2295 5708 2393 5749 nos
2444 5709 2631 5750 omnes
2682 5692 2896 5764 assequi
2943 5693 3232 5763 contingat,
3260 5690 3427 5762 gratia
3464 5698 3519 5745 et
3557 5685 3878 5759 benignitate

2289 5784 2499 5845 Domini
2551 5785 2716 5841 nostri
2768 5783 2894 5841 Jesu
2939 5782 3158 5849 Christi,
3195 5796 3316 5837 cum
3363 5796 3468 5852 quo
3519 5778 3662 5835 Patri
3707 5778 3871 5850 gloria

2290 5880 2447 5936 simul
2466 5889 2517 5937 et
2544 5886 2729 5936 sancto
2758 5875 2995 5949 Spiritui,
3016 5875 3068 5931 in
3099 5875 3292 5932 saecula
3321 5872 3654 5931 smculorum.
3676 5874 3863 5928 Amen.
