4190 6322
632 375 736 434 ειδ
1417 372 1479 430 5.
1516 370 1793 429 JOANNIS
1825 369 2307 430 CHRYSOSTOSIT
2334 375 2657 435 ARCHIEP.
2694 377 3224 436 CONS'I‘ANTINOP.
3788 376 3893 435 246

634 502 779 545 tores
805 504 911 544 non
935 487 1196 553 desinam,
1223 496 1277 543 et
1303 488 1573 542 assiduam
1603 500 1845 541 mensam
1873 485 2022 541 vobis
2049 498 2213 555 appo-

634 596 775 641 nam.
807 593 870 633 ac
914 580 1144 649 plenum‘
1177 586 1404 631 statuam
1438 576 1696 631 doctrinae
1721 584 2005 630 craterem.
2032 574 2211 643 Siqui-

596 672 600 675 ’
633 671 754 723 dem
785 668 939 723 video
968 685 1082 736 vos,
1111 670 1199 723 ubi
1223 678 1392 723 totum
1422 669 1571 722 illum
1593 668 1966 733 exhauseritis,
1990 665 2213 720 sitibuu-

632 760 729 813 dos
784 774 963 813 rursus
992 759 1286 815 discedere.
1335 762 1510 829 Atque
1558 758 1661 812 hoc
1707 757 1923 826 quidem
1966 755 2034 809 ab
2062 755 2212 809 omni

633 861 877 919 tempore
901 849 1010 917 jam
1056 850 1306 916 innotuit,
1341 848 1632 918 praesertim
1674 857 1852 901 autem
1881 861 1911 900 a
1942 846 2211 902 Dominica

634 940 934 1007 superiore.
964 938 1259 1008 Numquam
1281 940 1419 992 enim
1447 936 1624 990 divina
1652 935 1804 990 vobis
1830 935 2039 1004 eloquia
2067 935 2216 990 fasti-

633 1028 781 1083 dium
828 1044 1036 1099 parere,
1068 1029 1181 1083 dies
1224 1029 1313 1083 ille
1360 1026 1657 1097 praesertim
1682 1026 1954 1091 indicavit,
1974 1041 2081 1096 quo
2107 1042 2213 1081 non

634 1121 833 1175 debere
880 1129 1199 1179 voszmutuo
1242 1119 1394 1175 vobis
1439 1118 1759 1174 maledicere
1785 1118 2077 1183 docebam;
2107 1134 2215 1188 quo

635 1211 796 1264 etiam
825 1220 1061 1279 tempore
1097 1210 1253 1265 vobis
1280 1209 1596 1265 tutissimam
1640 1209 1940 1279 praebebam
1970 1210 2212 1263 occasio-

637 1315 759 1354 nem
788 1300 1157 1366 accusationis,
1186 1316 1307 1356 eum
1336 1301 1402 1355 ad
1439 1299 1648 1369 propria
1673 1308 1889 1368 peccata
1916 1297 2214 1353 maledictis

639 1388 949 1444 incessenda
994 1403 1091 1444 vos
1119 1390 1450 1455 cohortarer,
1482 1401 1597 1446 non‘
1634 1389 1702 1445 ad
1739 1390 1910 1444 aliena
1953 1390 2217 1445 curiosius

638 1478 1000 1557 investiganda
1031 1498 1043 1533 :
1071 1496 1192 1536 cum
1235 1491 1448 1537 sanctos
1495 1481 1549 1537 in
1594 1482 1827 1537 medium
1872 1482 2211 1549 adducerem,

636 1571 726 1639 qui
770 1573 975 1640 seipsos
1030 1573 1372 1638 accusabant,
1412 1572 1531 1628 aliis
1572 1588 1701 1629 vero
1740 1573 2047 1642 parcebant,
2080 1573 2217 1628 Pau-

637 1661 746 1715 lum
777 1662 949 1731 ipsum
979 1662 1267 1731 dicentem,
1313 1664 1660 1720 Peccatorum
1703 1667 1906 1735 primus
1934 1679 2033 1735 ego
2070 1680 2211 1729 sum,

639 1762 696 1808 et
719 1769 840 1808 cum
872 1770 1044 1810 essem
1074 1756 1419 1825 blasphemus
1446 1765 1503 1812 et
1545 1768 1897 1827 persequutor
1940 1766 1994 1812 et
2021 1765 2213 1811 contu-

638 1845 892 1899 meliosus
912 1846 1329 1900 misericordiam
1354 1846 1446 1901 Dei
1469 1854 1830 1916 consequutus
1853 1860 1970 1901 sum
1995 1844 2044 1919 (l
2059 1844 2214 1899 .Tim.

637 1934 693 1988 1.
725 1935 808 1989 15.
841 1945 887 1988 et
914 1933 1039 2006 l6),
1080 1945 1137 1991 et
1174 1936 1474 1991 abortivum
1517 1936 1748 2006 seipsum
1790 1946 2090 1999 vocantem,
2119 1951 2218 1991 nec

638 2036 699 2076 se
757 2010 1118 2092 apostolorum
1182 2026 1540 2095 appellatione
1591 2026 1808 2095 dignum
1869 2026 2217 2080 arbitrantem

640 2111 714 2179 (l.
740 2112 854 2166 Cor.
882 2114 967 2167 £5.
1002 2114 1056 2184 8)
1084 2132 1097 2169 :
1130 2114 1344 2169 Petrum
1376 2117 1467 2185 qui
1496 2116 1724 2179 dicebat,
1758 2114 1859 2169 Exi
1893 2132 1925 2169 a
1964 2132 2063 2182 me,
2096 2116 2217 2185 quia

639 2200 786 2257 homo
814 2213 1043 2271 peccator
1079 2220 1191 2259 sum
1220 2203 1369 2274 (Luc.
1393 2205 1447 2259 5.
1476 2204 1531 2276 8)
1558 2223 1573 2259 :
1605 2204 1931 2269 Mattheum,
1951 2206 2053 2275 ‘qui
2084 2215 2219 2259 tem-

639 2306 770 2362 pore
790 2296 1116 2364 apostolatus
1142 2296 1481 2365 publicanum
1507 2298 1741 2366 seipsum
1758 2295 1981 2350 vocabat
2003 2294 2213 2369 (Matth.

644 2383 832 2456 10.3):
858 2386 1238 2458 Davidem,qui
1268 2388 1503 2443 clamans
1527 2388 1700 2442 aiebat
1729 2405 1743 2441 :
1769 2384 2068 2458 Iniquitates
2096 2403 2218 2441 mea

641 2492 976 2546 supergressa:
999 2490 1114 2531 sunt
1140 2489 1294 2547 caput
1323 2495 1507 2546 meum,
1531 2489 1578 2534 et
1614 2482 1744 2533 sicut
1772 2495 1898 2533 onus
1923 2472 2073 2551 grave
2100 2496 2218 2550 gra-

640 2576 769 2619 vatur
793 2579 910 2621 sunt
947 2556 1100 2638 super
1124 2585 1202 2623 me
1227 2569 1395 2641 (Psal.
1424 2572 1513 2624 57.
1542 2570 1599 2642 5)
1632 2587 1646 2622 :
1694 2579 1748 2625 et
1778 2569 1967 2625 Isaiam
2007 2572 2097 2641 qui
2142 2571 2217 2624 la-

642 2660 913 2709 mentatur
936 2672 1000 2710 ac
1021 2658 1197 2726 luget:
1226 2656 1527 2713 Immundas
1555 2676 1683 2725 sum,
1713 2668 1762 2714 et
1782 2658 2040 2713 immunda
2061 2659 2219 2713 habeo

640 2744 773 2797 labia
808 2745 958 2815 (lsai.
986 2748 1039 2801 6.
1071 2749 1126 2818 5)
1158 2766 1171 2802 :
1217 2757 1323 2802 tres
1376 2764 1572 2819 pueros
1599 2749 1687 2819 qui
1733 2751 1786 2803 in
1829 2750 2040 2803 camino
2082 2750 2219 2820 ignis
2257 2761 2259 2765 ‘

642 2839 980 2903 conﬁtentur,
1007 2854 1069 2893 ac
1093 2840 1296 2908 dicunt,
1328 2857 1386 2896 se
1413 2857 1683 2912 peccasse,
1713 2842 1883 2913 legem
1900 2857 2019 2898 esse
2046 2852 2218 2898 trans~

640 2944 875 2999 grcssos,
924 2947 1096 3001 neque
1148 2933 1241 2987 Dei
1291 2935 1554 2988 mandatis
1600 2935 1916 3003 paruisse‘:
1948 2935 2216 2991 Danieletn

641 3017 745 3073 hoc
790 3020 961 3088 ipsum
1005 3021 1390 3089 deplorantem.
1424 3022 1541 3089 Quo
1573 3033 1832 3099 tempore,
1875 3030 1953 3077 tot
1995 3038 2219 3079 enume-

639 3108 773 3162 ratis
815 3109 1013 3163 sanctis
1060 3110 1195 3176 iStis,
1225 3125 1434 3175 muscas
1478 3110 1637 3165 etiam
1667 3112 2023 3168 accusatrices
2047 3112 2216 3166 advo-

640 3199 779 3260 cavi,
800 3213 861 3251 ac
886 3198 1169 3270 legitimam
1197 3201 1424 3271 exempli
1446 3216 1663 3258 causam
1689 3203 1925 3273 adjunxi,
1942 3218 2063 3259 cum
2083 3204 2212 3270 dixi,

641 3288 1083 3357 quemadmodum
1106 3293 1297 3347 alienis
1325 3293 1428 3347 illm
1453 3293 1759 3348 vulneribus
1783 3294 2035 3362 insident,
2063 3296 2141 3351 sic
2163 3304 2218 3352 et

641 3390 978 3435 accusatores
996 3383 1166 3438 aliena
1190 3395 1403 3453 peccata
1432 3386 1696 3451 vellicare,
1724 3388 2073 3457 morbumque
2094 3388 2217 3444 inde

639 3469 927 3524 conciliare
955 3473 1078 3536 illis,
1111 3474 1201 3539 qui
1228 3488 1348 3528 cum
1386 3474 1515 3543 ipsis
1553 3485 1863 3541 versantur;
1894 3492 1987 3532 eos
2012 3486 2211 3544 autem,

638 3559 728 3625 qui
772 3562 1036 3615 contraria
1084 3561 1352 3631 lacerent,
1386 3580 1514 3634 apes
1560 3565 1913 3634 appellabam,
1943 3582 2049 3621 non
2098 3584 2217 3637 qua:

638 3648 945 3718 colligerent
974 3653 1338 3721 mgritudines,
1369 3654 1462 3708 sed
1490 3670 1607 3724 quas
1635 3670 1857 3709 summa:
1903 3656 2112 3725 pietatis
2135 3658 2213 3711 l'a-

639 3754 735 3793 vos
763 3744 1167 3811 concinnarent,
1201 3761 1263 3800 ac
1305 3747 1498 3803 deinde
1538 3749 1778 3803 volantes
1808 3757 1959 3817 prato
2006 3750 2214 3807 virtutis

638 3846 946 3889 sanctorum
971 3838 1265 3893 insiderent
1297 3856 1308 3892 :
1339 3849 1449 3893 tum
1481 3842 1754 3916 nimirum,
1788 3850 1897 3895 tum
1924 3841 2214 3911 inexplebi-

641 3920 746 3976 lem
797 3941 906 3993 praa
950 3927 1099 3981 vobis
1142 3942 1378 3982 amorem
1432 3930 1645 3984 tulistis.
1677 3930 1809 3984 Nam
1862 3933 2111 4000 quoniam
2160 3934 2211 3987 in

636 4012 993 4073 prolixitatem
1037 4031 1213 4071 sermo
1240 4029 1421 4073 noster
1445 4029 1529 4073 est
1557 4019 1864 4088 productus,
1894 4036 1957 4076 ac
1991 4023 2214 4091 prolixi-

639 4108 798 4156 tatem
852 4104 1189 4173 immensnm,
1237 4117 1292 4161 et
1328 4117 1526 4177 quanta
1572 4125 1858 4179 numquam
1891 4111 2005 4179 fuit,
2049 4114 2126 4168 sic
2157 4124 2215 4169 ut

636 4204 935 4249 metuerent
981 4195 1152 4261 multi,
1205 4212 1273 4251 ne
1323 4196 1605 4253 verborum
1660 4200 1999 4257 multitudine
2046 4204 2209 4258 animi

637 4287 796 4340 vestri
826 4286 1073 4339 alacritas
1125 4289 1571 4358 exstingueretur,
1620 4293 1944 4347 contrarium
1999 4294 2211 4362 penitus

637 4377 848 4431 accidit.
878 4378 1117 4446 Amplius
1137 4379 1276 4433 enim
1305 4394 1401 4433 cor
1427 4389 1662 4436 vestrum
1692 4384 2068 4451 incalescebat,
2097 4403 2211 4442 am-

636 4467 774 4534 plius
816 4468 1139 4522 desiderium
1192 4470 1596 4527 exardescebat.
1648 4473 1800 4534 Unde
1858 4476 1911 4531 id
1958 4480 2209 4534 constat?

631 4556 860 4625 Maiores
889 4550 1102 4626 quidem
1142 4568 1286 4613 certe
1330 4561 1541 4629 plausus
1565 4564 1665 4620 sub
1706 4565 1865 4619 linem
1895 4566 2127 4636 fuerunt,
2156 4580 2210 4625 et

631 4650 885 4705 clariores
936 4653 1373 4718 acclamationes,
1434 4654 1679 4725 idemque
1726 4660 1919 4715 accidit
1964 4662 2105 4732 quod
2153 4664 2207 4718 in

632 4741 949 4795 fornacibus.
1001 4740 1071 4796 Ut
1113 4743 1255 4795 enim
1299 4743 1406 4797 illic
1445 4745 1595 4799 initio
1621 4747 1835 4815 quidem
1881 4765 1986 4804 non
2017 4753 2205 4808 admo-

631 4832 754 4885 dum
787 4832 987 4886 clarum
1018 4843 1098 4886 est
1129 4833 1304 4888 lumen
1336 4834 1503 4903 ignis;
1552 4847 1827 4906 postquam
1862 4851 2037 4895 autem
2066 4844 2202 4913 ligna

629 4925 828 4989 omnia,
858 4941 976 4995 quae
1025 4925 1267 4994 imposita
1312 4926 1538 4995 fuerant,
1571 4928 1781 4985 ﬂamma
1826 4934 2100 5002 corripuit,
2152 4937 2203 4991 in

629 5028 874 5083 magnam
908 5014 1110 5069 tollitur
1139 5016 1504 5071 altitudinem:
1527 5020 1605 5074 sic
1630 5029 1685 5074 et
1707 5021 1910 5085 illodie
1936 5031 2043 5078 tum
2074 5036 2206 5081 lem-

629 5104 774 5170 puris
798 5104 896 5157 hoc
920 5106 1111 5186 evenit.
1139 5106 1294 5160 Initio
1337 5108 1547 5176 quidem
1597 5125 1704 5165 non
1743 5111 2027 5168 admodum
2072 5116 2200 5171 mihi

628 5195 1061 5249 commovebatur
1088 5195 1175 5251 hic
1207 5207 1406 5262 castus;
1455 5199 1547 5253 ubi
1593 5216 1722 5256 vero
1770 5201 1977 5273 longius
2025 5220 2203 5259 sermo

626 5284 918 5353 productus
945 5283 1109 5340 estet
1154 5302 1339 5342 omnes
1382 5292 1679 5359 argumenti
1712 5294 1973 5362 propositi
2018 5305 2201 5364 partes

626 5374 837 5437 invasit,
885 5376 1216 5447 ampliorque
1264 5383 1619 5447 proseminata
1660 5383 1905 5439 doctrina
1942 5396 2043 5451 est,
2090 5397 2199 5442 tum

626 5466 873 5521 nimirum
925 5467 992 5522 ad
1048 5470 1303 5538 majorem
1361 5473 1610 5528 audiendi
1659 5474 1997 5543 cupiditatem
2049 5495 2203 5533 exar-

624 5556 787 5623 sistis,
821 5573 885 5614 ac
922 5559 1288 5616 vehementior
1329 5564 1547 5632 plausus
1598 5567 1793 5637 erupit.
1838 5567 1954 5634 Quo
2003 5550 2199 5629 factum

878 5696 1031 5772 colo,
1072 5698 1386 5772 peccat-inuis,
1416 5702 1567 5768 legem
1609 5705 1899 5770 transgressi
1940 5717 2134 5772 sumus;
2152 5715 2201 5763 ει

624 5758 848 5808 Mandata
873 5760 958 5810 Dei
978 5758 1441 5814 non'custodivt'mus.

2318 500 2423 557 est,
2452 500 2510 545 ut
2537 493 2745 547 tametsi
2777 506 2864 547 me
2905 490 2971 547 ad
3008 490 3255 559 pauciora
3280 487 3506 544 dicenda
3544 501 3887 558 comparave-

2316 596 2451 646 ram,
2483 592 2596 635 tum
2638 582 2856 635 modum
2885 582 3242 645 excesserim;
3292 581 3399 633 imo
3444 594 3573 634 vero
3604 588 3890 647 numquam

2319 687 2417 741 ego
2440 672 2654 726 modum
2685 668 2891 727 excessi
2929 685 2945 721 :
2984 670 3242 739 siquidem
3270 669 3525 723 doctrina:
3546 671 3893 739 quantitatem

2318 777 2425 817 non
2462 777 2526 817 ex
2558 777 2740 816 eorum
2768 776 2886 831 qua:
2910 760 3162 814 dicuntur
3204 759 3561 824 multitudine,
3599 758 3693 814 sed
3723 774 3787 812 ex
3815 756 3896 809 af-

2319 850 2457 904 fectu
2502 866 2710 916 eorum,
2741 850 2830 919 qui
2882 849 3125 909 audiunt.
3180 849 3328 903 soleo
3376 849 3575 903 metiri.
3627 848 3762 901 Nam
3809 847 3897 914 qui

2318 949 2641 996 nanseantes
2666 949 2853 995 nactus
2879 949 2961 994 est
2981 939 3275 1002 auditores,
3297 939 3423 993 licet
3449 937 3743 993 doctrinam
3766 952 3899 990 con-

2319 1032 2560 1098 traxerit,
2580 1031 2876 1086 molestiam
2903 1030 3112 1085 videtur
3136 1028 3425 1095 exhibere;
3454 1028 3541 1097 qui
3568 1040 3699 1082 vero
3727 1034 3904 1081 atten-

2320 1130 2403 1175 tos
2432 1136 2496 1177 ac
2525 1123 2729 1191 vigiles,
2756 1121 2879 1176 licet
2904 1120 3217 1191 produxerit
3241 1118 3464 1189 longius,
3490 1132 3560 1172 ne
3584 1117 3656 1171 ita
3683 1115 3904 1185 quidem

2320 1213 2498 1281 explet
2523 1211 2891 1280 cupiditatem.

2393 1301 2515 1356 Non
2540 1301 2721 1356 debent
2740 1302 2930 1368 infirmi
2956 1302 3155 1372 erigere
3187 1316 3221 1355 a
3255 1300 3608 1358 concinnatam:
3627 1307 3684 1353 ut
3707 1295 3906 1352 brevior

2320 1376 2403 1449 sit.
2429 1424 2500 1434 -—
2524 1394 2631 1449 Sed
2657 1394 2907 1463 quoniam
2936 1406 3332 1462 nonnumquam
3355 1391 3564 1455 accidit,
3590 1400 3646 1445 ut
3668 1399 3819 1445 tanto
3848 1388 3904 1443 in

2318 1485 2515 1556 popqu
2536 1485 2643 1539 sint
2669 1483 2962 1539 imbecilles
2990 1482 3251 1549 nonnulli,
3280 1479 3372 1551 qui
3398 1481 3662 1546 sermonis
3683 1479 3906 1548 prolixi-

2324 1585 2484 1630 tatem
2513 1578 2726 1645 assequi
2755 1575 2973 1629 minime
3004 1581 3246 1644 possunt,
3276 1572 3343 1627 ad
3370 1571 3473 1627 hoc
3494 1586 3588 1627 eos
3613 1571 3771 1625 statui
3802 1584 3905 1624 co-

2322 1665 2554 1730 hortari,
2584 1674 2645 1720 ut
2668 1680 2789 1719 eum
2825 1664 3120 1729 audierint,
3154 1673 3409 1732 quantum
3435 1677 3628 1732 capere
3657 1670 3903 1731 possunt,

2321 1764 2512 1810 etcum
2538 1756 2771 1826 acceptis
2793 1755 2859 1809 iis
2880 1796 2896 1821 ,
2924 1769 3042 1824 qua:
3068 1754 3336 1809 sufﬁciunt
3364 1752 3469 1805 illis
3493 1792 3506 1816 ,
3535 1750 3860 1807 recesserint
3888 1766 3903 1803 :

2322 1863 2480 1902 nemo
2504 1847 2700 1918 quippe
2729 1856 2869 1902 vetat
2898 1860 3073 1914 neque
3108 1846 3271 1915 cogit,
3302 1851 3361 1898 ut
3389 1842 3529 1897 ultra
3564 1856 3725 1912 quam
3755 1841 3906 1896 vires

2324 1943 2559 2010 ipsorum
2586 1940 2757 1995 ferant
2779 1980 2795 2005 ,
2830 1939 2917 1994 hic
2943 1945 3230 2003 maneant,
3259 1950 3329 1991 ne
3357 1935 3512 1990 nobis
3539 1941 3665 1989 ante
3694 1942 3906 2002 tempus

2325 2032 2539 2087 ﬁniendi
2581 2046 2880 2087 sermonem
2924 2029 3296 2085 necessitatem
3342 2028 3638 2098 imponant.
3683 2024 3816 2079 Nam
3847 2035 3907 2079 tu

2322 2123 2535 2194 quidem
2563 2123 2807 2191 expletus
2832 2137 2912 2187 es,
2943 2120 3041 2176 sed
3067 2118 3231 2174 frater
3258 2128 3378 2174 tuus
3401 2118 3577 2173 adhuc
3605 2116 3776 2172 esurit
3801 2132 3815 2167 :
3850 2123 3908 2169 et

2324 2224 2378 2270 tu
2409 2231 2593 2270 eorum
2623 2230 2740 2284 qua:
2768 2204 2907 2267 dicta
2950 2220 3075 2267 sunt
3101 2211 3253 2281 copia
3282 2210 3464 2266 ebrius
3489 2221 3584 2275 es,
3616 2206 3709 2263 sed
3740 2205 3909 2261 frater

2323 2315 2443 2359 tuus
2468 2305 2643 2360 adhuc
2681 2304 2809 2357 sitit.
2855 2302 3035 2374 Neque
3075 2311 3217 2356 tuam
3262 2299 3681 2355 imbecillitatem
3720 2304 3910 2367 gravet

2324 2397 2412 2451 ille
2440 2397 2587 2465 plura
2615 2394 2853 2466 cogendo
2876 2394 3355 2470 suscipere,\quam
3384 2402 3491 2446 tuae
3517 2390 3655 2445 vires
3685 2390 3855 2445 ferant
3889 2405 3904 2441 :

2296 2488 2301 2491 ’
2322 2505 2497 2559 neque
2517 2487 2857 2557 cupiditatem
2887 2488 3003 2555 ejus
3026 2500 3188 2541 vexes
3212 2472 3569 2555 prohibendo,
3597 2497 3663 2537 ne
3690 2490 3859 2535 totum
3888 2522 3904 2549 ,

2320 2580 2461 2649 quod
2487 2594 2679 2646 capere
2704 2586 2894 2647 potest,
2927 2576 3190 2631 admittat.

2390 2669 2444 2723 2.
2489 2669 2599 2722 [loc
2640 2677 2693 2723 et
2729 2667 2779 2723 in
2813 2666 3047 2737 profanis
3089 2666 3147 2719 lit
3184 2664 3384 2720 mensis
3416 2683 3428 2718 :
3457 2663 3548 2719 alii
3587 2662 3780 2730 citius,
3808 2660 3906 2716 alii

2323 2762 2525 2816 tardius
2544 2760 2845 2830 explentur,
2868 2767 2923 2815 et
2946 2774 3119 2827 neque
3144 2757 3261 2812 illos
3285 2756 3338 2811 hi
3362 2754 3780 2827 reprehendunt,
3804 2769 3907 2808 nc-

2320 2869 2423 2922 que
2442 2852 2541 2907 hos
2564 2853 2637 2905 illi
2656 2851 3032 2907 condemnant.
3050 2849 3248 2905 Verum
3268 2849 3375 2903 illic
3395 2847 3608 2919 quidem
3629 2847 3735 2903 cito
3756 2861 3910 2901 rece-

2321 2944 2445 2998 dere
2461 2943 2725 2997 laudabile
2742 2952 2825 2997 est
2845 2959 2859 2995 ε
2879 2941 2963 2997 hic
2976 2957 3105 2996 vero
3124 2942 3232 2996 cito
3250 2939 3501 2996 recedere
3513 2955 3617 2993 non
3636 2939 3909 2996 laudabile

2321 3044 2425 3099 est,
2454 3032 2546 3086 scd
2577 3032 2728 3086 venia
2754 3030 2970 3104 dignum
3005 3049 3019 3087 :
3052 3031 3160 3087 illic
3181 3030 3384 3090 tardius
3407 3045 3620 3090 camare
3642 3035 3909 3103 vituperio

2320 3138 2383 3177 ac
2408 3122 2810 3196 reprehensioni
2832 3126 3149 3192 obnoxium,
3172 3126 3259 3181 bic
3279 3140 3406 3181 vero
3428 3125 3632 3180 tardius
3652 3124 3920 3181 reeedere'

2322 3216 2534 3271 laudem
2580 3225 2635 3270 et
2675 3215 3191 3272 commendationem
3234 3215 3371 3285 parit
3410 3214 3722 3269 maximam.
3762 3214 3906 3281 Quid

2321 3306 2425 3360 ita?
2451 3305 2602 3372 Quod
2634 3306 2741 3361 illic
2769 3305 2982 3375 quidem
3015 3305 3233 3361 tarditas
3258 3321 3321 3360 ex
3351 3305 3579 3375 ingluvie
3610 3316 3859 3359 nascatur
3884 3320 3902 3357 :

2320 3396 2409 3451 hic
2448 3413 2575 3453 vero
2612 3413 2681 3452 ex
2726 3396 2984 3466 spirituali
3033 3396 3321 3466 cupiditate
3366 3410 3625 3466 sacroque
3666 3392 3904 3465 appetitu

2321 3489 2616 3543 constantia
2642 3488 2955 3543 concilietur
2978 3492 3032 3540 et
3055 3485 3326 3556 patientia.

2394 3575 2540 3631 Unde
2584 3576 2829 3646 originem
2870 3576 3069 3629 duxerit
3114 3574 3293 3627 divisio
3340 3573 3650 3644 linguarum.
3690 3600 3761 3614 -ι-
3795 3572 3904 3628 Sed

2313 3664 2422 3735 jam
2474 3665 2603 3721 satis
2650 3664 2913 3720 indultum
2962 3666 3031 3720 sit
3074 3662 3382 3734 prooemiis;
3430 3677 3530 3717 nos
3577 3678 3708 3719 vero
3744 3663 3901 3719 dein-

2262 3810 2263 3813 η
2318 3772 2444 3827 eeps
2481 3758 2549 3813 ad
2594 3758 2725 3812 illud
2769 3758 3003 3814 debitum
3059 3772 3373 3829 pergemns,
3421 3757 3563 3827 quod
3606 3758 3762 3813 nobis
3808 3758 3901 3814 illo

2317 3846 2405 3903 die
2430 3847 2691 3916 reliquum
2722 3848 2841 3903 fuit.
2868 3849 3004 3917 Quid
3032 3848 3191 3919 igitur
3216 3848 3343 3902 illud
3376 3848 3471 3902 fuit
3498 3848 3640 3918 quod
3672 3858 3784 3903 tum
3814 3849 3901 3903 di-

2316 3937 2608 3993 cebamus?
2635 3939 2803 3995 Unam
2828 3941 3031 3995 scilicet
3076 3951 3186 3994 tum
3226 3939 3389 3993 fuisse
3418 3939 3649 4010 linguam
3689 3940 3901 4000 cunctis

2318 4028 2628 4084 hominibus
2646 4071 2661 4096 ,
2689 4030 3133 4100 quemadmodum
3159 4040 3215 4086 et
3240 4041 3483 4086 naturam
3516 4049 3693 4102 unam,
3725 4052 3903 4106 neque

2318 4120 2481 4174 ullum
2512 4121 2674 4175 fuisse
2699 4121 2845 4176 vocis
2869 4122 3088 4178 alterius
3112 4123 3195 4177 vel
3239 4123 3461 4179 alterius
3500 4124 3714 4194 lingum.
3741 4125 3900 4184 Unde

2317 4209 2476 4280 igitur
2505 4219 2648 4266 tanta
2677 4214 2938 4268 sermonis
2967 4213 3290 4268 diversitas?
3330 4214 3405 4268 Ex
3432 4215 3751 4285 negligentia
3778 4216 3901 4272 illo-

2316 4316 2433 4355 rum
2454 4341 2468 4362 ,
2491 4302 2579 4370 qui
2608 4299 2803 4355 donum
2829 4313 3146 4371 acceperant
3175 4321 3188 4355 :
3216 4318 3443 4374 quorum
3472 4316 3756 4376 utrumque
3778 4315 3892 4362 tum

2315 4391 2545 4447 diximus
2568 4434 2583 4458 ,
2612 4403 2667 4448 et
2693 4408 2755 4448 ex
2786 4395 2986 4449 unitate
3025 4397 3289 4451 sermonis
3320 4398 3527 4452 Domini
3556 4398 3897 4457 clementiam

2314 4484 2797 4541 demonstravimus
2821 4496 2980 4558 atque
3008 4503 3073 4543 ex
3094 4489 3399 4547 diversitate
3424 4491 3685 4546 sermonis
3711 4493 3895 4563 ingra-

2316 4588 2488 4632 torum
2515 4579 2906 4650 improbitatem
2935 4596 3230 4636 servorum.
3259 4583 3390 4637 Nam
3432 4584 3523 4639 ille
3550 4584 3764 4654 quidem
3791 4588 3898 4642 etsi

2312 4670 2631 4738 praeviderat
2653 4686 2751 4726 nos
2774 4672 2972 4727 donum
2998 4673 3310 4739 amissuros,
3334 4684 3511 4728 tamen
3532 4675 3749 4745 largitus
3771 4687 3855 4732 est
3878 4694 3895 4743 ;

2311 4771 2364 4814 at
2394 4760 2430 4814 ii
2458 4762 2648 4830 quibus
2673 4762 2932 4816 creditum
2964 4772 3046 4816 est
3065 4804 3079 4828 ,
3109 4763 3364 4817 malitiam
3405 4779 3555 4819 suam
3584 4766 3637 4820 in
3666 4767 3897 4835 depositi

2310 4856 2713 4909 conservatione
2742 4854 3101 4909 declararunt.
3132 4855 3226 4910 Hic
3256 4857 3414 4926 igitur
3440 4874 3574 4913 unus
3599 4868 3680 4914 est
3702 4860 3900 4916 deleno'
3980 4850 3986 4881 ³

2310 4944 2474 4997 sionis
2505 4944 2692 4998 modus
2711 4985 2726 5008 ,
2757 4944 2921 4999 Deum
2961 4960 3057 4999 nos
3087 4945 3177 5000 illo
3203 4945 3345 5001 dono
3376 4948 3599 5004 minime
3618 4950 3894 5019 privasse,

2230 5087 2232 5089 ,
2309 5051 2492 5091 verum
2520 5052 2617 5090 nos
2641 5051 2759 5106 qua:
2787 5037 2909 5091 data
2952 5035 3160 5091 fuerant
3182 5079 3197 5104 ,
3225 5038 3490 5093 amisisse.
3519 5040 3799 5095 Secundus
3826 5042 3897 5098 ab

2308 5128 2398 5181 illo
2423 5136 2540 5189 est,
2572 5127 2714 5196 quod
2761 5127 2962 5196 majora
3000 5142 3159 5197 quam
3200 5127 3410 5183 fuerant
3443 5130 3670 5197 amissa,
3705 5140 3894 5200 postea

2306 5217 2429 5271 data
2450 5218 2554 5271 sint
2581 5218 2735 5272 nobis
2760 5258 2773 5281 ,
2805 5232 2868 5273 ac
2894 5232 2990 5287 pro
3022 5218 3293 5275 laboribus
3325 5223 3657 5291 tempprariis
3686 5233 3891 5281 aeterna

2308 5311 2412 5362 vita
2445 5324 2541 5363 nos
2587 5320 2955 5364 remuneratus
2996 5310 3098 5376 sit,
3138 5320 3193 5367 ct
3228 5312 3464 5368 effecerit
3504 5328 3603 5383 pro
3631 5314 3804 5382 spinis
3828 5329 3893 5369 ac

2310 5402 2515 5455 tribulis
2534 5411 2591 5455 ut
2613 5405 2814 5455 fructus
2833 5401 3060 5471 Spiritus
3087 5403 3138 5457 in
3164 5404 3441 5459 animabus
3462 5405 3660 5460 nostris
3688 5406 3890 5475 germi-

2308 5502 2478 5547 naret.
2511 5492 2651 5546 Nihil
2673 5493 2753 5563 (α)
2775 5503 2889 5547 erat
2911 5496 3123 5551 homine
3150 5497 3327 5564 vilius,
3358 5505 3409 5551 et
3432 5496 3562 5551 nihil
3587 5497 3783 5554 iactam
3808 5508 3891 5558 est

2367 5709 2441 5772 (π)
2456 5716 2622 5782 ,ῐοϐιιε
2641 5710 2706 5782 (lt;
2727 5712 3052 5782 magnitudine
3083 5714 3291 5766 hominis
3312 5716 3521 5780 reparati
3545 5718 3718 5769 citatus
3750 5726 3828 5771 est
3858 5731 3883 5767 a

2307 5772 2629 5835 Theodorum,
2654 5772 2769 5823 trial.
2801 5772 2843 5824 f.
