4190 6322
191 405 289 465 145

191 528 363 598 πλήρη
412 521 509 575 τὸν
557 516 814 594 κρατῆρα
849 514 945 587 τῆς
998 510 1348 573 διδασκαλίας
1395 506 1588 598 ίστάςί
1622 500 1767 598 ’ρρῶ

190 593 395 687 γάρτὸτι
430 608 575 681 μετά
593 593 657 661 τδ
680 605 859 659 πάντα
892 602 1055 657 αὑτὸν
1096 602 1330 666 ἐκπιεῖν,
1368 597 1530 651 πάλιν
1569 593 1767 687 διψῶνζ

124 688 127 691 Α
305 702 665 772 ἀναχωρεῖτε.
702 696 808 752 Καὶ
838 694 997 750 τοῦτο
1052 692 1209 761 δῆλον
1262 689 1361 761 μὲν
1412 688 1507 742 καὶ
1557 686 1622 739 ἐκ
1671 683 1766 737 τοῦ

190 792 377 856 παντὸς
395 791 633 861 ,ἐγένετο
653 788 864 861 χρόνου,
898 784 1131 857 μάλιστα
1154 782 1211 836 δὲ
1245 782 1311 834 ἐκ
1334 780 1435 851 τῆς
1465 774 1769 850 παρελθού-

192 880 603 952 σηςΚυριακῆς.
638 877 763 931 Ὅτι
812 874 923 945 γάρ
970 871 1281 943 ἀκορέστως
1323 870 1480 939 ὑμεῖς
1512 867 1767 938 μετέχετε

192 969 288 1024 τῶν
313 969 473 1023 θείων
492 968 715 1037 λογίων,
745 964 929 1034 ἐκείνη
985 960 1218 1031 μάλιστα
1265 956 1466 1023 ἔδειξεν
1493 958 1526 1028 ή
1562 954 1766 1026 ἡμέρα,

187 1060 240 1112 ἐν
327 1057 455 1127 περὶ
478 1055 579 1109 τοῦ
616 1055 691 1126 μὴ
714 1054 821 1108 δεῖν
854 1051 1038 1115 κακῶς
1066 1049 1249 1119 λέγειν
1294 1045 1559 1117 ἀλλήλους
1596 1042 1768 1097 διελε-

189 1149 375 1219 γόμην,
409 1148 501 1201 ὅτε
529 1145 628 1199 καὶ
668 1142 924 1198 ὑπόθεσιν
968 1142 1097 1213 ὑμῖν
1130 1136 1465 1215 κατηγορίας
1507 1135 1769 1205 παρεῖχον

187 1232 623 1305 ἀσφαλεστάτην,
662 1230 946 1304 παραινῶν
969 1229 1039 1284 τά
1066 1230 1243 1283 οἰκεῖα
1272 1226 1651 1298 ἁμαρτήματα
1674 1220 1770 1274 λέ-

187 1340 296 1393 γειν
346 1320 561 1385 κακῶς,
591 1318 731 1375 ἀλλὰ
761 1318 835 1390 μὴ
880 1317 950 1371 τὰ
993 1316 1250 1406 ἀλλότρια
1284 1308 1765 1406 περιεργάζεσθαι·

187 1410 268 1464 ὅτε
294 1411 417 1474 τοὺς
450 1409 645 1477 ἁγίους
670 1407 992 1479 παρήγαγον
1028 1402 1237 1458 ἑαυτῶν
1284 1402 1383 1474 μὲν
1404 1402 1771 1470 κατηγοροῦν-

188 1517 299 1566 τας,
320 1497 431 1553 τῶν
455 1497 517 1552 δὲ
548 1496 723 1552 ἄλλων
753 1493 1123 1566 φειδομένους·
1155 1493 1246 1548 τὸν
1274 1489 1483 1545 Παῦλον
1513 1487 1766 1556 λέγοντα,

184 1588 259 1642 δτι
306 1584 680 1658 Ἀμαρτωλῶν
712 1583 928 1655 πρῶτός
951 1584 1067 1653 εἰμι
1108 1578 1241 1650 ἐγὼ,
1277 1578 1373 1633 καὶ
1410 1578 1493 1631 ὅτι
1522 1576 1770 1647 βλάσφηο

106 1696 107 1701 ‘
189 1694 280 1750 μον
305 1678 433 1732 δντα
460 1676 562 1731 καὶ
594 1675 831 1746 διώκτην
876 1673 973 1727 καὶ
1001 1670 1265 1743 ὑϐριστήν
1294 1671 1321 1723 6
1367 1668 1501 1732 Θεὸς
1539 1666 1766 1738 ⁴ἰγλέησε,

185 1768 274 1821 καὶ
304 1767 571 1839 έκτρωμα
594 1765 785 1821 ἐαυτὸν
813 1762 1103 1825 καλοῦντα,
1132 1760 1361 1816 καὶούδέ
1385 1759 1486 1829 τῆς
1514 1757 1622 1812 τῶν
1641 1756 1772 1809 ἁπο-

187 1854 379 1910 στόλων
414 1853 795 1927 προσηγορίας
819 1852 968 1920 ἄξιον
1005 1846 1145 1904 εἶναι
1190 1848 1499 1920 νομίζοντα·
1521 1844 1615 1899 τὸν
1659 1844 1769 1898 Πέ-

184 1960 302 2016 τρον
322 1943 576 2011 λέγοντα·
603 1929 853 2006 Ἐ’ξελθε
889 1940 991 1994 ἀπ’
1018 1937 1165 2010 ἐμοῦ
1196 1936 1287 1990 ὅτι
1312 1933 1472 2004 ἀνὴρ
1498 1934 1768 2005 ἁμαρτω-

186 2032 286 2097 λός
316 2032 453 2100 εἰμι·
489 2030 585 2084 τὸν
630 2027 911 2083 Ματθαῖον
962 2024 1204 2096 τελώνην
1250 2022 1447 2078 ἐαυτὸν
1492 2028 1770 2094 προσαγο-

191 2120 405 2191 ρεύοντα
442 2121 540 2174 καὶ
567 2120 629 2173 ἐν
668 2117 746 2190 τῷ
779 2117 957 2189 καιρῷ
998 2116 1100 2188 τῆς
1125 2114 1453 2186 ἀποστολῆς·
1486 2113 1580 2168 τὸν
1608 2111 1769 2166 Δαυῖδ

188 2208 386 2277 βοῶντα
445 2212 543 2263 καὶ
599 2209 851 2278 λέγοντα,
908 2209 979 2263 Al
1022 2207 1265 2275 ἀνομίαι
1294 2222 1415 2275 μου
1457 2202 1769 2271 ὐπερῆραν

185 2292 290 2365 τὴν
317 2296 597 2367 κεφαλήν
642 2301 785 2367 μου·
838 2294 983 2349 ὡσεὶ
1029 2295 1279 2364 φορτίον
1306 2292 1471 2361 ,βαρὺ
1522 2292 1769 2359 ἐϐαρύν-

184 2389 372 2453 Οησαν
401 2386 495 2438 ἐπ’
523 2383 648 2455 ἐμέ·
680 2384 775 2438 καὶ
819 2383 912 2437 τὸν
953 2383 1182 2436 Ἡσαΐαν
1228 2380 1635 2452 ἀποδυρόμενον
1675 2380 1768 2433 καὶ

187 2471 498 2543 θρηνοῦντα,
549 2474 633 2527 ὅτι
692 2471 1054 2541 Ἀκάθαρτός
1116 2474 1254 2541 ειμι,
1306 2469 1403 2524 καί
1460 2467 1768 2536 ἀκάθαρτα

185 2561 350 2627 χείλη
382 2561 522 2630 ἔχω·
578 2561 708 2624 τοὺς
736 2562 887 2632 τρεῖς
932 2559 1130 2622 παῖδας
1158 2560 1217 2612 ἐν
1239 2560 1305 2629 τῇ
1347 2555 1561 2627 καμίνῳ
1596 2557 1769 2629 πυρὸς

186 2648 704 2721 ὲξομολογουμένους
754 2649 851 2703 καὶ
905 2648 1187 2719 λέγοντας,
1240 2649 1324 2702 ὅτι
1376 2647 1627 2718 ἥμαρτον
1675 2648 1768 2698 καὶ

185 2737 459 2809 ήνόμησαν
499 2737 597 2792 καὶ
622 2738 693 2793 τὰ
725 2737 1129 2809 προστάγματα
1165 2733 1265 2789 τοῦ
1293 2734 1429 2788 Θεοῦ
1448 2736 1547 2787 οὐκ
1564 2734 1765 2802 ἐφυλά-

189 2823 335 2888 ξαντο
349 2837 397 2866 ι·
420 2825 514 2879 16v
529 2826 728 2897 Δανιὴλ
743 2825 806 2880 16
822 2825 952 2879 αὐτὸ
970 2824 1132 2878 τοῦτο
1151 2821 1314 2876 πάλιν
1337 2822 1762 2891 ἀποδυρόμενον.

189 2911 310 2968 Ὅτε
339 2914 475 2986 μετά
531 2915 626 2968 τὸν
668 2914 777 2969 τῶν
837 2914 1012 2983 ἁγίων
1059 2911 1363 2981 κατάλογον
1419 2909 1627 2971 τούτων
1673 2910 1769 2962 καὶ

192 3002 342 3073 μυίας
369 3003 606 3057 ἐκάλεσα
646 3002 775 3065 τοὺς
819 3000 1182 3073 κατηγόρους,
1224 3000 1320 3053 καὶ
1364 2996 1460 3051 τοῦ
1509 2998 1769 3069 παραδεί-

188 3106 382 3160 γματος
402 3086 648 3145 ’δικαίαν
693 3090 972 3162 ἐπήγαγον
1032 3089 1133 3159 τὴν
1177 3088 1380 3151 αἰτίαν,
1434 3085 1630 3154 λέγων,
1685 3087 1768 3138 ὅτι

190 3179 424 3252 καθάπερ
458 3182 666 3234 ἐκεῖναι
697 3182 808 3243 τοῖς
840 3178 1153 3253 τραύμασιν
1184 3175 1574 3245 ἐγκαθέζονται
1603 3175 1765 3228 ἀλλο·

189 3266 367 3337 τρίοις,
397 3266 542 3321 οῦτω
575 3267 671 3321 καὶ
703 3267 753 3321 οί
777 3268 1072 3337 κατήγοροι
1096 3264 1163 3318 τά
1198 3263 1456 3335 ἀλλότρια
1479 3263 1768 3317 δάκνουσιν

191 3354 573 3427 ἁμαρτήματα,
598 3354 753 3410 νόσον
790 3353 1000 3407 ἐκεῖθεν
1023 3356 1137 3416 τοῖς
1181 3350 1599 3422 συγγινομένοις
1635 3351 1767 3405 συλ-

192 3444 448 3515 λέγοντες·
487 3447 583 3502 καὶ
621 3448 748 3511 τοὺς
781 3446 1044 3500 τάναντία
1087 3445 1145 3498 δὲ
1179 3444 1469 3523 ποιοῦντας
1512 3442 1769 3514 μελίττας

192 3539 609 3612 προσηγόρευον,
640 3540 762 3611 οὑχὶ
790 3540 1072 3610 νοσήματα
1104 3536 1465 3606 συναγούσας,
1500 3536 1639 3590 ἀλλά
1671 3554 1770 3607 κη·-

194 3626 277 3698 ρία
306 3629 658 3701 πηγνυμένας
702 3628 990 3692 εὐλαϐείας
1036 3628 1323 3699 μεγίστης,
1358 3628 1453 3681 καὶ
1492 3626 1637 3680 οῦτω
1692 3626 1769 3698 τῷ

189 3717 400 3790 λειμῶνι
422 3721 523 3792 τῆς
549 3721 751 3794 ἀρετῆς
784 3720 892 3774 τῶν
923 3721 1096 3788 ἁγίων
1131 3721 1512 3790 ἐφιπταμένας
1545 3720 1605 3759 b'
1639 3719 1766 3772 τότε

190 3810 266 3884 δὴ,
294 3812 412 3868 τότε
433 3814 528 3868 τὸν
559 3814 854 3885 ἀκόρεστον
880 3813 1034 3884 ὑμῶν
1058 3812 1296 3877 ἐδείξατε
1326 3812 1526 3884 ἔρωτα.
1549 3811 1767 3879 Ἐπειδὴ

191 3899 384 3973 γὰρτίς
419 3903 594 3974 μῆκος
619 3905 751 3973 ἡμῖν
774 3904 803 3956 6
828 3902 987 3972 λόγος
1013 3903 1266 3974 ἐξετάθη,
1299 3904 1391 3956 καὶ
1421 3904 1595 3974 μῆκος
1612 3903 1770 3957 ἀπει-

197 4007 300 4062 ρον,
333 3994 426 4047 καὶ
455 3995 581 4062 ὅσον
612 3994 891 4058 οὐδέποτε,
941 3993 1128 4048 πολλοὶ
1166 3995 1268 4065 μὲν
1317 3996 1666 4066 προσεδόκων
1693 3993 1770 4064 τῷ

193 4079 373 4152 πλήθει
399 4083 508 4139 τῶν
537 4084 845 4153 λεγομένων
885 4083 986 4155 τὴν
1032 4082 1342 4155 προθυμίαν
1371 4084 1500 4154 ὑμῖν
1539 4083 1770 4155 σϐεσθή-

196 4173 391 4236 σεσθαι.
427 4176 677 4246 ἐγίγνετο
711 4176 770 4230 δὲ
800 4176 1132 4230 τούναντίον·
1183 4176 1385 4245 μᾶλλον
1422 4175 1532 4247 γὰρ
1566 4178 1695 4247 ὑμῖν
1736 4179 1768 4247 ή

194 4268 375 4339 καρδία
406 4269 835 4342 διεθερμαίνετο,
872 4269 1070 4341 μᾶλλον
1095 4268 1360 4338 ἐξήπτετο
1389 4270 1417 4323 6
1447 4268 1632 4333 πόθος.
1663 4270 1770 4322 Καὶ

128 4386 131 4389 ·
195 4359 346 4415 πόθεν
368 4362 561 4432 δῆλον;
598 4361 663 4418 OE
693 4360 826 4432 γοῦν
849 4363 986 4436 πρὸς
1006 4362 1084 4434 τῷ
1104 4364 1247 4416 τέλει
1276 4362 1563 4433 γενόμενοι
1584 4362 1771 4434 κρότοι

197 4451 403 4520 μείζους
436 4450 598 4527 ἦσαν,
625 4454 722 4508 καὶ
766 4455 1145 4527 λαμπρότεραι
1180 4456 1237 4508 αί
1280 4454 1418 4524 βοαί·
1448 4455 1543 4508 καὶ
1576 4457 1740 4509 ταυτὸ

197 4542 513 4612 συνέϐαινεν,
547 4540 660 4600 οἷον
685 4547 777 4599 ἐπὶ
803 4546 915 4600 τῶν
942 4545 1210 4618 καμίνων.
1241 4546 1513 4618 Καθάπερ
1529 4547 1636 4617 γὰρ
1655 4549 1773 4600 ἐκεῖ

198 4631 335 4703 παρά
365 4635 461 4705 μὲν
492 4636 797 4708 τὴνάρχὴν
825 4637 885 4689 ού
938 4636 1147 4708 σφόδρα
1195 4634 1450 4709 λαμπρόν
1504 4638 1621 4689 ἐστι
1673 4634 1769 4689 τοῦ

198 4721 356 4795 πυρὸς
378 4723 440 4777 16
468 4725 608 4794 φῶς,
661 4724 883 4777 ἐπειδὰν
910 4725 967 4777 δὲ
1010 4726 1266 4781 ἁπάντων
1305 4724 1632 4797 ἐπιλάϐηται
1664 4727 1771 4779 τῶν

198 4808 339 4885 [εδδ]
378 4815 740 4886 ἐπικειμένων
790 4815 962 4881 ξύλων
993 4819 1027 4888 ή
1060 4817 1215 4886 φλὸξ,
1250 4818 1330 4881 είς
1373 4815 1508 4887 ῦψος
1554 4819 1770 4892 αίρεται

202 4902 349 4974 μέγα·
370 4905 517 4962 οὕτω
549 4908 614 4979 δὴ
650 4908 745 4961 καὶ
774 4909 868 4962 ἐπί
896 4909 997 4979 τῆς
1025 4908 1241 4980 ἡμέρας
1272 4909 1395 4963 τότε
1417 4910 1636 4982 ἐκείνης
1651 4910 1773 4965 τοῦ·

199 5011 253 5047 το
280 4998 490 5070 συνέϐη.
526 4998 686 5070 Παρά
722 5000 820 5070 μὲν
871 4998 970 5071 τήν
1026 4999 1203 5072 ἀρχὴν
1251 5001 1313 5054 οὐ
1369 5002 1578 5074 σφόδρα
1623 5020 1714 5074 μοι
1745 5004 1805 5071 ὁ⁸

203 5086 441 5160 σύλλογος
480 5086 634 5155 οὗτος
658 5091 967 5165 ἐκεκίνητο·
1002 5093 1190 5164 ἐπειδὴ
1215 5093 1272 5147 δὲ
1295 5096 1323 5147 6
1362 5093 1522 5163 λόγος
1553 5095 1635 5158 εἰς
1668 5094 1774 5166 μῆ-

203 5195 288 5245 κος
306 5181 523 5256 ἐξετάθη
554 5184 651 5239 καὶ
667 5178 884 5239 πάντων
907 5185 1206 5241 ἐπελάϐετο
1237 5186 1346 5240 τῶν
1370 5185 1771 5257 ὑποκειμένων,

203 5273 288 5327 καὶ
312 5275 506 5331 πλείων
545 5278 580 5350 ἠ
622 5278 945 5334 διδασκαλία
989 5279 1322 5353 κατεϐλήθη,
1347 5279 1472 5334 τότε
1522 5279 1608 5351 δὴ,
1651 5281 1773 5334 τότε

206 5360 321 5431 ὑμῖν
344 5364 616 5429 ἐξεκαίετο
636 5367 736 5439 τῆς
778 5368 1100 5439 ἀκροάσεως
1130 5369 1474 5441 ἡέπιθυμία,
1515 5369 1613 5423 καὶ
1639 5386 1774 5440 σφο-

206 5448 438 5543 δρότερος
478 5456 507 5509 6
548 5456 744 5543 κρότος
785 5455 1173 5530 ἐξερῤήγνυτο.
1227 5457 1326 5521 Διά
1355 5457 1535 5523 τοῦτο,
1594 5460 1775 5513 καίτοι

208 5541 395 5599 ἐλάττω
412 5546 514 5603 τῶν
531 5541 840 5621 εἰρημένων
856 5550 1375 5621 παρεσκευασμένος
1395 5553 1572 5606 εἰπεῖν
1615 5550 1716 5605 ὑπε
1723 5561 1755 5616 ρ
1767 5580 1787 5591 -

264 5717 433 5798 ξριιυε
449 5728 583 5798 (ὶοιίρ.
609 5731 883 5794 ἡμάρτομεν
901 5732 983 5782 καὶ
1004 5733 1377 5798 ᾖνομήσαμεν.,.
1403 5731 1708 5798 ἐφυλάξαμεν.

230 5782 442 5895 manus
460 5782 967 5879 Colb..'épal1trotgévag.
1002 5782 1397 5858 υιτὲιιύοῚεειίο
1414 5782 1659 5860 (ἱυαόιῖεὲε
1684 5782 1776 5860 ρο·-

973 388 1327 451 θιΕΜΟΝΕδ
1367 388 1510 447 NON
1548 381 1987 445 GUBERNARE
2024 384 2344 445 MUNDUM.
2386 385 2623 443 HOMIL.
2665 385 2709 446 1.

3351 389 3461 449 ιιισ

1876 504 2009 575 έϐην
2036 505 2160 559 τότε
2212 507 2313 580 τήν
2339 510 2705 581 συμμετρίαν·
2750 508 2951 581 μᾶλλον
2994 508 3051 563 δέ
3077 508 3339 579 οὐδέποτεὲ
3363 514 3464 584 τὴν

1876 599 2221 672 συμμετρίαν
2267 602 2545 673 ὑπερέϐην
2593 600 2725 671 ἐγώ·
2764 601 2862 672 τὴν
2911 602 3019 672 γάρ
3049 602 3324 671 ποσότητα
3364 604 3465 673 τῆς

1874 692 2223 758 διδασκαλίας
2250 694 2310 748 οὐ
2345 695 2424 766 τῷ
2473 695 2669 767 πλήθει
2716 694 2824 753 τῶν
2858 682 3193 767 λεγομένων,
3227 695 3363 750 ἀλλὰ
3394 698 3464 767 τῇ

1874 784 2113 840 διαθέσει
2135 787 2245 841 τῶν
2288 799 2310 827 ο
2352 789 2723 859 ἀκροωμένων
2775 792 2996 860 μετρεῖν
3026 789 3091 843 ἂν
3124 789 3361 860 πέφυκα.
3410 790 3468 841 ’0
3508 808 3532 823 ·

1879 879 1978 949 μὲν
2006 879 2113 951 γάρ
2142 880 2475 945 ναυτιῶντας
2505 880 2683 935 λαϐὼν
2712 881 3010 952 ἀκροατὰς,
3058 881 3160 936 κᾶν
3213 881 3468 954 συστείλῃ

1875 969 1974 1043 τὴν
2011 971 2383 1036 διδασκαλίαν,
2439 975 2793 1046 παρενοχλεῖν
2842 974 3007 1029 δοκεῖ·
3056 977 3085 1028 6
3128 975 3185 1028 δέ
3229 975 3467 1045 θερμοὺς

1875 1064 1972 1117 καὶ
2002 1064 2464 1137 διεγηγερμένους
2499 1067 2596 1120 καὶ
2631 1069 2920 1138 νήφοντας,
2952 1068 3058 1121 κᾶν
3084 1066 3301 1139 ἐκτείνῃ
3331 1066 3468 1139 πρὸς

1879 1156 2072 1227 μῆκος,
2101 1156 2225 1209 οὐδέ
2258 1157 2403 1212 οῦτω
2438 1157 2539 1229 τὴν
2566 1158 2866 1229 ἐπιθυμίαν
2892 1158 3253 1232 ἐμπίπλησιν.

1960 1267 2099 1320 Ἀλλ’
2124 1268 2312 1342 ἐπειδὴ
2345 1270 2633 1341 συμϐαίνει
2662 1269 2802 1326 εἷναί
2823 1291 2978 1337 τινας
3012 1275 3106 1327 καὶ
3131 1273 3383 1339 ἀσθενεῖς
3410 1275 3469 1329 ἐν
3509 1272 3513 1276 ’

1876 1360 2033 1432 δήμῳ
2054 1362 2316 1435 τοσούτῳ,
2342 1348 2741 1430 ἀδυνατοῦντας
2768 1366 3247 1439 παρακολουθῆσαι
3269 1366 3350 1440 τῷ
3368 1369 3470 1440 μή·

1878 1469 1965 1505 κει
2014 1452 2109 1506 τοῦ
2137 1452 2318 1523 λόγου,
2353 1458 2532 1511 ἐκεῖνο
2577 1458 2777 1522 αὐτοὺς
2815 1458 3145 1530 παραινέσαι
3184 1459 3469 1530 βούλομαι,

1878 1544 2223 1610 ἀκούσαντας
2251 1547 2357 1601 ὅσα
2381 1548 2635 1603 δύνανται
2663 1548 2941 1613 δέξασθαι,
2975 1552 3072 1604 καὶ
3101 1551 3169 1604 τά
3194 1551 3472 1621 ἀρκοῦντα

1877 1636 2143 1703 λαϐόντας
2181 1643 2560 1714 ἀναχωρῆσαι·
2611 1642 2787 1708 οὐδεὶς
2826 1645 2855 1697 6
2884 1644 3110 1699 κωλύων
3136 1646 3257 1699 οὐδὲ
3285 1646 3472 1715 βιαζό-

1882 1750 2042 1803 μενος
2062 1734 2205 1807 πέρα
2225 1736 2324 1807 τῆς
2354 1737 2562 1801 οἰκείας
2603 1736 2785 1807 μένειν
2814 1736 3119 1810 δυνάμεως·
3160 1738 3253 1792 τὸν
3285 1739 3471 1810 μέντοι

1877 1823 2037 1894 λόγον
2070 1826 2145 1899 μὴ
2164 1828 2628 1898 ἀναγκαζέτωσαν
2653 1830 2759 1902 πρὸ
2794 1829 2888 1885 τοῦ
2912 1829 3104 1904 καιροῦ
3130 1832 3225 1885 καὶ
3259 1830 3363 1901 τῆς
3389 1832 3474 1885 οἰ-

1878 1918 2036 1983 κείας
2061 1917 2213 1991 ὥρας
2246 1921 2653 1977 συστέλλεσθαι.
2701 1923 3077 1996 Ἐνεπλήσθης
3108 1922 3219 1996 γὰρ
3250 1924 3337 1990 σὺ,
3356 1919 3471 1976 ἀλλ’

1876 2014 1906 2065 ὁ
1930 2014 2158 2083 ἀδελφός
2190 2033 2285 2071 σσιυ
2311 2015 2391 2070 ἔτι
2424 2018 2609 2088 πεινᾷ·
2665 2017 2761 2071 καὶ
2788 2018 2853 2071 σὺ
2894 2016 3117 2087 μεθύεις
3155 2015 3234 2088 τῷ
3273 2016 3471 2088 πλήθει

1877 2110 1987 2163 τῶν
2032 2110 2363 2182 εἰρημένων,
2394 2111 2511 2165 ἀλλ’
2536 2114 2565 2166 6
2591 2111 2826 2181 ἁδελφός
2874 2128 2968 2165 σου
3009 2111 3093 2164 ἔτι
3125 2111 3276 2183 διψᾷ.
3313 2112 3473 2183 Μήτι

1877 2201 2085 2265 ἐκεῖνος
2150 2183 2484 2292 συντριϐέτω
2545 2219 2641 2256 σου
2672 2203 2810 2293 Δτὴν
2869 2202 3174 2271 ἀσθένειαν,
3230 2204 3475 2293 ἀναγκά-

1878 2288 1987 2353 ζων
2009 2290 2180 2344 πλείω
2212 2290 2314 2360 τῆς
2351 2286 2571 2355 ὀἰκείας
2600 2291 2859 2357 δέξασθαι
2895 2294 3200 2364 δυνάμεως,
3236 2286 3375 2365 μήτε
3405 2296 3471 2350 σὺ

1878 2383 2153 2454 ἐπηρέαζε
2168 2388 2232 2455 τῇ
2265 2385 2474 2438 ἐκείνου
2500 2385 2769 2459 ἐπιθυμίᾳ.
2799 2386 3026 2442 κωλύων
3054 2387 3222 2455 ἁπαν,
3240 2387 3365 2443 ὅσον
3380 2388 3474 2442 δύο
3543 2443 3551 2451 ,

1877 2493 2035 2530 ναται
2063 2476 2340 2545 δέξασθαι,
2371 2478 2580 2533 λαϐεῖν.

1950 2601 2015 2671 β’,
2036 2602 2206 2655 Τοῦτο
2237 2603 2330 2656 καί
2361 2604 2454 2658 ἐπὶ
2480 2604 2591 2659 τῶν
2619 2604 2819 2670 ἔξωθεν
2846 2606 3059 2676 γίνεται
3084 2582 3395 2681 τραπεζῶν·
3422 2609 3474 2663 οί

1881 2694 1979 2764 μὲν
2020 2695 2237 2759 θᾶττον,
2268 2698 2317 2749 οἱ
2347 2697 2404 2750 δὲ
2439 2696 2772 2770 βραδύτερον
2798 2699 3200 2770 ἐμπίπλανται,
3224 2702 3321 2756 καὶ
3346 2700 3474 2756 οὔτε

1825 2811 1831 2821 ·
1876 2778 2022 2838 οῦτοι
2050 2787 2375 2855 ἐγκαλοῦσιν
2404 2788 2657 2857 ἐκείνοις,
2684 2795 2810 2849 οὔτε
2830 2794 3027 2847 ἐκεῖνοι
3063 2794 3271 2850 τούτων
3300 2813 3475 2850 κατα-

1876 2876 2260 2945 γινώσκουσιν·
2286 2880 2402 2934 ἀλλ’
2441 2883 2562 2936 ἐκεῖ
2591 2884 2690 2955 μὲν
2707 2882 2773 2939 τὸ
2799 2884 3100 2958 ταχύτερον
3144 2888 3475 2960 ἀποστῆναι,

1878 2970 2179 3041 ἐγκώμιον,
2211 2972 2446 3027 ἐνταῦθα
2470 2973 2529 3028 δέ
2569 2975 2631 3030 16
2665 2976 2963 3049 ταχύτερον
2994 2980 3322 3052 ἀποστῆναι,
3353 2982 3481 3055 οὐχὶ,

1878 3062 2178 3135 ἐγκώμιον,
2217 3065 2354 3120 ἀλλά
2395 3067 2729 3139 συγγνώμης
2770 3068 2941 3134 ἀξιον·
2976 3072 3095 3124 ἐκεῖ
3122 3073 3185 3126 16
3215 3074 3478 3145 βραδύτε-

1881 3176 1975 3230 ρον
2006 3158 2343 3227 παύσασθαι,
2374 3162 2685 3233 κατηγορία
2736 3164 2832 3217 καὶ
2869 3163 3098 3235 μέμψις,
3127 3167 3368 3222 ἐνταῦθα
3412 3170 3478 3224 16

1881 3249 2211 3322 βραδύτερον
2239 3251 2561 3322 ἀποστῆναι,
2586 3250 2809 3318 ἔπαινος
2827 3255 2925 3308 καὶ
2944 3256 3191 3327 εὐφημία
3217 3259 3475 3329 μεγίστη.

1878 3342 1944 3395 Τί
1963 3342 2195 3412 δήποτε;
2241 3345 2364 3398 Ὅτι
2392 3347 2512 3407 ἐκεῖ
2558 3345 2657 3417 μὲν
2684 3346 2743 3412 ἐξ
2774 3348 3115 3418 ἀδδηφαγίας
3138 3351 3172 3421 ἡ
3205 3350 3478 3423 βραδύτης

1877 3434 2111 3503 γίνεται,
2159 3435 2395 3490 ἐνταῦθα
2420 3437 2476 3490 δέ
2505 3438 2564 3505 ἐξ
2593 3438 2891 3510 ἐπιθυμίας
2942 3442 3320 3513 πνευματικῆς
3381 3429 3478 3497 καὶ

1879 3525 2028 3589 θείας
2044 3524 2325 3598 ὀρέξεωςή
2346 3529 2638 3600 παραμονὴ
2669 3529 2764 3582 καὶ
2786 3530 3110 3601 ἠ-καρτερία
3135 3531 3474 3589 συνίσταται.

1951 3616 2114 3669 Ἀλλὰ
2146 3618 2257 3671 τῶν
2280 3619 2379 3689 μὲν
2412 3614 2715 3691 προοιμίων
2754 3620 2896 3685 ἃλις·
2922 3622 3082 3692 ἡμεῖς
3099 3622 3156 3677 δέ
3172 3622 3358 3678 λοιπὸν
3383 3626 3477 3679 ἐπὶ

1876 3708 1939 3761 16
1962 3709 2126 3779 χρέος
2181 3712 2361 3764 ἐκεῖνο
2390 3710 2745 3783 βαδιούμεθα,
2791 3713 2929 3786 ὅπερ
2969 3709 3036 3779 ’ἐξ
3075 3716 3293 3786 ἐκείνης
3345 3718 3478 3788 ἡμῖν

1879 3801 2180 3875 ὑπελείφθη
2212 3804 2314 3876 τῆς
2344 3805 2580 3877 ἡμέρας.
2608 3807 2673 3860 Τί
2695 3803 2789 3861 οῦν
2812 3809 2873 3863 16
2894 3809 3189 3881 λεγόμενον
3208 3792 3333 3865 τότε
3372 3808 3475 3886 ἧνς

1880 3895 2005 3949 Ὅτι
2044 3897 2144 3967 μία
2174 3899 2326 3969 φωνὴ
2381 3900 2546 3953 πᾶσιν
2601 3901 2913 3975 ἀνθρώποις
2964 3899 3055 3975 ἦν,
3098 3903 3352 3975 καθάπερ
3381 3907 3478 3960 καὶ

1880 3986 2043 4056 φύσις
2072 3989 2191 4058 μία,
2211 3989 2305 4042 καὶ
2328 3990 2504 4054 οὐδεὶς
2532 3971 2871 4064 ἐτερόφωνοξ
2896 3993 2928 4064 ἢ
2954 3971 3357 4067 ἐτερόγλωσσος
3383 3992 3475 4068 ἦν.

1882 4076 2052 4130 Πόθεν
2078 4073 2171 4132 οῦν
2203 4082 2235 4150 ή
2268 4080 2510 4151 τοσαύτη
2546 4082 2856 4152 διαφωνίας
2897 4086 3032 4140 ’Δπὸ
3064 4089 3163 4161 τῆς
3200 4088 3478 4161 ῥᾳθυμίας

1877 4165 1988 4218 τῶν
2014 4165 2288 4220 λαϐόντων
2310 4168 2373 4221 16
2398 4169 2592 4242 δῶρον·
2617 4171 2762 4244 ἁπερ
2786 4174 3077 4246 ἀμφότερα
3103 4157 3226 4229 τότε
3247 4157 3479 4249 εἰρήκαρ

1883 4275 2004 4330 μεν,
2051 4260 2147 4313 καὶ
2176 4260 2265 4315 διὰ
2285 4262 2383 4334 τῆς
2403 4263 2717 4336 ὁμοφωνίας
2733 4266 2833 4339 τὴν
2856 4267 2951 4323 τοῦ
2992 4270 3265 4325 Δεσπότου
3288 4271 3478 4340 φιλαν-

1880 4350 2129 4427 θρωπίαν
2177 4352 2501 4420 δεικνύντες,
2517 4354 2613 4408 καὶ
2628 4353 2717 4411 διὰ
2737 4356 2830 4429 τῆς
2846 4357 2877 4412 δ
2897 4359 3142 4429 αφωνίας
3181 4362 3280 4433 τὴν
3295 4364 3477 4433 ἀγνω-

1883 4443 2127 4516 μοσύνην
2156 4444 2267 4499 τῶν
2293 4461 2543 4501 οικετων.
2598 4449 2644 4502 0
2678 4449 2778 4521 μὲν
2807 4450 2919 4523 γὰρ
2951 4453 3044 4506 καὶ
3075 4453 3365 4523 προειδὼς,
3391 4455 3475 4509 ὅτι

1880 4534 2189 4606 ἀπολοῦμεν
2218 4536 2279 4590 16
2311 4537 2504 4610 δῶρον,
2549 4540 2702 4612 ὅμως
2730 4542 2948 4598 ἔδωκεν·
2984 4547 3033 4599 οἰ
3083 4545 3142 4599 δέ
3174 4548 3477 4618 ἐμπιστευ-

1882 4624 2065 4690 θέντες
2080 4625 2233 4700 [249]
2247 4629 2407 4683 κακοὶ
2439 4631 2567 4703 περὶ
2588 4630 2686 4705 τὴν
2703 4634 3184 4707 παρακαταθήκην
3201 4638 3475 4706 ἐγένοντο.

1880 4713 1976 4784 Εἷς
1996 4720 2095 4790 μὲν
2126 4717 2223 4776 οὖν
2253 4722 2552 4791 ἀπολογίας
2570 4719 2726 4789 οὗτος
2753 4729 2783 4780 6
2801 4727 3023 4801 τρόπος,
3053 4729 3135 4783 ὅτι
3169 4730 3267 4802 οὐχ
3290 4733 3317 4784 6
3343 4731 3479 4797 Θεὸς

1881 4811 2105 4878 ἐξέϐαλε
2135 4813 2235 4885 τῆς
2261 4813 2495 4886 δωρεᾶς,
2546 4817 2661 4872 ἀλλ’
2686 4820 2849 4890 ήμείς
2888 4822 3257 4894 ἀπωλέσαμεν
3287 4822 3356 4877 τά
3387 4824 3477 4878 60-

1881 4904 2062 4960 θέντα·
2098 4906 2352 4981 δεύτερος
2372 4909 2429 4964 δὲ
2458 4911 2576 4981 μετ’
2611 4913 2940 4977 ἐκεῖνον,ὄτι
2961 4916 3182 4984 μείζονα
3196 4900 3315 4970 ’τῶν
3338 4918 3476 4971 ἀπο-

1879 4998 2129 5052 λωλότων
2171 5001 2241 5055 τὰ
2286 5001 2508 5058 δοθέντα
2555 5002 2783 5078 ὕστερον
2814 5006 3103 5079 ἐλάϐομεν·
3144 5009 3267 5063 ἀντὶ
3297 5009 3477 5065 πόνων

1882 5093 2235 5166 προσκαίρων
2266 5094 2530 5167 ἐτίμησεν
2554 5096 2760 5169 αἰωνίῳ
2786 5096 2921 5171 ζωῇ,
2948 5100 3070 5155 ἀντὶ
3099 5100 3355 5155 ἀκανθῶν
3382 5102 3477 5156 καὶ

1879 5186 2145 5257 τριϐόλων
2171 5188 2264 5242 τὸν
2299 5191 2514 5261 καρπὸν
2544 5191 2640 5245 τοῦ
2689 5193 3011 5265 Πνεύματος
3037 5195 3094 5248 ἐν
3121 5199 3243 5252 ταῖς
3272 5195 3477 5268 ψυχαῖς

1881 5280 2041 5351 ἡμῶν
2110 5281 2413 5353 βλαστῆσαι
2476 5286 2914 5358 παρεσκεύασεν.
2970 5288 3138 5343 Οὐδὲν
3193 5284 3263 5361 ἦν
3320 5290 3476 5343 εὔτε-

1880 5374 2137 5447 λέστερον
2191 5376 2505 5451 ἀνθρώπου,
2564 5381 2661 5434 καὶ
2715 5382 2871 5435 οὐδὲν
2909 5383 3101 5453 γέγονε
3146 5386 3476 5456 τιμιώτερον

1882 5460 2193 5533 ἀνθρώπου.
2221 5467 2295 5520 T6
2320 5466 2549 5539 ἔσχατον
2579 5470 2746 5543 μέρος
2780 5473 2879 5543 τῆς
2916 5472 3144 5544 λογικῆς
3180 5472 3411 5537 κτίσεως
3447 5472 3476 5514 ἀ

1882 5546 2039 5620 οὗτος
2062 5550 2131 5610 ἦν
2150 5574 2163 5588 ·
2188 5558 2304 5613 ἀλλ’
2338 5561 2388 5612 οί
2423 5560 2582 5626 πόδες
2609 5564 2858 5633 ἐγένοντο
2886 5565 3054 5636 κεφα)
3066 5564 3121 5638 ὴ,
3149 5565 3244 5619 καὶ
3272 5566 3352 5630 εἰς
3384 5564 3477 5620 τὸν

1947 5737 1971 5807 ξ
1994 5735 2213 5807 (ξοῐδειδί.
2237 5752 2367 5807 gnua!
2389 5739 2512 5788 ἀλλά
2530 5746 2589 5804 τῇ
2608 5743 2844 5807 προθυμίᾳ
2861 5746 2975 5794 τῶν.

1946 5794 2147 5875 {Pullis
2168 5800 2306 5875 Coll}.
2352 5801 2545 5863 λογικῆς
2565 5794 2769 5868 φύσεως,
2792 5794 2845 5856 εἰ
2870 5807 2943 5856 sic
2978 5802 3131 5857 Savil.
3158 5804 3207 5856 in
3234 5810 3397 5869 lexln,
3422 5800 3471 5853 in

1884 5872 2036 5924 marg.
2070 5874 2186 5911 vero
2210 5872 2429 5921 κτίσεως.
