4190 6322
703 388 810 446 αιτ

705 499 897 572 θρόνον
923 493 1299 569 ἀνηνέχθησαν
1319 475 1424 548 τόν
1452 487 1728 566 βασιλικὸν
1755 485 1844 540 διά
1870 485 1971 555 τῆς
1998 480 2275 572 ἀπαρχῆς.

704 571 972 660 Καθάπερ
999 585 1109 658 γὰρ
1128 581 1418 659 ἄνθρωπός
1441 597 1527 644 τις
1548 577 1830 650 φιλότιμος
1853 575 1948 629 1:01
1975 571 2281 660 μεγαλόδω-

707 695 804 753 90;
826 659 947 732 ἰδών
967 691 1092 730 τινα
1123 676 1188 730 11:
1219 670 1475 740 ναυαγίου
1508 667 1864 740 διαφυγόντα,
1901 665 1996 718 1:01
2025 661 2088 716 :6
2121 659 2283 753 σῶμα

607 789 624 804 ι
705 750 912 842 γυμνὸν
936 767 1045 822 ἀπὸ
1075 765 1185 820 τῶν
1209 763 1469 835 κυμάτων
1486 757 1749 814 διασιῖισαι
1767 753 2065 825 δυνηθέντα
2096 750 2277 821 μόνον,

705 863 1000 935 δεξάμενος
1033 859 1254 923 ὑπτίαις
1282 859 1403 932 ταῖς
1445 857 1636 929 χερσὶ.
1693 848 1953 921 λαμπρὰν
1994 847 2280 921 περιϐάλοι

708 955 921 1028 στολὴν,
957 954 1050 1007 καὶ
1077 952 1216 1024 πρὸς
1247 949 1415 1021 τιμὴν
1445 947 1640 1017 ἀγάγοι
1665 943 1764 1016 τήν
1793 940 2057 998 ἀνωτάτω
2078 955 2093 972 ο
2139 939 2283 995 οὕτω

708 1049 805 1103 1:01
825 1049 855 1100 6
884 1045 1016 1110 Θεὸς
1038 1045 1132 1098 11:1
1157 1043 1261 1112 τῆς
1299 1041 1514 1110 φύσεως
1542 1039 1641 1106 τῆς
1691 1037 1967 1108 ήμετέρας
2016 1035 2244 1104 ἐποίησε
2263 1051 2278 1065 ·

708 1139 888 1194 πάντα
907 1135 1196 1196 ἀπέϐαλεν,
1223 1133 1324 1186 ὅσα
1351 1126 1517 1201 εῐχεν,
1540 1131 1570 1184 6
1603 1127 1909 1200 ἄνθρωπος.
1932 1125 2032 1198 τὴν
2065 1127 2286 1197 παρρη-

709 1229 852 1297 σίαν,
884 1226 981 1297 τὴν
1009 1223 1144 1294 πρὸς
1176 1221 1309 1275 Θεὸν
1337 1218 1577 1290 ὁμιλίαν,
1629 1216 1730 1289 τήν
1760 1217 1819 1270 ὲν
1855 1215 1935 1286 τῷ
1969 1215 2284 1302 παραδείσῳ

707 1317 1001 1388 διαγωγὴν,
1035 1317 1126 1370 τὸν
1177 1311 1558 1383 ἀταλαίπωρον
1614 1308 1750 1379 βίον,
1805 1307 1899 1363 καὶ
1937 1306 2188 1378 καθάπερ
2220 1309 2285 1360 έκ

708 1409 988 1478 ναυαγίου,
1020 1409 1227 1480 γυμνὸς
1247 1403 1457 1460 ἐκεῖθεν
1490 1401 1738 1472 έξῆλθεν·
1755 1398 1869 1453 ἀλλ’
1895 1402 1924 1454 6
1953 1397 2086 1462 Θεὸς
2117 1397 2282 1452 αὑτὸν

707 1500 997 1572 δεξάμενος
1022 1497 1390 1571 περιέστειλεν
1416 1494 1638 1558 εὐθέως,
1659 1493 1754 1546 1:01
1782 1491 2146 1564 κατάμικρὸν
2175 1507 2288 1562 χει-

712 1592 978 1667 ρσγωγῶν
1001 1591 1137 1663 πρὸς
1170 1591 1262 1644 τὸν
1293 1589 1523 1660 οὐρανὸν
1555 1588 1802 1660 ἀνήγαγε
1820 1603 1834 1618 ο
1877 1584 2055 1640 καίτοι
2080 1583 2182 1637 061:
2215 1577 2285 1652 ἦν

711 1684 1040 1757 συγγνώμης
1062 1683 1124 1737 τὸ
1153 1683 1409 1752 ναυάγιον
1443 1679 1612 1746 ἀξιον.
1645 1679 1721 1733 06
1748 1679 1858 1749 7&9
1885 1677 2038 1750 1:09&
2061 1675 2161 1746 τὴν
2177 1672 2287 1728 τῶν

711 1777 1040 1850 πνευμάτων
1068 1779 1210 1850 βίαν,
1235 1779 1369 1834 ἀλλά
1405 1780 1558 1862 παρά
1587 1781 1687 1850 τὴν
1714 1777 1808 1831 τοῦ
1839 1775 2094 1838 πλέοντος
2117 1769 2286 1844 9000'-

713 1871 844 1942 μίαν
863 1871 1009 1926 άπαν
1044 1869 1240 1941 συνέϐη
1266 1871 1328 1922 τὸ
1349 1869 1637 1924 κλυδώνιον
1665 1867 1842 1923 τοῦτο.

794 1980 933 2034 Ἀλλ’
960 1979 1022 2034 οὑ
1051 1979 1185 2052 πρὸς
1213 1978 1372 2034 τοῦτο
1394 1965 1534 2034 εἶδεν
1565 1981 1594 2033 6
1622 1978 1774 2045 Θεὸς,
1810 1977 1945 2032 ἀλλά
1967 1977 2028 2032 τὸ
2061 1975 2290 2049 μέγεθος

709 2065 810 2135 τῆς
836 2070 1119 2139 συμφορᾶς
1161 2068 1488 2140 κατηλέησε,
1514 2067 1610 2122 1:01
1637 2067 1730 2121 τὸν
1755 2068 1812 2121 έν
1837 2065 2016 2138 λιμένι
2049 2065 2290 2118 παθόντα

709 2155 986 2224 ναυάγιον,
1015 2155 1266 2226 καθάπερ
1304 2157 1361 2209 ἑν
1402 2156 1554 2226 μέσῳ
1590 2154 1668 2225 τῷ
1703 2154 1932 2221 πελάγει
1975 2151 2132 2206 τοῦτο
2157 2151 2290 2204 ὑπο-

714 2241 993 2314 μείναντα,
1021 2241 1166 2296 οῦτω
1203 2241 1544 2313 φιλοφρόνως
1588 2229 1835 2306 έδέξατολ
1863 2239 1925 2292 τὸ
1957 2239 2067 2308 γὰρ
2099 2239 2157 2290 ὲν
2187 2253 2294 2292 πα-

713 2328 946 2400 ραδείσῳ
974 2331 1182 2393 πεσεῖν,
1207 2329 1265 2382 ἰν
1302 2329 1484 2400 λιμένι
1513 2327 1771 2396 ναυάγιόν
1802 2328 1950 2379 ἔστιν
1974 2325 2287 2395 ὑπομείναι.

712 2414 779 2470 Τί
801 2414 1037 2486 δήποτε;
1069 2418 1192 2470 Ὀτι
1237 2416 1450 2470 οὐδέπω
1495 2414 1694 2485 λύπης,
1737 2413 1950 2467 οὐδέπω
1986 2412 2288 2483 φροντίδος,

711 2500 835 2555 οὐδὲ
864 2503 1061 2567 πόνων,
1091 2501 1212 2555 οὐδὲ
1244 2500 1483 2572 μόχθων,
1509 2501 1630 2555 οὐδὲ
1656 2499 1765 2554 τῶν
1801 2501 2010 2571 μυρίων
2041 2500 2143 2570 τῆς
2174 2501 2296 2554 ἐπι-

713 2588 916 2660 θυμίας
941 2588 1201 2659 κυμάτων
1225 2587 1686 2658 έπικωμαζόντων
1718 2591 1784 2659 τῇ
1809 2588 1970 2657 φύσει
1996 2589 2063 2659 τῇ
2095 2587 2296 2659 ήμετέ-

715 2693 807 2749 ρᾳ,
842 2675 1204 2747 ὑπεσκελίσθη
1228 2676 1324 2729 καὶ
1357 2676 1647 2731 κατέπεσε.
1690 2675 1797 2729 Καὶ
1828 2675 2081 2746 καθάπερ
2112 2676 2162 2728 οί
2196 2673 2294 2746 τήν

717 2764 992 2820 θάλατταν
1019 2765 1275 2830 πλέοντες
1297 2765 1614 2836 κακοῦργοι,
1649 2764 1830 2836 μικρῷ
1863 2763 2067 2836 σιδήρῳ
2093 2763 2293 2818 πολλά-

714 2870 804 2918 κις
832 2854 931 2926 τὴν
957 2853 1090 2909 ναῦν
1127 2854 1536 2927 διατρήσαντες,
1560 2854 1776 2909 ἃπασαν
1815 2853 2164 2922 ἐπεισάγουσι
2192 2853 2294 2908 κά·

713 2940 887 3023 τωθεν
923 2940 1000 3012 τῷ
1031 2941 1202 3012 πλοίῳ
1247 2941 1346 3012 τὴν
1393 2941 1664 2998 θάλατταν
1683 2958 1696 2974 ·
1753 2941 1898 2995 οὑτω
1938 2942 2002 3013 δὴ
2042 2942 2137 2994 καὶ
2175 2941 2296 2996 τότε

720 3028 844 3082 ίδὼν
868 3029 930 3083 τὸ
977 3029 1161 3084 πλοῖον
1198 3030 1290 3083 τοῦ
1331 3029 1502 3100 Ἀδάμ
1528 3031 1557 3083 6
1603 3028 1870 3095 διάϐολος,
1916 3030 2164 3084 τουτέστι
2195 3029 2294 3101 τὴν

714 3117 893 3189 ψυχὴν
925 3116 1136 3170 πολλῶν
1156 3117 1437 3188 γέμουσαν
1461 3117 1703 3186 ἀγαθῶν,
1737 3117 1927 3189 ῶσπερ
1951 3119 2060 3171 τινὶ
2094 3117 2296 3189 σιδήρῳ

720 3205 925 3278 μικρῷ,
973 3209 1042 3276 τῇ
1105 3205 1235 3276 ψιλῇ
1291 3209 1441 3276 φωνῇ
1473 3204 1786 3276 προσελθὼν
1837 3207 1932 3260 1:01
1977 3205 2294 3277 διατρήσας,

719 3295 936 3349 ἄπαντα
967 3293 1232 3346 έκένωσεν
1253 3293 1461 3347 ἐκείνου
1484 3293 1576 3348 τὸν
1607 3293 1857 3357 πλοῦτον,
1889 3295 1984 3347 1:01
2007 3294 2068 3346 :6
2093 3293 2300 3361 σκάφος

719 3381 853 3435 αὐτὸ
873 3380 1186 3434 κατέδυσεν.
1234 3379 1374 3433 Ἀλλ’
1403 3383 1431 3434 6
1449 3381 1583 3444 Θεὸς
1613 3381 1784 3452 μείζω
1809 3383 1910 3450 τῆς
1961 3380 2166 3452 ζημίας
2199 3382 2300 3450 τὴν

721 3467 991 3538 ἐμπορίαν
1018 3467 1332 3538 έποιήσατο,
1364 3468 1460 3521 καὶ
1485 3468 1621 3540 πρὸς
1649 3469 1741 3522 τὸν
1769 3468 1957 3539 θρόνον
1979 3468 2070 3521 τὸν
2093 3467 2302 3536 βασιλι-

721 3551 816 3605 κὸν
837 3553 935 3623 τὴν
955 3551 1118 3622 φύσιν
1146 3553 1389 3624 ἀνήγαγε
1414 3553 1512 3624 τὴν
1537 3556 1832 3626 ἡμετέραν.
1861 3553 1952 3607 Διὸ
1977 3554 2071 3608 καὶ
2093 3553 2302 3618 Παῦλος

723 3637 843 3710 βοᾷ,
869 3638 1042 3708 λέγων
1068 3656 1082 3672 ⁸
1113 3641 1438 3709 Συνήτειρε
1471 3641 1570 3695 καί
1601 3641 2006 3695 συνεκάθισεν·
2027 3640 2183 3710 ἡμᾶς
2232 3641 2302 3694 ἐν

722 3726 890 3794 δεξιᾷ
918 3728 1105 3782 αὐτοῦ
1125 3729 1194 3783 ἐν
1227 3729 1350 3796 τοῖς
1376 3730 1756 3799 ἐπουρανίοις
1775 3770 1790 3793 ,
1831 3732 1932 3784 ἵνα
1963 3729 2300 3798 ἐνδείξηται

720 3812 793 3865 ἐν
807 3813 932 3879 τοῖς
949 3813 1121 3868 αίῶσι
1140 3815 1264 3882 τοῖς
1284 3815 1703 3885 ἐπερχομένοις
1721 3817 1829 3871 τὸν
1847 3816 2303 3886 ὑπερϐάλλοντα

723 3901 995 3955 πλοῦτον
1036 3901 1149 3971 τῆς
1194 3901 1436 3973 χάριτος
1473 3903 1661 3958 αὐτοῦ
1701 3904 1772 3958 έν
1802 3907 2158 3974 χρηστότητι
2208 3905 2302 3975 ἐφ’

723 3986 904 4056 ἡμᾶς.
932 3988 997 4042 Τί
1027 3989 1238 4059 λέγεις;
1271 3991 1373 4062 ήδη
1413 3992 1473 4044 τὸ
1520 3993 1752 4063 πρᾶγμα
1780 3994 1972 4061 γέγονε
2022 3992 2117 4046 1:01
2151 3992 2304 4057 τέλος

725 4073 860 4144 ἔχει,
891 4077 986 4129 1:01
1040 4075 1245 4145 λέγεις’
1281 4078 1410 4132 Ἵνα
1461 4077 1532 4131 ἐν
1558 4077 1684 4144 τοῖς
1737 4077 1911 4132 αίῶσι
1967 4077 2305 4146 ἐνδείξηται

724 4163 850 4230 τοῖς
879 4165 1306 4234 ἐπερχομένοις
1323 4183 1342 4232 ;
1363 4166 1424 4220 06
1451 4166 1560 4238 7&9
1594 4165 1937 4234 ὲνεδείξατο-;
1971 4165 2306 4231 Ἐνεδείξατο

730 4247 830 4319 μὲν
867 4249 991 4320 ήδη,
1018 4250 1135 4326 ἀλλ’
1174 4251 1295 4323 οὐχὶ
1326 4255 1492 4307 πᾶσιν
1525 4252 1833 4326 ἀνθρώποις
1855 4295 1870 4318 ,
1921 4254 2035 4308 ἀλλ’
2070 4255 2196 4324 ἐμοὶ
2227 4254 2305 4324 τῷ

683 4398 689 4403 _
730 4333 924 4405 πιστῷ’
975 4339 1004 4390 6
1028 4336 1085 4390 δὲ
1111 4339 1338 4402 ἄπιστος
1369 4340 1581 4394 οὐδέπω
1609 4342 1670 4394 τὸ
1697 4340 1882 4412 θαῦμα
1910 4338 2037 4396 είδε.
2069 4341 2204 4396 Τότε
2245 4341 2305 4395 δὲ

729 4423 790 4476 έν
822 4423 1005 4497 ἐκείνῃ
1033 4427 1099 4496 τῇ
1131 4425 1313 4498 ήμέρᾳ
1333 4428 1481 4482 πᾶσα
1510 4429 1543 4499 ή
1566 4428 1676 4481 τῶν
1703 4427 2007 4499 ἀνθρώπων
2029 4429 2192 4498 φύσις
2223 4431 2305 4494 είς

732 4508 897 4580 μέσον
931 4511 1158 4565 έλθοῦσα
1191 4513 1526 4585 θαυμάσεται
1543 4516 1606 4570 τὸ
1635 4519 2021 4588 γεγενημένον,
2043 4517 2217 4582 άλλως
2242 4535 2303 4572 τε

729 4600 827 4653 1:01
852 4602 984 4670 ἡμῖν
1010 4600 1132 4655 τότε
1174 4603 1552 4676 φανερώτερον
1606 4606 1780 4660 έσται.
1828 4607 2165 4680 Πιστεύομεν
2193 4609 2305 4682 γάρ

730 4686 822 4739 1:01
845 4685 961 4751 11611,
987 4688 1102 4742 ἀλλ’
1128 4687 1282 4761 [250]
1311 4691 1409 4762 οὑχ
1427 4691 1628 4762 ὁμοίως
1655 4691 1717 4745 τὸ
1753 4693 1941 4766 θαῦμα
1971 4695 2305 4767 παρίστησιν

730 4774 867 4844 ἀκοὴ
896 4776 990 4829 1:01
1011 4776 1133 4847 ὄψις
1148 4795 1162 4808 ο
1188 4776 1303 4832 ἀλλ’
1326 4777 1514 4849 ὥσπερ
1543 4780 1635 4832 ἐπὶ
1657 4781 1766 4835 τῶν
1789 4779 2055 4851 βασιλέων
2087 4783 2312 4836 ἀκούον-

731 4879 822 4928 τες
849 4863 944 4936 τὴν
978 4866 1269 4940 ἁλουργίδα
1295 4867 1391 4921 καὶ
1408 4868 1470 4921 τὸ
1495 4867 1733 4940 διάδημα
1765 4871 1861 4923 1:01
1885 4870 1954 4924 :&
1971 4873 2150 4942 χρυσᾶ
2181 4873 2306 4942 ιμά-

732 4969 824 5005 τια
857 4954 952 5006 καὶ
977 4955 1066 5008 τὸν
1099 4955 1288 5027 θρόνον
1317 4955 1407 5008 τὸν
1441 4955 1718 5026 βασιλικὸν
1743 4997 1758 5022 ,
1795 4956 2154 5028 θαυμάζομεν
2183 4960 2304 5030 μὲν,

738 5039 1001 5111 μειζόνως
1049 5040 1106 5095 δὲ
1139 5043 1296 5096 τοῦτο
1343 5043 1645 5115 πάσχομεν,
1682 5045 1810 5099 ὅταν
1834 5045 1940 5100 τῶν
1986 5063 2308 5117 παραπετα-

735 5130 961 5201 σμάτων
1007 5131 1469 5186 συνελκυσθέντων
1525 5134 1724 5204 ἴδωμεν
1756 5135 1917 5189 αὑτὸν
1965 5136 2049 5203 ἐφ’
2100 5134 2308 5204 ὑψηλοῦ

735 5219 828 5273 τοῦ
864 5219 1106 5291 βήματος
1126 5221 1542 5293 προκαθήμενον
1565 5239 1578 5252 ⁸
1605 5221 1748 5278 οὓτω
1780 5224 1876 5279 καὶ
1923 5225 2016 5277 ἐπὶ
2055 5223 2150 5277 τοῦ
2191 5225 2308 5278 Μο-

737 5309 986 5376 νογενοῦς
1008 5325 1022 5339 ·
1056 5311 1184 5363 ὅταν
1202 5307 1400 5380 ἴδωμεν
1423 5310 1490 5365 τὰ
1516 5313 1992 5383 παραπετάσματα
2016 5311 2124 5365 τῶν
2143 5312 2203 5366 06
2213 5328 2309 5382 90-

737 5396 843 5452 νῶν
899 5396 1341 5461 συνελκυσθέντα,
1379 5398 1474 5450 1:01
1513 5398 1906 5454 καταϐαίνοντα
1952 5399 2042 5454 τὸν
2082 5399 2307 5470 βασιλέα

738 5485 846 5540 τῶν
871 5486 1119 5555 ἀγγέλων
1169 5485 1375 5540 ἐκεῖθεν
1403 5488 1496 5541 καὶ
1548 5487 2012 5560 δορυφορούμενον
2051 5489 2156 5542 ὑπὸ
2197 5487 2308 5566 τῶν

739 5573 1002 5644 οὐρανίων
1019 5574 1225 5644 δήμων,
1249 5576 1372 5629 τότε
1396 5573 1581 5648 μεῖζον
1607 5575 1713 5629 ἀπὸ
1735 5578 1832 5646 τῆς
1854 5577 2026 5646 ὅψεως
2047 5579 2104 5630 τὸ
2125 5577 2310 5648 θαῦμα

737 5660 1025 5734 δεχόμεθα.
1071 5665 1351 5735 Ἐννόησον
1379 5667 1487 5738 γάρ
1535 5683 1666 5737 μοι,
1713 5659 1824 5720 οἷόν
1855 5668 2001 5720 ἐστιν
2055 5667 2180 5721 ἰδεῖν
2211 5669 2310 5739 τὴν

741 5747 902 5815 φύσιν
936 5748 1034 5822 τὴν
1071 5753 1343 5828 ἡμετέραν
1394 5756 1486 5808 ἐπὶ
1539 5756 1645 5810 τῶν
1681 5755 1955 5828 Χερουϐὶμ
1981 5757 2304 5827 ὀχουμένην,

1334 363 1339 367 ”
1384 386 1444 444 s.
1482 329 1770 441 10mm
1807 367 2295 433 cnnvszzs'rom

2397 368 2654 429 RCHIEP.
2686 369 3235 430 CONSTANTINOP.

2382 482 2476 536 1:01
2509 484 2688 538 πᾶσαν
2709 484 2845 555 αὑτῇ
2873 484 2972 555 τὴν
2997 481 3297 555 ἀγγελικὴν
3321 482 3767 556 περικεχυμένην
3796 483 3960 539 δύνο-

2383 591 2496 646 μιν.
4033 641 4040 648 .

2450 671 2524 734 7'.
2553 665 2752 719 Σκόπει
2776 664 2834 719 δέ
2863 681 2955 735 μοι
2981 665 3076 718 1:01
3093 664 3192 736 τὴν
3209 665 3426 720 Παύλου
3442 666 3659 736 σοφίαν,
3683 667 3827 722 πόσα
3845 666 3963 723 ὀνό-

2385 772 2530 827 ματα
2557 757 2822 828 έπιζητεί,
2843 755 2984 810 ὥστε
3004 757 3352 830 παραστῆσαι
3388 754 3484 810 τοῦ
3515 756 3653 812 Θεοῦ
3690 758 3794 829 τὴν
3835 759 3966 828 φιλ·

2382 847 2718 919 ἀνθρωπίαν.
2750 847 2826 901 Ού
2859 847 2969 918 γάρ
3003 843 3156 902 εἶπεν
3179 848 3368 913 ἀπλῶς
3389 849 3492 920 τὴν
3518 850 3698 922 χάριν,
3721 850 3848 905 οὑδδ
3871 849 3967 905 τὸν

2382 938 2611 992 πλοῦτον
2632 937 2837 1002 ἀπλῶς,
2873 938 3010 992 ἀλλά
3035 939 3114 1006 τί;
3152 939 3264 994 Τὸν
3287 939 3748 1008 ὑπερϐάλλοντα
3772 934 3971 996 κλοῦ-

2381 1045 2490 1083 τον
2517 1025 2627 1095 τῆς
2645 1027 2885 1096 χάριτος
2904 1027 2975 1080 έν
3003 1028 3383 1096 χρηστότητι.
3419 1027 3560 1082 Ἀλλ’
3584 1028 3736 1098 ὅμως
3758 1027 3856 1080 1:01
3877 1025 3974 1079 οὖ-

2381 1137 2490 1184 τως
2511 1119 2764 1190 ὴτόνησε.
2795 1118 2910 1172 K01
2938 1118 3190 1189 καθάπερ
3223 1118 3292 1172 τὰ
3329 1117 3593 1190 όλισθηρά
3617 1117 3728 1170 τῶν
3776 1115 3974 1186 σωμά-

2381 1226 2490 1262 των
2527 1209 2750 1280 μυρίαις
2781 1209 3124 1280 κατεχόμενα
3143 1195 3322 1281 χερσὶ,
3356 1208 3637 1278 διαφεύγει
3669 1207 3772 1272 τάς
3797 1208 3976 1272 λαϐὰς

2385 1299 2542 1370 ήμῶν
2571 1301 2663 1354 1:01
2687 1299 3032 1354 διολισθαίνει
3056 1301 3255 1372 ῥαδίως
3273 1319 3286 1332 ·
3311 1301 3451 1355 οὕτω
3474 1302 3569 1355 1:01
3588 1299 3687 1372 τὴν
3709 1299 3807 1355 τοῦ
3831 1299 3978 1355 Θεοῦ

2386 1391 2813 1462 φιλανθρωπίαν,
2844 1394 2992 1456 600:;
3009 1392 3076 1446 ἀν
3107 1393 3274 1463 αὐτὴν
3297 1395 3657 1464 κατάσχωμεν
3685 1393 3976 1465 ὀνόμασιν,

2386 1481 2506 1534 0661
2537 1481 2681 1536 οὕτω
2707 1481 2983 1552 δυνάμεθα
3016 1483 3351 1555 περιλαϐεῖν,
3385 1482 3520 1536 ἀλλά
3548 1484 3677 1555 νικᾷ
3712 1485 3776 1538 τὸ
3807 1483 3980 1554 μέγε-

2387 1568 2478 1632 θος
2509 1568 2682 1639 αὐτῆς
2713 1570 2777 1623 ὲκ
2813 1571 3014 1642 πολλῆς
3058 1571 3378 1640 περιουσίας
3406 1571 3516 1627 τῶν
3549 1573 3836 1644 ἡμετέρων
3871 1575 3979 1644 911-

2391 1657 2577 1729 μάτων
2602 1658 2698 1730 τὴν
2729 1659 2948 1712 ἀτονίαν
2977 1671 3026 1714 ι.
3058 1661 3239 1732 Ὅπερ
3269 1657 3361 1715 οῦν
3382 1663 3480 1716 1:01
3505 1663 3718 1727 Παῦλος
3758 1660 3978 1725 παθὼν,

2388 1747 2483 1801 1:01
2509 1745 2632 1800 ίδὼν
2673 1748 2994 1819 ἡττωμένην
3042 1748 3150 1803 τῶν
3177 1750 3440 1821 ῥημάτων
3477 1751 3578 1822 τὴν
3621 1750 3855 1822 δύναμιν
3880 1750 3979 1804 τοῦ

2393 1837 2658 1908 μεγέθους
2699 1837 2890 1907 αὐτῆς,
2930 1837 2988 1891 έν
3031 1838 3199 1891 εἰπὼν
3229 1841 3381 1909 ῥῆμα
3425 1839 3666 1912 ἀπέστη.
3723 1841 3887 1894 Ποίον
3920 1839 3983 1895 δὲ

2388 1925 2580 1992 τοῦτο;
2617 1927 2790 1995 Χάρις
2819 1925 2889 1979 δὲ
2917 1925 2997 1991 τῷ
3028 1926 3153 1991 Θεῷ
3180 1926 3280 1980 ἐπί
3312 1925 3387 1995 τῇ
3431 1926 3847 1997 ἀνεκδιηγήτῳ
3873 1928 3985 1981 αὐ-

2390 2019 2500 2073 τοῦ
2530 2016 2741 2086 δωρεᾷ.
2766 2016 2905 2071 οὔτε
2937 2016 3047 2087 γάρ
3079 2017 3257 2085 λόγος.
3283 2016 3408 2072 οὔτε
3433 2017 3559 2079 νοῦς
3594 2017 3771 2080 οὐδεὶς
3800 2033 3987 2088 παρα·

2395 2107 2586 2178 στῆσαι
2617 2107 2904 2178 δυνήσεται
2927 2107 3022 2160 τοῦ
3043 2107 3180 2160 Θεοῦ
3207 2107 3304 2178 τὴν
3330 2107 3657 2178 κηδεμονίαν
3700 2107 3802 2162 Διά
3821 2108 3988 2162 τοῦτο

2393 2175 2624 2252 ἐνταῦθα
2649 2175 3156 2273 μέλεά-δεκδιήγητον
3182 2175 3352 2272 αὐτὴν
3370 2175 3510 2254 εἷναί
3531 2218 3717 2271 φησιν.
3742 2199 3988 2271 ἀλλαχοῦ

2391 2286 2472 2349 δὲ,
2506 2288 2716 2341 1:01:611
2740 2287 2866 2341 νοῦν
2913 2287 3071 2359 ήμῶν
3103 2289 3476 2360 ὑπερϐαίνειν,
3511 2290 3712 2343 οὑτωσὶ
3761 2290 3943 2360 λέγων
3964 2307 3986 2325 ο

2403 2378 2468 2432 Ἠ
2493 2378 2703 2446 ειρήνη
2747 2378 2854 2433 τοῦ
2896 2378 3043 2433 Θεοῦ
3089 2381 3126 2448 ὴ
3164 2380 3551 2448 ὑπερέχουσα
3581 2380 3781 2434 πάντα
3829 2381 3993 2437 νοῦν

2393 2467 2723 2537 φρουρήσει
2753 2468 2860 2535 τὰς
2887 2468 3138 2537 καρδίας
3160 2467 3348 2540 ὑμῶν.

2482 2575 2620 2630 Ἀλλ’
2641 2578 2778 2649 ὅπερ
2801 2577 3009 2646 ἔλεγον,
3059 2577 3154 2631 δύο
3202 2577 3301 2648 μὲν
3325 2573 3469 2633 06:0:
3519 2579 3658 2644 τέως
3684 2581 3996 2650 ἀπολογίας

2399 2665 2656 2738 εὕρηνται
2691 2669 2904 2739 τρόποι,
2929 2662 3010 2733 εἷς
3067 2668 3188 2739 μὲν,
3217 2671 3299 2723 ὅτι
3322 2670 3420 2740 οὑχ
3459 2671 3488 2723 6
3523 2671 3656 2734 Θεὸς
3707 2669 3992 2739 ἐξέϐαλεν,

2399 2758 2514 2812 ἀλλ’
2541 2760 2702 2828 ἡμεῖς
2732 2758 3115 2828 ἀπωλέσαμεν
3149 2759 3400 2832 δεύτερος
3429 2760 3505 2824 δὲ,
3543 2761 3623 2814 6::
3660 2761 3832 2815 πλείω
3876 2762 3996 2817 τῶν

2399 2849 2757 2903 ἀπολωλότων
2809 2849 2906 2903 1:01
2949 2849 3172 2920 μείζονα
3224 2853 3294 2903 τά
3343 2849 3568 2904 δοθέντα
3612 2851 3748 2921 ἡμῖν
3775 2851 3991 2921 ἀγαθά.

2398 2939 2669 3010 Βούλομαι
2691 2939 2750 2992 δὲ
2783 2940 2876 2993 1:01
2914 2939 3097 3012 τρίτον
3138 2941 3331 2993 εἰπεῖν.
3373 2940 3469 3003 Τίς
3498 2935 3592 2994 οὖν
3626 2941 3776 2994 ἐστιν
3806 2942 3836 2994 6
3866 2941 3996 3013 τρί-

2397 3049 2523 3096 τος;
2563 3033 2686 3086 Ὀτι
2716 3033 2764 3084 εἰ
2787 3031 2882 3084 1:01
2910 3031 2985 3102 μὴ
3013 3031 3177 3084 ἔδωκε
3209 3029 3382 3101 μείζω
3405 3031 3513 3084 τῶν
3538 3030 3897 3086 ἀπολωλότων
3921 3032 3998 3087 τὰ

2402 3123 2540 3195 μετά
2563 3122 2754 3186 ταῦτα,
2787 3121 2902 3176 ἀλλ’
2952 3122 3204 3190 ἀφείλετο
3233 3123 3394 3193 μόνον
3446 3123 3510 3177 τὰ
3565 3115 3788 3178 δοθέντα
3828 3127 3993 3196 ήμῖν,

2397 3219 2431 3288 ἡ
2441 3215 2555 3286 μῶν
2580 3216 2930 3286 παρεχόντων
2944 3214 3044 3286 τὴν
3066 3214 3245 3267 αίτίαν
3269 3213 3448 3283 (τοῦτο
3461 3214 3572 3286 7&9
3594 3215 3994 3287 προσκείσθω)’

2401 3307 2496 3362 1:01
2526 3307 2686 3360 :06:0
2739 3305 2922 3360 ίκανὸν
2949 3304 3071 3358 καθ’
3102 3305 3266 3358 έαυτὸ
3296 3305 3468 3371 δείξαι
3515 3306 3616 3376 τὴν
3656 3306 4000 3378 κηδεμονίαν

2400 3399 2566 3454 06:06
2597 3400 2694 3470 τὴν
2728 3400 2808 3462 είς
2835 3399 3008 3469 ἡμᾶς.
3057 3397 3132 3450 06
3171 3395 3280 3468 7&9
3309 3395 3371 3450 :6
3403 3396 3587 3451 δοῦναι
3618 3399 3799 3468 μόνον,
3847 3398 4002 3452 ἀλλά

2401 3492 2496 3546 καὶ
2519 3491 2579 3544 τὸ
2603 3489 2901 3562 ἀφελέσθαι
2920 3488 2991 3542 τά
3017 3487 3261 3551 δοθέντα,
3287 3488 3552 3559 μεγίστης
3574 3487 4002 3561 φιλανθρωπίας

2401 3582 2549 3635 ἐστί’
2577 3581 2691 3647 1:01,
2727 3581 2777 3634 εί
2805 3578 3088 3649 βούλεσθε,
3121 3577 3214 3630 ἐπὶ
3229 3576 3322 3630 τοῦ
3351 3577 3679 3648 παραδείσου
3710 3580 3802 3632 τὸν
3831 3579 4000 3650 λόγον

2401 3673 2800 3742 γυμνάσωμεν.
2832 3669 3039 3722 Ἔδωκε
3069 3667 3160 3722 τὸν
3184 3668 3513 3740 παράδεισον
3535 3686 3550 3700 ο
3585 3669 3744 3725 τοῦτο
3769 3671 3869 3742 τῆς
3891 3672 4003 3726 06-

2402 3765 2496 3819 :06
2522 3762 2849 3836 κηδεμονίας
2868 3778 2882 3792 ο
2916 3760 3126 3828 ἀνάξιοι
3153 3760 3254 3831 τῆς
3280 3760 3490 3831 δωρεᾶς
3515 3760 3806 3834 ὤφθημενο
3827 3763 4000 3817 τοῦτο

2404 3857 2502 3925 τῆς
2538 3855 2814 3926 ἡμετέρας
2861 3853 3286 3925 ἀγνωμοσύνηςο
3333 3852 3586 3922 ἀφείλετο
3625 3853 3726 3925 τὴν
3779 3853 4001 3925 δωρεάν

2406 3947 2645 4012 ἀναξίοις
2668 3944 2980 4016 γενομένοις
2999 3961 3011 3973 ·
3033 3943 3192 3998 τοῦτο
3217 3945 3318 4016 τῆς
3344 3943 3510 3998 αὑτοῦ
3535 3943 3758 4014 γέγονεν
3791 3946 3999 4016 ἀγαθό-

2404 4055 2585 4109 τητος.
2624 4039 2736 4092 Καὶ
2771 4037 2901 4091 ποία
2924 4037 3218 4108 ἀγαθότης,
3259 4037 3414 4108 φησὶ,
3453 4037 3515 4091 τὸ
3559 4037 3856 4108 ἀφελέσθαι
3887 4041 3999 4112 τὴν

2405 4131 2652 4201 δωρεάν;
2693 4129 3032 4200 ⁹Δνάμεινον,
3066 4129 3162 4183 1:01
3187 4129 3397 4200 ἀκούσῃ
3422 4129 3659 4195 πάντως.
3702 4130 3999 4202 Ἐννόησον

2406 4222 2514 4292 γάρ
2546 4220 2630 4287 τίς
2651 4220 2876 4292 ἔμελλεν
2901 4221 2930 4273 6
2969 4220 3110 4274 Κάῖν
3152 4218 3395 4285 ἔσεσθαι,
3422 4221 3481 4274 ὲν
3527 4221 3842 4293 παραδείσῳ
3873 4223 4002 4277 δια·

2405 4314 2611 4384 τρίϐων
2661 4311 2801 4383 μετά
2843 4311 2942 4382 τὴν
2974 4312 3312 4382 μιαιφονίαν.
3359 4311 3424 4365 Εί
3459 4312 3572 4384 γὰρ
3609 4314 3705 4367 1:01
3738 4315 4000 4369 ἐκπεσὼν

2408 4405 2623 4478 ἐκείνης
2650 4405 2750 4475 τῆς
2791 4403 3004 4472 διαίτης
3023 4442 3038 4466 ,
3077 4403 3126 4455 εί
3156 4403 3343 4474 μόχθῳ
3381 4403 3478 4456 1:01
3504 4403 3653 4475 πόνῳ
3686 4405 3997 4459 καταδίκα.

2411 4498 2559 4562 00:1;
2610 4497 2705 4552 1:01
2747 4496 2843 4550 :06
2881 4494 3112 4549 θανάτου
3161 4495 3259 4565 τὴν
3311 4494 3544 4566 ἀπειλὴν
3598 4496 3999 4566 ἐπηρτημένην

2407 4591 2571 4664 ὀρῶν,
2591 4592 2640 4644 εί
2665 4588 2758 4644 τοῦ
2781 4588 2988 4660 πατρὸς
3017 4587 3124 4659 πρὸ
3148 4586 3567 4658 τῶνεόφθαλμῶν
3599 4586 3813 4657 βλέπων
3834 4584 3999 4662 [251]

2407 4684 2505 4755 τὴν
2540 4679 2824 4752 συμφορὰν
2853 4679 2949 4733 καὶ
2973 4679 3030 4730 ὲν
3058 4679 3245 4748 χερσὶν
3267 4677 3406 4748 έχων
3450 4677 3530 4731 έτι
3562 4679 3663 4750 τῆς
3691 4677 3864 4749 ὀργῆς
3895 4678 4000 4734 τοῦ

2408 4775 2542 4830 Θεοῦ
2577 4773 2648 4826 τὰ
2681 4772 2824 4844 ίχνη,
2853 4771 2949 4825 καὶ
2974 4768 3248 4832 τοσούτοις
3299 4769 3838 4840 περιεστοιχισμένος
3886 4770 4019 4834 δεμ-

2407 4872 2540 4933 νοῖς,
2573 4870 2654 4932 είς
2678 4864 2932 4920 τοσοῦτον
2969 4862 3282 4930 ὲξελάκτισε
3315 4862 3602 4934 πονηρίας,
3641 4862 3772 4916 ὥστ’
3795 4864 4008 4933 ἀγνοῖμ

2410 4979 2501 5014 σαι
2532 4961 2630 5033 τήν
2667 4959 2851 5030 φύσιν,
2904 4958 3000 5012 1:01
3033 4955 3384 5011 ἐπιλαθέσθαι
3426 4956 3528 5022 τῆς
3569 4953 3856 5019 κοινωνίας
3885 4955 4001 5011 τῶν

2408 5051 2635 5114 ὠδίνων,
2671 5051 2765 5106 καὶ
2800 5050 2894 5104 τὸν
2922 5049 3074 5103 οὐδὲν
3096 5044 3396 5118 ἠδικηκότα
3423 5043 3624 5113 σφάξαι
3645 5081 3660 5106 ,
3708 5043 3804 5097 καὶ
3841 5041 4003 5096 ἀδελ-

2413 5143 2572 5213 φικοῦ
2608 5142 2860 5214 σώματος
2882 5139 3124 5211 ἅψασθαι
3175 5139 3270 5193 1:01
3299 5137 3531 5208 αἱμάξαι
3552 5135 3650 5207 τὴν
3671 5134 3872 5202 δεξιὰν,
3898 5135 4002 5189 καὶ

2411 5234 2505 5288 τοῦ
2531 5234 2666 5288 Θεοῦ
2699 5231 3088 5307 παραινοῦντος
3117 5231 3412 5304 ἡσυχάζειν
3434 5228 3510 5300 μὴ
3539 5226 3853 5297 ἀνέχεσθαι,
3877 5226 4001 5281 ἀλλ’

2413 5326 2631 5398 ὑϐρίσαι
2669 5327 2760 5380 τὸν
2795 5324 3160 5394 πεποιηκότα,
3196 5322 3463 5394 ἀτιμάσαι
3508 5321 3636 5385 τοὺς
3669 5322 3974 5392 γεγεννηκό

2411 5437 2532 5483 τας,
2563 5421 2612 5473 εί
2637 5423 2694 5472 ἐν
2727 5416 3039 5488 παραδείσῳ
3075 5413 3344 5486 διέτριϐεν
3391 5407 3584 5478 οὗτος,
3625 5412 3818 5466 σκόπει
3859 5411 4002 5485 πρὸς

2411 5515 2546 5585 ὅσην
2573 5511 2638 5565 ἂν
2669 5511 2837 5580 ἥλασε
2864 5509 3082 5562 κακίαν.
3114 5509 3176 5562 El
3199 5507 3307 5578 7&9
3328 5506 3599 5561 τοσούτων
3630 5505 4004 5576 ἐπικειμένων

2411 5605 2520 5660 τῶν
2564 5600 2819 5674 χαλινῶν,
2881 5599 3157 5670 θανάσιμα
3205 5597 3501 5671 ἐσκίρτησε
3544 5597 3916 5668 σκιρτήματα,
3947 5597 4000 5649 οξ

2478 5764 2502 5793 ⁸
2530 5759 2664 5812 Unus
2684 5757 2819 5811 Colb.
2850 5758 2932 5814 τήν
2956 5755 3179 5805 ἐπίνοιαν.
