  <div class='ocr_page' id='page_1' title='image "/cluster/home/n/w/nwhite01/storage/ocr_20150623/49/pst.000005712465/248.png"; bbox 0 0 4190 6322; ppageno 0'>
   <div class='ocr_carea' id='block_1_1' title="bbox 195 375 301 434">
    <p class='ocr_par' dir='ltr' id='par_1_1' title="bbox 195 375 301 434">
     <span class='ocr_line' id='line_1_1' title="bbox 195 375 301 434; baseline 0.019 -3"><span class='ocrx_word' id='word_1_1' title='bbox 195 375 301 434; x_wconf 61' lang='grc' dir='ltr'><strong>ξιτ</strong></span> 
     </span>
    </p>
   </div>
   <div class='ocr_carea' id='block_1_2' title="bbox 204 485 1805 563">
    <p class='ocr_par' dir='ltr' id='par_1_2' title="bbox 204 485 1805 563">
     <span class='ocr_line' id='line_1_2' title="bbox 204 485 1805 563; baseline 0 -20"><span class='ocrx_word' id='word_1_2' title='bbox 204 490 422 546; x_wconf 79' lang='lat' dir='ltr'><strong>homine</strong></span> <span class='ocrx_word' id='word_1_3' title='bbox 461 489 776 562; x_wconf 75' lang='lat' dir='ltr'><strong>gloriosius.</strong></span> <span class='ocrx_word' id='word_1_4' title='bbox 821 489 946 545; x_wconf 81' lang='lat' dir='ltr'><strong>Erat</strong></span> <span class='ocrx_word' id='word_1_5' title='bbox 987 491 1076 545; x_wconf 92' lang='lat' dir='ltr'><strong>ille</strong></span> <span class='ocrx_word' id='word_1_6' title='bbox 1125 485 1388 559; x_wconf 83' lang='lat' dir='ltr'><strong>postrema</strong></span> <span class='ocrx_word' id='word_1_7' title='bbox 1435 505 1565 563; x_wconf 84' lang='lat' dir='ltr'><strong>pars</strong></span> <span class='ocrx_word' id='word_1_8' title='bbox 1597 489 1805 544; x_wconf 86' lang='lat' dir='ltr'><strong>ratione</strong></span> 
     </span>
    </p>
   </div>
   <div class='ocr_carea' id='block_1_3' title="bbox 205 577 1808 651">
    <p class='ocr_par' dir='ltr' id='par_1_3' title="bbox 205 577 1808 651">
     <span class='ocr_line' id='line_1_3' title="bbox 205 577 1808 651; baseline -0.001 -17"><span class='ocrx_word' id='word_1_9' title='bbox 205 580 446 651; x_wconf 65' lang='lat' dir='ltr'><strong>praedita:</strong></span> <span class='ocrx_word' id='word_1_10' title='bbox 472 587 740 636; x_wconf 73' lang='lat' dir='ltr'><strong>creatura:</strong></span> <span class='ocrx_word' id='word_1_11' title='bbox 763 621 779 646; x_wconf 94' lang='lat'><strong>,</strong></span> <span class='ocrx_word' id='word_1_12' title='bbox 810 577 904 634; x_wconf 86' lang='lat' dir='ltr'><strong>sed</strong></span> <span class='ocrx_word' id='word_1_13' title='bbox 937 579 1100 648; x_wconf 81' lang='lat' dir='ltr'><strong>pedes</strong></span> <span class='ocrx_word' id='word_1_14' title='bbox 1137 589 1296 649; x_wconf 87' lang='lat' dir='ltr'><strong>caput</strong></span> <span class='ocrx_word' id='word_1_15' title='bbox 1326 589 1645 644; x_wconf 89' lang='lat' dir='ltr'><strong>evaserunt,</strong></span> <span class='ocrx_word' id='word_1_16' title='bbox 1674 587 1727 634; x_wconf 89' lang='lat' dir='ltr'><strong>et</strong></span> <span class='ocrx_word' id='word_1_17' title='bbox 1755 580 1808 633; x_wconf 93' lang='lat' dir='ltr'><strong>in</strong></span> 
     </span>
    </p>
   </div>
   <div class='ocr_carea' id='block_1_4' title="bbox 211 667 1810 738">
    <p class='ocr_par' dir='ltr' id='par_1_4' title="bbox 211 667 1810 738">
     <span class='ocr_line' id='line_1_4' title="bbox 211 667 1810 738; baseline -0.003 -13"><span class='ocrx_word' id='word_1_18' title='bbox 211 671 465 726; x_wconf 83' lang='lat' dir='ltr'><strong>thronum</strong></span> <span class='ocrx_word' id='word_1_19' title='bbox 506 668 716 738; x_wconf 83' lang='lat' dir='ltr'><strong>regium</strong></span> <span class='ocrx_word' id='word_1_20' title='bbox 746 683 840 738; x_wconf 90' lang='lat' dir='ltr'><strong>per</strong></span> <span class='ocrx_word' id='word_1_21' title='bbox 866 669 1124 737; x_wconf 70' lang='lat' dir='ltr'><strong>primitias</strong></span> <span class='ocrx_word' id='word_1_22' title='bbox 1161 678 1287 724; x_wconf 90' lang='lat' dir='ltr'><strong>sunt</strong></span> <span class='ocrx_word' id='word_1_23' title='bbox 1323 669 1512 725; x_wconf 85' lang='lat' dir='ltr'><strong>evecti.</strong></span> <span class='ocrx_word' id='word_1_24' title='bbox 1541 667 1810 736; x_wconf 80' lang='lat' dir='ltr'><strong>Quemad-</strong></span> 
     </span>
    </p>
   </div>
   <div class='ocr_carea' id='block_1_5' title="bbox 211 760 1811 832">
    <p class='ocr_par' dir='ltr' id='par_1_5' title="bbox 211 760 1811 832">
     <span class='ocr_line' id='line_1_5' title="bbox 211 760 1811 832; baseline -0.002 -15"><span class='ocrx_word' id='word_1_25' title='bbox 211 761 426 817; x_wconf 85' lang='lat' dir='ltr'><strong>modum</strong></span> <span class='ocrx_word' id='word_1_26' title='bbox 458 761 608 816; x_wconf 91' lang='lat' dir='ltr'><strong>enim</strong></span> <span class='ocrx_word' id='word_1_27' title='bbox 631 761 677 822; x_wconf 87' lang='lat' dir='ltr'><strong>si</strong></span> <span class='ocrx_word' id='word_1_28' title='bbox 716 760 876 816; x_wconf 87' lang='lat' dir='ltr'><strong>homo</strong></span> <span class='ocrx_word' id='word_1_29' title='bbox 901 761 1166 832; x_wconf 77' lang='lat' dir='ltr'><strong>quispiam</strong></span> <span class='ocrx_word' id='word_1_30' title='bbox 1207 761 1450 817; x_wconf 85' lang='lat' dir='ltr'><strong>liberalis</strong></span> <span class='ocrx_word' id='word_1_31' title='bbox 1476 775 1540 816; x_wconf 89' lang='lat' dir='ltr'><strong>ac</strong></span> <span class='ocrx_word' id='word_1_32' title='bbox 1567 760 1811 831; x_wconf 80' lang='lat' dir='ltr'><strong>magnifi-</strong></span> 
     </span>
    </p>
   </div>
   <div class='ocr_carea' id='block_1_6' title="bbox 205 851 1808 928">
    <p class='ocr_par' dir='ltr' id='par_1_6' title="bbox 205 851 1808 928">
     <span class='ocr_line' id='line_1_6' title="bbox 205 851 1808 928; baseline -0.001 -21"><span class='ocrx_word' id='word_1_33' title='bbox 205 869 323 928; x_wconf 81' lang='lat' dir='ltr'><strong>cus,</strong></span> <span class='ocrx_word' id='word_1_34' title='bbox 357 868 483 907; x_wconf 90' lang='lat' dir='ltr'><strong>cum</strong></span> <span class='ocrx_word' id='word_1_35' title='bbox 511 851 706 908; x_wconf 88' lang='lat' dir='ltr'><strong>viderit</strong></span> <span class='ocrx_word' id='word_1_36' title='bbox 732 853 966 921; x_wconf 92' lang='lat' dir='ltr'><strong>aliquem</strong></span> <span class='ocrx_word' id='word_1_37' title='bbox 994 851 1330 923; x_wconf 74' lang='lat' dir='ltr'><strong>naufragum,</strong></span> <span class='ocrx_word' id='word_1_38' title='bbox 1362 852 1451 922; x_wconf 85' lang='lat' dir='ltr'><strong>qui</strong></span> <span class='ocrx_word' id='word_1_39' title='bbox 1481 852 1654 907; x_wconf 86' lang='lat' dir='ltr'><strong>solum</strong></span> <span class='ocrx_word' id='word_1_40' title='bbox 1679 868 1808 907; x_wconf 87' lang='lat' dir='ltr'><strong>cor-</strong></span> 
     </span>
    </p>
   </div>
   <div class='ocr_carea' id='block_1_7' title="bbox 210 942 1812 1017">
    <p class='ocr_par' dir='ltr' id='par_1_7' title="bbox 210 942 1812 1017">
     <span class='ocr_line' id='line_1_7' title="bbox 210 942 1812 1017; baseline -0.001 -19"><span class='ocrx_word' id='word_1_41' title='bbox 210 960 306 1013; x_wconf 89' lang='lat' dir='ltr'><strong>pus</strong></span> <span class='ocrx_word' id='word_1_42' title='bbox 334 943 540 999; x_wconf 91' lang='lat' dir='ltr'><strong>nudum</strong></span> <span class='ocrx_word' id='word_1_43' title='bbox 565 959 633 1000; x_wconf 86' lang='lat' dir='ltr'><strong>ex</strong></span> <span class='ocrx_word' id='word_1_44' title='bbox 661 944 909 1000; x_wconf 83' lang='lat' dir='ltr'><strong>ﬂuctibus</strong></span> <span class='ocrx_word' id='word_1_45' title='bbox 931 945 1139 1015; x_wconf 84' lang='lat' dir='ltr'><strong>eripere</strong></span> <span class='ocrx_word' id='word_1_46' title='bbox 1176 945 1384 1017; x_wconf 80' lang='lat' dir='ltr'><strong>potuit,</strong></span> <span class='ocrx_word' id='word_1_47' title='bbox 1411 944 1615 1014; x_wconf 82' lang='lat' dir='ltr'><strong>supinis</strong></span> <span class='ocrx_word' id='word_1_48' title='bbox 1642 942 1812 998; x_wconf 88' lang='lat' dir='ltr'><strong>mani-</strong></span> 
     </span>
    </p>
   </div>
   <div class='ocr_carea' id='block_1_8' title="bbox 209 1034 1811 1104">
    <p class='ocr_par' dir='ltr' id='par_1_8' title="bbox 209 1034 1811 1104">
     <span class='ocr_line' id='line_1_8' title="bbox 209 1034 1811 1104; baseline 0 -16"><span class='ocrx_word' id='word_1_49' title='bbox 209 1037 307 1090; x_wconf 81' lang='lat' dir='ltr'><strong>bus</strong></span> <span class='ocrx_word' id='word_1_50' title='bbox 334 1050 460 1090; x_wconf 89' lang='lat' dir='ltr'><strong>eum</strong></span> <span class='ocrx_word' id='word_1_51' title='bbox 482 1035 733 1104; x_wconf 90' lang='lat' dir='ltr'><strong>excipiat,</strong></span> <span class='ocrx_word' id='word_1_52' title='bbox 759 1043 814 1090; x_wconf 89' lang='lat' dir='ltr'><strong>et</strong></span> <span class='ocrx_word' id='word_1_53' title='bbox 836 1034 1061 1090; x_wconf 87' lang='lat' dir='ltr'><strong>candida</strong></span> <span class='ocrx_word' id='word_1_54' title='bbox 1081 1043 1229 1090; x_wconf 87' lang='lat' dir='ltr'><strong>veste</strong></span> <span class='ocrx_word' id='word_1_55' title='bbox 1251 1034 1494 1089; x_wconf 90' lang='lat' dir='ltr'><strong>indutum</strong></span> <span class='ocrx_word' id='word_1_56' title='bbox 1522 1035 1575 1088; x_wconf 90' lang='lat' dir='ltr'><strong>in</strong></span> <span class='ocrx_word' id='word_1_57' title='bbox 1601 1047 1811 1088; x_wconf 90' lang='lat' dir='ltr'><strong>summo</strong></span> 
     </span>
    </p>
   </div>
   <div class='ocr_carea' id='block_1_9' title="bbox 212 1125 1808 1196">
    <p class='ocr_par' dir='ltr' id='par_1_9' title="bbox 212 1125 1808 1196">
     <span class='ocr_line' id='line_1_9' title="bbox 212 1125 1808 1196; baseline -0.001 -16"><span class='ocrx_word' id='word_1_58' title='bbox 212 1127 438 1182; x_wconf 83' lang='lat' dir='ltr'><strong>honoris</strong></span> <span class='ocrx_word' id='word_1_59' title='bbox 475 1125 646 1196; x_wconf 81' lang='lat' dir='ltr'><strong>gradu</strong></span> <span class='ocrx_word' id='word_1_60' title='bbox 685 1126 913 1182; x_wconf 87' lang='lat' dir='ltr'><strong>collocet</strong></span> <span class='ocrx_word' id='word_1_61' title='bbox 941 1142 956 1179; x_wconf 89' lang='lat'><strong>:</strong></span> <span class='ocrx_word' id='word_1_62' title='bbox 981 1125 1061 1187; x_wconf 80' lang='lat' dir='ltr'><strong>ita</strong></span> <span class='ocrx_word' id='word_1_63' title='bbox 1101 1126 1241 1182; x_wconf 87' lang='lat' dir='ltr'><strong>Deus</strong></span> <span class='ocrx_word' id='word_1_64' title='bbox 1282 1136 1526 1181; x_wconf 89' lang='lat' dir='ltr'><strong>naturam</strong></span> <span class='ocrx_word' id='word_1_65' title='bbox 1572 1134 1808 1180; x_wconf 90' lang='lat' dir='ltr'><strong>nostram</strong></span> 
     </span>
    </p>
   </div>
   <div class='ocr_carea' id='block_1_10' title="bbox 213 1216 1814 1288">
    <p class='ocr_par' dir='ltr' id='par_1_10' title="bbox 213 1216 1814 1288">
     <span class='ocr_line' id='line_1_10' title="bbox 213 1216 1814 1288; baseline -0.001 -16"><span class='ocrx_word' id='word_1_66' title='bbox 213 1218 482 1272; x_wconf 85' lang='lat' dir='ltr'><strong>tractavit.</strong></span> <span class='ocrx_word' id='word_1_67' title='bbox 507 1216 698 1272; x_wconf 81' lang='lat' dir='ltr'><strong>Omnia</strong></span> <span class='ocrx_word' id='word_1_68' title='bbox 719 1232 841 1288; x_wconf 70' lang='lat' dir='ltr'><strong>quae</strong></span> <span class='ocrx_word' id='word_1_69' title='bbox 865 1216 1098 1273; x_wconf 83' lang='lat' dir='ltr'><strong>habebat</strong></span> <span class='ocrx_word' id='word_1_70' title='bbox 1121 1217 1283 1287; x_wconf 82' lang='lat' dir='ltr'><strong>homo</strong></span> <span class='ocrx_word' id='word_1_71' title='bbox 1303 1216 1627 1287; x_wconf 89' lang='lat' dir='ltr'><strong>perdiderat,</strong></span> <span class='ocrx_word' id='word_1_72' title='bbox 1651 1216 1814 1271; x_wconf 89' lang='lat' dir='ltr'><strong>liber-</strong></span> 
     </span>
    </p>
   </div>
   <div class='ocr_carea' id='block_1_11' title="bbox 213 1306 1808 1377">
    <p class='ocr_par' dir='ltr' id='par_1_11' title="bbox 213 1306 1808 1377">
     <span class='ocr_line' id='line_1_11' title="bbox 213 1306 1808 1377; baseline -0.001 -15"><span class='ocrx_word' id='word_1_73' title='bbox 213 1317 377 1362; x_wconf 87' lang='lat' dir='ltr'><strong>tatem</strong></span> <span class='ocrx_word' id='word_1_74' title='bbox 403 1306 658 1377; x_wconf 88' lang='lat' dir='ltr'><strong>loquendi</strong></span> <span class='ocrx_word' id='word_1_75' title='bbox 682 1321 746 1362; x_wconf 91' lang='lat' dir='ltr'><strong>ac</strong></span> <span class='ocrx_word' id='word_1_76' title='bbox 772 1307 1040 1374; x_wconf 76' lang='lat' dir='ltr'><strong>ﬁduciam,</strong></span> <span class='ocrx_word' id='word_1_77' title='bbox 1066 1307 1510 1363; x_wconf 86' lang='lat' dir='ltr'><strong>consuetudinem</strong></span> <span class='ocrx_word' id='word_1_78' title='bbox 1531 1322 1652 1362; x_wconf 91' lang='lat' dir='ltr'><strong>cum</strong></span> <span class='ocrx_word' id='word_1_79' title='bbox 1678 1307 1808 1374; x_wconf 90' lang='lat' dir='ltr'><strong>Deo,</strong></span> 
     </span>
    </p>
   </div>
   <div class='ocr_carea' id='block_1_12' title="bbox 213 1398 1813 1468">
    <p class='ocr_par' dir='ltr' id='par_1_12' title="bbox 213 1398 1813 1468">
     <span class='ocr_line' id='line_1_12' title="bbox 213 1398 1813 1468; baseline -0.001 -15"><span class='ocrx_word' id='word_1_80' title='bbox 213 1398 682 1454; x_wconf 77' lang='lat' dir='ltr'><strong>conversationem</strong></span> <span class='ocrx_word' id='word_1_81' title='bbox 709 1399 764 1452; x_wconf 92' lang='lat' dir='ltr'><strong>in</strong></span> <span class='ocrx_word' id='word_1_82' title='bbox 795 1399 1064 1468; x_wconf 77' lang='lat' dir='ltr'><strong>paradiso,</strong></span> <span class='ocrx_word' id='word_1_83' title='bbox 1092 1399 1254 1454; x_wconf 84' lang='lat' dir='ltr'><strong>vitam</strong></span> <span class='ocrx_word' id='word_1_84' title='bbox 1280 1399 1599 1454; x_wconf 82' lang='lat' dir='ltr'><strong>calamitatis</strong></span> <span class='ocrx_word' id='word_1_85' title='bbox 1623 1413 1813 1467; x_wconf 88' lang='lat' dir='ltr'><strong>exper-</strong></span> 
     </span>
    </p>
   </div>
   <div class='ocr_carea' id='block_1_13' title="bbox 213 1482 1810 1563">
    <p class='ocr_par' dir='ltr' id='par_1_13' title="bbox 213 1482 1810 1563">
     <span class='ocr_line' id='line_1_13' title="bbox 213 1482 1810 1563; baseline -0.003 -15"><span class='ocrx_word' id='word_1_86' title='bbox 213 1504 342 1554; x_wconf 90' lang='lat' dir='ltr'><strong>tem,</strong></span> <span class='ocrx_word' id='word_1_87' title='bbox 375 1501 432 1546; x_wconf 90' lang='lat' dir='ltr'><strong>ct</strong></span> <span class='ocrx_word' id='word_1_88' title='bbox 459 1501 728 1561; x_wconf 84' lang='lat' dir='ltr'><strong>tamquam</strong></span> <span class='ocrx_word' id='word_1_89' title='bbox 759 1507 826 1548; x_wconf 91' lang='lat' dir='ltr'><strong>ex</strong></span> <span class='ocrx_word' id='word_1_90' title='bbox 862 1491 1140 1563; x_wconf 87' lang='lat' dir='ltr'><strong>naufragio</strong></span> <span class='ocrx_word' id='word_1_91' title='bbox 1168 1482 1343 1547; x_wconf 85' lang='lat' dir='ltr'><strong>nudus</strong></span> <span class='ocrx_word' id='word_1_92' title='bbox 1384 1491 1509 1547; x_wconf 88' lang='lat' dir='ltr'><strong>inde</strong></span> <span class='ocrx_word' id='word_1_93' title='bbox 1534 1492 1810 1557; x_wconf 87' lang='lat' dir='ltr'><strong>exiverat;</strong></span> 
     </span>
    </p>
   </div>
   <div class='ocr_carea' id='block_1_14' title="bbox 211 1583 1813 1654">
    <p class='ocr_par' dir='ltr' id='par_1_14' title="bbox 211 1583 1813 1654">
     <span class='ocr_line' id='line_1_14' title="bbox 211 1583 1813 1654; baseline -0.002 -15"><span class='ocrx_word' id='word_1_94' title='bbox 211 1583 306 1639; x_wconf 84' lang='lat' dir='ltr'><strong>sed</strong></span> <span class='ocrx_word' id='word_1_95' title='bbox 339 1583 479 1640; x_wconf 86' lang='lat' dir='ltr'><strong>Deus</strong></span> <span class='ocrx_word' id='word_1_96' title='bbox 505 1584 656 1639; x_wconf 91' lang='lat' dir='ltr'><strong>illum</strong></span> <span class='ocrx_word' id='word_1_97' title='bbox 686 1592 966 1654; x_wconf 86' lang='lat' dir='ltr'><strong>exceptum</strong></span> <span class='ocrx_word' id='word_1_98' title='bbox 1004 1583 1287 1639; x_wconf 89' lang='lat' dir='ltr'><strong>confestim</strong></span> <span class='ocrx_word' id='word_1_99' title='bbox 1323 1585 1526 1639; x_wconf 91' lang='lat' dir='ltr'><strong>amiciit</strong></span> <span class='ocrx_word' id='word_1_100' title='bbox 1550 1626 1564 1649; x_wconf 92' lang='lat'><strong>,</strong></span> <span class='ocrx_word' id='word_1_101' title='bbox 1597 1593 1653 1639; x_wconf 92' lang='lat' dir='ltr'><strong>et</strong></span> <span class='ocrx_word' id='word_1_102' title='bbox 1679 1599 1813 1653; x_wconf 88' lang='lat' dir='ltr'><strong>pau-</strong></span> 
     </span>
    </p>
   </div>
   <div class='ocr_carea' id='block_1_15' title="bbox 219 1674 1816 1745">
    <p class='ocr_par' dir='ltr' id='par_1_15' title="bbox 219 1674 1816 1745">
     <span class='ocr_line' id='line_1_15' title="bbox 219 1674 1816 1745; baseline -0.003 -14"><span class='ocrx_word' id='word_1_103' title='bbox 219 1677 366 1731; x_wconf 86' lang='lat' dir='ltr'><strong>latim</strong></span> <span class='ocrx_word' id='word_1_104' title='bbox 398 1691 558 1730; x_wconf 87' lang='lat' dir='ltr'><strong>mann</strong></span> <span class='ocrx_word' id='word_1_105' title='bbox 585 1676 803 1731; x_wconf 87' lang='lat' dir='ltr'><strong>ductum</strong></span> <span class='ocrx_word' id='word_1_106' title='bbox 834 1676 886 1730; x_wconf 92' lang='lat' dir='ltr'><strong>in</strong></span> <span class='ocrx_word' id='word_1_107' title='bbox 924 1675 1115 1730; x_wconf 60' lang='lat' dir='ltr'><strong>caelum</strong></span> <span class='ocrx_word' id='word_1_108' title='bbox 1147 1675 1344 1730; x_wconf 85' lang='lat' dir='ltr'><strong>evexit.</strong></span> <span class='ocrx_word' id='word_1_109' title='bbox 1375 1674 1534 1745; x_wconf 82' lang='lat' dir='ltr'><strong>Atqui</strong></span> <span class='ocrx_word' id='word_1_110' title='bbox 1568 1688 1672 1729; x_wconf 92' lang='lat' dir='ltr'><strong>non</strong></span> <span class='ocrx_word' id='word_1_111' title='bbox 1700 1683 1816 1728; x_wconf 90' lang='lat' dir='ltr'><strong>erat</strong></span> 
     </span>
    </p>
   </div>
   <div class='ocr_carea' id='block_1_16' title="bbox 219 1767 1810 1843">
    <p class='ocr_par' dir='ltr' id='par_1_16' title="bbox 219 1767 1810 1843">
     <span class='ocr_line' id='line_1_16' title="bbox 219 1767 1810 1843; baseline -0.003 -21"><span class='ocrx_word' id='word_1_112' title='bbox 219 1771 372 1825; x_wconf 89' lang='lat' dir='ltr'><strong>venia</strong></span> <span class='ocrx_word' id='word_1_113' title='bbox 397 1768 617 1839; x_wconf 85' lang='lat' dir='ltr'><strong>dignum</strong></span> <span class='ocrx_word' id='word_1_114' title='bbox 649 1767 1016 1838; x_wconf 75' lang='lat' dir='ltr'><strong>naufragium;</strong></span> <span class='ocrx_word' id='word_1_115' title='bbox 1045 1782 1219 1837; x_wconf 89' lang='lat' dir='ltr'><strong>neque</strong></span> <span class='ocrx_word' id='word_1_116' title='bbox 1257 1767 1401 1821; x_wconf 90' lang='lat' dir='ltr'><strong>enim</strong></span> <span class='ocrx_word' id='word_1_117' title='bbox 1430 1767 1501 1821; x_wconf 86' lang='lat' dir='ltr'><strong>ob</strong></span> <span class='ocrx_word' id='word_1_118' title='bbox 1531 1774 1810 1843; x_wconf 87' lang='lat' dir='ltr'><strong>ventorum</strong></span> 
     </span>
    </p>
   </div>
   <div class='ocr_carea' id='block_1_17' title="bbox 217 1857 1814 1930">
    <p class='ocr_par' dir='ltr' id='par_1_17' title="bbox 217 1857 1814 1930">
     <span class='ocr_line' id='line_1_17' title="bbox 217 1857 1814 1930; baseline -0.003 -15"><span class='ocrx_word' id='word_1_119' title='bbox 217 1863 499 1930; x_wconf 88' lang='lat' dir='ltr'><strong>impetum,</strong></span> <span class='ocrx_word' id='word_1_120' title='bbox 531 1861 626 1915; x_wconf 87' lang='lat' dir='ltr'><strong>sed</strong></span> <span class='ocrx_word' id='word_1_121' title='bbox 655 1860 726 1914; x_wconf 92' lang='lat' dir='ltr'><strong>ob</strong></span> <span class='ocrx_word' id='word_1_122' title='bbox 749 1860 1027 1930; x_wconf 91' lang='lat' dir='ltr'><strong>segnitiem</strong></span> <span class='ocrx_word' id='word_1_123' title='bbox 1052 1859 1169 1930; x_wconf 89' lang='lat' dir='ltr'><strong>ejus</strong></span> <span class='ocrx_word' id='word_1_124' title='bbox 1193 1900 1207 1926; x_wconf 95' lang='lat'><strong>,</strong></span> <span class='ocrx_word' id='word_1_125' title='bbox 1234 1860 1325 1929; x_wconf 82' lang='lat' dir='ltr'><strong>qui</strong></span> <span class='ocrx_word' id='word_1_126' title='bbox 1357 1857 1674 1930; x_wconf 86' lang='lat' dir='ltr'><strong>navigabat,</strong></span> <span class='ocrx_word' id='word_1_127' title='bbox 1704 1865 1814 1912; x_wconf 84' lang='lat' dir='ltr'><strong>tota</strong></span> 
     </span>
    </p>
   </div>
   <div class='ocr_carea' id='block_1_18' title="bbox 218 1952 936 2021">
    <p class='ocr_par' dir='ltr' id='par_1_18' title="bbox 218 1952 936 2021">
     <span class='ocr_line' id='line_1_18' title="bbox 218 1952 936 2021; baseline -0.003 -15"><span class='ocrx_word' id='word_1_128' title='bbox 218 1952 303 2006; x_wconf 87' lang='lat' dir='ltr'><strong>illa</strong></span> <span class='ocrx_word' id='word_1_129' title='bbox 333 1961 625 2021; x_wconf 90' lang='lat' dir='ltr'><strong>tempestas</strong></span> <span class='ocrx_word' id='word_1_130' title='bbox 651 1952 936 2007; x_wconf 85' lang='lat' dir='ltr'><strong>acciderat.</strong></span> 
     </span>
    </p>
   </div>
   <div class='ocr_carea' id='block_1_19' title="bbox 287 2040 1816 2114">
    <p class='ocr_par' dir='ltr' id='par_1_19' title="bbox 287 2040 1816 2114">
     <span class='ocr_line' id='line_1_19' title="bbox 287 2040 1816 2114; baseline 0.001 -19"><span class='ocrx_word' id='word_1_131' title='bbox 287 2041 354 2095; x_wconf 75' lang='lat' dir='ltr'><strong>In</strong></span> <span class='ocrx_word' id='word_1_132' title='bbox 377 2051 530 2112; x_wconf 84' lang='lat' dir='ltr'><strong>portu</strong></span> <span class='ocrx_word' id='word_1_133' title='bbox 563 2042 891 2114; x_wconf 78' lang='lat' dir='ltr'><strong>naufragium</strong></span> <span class='ocrx_word' id='word_1_134' title='bbox 919 2041 1034 2112; x_wconf 81' lang='lat' dir='ltr'><strong>fecit</strong></span> <span class='ocrx_word' id='word_1_135' title='bbox 1065 2041 1309 2096; x_wconf 80' lang='lat' dir='ltr'><strong>Adamua.</strong></span> <span class='ocrx_word' id='word_1_136' title='bbox 1338 2071 1409 2082; x_wconf 92' lang='lat'><strong>—-</strong></span> <span class='ocrx_word' id='word_1_137' title='bbox 1436 2040 1816 2096; x_wconf 78' lang='lat' dir='ltr'><strong>Verumtamen</strong></span> 
     </span>
    </p>
   </div>
   <div class='ocr_carea' id='block_1_20' title="bbox 219 2133 1816 2203">
    <p class='ocr_par' dir='ltr' id='par_1_20' title="bbox 219 2133 1816 2203">
     <span class='ocr_line' id='line_1_20' title="bbox 219 2133 1816 2203; baseline 0 -15"><span class='ocrx_word' id='word_1_138' title='bbox 219 2133 286 2188; x_wconf 88' lang='lat' dir='ltr'><strong>ad</strong></span> <span class='ocrx_word' id='word_1_139' title='bbox 319 2134 422 2188; x_wconf 89' lang='lat' dir='ltr'><strong>hoc</strong></span> <span class='ocrx_word' id='word_1_140' title='bbox 462 2148 572 2187; x_wconf 89' lang='lat' dir='ltr'><strong>non</strong></span> <span class='ocrx_word' id='word_1_141' title='bbox 614 2133 851 2203; x_wconf 82' lang='lat' dir='ltr'><strong>respexit</strong></span> <span class='ocrx_word' id='word_1_142' title='bbox 895 2133 1036 2189; x_wconf 91' lang='lat' dir='ltr'><strong>Deus</strong></span> <span class='ocrx_word' id='word_1_143' title='bbox 1061 2174 1076 2200; x_wconf 91' lang='lat'><strong>,</strong></span> <span class='ocrx_word' id='word_1_144' title='bbox 1108 2133 1201 2189; x_wconf 92' lang='lat' dir='ltr'><strong>sed</strong></span> <span class='ocrx_word' id='word_1_145' title='bbox 1231 2134 1346 2202; x_wconf 85' lang='lat' dir='ltr'><strong>ejus</strong></span> <span class='ocrx_word' id='word_1_146' title='bbox 1390 2133 1816 2190; x_wconf 85' lang='lat' dir='ltr'><strong>misericordiam</strong></span> 
     </span>
    </p>
   </div>
   <div class='ocr_carea' id='block_1_21' title="bbox 219 2223 1816 2295">
    <p class='ocr_par' dir='ltr' id='par_1_21' title="bbox 219 2223 1816 2295">
     <span class='ocr_line' id='line_1_21' title="bbox 219 2223 1816 2295; baseline -0.001 -15"><span class='ocrx_word' id='word_1_147' title='bbox 219 2225 542 2280; x_wconf 85' lang='lat' dir='ltr'><strong>calamitatis</strong></span> <span class='ocrx_word' id='word_1_148' title='bbox 562 2223 871 2294; x_wconf 83' lang='lat' dir='ltr'><strong>magnitudo</strong></span> <span class='ocrx_word' id='word_1_149' title='bbox 889 2225 1200 2292; x_wconf 90' lang='lat' dir='ltr'><strong>commovit,</strong></span> <span class='ocrx_word' id='word_1_150' title='bbox 1229 2240 1459 2294; x_wconf 90' lang='lat' dir='ltr'><strong>eumque</strong></span> <span class='ocrx_word' id='word_1_151' title='bbox 1475 2225 1562 2293; x_wconf 92' lang='lat' dir='ltr'><strong>qui</strong></span> <span class='ocrx_word' id='word_1_152' title='bbox 1586 2225 1636 2279; x_wconf 92' lang='lat' dir='ltr'><strong>in</strong></span> <span class='ocrx_word' id='word_1_153' title='bbox 1662 2233 1816 2295; x_wconf 90' lang='lat' dir='ltr'><strong>portu</strong></span> 
     </span>
    </p>
   </div>
   <div class='ocr_carea' id='block_1_22' title="bbox 222 2314 1816 2387">
    <p class='ocr_par' dir='ltr' id='par_1_22' title="bbox 222 2314 1816 2387">
     <span class='ocr_line' id='line_1_22' title="bbox 222 2314 1816 2387; baseline 0 -18"><span class='ocrx_word' id='word_1_154' title='bbox 222 2314 556 2386; x_wconf 79' lang='lat' dir='ltr'><strong>naufragium</strong></span> <span class='ocrx_word' id='word_1_155' title='bbox 585 2314 804 2382; x_wconf 87' lang='lat' dir='ltr'><strong>fecerat,</strong></span> <span class='ocrx_word' id='word_1_156' title='bbox 839 2315 1060 2385; x_wconf 85' lang='lat' dir='ltr'><strong>perinde</strong></span> <span class='ocrx_word' id='word_1_157' title='bbox 1086 2316 1240 2386; x_wconf 88' lang='lat' dir='ltr'><strong>quasi</strong></span> <span class='ocrx_word' id='word_1_158' title='bbox 1268 2316 1443 2370; x_wconf 91' lang='lat' dir='ltr'><strong>medio</strong></span> <span class='ocrx_word' id='word_1_159' title='bbox 1469 2317 1522 2370; x_wconf 91' lang='lat' dir='ltr'><strong>in</strong></span> <span class='ocrx_word' id='word_1_160' title='bbox 1550 2316 1740 2387; x_wconf 85' lang='lat' dir='ltr'><strong>pelago</strong></span> <span class='ocrx_word' id='word_1_161' title='bbox 1766 2315 1816 2370; x_wconf 88' lang='lat' dir='ltr'><strong>id</strong></span> 
     </span>
    </p>
   </div>
   <div class='ocr_carea' id='block_1_23' title="bbox 224 2407 1817 2478">
    <p class='ocr_par' dir='ltr' id='par_1_23' title="bbox 224 2407 1817 2478">
     <span class='ocr_line' id='line_1_23' title="bbox 224 2407 1817 2478; baseline -0.001 -16"><span class='ocrx_word' id='word_1_162' title='bbox 224 2423 411 2478; x_wconf 87' lang='lat' dir='ltr'><strong>passus</strong></span> <span class='ocrx_word' id='word_1_163' title='bbox 432 2417 570 2466; x_wconf 85' lang='lat' dir='ltr'><strong>esset</strong></span> <span class='ocrx_word' id='word_1_164' title='bbox 589 2449 603 2474; x_wconf 94' lang='lat'><strong>,</strong></span> <span class='ocrx_word' id='word_1_165' title='bbox 635 2408 861 2478; x_wconf 84' lang='lat' dir='ltr'><strong>benigne</strong></span> <span class='ocrx_word' id='word_1_166' title='bbox 886 2423 948 2462; x_wconf 90' lang='lat' dir='ltr'><strong>ac</strong></span> <span class='ocrx_word' id='word_1_167' title='bbox 972 2408 1260 2463; x_wconf 88' lang='lat' dir='ltr'><strong>liberaliter</strong></span> <span class='ocrx_word' id='word_1_168' title='bbox 1283 2410 1493 2478; x_wconf 83' lang='lat' dir='ltr'><strong>excepit</strong></span> <span class='ocrx_word' id='word_1_169' title='bbox 1519 2426 1531 2462; x_wconf 90' lang='lat'>:</span> <span class='ocrx_word' id='word_1_170' title='bbox 1555 2407 1817 2478; x_wconf 88' lang='lat' dir='ltr'><strong>siquidem</strong></span> 
     </span>
    </p>
   </div>
   <div class='ocr_carea' id='block_1_24' title="bbox 221 2497 1818 2568">
    <p class='ocr_par' dir='ltr' id='par_1_24' title="bbox 221 2497 1818 2568">
     <span class='ocr_line' id='line_1_24' title="bbox 221 2497 1818 2568; baseline -0.001 -16"><span class='ocrx_word' id='word_1_171' title='bbox 221 2499 274 2552; x_wconf 93' lang='lat' dir='ltr'><strong>in</strong></span> <span class='ocrx_word' id='word_1_172' title='bbox 299 2498 550 2568; x_wconf 82' lang='lat' dir='ltr'><strong>paradiso</strong></span> <span class='ocrx_word' id='word_1_173' title='bbox 577 2499 786 2568; x_wconf 86' lang='lat' dir='ltr'><strong>lapsum</strong></span> <span class='ocrx_word' id='word_1_174' title='bbox 815 2513 955 2562; x_wconf 84' lang='lat' dir='ltr'><strong>esse,</strong></span> <span class='ocrx_word' id='word_1_175' title='bbox 982 2497 1034 2552; x_wconf 91' lang='lat' dir='ltr'><strong>id</strong></span> <span class='ocrx_word' id='word_1_176' title='bbox 1065 2513 1194 2552; x_wconf 88' lang='lat' dir='ltr'><strong>vero</strong></span> <span class='ocrx_word' id='word_1_177' title='bbox 1220 2509 1302 2553; x_wconf 91' lang='lat' dir='ltr'><strong>est</strong></span> <span class='ocrx_word' id='word_1_178' title='bbox 1331 2499 1383 2552; x_wconf 91' lang='lat' dir='ltr'><strong>in</strong></span> <span class='ocrx_word' id='word_1_179' title='bbox 1415 2506 1572 2568; x_wconf 88' lang='lat' dir='ltr'><strong>portu</strong></span> <span class='ocrx_word' id='word_1_180' title='bbox 1600 2497 1818 2552; x_wconf 87' lang='lat' dir='ltr'><strong>naufra-</strong></span> 
     </span>
    </p>
   </div>
   <div class='ocr_carea' id='block_1_25' title="bbox 218 2588 1816 2659">
    <p class='ocr_par' dir='ltr' id='par_1_25' title="bbox 218 2588 1816 2659">
     <span class='ocr_line' id='line_1_25' title="bbox 218 2588 1816 2659; baseline -0.001 -16"><span class='ocrx_word' id='word_1_181' title='bbox 218 2590 363 2659; x_wconf 84' lang='lat' dir='ltr'><strong>gium</strong></span> <span class='ocrx_word' id='word_1_182' title='bbox 393 2589 604 2644; x_wconf 84' lang='lat' dir='ltr'><strong>fecisse.</strong></span> <span class='ocrx_word' id='word_1_183' title='bbox 637 2589 771 2656; x_wconf 87' lang='lat' dir='ltr'><strong>Quid</strong></span> <span class='ocrx_word' id='word_1_184' title='bbox 815 2589 926 2643; x_wconf 79' lang='lat' dir='ltr'><strong>ita?</strong></span> <span class='ocrx_word' id='word_1_185' title='bbox 954 2588 1087 2654; x_wconf 87' lang='lat' dir='ltr'><strong>Quia</strong></span> <span class='ocrx_word' id='word_1_186' title='bbox 1130 2604 1251 2643; x_wconf 92' lang='lat' dir='ltr'><strong>cum</strong></span> <span class='ocrx_word' id='word_1_187' title='bbox 1296 2589 1532 2643; x_wconf 91' lang='lat' dir='ltr'><strong>nondum</strong></span> <span class='ocrx_word' id='word_1_188' title='bbox 1563 2588 1774 2643; x_wconf 82' lang='lat' dir='ltr'><strong>tristitia</strong></span> <span class='ocrx_word' id='word_1_189' title='bbox 1801 2629 1816 2653; x_wconf 90' lang='lat'><strong>,</strong></span> 
     </span>
    </p>
   </div>
   <div class='ocr_carea' id='block_1_26' title="bbox 224 2680 1821 2746">
    <p class='ocr_par' dir='ltr' id='par_1_26' title="bbox 224 2680 1821 2746">
     <span class='ocr_line' id='line_1_26' title="bbox 224 2680 1821 2746; baseline 0.001 -13"><span class='ocrx_word' id='word_1_190' title='bbox 224 2681 461 2734; x_wconf 92' lang='lat' dir='ltr'><strong>nondum</strong></span> <span class='ocrx_word' id='word_1_191' title='bbox 489 2680 790 2736; x_wconf 76' lang='lat' dir='ltr'><strong>sollicitudo</strong></span> <span class='ocrx_word' id='word_1_192' title='bbox 809 2720 826 2745; x_wconf 90' lang='lat'><strong>,</strong></span> <span class='ocrx_word' id='word_1_193' title='bbox 865 2695 964 2734; x_wconf 92' lang='lat' dir='ltr'><strong>nec</strong></span> <span class='ocrx_word' id='word_1_194' title='bbox 989 2680 1201 2735; x_wconf 87' lang='lat' dir='ltr'><strong>labores</strong></span> <span class='ocrx_word' id='word_1_195' title='bbox 1221 2722 1235 2746; x_wconf 98' lang='lat'><strong>,</strong></span> <span class='ocrx_word' id='word_1_196' title='bbox 1266 2695 1367 2735; x_wconf 91' lang='lat' dir='ltr'><strong>nec</strong></span> <span class='ocrx_word' id='word_1_197' title='bbox 1399 2697 1652 2734; x_wconf 65' lang='lat' dir='ltr'><strong>aerumna:</strong></span> <span class='ocrx_word' id='word_1_198' title='bbox 1673 2723 1687 2744; x_wconf 90' lang='lat'><strong>,</strong></span> <span class='ocrx_word' id='word_1_199' title='bbox 1721 2695 1821 2736; x_wconf 89' lang='lat' dir='ltr'><strong>nec</strong></span> 
     </span>
    </p>
   </div>
   <div class='ocr_carea' id='block_1_27' title="bbox 225 2772 1822 2828">
    <p class='ocr_par' dir='ltr' id='par_1_27' title="bbox 225 2772 1822 2828">
     <span class='ocr_line' id='line_1_27' title="bbox 225 2772 1822 2828; baseline 0.001 -3"><span class='ocrx_word' id='word_1_200' title='bbox 225 2772 492 2826; x_wconf 86' lang='lat' dir='ltr'><strong>innumeri</strong></span> <span class='ocrx_word' id='word_1_201' title='bbox 516 2773 710 2827; x_wconf 84' lang='lat' dir='ltr'><strong>fluctus</strong></span> <span class='ocrx_word' id='word_1_202' title='bbox 733 2772 1011 2827; x_wconf 87' lang='lat' dir='ltr'><strong>libidinum</strong></span> <span class='ocrx_word' id='word_1_203' title='bbox 1041 2772 1094 2826; x_wconf 93' lang='lat' dir='ltr'><strong>in</strong></span> <span class='ocrx_word' id='word_1_204' title='bbox 1127 2781 1367 2827; x_wconf 87' lang='lat' dir='ltr'><strong>naturam</strong></span> <span class='ocrx_word' id='word_1_205' title='bbox 1397 2782 1635 2828; x_wconf 89' lang='lat' dir='ltr'><strong>nostram</strong></span> <span class='ocrx_word' id='word_1_206' title='bbox 1665 2773 1822 2828; x_wconf 64' lang='lat' dir='ltr'><strong>saevi-</strong></span> 
     </span>
    </p>
   </div>
   <div class='ocr_carea' id='block_1_28' title="bbox 223 2863 1819 2934">
    <p class='ocr_par' dir='ltr' id='par_1_28' title="bbox 223 2863 1819 2934">
     <span class='ocr_line' id='line_1_28' title="bbox 223 2863 1819 2934; baseline 0.001 -17"><span class='ocrx_word' id='word_1_207' title='bbox 223 2872 378 2926; x_wconf 86' lang='lat' dir='ltr'><strong>rent,</strong></span> <span class='ocrx_word' id='word_1_208' title='bbox 411 2863 786 2932; x_wconf 81' lang='lat' dir='ltr'><strong>supplantatus</strong></span> <span class='ocrx_word' id='word_1_209' title='bbox 815 2871 898 2918; x_wconf 87' lang='lat' dir='ltr'><strong>est</strong></span> <span class='ocrx_word' id='word_1_210' title='bbox 926 2873 982 2918; x_wconf 91' lang='lat' dir='ltr'><strong>et</strong></span> <span class='ocrx_word' id='word_1_211' title='bbox 1011 2864 1229 2918; x_wconf 90' lang='lat' dir='ltr'><strong>corruit.</strong></span> <span class='ocrx_word' id='word_1_212' title='bbox 1274 2864 1342 2918; x_wconf 85' lang='lat' dir='ltr'><strong>Et</strong></span> <span class='ocrx_word' id='word_1_213' title='bbox 1370 2865 1819 2934; x_wconf 90' lang='lat' dir='ltr'><strong>quemadmodum</strong></span> 
     </span>
    </p>
   </div>
   <div class='ocr_carea' id='block_1_29' title="bbox 223 2953 1821 3030">
    <p class='ocr_par' dir='ltr' id='par_1_29' title="bbox 223 2953 1821 3030">
     <span class='ocr_line' id='line_1_29' title="bbox 223 2953 1821 3030; baseline 0.001 -24"><span class='ocrx_word' id='word_1_214' title='bbox 223 2953 316 3022; x_wconf 83' lang='lat' dir='ltr'><strong>qui</strong></span> <span class='ocrx_word' id='word_1_215' title='bbox 342 2954 395 3007; x_wconf 93' lang='lat' dir='ltr'><strong>in</strong></span> <span class='ocrx_word' id='word_1_216' title='bbox 427 2953 562 3007; x_wconf 89' lang='lat' dir='ltr'><strong>mari</strong></span> <span class='ocrx_word' id='word_1_217' title='bbox 591 2953 844 3030; x_wconf 68' lang='lat' dir='ltr'><strong>navigapt</strong></span> <span class='ocrx_word' id='word_1_218' title='bbox 883 2954 1112 3008; x_wconf 86' lang='lat' dir='ltr'><strong>malefici</strong></span> <span class='ocrx_word' id='word_1_219' title='bbox 1142 2953 1386 3008; x_wconf 87' lang='lat' dir='ltr'><strong>homines</strong></span> <span class='ocrx_word' id='word_1_220' title='bbox 1410 2996 1424 3018; x_wconf 94' lang='lat'><strong>,</strong></span> <span class='ocrx_word' id='word_1_221' title='bbox 1456 2956 1650 3022; x_wconf 76' lang='lat' dir='ltr'><strong>exiguo</strong></span> <span class='ocrx_word' id='word_1_222' title='bbox 1680 2956 1821 3009; x_wconf 87' lang='lat' dir='ltr'><strong>ferro</strong></span> 
     </span>
    </p>
   </div>
   <div class='ocr_carea' id='block_1_30' title="bbox 225 3033 1822 3116">
    <p class='ocr_par' dir='ltr' id='par_1_30' title="bbox 225 3033 1822 3116">
     <span class='ocr_line' id='line_1_30' title="bbox 225 3033 1822 3116; baseline 0 -18"><span class='ocrx_word' id='word_1_223' title='bbox 225 3045 403 3098; x_wconf 91' lang='lat' dir='ltr'><strong>navim</strong></span> <span class='ocrx_word' id='word_1_224' title='bbox 435 3059 580 3114; x_wconf 67' lang='lat' dir='ltr'><strong>saepe</strong></span> <span class='ocrx_word' id='word_1_225' title='bbox 611 3033 975 3114; x_wconf 61' lang='lat' dir='ltr'><strong>pertinentes,</strong></span> <span class='ocrx_word' id='word_1_226' title='bbox 1002 3053 1171 3098; x_wconf 90' lang='lat' dir='ltr'><strong>totum</strong></span> <span class='ocrx_word' id='word_1_227' title='bbox 1203 3060 1350 3100; x_wconf 88' lang='lat' dir='ltr'><strong>mare</strong></span> <span class='ocrx_word' id='word_1_228' title='bbox 1380 3048 1431 3100; x_wconf 92' lang='lat' dir='ltr'><strong>in</strong></span> <span class='ocrx_word' id='word_1_229' title='bbox 1458 3045 1724 3116; x_wconf 82' lang='lat' dir='ltr'><strong>navigium</strong></span> <span class='ocrx_word' id='word_1_230' title='bbox 1756 3045 1822 3098; x_wconf 92' lang='lat' dir='ltr'><strong>ab</strong></span> 
     </span>
    </p>
   </div>
   <div class='ocr_carea' id='block_1_31' title="bbox 228 3133 1819 3203">
    <p class='ocr_par' dir='ltr' id='par_1_31' title="bbox 228 3133 1819 3203">
     <span class='ocr_line' id='line_1_31' title="bbox 228 3133 1819 3203; baseline 0 -15"><span class='ocrx_word' id='word_1_231' title='bbox 228 3135 472 3189; x_wconf 87' lang='lat' dir='ltr'><strong>infcriori</strong></span> <span class='ocrx_word' id='word_1_232' title='bbox 520 3144 670 3203; x_wconf 82' lang='lat' dir='ltr'><strong>parte</strong></span> <span class='ocrx_word' id='word_1_233' title='bbox 722 3133 1016 3189; x_wconf 85' lang='lat' dir='ltr'><strong>immittunt</strong></span> <span class='ocrx_word' id='word_1_234' title='bbox 1059 3152 1072 3188; x_wconf 90' lang='lat'>:</span> <span class='ocrx_word' id='word_1_235' title='bbox 1114 3136 1192 3189; x_wconf 88' lang='lat' dir='ltr'><strong>sic</strong></span> <span class='ocrx_word' id='word_1_236' title='bbox 1244 3135 1497 3190; x_wconf 90' lang='lat' dir='ltr'><strong>nimirum</strong></span> <span class='ocrx_word' id='word_1_237' title='bbox 1553 3144 1607 3189; x_wconf 94' lang='lat' dir='ltr'><strong>et</strong></span> <span class='ocrx_word' id='word_1_238' title='bbox 1646 3136 1819 3188; x_wconf 84' lang='lat' dir='ltr'><strong>navim</strong></span> 
     </span>
    </p>
   </div>
   <div class='ocr_carea' id='block_1_32' title="bbox 226 3227 1823 3292">
    <p class='ocr_par' dir='ltr' id='par_1_32' title="bbox 226 3227 1823 3292">
     <span class='ocr_line' id='line_1_32' title="bbox 226 3227 1823 3292; baseline -0.001 -10"><span class='ocrx_word' id='word_1_239' title='bbox 226 3227 420 3282; x_wconf 77' lang='lat' dir='ltr'><strong>Adami</strong></span> <span class='ocrx_word' id='word_1_240' title='bbox 451 3243 573 3282; x_wconf 89' lang='lat' dir='ltr'><strong>cum</strong></span> <span class='ocrx_word' id='word_1_241' title='bbox 604 3228 808 3282; x_wconf 85' lang='lat' dir='ltr'><strong>videret</strong></span> <span class='ocrx_word' id='word_1_242' title='bbox 833 3227 1101 3292; x_wconf 90' lang='lat' dir='ltr'><strong>diabolus,</strong></span> <span class='ocrx_word' id='word_1_243' title='bbox 1134 3227 1238 3282; x_wconf 88' lang='lat' dir='ltr'><strong>hoc</strong></span> <span class='ocrx_word' id='word_1_244' title='bbox 1266 3236 1348 3282; x_wconf 93' lang='lat' dir='ltr'><strong>est</strong></span> <span class='ocrx_word' id='word_1_245' title='bbox 1376 3229 1609 3280; x_wconf 89' lang='lat' dir='ltr'><strong>animam</strong></span> <span class='ocrx_word' id='word_1_246' title='bbox 1643 3227 1823 3281; x_wconf 90' lang='lat' dir='ltr'><strong>multis</strong></span> 
     </span>
    </p>
   </div>
   <div class='ocr_carea' id='block_1_33' title="bbox 223 3317 1824 3389">
    <p class='ocr_par' dir='ltr' id='par_1_33' title="bbox 223 3317 1824 3389">
     <span class='ocr_line' id='line_1_33' title="bbox 223 3317 1824 3389; baseline -0.003 -13"><span class='ocrx_word' id='word_1_247' title='bbox 223 3321 480 3376; x_wconf 79' lang='lat' dir='ltr'><strong>refertam</strong></span> <span class='ocrx_word' id='word_1_248' title='bbox 512 3323 702 3387; x_wconf 89' lang='lat' dir='ltr'><strong>bonis,</strong></span> <span class='ocrx_word' id='word_1_249' title='bbox 746 3322 1005 3376; x_wconf 89' lang='lat' dir='ltr'><strong>accedens</strong></span> <span class='ocrx_word' id='word_1_250' title='bbox 1046 3330 1313 3389; x_wconf 89' lang='lat' dir='ltr'><strong>tamquam</strong></span> <span class='ocrx_word' id='word_1_251' title='bbox 1355 3318 1563 3373; x_wconf 81' lang='lat' dir='ltr'><strong>minuto</strong></span> <span class='ocrx_word' id='word_1_252' title='bbox 1593 3317 1824 3386; x_wconf 82' lang='lat' dir='ltr'><strong>quodam</strong></span> 
     </span>
    </p>
   </div>
   <div class='ocr_carea' id='block_1_34' title="bbox 224 3407 1825 3482">
    <p class='ocr_par' dir='ltr' id='par_1_34' title="bbox 224 3407 1825 3482">
     <span class='ocr_line' id='line_1_34' title="bbox 224 3407 1825 3482; baseline -0.001 -17"><span class='ocrx_word' id='word_1_253' title='bbox 224 3411 368 3467; x_wconf 85' lang='lat' dir='ltr'><strong>ferro</strong></span> <span class='ocrx_word' id='word_1_254' title='bbox 410 3413 638 3481; x_wconf 91' lang='lat' dir='ltr'><strong>simplici</strong></span> <span class='ocrx_word' id='word_1_255' title='bbox 670 3428 800 3467; x_wconf 90' lang='lat' dir='ltr'><strong>voce</strong></span> <span class='ocrx_word' id='word_1_256' title='bbox 845 3411 1169 3482; x_wconf 85' lang='lat' dir='ltr'><strong>perforavit,</strong></span> <span class='ocrx_word' id='word_1_257' title='bbox 1211 3420 1267 3466; x_wconf 91' lang='lat' dir='ltr'><strong>et</strong></span> <span class='ocrx_word' id='word_1_258' title='bbox 1309 3424 1495 3464; x_wconf 89' lang='lat' dir='ltr'><strong>omnes</strong></span> <span class='ocrx_word' id='word_1_259' title='bbox 1534 3407 1651 3478; x_wconf 87' lang='lat' dir='ltr'><strong>ejus</strong></span> <span class='ocrx_word' id='word_1_260' title='bbox 1693 3423 1825 3478; x_wconf 71' lang='lat' dir='ltr'><strong>opes</strong></span> 
     </span>
    </p>
   </div>
   <div class='ocr_carea' id='block_1_35' title="bbox 225 3501 1825 3575">
    <p class='ocr_par' dir='ltr' id='par_1_35' title="bbox 225 3501 1825 3575">
     <span class='ocr_line' id='line_1_35' title="bbox 225 3501 1825 3575; baseline -0.002 -19"><span class='ocrx_word' id='word_1_261' title='bbox 225 3503 512 3566; x_wconf 89' lang='lat' dir='ltr'><strong>exhausit,</strong></span> <span class='ocrx_word' id='word_1_262' title='bbox 549 3504 823 3573; x_wconf 86' lang='lat' dir='ltr'><strong>ipsamque</strong></span> <span class='ocrx_word' id='word_1_263' title='bbox 848 3504 1094 3575; x_wconf 84' lang='lat' dir='ltr'><strong>cymbam</strong></span> <span class='ocrx_word' id='word_1_264' title='bbox 1123 3503 1431 3558; x_wconf 87' lang='lat' dir='ltr'><strong>submersit.</strong></span> <span class='ocrx_word' id='word_1_265' title='bbox 1473 3503 1542 3554; x_wconf 79' lang='lat' dir='ltr'><strong>At</strong></span> <span class='ocrx_word' id='word_1_266' title='bbox 1574 3501 1713 3556; x_wconf 89' lang='lat' dir='ltr'><strong>Deus</strong></span> <span class='ocrx_word' id='word_1_267' title='bbox 1742 3501 1825 3554; x_wconf 74' lang='lat' dir='ltr'><strong>cf.</strong></span> 
     </span>
    </p>
   </div>
   <div class='ocr_carea' id='block_1_36' title="bbox 225 3592 1824 3664">
    <p class='ocr_par' dir='ltr' id='par_1_36' title="bbox 225 3592 1824 3664">
     <span class='ocr_line' id='line_1_36' title="bbox 225 3592 1824 3664; baseline 0 -17"><span class='ocrx_word' id='word_1_268' title='bbox 225 3592 389 3659; x_wconf 91' lang='lat' dir='ltr'><strong>fecit,</strong></span> <span class='ocrx_word' id='word_1_269' title='bbox 421 3603 480 3648; x_wconf 90' lang='lat' dir='ltr'><strong>ut</strong></span> <span class='ocrx_word' id='word_1_270' title='bbox 522 3594 726 3650; x_wconf 89' lang='lat' dir='ltr'><strong>lucrum</strong></span> <span class='ocrx_word' id='word_1_271' title='bbox 764 3596 962 3649; x_wconf 89' lang='lat' dir='ltr'><strong>damno</strong></span> <span class='ocrx_word' id='word_1_272' title='bbox 989 3595 1159 3664; x_wconf 82' lang='lat' dir='ltr'><strong>majus</strong></span> <span class='ocrx_word' id='word_1_273' title='bbox 1187 3605 1364 3660; x_wconf 91' lang='lat' dir='ltr'><strong>esset,</strong></span> <span class='ocrx_word' id='word_1_274' title='bbox 1398 3604 1450 3649; x_wconf 92' lang='lat' dir='ltr'><strong>et</strong></span> <span class='ocrx_word' id='word_1_275' title='bbox 1478 3593 1545 3648; x_wconf 86' lang='lat' dir='ltr'><strong>ad</strong></span> <span class='ocrx_word' id='word_1_276' title='bbox 1575 3595 1824 3647; x_wconf 87' lang='lat' dir='ltr'><strong>thronum</strong></span> 
     </span>
    </p>
   </div>
   <div class='ocr_carea' id='block_1_37' title="bbox 226 3685 1826 3755">
    <p class='ocr_par' dir='ltr' id='par_1_37' title="bbox 226 3685 1826 3755">
     <span class='ocr_line' id='line_1_37' title="bbox 226 3685 1826 3755; baseline -0.001 -15"><span class='ocrx_word' id='word_1_277' title='bbox 226 3686 435 3755; x_wconf 87' lang='lat' dir='ltr'><strong>regium</strong></span> <span class='ocrx_word' id='word_1_278' title='bbox 487 3695 730 3740; x_wconf 88' lang='lat' dir='ltr'><strong>naturam</strong></span> <span class='ocrx_word' id='word_1_279' title='bbox 784 3696 1018 3742; x_wconf 88' lang='lat' dir='ltr'><strong>nostram</strong></span> <span class='ocrx_word' id='word_1_280' title='bbox 1062 3686 1272 3741; x_wconf 79' lang='lat' dir='ltr'><strong>extulit.</strong></span> <span class='ocrx_word' id='word_1_281' title='bbox 1317 3685 1579 3753; x_wconf 85' lang='lat' dir='ltr'><strong>Quocirca</strong></span> <span class='ocrx_word' id='word_1_282' title='bbox 1630 3685 1826 3739; x_wconf 87' lang='lat' dir='ltr'><strong>Paulus</strong></span> 
     </span>
    </p>
   </div>
   <div class='ocr_carea' id='block_1_38' title="bbox 225 3775 1826 3842">
    <p class='ocr_par' dir='ltr' id='par_1_38' title="bbox 225 3775 1826 3842">
     <span class='ocr_line' id='line_1_38' title="bbox 225 3775 1826 3842; baseline 0 -12"><span class='ocrx_word' id='word_1_283' title='bbox 225 3777 388 3831; x_wconf 85' lang='lat' dir='ltr'><strong>etiam</strong></span> <span class='ocrx_word' id='word_1_284' title='bbox 418 3777 616 3831; x_wconf 88' lang='lat' dir='ltr'><strong>clamat</strong></span> <span class='ocrx_word' id='word_1_285' title='bbox 639 3777 826 3832; x_wconf 87' lang='lat' dir='ltr'><strong>dicens</strong></span> <span class='ocrx_word' id='word_1_286' title='bbox 855 3795 867 3830; x_wconf 92' lang='lat'>:</span> <span class='ocrx_word' id='word_1_287' title='bbox 898 3775 1341 3842; x_wconf 82' lang='lat' dir='ltr'><strong>Conresuscitaoit,</strong></span> <span class='ocrx_word' id='word_1_288' title='bbox 1369 3787 1415 3830; x_wconf 89' lang='lat' dir='ltr'><strong>ct</strong></span> <span class='ocrx_word' id='word_1_289' title='bbox 1435 3777 1706 3831; x_wconf 84' lang='lat' dir='ltr'><strong>comedere</strong></span> <span class='ocrx_word' id='word_1_290' title='bbox 1735 3793 1826 3830; x_wconf 82' lang='lat' dir='ltr'><strong>nos</strong></span> 
     </span>
    </p>
   </div>
   <div class='ocr_carea' id='block_1_39' title="bbox 235 3867 1828 3938">
    <p class='ocr_par' dir='ltr' id='par_1_39' title="bbox 235 3867 1828 3938">
     <span class='ocr_line' id='line_1_39' title="bbox 235 3867 1828 3938; baseline 0.001 -18"><span class='ocrx_word' id='word_1_291' title='bbox 235 3868 352 3938; x_wconf 78' lang='lat' dir='ltr'><strong>fecit</strong></span> <span class='ocrx_word' id='word_1_292' title='bbox 381 3869 434 3922; x_wconf 88' lang='lat' dir='ltr'><strong>in</strong></span> <span class='ocrx_word' id='word_1_293' title='bbox 477 3869 684 3922; x_wconf 68' lang='lat' dir='ltr'><strong>dextera</strong></span> <span class='ocrx_word' id='word_1_294' title='bbox 709 3886 803 3923; x_wconf 84' lang='lat' dir='ltr'><strong>sua</strong></span> <span class='ocrx_word' id='word_1_295' title='bbox 840 3871 892 3922; x_wconf 87' lang='lat' dir='ltr'><strong>in</strong></span> <span class='ocrx_word' id='word_1_296' title='bbox 920 3870 1196 3923; x_wconf 70' lang='lat' dir='ltr'><strong>cazlestibus</strong></span> <span class='ocrx_word' id='word_1_297' title='bbox 1220 3911 1233 3931; x_wconf 93' lang='lat'><strong>,</strong></span> <span class='ocrx_word' id='word_1_298' title='bbox 1265 3879 1318 3921; x_wconf 87' lang='lat' dir='ltr'><strong>ut</strong></span> <span class='ocrx_word' id='word_1_299' title='bbox 1347 3867 1628 3923; x_wconf 82' lang='lat' dir='ltr'><strong>ostenderet</strong></span> <span class='ocrx_word' id='word_1_300' title='bbox 1654 3868 1706 3920; x_wconf 85' lang='lat' dir='ltr'><strong>in</strong></span> <span class='ocrx_word' id='word_1_301' title='bbox 1732 3883 1828 3922; x_wconf 67' lang='grc' dir='ltr'><strong>δαν-</strong></span> 
     </span>
    </p>
   </div>
   <div class='ocr_carea' id='block_1_40' title="bbox 231 3958 1828 4029">
    <p class='ocr_par' dir='ltr' id='par_1_40' title="bbox 231 3958 1828 4029">
     <span class='ocr_line' id='line_1_40' title="bbox 231 3958 1828 4029; baseline -0.002 -16"><span class='ocrx_word' id='word_1_302' title='bbox 231 3961 360 4013; x_wconf 80' lang='lat' dir='ltr'><strong>rulis</strong></span> <span class='ocrx_word' id='word_1_303' title='bbox 380 3961 840 4029; x_wconf 77' lang='lat' dir='ltr'><strong>supervenientibus</strong></span> <span class='ocrx_word' id='word_1_304' title='bbox 866 3959 1182 4012; x_wconf 82' lang='lat' dir='ltr'><strong>abundantes</strong></span> <span class='ocrx_word' id='word_1_305' title='bbox 1207 3959 1406 4012; x_wconf 81' lang='lat' dir='ltr'><strong>divitias</strong></span> <span class='ocrx_word' id='word_1_306' title='bbox 1430 3958 1608 4026; x_wconf 70' lang='lat' dir='ltr'><strong>gratia:</strong></span> <span class='ocrx_word' id='word_1_307' title='bbox 1627 3973 1751 4018; x_wconf 72' lang='lat' dir='ltr'><strong>aute,</strong></span> <span class='ocrx_word' id='word_1_308' title='bbox 1775 3958 1828 4010; x_wconf 83' lang='lat' dir='ltr'><strong>in</strong></span> 
     </span>
    </p>
   </div>
   <div class='ocr_carea' id='block_1_41' title="bbox 229 4047 1829 4123">
    <p class='ocr_par' dir='ltr' id='par_1_41' title="bbox 229 4047 1829 4123">
     <span class='ocr_line' id='line_1_41' title="bbox 229 4047 1829 4123; baseline 0 -21"><span class='ocrx_word' id='word_1_309' title='bbox 229 4051 457 4104; x_wconf 77' lang='lat' dir='ltr'><strong>bonitate</strong></span> <span class='ocrx_word' id='word_1_310' title='bbox 483 4067 637 4119; x_wconf 73' lang='lat' dir='ltr'><strong>super,</strong></span> <span class='ocrx_word' id='word_1_311' title='bbox 659 4067 751 4105; x_wconf 84' lang='lat' dir='ltr'><strong>nos</strong></span> <span class='ocrx_word' id='word_1_312' title='bbox 777 4049 797 4123; x_wconf 91' lang='lat'>(</span> <span class='ocrx_word' id='word_1_313' title='bbox 815 4050 1004 4121; x_wconf 81' lang='lat' dir='ltr'><strong>Ephes.</strong></span> <span class='ocrx_word' id='word_1_314' title='bbox 1033 4050 1088 4103; x_wconf 69' lang='lat'><strong>2.</strong></span> <span class='ocrx_word' id='word_1_315' title='bbox 1119 4051 1169 4103; x_wconf 81' lang='lat'><strong>6.</strong></span> <span class='ocrx_word' id='word_1_316' title='bbox 1199 4047 1282 4119; x_wconf 86' lang='lat'><strong>7).</strong></span> <span class='ocrx_word' id='word_1_317' title='bbox 1312 4048 1445 4116; x_wconf 88' lang='lat' dir='ltr'><strong>Quid</strong></span> <span class='ocrx_word' id='word_1_318' title='bbox 1474 4048 1716 4116; x_wconf 84' lang='lat' dir='ltr'><strong>ais?jam</strong></span> <span class='ocrx_word' id='word_1_319' title='bbox 1742 4063 1829 4102; x_wconf 88' lang='lat' dir='ltr'><strong>res</strong></span> 
     </span>
    </p>
   </div>
   <div class='ocr_carea' id='block_1_42' title="bbox 230 4139 1830 4206">
    <p class='ocr_par' dir='ltr' id='par_1_42' title="bbox 230 4139 1830 4206">
     <span class='ocr_line' id='line_1_42' title="bbox 230 4139 1830 4206; baseline -0.004 -11"><span class='ocrx_word' id='word_1_320' title='bbox 230 4142 412 4196; x_wconf 84' lang='lat' dir='ltr'><strong>evenit</strong></span> <span class='ocrx_word' id='word_1_321' title='bbox 438 4150 493 4195; x_wconf 89' lang='lat' dir='ltr'><strong>et</strong></span> <span class='ocrx_word' id='word_1_322' title='bbox 519 4140 676 4195; x_wconf 80' lang='lat' dir='ltr'><strong>linem</strong></span> <span class='ocrx_word' id='word_1_323' title='bbox 709 4141 889 4206; x_wconf 81' lang='lat' dir='ltr'><strong>habet,</strong></span> <span class='ocrx_word' id='word_1_324' title='bbox 917 4151 971 4195; x_wconf 90' lang='lat' dir='ltr'><strong>et</strong></span> <span class='ocrx_word' id='word_1_325' title='bbox 995 4141 1129 4195; x_wconf 90' lang='lat' dir='ltr'><strong>dicis</strong></span> <span class='ocrx_word' id='word_1_326' title='bbox 1156 4158 1169 4193; x_wconf 91' lang='lat'><strong>:</strong></span> <span class='ocrx_word' id='word_1_327' title='bbox 1199 4139 1263 4194; x_wconf 88' lang='lat' dir='ltr'><strong>Ut</strong></span> <span class='ocrx_word' id='word_1_328' title='bbox 1294 4139 1572 4192; x_wconf 85' lang='lat' dir='ltr'><strong>ostenderet</strong></span> <span class='ocrx_word' id='word_1_329' title='bbox 1599 4139 1652 4190; x_wconf 85' lang='lat' dir='ltr'><strong>in</strong></span> <span class='ocrx_word' id='word_1_330' title='bbox 1672 4153 1830 4190; x_wconf 63' lang='lat' dir='ltr'><strong>sarcu-</strong></span> 
     </span>
    </p>
   </div>
   <div class='ocr_carea' id='block_1_43' title="bbox 233 4228 1829 4300">
    <p class='ocr_par' dir='ltr' id='par_1_43' title="bbox 233 4228 1829 4300">
     <span class='ocr_line' id='line_1_43' title="bbox 233 4228 1829 4300; baseline -0.003 -16"><span class='ocrx_word' id='word_1_331' title='bbox 233 4231 297 4284; x_wconf 78' lang='lat' dir='ltr'><strong>lis</strong></span> <span class='ocrx_word' id='word_1_332' title='bbox 334 4231 836 4300; x_wconf 76' lang='lat' dir='ltr'><strong>superuenientibus?</strong></span> <span class='ocrx_word' id='word_1_333' title='bbox 862 4246 1038 4285; x_wconf 86' lang='lat' dir='ltr'><strong>annon</strong></span> <span class='ocrx_word' id='word_1_334' title='bbox 1078 4232 1219 4286; x_wconf 92' lang='lat' dir='ltr'><strong>enim</strong></span> <span class='ocrx_word' id='word_1_335' title='bbox 1260 4229 1534 4283; x_wconf 88' lang='lat' dir='ltr'><strong>ostendit?</strong></span> <span class='ocrx_word' id='word_1_336' title='bbox 1560 4228 1676 4283; x_wconf 83' lang='lat' dir='ltr'><strong>Jam</strong></span> <span class='ocrx_word' id='word_1_337' title='bbox 1709 4228 1829 4296; x_wconf 59' lang='lat' dir='ltr'><strong>qui-</strong></span> 
     </span>
    </p>
   </div>
   <div class='ocr_carea' id='block_1_44' title="bbox 233 4319 1831 4386">
    <p class='ocr_par' dir='ltr' id='par_1_44' title="bbox 233 4319 1831 4386">
     <span class='ocr_line' id='line_1_44' title="bbox 233 4319 1831 4386; baseline -0.003 -12"><span class='ocrx_word' id='word_1_338' title='bbox 233 4321 356 4374; x_wconf 86' lang='lat' dir='ltr'><strong>dem</strong></span> <span class='ocrx_word' id='word_1_339' title='bbox 383 4321 657 4386; x_wconf 89' lang='lat' dir='ltr'><strong>ostendit,</strong></span> <span class='ocrx_word' id='word_1_340' title='bbox 689 4323 782 4377; x_wconf 89' lang='lat' dir='ltr'><strong>sed</strong></span> <span class='ocrx_word' id='word_1_341' title='bbox 815 4337 920 4376; x_wconf 92' lang='lat' dir='ltr'><strong>non</strong></span> <span class='ocrx_word' id='word_1_342' title='bbox 951 4322 1199 4376; x_wconf 91' lang='lat' dir='ltr'><strong>omnibus</strong></span> <span class='ocrx_word' id='word_1_343' title='bbox 1238 4320 1540 4374; x_wconf 89' lang='lat' dir='ltr'><strong>hominibus</strong></span> <span class='ocrx_word' id='word_1_344' title='bbox 1563 4362 1576 4383; x_wconf 95' lang='lat'><strong>,</strong></span> <span class='ocrx_word' id='word_1_345' title='bbox 1607 4327 1661 4371; x_wconf 88' lang='lat' dir='ltr'><strong>at</strong></span> <span class='ocrx_word' id='word_1_346' title='bbox 1702 4319 1831 4371; x_wconf 89' lang='lat' dir='ltr'><strong>mihi</strong></span> 
     </span>
    </p>
   </div>
   <div class='ocr_carea' id='block_1_45' title="bbox 234 4408 1829 4480">
    <p class='ocr_par' dir='ltr' id='par_1_45' title="bbox 234 4408 1829 4480">
     <span class='ocr_line' id='line_1_45' title="bbox 234 4408 1829 4480; baseline -0.001 -17"><span class='ocrx_word' id='word_1_347' title='bbox 234 4413 326 4480; x_wconf 88' lang='lat' dir='ltr'><strong>qui</strong></span> <span class='ocrx_word' id='word_1_348' title='bbox 357 4426 476 4465; x_wconf 91' lang='lat' dir='ltr'><strong>sum</strong></span> <span class='ocrx_word' id='word_1_349' title='bbox 509 4411 680 4466; x_wconf 79' lang='lat' dir='ltr'><strong>ﬁdelis</strong></span> <span class='ocrx_word' id='word_1_350' title='bbox 721 4430 735 4465; x_wconf 90' lang='lat'><strong>:</strong></span> <span class='ocrx_word' id='word_1_351' title='bbox 777 4413 1006 4466; x_wconf 84' lang='lat' dir='ltr'><strong>infidelis</strong></span> <span class='ocrx_word' id='word_1_352' title='bbox 1043 4423 1217 4466; x_wconf 89' lang='lat' dir='ltr'><strong>autem</strong></span> <span class='ocrx_word' id='word_1_353' title='bbox 1250 4411 1563 4464; x_wconf 83' lang='lat' dir='ltr'><strong>miraculum</strong></span> <span class='ocrx_word' id='word_1_354' title='bbox 1597 4408 1829 4462; x_wconf 89' lang='lat' dir='ltr'><strong>nondum</strong></span> 
     </span>
    </p>
   </div>
   <div class='ocr_carea' id='block_1_46' title="bbox 239 4501 1833 4558">
    <p class='ocr_par' dir='ltr' id='par_1_46' title="bbox 239 4501 1833 4558">
     <span class='ocr_line' id='line_1_46' title="bbox 239 4501 1833 4558; baseline -0.002 -3"><span class='ocrx_word' id='word_1_355' title='bbox 239 4503 392 4556; x_wconf 87' lang='lat' dir='ltr'><strong>vidit.</strong></span> <span class='ocrx_word' id='word_1_356' title='bbox 427 4502 561 4556; x_wconf 89' lang='lat' dir='ltr'><strong>Tum</strong></span> <span class='ocrx_word' id='word_1_357' title='bbox 587 4518 714 4558; x_wconf 89' lang='lat' dir='ltr'><strong>vero</strong></span> <span class='ocrx_word' id='word_1_358' title='bbox 744 4503 832 4556; x_wconf 92' lang='lat' dir='ltr'><strong>illo</strong></span> <span class='ocrx_word' id='word_1_359' title='bbox 858 4503 944 4556; x_wconf 89' lang='lat' dir='ltr'><strong>die</strong></span> <span class='ocrx_word' id='word_1_360' title='bbox 973 4512 1155 4557; x_wconf 91' lang='lat' dir='ltr'><strong>natura</strong></span> <span class='ocrx_word' id='word_1_361' title='bbox 1185 4503 1359 4556; x_wconf 91' lang='lat' dir='ltr'><strong>omnis</strong></span> <span class='ocrx_word' id='word_1_362' title='bbox 1387 4501 1616 4554; x_wconf 89' lang='lat' dir='ltr'><strong>humana</strong></span> <span class='ocrx_word' id='word_1_363' title='bbox 1643 4501 1692 4553; x_wconf 95' lang='lat' dir='ltr'><strong>in</strong></span> <span class='ocrx_word' id='word_1_364' title='bbox 1722 4514 1833 4552; x_wconf 88' lang='lat' dir='ltr'><strong>mc-</strong></span> 
     </span>
    </p>
   </div>
   <div class='ocr_carea' id='block_1_47' title="bbox 237 4593 1833 4665">
    <p class='ocr_par' dir='ltr' id='par_1_47' title="bbox 237 4593 1833 4665">
     <span class='ocr_line' id='line_1_47' title="bbox 237 4593 1833 4665; baseline -0.004 -14"><span class='ocrx_word' id='word_1_365' title='bbox 237 4595 386 4651; x_wconf 90' lang='lat' dir='ltr'><strong>dium</strong></span> <span class='ocrx_word' id='word_1_366' title='bbox 419 4609 714 4665; x_wconf 80' lang='lat' dir='ltr'><strong>progressa,</strong></span> <span class='ocrx_word' id='word_1_367' title='bbox 746 4595 885 4664; x_wconf 91' lang='lat' dir='ltr'><strong>quod</strong></span> <span class='ocrx_word' id='word_1_368' title='bbox 912 4596 1001 4649; x_wconf 84' lang='lat' dir='ltr'><strong>fiet</strong></span> <span class='ocrx_word' id='word_1_369' title='bbox 1027 4595 1392 4658; x_wconf 88' lang='lat' dir='ltr'><strong>admirahitur,</strong></span> <span class='ocrx_word' id='word_1_370' title='bbox 1421 4593 1684 4660; x_wconf 71' lang='lat' dir='ltr'><strong>prmcipue</strong></span> <span class='ocrx_word' id='word_1_371' title='bbox 1705 4606 1833 4645; x_wconf 84' lang='lat' dir='ltr'><strong>vero</strong></span> 
     </span>
    </p>
   </div>
   <div class='ocr_carea' id='block_1_48' title="bbox 239 4681 1831 4745">
    <p class='ocr_par' dir='ltr' id='par_1_48' title="bbox 239 4681 1831 4745">
     <span class='ocr_line' id='line_1_48' title="bbox 239 4681 1831 4745; baseline -0.004 -5"><span class='ocrx_word' id='word_1_372' title='bbox 239 4687 395 4741; x_wconf 89' lang='lat' dir='ltr'><strong>nobis</strong></span> <span class='ocrx_word' id='word_1_373' title='bbox 416 4686 576 4740; x_wconf 89' lang='lat' dir='ltr'><strong>etiam</strong></span> <span class='ocrx_word' id='word_1_374' title='bbox 602 4695 709 4738; x_wconf 89' lang='lat' dir='ltr'><strong>tum</strong></span> <span class='ocrx_word' id='word_1_375' title='bbox 739 4685 1068 4739; x_wconf 88' lang='lat' dir='ltr'><strong>manifestius</strong></span> <span class='ocrx_word' id='word_1_376' title='bbox 1093 4686 1213 4739; x_wconf 90' lang='lat' dir='ltr'><strong>erit.</strong></span> <span class='ocrx_word' id='word_1_377' title='bbox 1244 4684 1357 4737; x_wconf 85' lang='lat' dir='ltr'><strong>Jatn</strong></span> <span class='ocrx_word' id='word_1_378' title='bbox 1381 4684 1519 4736; x_wconf 90' lang='lat' dir='ltr'><strong>enim</strong></span> <span class='ocrx_word' id='word_1_379' title='bbox 1543 4681 1831 4745; x_wconf 87' lang='lat' dir='ltr'><strong>credimus,</strong></span> 
     </span>
    </p>
   </div>
   <div class='ocr_carea' id='block_1_49' title="bbox 239 4761 1830 4845">
    <p class='ocr_par' dir='ltr' id='par_1_49' title="bbox 239 4761 1830 4845">
     <span class='ocr_line' id='line_1_49' title="bbox 239 4761 1830 4845; baseline -0.005 -12"><span class='ocrx_word' id='word_1_380' title='bbox 239 4777 334 4833; x_wconf 74' lang='lat' dir='ltr'><strong>sed</strong></span> <span class='ocrx_word' id='word_1_381' title='bbox 361 4792 468 4831; x_wconf 93' lang='lat' dir='ltr'><strong>non</strong></span> <span class='ocrx_word' id='word_1_382' title='bbox 487 4792 554 4830; x_wconf 84' lang='lat' dir='ltr'><strong>ex</strong></span> <span class='ocrx_word' id='word_1_383' title='bbox 577 4791 729 4845; x_wconf 83' lang='lat' dir='ltr'><strong>aequo</strong></span> <span class='ocrx_word' id='word_1_384' title='bbox 752 4761 1062 4830; x_wconf 75' lang='lat' dir='ltr'><strong>miraculum</strong></span> <span class='ocrx_word' id='word_1_385' title='bbox 1085 4777 1331 4844; x_wconf 79' lang='lat' dir='ltr'><strong>exprimit</strong></span> <span class='ocrx_word' id='word_1_386' title='bbox 1354 4775 1564 4829; x_wconf 89' lang='lat' dir='ltr'><strong>auditus</strong></span> <span class='ocrx_word' id='word_1_387' title='bbox 1585 4785 1638 4828; x_wconf 90' lang='lat' dir='ltr'><strong>et</strong></span> <span class='ocrx_word' id='word_1_388' title='bbox 1655 4775 1830 4827; x_wconf 88' lang='lat' dir='ltr'><strong>visus:</strong></span> 
     </span>
    </p>
   </div>
   <div class='ocr_carea' id='block_1_50' title="bbox 242 4866 1837 4942">
    <p class='ocr_par' dir='ltr' id='par_1_50' title="bbox 242 4866 1837 4942">
     <span class='ocr_line' id='line_1_50' title="bbox 242 4866 1837 4942; baseline -0.001 -21"><span class='ocrx_word' id='word_1_389' title='bbox 242 4870 334 4922; x_wconf 85' lang='lat' dir='ltr'><strong>sed</strong></span> <span class='ocrx_word' id='word_1_390' title='bbox 368 4869 820 4942; x_wconf 77' lang='lat' dir='ltr'><strong>quemadmodum</strong></span> <span class='ocrx_word' id='word_1_391' title='bbox 852 4869 902 4922; x_wconf 92' lang='lat' dir='ltr'><strong>in</strong></span> <span class='ocrx_word' id='word_1_392' title='bbox 927 4869 1138 4937; x_wconf 86' lang='lat' dir='ltr'><strong>regibus</strong></span> <span class='ocrx_word' id='word_1_393' title='bbox 1167 4869 1291 4923; x_wconf 90' lang='lat' dir='ltr'><strong>dum</strong></span> <span class='ocrx_word' id='word_1_394' title='bbox 1324 4883 1607 4937; x_wconf 90' lang='lat' dir='ltr'><strong>purpuram</strong></span> <span class='ocrx_word' id='word_1_395' title='bbox 1641 4877 1691 4920; x_wconf 86' lang='lat' dir='ltr'><strong>et</strong></span> <span class='ocrx_word' id='word_1_396' title='bbox 1719 4866 1837 4920; x_wconf 83' lang='lat' dir='ltr'><strong>dia-</strong></span> 
     </span>
    </p>
   </div>
   <div class='ocr_carea' id='block_1_51' title="bbox 169 4957 1834 5027">
    <p class='ocr_par' dir='ltr' id='par_1_51' title="bbox 169 4957 1834 5027">
     <span class='ocr_line' id='line_1_51' title="bbox 169 4957 1834 5027; baseline -0.002 -15"><span class='ocrx_word' id='word_1_397' title='bbox 169 5019 172 5026; x_wconf 29' lang='lat'><em>.</em></span> <span class='ocrx_word' id='word_1_398' title='bbox 244 4960 401 5012; x_wconf 89' lang='lat' dir='ltr'><strong>dema</strong></span> <span class='ocrx_word' id='word_1_399' title='bbox 447 4967 499 5011; x_wconf 90' lang='lat' dir='ltr'><strong>et</strong></span> <span class='ocrx_word' id='word_1_400' title='bbox 536 4973 725 5012; x_wconf 86' lang='lat' dir='ltr'><strong>aureas</strong></span> <span class='ocrx_word' id='word_1_401' title='bbox 752 4968 926 5012; x_wconf 88' lang='lat' dir='ltr'><strong>vestes</strong></span> <span class='ocrx_word' id='word_1_402' title='bbox 963 4960 1261 5027; x_wconf 88' lang='lat' dir='ltr'><strong>soliumque</strong></span> <span class='ocrx_word' id='word_1_403' title='bbox 1305 4959 1507 5027; x_wconf 82' lang='lat' dir='ltr'><strong>regium</strong></span> <span class='ocrx_word' id='word_1_404' title='bbox 1551 4957 1795 5010; x_wconf 86' lang='lat' dir='ltr'><strong>audimus</strong></span> <span class='ocrx_word' id='word_1_405' title='bbox 1820 4997 1834 5018; x_wconf 94' lang='lat'><strong>,</strong></span> 
     </span>
    </p>
   </div>
   <div class='ocr_carea' id='block_1_52' title="bbox 244 5047 1926 5118">
    <p class='ocr_par' dir='ltr' id='par_1_52' title="bbox 244 5047 1926 5118">
     <span class='ocr_line' id='line_1_52' title="bbox 244 5047 1926 5118; baseline -0.002 -18"><span class='ocrx_word' id='word_1_406' title='bbox 244 5049 577 5103; x_wconf 85' lang='lat' dir='ltr'><strong>admiramur</strong></span> <span class='ocrx_word' id='word_1_407' title='bbox 597 5049 833 5118; x_wconf 83' lang='lat' dir='ltr'><strong>quidem.</strong></span> <span class='ocrx_word' id='word_1_408' title='bbox 857 5060 908 5102; x_wconf 90' lang='lat' dir='ltr'><strong>at</strong></span> <span class='ocrx_word' id='word_1_409' title='bbox 935 5049 1100 5102; x_wconf 91' lang='lat' dir='ltr'><strong>multo</strong></span> <span class='ocrx_word' id='word_1_410' title='bbox 1125 5049 1350 5116; x_wconf 90' lang='lat' dir='ltr'><strong>amplius</strong></span> <span class='ocrx_word' id='word_1_411' title='bbox 1374 5049 1421 5101; x_wconf 90' lang='lat' dir='ltr'><strong>id</strong></span> <span class='ocrx_word' id='word_1_412' title='bbox 1445 5048 1599 5102; x_wconf 88' lang='lat' dir='ltr'><strong>nobis</strong></span> <span class='ocrx_word' id='word_1_413' title='bbox 1622 5047 1834 5111; x_wconf 86' lang='lat' dir='ltr'><strong>accidit,</strong></span> <span class='ocrx_word' id='word_1_414' title='bbox 1907 5049 1926 5080; x_wconf 78' lang='lat'><strong>‘-</strong></span> 
     </span>
    </p>
   </div>
   <div class='ocr_carea' id='block_1_53' title="bbox 242 5137 1839 5208">
    <p class='ocr_par' dir='ltr' id='par_1_53' title="bbox 242 5137 1839 5208">
     <span class='ocr_line' id='line_1_53' title="bbox 242 5137 1839 5208; baseline -0.002 -14"><span class='ocrx_word' id='word_1_415' title='bbox 242 5156 365 5194; x_wconf 86' lang='lat' dir='ltr'><strong>eum</strong></span> <span class='ocrx_word' id='word_1_416' title='bbox 396 5140 686 5193; x_wconf 88' lang='lat' dir='ltr'><strong>contractis</strong></span> <span class='ocrx_word' id='word_1_417' title='bbox 715 5139 897 5193; x_wconf 60' lang='lat' dir='ltr'><strong>auleis</strong></span> <span class='ocrx_word' id='word_1_418' title='bbox 925 5141 1093 5208; x_wconf 85' lang='lat' dir='ltr'><strong>ipsum</strong></span> <span class='ocrx_word' id='word_1_419' title='bbox 1136 5139 1186 5192; x_wconf 91' lang='lat' dir='ltr'><strong>in</strong></span> <span class='ocrx_word' id='word_1_420' title='bbox 1220 5140 1432 5192; x_wconf 90' lang='lat' dir='ltr'><strong>sublimi</strong></span> <span class='ocrx_word' id='word_1_421' title='bbox 1463 5137 1839 5208; x_wconf 60' lang='lat' dir='ltr'><strong>praesidentem</strong></span> 
     </span>
    </p>
   </div>
   <div class='ocr_carea' id='block_1_54' title="bbox 243 5227 1839 5299">
    <p class='ocr_par' dir='ltr' id='par_1_54' title="bbox 243 5227 1839 5299">
     <span class='ocr_line' id='line_1_54' title="bbox 243 5227 1839 5299; baseline -0.003 -15"><span class='ocrx_word' id='word_1_422' title='bbox 243 5231 516 5286; x_wconf 87' lang='lat' dir='ltr'><strong>cernimus</strong></span> <span class='ocrx_word' id='word_1_423' title='bbox 538 5229 788 5284; x_wconf 87' lang='lat' dir='ltr'><strong>tribunali</strong></span> <span class='ocrx_word' id='word_1_424' title='bbox 816 5247 831 5282; x_wconf 89' lang='lat'><strong>:</strong></span> <span class='ocrx_word' id='word_1_425' title='bbox 859 5230 935 5284; x_wconf 91' lang='lat' dir='ltr'><strong>sic</strong></span> <span class='ocrx_word' id='word_1_426' title='bbox 956 5239 1010 5283; x_wconf 92' lang='lat' dir='ltr'><strong>et</strong></span> <span class='ocrx_word' id='word_1_427' title='bbox 1034 5231 1086 5284; x_wconf 92' lang='lat' dir='ltr'><strong>in</strong></span> <span class='ocrx_word' id='word_1_428' title='bbox 1112 5229 1415 5299; x_wconf 82' lang='lat' dir='ltr'><strong>Unigenito,</strong></span> <span class='ocrx_word' id='word_1_429' title='bbox 1445 5243 1564 5282; x_wconf 91' lang='lat' dir='ltr'><strong>cum</strong></span> <span class='ocrx_word' id='word_1_430' title='bbox 1587 5227 1839 5282; x_wconf 67' lang='lat' dir='ltr'><strong>caelorum</strong></span> 
     </span>
    </p>
   </div>
   <div class='ocr_carea' id='block_1_55' title="bbox 245 5319 1842 5390">
    <p class='ocr_par' dir='ltr' id='par_1_55' title="bbox 245 5319 1842 5390">
     <span class='ocr_line' id='line_1_55' title="bbox 245 5319 1842 5390; baseline -0.001 -16"><span class='ocrx_word' id='word_1_431' title='bbox 245 5322 538 5376; x_wconf 83' lang='lat' dir='ltr'><strong>viderimus</strong></span> <span class='ocrx_word' id='word_1_432' title='bbox 562 5321 728 5375; x_wconf 77' lang='lat' dir='ltr'><strong>aulzna</strong></span> <span class='ocrx_word' id='word_1_433' title='bbox 756 5330 1045 5384; x_wconf 83' lang='lat' dir='ltr'><strong>contracta,</strong></span> <span class='ocrx_word' id='word_1_434' title='bbox 1079 5331 1132 5376; x_wconf 88' lang='lat' dir='ltr'><strong>et</strong></span> <span class='ocrx_word' id='word_1_435' title='bbox 1153 5322 1349 5390; x_wconf 73' lang='lat' dir='ltr'><strong>Regem</strong></span> <span class='ocrx_word' id='word_1_436' title='bbox 1381 5321 1688 5389; x_wconf 83' lang='lat' dir='ltr'><strong>angelorum</strong></span> <span class='ocrx_word' id='word_1_437' title='bbox 1721 5319 1842 5373; x_wconf 81' lang='lat' dir='ltr'><strong>inde</strong></span> 
     </span>
    </p>
   </div>
   <div class='ocr_carea' id='block_1_56' title="bbox 249 5413 1843 5481">
    <p class='ocr_par' dir='ltr' id='par_1_56' title="bbox 249 5413 1843 5481">
     <span class='ocr_line' id='line_1_56' title="bbox 249 5413 1843 5481; baseline -0.004 -11"><span class='ocrx_word' id='word_1_438' title='bbox 249 5415 666 5470; x_wconf 73' lang='lat' dir='ltr'><strong>descendentem</strong></span> <span class='ocrx_word' id='word_1_439' title='bbox 695 5429 722 5466; x_wconf 88' lang='lat' dir='ltr'><strong>a</strong></span> <span class='ocrx_word' id='word_1_440' title='bbox 747 5415 1048 5467; x_wconf 72' lang='lat' dir='ltr'><strong>cmlcstibus</strong></span> <span class='ocrx_word' id='word_1_441' title='bbox 1079 5414 1266 5467; x_wconf 89' lang='lat' dir='ltr'><strong>tttrmis</strong></span> <span class='ocrx_word' id='word_1_442' title='bbox 1289 5413 1560 5481; x_wconf 87' lang='lat' dir='ltr'><strong>stipatum,</strong></span> <span class='ocrx_word' id='word_1_443' title='bbox 1585 5421 1692 5465; x_wconf 92' lang='lat' dir='ltr'><strong>tum</strong></span> <span class='ocrx_word' id='word_1_444' title='bbox 1715 5427 1843 5465; x_wconf 87' lang='lat' dir='ltr'><strong>vero</strong></span> 
     </span>
    </p>
   </div>
   <div class='ocr_carea' id='block_1_57' title="bbox 253 5505 1843 5576">
    <p class='ocr_par' dir='ltr' id='par_1_57' title="bbox 253 5505 1843 5576">
     <span class='ocr_line' id='line_1_57' title="bbox 253 5505 1843 5576; baseline -0.004 -16"><span class='ocrx_word' id='word_1_445' title='bbox 253 5508 422 5576; x_wconf 83' lang='lat' dir='ltr'><strong>majus</strong></span> <span class='ocrx_word' id='word_1_446' title='bbox 454 5505 770 5560; x_wconf 77' lang='lat' dir='ltr'><strong>miraculum</strong></span> <span class='ocrx_word' id='word_1_447' title='bbox 804 5505 957 5559; x_wconf 89' lang='lat' dir='ltr'><strong>nobis</strong></span> <span class='ocrx_word' id='word_1_448' title='bbox 987 5505 1263 5558; x_wconf 89' lang='lat' dir='ltr'><strong>oculorum</strong></span> <span class='ocrx_word' id='word_1_449' title='bbox 1296 5505 1590 5557; x_wconf 88' lang='lat' dir='ltr'><strong>ministerio</strong></span> <span class='ocrx_word' id='word_1_450' title='bbox 1616 5518 1843 5571; x_wconf 88' lang='lat' dir='ltr'><strong>appare-</strong></span> 
     </span>
    </p>
   </div>
   <div class='ocr_carea' id='block_1_58' title="bbox 253 5597 1843 5670">
    <p class='ocr_par' dir='ltr' id='par_1_58' title="bbox 253 5597 1843 5670">
     <span class='ocr_line' id='line_1_58' title="bbox 253 5597 1843 5670; baseline -0.004 -16"><span class='ocrx_word' id='word_1_451' title='bbox 253 5601 344 5654; x_wconf 87' lang='lat' dir='ltr'><strong>bit.</strong></span> <span class='ocrx_word' id='word_1_452' title='bbox 371 5600 557 5670; x_wconf 78' lang='lat' dir='ltr'><strong>Cogita</strong></span> <span class='ocrx_word' id='word_1_453' title='bbox 582 5614 814 5668; x_wconf 86' lang='lat' dir='ltr'><strong>namque</strong></span> <span class='ocrx_word' id='word_1_454' title='bbox 840 5599 995 5667; x_wconf 89' lang='lat' dir='ltr'><strong>quale</strong></span> <span class='ocrx_word' id='word_1_455' title='bbox 1021 5599 1090 5651; x_wconf 88' lang='lat' dir='ltr'><strong>sit</strong></span> <span class='ocrx_word' id='word_1_456' title='bbox 1117 5609 1357 5650; x_wconf 89' lang='lat' dir='ltr'><strong>naturam</strong></span> <span class='ocrx_word' id='word_1_457' title='bbox 1386 5606 1621 5651; x_wconf 82' lang='lat' dir='ltr'><strong>nostram</strong></span> <span class='ocrx_word' id='word_1_458' title='bbox 1646 5597 1843 5649; x_wconf 75' lang='lat' dir='ltr'><strong>Cheru-</strong></span> 
     </span>
    </p>
   </div>
   <div class='ocr_carea' id='block_1_59' title="bbox 254 5688 1847 5760">
    <p class='ocr_par' dir='ltr' id='par_1_59' title="bbox 254 5688 1847 5760">
     <span class='ocr_line' id='line_1_59' title="bbox 254 5688 1847 5760; baseline -0.006 -14"><span class='ocrx_word' id='word_1_459' title='bbox 254 5693 387 5748; x_wconf 83' lang='lat' dir='ltr'><strong>binis</strong></span> <span class='ocrx_word' id='word_1_460' title='bbox 409 5694 673 5748; x_wconf 84' lang='lat' dir='ltr'><strong>invectam</strong></span> <span class='ocrx_word' id='word_1_461' title='bbox 699 5691 911 5756; x_wconf 85' lang='lat' dir='ltr'><strong>intueri,</strong></span> <span class='ocrx_word' id='word_1_462' title='bbox 934 5699 1207 5760; x_wconf 89' lang='lat' dir='ltr'><strong>totumque</strong></span> <span class='ocrx_word' id='word_1_463' title='bbox 1234 5688 1525 5760; x_wconf 76' lang='lat' dir='ltr'><strong>augt-licunt</strong></span> <span class='ocrx_word' id='word_1_464' title='bbox 1549 5688 1847 5742; x_wconf 80' lang='lat' dir='ltr'><strong>exercitum</strong></span> 
     </span>
    </p>
   </div>
   <div class='ocr_carea' id='block_1_60' title="bbox 241 5783 756 5846">
    <p class='ocr_par' dir='ltr' id='par_1_60' title="bbox 241 5783 756 5846">
     <span class='ocr_line' id='line_1_60' title="bbox 241 5783 756 5846; baseline -0.014 -8"><span class='ocrx_word' id='word_1_465' title='bbox 241 5783 321 5846; x_wconf 78' lang='lat' dir='ltr'><strong>illi</strong></span> <span class='ocrx_word' id='word_1_466' title='bbox 352 5783 756 5839; x_wconf 83' lang='lat' dir='ltr'><strong>circumfusum.</strong></span> 
     </span>
    </p>
   </div>
   <div class='ocr_carea' id='block_1_61' title="bbox 993 370 2792 443">
    <p class='ocr_par' dir='ltr' id='par_1_61' title="bbox 993 370 2792 443">
     <span class='ocr_line' id='line_1_61' title="bbox 993 370 2792 443; baseline -0.006 -1"><span class='ocrx_word' id='word_1_467' title='bbox 993 384 1341 443; x_wconf 71' lang='grc' dir='ltr'><strong>ὒιΕΜυΝΕΞ</strong></span> <span class='ocrx_word' id='word_1_468' title='bbox 1379 381 1514 438; x_wconf 81' lang='lat' dir='ltr'><strong>NON</strong></span> <span class='ocrx_word' id='word_1_469' title='bbox 1553 376 1980 438; x_wconf 75' lang='lat' dir='ltr'><strong>GUBERNARE</strong></span> <span class='ocrx_word' id='word_1_470' title='bbox 2019 370 2330 434; x_wconf 75' lang='lat' dir='ltr'><strong>MUNDUM.</strong></span> <span class='ocrx_word' id='word_1_471' title='bbox 2376 374 2607 434; x_wconf 71' lang='lat' dir='ltr'><strong>liOMIL.</strong></span> <span class='ocrx_word' id='word_1_472' title='bbox 2646 375 2686 432; x_wconf 85' lang='grc'><strong>1.</strong></span> <span class='ocrx_word' id='word_1_473' title='bbox 2788 387 2792 390; x_wconf 84' lang='grc'><em>’</em></span> 
     </span>
    </p>
   </div>
   <div class='ocr_carea' id='block_1_62' title="bbox 3406 382 3585 443">
    <p class='ocr_par' dir='ltr' id='par_1_62' title="bbox 3406 382 3585 443">
     <span class='ocr_line' id='line_1_62' title="bbox 3406 382 3585 443; baseline 0.022 -4"><span class='ocrx_word' id='word_1_474' title='bbox 3406 382 3511 440; x_wconf 67' lang='grc' dir='ltr'><strong>9ης</strong></span> <span class='ocrx_word' id='word_1_475' title='bbox 3580 439 3585 443; x_wconf 90' lang='grc'>.</span> 
     </span>
    </p>
   </div>
   <div class='ocr_carea' id='block_1_63' title="bbox 1989 487 3544 565">
    <p class='ocr_par' dir='ltr' id='par_1_63' title="bbox 1989 487 3544 565">
     <span class='ocr_line' id='line_1_63' title="bbox 1989 487 3544 565; baseline 0.006 -21"><span class='ocrx_word' id='word_1_476' title='bbox 1989 488 2042 544; x_wconf 79' lang='lat'><strong>3.</strong></span> <span class='ocrx_word' id='word_1_477' title='bbox 2083 487 2236 545; x_wconf 86' lang='lat' dir='ltr'><strong>Pauli</strong></span> <span class='ocrx_word' id='word_1_478' title='bbox 2266 502 2394 544; x_wconf 80' lang='lat' dir='ltr'><strong>vero</strong></span> <span class='ocrx_word' id='word_1_479' title='bbox 2429 487 2747 560; x_wconf 83' lang='lat' dir='ltr'><strong>sapientiam</strong></span> <span class='ocrx_word' id='word_1_480' title='bbox 2783 502 2998 562; x_wconf 88' lang='lat' dir='ltr'><strong>quoque</strong></span> <span class='ocrx_word' id='word_1_481' title='bbox 3037 491 3168 548; x_wconf 88' lang='lat' dir='ltr'><strong>mibi</strong></span> <span class='ocrx_word' id='word_1_482' title='bbox 3193 493 3544 565; x_wconf 67' lang='lat' dir='ltr'><strong>considera,</strong></span> 
     </span>
    </p>
   </div>
   <div class='ocr_carea' id='block_1_64' title="bbox 1913 577 3517 656">
    <p class='ocr_par' dir='ltr' id='par_1_64' title="bbox 1913 577 3517 656">
     <span class='ocr_line' id='line_1_64' title="bbox 1913 577 3517 656; baseline 0.006 -25"><span class='ocrx_word' id='word_1_483' title='bbox 1913 593 2073 648; x_wconf 92' lang='lat' dir='ltr'><strong>quam</strong></span> <span class='ocrx_word' id='word_1_484' title='bbox 2105 578 2273 633; x_wconf 89' lang='lat' dir='ltr'><strong>multa</strong></span> <span class='ocrx_word' id='word_1_485' title='bbox 2304 577 2521 633; x_wconf 87' lang='lat' dir='ltr'><strong>nomina</strong></span> <span class='ocrx_word' id='word_1_486' title='bbox 2551 577 2868 650; x_wconf 90' lang='lat' dir='ltr'><strong>conquirat,</strong></span> <span class='ocrx_word' id='word_1_487' title='bbox 2899 588 2959 636; x_wconf 92' lang='lat' dir='ltr'><strong>ut</strong></span> <span class='ocrx_word' id='word_1_488' title='bbox 2983 580 3218 638; x_wconf 86' lang='lat' dir='ltr'><strong>divinam</strong></span> <span class='ocrx_word' id='word_1_489' title='bbox 3248 589 3517 656; x_wconf 79' lang='lat' dir='ltr'><strong>exprimat</strong></span> 
     </span>
    </p>
   </div>
   <div class='ocr_carea' id='block_1_65' title="bbox 1913 667 3516 745">
    <p class='ocr_par' dir='ltr' id='par_1_65' title="bbox 1913 667 3516 745">
     <span class='ocr_line' id='line_1_65' title="bbox 1913 667 3516 745; baseline 0.006 -22"><span class='ocrx_word' id='word_1_490' title='bbox 1913 667 2318 738; x_wconf 84' lang='lat' dir='ltr'><strong>benignitatem.</strong></span> <span class='ocrx_word' id='word_1_491' title='bbox 2363 667 2480 723; x_wconf 85' lang='lat' dir='ltr'><strong>Non</strong></span> <span class='ocrx_word' id='word_1_492' title='bbox 2524 669 2669 724; x_wconf 88' lang='lat' dir='ltr'><strong>enim</strong></span> <span class='ocrx_word' id='word_1_493' title='bbox 2716 667 2852 724; x_wconf 82' lang='lat' dir='ltr'><strong>dixit</strong></span> <span class='ocrx_word' id='word_1_494' title='bbox 2898 671 3214 742; x_wconf 86' lang='lat' dir='ltr'><strong>simpliciter</strong></span> <span class='ocrx_word' id='word_1_495' title='bbox 3241 674 3468 745; x_wconf 82' lang='lat' dir='ltr'><strong>gratiam</strong></span> <span class='ocrx_word' id='word_1_496' title='bbox 3497 715 3516 742; x_wconf 85' lang='lat'><strong>,</strong></span> 
     </span>
    </p>
   </div>
   <div class='ocr_carea' id='block_1_66' title="bbox 1915 759 3516 832">
    <p class='ocr_par' dir='ltr' id='par_1_66' title="bbox 1915 759 3516 832">
     <span class='ocr_line' id='line_1_66' title="bbox 1915 759 3516 832; baseline 0.002 -16"><span class='ocrx_word' id='word_1_497' title='bbox 1915 775 2090 830; x_wconf 90' lang='lat' dir='ltr'><strong>neque</strong></span> <span class='ocrx_word' id='word_1_498' title='bbox 2116 760 2433 830; x_wconf 87' lang='lat' dir='ltr'><strong>simpliciter</strong></span> <span class='ocrx_word' id='word_1_499' title='bbox 2460 759 2673 816; x_wconf 89' lang='lat' dir='ltr'><strong>divitias</strong></span> <span class='ocrx_word' id='word_1_500' title='bbox 2696 802 2712 826; x_wconf 95' lang='lat'><strong>,</strong></span> <span class='ocrx_word' id='word_1_501' title='bbox 2741 761 2838 818; x_wconf 85' lang='lat' dir='ltr'><strong>sed</strong></span> <span class='ocrx_word' id='word_1_502' title='bbox 2880 762 3044 832; x_wconf 71' lang='lat' dir='ltr'><strong>quid?</strong></span> <span class='ocrx_word' id='word_1_503' title='bbox 3073 763 3399 822; x_wconf 67' lang='lat' dir='ltr'><strong>Alandrum</strong></span> <span class='ocrx_word' id='word_1_504' title='bbox 3430 767 3516 820; x_wconf 78' lang='lat' dir='ltr'><strong>di-</strong></span> 
     </span>
    </p>
   </div>
   <div class='ocr_carea' id='block_1_67' title="bbox 1914 851 3518 929">
    <p class='ocr_par' dir='ltr' id='par_1_67' title="bbox 1914 851 3518 929">
     <span class='ocr_line' id='line_1_67' title="bbox 1914 851 3518 929; baseline 0.004 -22"><span class='ocrx_word' id='word_1_505' title='bbox 1914 854 2061 907; x_wconf 79' lang='lat' dir='ltr'><strong>vitias</strong></span> <span class='ocrx_word' id='word_1_506' title='bbox 2087 853 2266 924; x_wconf 70' lang='lat' dir='ltr'><strong>gratia</strong></span> <span class='ocrx_word' id='word_1_507' title='bbox 2289 853 2343 908; x_wconf 87' lang='lat' dir='ltr'><strong>in</strong></span> <span class='ocrx_word' id='word_1_508' title='bbox 2373 853 2595 908; x_wconf 76' lang='lat' dir='ltr'><strong>bonitate</strong></span> <span class='ocrx_word' id='word_1_509' title='bbox 2636 851 2866 924; x_wconf 75' lang='lat' dir='ltr'><strong>(Ephes.</strong></span> <span class='ocrx_word' id='word_1_510' title='bbox 2895 852 2951 908; x_wconf 70' lang='grc'><strong>2.</strong></span> <span class='ocrx_word' id='word_1_511' title='bbox 2982 854 3067 924; x_wconf 87' lang='grc'><strong>7).</strong></span> <span class='ocrx_word' id='word_1_512' title='bbox 3098 854 3204 910; x_wconf 86' lang='lat' dir='ltr'><strong>Sed</strong></span> <span class='ocrx_word' id='word_1_513' title='bbox 3229 872 3403 929; x_wconf 87' lang='lat' dir='ltr'><strong>neque</strong></span> <span class='ocrx_word' id='word_1_514' title='bbox 3437 858 3518 913; x_wconf 83' lang='lat' dir='ltr'><strong>sic</strong></span> 
     </span>
    </p>
   </div>
   <div class='ocr_carea' id='block_1_68' title="bbox 1919 943 3518 1015">
    <p class='ocr_par' dir='ltr' id='par_1_68' title="bbox 1919 943 3518 1015">
     <span class='ocr_line' id='line_1_68' title="bbox 1919 943 3518 1015; baseline 0.004 -16"><span class='ocrx_word' id='word_1_515' title='bbox 1919 956 2095 1002; x_wconf 90' lang='lat' dir='ltr'><strong>tamen</strong></span> <span class='ocrx_word' id='word_1_516' title='bbox 2124 946 2427 1015; x_wconf 90' lang='lat' dir='ltr'><strong>exprimere</strong></span> <span class='ocrx_word' id='word_1_517' title='bbox 2466 944 2656 1014; x_wconf 91' lang='lat' dir='ltr'><strong>potuit.</strong></span> <span class='ocrx_word' id='word_1_518' title='bbox 2690 943 2759 1000; x_wconf 87' lang='lat' dir='ltr'><strong>Et</strong></span> <span class='ocrx_word' id='word_1_519' title='bbox 2801 945 3251 1015; x_wconf 86' lang='lat' dir='ltr'><strong>quemadmodum</strong></span> <span class='ocrx_word' id='word_1_520' title='bbox 3282 946 3433 1004; x_wconf 71' lang='lat' dir='ltr'><strong>ltevia</strong></span> <span class='ocrx_word' id='word_1_521' title='bbox 3462 958 3518 1005; x_wconf 89' lang='lat' dir='ltr'><strong>et</strong></span> 
     </span>
    </p>
   </div>
   <div class='ocr_carea' id='block_1_69' title="bbox 1915 1036 3516 1114">
    <p class='ocr_par' dir='ltr' id='par_1_69' title="bbox 1915 1036 3516 1114">
     <span class='ocr_line' id='line_1_69' title="bbox 1915 1036 3516 1114; baseline 0.002 -23"><span class='ocrx_word' id='word_1_522' title='bbox 1915 1037 2119 1092; x_wconf 89' lang='lat' dir='ltr'><strong>lubrica</strong></span> <span class='ocrx_word' id='word_1_523' title='bbox 2156 1051 2383 1106; x_wconf 91' lang='lat' dir='ltr'><strong>corpora</strong></span> <span class='ocrx_word' id='word_1_524' title='bbox 2413 1036 2538 1114; x_wconf 84' lang='lat' dir='ltr'><strong>licet</strong></span> <span class='ocrx_word' id='word_1_525' title='bbox 2577 1036 2875 1091; x_wconf 90' lang='lat' dir='ltr'><strong>innumeris</strong></span> <span class='ocrx_word' id='word_1_526' title='bbox 2913 1036 3158 1092; x_wconf 89' lang='lat' dir='ltr'><strong>manibus</strong></span> <span class='ocrx_word' id='word_1_527' title='bbox 3195 1046 3516 1106; x_wconf 89' lang='lat' dir='ltr'><strong>teneantur,</strong></span> 
     </span>
    </p>
   </div>
   <div class='ocr_carea' id='block_1_70' title="bbox 1918 1125 3517 1202">
    <p class='ocr_par' dir='ltr' id='par_1_70' title="bbox 1918 1125 3517 1202">
     <span class='ocr_line' id='line_1_70' title="bbox 1918 1125 3517 1202; baseline 0.003 -21"><span class='ocrx_word' id='word_1_528' title='bbox 1918 1126 2074 1182; x_wconf 90' lang='lat' dir='ltr'><strong>nobis</strong></span> <span class='ocrx_word' id='word_1_529' title='bbox 2093 1127 2377 1183; x_wconf 88' lang='lat' dir='ltr'><strong>elabuntur</strong></span> <span class='ocrx_word' id='word_1_530' title='bbox 2395 1136 2450 1182; x_wconf 91' lang='lat' dir='ltr'><strong>et</strong></span> <span class='ocrx_word' id='word_1_531' title='bbox 2474 1125 2628 1181; x_wconf 86' lang='lat' dir='ltr'><strong>facile</strong></span> <span class='ocrx_word' id='word_1_532' title='bbox 2656 1126 2914 1197; x_wconf 83' lang='lat' dir='ltr'><strong>effugiunt</strong></span> <span class='ocrx_word' id='word_1_533' title='bbox 2939 1144 2952 1180; x_wconf 90' lang='lat'><strong>:</strong></span> <span class='ocrx_word' id='word_1_534' title='bbox 2977 1128 3057 1184; x_wconf 89' lang='lat' dir='ltr'><strong>sic</strong></span> <span class='ocrx_word' id='word_1_535' title='bbox 3075 1139 3128 1184; x_wconf 92' lang='lat' dir='ltr'><strong>et</strong></span> <span class='ocrx_word' id='word_1_536' title='bbox 3153 1129 3248 1186; x_wconf 86' lang='lat' dir='ltr'><strong>Dei</strong></span> <span class='ocrx_word' id='word_1_537' title='bbox 3271 1132 3517 1202; x_wconf 87' lang='lat' dir='ltr'><strong>benigni-</strong></span> 
     </span>
    </p>
   </div>
   <div class='ocr_carea' id='block_1_71' title="bbox 1919 1218 3544 1291">
    <p class='ocr_par' dir='ltr' id='par_1_71' title="bbox 1919 1218 3544 1291">
     <span class='ocr_line' id='line_1_71' title="bbox 1919 1218 3544 1291; baseline 0.001 -15"><span class='ocrx_word' id='word_1_538' title='bbox 1919 1229 2080 1276; x_wconf 87' lang='lat' dir='ltr'><strong>tatem</strong></span> <span class='ocrx_word' id='word_1_539' title='bbox 2109 1221 2554 1291; x_wconf 87' lang='lat' dir='ltr'><strong>quantiscumque</strong></span> <span class='ocrx_word' id='word_1_540' title='bbox 2584 1218 2892 1275; x_wconf 90' lang='lat' dir='ltr'><strong>nomiuibus</strong></span> <span class='ocrx_word' id='word_1_541' title='bbox 2917 1219 3204 1290; x_wconf 87' lang='lat' dir='ltr'><strong>complecti</strong></span> <span class='ocrx_word' id='word_1_542' title='bbox 3233 1236 3514 1289; x_wconf 89' lang='lat' dir='ltr'><strong>conemur,</strong></span> <span class='ocrx_word' id='word_1_543' title='bbox 3541 1251 3544 1254; x_wconf 83' lang='lat'><strong><em>~</em></strong></span> 
     </span>
    </p>
   </div>
   <div class='ocr_carea' id='block_1_72' title="bbox 1918 1310 3550 1384">
    <p class='ocr_par' dir='ltr' id='par_1_72' title="bbox 1918 1310 3550 1384">
     <span class='ocr_line' id='line_1_72' title="bbox 1918 1310 3550 1384; baseline 0.002 -18"><span class='ocrx_word' id='word_1_544' title='bbox 1918 1326 1987 1367; x_wconf 88' lang='lat' dir='ltr'><strong>ne</strong></span> <span class='ocrx_word' id='word_1_545' title='bbox 2012 1311 2090 1366; x_wconf 92' lang='lat' dir='ltr'><strong>sic</strong></span> <span class='ocrx_word' id='word_1_546' title='bbox 2118 1310 2333 1381; x_wconf 89' lang='lat' dir='ltr'><strong>quidem</strong></span> <span class='ocrx_word' id='word_1_547' title='bbox 2362 1310 2822 1380; x_wconf 89' lang='lat' dir='ltr'><strong>comprehendere</strong></span> <span class='ocrx_word' id='word_1_548' title='bbox 2849 1326 3168 1380; x_wconf 88' lang='lat' dir='ltr'><strong>possumus,</strong></span> <span class='ocrx_word' id='word_1_549' title='bbox 3200 1313 3294 1369; x_wconf 82' lang='lat' dir='ltr'><strong>sed</strong></span> <span class='ocrx_word' id='word_1_550' title='bbox 3319 1314 3517 1370; x_wconf 87' lang='lat' dir='ltr'><strong>verbo-</strong></span> <span class='ocrx_word' id='word_1_551' title='bbox 3545 1381 3550 1384; x_wconf 13' lang='grc' dir='ltr'>ι</span> 
     </span>
    </p>
   </div>
   <div class='ocr_carea' id='block_1_73' title="bbox 1919 1399 3518 1473">
    <p class='ocr_par' dir='ltr' id='par_1_73' title="bbox 1919 1399 3518 1473">
     <span class='ocr_line' id='line_1_73' title="bbox 1919 1399 3518 1473; baseline 0.001 -17"><span class='ocrx_word' id='word_1_552' title='bbox 1919 1416 2037 1457; x_wconf 90' lang='lat' dir='ltr'><strong>rum</strong></span> <span class='ocrx_word' id='word_1_553' title='bbox 2062 1409 2365 1455; x_wconf 88' lang='lat' dir='ltr'><strong>nostrorum</strong></span> <span class='ocrx_word' id='word_1_554' title='bbox 2393 1399 2814 1455; x_wconf 88' lang='lat' dir='ltr'><strong>imbecillitatem</strong></span> <span class='ocrx_word' id='word_1_555' title='bbox 2839 1400 2857 1432; x_wconf 80' lang='grc'>³</span> <span class='ocrx_word' id='word_1_556' title='bbox 2880 1401 2998 1470; x_wconf 88' lang='lat' dir='ltr'><strong>ejus</strong></span> <span class='ocrx_word' id='word_1_557' title='bbox 3025 1402 3336 1472; x_wconf 87' lang='lat' dir='ltr'><strong>magnitudo</strong></span> <span class='ocrx_word' id='word_1_558' title='bbox 3357 1402 3518 1473; x_wconf 80' lang='lat' dir='ltr'><strong>longo</strong></span> 
     </span>
    </p>
   </div>
   <div class='ocr_carea' id='block_1_74' title="bbox 1919 1490 3516 1563">
    <p class='ocr_par' dir='ltr' id='par_1_74' title="bbox 1919 1490 3516 1563">
     <span class='ocr_line' id='line_1_74' title="bbox 1919 1490 3516 1563; baseline 0.002 -17"><span class='ocrx_word' id='word_1_559' title='bbox 1919 1500 2138 1561; x_wconf 89' lang='lat' dir='ltr'><strong>superat</strong></span> <span class='ocrx_word' id='word_1_560' title='bbox 2166 1491 2468 1550; x_wconf 85' lang='lat' dir='ltr'><strong>intervallo.</strong></span> <span class='ocrx_word' id='word_1_561' title='bbox 2497 1490 2653 1558; x_wconf 88' lang='lat' dir='ltr'><strong>Quod</strong></span> <span class='ocrx_word' id='word_1_562' title='bbox 2681 1506 2803 1546; x_wconf 91' lang='lat' dir='ltr'><strong>eum</strong></span> <span class='ocrx_word' id='word_1_563' title='bbox 2831 1502 3084 1563; x_wconf 89' lang='lat' dir='ltr'><strong>expertus</strong></span> <span class='ocrx_word' id='word_1_564' title='bbox 3109 1503 3251 1549; x_wconf 86' lang='lat' dir='ltr'><strong>esset</strong></span> <span class='ocrx_word' id='word_1_565' title='bbox 3277 1494 3477 1550; x_wconf 88' lang='lat' dir='ltr'><strong>Paulus</strong></span> <span class='ocrx_word' id='word_1_566' title='bbox 3495 1535 3516 1563; x_wconf 89' lang='lat'><strong>,</strong></span> 
     </span>
    </p>
   </div>
   <div class='ocr_carea' id='block_1_75' title="bbox 1919 1582 3518 1654">
    <p class='ocr_par' dir='ltr' id='par_1_75' title="bbox 1919 1582 3518 1654">
     <span class='ocr_line' id='line_1_75' title="bbox 1919 1582 3518 1654; baseline 0.001 -14"><span class='ocrx_word' id='word_1_567' title='bbox 1919 1593 1972 1640; x_wconf 89' lang='lat' dir='ltr'><strong>ct</strong></span> <span class='ocrx_word' id='word_1_568' title='bbox 2021 1584 2188 1652; x_wconf 90' lang='lat' dir='ltr'><strong>ipsius</strong></span> <span class='ocrx_word' id='word_1_569' title='bbox 2235 1582 2600 1654; x_wconf 86' lang='lat' dir='ltr'><strong>magnitudine</strong></span> <span class='ocrx_word' id='word_1_570' title='bbox 2641 1583 2926 1638; x_wconf 89' lang='lat' dir='ltr'><strong>verborum</strong></span> <span class='ocrx_word' id='word_1_571' title='bbox 2978 1584 3086 1639; x_wconf 90' lang='lat' dir='ltr'><strong>vim</strong></span> <span class='ocrx_word' id='word_1_572' title='bbox 3133 1594 3380 1642; x_wconf 89' lang='lat' dir='ltr'><strong>cerneret</strong></span> <span class='ocrx_word' id='word_1_573' title='bbox 3422 1601 3518 1642; x_wconf 84' lang='lat' dir='ltr'><strong>su-</strong></span> 
     </span>
    </p>
   </div>
   <div class='ocr_carea' id='block_1_76' title="bbox 1919 1673 3517 1744">
    <p class='ocr_par' dir='ltr' id='par_1_76' title="bbox 1919 1673 3517 1744">
     <span class='ocr_line' id='line_1_76' title="bbox 1919 1673 3517 1744; baseline 0.002 -15"><span class='ocrx_word' id='word_1_574' title='bbox 1919 1674 2097 1744; x_wconf 88' lang='lat' dir='ltr'><strong>perari</strong></span> <span class='ocrx_word' id='word_1_575' title='bbox 2123 1716 2138 1740; x_wconf 95' lang='lat'><strong>,</strong></span> <span class='ocrx_word' id='word_1_576' title='bbox 2170 1687 2278 1728; x_wconf 91' lang='lat' dir='ltr'><strong>uno</strong></span> <span class='ocrx_word' id='word_1_577' title='bbox 2319 1673 2530 1744; x_wconf 89' lang='lat' dir='ltr'><strong>prolato</strong></span> <span class='ocrx_word' id='word_1_578' title='bbox 2559 1673 2723 1728; x_wconf 90' lang='lat' dir='ltr'><strong>verbo</strong></span> <span class='ocrx_word' id='word_1_579' title='bbox 2766 1673 3034 1730; x_wconf 86' lang='lat' dir='ltr'><strong>discessit.</strong></span> <span class='ocrx_word' id='word_1_580' title='bbox 3065 1674 3346 1742; x_wconf 89' lang='lat' dir='ltr'><strong>Quodnam</strong></span> <span class='ocrx_word' id='word_1_581' title='bbox 3389 1677 3517 1732; x_wconf 92' lang='lat' dir='ltr'><strong>illud</strong></span> 
     </span>
    </p>
   </div>
   <div class='ocr_carea' id='block_1_77' title="bbox 1921 1763 3520 1836">
    <p class='ocr_par' dir='ltr' id='par_1_77' title="bbox 1921 1763 3520 1836">
     <span class='ocr_line' id='line_1_77' title="bbox 1921 1763 3520 1836; baseline 0 -14"><span class='ocrx_word' id='word_1_582' title='bbox 1921 1777 2004 1827; x_wconf 85' lang='lat' dir='ltr'><strong>est</strong></span> <span class='ocrx_word' id='word_1_583' title='bbox 2035 1764 2286 1826; x_wconf 77' lang='lat' dir='ltr'><strong>tandem?</strong></span> <span class='ocrx_word' id='word_1_584' title='bbox 2322 1763 2501 1819; x_wconf 85' lang='lat' dir='ltr'><strong>Gratia</strong></span> <span class='ocrx_word' id='word_1_585' title='bbox 2526 1774 2694 1819; x_wconf 82' lang='lat' dir='ltr'><strong>autem</strong></span> <span class='ocrx_word' id='word_1_586' title='bbox 2720 1764 2830 1820; x_wconf 84' lang='lat' dir='ltr'><strong>Deo</strong></span> <span class='ocrx_word' id='word_1_587' title='bbox 2846 1782 2999 1836; x_wconf 80' lang='lat' dir='ltr'><strong>super</strong></span> <span class='ocrx_word' id='word_1_588' title='bbox 3028 1766 3360 1821; x_wconf 81' lang='lat' dir='ltr'><strong>inenarrabili</strong></span> <span class='ocrx_word' id='word_1_589' title='bbox 3386 1767 3520 1822; x_wconf 85' lang='lat' dir='ltr'><strong>dono</strong></span> 
     </span>
    </p>
   </div>
   <div class='ocr_carea' id='block_1_78' title="bbox 1920 1857 3521 1932">
    <p class='ocr_par' dir='ltr' id='par_1_78' title="bbox 1920 1857 3521 1932">
     <span class='ocr_line' id='line_1_78' title="bbox 1920 1857 3521 1932; baseline 0.001 -18"><span class='ocrx_word' id='word_1_590' title='bbox 1920 1861 2031 1931; x_wconf 82' lang='lat' dir='ltr'><strong>ejus</strong></span> <span class='ocrx_word' id='word_1_591' title='bbox 2055 1860 2145 1932; x_wconf 76' lang='lat'><strong>(2.</strong></span> <span class='ocrx_word' id='word_1_592' title='bbox 2176 1859 2296 1913; x_wconf 84' lang='lat' dir='ltr'><strong>Cor.</strong></span> <span class='ocrx_word' id='word_1_593' title='bbox 2323 1858 2376 1914; x_wconf 87' lang='lat'><strong>9.</strong></span> <span class='ocrx_word' id='word_1_594' title='bbox 2406 1857 2530 1928; x_wconf 81' lang='lat' dir='ltr'><strong>l5).</strong></span> <span class='ocrx_word' id='word_1_595' title='bbox 2559 1857 2742 1928; x_wconf 82' lang='lat' dir='ltr'><strong>Neque</strong></span> <span class='ocrx_word' id='word_1_596' title='bbox 2765 1858 2908 1913; x_wconf 85' lang='lat' dir='ltr'><strong>enim</strong></span> <span class='ocrx_word' id='word_1_597' title='bbox 2941 1872 3122 1913; x_wconf 87' lang='lat' dir='ltr'><strong>sermo</strong></span> <span class='ocrx_word' id='word_1_598' title='bbox 3147 1858 3290 1914; x_wconf 90' lang='lat' dir='ltr'><strong>ullus</strong></span> <span class='ocrx_word' id='word_1_599' title='bbox 3308 1899 3322 1922; x_wconf 90' lang='lat'><strong>,</strong></span> <span class='ocrx_word' id='word_1_600' title='bbox 3347 1873 3521 1930; x_wconf 80' lang='lat' dir='ltr'><strong>neque</strong></span> 
     </span>
    </p>
   </div>
   <div class='ocr_carea' id='block_1_79' title="bbox 1922 1950 3541 2022">
    <p class='ocr_par' dir='ltr' id='par_1_79' title="bbox 1922 1950 3541 2022">
     <span class='ocr_line' id='line_1_79' title="bbox 1922 1950 3541 2022; baseline -0.001 -16"><span class='ocrx_word' id='word_1_601' title='bbox 1922 1966 2075 2007; x_wconf 91' lang='lat' dir='ltr'><strong>mens</strong></span> <span class='ocrx_word' id='word_1_602' title='bbox 2091 1951 2196 2005; x_wconf 89' lang='lat' dir='ltr'><strong>ulla</strong></span> <span class='ocrx_word' id='word_1_603' title='bbox 2213 1951 2305 2006; x_wconf 88' lang='lat' dir='ltr'><strong>Dei</strong></span> <span class='ocrx_word' id='word_1_604' title='bbox 2323 1950 2708 2020; x_wconf 86' lang='lat' dir='ltr'><strong>providentiam</strong></span> <span class='ocrx_word' id='word_1_605' title='bbox 2727 1950 2922 2020; x_wconf 90' lang='lat' dir='ltr'><strong>poterit</strong></span> <span class='ocrx_word' id='word_1_606' title='bbox 2936 1950 3521 2022; x_wconf 72' lang='lat' dir='ltr'><strong>exprimereJ’ropter-</strong></span> <span class='ocrx_word' id='word_1_607' title='bbox 3538 1980 3541 1981; x_wconf 53' lang='grc' dir='ltr'><em>ν</em></span> 
     </span>
    </p>
   </div>
   <div class='ocr_carea' id='block_1_80' title="bbox 1927 2039 3522 2112">
    <p class='ocr_par' dir='ltr' id='par_1_80' title="bbox 1927 2039 3522 2112">
     <span class='ocr_line' id='line_1_80' title="bbox 1927 2039 3522 2112; baseline -0.003 -13"><span class='ocrx_word' id='word_1_608' title='bbox 1927 2058 1989 2099; x_wconf 90' lang='lat' dir='ltr'><strong>ea</strong></span> <span class='ocrx_word' id='word_1_609' title='bbox 2016 2043 2102 2097; x_wconf 88' lang='lat' dir='ltr'><strong>hic</strong></span> <span class='ocrx_word' id='word_1_610' title='bbox 2125 2040 2340 2112; x_wconf 88' lang='lat' dir='ltr'><strong>quidem</strong></span> <span class='ocrx_word' id='word_1_611' title='bbox 2355 2039 2768 2096; x_wconf 89' lang='lat' dir='ltr'><strong>inenarrabilem</strong></span> <span class='ocrx_word' id='word_1_612' title='bbox 2789 2039 2932 2094; x_wconf 86' lang='lat' dir='ltr'><strong>illam</strong></span> <span class='ocrx_word' id='word_1_613' title='bbox 2950 2040 3025 2094; x_wconf 89' lang='lat' dir='ltr'><strong>ait</strong></span> <span class='ocrx_word' id='word_1_614' title='bbox 3043 2054 3186 2106; x_wconf 87' lang='lat' dir='ltr'><strong>esse,</strong></span> <span class='ocrx_word' id='word_1_615' title='bbox 3206 2039 3522 2095; x_wconf 87' lang='lat' dir='ltr'><strong>alibiautetn</strong></span> 
     </span>
    </p>
   </div>
   <div class='ocr_carea' id='block_1_81' title="bbox 1920 2129 3520 2200">
    <p class='ocr_par' dir='ltr' id='par_1_81' title="bbox 1920 2129 3520 2200">
     <span class='ocr_line' id='line_1_81' title="bbox 1920 2129 3520 2200; baseline -0.004 -11"><span class='ocrx_word' id='word_1_616' title='bbox 1920 2143 1975 2190; x_wconf 90' lang='lat' dir='ltr'><strong>et</strong></span> <span class='ocrx_word' id='word_1_617' title='bbox 1997 2143 2230 2189; x_wconf 91' lang='lat' dir='ltr'><strong>mentem</strong></span> <span class='ocrx_word' id='word_1_618' title='bbox 2257 2141 2496 2187; x_wconf 88' lang='lat' dir='ltr'><strong>nostram</strong></span> <span class='ocrx_word' id='word_1_619' title='bbox 2525 2129 2971 2200; x_wconf 77' lang='lat' dir='ltr'><strong>exsuperare,sic</strong></span> <span class='ocrx_word' id='word_1_620' title='bbox 2995 2129 3178 2184; x_wconf 90' lang='lat' dir='ltr'><strong>dicens</strong></span> <span class='ocrx_word' id='word_1_621' title='bbox 3207 2147 3221 2183; x_wconf 89' lang='lat'><strong>:</strong></span> <span class='ocrx_word' id='word_1_622' title='bbox 3251 2129 3368 2184; x_wconf 75' lang='lat' dir='ltr'><strong>Paa&#39;.</strong></span> <span class='ocrx_word' id='word_1_623' title='bbox 3392 2129 3520 2196; x_wconf 85' lang='lat' dir='ltr'><strong>Dei,</strong></span> 
     </span>
    </p>
   </div>
   <div class='ocr_carea' id='block_1_82' title="bbox 1922 2221 3521 2290">
    <p class='ocr_par' dir='ltr' id='par_1_82' title="bbox 1922 2221 3521 2290">
     <span class='ocr_line' id='line_1_82' title="bbox 1922 2221 3521 2290; baseline -0.001 -10"><span class='ocrx_word' id='word_1_624' title='bbox 1922 2241 2035 2285; x_wconf 70' lang='lat' dir='ltr'><strong>aut:</strong></span> <span class='ocrx_word' id='word_1_625' title='bbox 2063 2233 2331 2290; x_wconf 68' lang='lat' dir='ltr'><strong>exsuperat</strong></span> <span class='ocrx_word' id='word_1_626' title='bbox 2369 2239 2567 2278; x_wconf 83' lang='lat' dir='ltr'><strong>omnem</strong></span> <span class='ocrx_word' id='word_1_627' title='bbox 2593 2231 2807 2277; x_wconf 86' lang='lat' dir='ltr'><strong>mentem</strong></span> <span class='ocrx_word' id='word_1_628' title='bbox 2824 2262 2839 2288; x_wconf 88' lang='lat'><strong>,</strong></span> <span class='ocrx_word' id='word_1_629' title='bbox 2872 2221 3120 2277; x_wconf 79' lang='lat' dir='ltr'><strong>custodiet</strong></span> <span class='ocrx_word' id='word_1_630' title='bbox 3156 2222 3312 2278; x_wconf 81' lang='lat' dir='ltr'><strong>corda</strong></span> <span class='ocrx_word' id='word_1_631' title='bbox 3332 2233 3521 2278; x_wconf 80' lang='lat' dir='ltr'><strong>vestra.</strong></span> 
     </span>
    </p>
   </div>
   <div class='ocr_carea' id='block_1_83' title="bbox 1926 2317 2315 2390">
    <p class='ocr_par' dir='ltr' id='par_1_83' title="bbox 1926 2317 2315 2390">
     <span class='ocr_line' id='line_1_83' title="bbox 1926 2317 2315 2390; baseline -0.005 -18"><span class='ocrx_word' id='word_1_632' title='bbox 1926 2317 2111 2390; x_wconf 81' lang='lat' dir='ltr'><strong>(Ptn&#39;t.</strong></span> <span class='ocrx_word' id='word_1_633' title='bbox 2139 2319 2194 2374; x_wconf 65' lang='grc' dir='ltr'><strong>ιι</strong></span> <span class='ocrx_word' id='word_1_634' title='bbox 2229 2318 2315 2389; x_wconf 89' lang='lat'><strong>7).</strong></span> 
     </span>
    </p>
   </div>
   <div class='ocr_carea' id='block_1_84' title="bbox 1997 2429 3522 2500">
    <p class='ocr_par' dir='ltr' id='par_1_84' title="bbox 1997 2429 3522 2500">
     <span class='ocr_line' id='line_1_84' title="bbox 1997 2429 3522 2500; baseline -0.003 -14"><span class='ocrx_word' id='word_1_635' title='bbox 1997 2431 2136 2486; x_wconf 84' lang='lat' dir='ltr'><strong>Deus</strong></span> <span class='ocrx_word' id='word_1_636' title='bbox 2156 2449 2254 2485; x_wconf 87' lang='lat' dir='ltr'><strong>non</strong></span> <span class='ocrx_word' id='word_1_637' title='bbox 2271 2448 2386 2485; x_wconf 87' lang='lat' dir='ltr'><strong>cum</strong></span> <span class='ocrx_word' id='word_1_638' title='bbox 2407 2432 2496 2484; x_wconf 88' lang='lat' dir='ltr'><strong>dat</strong></span> <span class='ocrx_word' id='word_1_639' title='bbox 2517 2430 2687 2498; x_wconf 82' lang='lat' dir='ltr'><strong>modo,</strong></span> <span class='ocrx_word' id='word_1_640' title='bbox 2705 2430 2795 2485; x_wconf 82' lang='lat' dir='ltr'><strong>sed</strong></span> <span class='ocrx_word' id='word_1_641' title='bbox 2816 2430 2968 2484; x_wconf 89' lang='lat' dir='ltr'><strong>etiam</strong></span> <span class='ocrx_word' id='word_1_642' title='bbox 2995 2445 3109 2482; x_wconf 86' lang='lat' dir='ltr'><strong>cum</strong></span> <span class='ocrx_word' id='word_1_643' title='bbox 3129 2432 3317 2500; x_wconf 80' lang='lat' dir='ltr'><strong>aufert,</strong></span> <span class='ocrx_word' id='word_1_644' title='bbox 3342 2429 3522 2483; x_wconf 81' lang='lat' dir='ltr'><strong>bonus.</strong></span> 
     </span>
    </p>
   </div>
   <div class='ocr_carea' id='block_1_85' title="bbox 1923 2517 3525 2592">
    <p class='ocr_par' dir='ltr' id='par_1_85' title="bbox 1923 2517 3525 2592">
     <span class='ocr_line' id='line_1_85' title="bbox 1923 2517 3525 2592; baseline -0.004 -13"><span class='ocrx_word' id='word_1_645' title='bbox 1923 2553 1994 2564; x_wconf 92' lang='lat'><strong>—</strong></span> <span class='ocrx_word' id='word_1_646' title='bbox 2015 2523 2118 2579; x_wconf 88' lang='lat' dir='ltr'><strong>Sed</strong></span> <span class='ocrx_word' id='word_1_647' title='bbox 2143 2522 2285 2592; x_wconf 89' lang='lat' dir='ltr'><strong>quod</strong></span> <span class='ocrx_word' id='word_1_648' title='bbox 2307 2521 2573 2588; x_wconf 86' lang='lat' dir='ltr'><strong>dicebam,</strong></span> <span class='ocrx_word' id='word_1_649' title='bbox 2591 2521 2697 2576; x_wconf 92' lang='lat' dir='ltr'><strong>duo</strong></span> <span class='ocrx_word' id='word_1_650' title='bbox 2717 2519 2930 2590; x_wconf 90' lang='lat' dir='ltr'><strong>quidem</strong></span> <span class='ocrx_word' id='word_1_651' title='bbox 2955 2519 3210 2574; x_wconf 88' lang='lat' dir='ltr'><strong>hactenus</strong></span> <span class='ocrx_word' id='word_1_652' title='bbox 3225 2517 3525 2573; x_wconf 90' lang='lat' dir='ltr'><strong>defensioni</strong></span> 
     </span>
    </p>
   </div>
   <div class='ocr_carea' id='block_1_86' title="bbox 1925 2609 3522 2684">
    <p class='ocr_par' dir='ltr' id='par_1_86' title="bbox 1925 2609 3522 2684">
     <span class='ocr_line' id='line_1_86' title="bbox 1925 2609 3522 2684; baseline -0.003 -16"><span class='ocrx_word' id='word_1_653' title='bbox 1925 2615 2136 2684; x_wconf 83' lang='lat' dir='ltr'><strong>reperti</strong></span> <span class='ocrx_word' id='word_1_654' title='bbox 2151 2624 2275 2668; x_wconf 89' lang='lat' dir='ltr'><strong>sunt</strong></span> <span class='ocrx_word' id='word_1_655' title='bbox 2321 2612 2466 2667; x_wconf 91' lang='lat' dir='ltr'><strong>modi</strong></span> <span class='ocrx_word' id='word_1_656' title='bbox 2496 2631 2510 2666; x_wconf 92' lang='lat'>:</span> <span class='ocrx_word' id='word_1_657' title='bbox 2542 2627 2681 2668; x_wconf 92' lang='lat' dir='ltr'><strong>unus</strong></span> <span class='ocrx_word' id='word_1_658' title='bbox 2704 2652 2719 2676; x_wconf 92' lang='lat'><strong>,</strong></span> <span class='ocrx_word' id='word_1_659' title='bbox 2750 2611 2892 2681; x_wconf 90' lang='lat' dir='ltr'><strong>quod</strong></span> <span class='ocrx_word' id='word_1_660' title='bbox 2938 2627 3044 2665; x_wconf 90' lang='lat' dir='ltr'><strong>non</strong></span> <span class='ocrx_word' id='word_1_661' title='bbox 3092 2611 3229 2665; x_wconf 88' lang='lat' dir='ltr'><strong>Deus</strong></span> <span class='ocrx_word' id='word_1_662' title='bbox 3264 2609 3522 2678; x_wconf 90' lang='lat' dir='ltr'><strong>ejecerit,</strong></span> 
     </span>
    </p>
   </div>
   <div class='ocr_carea' id='block_1_87' title="bbox 1926 2700 3524 2771">
    <p class='ocr_par' dir='ltr' id='par_1_87' title="bbox 1926 2700 3524 2771">
     <span class='ocr_line' id='line_1_87' title="bbox 1926 2700 3524 2771; baseline -0.006 -7"><span class='ocrx_word' id='word_1_663' title='bbox 1926 2706 2021 2764; x_wconf 89' lang='lat' dir='ltr'><strong>sed</strong></span> <span class='ocrx_word' id='word_1_664' title='bbox 2061 2720 2159 2760; x_wconf 89' lang='lat' dir='ltr'><strong>nos</strong></span> <span class='ocrx_word' id='word_1_665' title='bbox 2201 2706 2540 2760; x_wconf 88' lang='lat' dir='ltr'><strong>amiserimus</strong></span> <span class='ocrx_word' id='word_1_666' title='bbox 2581 2722 2594 2757; x_wconf 91' lang='lat'><strong>:</strong></span> <span class='ocrx_word' id='word_1_667' title='bbox 2640 2703 2940 2767; x_wconf 90' lang='lat' dir='ltr'><strong>secundus,</strong></span> <span class='ocrx_word' id='word_1_668' title='bbox 2985 2700 3128 2771; x_wconf 87' lang='lat' dir='ltr'><strong>quod</strong></span> <span class='ocrx_word' id='word_1_669' title='bbox 3175 2701 3322 2770; x_wconf 91' lang='lat' dir='ltr'><strong>plura</strong></span> <span class='ocrx_word' id='word_1_670' title='bbox 3364 2715 3524 2769; x_wconf 88' lang='lat' dir='ltr'><strong>quam</strong></span> 
     </span>
    </p>
   </div>
   <div class='ocr_carea' id='block_1_88' title="bbox 1926 2793 3525 2863">
    <p class='ocr_par' dir='ltr' id='par_1_88' title="bbox 1926 2793 3525 2863">
     <span class='ocr_line' id='line_1_88' title="bbox 1926 2793 3525 2863; baseline -0.007 -7"><span class='ocrx_word' id='word_1_671' title='bbox 1926 2802 2139 2856; x_wconf 88' lang='lat' dir='ltr'><strong>fuerant</strong></span> <span class='ocrx_word' id='word_1_672' title='bbox 2158 2815 2187 2854; x_wconf 89' lang='lat' dir='ltr'><strong>a</strong></span> <span class='ocrx_word' id='word_1_673' title='bbox 2210 2798 2366 2854; x_wconf 89' lang='lat' dir='ltr'><strong>nobis</strong></span> <span class='ocrx_word' id='word_1_674' title='bbox 2392 2798 2609 2863; x_wconf 90' lang='lat' dir='ltr'><strong>amissa,</strong></span> <span class='ocrx_word' id='word_1_675' title='bbox 2636 2797 2688 2851; x_wconf 92' lang='lat' dir='ltr'><strong>in</strong></span> <span class='ocrx_word' id='word_1_676' title='bbox 2720 2810 2817 2849; x_wconf 90' lang='lat' dir='ltr'><strong>nos</strong></span> <span class='ocrx_word' id='word_1_677' title='bbox 2844 2794 3036 2849; x_wconf 88' lang='lat' dir='ltr'><strong>collata</strong></span> <span class='ocrx_word' id='word_1_678' title='bbox 3064 2794 3172 2848; x_wconf 88' lang='lat' dir='ltr'><strong>sint</strong></span> <span class='ocrx_word' id='word_1_679' title='bbox 3200 2793 3339 2846; x_wconf 89' lang='lat' dir='ltr'><strong>bona</strong></span> <span class='ocrx_word' id='word_1_680' title='bbox 3365 2809 3379 2846; x_wconf 88' lang='lat'><strong>:</strong></span> <span class='ocrx_word' id='word_1_681' title='bbox 3404 2793 3525 2846; x_wconf 86' lang='lat' dir='ltr'><strong>voto</strong></span> 
     </span>
    </p>
   </div>
   <div class='ocr_carea' id='block_1_89' title="bbox 1928 2881 3527 2954">
    <p class='ocr_par' dir='ltr' id='par_1_89' title="bbox 1928 2881 3527 2954">
     <span class='ocr_line' id='line_1_89' title="bbox 1928 2881 3527 2954; baseline -0.005 -8"><span class='ocrx_word' id='word_1_682' title='bbox 1928 2902 2106 2946; x_wconf 88' lang='lat' dir='ltr'><strong>autem</strong></span> <span class='ocrx_word' id='word_1_683' title='bbox 2135 2900 2190 2946; x_wconf 90' lang='lat' dir='ltr'><strong>et</strong></span> <span class='ocrx_word' id='word_1_684' title='bbox 2220 2891 2435 2944; x_wconf 90' lang='lat' dir='ltr'><strong>tertium</strong></span> <span class='ocrx_word' id='word_1_685' title='bbox 2461 2888 2664 2942; x_wconf 89' lang='lat' dir='ltr'><strong>dicere.</strong></span> <span class='ocrx_word' id='word_1_686' title='bbox 2692 2886 2822 2952; x_wconf 89' lang='lat' dir='ltr'><strong>Quis</strong></span> <span class='ocrx_word' id='word_1_687' title='bbox 2850 2900 2978 2954; x_wconf 85' lang='lat' dir='ltr'><strong>ergo</strong></span> <span class='ocrx_word' id='word_1_688' title='bbox 3001 2887 3188 2939; x_wconf 92' lang='lat' dir='ltr'><strong>tertius</strong></span> <span class='ocrx_word' id='word_1_689' title='bbox 3217 2883 3342 2939; x_wconf 81' lang='lat' dir='ltr'><strong>est?</strong></span> <span class='ocrx_word' id='word_1_690' title='bbox 3371 2881 3527 2950; x_wconf 87' lang='lat' dir='ltr'><strong>Quod</strong></span> 
     </span>
    </p>
   </div>
   <div class='ocr_carea' id='block_1_90' title="bbox 1928 2975 3526 3049">
    <p class='ocr_par' dir='ltr' id='par_1_90' title="bbox 1928 2975 3526 3049">
     <span class='ocr_line' id='line_1_90' title="bbox 1928 2975 3526 3049; baseline -0.006 -12"><span class='ocrx_word' id='word_1_691' title='bbox 1928 2984 2178 3037; x_wconf 89' lang='lat' dir='ltr'><strong>nimirum</strong></span> <span class='ocrx_word' id='word_1_692' title='bbox 2207 2981 2414 3036; x_wconf 90' lang='lat' dir='ltr'><strong>etiamsi</strong></span> <span class='ocrx_word' id='word_1_693' title='bbox 2441 2978 2645 3049; x_wconf 89' lang='lat' dir='ltr'><strong>majora</strong></span> <span class='ocrx_word' id='word_1_694' title='bbox 2673 2992 2832 3047; x_wconf 88' lang='lat' dir='ltr'><strong>quam</strong></span> <span class='ocrx_word' id='word_1_695' title='bbox 2861 2976 3072 3031; x_wconf 88' lang='lat' dir='ltr'><strong>fuerant</strong></span> <span class='ocrx_word' id='word_1_696' title='bbox 3095 2975 3313 3040; x_wconf 90' lang='lat' dir='ltr'><strong>amissa,</strong></span> <span class='ocrx_word' id='word_1_697' title='bbox 3344 2983 3526 3043; x_wconf 90' lang='lat' dir='ltr'><strong>postea</strong></span> 
     </span>
    </p>
   </div>
   <div class='ocr_carea' id='block_1_91' title="bbox 1928 3065 3528 3140">
    <p class='ocr_par' dir='ltr' id='par_1_91' title="bbox 1928 3065 3528 3140">
     <span class='ocr_line' id='line_1_91' title="bbox 1928 3065 3528 3140; baseline -0.006 -11"><span class='ocrx_word' id='word_1_698' title='bbox 1928 3091 2034 3129; x_wconf 91' lang='lat' dir='ltr'><strong>non</strong></span> <span class='ocrx_word' id='word_1_699' title='bbox 2067 3074 2326 3136; x_wconf 87' lang='lat' dir='ltr'><strong>dedisset,</strong></span> <span class='ocrx_word' id='word_1_700' title='bbox 2359 3072 2453 3127; x_wconf 90' lang='lat' dir='ltr'><strong>sed</strong></span> <span class='ocrx_word' id='word_1_701' title='bbox 2486 3086 2604 3140; x_wconf 76' lang='lat' dir='ltr'><strong>qua:</strong></span> <span class='ocrx_word' id='word_1_702' title='bbox 2629 3068 2752 3123; x_wconf 90' lang='lat' dir='ltr'><strong>data</strong></span> <span class='ocrx_word' id='word_1_703' title='bbox 2782 3067 3015 3128; x_wconf 77' lang='lat' dir='ltr'><strong>fuerant,</strong></span> <span class='ocrx_word' id='word_1_704' title='bbox 3045 3075 3251 3120; x_wconf 89' lang='lat' dir='ltr'><strong>tantum</strong></span> <span class='ocrx_word' id='word_1_705' title='bbox 3278 3065 3528 3121; x_wconf 79' lang='lat' dir='ltr'><strong>abstulis-</strong></span> 
     </span>
    </p>
   </div>
   <div class='ocr_carea' id='block_1_92' title="bbox 1928 3153 3525 3229">
    <p class='ocr_par' dir='ltr' id='par_1_92' title="bbox 1928 3153 3525 3229">
     <span class='ocr_line' id='line_1_92' title="bbox 1928 3153 3525 3229; baseline -0.007 -9"><span class='ocrx_word' id='word_1_706' title='bbox 1928 3175 2030 3229; x_wconf 89' lang='lat' dir='ltr'><strong>set,</strong></span> <span class='ocrx_word' id='word_1_707' title='bbox 2054 3180 2174 3220; x_wconf 92' lang='lat' dir='ltr'><strong>cum</strong></span> <span class='ocrx_word' id='word_1_708' title='bbox 2198 3178 2296 3218; x_wconf 88' lang='lat' dir='ltr'><strong>nos</strong></span> <span class='ocrx_word' id='word_1_709' title='bbox 2316 3177 2531 3217; x_wconf 88' lang='lat' dir='ltr'><strong>causam</strong></span> <span class='ocrx_word' id='word_1_710' title='bbox 2553 3160 2885 3214; x_wconf 84' lang='lat' dir='ltr'><strong>dedissemus</strong></span> <span class='ocrx_word' id='word_1_711' title='bbox 2908 3157 3045 3224; x_wconf 89' lang='lat' dir='ltr'><strong>(hoc</strong></span> <span class='ocrx_word' id='word_1_712' title='bbox 3065 3158 3205 3211; x_wconf 90' lang='lat' dir='ltr'><strong>enim</strong></span> <span class='ocrx_word' id='word_1_713' title='bbox 3229 3153 3486 3226; x_wconf 86' lang='lat' dir='ltr'><strong>addatur)</strong></span> <span class='ocrx_word' id='word_1_714' title='bbox 3510 3171 3525 3209; x_wconf 92' lang='lat'><strong>:</strong></span> 
     </span>
    </p>
   </div>
   <div class='ocr_carea' id='block_1_93' title="bbox 1931 3247 3609 3323">
    <p class='ocr_par' dir='ltr' id='par_1_93' title="bbox 1931 3247 3609 3323">
     <span class='ocr_line' id='line_1_93' title="bbox 1931 3247 3609 3323; baseline -0.005 -14"><span class='ocrx_word' id='word_1_715' title='bbox 1931 3255 2033 3309; x_wconf 90' lang='lat' dir='ltr'><strong>hoc</strong></span> <span class='ocrx_word' id='word_1_716' title='bbox 2058 3268 2270 3323; x_wconf 90' lang='lat' dir='ltr'><strong>quoque</strong></span> <span class='ocrx_word' id='word_1_717' title='bbox 2299 3252 2597 3306; x_wconf 79' lang='lat' dir='ltr'><strong>suti&#39;ecisset</strong></span> <span class='ocrx_word' id='word_1_718' title='bbox 2627 3265 2788 3303; x_wconf 89' lang='lat' dir='ltr'><strong>unum</strong></span> <span class='ocrx_word' id='word_1_719' title='bbox 2831 3248 2898 3303; x_wconf 90' lang='lat' dir='ltr'><strong>ad</strong></span> <span class='ocrx_word' id='word_1_720' title='bbox 2939 3249 3106 3318; x_wconf 89' lang='lat' dir='ltr'><strong>ipsius</strong></span> <span class='ocrx_word' id='word_1_721' title='bbox 3140 3247 3528 3316; x_wconf 88' lang='lat' dir='ltr'><strong>providentiam</strong></span> <span class='ocrx_word' id='word_1_722' title='bbox 3606 3251 3609 3254; x_wconf 86' lang='grc'><em>’</em></span> 
     </span>
    </p>
   </div>
   <div class='ocr_carea' id='block_1_94' title="bbox 1930 3339 3528 3414">
    <p class='ocr_par' dir='ltr' id='par_1_94' title="bbox 1930 3339 3528 3414">
     <span class='ocr_line' id='line_1_94' title="bbox 1930 3339 3528 3414; baseline -0.006 -12"><span class='ocrx_word' id='word_1_723' title='bbox 1930 3359 1984 3402; x_wconf 90' lang='lat' dir='ltr'><strong>et</strong></span> <span class='ocrx_word' id='word_1_724' title='bbox 2013 3362 2196 3401; x_wconf 90' lang='lat' dir='ltr'><strong>curam</strong></span> <span class='ocrx_word' id='word_1_725' title='bbox 2225 3359 2351 3414; x_wconf 85' lang='lat' dir='ltr'><strong>erga</strong></span> <span class='ocrx_word' id='word_1_726' title='bbox 2395 3358 2492 3397; x_wconf 92' lang='lat' dir='ltr'><strong>nos</strong></span> <span class='ocrx_word' id='word_1_727' title='bbox 2532 3339 2942 3397; x_wconf 88' lang='lat' dir='ltr'><strong>ostendendam.</strong></span> <span class='ocrx_word' id='word_1_728' title='bbox 2985 3339 3167 3409; x_wconf 79' lang='lat' dir='ltr'><strong>Neque</strong></span> <span class='ocrx_word' id='word_1_729' title='bbox 3213 3339 3356 3394; x_wconf 89' lang='lat' dir='ltr'><strong>enim</strong></span> <span class='ocrx_word' id='word_1_730' title='bbox 3388 3339 3528 3408; x_wconf 84' lang='lat' dir='ltr'><strong>quod</strong></span> 
     </span>
    </p>
   </div>
   <div class='ocr_carea' id='block_1_95' title="bbox 1931 3431 3527 3505">
    <p class='ocr_par' dir='ltr' id='par_1_95' title="bbox 1931 3431 3527 3505">
     <span class='ocr_line' id='line_1_95' title="bbox 1931 3431 3527 3505; baseline -0.008 -10"><span class='ocrx_word' id='word_1_731' title='bbox 1931 3441 2020 3495; x_wconf 90' lang='lat' dir='ltr'><strong>det</strong></span> <span class='ocrx_word' id='word_1_732' title='bbox 2049 3450 2250 3494; x_wconf 91' lang='lat' dir='ltr'><strong>tantum</strong></span> <span class='ocrx_word' id='word_1_733' title='bbox 2273 3481 2288 3505; x_wconf 97' lang='lat'><strong>,</strong></span> <span class='ocrx_word' id='word_1_734' title='bbox 2312 3437 2408 3492; x_wconf 89' lang='lat' dir='ltr'><strong>sed</strong></span> <span class='ocrx_word' id='word_1_735' title='bbox 2445 3436 2606 3491; x_wconf 87' lang='lat' dir='ltr'><strong>etiam</strong></span> <span class='ocrx_word' id='word_1_736' title='bbox 2637 3434 2778 3504; x_wconf 90' lang='lat' dir='ltr'><strong>quod</strong></span> <span class='ocrx_word' id='word_1_737' title='bbox 2819 3449 2936 3503; x_wconf 77' lang='lat' dir='ltr'><strong>qua:</strong></span> <span class='ocrx_word' id='word_1_738' title='bbox 2976 3431 3097 3486; x_wconf 90' lang='lat' dir='ltr'><strong>data</strong></span> <span class='ocrx_word' id='word_1_739' title='bbox 3135 3441 3262 3488; x_wconf 90' lang='lat' dir='ltr'><strong>sunt</strong></span> <span class='ocrx_word' id='word_1_740' title='bbox 3286 3431 3527 3494; x_wconf 85' lang='lat' dir='ltr'><strong>auferat,</strong></span> 
     </span>
    </p>
   </div>
   <div class='ocr_carea' id='block_1_96' title="bbox 1933 3521 3531 3601">
    <p class='ocr_par' dir='ltr' id='par_1_96' title="bbox 1933 3521 3531 3601">
     <span class='ocr_line' id='line_1_96' title="bbox 1933 3521 3531 3601; baseline -0.008 -13"><span class='ocrx_word' id='word_1_741' title='bbox 1933 3533 2180 3588; x_wconf 71' lang='lat' dir='ltr'><strong>maxima:</strong></span> <span class='ocrx_word' id='word_1_742' title='bbox 2206 3527 2476 3601; x_wconf 89' lang='lat' dir='ltr'><strong>specimen</strong></span> <span class='ocrx_word' id='word_1_743' title='bbox 2507 3542 2615 3596; x_wconf 74' lang='lat' dir='ltr'><strong>pra:</strong></span> <span class='ocrx_word' id='word_1_744' title='bbox 2640 3541 2698 3580; x_wconf 90' lang='lat' dir='ltr'><strong>se</strong></span> <span class='ocrx_word' id='word_1_745' title='bbox 2727 3525 2828 3580; x_wconf 87' lang='lat' dir='ltr'><strong>fert</strong></span> <span class='ocrx_word' id='word_1_746' title='bbox 2853 3523 3217 3594; x_wconf 86' lang='lat' dir='ltr'><strong>benignitatis.</strong></span> <span class='ocrx_word' id='word_1_747' title='bbox 3247 3523 3321 3576; x_wconf 81' lang='lat' dir='ltr'><strong>Ac</strong></span> <span class='ocrx_word' id='word_1_748' title='bbox 3347 3523 3389 3575; x_wconf 90' lang='lat' dir='ltr'><strong>si</strong></span> <span class='ocrx_word' id='word_1_749' title='bbox 3419 3521 3531 3589; x_wconf 75' lang='lat' dir='ltr'><strong>pla-</strong></span> 
     </span>
    </p>
   </div>
   <div class='ocr_carea' id='block_1_97' title="bbox 1932 3610 3558 3687">
    <p class='ocr_par' dir='ltr' id='par_1_97' title="bbox 1932 3610 3558 3687">
     <span class='ocr_line' id='line_1_97' title="bbox 1932 3610 3558 3687; baseline -0.009 -9"><span class='ocrx_word' id='word_1_750' title='bbox 1932 3632 2052 3687; x_wconf 90' lang='lat' dir='ltr'><strong>cet,</strong></span> <span class='ocrx_word' id='word_1_751' title='bbox 2084 3637 2148 3676; x_wconf 91' lang='lat' dir='ltr'><strong>cx</strong></span> <span class='ocrx_word' id='word_1_752' title='bbox 2190 3634 2438 3674; x_wconf 84' lang='lat' dir='ltr'><strong>sermone</strong></span> <span class='ocrx_word' id='word_1_753' title='bbox 2467 3618 2532 3672; x_wconf 89' lang='lat' dir='ltr'><strong>de</strong></span> <span class='ocrx_word' id='word_1_754' title='bbox 2562 3616 2807 3686; x_wconf 89' lang='lat' dir='ltr'><strong>paradiso</strong></span> <span class='ocrx_word' id='word_1_755' title='bbox 2853 3614 2902 3669; x_wconf 90' lang='lat' dir='ltr'><strong>id</strong></span> <span class='ocrx_word' id='word_1_756' title='bbox 2934 3613 3220 3668; x_wconf 88' lang='lat' dir='ltr'><strong>ostendere</strong></span> <span class='ocrx_word' id='word_1_757' title='bbox 3254 3610 3558 3682; x_wconf 77' lang='lat' dir='ltr'><strong>aggredia-‘</strong></span> 
     </span>
    </p>
   </div>
   <div class='ocr_carea' id='block_1_98' title="bbox 1933 3700 3532 3773">
    <p class='ocr_par' dir='ltr' id='par_1_98' title="bbox 1933 3700 3532 3773">
     <span class='ocr_line' id='line_1_98' title="bbox 1933 3700 3532 3773; baseline -0.009 -5"><span class='ocrx_word' id='word_1_758' title='bbox 1933 3729 2076 3768; x_wconf 88' lang='lat' dir='ltr'><strong>mur.</strong></span> <span class='ocrx_word' id='word_1_759' title='bbox 2100 3711 2410 3766; x_wconf 89' lang='lat' dir='ltr'><strong>Paradisum</strong></span> <span class='ocrx_word' id='word_1_760' title='bbox 2439 3708 2682 3772; x_wconf 85' lang='lat' dir='ltr'><strong>dederat,</strong></span> <span class='ocrx_word' id='word_1_761' title='bbox 2717 3707 2817 3759; x_wconf 91' lang='lat' dir='ltr'><strong>hoc</strong></span> <span class='ocrx_word' id='word_1_762' title='bbox 2848 3705 3015 3773; x_wconf 90' lang='lat' dir='ltr'><strong>ipsius</strong></span> <span class='ocrx_word' id='word_1_763' title='bbox 3043 3718 3184 3756; x_wconf 73' lang='lat' dir='ltr'><strong>curre</strong></span> <span class='ocrx_word' id='word_1_764' title='bbox 3216 3701 3315 3756; x_wconf 93' lang='lat' dir='ltr'><strong>fuit</strong></span> <span class='ocrx_word' id='word_1_765' title='bbox 3345 3719 3357 3753; x_wconf 91' lang='lat'><strong>:</strong></span> <span class='ocrx_word' id='word_1_766' title='bbox 3391 3700 3532 3754; x_wconf 84' lang='lat' dir='ltr'><strong>indi-</strong></span> 
     </span>
    </p>
   </div>
   <div class='ocr_carea' id='block_1_99' title="bbox 1934 3794 3531 3877">
    <p class='ocr_par' dir='ltr' id='par_1_99' title="bbox 1934 3794 3531 3877">
     <span class='ocr_line' id='line_1_99' title="bbox 1934 3794 3531 3877; baseline -0.009 -17"><span class='ocrx_word' id='word_1_767' title='bbox 1934 3807 2022 3877; x_wconf 91' lang='lat' dir='ltr'><strong>gni</strong></span> <span class='ocrx_word' id='word_1_768' title='bbox 2047 3805 2152 3859; x_wconf 91' lang='lat' dir='ltr'><strong>hoc</strong></span> <span class='ocrx_word' id='word_1_769' title='bbox 2182 3817 2402 3858; x_wconf 88' lang='lat' dir='ltr'><strong>munere</strong></span> <span class='ocrx_word' id='word_1_770' title='bbox 2429 3802 2529 3855; x_wconf 91' lang='lat' dir='ltr'><strong>visi</strong></span> <span class='ocrx_word' id='word_1_771' title='bbox 2559 3813 2765 3864; x_wconf 91' lang='lat' dir='ltr'><strong>sumus,</strong></span> <span class='ocrx_word' id='word_1_772' title='bbox 2795 3798 2897 3852; x_wconf 91' lang='lat' dir='ltr'><strong>hoc</strong></span> <span class='ocrx_word' id='word_1_773' title='bbox 2925 3807 3120 3850; x_wconf 76' lang='lat' dir='ltr'><strong>nostra:</strong></span> <span class='ocrx_word' id='word_1_774' title='bbox 3149 3795 3244 3849; x_wconf 89' lang='lat' dir='ltr'><strong>fuit</strong></span> <span class='ocrx_word' id='word_1_775' title='bbox 3271 3794 3531 3863; x_wconf 90' lang='lat' dir='ltr'><strong>improbi-</strong></span> 
     </span>
    </p>
   </div>
   <div class='ocr_carea' id='block_1_100' title="bbox 1935 3886 3529 3958">
    <p class='ocr_par' dir='ltr' id='par_1_100' title="bbox 1935 3886 3529 3958">
     <span class='ocr_line' id='line_1_100' title="bbox 1935 3886 3529 3958; baseline -0.01 -6"><span class='ocrx_word' id='word_1_776' title='bbox 1935 3898 2058 3953; x_wconf 84' lang='lat' dir='ltr'><strong>tatis</strong></span> <span class='ocrx_word' id='word_1_777' title='bbox 2088 3911 2100 3949; x_wconf 91' lang='lat'>:</span> <span class='ocrx_word' id='word_1_778' title='bbox 2129 3894 2352 3950; x_wconf 90' lang='lat' dir='ltr'><strong>abstulit</strong></span> <span class='ocrx_word' id='word_1_779' title='bbox 2395 3907 2590 3946; x_wconf 87' lang='lat' dir='ltr'><strong>munus</strong></span> <span class='ocrx_word' id='word_1_780' title='bbox 2640 3890 2742 3944; x_wconf 92' lang='lat' dir='ltr'><strong>illis</strong></span> <span class='ocrx_word' id='word_1_781' title='bbox 2764 3931 2779 3955; x_wconf 93' lang='lat'><strong>,</strong></span> <span class='ocrx_word' id='word_1_782' title='bbox 2812 3889 2900 3958; x_wconf 92' lang='lat' dir='ltr'><strong>qui</strong></span> <span class='ocrx_word' id='word_1_783' title='bbox 2953 3886 3152 3956; x_wconf 83' lang='lat' dir='ltr'><strong>indigni</strong></span> <span class='ocrx_word' id='word_1_784' title='bbox 3201 3895 3482 3941; x_wconf 82' lang='lat' dir='ltr'><strong>evaserant</strong></span> <span class='ocrx_word' id='word_1_785' title='bbox 3515 3901 3529 3936; x_wconf 90' lang='lat'><strong>:</strong></span> 
     </span>
    </p>
   </div>
   <div class='ocr_carea' id='block_1_101' title="bbox 1937 3974 3531 4056">
    <p class='ocr_par' dir='ltr' id='par_1_101' title="bbox 1937 3974 3531 4056">
     <span class='ocr_line' id='line_1_101' title="bbox 1937 3974 3531 4056; baseline -0.008 -16"><span class='ocrx_word' id='word_1_786' title='bbox 1937 3988 2040 4042; x_wconf 87' lang='lat' dir='ltr'><strong>hoc</strong></span> <span class='ocrx_word' id='word_1_787' title='bbox 2080 3986 2249 4056; x_wconf 88' lang='lat' dir='ltr'><strong>ipsius</strong></span> <span class='ocrx_word' id='word_1_788' title='bbox 2289 3984 2510 4038; x_wconf 88' lang='lat' dir='ltr'><strong>bonitati</strong></span> <span class='ocrx_word' id='word_1_789' title='bbox 2554 3978 2894 4034; x_wconf 88' lang='lat' dir='ltr'><strong>tribuendum</strong></span> <span class='ocrx_word' id='word_1_790' title='bbox 2939 3985 3040 4032; x_wconf 91' lang='lat' dir='ltr'><strong>est.</strong></span> <span class='ocrx_word' id='word_1_791' title='bbox 3074 3977 3138 4030; x_wconf 84' lang='lat' dir='ltr'><strong>Et</strong></span> <span class='ocrx_word' id='word_1_792' title='bbox 3167 3992 3285 4045; x_wconf 66' lang='lat' dir='ltr'><strong>qua:</strong></span> <span class='ocrx_word' id='word_1_793' title='bbox 3317 3974 3531 4028; x_wconf 86' lang='lat' dir='ltr'><strong>tandem</strong></span> 
     </span>
    </p>
   </div>
   <div class='ocr_carea' id='block_1_102' title="bbox 1938 4070 3537 4135">
    <p class='ocr_par' dir='ltr' id='par_1_102' title="bbox 1938 4070 3537 4135">
     <span class='ocr_line' id='line_1_102' title="bbox 1938 4070 3537 4135; baseline -0.011 -1"><span class='ocrx_word' id='word_1_794' title='bbox 1938 4081 2053 4135; x_wconf 77' lang='lat' dir='ltr'><strong>lucc</strong></span> <span class='ocrx_word' id='word_1_795' title='bbox 2081 4080 2293 4135; x_wconf 86' lang='lat' dir='ltr'><strong>bonitas</strong></span> <span class='ocrx_word' id='word_1_796' title='bbox 2314 4087 2397 4131; x_wconf 90' lang='lat' dir='ltr'><strong>est</strong></span> <span class='ocrx_word' id='word_1_797' title='bbox 2421 4091 2536 4130; x_wconf 89' lang='lat' dir='ltr'><strong>rem</strong></span> <span class='ocrx_word' id='word_1_798' title='bbox 2565 4075 2741 4128; x_wconf 88' lang='lat' dir='ltr'><strong>datam</strong></span> <span class='ocrx_word' id='word_1_799' title='bbox 2770 4071 3024 4126; x_wconf 86' lang='lat' dir='ltr'><strong>auferre?</strong></span> <span class='ocrx_word' id='word_1_800' title='bbox 3053 4070 3396 4135; x_wconf 72' lang='lat' dir='ltr'><strong>Evspecta,et</strong></span> <span class='ocrx_word' id='word_1_801' title='bbox 3419 4083 3537 4119; x_wconf 70' lang='lat' dir='ltr'><strong>om.</strong></span> 
     </span>
    </p>
   </div>
   <div class='ocr_carea' id='block_1_103' title="bbox 1939 4155 3532 4234">
    <p class='ocr_par' dir='ltr' id='par_1_103' title="bbox 1939 4155 3532 4234">
     <span class='ocr_line' id='line_1_103' title="bbox 1939 4155 3532 4234; baseline -0.011 -10"><span class='ocrx_word' id='word_1_802' title='bbox 1939 4171 2066 4224; x_wconf 91' lang='lat' dir='ltr'><strong>nino</strong></span> <span class='ocrx_word' id='word_1_803' title='bbox 2092 4167 2297 4223; x_wconf 84' lang='lat' dir='ltr'><strong>audies.</strong></span> <span class='ocrx_word' id='word_1_804' title='bbox 2326 4165 2512 4234; x_wconf 84' lang='lat' dir='ltr'><strong>Cogita</strong></span> <span class='ocrx_word' id='word_1_805' title='bbox 2539 4177 2768 4230; x_wconf 88' lang='lat' dir='ltr'><strong>namque</strong></span> <span class='ocrx_word' id='word_1_806' title='bbox 2791 4163 2909 4230; x_wconf 92' lang='lat' dir='ltr'><strong>quis</strong></span> <span class='ocrx_word' id='word_1_807' title='bbox 2941 4159 3148 4213; x_wconf 88' lang='lat' dir='ltr'><strong>futurus</strong></span> <span class='ocrx_word' id='word_1_808' title='bbox 3173 4157 3358 4210; x_wconf 80' lang='lat' dir='ltr'><strong>fuisset</strong></span> <span class='ocrx_word' id='word_1_809' title='bbox 3379 4155 3532 4221; x_wconf 83' lang='lat' dir='ltr'><strong>Cain,</strong></span> 
     </span>
    </p>
   </div>
   <div class='ocr_carea' id='block_1_104' title="bbox 1938 4245 3534 4330">
    <p class='ocr_par' dir='ltr' id='par_1_104' title="bbox 1938 4245 3534 4330">
     <span class='ocr_line' id='line_1_104' title="bbox 1938 4245 3534 4330; baseline -0.011 -15"><span class='ocrx_word' id='word_1_810' title='bbox 1938 4262 1983 4315; x_wconf 91' lang='lat' dir='ltr'><strong>si</strong></span> <span class='ocrx_word' id='word_1_811' title='bbox 2024 4267 2146 4330; x_wconf 90' lang='lat' dir='ltr'><strong>post</strong></span> <span class='ocrx_word' id='word_1_812' title='bbox 2191 4255 2537 4311; x_wconf 90' lang='lat' dir='ltr'><strong>homicidium</strong></span> <span class='ocrx_word' id='word_1_813' title='bbox 2581 4255 2632 4306; x_wconf 91' lang='lat' dir='ltr'><strong>in</strong></span> <span class='ocrx_word' id='word_1_814' title='bbox 2674 4251 2921 4322; x_wconf 84' lang='lat' dir='ltr'><strong>paradiso</strong></span> <span class='ocrx_word' id='word_1_815' title='bbox 2965 4249 3267 4302; x_wconf 87' lang='lat' dir='ltr'><strong>mansisset.</strong></span> <span class='ocrx_word' id='word_1_816' title='bbox 3296 4246 3350 4301; x_wconf 87' lang='lat' dir='ltr'><strong>Si</strong></span> <span class='ocrx_word' id='word_1_817' title='bbox 3391 4245 3534 4299; x_wconf 86' lang='lat' dir='ltr'><strong>enim</strong></span> 
     </span>
    </p>
   </div>
   <div class='ocr_carea' id='block_1_105' title="bbox 1939 4338 3536 4406">
    <p class='ocr_par' dir='ltr' id='par_1_105' title="bbox 1939 4338 3536 4406">
     <span class='ocr_line' id='line_1_105' title="bbox 1939 4338 3536 4406; baseline -0.009 0"><span class='ocrx_word' id='word_1_818' title='bbox 1939 4366 2060 4406; x_wconf 91' lang='lat' dir='ltr'><strong>cum</strong></span> <span class='ocrx_word' id='word_1_819' title='bbox 2091 4351 2157 4404; x_wconf 87' lang='lat' dir='ltr'><strong>ab</strong></span> <span class='ocrx_word' id='word_1_820' title='bbox 2187 4349 2273 4402; x_wconf 92' lang='lat' dir='ltr'><strong>illa</strong></span> <span class='ocrx_word' id='word_1_821' title='bbox 2320 4344 2648 4400; x_wconf 87' lang='lat' dir='ltr'><strong>habitatione</strong></span> <span class='ocrx_word' id='word_1_822' title='bbox 2690 4342 3015 4405; x_wconf 79' lang='lat' dir='ltr'><strong>excidisset,</strong></span> <span class='ocrx_word' id='word_1_823' title='bbox 3053 4340 3095 4392; x_wconf 92' lang='lat' dir='ltr'><strong>si</strong></span> <span class='ocrx_word' id='word_1_824' title='bbox 3123 4338 3188 4391; x_wconf 88' lang='lat' dir='ltr'><strong>ad</strong></span> <span class='ocrx_word' id='word_1_825' title='bbox 3225 4338 3459 4391; x_wconf 90' lang='lat' dir='ltr'><strong>laborem</strong></span> <span class='ocrx_word' id='word_1_826' title='bbox 3482 4347 3536 4392; x_wconf 87' lang='lat' dir='ltr'><strong>et</strong></span> 
     </span>
    </p>
   </div>
   <div class='ocr_carea' id='block_1_106' title="bbox 1941 4431 3539 4498">
    <p class='ocr_par' dir='ltr' id='par_1_106' title="bbox 1941 4431 3539 4498">
     <span class='ocr_line' id='line_1_106' title="bbox 1941 4431 3539 4498; baseline -0.01 0"><span class='ocrx_word' id='word_1_827' title='bbox 1941 4457 2205 4498; x_wconf 76' lang='lat' dir='ltr'><strong>:erumuas</strong></span> <span class='ocrx_word' id='word_1_828' title='bbox 2228 4441 2512 4495; x_wconf 89' lang='lat' dir='ltr'><strong>damnatus</strong></span> <span class='ocrx_word' id='word_1_829' title='bbox 2533 4445 2586 4491; x_wconf 93' lang='lat' dir='ltr'><strong>et</strong></span> <span class='ocrx_word' id='word_1_830' title='bbox 2613 4436 2798 4489; x_wconf 90' lang='lat' dir='ltr'><strong>mortis</strong></span> <span class='ocrx_word' id='word_1_831' title='bbox 2827 4436 2997 4489; x_wconf 89' lang='lat' dir='ltr'><strong>minas</strong></span> <span class='ocrx_word' id='word_1_832' title='bbox 3019 4434 3230 4486; x_wconf 90' lang='lat' dir='ltr'><strong>intuens</strong></span> <span class='ocrx_word' id='word_1_833' title='bbox 3254 4431 3539 4486; x_wconf 86' lang='lat' dir='ltr'><strong>imminen-</strong></span> 
     </span>
    </p>
   </div>
   <div class='ocr_carea' id='block_1_107' title="bbox 1944 4523 3539 4602">
    <p class='ocr_par' dir='ltr' id='par_1_107' title="bbox 1944 4523 3539 4602">
     <span class='ocr_line' id='line_1_107' title="bbox 1944 4523 3539 4602; baseline -0.009 -12"><span class='ocrx_word' id='word_1_834' title='bbox 1944 4548 2043 4602; x_wconf 88' lang='lat' dir='ltr'><strong>tes,</strong></span> <span class='ocrx_word' id='word_1_835' title='bbox 2077 4535 2120 4588; x_wconf 89' lang='lat' dir='ltr'><strong>si</strong></span> <span class='ocrx_word' id='word_1_836' title='bbox 2149 4550 2265 4588; x_wconf 91' lang='lat' dir='ltr'><strong>cum</strong></span> <span class='ocrx_word' id='word_1_837' title='bbox 2293 4539 2417 4585; x_wconf 87' lang='lat' dir='ltr'><strong>ante</strong></span> <span class='ocrx_word' id='word_1_838' title='bbox 2446 4529 2632 4584; x_wconf 87' lang='lat' dir='ltr'><strong>oculos</strong></span> <span class='ocrx_word' id='word_1_839' title='bbox 2659 4527 2886 4596; x_wconf 82' lang='lat' dir='ltr'><strong>positam</strong></span> <span class='ocrx_word' id='word_1_840' title='bbox 2919 4524 3152 4592; x_wconf 89' lang='lat' dir='ltr'><strong>parentis</strong></span> <span class='ocrx_word' id='word_1_841' title='bbox 3179 4523 3539 4577; x_wconf 85' lang='lat' dir='ltr'><strong>calamitatem</strong></span> 
     </span>
    </p>
   </div>
   <div class='ocr_carea' id='block_1_108' title="bbox 1945 4604 3539 4689">
    <p class='ocr_par' dir='ltr' id='par_1_108' title="bbox 1945 4604 3539 4689">
     <span class='ocr_line' id='line_1_108' title="bbox 1945 4604 3539 4689; baseline -0.011 -8"><span class='ocrx_word' id='word_1_842' title='bbox 1945 4628 2241 4681; x_wconf 87' lang='lat' dir='ltr'><strong>haberetet</strong></span> <span class='ocrx_word' id='word_1_843' title='bbox 2270 4623 2476 4689; x_wconf 87' lang='lat' dir='ltr'><strong>objecta</strong></span> <span class='ocrx_word' id='word_1_844' title='bbox 2511 4617 2736 4687; x_wconf 89' lang='lat' dir='ltr'><strong>pedibus</strong></span> <span class='ocrx_word' id='word_1_845' title='bbox 2773 4615 2882 4669; x_wconf 91' lang='lat' dir='ltr'><strong>suis</strong></span> <span class='ocrx_word' id='word_1_846' title='bbox 2919 4615 3013 4667; x_wconf 77' lang='lat' dir='ltr'><strong>irae</strong></span> <span class='ocrx_word' id='word_1_847' title='bbox 3043 4614 3132 4666; x_wconf 85' lang='lat' dir='ltr'><strong>Dei</strong></span> <span class='ocrx_word' id='word_1_848' title='bbox 3166 4604 3385 4682; x_wconf 85' lang='lat' dir='ltr'><strong>vestigia</strong></span> <span class='ocrx_word' id='word_1_849' title='bbox 3421 4627 3539 4665; x_wconf 81' lang='lat' dir='ltr'><strong>cer-</strong></span> 
     </span>
    </p>
   </div>
   <div class='ocr_carea' id='block_1_109' title="bbox 1945 4706 3540 4784">
    <p class='ocr_par' dir='ltr' id='par_1_109' title="bbox 1945 4706 3540 4784">
     <span class='ocr_line' id='line_1_109' title="bbox 1945 4706 3540 4784; baseline -0.012 -7"><span class='ocrx_word' id='word_1_850' title='bbox 1945 4730 2118 4784; x_wconf 88' lang='lat' dir='ltr'><strong>neret,</strong></span> <span class='ocrx_word' id='word_1_851' title='bbox 2158 4734 2220 4771; x_wconf 93' lang='lat' dir='ltr'><strong>ac</strong></span> <span class='ocrx_word' id='word_1_852' title='bbox 2258 4716 2417 4770; x_wconf 87' lang='lat' dir='ltr'><strong>tantis</strong></span> <span class='ocrx_word' id='word_1_853' title='bbox 2448 4713 2602 4766; x_wconf 90' lang='lat' dir='ltr'><strong>malis</strong></span> <span class='ocrx_word' id='word_1_854' title='bbox 2629 4712 3018 4776; x_wconf 89' lang='lat' dir='ltr'><strong>circumseptus</strong></span> <span class='ocrx_word' id='word_1_855' title='bbox 3044 4713 3221 4765; x_wconf 86' lang='lat' dir='ltr'><strong>esset.</strong></span> <span class='ocrx_word' id='word_1_856' title='bbox 3255 4706 3306 4758; x_wconf 94' lang='lat' dir='ltr'><strong>in</strong></span> <span class='ocrx_word' id='word_1_857' title='bbox 3339 4714 3540 4758; x_wconf 88' lang='lat' dir='ltr'><strong>tantam</strong></span> 
     </span>
    </p>
   </div>
   <div class='ocr_carea' id='block_1_110' title="bbox 1943 4799 3542 4879">
    <p class='ocr_par' dir='ltr' id='par_1_110' title="bbox 1943 4799 3542 4879">
     <span class='ocr_line' id='line_1_110' title="bbox 1943 4799 3542 4879; baseline -0.013 -13"><span class='ocrx_word' id='word_1_858' title='bbox 1943 4812 2119 4879; x_wconf 90' lang='lat' dir='ltr'><strong>erupit</strong></span> <span class='ocrx_word' id='word_1_859' title='bbox 2150 4805 2543 4876; x_wconf 88' lang='lat' dir='ltr'><strong>improbitatem</strong></span> <span class='ocrx_word' id='word_1_860' title='bbox 2571 4844 2584 4866; x_wconf 83' lang='lat'><strong>,</strong></span> <span class='ocrx_word' id='word_1_861' title='bbox 2618 4811 2676 4854; x_wconf 91' lang='lat' dir='ltr'><strong>ut</strong></span> <span class='ocrx_word' id='word_1_862' title='bbox 2706 4813 2948 4853; x_wconf 89' lang='lat' dir='ltr'><strong>naturam</strong></span> <span class='ocrx_word' id='word_1_863' title='bbox 2983 4799 3268 4866; x_wconf 78' lang='lat' dir='ltr'><strong>ignoraret,</strong></span> <span class='ocrx_word' id='word_1_864' title='bbox 3294 4809 3542 4848; x_wconf 82' lang='lat' dir='ltr'><strong>comnm-</strong></span> 
     </span>
    </p>
   </div>
   <div class='ocr_carea' id='block_1_111' title="bbox 1946 4884 3546 4968">
    <p class='ocr_par' dir='ltr' id='par_1_111' title="bbox 1946 4884 3546 4968">
     <span class='ocr_line' id='line_1_111' title="bbox 1946 4884 3546 4968; baseline -0.012 -12"><span class='ocrx_word' id='word_1_865' title='bbox 1946 4902 2121 4956; x_wconf 89' lang='lat' dir='ltr'><strong>nionis</strong></span> <span class='ocrx_word' id='word_1_866' title='bbox 2150 4908 2332 4968; x_wconf 88' lang='lat' dir='ltr'><strong>partus</strong></span> <span class='ocrx_word' id='word_1_867' title='bbox 2362 4895 2789 4956; x_wconf 88' lang='lat' dir='ltr'><strong>oblivisceretur,</strong></span> <span class='ocrx_word' id='word_1_868' title='bbox 2823 4904 2966 4955; x_wconf 90' lang='lat' dir='ltr'><strong>eum,</strong></span> <span class='ocrx_word' id='word_1_869' title='bbox 2995 4904 3022 4940; x_wconf 89' lang='lat' dir='ltr'><strong>a</strong></span> <span class='ocrx_word' id='word_1_870' title='bbox 3056 4902 3160 4956; x_wconf 91' lang='lat' dir='ltr'><strong>quo</strong></span> <span class='ocrx_word' id='word_1_871' title='bbox 3191 4886 3336 4940; x_wconf 80' lang='lat' dir='ltr'><strong>nulla</strong></span> <span class='ocrx_word' id='word_1_872' title='bbox 3372 4884 3546 4938; x_wconf 88' lang='lat' dir='ltr'><strong>fuerat</strong></span> 
     </span>
    </p>
   </div>
   <div class='ocr_carea' id='block_1_112' title="bbox 1947 4974 3546 5056">
    <p class='ocr_par' dir='ltr' id='par_1_112' title="bbox 1947 4974 3546 5056">
     <span class='ocr_line' id='line_1_112' title="bbox 1947 4974 3546 5056; baseline -0.011 -11"><span class='ocrx_word' id='word_1_873' title='bbox 1947 4991 2169 5045; x_wconf 84' lang='lat' dir='ltr'><strong>affectus</strong></span> <span class='ocrx_word' id='word_1_874' title='bbox 2196 4987 2404 5056; x_wconf 88' lang='lat' dir='ltr'><strong>injuria,</strong></span> <span class='ocrx_word' id='word_1_875' title='bbox 2437 4991 2670 5048; x_wconf 72' lang='lat' dir='ltr'><strong>necat-et,</strong></span> <span class='ocrx_word' id='word_1_876' title='bbox 2707 4981 2994 5035; x_wconf 89' lang='lat' dir='ltr'><strong>fraternum</strong></span> <span class='ocrx_word' id='word_1_877' title='bbox 3028 4977 3338 5045; x_wconf 86' lang='lat' dir='ltr'><strong>sanguinem</strong></span> <span class='ocrx_word' id='word_1_878' title='bbox 3366 4974 3546 5028; x_wconf 85' lang='lat' dir='ltr'><strong>funde-</strong></span> 
     </span>
    </p>
   </div>
   <div class='ocr_carea' id='block_1_113' title="bbox 1949 5065 3547 5149">
    <p class='ocr_par' dir='ltr' id='par_1_113' title="bbox 1949 5065 3547 5149">
     <span class='ocr_line' id='line_1_113' title="bbox 1949 5065 3547 5149; baseline -0.012 -11"><span class='ocrx_word' id='word_1_879' title='bbox 1949 5093 2068 5149; x_wconf 92' lang='lat' dir='ltr'><strong>ret,</strong></span> <span class='ocrx_word' id='word_1_880' title='bbox 2096 5082 2371 5136; x_wconf 87' lang='lat' dir='ltr'><strong>dexteram</strong></span> <span class='ocrx_word' id='word_1_881' title='bbox 2399 5083 2726 5138; x_wconf 87' lang='lat' dir='ltr'><strong>cruentaret,</strong></span> <span class='ocrx_word' id='word_1_882' title='bbox 2753 5086 2867 5126; x_wconf 81' lang='lat' dir='ltr'><strong>cun‘</strong></span> <span class='ocrx_word' id='word_1_883' title='bbox 2891 5085 2981 5140; x_wconf 68' lang='lat' dir='ltr'><strong>jue</strong></span> <span class='ocrx_word' id='word_1_884' title='bbox 3010 5070 3150 5123; x_wconf 92' lang='lat' dir='ltr'><strong>Deus</strong></span> <span class='ocrx_word' id='word_1_885' title='bbox 3179 5067 3324 5120; x_wconf 92' lang='lat' dir='ltr'><strong>illum</strong></span> <span class='ocrx_word' id='word_1_886' title='bbox 3353 5065 3547 5120; x_wconf 76' lang='lat' dir='ltr'><strong>admo-</strong></span> 
     </span>
    </p>
   </div>
   <div class='ocr_carea' id='block_1_114' title="bbox 1950 5157 3546 5239">
    <p class='ocr_par' dir='ltr' id='par_1_114' title="bbox 1950 5157 3546 5239">
     <span class='ocr_line' id='line_1_114' title="bbox 1950 5157 3546 5239; baseline -0.011 -12"><span class='ocrx_word' id='word_1_887' title='bbox 1950 5181 2105 5228; x_wconf 92' lang='lat' dir='ltr'><strong>neret</strong></span> <span class='ocrx_word' id='word_1_888' title='bbox 2155 5179 2213 5222; x_wconf 92' lang='lat' dir='ltr'><strong>ut</strong></span> <span class='ocrx_word' id='word_1_889' title='bbox 2259 5169 2578 5239; x_wconf 87' lang='lat' dir='ltr'><strong>quiesceret,</strong></span> <span class='ocrx_word' id='word_1_890' title='bbox 2628 5178 2732 5218; x_wconf 93' lang='lat' dir='ltr'><strong>non</strong></span> <span class='ocrx_word' id='word_1_891' title='bbox 2779 5177 2842 5231; x_wconf 90' lang='lat' dir='ltr'><strong>pa</strong></span> <span class='ocrx_word' id='word_1_892' title='bbox 2882 5170 3029 5223; x_wconf 72' lang='lat' dir='ltr'><strong>cret,</strong></span> <span class='ocrx_word' id='word_1_893' title='bbox 3071 5158 3162 5212; x_wconf 90' lang='lat' dir='ltr'><strong>sed</strong></span> <span class='ocrx_word' id='word_1_894' title='bbox 3211 5157 3546 5211; x_wconf 82' lang='lat' dir='ltr'><strong>conditorem</strong></span> 
     </span>
    </p>
   </div>
   <div class='ocr_carea' id='block_1_115' title="bbox 1951 5247 3545 5332">
    <p class='ocr_par' dir='ltr' id='par_1_115' title="bbox 1951 5247 3545 5332">
     <span class='ocr_line' id='line_1_115' title="bbox 1951 5247 3545 5332; baseline -0.013 -13"><span class='ocrx_word' id='word_1_895' title='bbox 1951 5281 2105 5320; x_wconf 88' lang='lat' dir='ltr'><strong>suum</strong></span> <span class='ocrx_word' id='word_1_896' title='bbox 2134 5263 2330 5332; x_wconf 89' lang='lat' dir='ltr'><strong>probro</strong></span> <span class='ocrx_word' id='word_1_897' title='bbox 2359 5259 2635 5323; x_wconf 83' lang='lat' dir='ltr'><strong>afficeret,</strong></span> <span class='ocrx_word' id='word_1_898' title='bbox 2667 5269 2845 5325; x_wconf 62' lang='lat' dir='ltr'><strong>parent</strong></span> <span class='ocrx_word' id='word_1_899' title='bbox 2880 5263 2974 5308; x_wconf 80' lang='lat' dir='ltr'><strong>ous</strong></span> <span class='ocrx_word' id='word_1_900' title='bbox 3003 5251 3344 5322; x_wconf 79' lang='lat' dir='ltr'><strong>ignominiam</strong></span> <span class='ocrx_word' id='word_1_901' title='bbox 3379 5247 3545 5302; x_wconf 83' lang='lat' dir='ltr'><strong>infer-</strong></span> 
     </span>
    </p>
   </div>
   <div class='ocr_carea' id='block_1_116' title="bbox 1951 5340 3546 5419">
    <p class='ocr_par' dir='ltr' id='par_1_116' title="bbox 1951 5340 3546 5419">
     <span class='ocr_line' id='line_1_116' title="bbox 1951 5340 3546 5419; baseline -0.01 -9"><span class='ocrx_word' id='word_1_902' title='bbox 1951 5364 2070 5419; x_wconf 91' lang='lat' dir='ltr'><strong>ret,</strong></span> <span class='ocrx_word' id='word_1_903' title='bbox 2101 5353 2190 5407; x_wconf 89' lang='lat' dir='ltr'><strong>hic</strong></span> <span class='ocrx_word' id='word_1_904' title='bbox 2227 5352 2270 5405; x_wconf 89' lang='lat' dir='ltr'><strong>si</strong></span> <span class='ocrx_word' id='word_1_905' title='bbox 2315 5351 2367 5404; x_wconf 92' lang='lat' dir='ltr'><strong>in</strong></span> <span class='ocrx_word' id='word_1_906' title='bbox 2413 5348 2661 5418; x_wconf 87' lang='lat' dir='ltr'><strong>paradiso</strong></span> <span class='ocrx_word' id='word_1_907' title='bbox 2690 5361 2835 5400; x_wconf 70' lang='lat' dir='ltr'><strong>versa</strong></span> <span class='ocrx_word' id='word_1_908' title='bbox 2889 5361 2933 5398; x_wconf 92' lang='lat' dir='ltr'><strong>lS</strong></span> <span class='ocrx_word' id='word_1_909' title='bbox 2974 5344 3158 5397; x_wconf 87' lang='lat' dir='ltr'><strong>fuisset</strong></span> <span class='ocrx_word' id='word_1_910' title='bbox 3182 5384 3196 5409; x_wconf 93' lang='lat'><strong>,</strong></span> <span class='ocrx_word' id='word_1_911' title='bbox 3227 5340 3466 5410; x_wconf 86' lang='lat' dir='ltr'><strong>expende</strong></span> <span class='ocrx_word' id='word_1_912' title='bbox 3495 5340 3546 5394; x_wconf 92' lang='lat' dir='ltr'><strong>in</strong></span> 
     </span>
    </p>
   </div>
   <div class='ocr_carea' id='block_1_117' title="bbox 1953 5431 3548 5517">
    <p class='ocr_par' dir='ltr' id='par_1_117' title="bbox 1953 5431 3548 5517">
     <span class='ocr_line' id='line_1_117' title="bbox 1953 5431 3548 5517; baseline -0.009 -17"><span class='ocrx_word' id='word_1_913' title='bbox 1953 5455 2203 5517; x_wconf 87' lang='lat' dir='ltr'><strong>quantam</strong></span> <span class='ocrx_word' id='word_1_914' title='bbox 2237 5442 2528 5511; x_wconf 86' lang='lat' dir='ltr'><strong>nequitiam</strong></span> <span class='ocrx_word' id='word_1_915' title='bbox 2576 5439 2828 5508; x_wconf 80' lang='lat' dir='ltr'><strong>prorupis</strong></span> <span class='ocrx_word' id='word_1_916' title='bbox 2870 5451 2921 5490; x_wconf 82' lang='lat' dir='ltr'><strong>.t.</strong></span> <span class='ocrx_word' id='word_1_917' title='bbox 2962 5435 3095 5490; x_wconf 87' lang='lat' dir='ltr'><strong>Nam</strong></span> <span class='ocrx_word' id='word_1_918' title='bbox 3142 5436 3185 5489; x_wconf 92' lang='lat' dir='ltr'><strong>si</strong></span> <span class='ocrx_word' id='word_1_919' title='bbox 3230 5444 3335 5487; x_wconf 88' lang='lat' dir='ltr'><strong>tam</strong></span> <span class='ocrx_word' id='word_1_920' title='bbox 3369 5431 3548 5486; x_wconf 87' lang='lat' dir='ltr'><strong>multis</strong></span> 
     </span>
    </p>
   </div>
   <div class='ocr_carea' id='block_1_118' title="bbox 1955 5522 3556 5602">
    <p class='ocr_par' dir='ltr' id='par_1_118' title="bbox 1955 5522 3556 5602">
     <span class='ocr_line' id='line_1_118' title="bbox 1955 5522 3556 5602; baseline -0.01 -11"><span class='ocrx_word' id='word_1_921' title='bbox 1955 5537 2116 5592; x_wconf 87' lang='lat' dir='ltr'><strong>frenis</strong></span> <span class='ocrx_word' id='word_1_922' title='bbox 2143 5533 2350 5602; x_wconf 85' lang='lat' dir='ltr'><strong>injectis</strong></span> <span class='ocrx_word' id='word_1_923' title='bbox 2369 5573 2384 5599; x_wconf 94' lang='lat'><strong>,</strong></span> <span class='ocrx_word' id='word_1_924' title='bbox 2415 5539 2491 5585; x_wconf 94' lang='lat' dir='ltr'><strong>tot</strong></span> <span class='ocrx_word' id='word_1_925' title='bbox 2520 5531 2708 5584; x_wconf 86' lang='lat' dir='ltr'><strong>letales</strong></span> <span class='ocrx_word' id='word_1_926' title='bbox 2738 5528 2903 5584; x_wconf 54' lang='lat' dir='ltr'><strong>saltus</strong></span> <span class='ocrx_word' id='word_1_927' title='bbox 2929 5527 3076 5584; x_wconf 89' lang='lat' dir='ltr'><strong>dedit</strong></span> <span class='ocrx_word' id='word_1_928' title='bbox 3096 5567 3111 5592; x_wconf 90' lang='lat'><strong>,</strong></span> <span class='ocrx_word' id='word_1_929' title='bbox 3141 5523 3184 5578; x_wconf 90' lang='lat' dir='ltr'><strong>si</strong></span> <span class='ocrx_word' id='word_1_930' title='bbox 3213 5524 3405 5579; x_wconf 88' lang='lat' dir='ltr'><strong>sublati</strong></span> <span class='ocrx_word' id='word_1_931' title='bbox 3427 5522 3556 5575; x_wconf 88' lang='lat' dir='ltr'><strong>obi-</strong></span> 
     </span>
    </p>
   </div>
   <div class='ocr_carea' id='block_1_119' title="bbox 2020 5749 2603 5814">
    <p class='ocr_par' dir='ltr' id='par_1_119' title="bbox 2020 5749 2603 5814">
     <span class='ocr_line' id='line_1_119' title="bbox 2020 5749 2603 5814; baseline -0.005 -11"><span class='ocrx_word' id='word_1_932' title='bbox 2020 5757 2037 5788; x_wconf 81' lang='grc'><strong>²</strong></span> <span class='ocrx_word' id='word_1_933' title='bbox 2073 5761 2202 5803; x_wconf 73' lang='lat' dir='ltr'><strong>tinus</strong></span> <span class='ocrx_word' id='word_1_934' title='bbox 2222 5751 2375 5812; x_wconf 86' lang='lat' dir='ltr'><strong>Colb.,</strong></span> <span class='ocrx_word' id='word_1_935' title='bbox 2399 5749 2603 5814; x_wconf 81' lang='lat' dir='ltr'><strong>copiam.</strong></span> 
     </span>
    </p>
   </div>
  </div>
