4190 6322
725 365 831 422 219
1426 368 1481 423 S.
1522 367 1635 423 10.5
1646 368 1796 423 Pile
1833 367 2311 426 CllRYSOSTOMI

726 495 820 533 res
848 479 933 535 isti
975 479 1199 536 fuissent
1222 522 1241 550 ,
1276 495 1384 551 quo
1419 497 1524 536 non
1550 483 1784 553 aeipsutn
1812 482 2137 551 praecipitem
2163 482 2307 553 egis-

727 571 863 623 set?
1295 550 1307 551 ί
1766 550 1772 563 ³

798 655 924 711 an!
949 659 1144 731 profuit
1166 670 1309 713 extra
1338 660 1632 728 paradisum
1658 658 1908 729 fuisse.—
1932 658 2025 715 Vis
2053 660 2211 716 etiam
2239 673 2307 714 ex

726 749 912 804 matris
940 749 1098 820 hujus
1124 752 1368 820 exemplo
1391 752 1620 817 discere,
1644 762 1897 821 quantum
1921 752 2114 806 bonum
2140 750 2307 805 exsti-

725 841 850 894 terit
877 855 907 894 a
933 842 1162 911 paradisi
1191 842 1515 897 habitatione
1533 844 1834 898 excidisse?
1859 843 2109 899 Scrutare
2134 843 2308 913 qualis

722 942 881 986 antea
924 942 1069 987 esset
1107 933 1258 999 Eva,
1306 944 1361 989 et
1410 934 1581 1002 qualis
1621 945 1802 1004 postea
1847 922 2098 989 evaserit.
2138 938 2308 990 Antea

720 1022 935 1089 quidem
980 1022 1319 1095 deceptorem
1362 1025 1650 1089 diabolum,
1697 1025 1985 1095 malignum
2031 1025 2309 1082 illumdas-

720 1126 937 1168 nionem
985 1113 1091 1169 ﬁde
1135 1114 1427 1184 digniorem
1476 1115 1567 1170 Dei
1608 1116 1871 1172 mandatis
1888 1117 2228 1179 existimavit,
2258 1126 2309 1171 et

720 1203 840 1259 solo
887 1204 1091 1260 arboris
1127 1216 1344 1273 aspectu
1368 1207 1541 1261 illecta
1584 1208 1742 1263 latam
1772 1209 1840 1263 ab
1868 1209 1961 1277 illo
1991 1210 2162 1277 legem
2188 1210 2305 1263 vio-

712 1293 856 1348 lavit
894 1310 909 1359 ;
952 1303 1229 1365 postquam
1273 1304 1449 1351 autem
1497 1298 1696 1353 excidit
1725 1298 1990 1367 paradiso,
2019 1314 2125 1368 quo
2153 1308 2306 1368 pacto

722 1386 913 1441 melior
952 1401 1017 1442 ac
1059 1388 1351 1444 modestior
1379 1389 1448 1443 sit
1491 1390 1644 1455 facta,
1676 1391 1975 1445 considera.
2003 1391 2137 1445 Cum
2164 1392 2306 1445 enim

720 1474 883 1529 tilium
933 1486 1076 1531 esset
1130 1478 1316 1545 enixa,
1370 1478 1621 1545 Possedi,
1677 1480 1865 1550 inquit,
1920 1481 2168 1536 hominem
2219 1498 2308 1550 per

718 1564 888 1621 Deum
929 1566 1085 1633 (Gen.
1117 1570 1172 1624 4.
1203 1571 1281 1639 1).
1312 1570 1392 1625 Ad
1425 1572 1707 1626 Dominum
1746 1572 2030 1628 confestim
2072 1575 2307 1645 confugit

715 1670 799 1719 ea,
831 1672 950 1726 qua:
982 1658 1261 1713 Dominum
1304 1672 1430 1715 ante
1465 1671 1879 1730 contempserat,
1912 1678 2083 1732 neque
2104 1673 2304 1719 natura:

716 1758 829 1797 rem
859 1748 1134 1813 adscribit,
1175 1764 1349 1819 neque
1389 1752 1708 1806 matrimonii
1749 1752 1951 1822 legibus
1982 1764 2187 1831 partum
2216 1767 2303 1808 ac-

714 1846 926 1905 ceptum
970 1838 1099 1903 fert;
1138 1841 1230 1895 sed
1282 1850 1482 1897 natura:
1524 1845 1803 1898 Dominum
1851 1846 2108 1915 agnoscit,
2145 1848 2303 1916 eique

714 1936 842 1981 nato
860 1920 971 1996 jam
1003 1929 1108 1984 filio
1136 1934 1334 2001 gratias
1359 1935 1503 2003 agit:
1526 1951 1752 2006 quaeque
1780 1939 2024 1991 maritum
2056 1948 2207 1993 antea
2245 1938 2299 1994 in

716 2015 955 2071 fraudem
984 2018 1242 2086 illexerat,
1267 2022 1431 2075 ﬁlium
1454 2025 1614 2078 etiam
1643 2025 2075 2097 erudivit,_eique
2105 2043 2301 2083 nomen

712 2106 983 2175 imposuit,
1033 2124 1063 2163 a
1112 2126 1216 2180 quo
1254 2113 1322 2167 de
1362 2113 1454 2168 Dei
1499 2128 1720 2169 munere
1766 2126 1945 2186 posset
1985 2120 2299 2176 admoneri:

710 2212 935 2267 cumque
986 2201 1213 2271 alterum
1264 2220 1452 2260 rursus
1502 2208 1817 2276 peperisset,
1863 2210 1974 2264 ait:
2025 2211 2302 2266 Suscitatn't

711 2289 837 2341 mihi
868 2289 1003 2343 Deus
1028 2308 1193 2345 semen
1221 2310 1314 2363 pro
1338 2296 1484 2360 Abel,
1517 2313 1664 2366 quem
1690 2299 1869 2351 occidit
1899 2298 2025 2353 Cain
2058 2300 2210 2368 (Gen.
2242 2303 2295 2358 4.

709 2378 824 2449 25).
871 2380 1200 2437 Calamitatis
1247 2386 1576 2451 recordatur,
1623 2403 1797 2456 neque
1824 2388 1924 2443 fert
1964 2390 2302 2460 impatienter

712 2469 922 2533 mulier,
949 2472 1042 2524 sed
1074 2472 1263 2527 iterum
1292 2475 1401 2528 Deo
1427 2477 1622 2544 gratias
1646 2478 1771 2546 agit,
1796 2493 1859 2532 ac
1885 2479 1993 2532 filio
2019 2495 2211 2535 nomen
2232 2497 2299 2537 ex

711 2573 932 2613 munere
975 2558 1153 2614 divino
1196 2563 1440 2631 imponit,
1489 2566 1646 2635 eique
1692 2577 1998 2637 perpetuam
2041 2571 2300 2626 doctrina:

708 2648 1041 2702 occasionem
1088 2652 1307 2719 praebet.
1349 2653 1447 2719 Ita,
1491 2653 1618 2708 dum
1666 2656 1827 2710 etiam
1871 2658 2108 2724 abstulit,
2157 2660 2299 2717 Deus

708 2736 912 2805 majora
938 2738 1071 2791 bona
1098 2740 1317 2810 largitus
1334 2750 1437 2796 est.
1464 2743 1718 2799 Paradiso
1742 2747 1940 2801 excidit
1959 2749 2168 2812 mulier.
2200 2750 2295 2805 sed

706 2826 773 2877 ad
807 2825 899 2879 Dei
920 2828 1273 2895 cognitionem
1301 2831 1399 2884 hac
1427 2831 1688 2901 ejectione
1712 2836 1938 2903 deducta
1965 2848 2083 2892 est:
2116 2840 2296 2909 itaque

708 2917 828 2984 plus
854 2918 1075 2984 invenit,
1113 2935 1271 2989 quam
1313 2922 1563 2990 perdidit.
1592 2912 1749 2990 ‘Quod
1778 2928 1822 2979 si
1853 2927 1982 2982 utile
2009 2936 2123 2984 erat
2148 2930 2296 2984 exci-

706 3006 835 3059 dere
885 3008 1149 3074 paradiso,
1200 3011 1350 3078 cujus
1393 3013 1469 3065 rei
1510 3016 1685 3082 gratia
1708 3017 2008 3083 paradisum
2050 3020 2118 3074 ab
2144 3019 2296 3076 initio

701 3096 849 3150 dedit
872 3098 1047 3152 Deus?
1074 3099 1285 3155 Utiliter
1306 3102 1408 3157 hoc
1428 3102 1623 3159 factum
1644 3117 1748 3168 est,
1767 3095 1847 3161 'mi
1873 3109 2053 3176 homo,
2076 3123 2295 3182 prepter

706 3189 1079 3257 negligmtiam
1122 3200 1358 3246 nostram
1400 3211 1413 3245 :
1464 3195 1642 3260 itaque
1674 3199 1717 3255 si
1753 3199 1853 3253 sibi
1895 3202 2164 3258 cat-issent
2191 3205 2289 3273 illi,

702 3292 768 3331 ac
797 3278 1075 3333 Dominum
1095 3284 1516 3349 aguovissent,et
1539 3287 1701 3340 sobrii
1723 3288 1945 3343 fuissent
1965 3306 2028 3345 ac
2042 3278 2289 3363 modesti,

706 3372 1124 3437 permansissent
1150 3376 1200 3428 in
1222 3374 1454 3443 honore;
1486 3393 1606 3433 cum
1634 3390 1810 3435 autem
1828 3381 2010 3438 datum
2040 3385 2139 3440 sibi
2171 3403 2291 3443 mu-

707 3475 806 3513 nus
852 3461 1140 3529 ignominia
1186 3464 1509 3529 affecissent,
1557 3477 1687 3523 tunc
1726 3473 1853 3525 utile
1900 3474 2013 3531 fuit.
2048 3484 2105 3531 ut
2128 3478 2293 3545 ejice-

705 3559 908 3604 rentur.
946 3552 1053 3607 Cur
1092 3544 1249 3622 igitur
1293 3556 1424 3612 illud
1472 3558 1624 3613 initio
1665 3560 1811 3616 dedit
1845 3563 2018 3619 Deus?
2051 3566 2115 3622 Ut
2141 3544 2291 3624 suam

706 3642 1011 3696 ostenderet
1040 3643 1442 3715 benignitatem,
1470 3663 1636 3720 seque
1663 3664 1901 3721 paratum
1930 3670 2143 3726 semper
2170 3672 2291 3713 esse

705 3750 804 3789 nos
830 3736 895 3789 ad
936 3738 1165 3803 majores
1211 3738 1445 3796 honores
1488 3746 1811 3812 prot-eltere;
1842 3762 1939 3802 nos
1973 3765 2101 3804 vero
2136 3751 2290 3807 nobis

706 3824 903 3894 ubique
946 3841 1221 3893 poenarum
1264 3838 1318 3883 et
1356 3831 1731 3900 suppliciorum
1779 3829 2025 3892 ductores
2072 3854 2286 3907 sumus,

704 3916 831 3970 dum
881 3931 977 3971 nos
1020 3918 1165 3985 ipsos
1213 3929 1392 3973 nostra
1441 3922 1683 3977 socordia
1732 3924 1919 3991 bonis,
1971 3943 2091 3996 qua:
2136 3929 2291 3985 nobis

709 4004 911 4059 fuerant
937 4020 1213 4071 concessa,
1243 4008 1531 4076 privamus.
1562 4010 1629 4066 Ut
1658 4013 1815 4083 igitur
1836 4016 2115 4085 indulgens
2141 4029 2291 4087 pater

707 4096 855 4150 initio
882 4096 1093 4165 quidem
1124 4099 1285 4152 tilium
1316 4114 1469 4155 suum
1512 4102 1655 4157 domi
1702 4120 1916 4160 manere
1959 4108 2085 4161 sinit
2112 4118 2167 4163 et
2193 4124 2289 4177 pa-

708 4187 872 4240 ternis
911 4188 1158 4241 omuibus
1204 4189 1302 4242 frui
1345 4189 1529 4253 bonis;
1580 4202 1858 4260 postquam
1916 4204 2093 4250 autem
2140 4197 2287 4251 illum

704 4275 897 4330 viderit
920 4275 1020 4329 hoc
1046 4277 1252 4331 honore
1277 4276 1440 4333 fuisse
1465 4279 1834 4347 depravatum,
1862 4293 2008 4338 arcet
2029 4300 2057 4339 a
2082 4301 2285 4353 meum,

705 4380 768 4419 ac
792 4366 944 4434 longe
969 4382 999 4419 a
1022 4380 1310 4437 conspectu
1338 4384 1435 4423 suo
1463 4371 1709 4431 collocat,
1735 4388 2102 4441 smpenumero
2126 4377 2287 4432 etiam

706 4470 773 4508 ex
806 4454 934 4522 ipsis
965 4459 1196 4523 paternis
1225 4458 1426 4513 :edibus
1451 4459 1613 4528 ejicit,
1647 4472 1702 4514 ut
1726 4461 1826 4515 illis
1854 4464 2086 4531 privatus
2112 4476 2165 4520 et
2186 4466 2286 4521 hac

702 4544 1022 4598 contumelia
1057 4553 1109 4599 et
1145 4545 1408 4602 dedecore
1447 4551 1635 4605 melior
1659 4550 1897 4618 effectus,
1925 4553 2139 4624 dignum
2160 4557 2284 4611 red-

704 4635 783 4691 itu
814 4634 1045 4705 seipsum
1068 4650 1255 4689 rursus
1287 4638 1502 4703 efficiat,
1532 4654 1595 4692 ac
1643 4651 1913 4710 paternam
1964 4648 2140 4715 capiat
2168 4648 2278 4702 Ita:-

706 4727 982 4781 reditatem
1011 4747 1024 4782 :
1058 4725 1128 4780 ita
1152 4741 1359 4797 quoque
1387 4728 1512 4784 fecit
1545 4730 1704 4787 Deus.
1737 4732 2042 4790 Paradisum
2084 4738 2283 4794 homini

704 4817 852 4870 dedit
870 4836 881 4869 :
899 4832 1022 4871 cum
1048 4834 1107 4873 se
1135 4820 1404 4890 indignum
1433 4822 1774 4890 ostendisset,
1793 4826 1969 4893 ejecit,
1990 4837 2048 4883 ut
2066 4840 2282 4885 externa

705 4907 792 4960 Illa
825 4905 1150 4963 habitatione
1194 4910 1585 4982 ignominiaque
1612 4914 1802 4969 melior
1827 4915 2043 4974 effectus
2077 4935 2140 4974 ac
2166 4896 2281 4976 mo-

704 4994 943 5059 destior,
994 4996 1181 5066 dignus
1229 4999 1404 5054 reditu
1451 5012 1751 5071 appareret.
1803 5006 2062 5072 Quoniam
2125 5010 2307 5079 igitur

707 5094 890 5152 postea
918 5086 1231 5154 resipuerat,
1257 5098 1469 5144 revocat
1497 5092 1642 5147 illum
1675 5110 1876 5159 rursus,
1905 5109 1959 5152 et
1983 5102 2089 5152 ait:
2118 5099 2286 5155 Hodie

702 5192 897 5231 «ecum
925 5181 1021 5233 eris
1044 5181 1367 5249 imparadico
1391 5183 1635 5255 (Luc.23.
1668 5188 1779 5257 45).
1815 5189 1973 5246 Vides
2002 5208 2104 5246 non
2139 5193 2283 5261 qttod

703 5269 911 5326 dederit
967 5272 1299 5340 paradisum,
1354 5275 1448 5331 sed
1499 5278 1639 5346 quod
1692 5279 1909 5351 cjeeerit
1950 5297 1983 5337 e
2034 5286 2283 5352 paradiso

703 5361 948 5417 maxima
980 5378 1123 5417 cura:
1168 5366 1436 5433 specimen
1482 5369 1786 5424 exstitisse?
1824 5371 1923 5425 nisi
1956 5374 2097 5428 enim
2128 5389 2283 5445 para-

702 5453 820 5509 diso
856 5454 1161 5524 excidisset,
1201 5458 1447 5528 paradiso
1495 5461 1687 5533 dignus
1729 5478 1915 5524 rursus
1962 5481 2069 5521 non
2110 5483 2278 5539 appa-

703 5544 916 5599 ruisset.

774 5635 827 5689 ι.
869 5636 1019 5691 Hune
1060 5638 1219 5709 igitur
1256 5654 1559 5699 sermonem
1602 5655 1861 5719 perpetuo
1902 5652 2155 5706 memoria
2201 5660 2279 5708 te-

704 5741 944 5798 neatnus,
991 5727 1130 5787 hunc
1174 5740 1229 5789 et
1271 5734 1323 5790 in
1353 5747 1665 5807 argumento
1707 5739 2002 5812 preposito,
2030 5742 2076 5801 si
2105 5743 2271 5814 lubet,

2356 370 2669 429 ARClllFZP.
2712 376 3250 437 CONSTANTINOP.

3893 376 4000 431 230

2422 485 2760 541 vcntilemus.
2815 486 3162 542 Communem
3214 486 3461 545 omnibus
3522 487 3757 559 linguam
3811 488 3995 545 dedit:

2416 575 2517 631 hoc
2543 576 2659 645 ejus
2691 577 2787 631 fuit
2810 576 3171 647 benignitatis.
3218 577 3331 632 Non
3376 584 3455 633 usi
3503 590 3626 634 sunt
3670 580 3745 635 illi
3771 578 3913 634 dono
3941 590 3995 634 ut

2412 680 2550 736 opus
2572 666 2683 732 fuit,
2715 666 2809 722 sed
2836 667 2889 721 in
2914 678 3204 722 extremam
3230 667 3553 723 dementiam
3581 680 3706 724 sunt
3732 670 3995 739 prolapsi;

2412 760 2555 828 quod
2604 759 2785 814 datum
2837 759 3026 825 fuerat,
3074 776 3259 815 rursus
3302 760 3539 815 abstulit.
3587 761 3644 817 Si
3686 762 3831 817 enim
3857 762 4000 832 quod

2413 865 2571 903 unam
2603 850 2834 919 linguam
2873 848 3152 918 haberent,
3186 851 3237 904 in
3267 860 3463 905 tantam
3503 852 3761 906 insaniam
3794 852 3999 907 incide-

2413 948 2558 1005 runt,
2593 948 2650 993 nt
2678 940 2863 993 turrim
2894 940 2959 993 ad
2980 940 3140 995 caclos
3169 956 3334 1011 usque
3362 942 3708 1010 pertinentem
3730 940 4002 996 aediﬁcare

2412 1028 2644 1094 vellent,
2691 1029 2793 1082 nisi
2834 1029 3012 1082 statim
3064 1030 3231 1099 puniti
3277 1029 3538 1097 fuissent,
3592 1046 3771 1086 nonne
3824 1032 4000 1100 ipsum

2410 1138 2625 1193 quoque
2690 1124 2943 1178 calorum
3010 1123 3277 1192 fastigium
3321 1139 3581 1193 occupare
3631 1124 4003 1194 cupivissent?

2409 1212 2557 1267 Licet
2601 1213 2742 1268 enim
2789 1213 2894 1268 illis
2936 1223 3077 1269 esset
3120 1213 3461 1284 impossibile,
3515 1223 3689 1269 tamen
3741 1213 3787 1267 si
3832 1214 4000 1268 animi

2411 1309 2622 1371 spectes
2643 1304 2990 1372 propositum,
3022 1304 3199 1358 scelus
3231 1304 3358 1358 illud
3390 1304 3606 1374 impium
3637 1303 3997 1359 admiserunt.

2409 1391 2541 1459 Qua:
2587 1392 2763 1447 omnia
2808 1409 2931 1448 cum
2993 1393 3323 1463 prtevidisset
3368 1394 3525 1455 Deus,
3569 1392 4001 1463 quandoquidem

2411 1484 2602 1555 liwgua:
2642 1485 2927 1540 concordia
2979 1502 3084 1539 non
3115 1493 3170 1539 ut
3213 1485 3446 1554 oportuit
3468 1485 3547 1539 usi
3576 1490 3746 1539 erant.
3774 1484 4002 1539 dissldio

2410 1577 2730 1647 linguarum,
2762 1586 2819 1631 ut
2845 1578 3098 1647 oportuit,
3131 1577 3253 1631 illos
3276 1576 3481 1631 dividit.
3503 1578 3581 1631 Ac
3602 1576 3728 1630 mihi
3756 1575 3999 1630 clemen-

2411 1670 2535 1721 tium
2588 1668 2752 1737 ipsius
2783 1669 2939 1723 velim
2992 1667 3320 1723 consideres.
3351 1667 3502 1732 Ecce,
3554 1667 3744 1735 inquit,
3776 1682 3876 1720 eo:
3897 1681 4001 1720 una

2414 1758 2671 1823 omnibus,
2703 1767 2751 1811 et
2780 1758 2877 1811 hoc
2902 1758 3069 1825 facere
3094 1765 3346 1826 coeperunt
3370 1754 3518 1826 (Gen.
3552 1756 3637 1810 Η.
3665 1754 3744 1826 6).

2478 1832 2579 1901 Cur
2625 1863 2726 1900 non
2765 1847 3005 1900 acciderit
3041 1846 3188 1899 citius
3210 1846 3390 1899 divisio
3418 1846 3805 1915 lingumnt.—
3827 1841 3996 1909 Quam

2406 1938 2477 1992 ob
2504 1953 2719 1993 causam
2764 1953 2870 1992 non
2902 1922 3093 1992 statim
3122 1953 3189 1993 eo
3227 1937 3460 2001 devenit,
3484 1946 3542 1991 ut
3580 1936 3811 2005 linguam
3858 1936 3999 1990 divi-

2407 2030 2581 2095 deret,
2610 2028 2702 2084 sed
2735 2030 2882 2099 prius
2920 2044 2979 2083 se
3015 2037 3257 2093 excusat,
3290 2027 3441 2097 quasi
3466 2028 3518 2081 in
3549 2026 3750 2096 judicio
3779 2040 3995 2088 causam

2404 2121 2685 2176 dicturus:
2732 2120 2943 2185 tametsi
2975 2116 3132 2175 nemo
3163 2119 3236 2173 illi
3257 2121 3493 2174 dicturus
3524 2127 3608 2173 est
3640 2135 3654 2170 :
3680 2115 3820 2185 Quid
3861 2115 3998 2170 feci-

2406 2211 2473 2264 sti
2505 2210 2644 2264 lsed
2674 2211 2725 2264 in
2754 2218 3017 2279 potestate
3044 2210 3203 2263 situm
3233 2217 3313 2263 est
3345 2208 3529 2277 ipsius,
3562 2215 3619 2261 ut
3641 2216 3852 2271 cuneta,
3879 2220 4001 2275 qua:

2406 2298 2652 2365 voluerit,
2708 2298 2884 2353 faciat.
2931 2300 3181 2352 Attamen
3229 2297 3378 2366 quasi
3406 2297 3666 2361 [stionem
3696 2292 4001 2348 redditurus

2405 2390 2475 2443 ita
2504 2389 2897 2443 excusationem
2918 2402 2982 2442 ac
3004 2386 3370 2443 defensionem
3403 2386 3649 2451 instituit,
3676 2392 3736 2438 ut
3773 2398 3875 2437 nos
3897 2383 3998 2438 do-

2405 2490 2523 2534 ceat
2548 2480 2930 2534 humanitatem
2976 2488 3032 2534 et
3071 2479 3409 2533 clementiam
3453 2490 3725 2530 exercere.
3778 2474 3911 2528 Nam
3951 2473 3995 2527 si

2406 2573 2661 2627 Dominus
2675 2572 2846 2626 servis
2872 2587 2931 2625 se
2952 2579 3172 2624 excusat
3190 2576 3349 2637 atque
3370 2568 3475 2621 illis
3493 2566 3582 2637 qui
3602 2566 3793 2635 injuria
3820 2564 3995 2633 ipsum

2402 2665 2687 2720 affecerant
2714 2681 2729 2718 :
2761 2663 2929 2719 multo
2975 2664 3143 2732 magis
3190 2677 3289 2715 nos
3320 2669 3504 2715 mutuo
3532 2674 3791 2714 excusare
3831 2672 3996 2727 opor-

2402 2764 2495 2819 tet,
2548 2756 2672 2810 licet
2718 2754 2804 2809 vel
2838 2755 3067 2809 maxima
3115 2752 3373 2807 fuerimus
3420 2751 3610 2819 injuria
3651 2749 3784 2803 Iasi.
3839 2748 3995 2812 Vide,

2400 2860 2603 2916 QUI‘SO,
2645 2859 2752 2913 quo
2799 2853 2954 2912 pacto
2978 2858 3038 2898 se
3071 2850 3331 2897 excuset:
3364 2840 3493 2894 Ecce
3531 2840 3719 2893 fabium
3762 2854 3923 2891 unum
3949 2847 3997 2891 et

2401 2953 2502 2991 eoa:
2546 2953 2650 2990 una
2696 2935 2961 3002 omnibus,
3020 2934 3211 3003 inquit,
3271 2941 3318 2985 et
3369 2933 3466 2986 hoc
3523 2935 3689 3002 facere
3738 2937 3997 2998 ceperunt

2401 3026 2609 3097 (Ibat).
2648 3026 2807 3093 Quasi
2852 3026 3094 3081 diceret:
3122 3022 3291 3077 Nemo
3332 3022 3463 3077 mihi
3501 3022 3629 3075 vitio
3655 3028 3828 3074 vertat
3870 3019 3996 3087 ista,

2400 3132 2519 3171 cum
2542 3117 2763 3170 divisam
2790 3115 3021 3184 linguam
3047 3113 3258 3177 viderit,
3288 3116 3447 3166 nemo
3467 3111 3830 3165 diversitatem
3854 3108 3994 3161 banc

2399 3208 2696 3276 linguarum
2727 3205 2795 3260 ab
2822 3204 2972 3259 initio
3014 3202 3178 3257 fuisse
3225 3201 3481 3256 insertam
3514 3198 3815 3253 hominibus
3850 3196 3997 3255 arbi-

2400 3306 2589 3353 tretur.
2624 3296 2757 3350 Ecce
2800 3296 2990 3349 (obium
3031 3309 3190 3347 unum
3231 3301 3278 3344 et
3323 3308 3422 3345 una:
3460 3306 3563 3344 una
3591 3287 3861 3343 omnibus:
3898 3285 3994 3341 sed

2398 3403 2505 3442 non
2555 3388 2638 3443 usi
2668 3386 2807 3442 sunt
2851 3385 3015 3447 dono,
3057 3392 3117 3437 ut
3162 3383 3416 3451 oportuit.
3448 3383 3621 3450 Atque
3644 3389 3701 3434 ut
3728 3379 3993 3447 intelligas

2397 3494 2519 3533 eum
2550 3493 2657 3533 non
2683 3486 2791 3532 tant
2817 3475 2958 3547 quod
2985 3472 3181 3529 factum
3223 3473 3395 3527 fuerat
3419 3471 3627 3539 punire,
3659 3483 3817 3539 quam
3847 3467 3988 3537 quod

2398 3568 2629 3623 futurum
2674 3576 2790 3621 erat
2832 3565 3026 3637 prtevia
3068 3564 3314 3617 cautione
3359 3561 3648 3630 corrigere,
3698 3557 3822 3611 audi
3860 3557 3986 3625 quid

2396 3660 2646 3729 atljungat
2673 3675 2685 3710 :
2717 3656 2787 3711 Et
2829 3671 2961 3708 nunc
3004 3670 3103 3708 non
3134 3653 3367 3720 deﬁcient
3393 3650 3455 3703 ab
3497 3650 3601 3702 illia
3627 3649 3817 3714 omnia,
3843 3661 3987 3717 quo-

2395 3765 2606 3818 cumque
2630 3747 2799 3802 conati
2823 3746 3011 3817 fuerint
3044 3747 3209 3815 facere
3232 3741 3388 3813 (Gen.
3419 3741 3530 3807 Η).
3560 3739 3759 3794 Horum
3809 3746 3984 3792 autem

2394 3840 2677 3893 verborum
2720 3835 2837 3890 haec
2881 3844 2965 3889 est
3006 3833 3267 3888 sententia
3300 3849 3314 3885 :
3343 3830 3443 3884 nisi
3469 3830 3576 3899 jam
3602 3840 3789 3896 ptenas
3836 3825 3980 3889 dent,

2394 3940 2449 3984 et
2477 3929 2544 3982 ab
2573 3929 2685 3997 ipsa
2710 3932 3048 3995 peccaturum
3079 3922 3259 3977 radice
3285 3920 3641 3981 refrenentur,
3670 3917 3876 3971 nullum
3904 3915 3981 3969 fa-

2392 4019 2535 4072 cient
2567 4016 2725 4070 (inem
2758 4014 2961 4069 scelera
2988 4011 3348 4083 perpetrandi.
3374 4009 3485 4064 Hoc
3505 4008 3647 4064 enim
3666 4008 3768 4062 sibi
3802 4006 3984 4060 volunt

2393 4108 2482 4161 illa
2531 4105 2735 4160 verba:
2772 4102 2892 4157 Non
2937 4102 3253 4172 deﬁcientab
3302 4100 3406 4154 illis
3431 4099 3621 4163 omnia,
3659 4112 3985 4167 quaecumque

2393 4199 2559 4251 conati
2588 4197 2776 4267 fuerint
2814 4197 2998 4267 facere.
3026 4194 3186 4262 Quasi
3227 4194 3465 4248 diceret:
3494 4191 3611 4245 Alia
3634 4204 3847 4259 quoque
3875 4204 3984 4243 ma-

2390 4288 2505 4355 jora
2549 4285 2751 4341 scelera
2780 4285 3049 4354 adjicient.
3080 4284 3222 4338 Talis
3249 4283 3390 4338 enim
3420 4296 3506 4337 res
3545 4290 3629 4335 est
3668 4279 3872 4334 malitia
3898 4298 3912 4334 :
3940 4280 3985 4335 si

2392 4396 2508 4435 cum
2542 4380 2769 4449 primum
2812 4378 3020 4432 initium
3057 4376 3288 4442 duxerit,
3332 4391 3439 4430 non
3475 4375 3811 4437 cohibeatur,
3844 4384 3983 4428 tam-

2392 4486 2548 4539 quam
2582 4470 2715 4539 ignis
2756 4467 2902 4523 arida
2939 4468 3079 4537 ligna
3118 4466 3431 4533 corripiens,
3476 4467 3554 4519 sic
3587 4465 3983 4530 iuitnmensam

2392 4559 2620 4628 assurgit
2643 4558 2995 4613 altitudinem.
3026 4556 3188 4611 Vides
3226 4556 3326 4611 hoc
3369 4556 3539 4624 ipsum
3580 4569 3792 4622 quoque
3828 4554 3985 4609 beni-

2389 4648 2605 4718 gnitatis
2650 4646 2812 4702 fuisse
2856 4661 2963 4702 non
3010 4646 3315 4711 mediocris,
3361 4643 3501 4711 quod
3546 4644 3805 4696 unitatem
3836 4642 3985 4697 vocis

2388 4740 2704 4795 abstulerit?
2734 4739 3015 4793 Dissidium
3037 4737 3231 4807 quippe
3256 4736 3551 4805 linguarum
3576 4735 3794 4797 invexit,
3829 4749 3899 4788 ne
3928 4733 3983 4787 in
4041 4800 4045 4805 θ

2391 4832 2647 4901 majorem
2671 4830 3063 4900 improbitatem
3094 4829 3415 4883 laberentur.
3447 4827 3598 4881 llunc
3626 4826 3754 4880 mihi
3778 4840 3985 4880 sermo-

2389 4937 2510 4977 nem
2540 4922 2794 4975 memoria
2822 4928 3018 4986 tenete,
3048 4934 3147 4974 nec
3174 4933 3423 4988 umquam
3452 4917 3588 4972 elabi
3616 4932 3682 4971 ex
3712 4931 3775 4971 ea
3796 4916 3979 4982 sinite,

2392 5012 2555 5066 Deum
2602 5010 2851 5065 nimirum
2899 5025 3004 5065 non
3030 5009 3187 5063 modo
3221 5023 3343 5063 eum
3366 5008 3531 5062 afﬁcit
3557 5005 3855 5070 beneﬂciis,
3887 5006 3979 5063 sed

2388 5103 2547 5159 etiam
2586 5117 2708 5158 cum
2755 5102 2923 5172 punit,
2967 5102 3162 5157 bonum
3189 5114 3309 5156 esse
3330 5114 3392 5153 ac
3420 5099 3727 5169 benignum.
3762 5097 3899 5152 Nam
3926 5106 3983 5152 et

2388 5194 2554 5261 ipsius
2580 5208 2752 5265 pinna:
2778 5207 2842 5249 ac
2870 5191 3127 5263 supplicia
3156 5190 3533 5246 beneficiorum
3560 5188 3678 5259 ejus
3701 5197 3828 5245 sunt
3858 5201 3981 5259 pars

2389 5286 2635 5351 maxima,
2684 5295 2739 5341 et
2782 5285 3129 5357 providen‘tize
3154 5298 3322 5355 genus
3348 5283 3655 5337 maximum.
3687 5281 3824 5335 Cum
3851 5298 3981 5351 ergo

2386 5377 2602 5445 famem,
2633 5389 2828 5447 pestes,
2869 5379 3013 5436 aeris
3039 5378 3323 5441 siccitates,
3367 5375 3566 5429 imbres
3593 5375 3902 5438 continuos,
3926 5383 3980 5429 et

2386 5473 2529 5524 aeris
2566 5469 2976 5539 inaequalitates,
3016 5469 3098 5524 vel
3138 5467 3279 5523 aliud
3309 5466 3579 5537 quidpiam
3610 5464 3839 5529 videris,
3871 5481 3978 5539 quo

2318 5632 2321 5635 _
2379 5575 2549 5631 genus
2580 5559 2867 5616 humanum
2889 5562 3158 5632 puniatur,
3185 5576 3285 5616 nec
3308 5574 3450 5629 mgre
3488 5560 3651 5628 feras,
3681 5577 3861 5632 neque
3888 5562 3973 5617 in-

2382 5652 2640 5724 digneris,
2687 5653 2782 5708 sed
2827 5653 2985 5708 adora
3030 5668 3209 5710 rerum
3238 5653 3443 5708 illarum
3483 5660 3780 5719 auctorem,
3813 5662 3970 5724 atque

2386 5745 2533 5801 illum
2572 5758 2716 5802 cura:
2752 5759 2816 5801 ac
2854 5745 3224 5803 sollicitudinis
3266 5744 3483 5805 nomine
3508 5744 3847 5803 commenda.
3878 5745 3967 5803 ille
