4190 6322
275 386 384 439 949

242 503 377 569 ,καὶ
402 501 471 556 τὰ
500 500 685 572 τειχία
736 499 911 554 ταῦτα
942 498 1207 570 ἀνῄρητο,
1266 495 1371 551 ποῦ
1421 498 1521 553 οὐκ
1568 499 1635 553 ἀν
1669 498 1860 555 ἑαυτὸν

280 589 684 661 κατεκρήμνισε
702 606 719 653 ;

348 677 538 733 Βούλει
571 677 666 730 καὶ
697 673 809 730 ἀπὸ
845 674 946 745 τῆς
984 672 1178 726 τούτου
1212 670 1427 745 μητρὸς.
1473 673 1700 741 μαθεῖν,
1737 672 1863 729 ὅσον

279 763 483 833 ἀγαθὸν
503 762 695 831 γέγονε
726 761 788 814 τὸ
815 761 915 832 τῆς
940 761 1035 814 τοῦ
1082 759 1414 831 παραδείσου
1460 758 1674 831 διαίτης
1699 761 1863 815 ἐκπε-

281 854 435 917 σεῖν;
477 848 761 914 Έξέτασον
805 848 887 911 τίς
917 843 1049 918 ἦνή
1094 845 1206 899 Εὕα
1247 847 1355 917 πρὸ
1406 846 1619 911 τούτου,
1647 847 1747 903 καὶ
1778 846 1862 909 τίς

279 936 495 1007 ἐγένετο
528 934 670 1005 μετά
704 934 898 988 ταῦτα.
938 932 1054 1003 Πρὺ
1084 932 1272 985 τούτου
1303 932 1402 1002 μέν
1443 932 1535 985 τὸν
1569 933 1861 987 ἀπατεῶνα

277 1021 542 1087 διάϐολον,
563 1021 656 1074 τὸν
686 1018 920 1091 πονηρὸν
941 1018 1170 1089 δαίμονα
1191 1022 1397 1074 ἐκεῖύον
1422 1019 1863 1091 ἀξιοπιστότερον

279 1106 421 1163 εἶναι
448 1108 666 1179 ἐνόμισε
685 1106 795 1159 τῶν
825 1103 917 1158 τοῦ
939 1104 1076 1158 Θεοῦ
1110 1104 1548 1174 προσταγμάτων
1566 1145 1582 1170 ,
1619 1105 1715 1158 καὶ
1752 1105 1861 1159 ἀπὺ

277 1196 442 1267 ψιλῆς
465 1194 639 1263 ὅψεως
656 1192 752 1246 τοῦ
777 1190 996 1259 δένδρου
1018 1190 1366 1262 κατεπάτησε
1393 1191 1485 1245 τὸν
1507 1192 1656 1263 ;παρ’
1692 1191 1857 1245 αὐτοῦ

279 1282 505 1336 τεθέντα
547 1280 748 1350 νόμον*
782 1276 1047 1347 ἐπειδὴδέ
1081 1276 1307 1342 ἐξέπεσε
1354 1277 1450 1331 τοῦ
1503 1278 1855 1349 παραδείσου,

280 1370 472 1424 σκόπει
494 1367 612 1430 πῶς
645 1364 868 1437 βελτίων
896 1363 1119 1432 ἐγένετο
1156 1364 1253 1417 καὶ
1294 1363 1741 1435 σωφρονεστέραο
1770 1383 1859 1419 τε.

276 1456 451 1511 κοῦσα
473 1454 585 1525 γάρ
608 1452 748 1517 υἱὸν,
781 1451 946 1526 φησίν
962 1467 978 1485 ο
1018 1449 1401 1518 Ἐκτησὰμην
1428 1450 1743 1519 ἄνθρωπον
1758 1451 1859 1505 διὰ

275 1545 387 1599 τοῦ
427 1542 595 1598 Θεοῦ.
641 1540 767 1594 Ἐπὶ
801 1538 894 1593 τδν
943 1539 1222 1610 Δεσπάιην
1247 1537 1449 1603 εὐθέως
1477 1539 1785 1609 κατέφυγεν
1819 1542 1867 1611 ἡ.

274 1630 370 1686 τοῦ
391 1629 662 1683 Δεσπότου
705 1626 813 1697 πρὸ
839 1625 1032 1679 τούτου
1063 1626 1545 1696 καταφρονήσασα,
1594 1626 1689 1678 καὶ
1735 1625 1857 1697 οὐχὶ

274 1721 343 1790 τῇ
371 1716 531 1787 φύσει
562 1715 625 1768 τὸ
644 1714 877 1785 πρᾶγμα
903 1712 1199 1780 λογίζεται,
1230 1712 1353 1765 οὐδέ
1386 1712 1535 1781 νόμῳ
1560 1711 1741 1781 γάμου
1766 1713 1856 1765 τὸν

272 1808 435 1859 τόκον
467 1801 786 1874 ἀνατίθησιν
811 1818 823 1832 ·
864 1799 979 1853 ἀλλ’
1011 1794 1121 1851 οἶδε
1152 1798 1242 1851 τὸν
1274 1797 1376 1867 τῆς
1402 1797 1618 1866 φύσεως
1652 1800 1856 1852 Δεσπό-

273 1909 398 1963 την,
424 1890 664 1959 κάκείνῳ
702 1888 932 1959 χάριτας
961 1884 1101 1956 ὑπὲρ
1128 1883 1227 1954 τῆς
1268 1884 1365 1936 τοῦ
1415 1884 1628 1936 παιδίου
1666 1886 1858 1954 γεννή-

277 1997 417 2043 σεως
439 1978 709 2049 ὁμολογεῖ.
743 1976 855 2029 Kal
887 1976 921 2045 ἡ
961 1973 1069 2046 πρὸ
1098 1972 1292 2025 τοῦτου
1311 1972 1401 2025 τὸν
1422 1971 1593 2042 ἄνδρα
1642 1971 1854 2041 ἀπατη-

275 2083 439 2131 σασα,
473 2066 702 2134 ὕστερον
737 2063 832 2117 καὶ
857 2061 1158 2115 τὸτπαιδίον
1180 2058 1492 2122 ἐπαίδευσε,
1544 2058 1640 2112 καὶ
1685 2057 1855 2128 ὄνομα

272 2150 583 2223 ἐπιτίθησιν
621 2147 772 2219 αὐτῷ
802 2148 864 2201 τὸ
914 2147 1211 2216 δυνάμενον
1240 2144 1371 2197 αὐτὸ
1412 2146 1495 2207 εἰς
1551 2145 1857 2216 ὑπόμνησιν

272 2237 428 2306 ἄγειν
458 2238 560 2308 τῆς
585 2235 679 2290 τοῦ
708 2232 843 2288 Θεοῦ
874 2232 1085 2303 δωρεᾶς
1102 2248 1119 2263 ο
1140 2232 1238 2284 καὶ
1266 2229 1431 2285 πάλιν
1458 2230 1647 2301 ἕτερον
1674 2229 1858 2282 τεκοῦ-

274 2340 365 2387 σα,
413 2324 607 2393 φησίν⁶
674 2317 1081 2386 Ἐξανέστησέ
1105 2335 1209 2386 μοι
1228 2321 1261 2371 ό
1288 2316 1432 2382 Θεὸς
1456 2315 1696 2383 σπέρμα
1719 2315 1855 2371 ἀντὶ

276 2412 473 2474 Ἅϐελ,
491 2410 563 2464 ὃν
582 2409 892 2465 ἀπέκτεινε
911 2406 1077 2461 Kdl‘r.
1104 2406 1395 2475 Μέμνηται
1420 2404 1519 2474 τῆς
1547 2404 1854 2472 συμφορᾶς,

275 2496 373 2551 καὶ
396 2498 497 2551 οὐκ
524 2496 889 2550 ἀποδυσπετεῖ
919 2493 981 2548 τὸ
1010 2494 1257 2561 γύναιον,
1289 2489 1404 2542 ἀλλ’
1432 2490 1750 2560 εὐχαριστεῖ
1779 2486 1859 2557 τῷ

270 2582 393 2653 Θεῷ
423 2583 605 2648 πάλιν,
632 2582 728 2636 καὶ
753 2582 816 2634 τὸ
839 2578 1050 2633 παιδίον
1075 2577 1186 2630 ἀπὸ
1210 2576 1308 2646 τῆς
1331 2575 1540 2645 δωρεᾶς
1565 2574 1742 2637 καλεῖ,
1775 2573 1859 2626 δι-

269 2670 447 2741 ηνεκῆ
480 2669 793 2740 παρέχουσα
824 2665 973 2735 αὐτῷ
1010 2662 1359 2727 διδασκαλίας
1396 2662 1675 2716 ὑπόθεσιν.
1702 2660 1859 2713 Οὕτω

271 2757 367 2811 καὶ
393 2759 455 2810 ἐν
479 2754 629 2826 αὐτῷ
651 2753 731 2825 τῷ
752 2752 1043 2823 ἀφελέσθαι
1080 2750 1302 2821 μείζονα
1342 2750 1639 2821 ἐχαρίσατο
1664 2750 1694 2802 ό
1725 2748 1859 2821 Θεὸς

270 2843 490 2913 ἀγαθά·
530 2842 754 2907 ἐξέπεσε
788 2838 885 2892 τοῦ
919 2838 1250 2909 παραδείσου
1283 2839 1316 2907 ἡ
1361 2835 1520 2907 γυνὴ,
1553 2836 1693 2890 ἀλλά
1720 2835 1858 2907 πρὸς

271 2930 606 2999 θεογνωσίαν
656 2925 1074 2999 ἐχειραγωγήθη
1134 2924 1221 2978 διὰ
1258 2925 1356 2995 τῆς
1408 2923 1659 2993 ἐκϐολῆς,
1714 2922 1856 2975 ὥστε

271 3020 462 3087 μεῖζον
485 3009 663 3085 εὕρεν,
692 3014 728 3085 ἢ
763 3012 1036 3067 ἀπώλεσε.
1061 3012 1171 3066 Kal
1194 3013 1242 3065 εί
1279 3011 1550 3081 χρήσιμον
1574 3004 1664 3080 ἦν,
1699 3011 1855 3078 φησὶ,

267 3104 329 3156 τὺ
349 3105 603 3156 ἐκπεσεῖν
630 3100 725 3153 τοῦ
755 3099 1108 3167 παραδείσου,
1131 3098 1273 3160 τίνος
1288 3098 1474 3150 ἕνεκεν
1503 3097 1673 3149 ἐδίδου
1704 3097 1859 3165 παρά

267 3192 369 3260 τὴν
402 3189 578 3259 ἀρχὴν
610 3189 701 3240 τὸν
736 3187 1061 3256 παράδεισον
1096 3186 1124 3237 ό
1164 3183 1328 3247 Θεός;
1355 3183 1657 3252 Χρησίμως
1699 3181 1857 3234 τοῦτο

267 3278 362 3329 διά
387 3276 488 3346 τὴν
530 3272 822 3345 ρᾳθυμίαν,
850 3271 1125 3341 ἄνθρωπε,
1158 3269 1374 3331 ἐγένετο
1403 3268 1501 3337 τὴν
1540 3268 1815 3337 ἡμετέραν
1835 3283 1852 3296 ⁸

265 3364 348 3426 ὡς
376 3363 432 3416 εί
460 3378 525 3430 γε
550 3363 838 3432 προσεῖχον
859 3360 1069 3422 ἑαυτοῖς
1092 3359 1288 3411 ἐκεῖνοι
1326 3356 1421 3410 καὶ
1450 3357 1541 3409 τὸν
1581 3355 1856 3425 Δεσπότην

267 3451 663 3518 ἐπεγίνωσκον,
703 3448 798 3501 καὶ
837 3448 1133 3517 σωφρονεῖν
1155 3445 1456 3515 ἠπίσταντο
1500 3444 1595 3498 καὶ
1634 3442 1858 3514 μετριά-

267 3543 405 3606 ζειν,
433 3537 652 3608 ἐμειναν
682 3534 749 3590 ἀν
766 3536 859 3588 ἐπὶ
890 3535 988 3606 τῆς
1022 3534 1189 3605 τιμῆς
1219 3551 1232 3566 ο
1265 3532 1535 3603 ἐπειδὴδὲ
1564 3532 1856 3604 ἐξύϐρισαν

266 3628 351 3688 είς
381 3624 481 3694 τὴν
504 3622 749 3701 δοθεῖσαν
766 3620 996 3693 δωρεὰν,
1017 3618 1321 3691 τηνικαῦτα
1348 3622 1618 3692 χρήσιμον
1641 3620 1856 3687 ἐγένετο

266 3716 331 3768 τὸ
377 3712 735 3783 ἐκϐληθῆναι.
778 3711 936 3774 Τίνος
980 3706 1073 3765 οὖν
1114 3710 1301 3763 ἐνεκεν
1348 3708 1497 3777 παρά
1534 3710 1634 3779 τὴν
1681 3710 1856 3781 ἀρχὴν

270 3802 475 3854 ἔδωκεν
500 3802 535 3853 δ
562 3799 730 3863 Θεόςς
765 3798 880 3850 Ἰνα
909 3800 1008 3869 τὴν
1056 3796 1263 3850 οἰκείαν
1290 3795 1625 3865 ἐπιδείξηται
1669 3796 1857 3865 φιλαν-

270 3888 543 3960 θρωπίαν,
572 3886 665 3948 καὶ
695 3887 776 3939 ὅτι
804 3885 967 3949 αὐτὸς
996 3885 1093 3955 μὲν
1131 3883 1546 3954 παρεσκεύαστο
1575 3883 1711 3955 πρὸς
1740 3882 1858 3953 μεέ-

271 3969 405 4035 ζονα
434 3970 596 4041 τιμὴν
621 3970 772 4036 ἄγειν
789 3970 935 4037 ἡμᾶς
962 3966 1071 4029 ἀεὶ,
1111 3968 1273 4035 ἡμεῖς
1296 3965 1351 4017 δὲ
1383 3965 1545 4018 αἴτιοι
1580 3965 1853 4035 πανταχοῦ

270 4052 383 4105 τῶν
415 4051 689 4104 κολάσεων
715 4049 808 4101 καὶ
828 4048 937 4101 τῶν
952 4048 1254 4119 τιμωριῶν.
1282 4048 1601 4119 ἐκϐαλόντες
1627 4048 1855 4110 ἑαυτοὺς

268 4136 361 4188 διά
403 4134 673 4205 ῥᾳθυμίας
706 4132 813 4185 τῶν
835 4131 1132 4201 δεδομένων
1155 4118 1296 4201 ἡμῖν’
1308 4129 1567 4198 ἀγαθῶν.
1588 4129 1855 4198 Καθάπερ

272 4214 369 4271 οὖν
402 4217 587 4285 πατὴρ
619 4214 972 4284 φιλόστοργος
1001 4212 1153 4295 παι-ἀ
1178 4212 1280 4281 μὲν
1308 4212 1404 4295 τῂν
1429 4212 1604 4295 ἀρχὴν
1630 4213 1856 4283 ἀφίησιν

275 4299 373 4354 ἐπὶ
409 4299 509 4369 τῆς
536 4299 712 4360 οίκίας
732 4297 821 4350 τὸν
845 4297 1011 4349 παῖδα
1034 4293 1126 4348 τδν
1165 4293 1358 4347 ἐαυτοῦ
1387 4294 1717 4364 διατρίϐειν,
1761 4296 1856 4348 καὶ

271 4381 386 4434 τῶν
438 4378 708 4451 πατρῴων
754 4378 1051 4432 ἀπολαύειν
1092 4378 1378 4431 ἀπάντων·
1427 4375 1647 4430 ἐπειδάν
1679 4377 1736 4430 δέ
1771 4377 1853 4448 ίδῃ

272 4464 480 4532 φαῦλον
503 4465 568 4534 τῇ
604 4465 736 4533 τιμῇ
759 4461 1127 4531 γεγενημένον
1147 4500 1162 4523 ,
1206 4461 1408 4528 ἀπάγει
1445 4460 1545 4529 τῆς
1573 4459 1856 4530 τραπέζης

272 4547 371 4600 καὶ
394 4545 679 4616 πόρρωθεν
701 4546 800 4615 τῆς
821 4545 1031 4606 οἰκείας
1060 4543 1237 4611 ὂψεως
1259 4542 1570 4612 καθίστησι,
1596 4541 1855 4604 πολλάκις

270 4630 328 4683 δὲ
364 4627 458 4683 καὶ
478 4628 650 4697 αὐτῆς
679 4628 930 4682 ἐκϐάλλει
956 4627 1055 4696 τῆς
1077 4625 1335 4697 πατρῴας
1364 4624 1512 4697 [252]
1543 4626 1741 4687 οίκίας,
1769 4625 1855 4678 ἴνα

273 4709 530 4766 ἐκπεσὼν
565 4711 771 4772 ἐκεῖνος
806 4710 902 4763 καὶ
936 4709 1156 4779 βελτίων
1204 4707 1494 4776 γενόμενος
1514 4708 1632 4769 ταῖς
1667 4706 1853 4777 ὕϐρεσι

271 4793 504 4857 ταύταις
524 4793 617 4845 καὶ
646 4795 766 4855 ταῖς
814 4790 1078 4862 ἀτιμίαις,
1110 4789 1259 4855 ἀξιον
1302 4789 1492 4842 ἐαυτὸν
1525 4790 1780 4861 ἀποφήνῃ
1827 4801 1855 4831 ι

272 4876 375 4946 τῆς
395 4876 656 4929 ἐπανόδου
680 4874 863 4937 πάλιν,
882 4876 977 4927 καὶ
997 4873 1087 4925 τδν
1116 4872 1369 4943 πατρῷον
1395 4872 1704 4944 διαδέξηται
1730 4874 1858 4944 κλῆ-

277 4975 373 5030 ρον
390 4975 407 4989 ·
447 4957 591 5011 οὕτω
618 4959 713 5012 καὶ
735 4960 764 5011 ό
791 4958 924 5020 Θεὸς
946 4956 1221 5026 ἐποίησεν.
1250 4955 1459 5008 Ἔδωκε
1477 4956 1553 5025 τῷ
1583 4958 1856 5029 ἀνθρώπῳ

271 5043 367 5094 τὸν
398 5040 726 5111 παράδεισον
746 5057 759 5070 ’
792 5039 1011 5105 ἀνάξιον
1045 5037 1287 5107 φανέντα
1337 5036 1613 5102 ἐξέϐαλεν,
1649 5040 1737 5093 ἵνα
1768 5040 1857 5095 διά

271 5125 375 5193 τῆς
404 5123 510 5187 ἐξω
534 5123 817 5196 διατριϐῆς
850 5124 946 5187 καὶ
975 5122 1076 5191 τῆς
1121 5121 1347 5192 ἀτιμίας
1382 5120 1609 5190 βελτίων
1637 5124 1858 5194 γενόμε-

273 5224 364 5271 νος
393 5208 488 5259 καὶ
522 5206 980 5277 σωφρονέστερος,
1001 5206 1149 5271 ἄξιος
1176 5206 1315 5275 φανῇ
1340 5205 1439 5274 τῆς
1466 5205 1727 5258 ἐπανόδου
1753 5207 1857 5259 πά-

273 5288 379 5343 λιν.
438 5287 656 5359 Ἐπειδὴ
709 5288 885 5341 τοίνυν
942 5287 1081 5358 μετά
1120 5286 1295 5340 ταῦτα
1342 5285 1568 5356 βελτίων
1616 5289 1853 5355 ἐγένετο,

276 5371 543 5438 ἐπανάγει
566 5372 727 5425 πάλιν
742 5372 926 5436 αὐτὸν,
948 5372 1043 5427 καί
1078 5390 1209 5443 φησι
1229 5389 1244 5404 ο
1267 5372 1538 5442 Σήμερον
1556 5375 1685 5444 μετ’
1709 5374 1855 5443 ἐμοῦ

276 5460 396 5522 dan
424 5455 492 5507 ἐν
520 5454 600 5519 τῷ
630 5454 994 5522 παραδείσῳ.
1039 5455 1203 5526 Ὀρᾷς
1234 5457 1316 5509 ὅτι
1353 5456 1414 5509 οὐ
1448 5457 1509 5510 τὸ
1544 5454 1728 5511 δοῦναι
1765 5459 1856 5513 τὸν

279 5538 633 5609 παράδεισον,
679 5537 817 5592 ἀλλά
861 5540 956 5593 καὶ
987 5539 1048 5592 τὸ
1082 5538 1331 5594 ἐκϐαλεῖν
1368 5539 1463 5594 τοῦ
1501 5540 1852 5614 παραδείσου,

274 5626 376 5697 τῆς
400 5625 665 5696 μεγίστης
693 5623 1021 5697 κηδεμονίας
1043 5622 1111 5698 ἦν
1132 5643 1147 5693 ;
1172 5627 1219 5682 εί
1256 5626 1330 5699 μὴ
1359 5626 1469 5699 γάρ
1497 5628 1722 5694 ἐξέπεσε
1758 5630 1852 5684 τοῦ

341 5768 366 5791 ι
387 5759 520 5811 Colb.
543 5758 789 5823 ἀποδείξῃ.

1069 379 1427 436 navews
1463 379 1604 437 non
1642 380 2075 441 cnnamum:
2114 373 2442 448 MUNDUM.
2484 390 2721 450 IIOMIL.
2760 395 2800 452 ι.

3442 407 3548 466 250

1968 503 2351 653 ἔξαρωδείσου,
2396 508 2497 565 οὐκ
2538 508 2606 564 ἂν
2653 511 2826 583 ἐφάνη
2882 511 2981 567 τοῦ
3023 514 3348 602 παραδείσου
3388 519 3548 577 πάλιν

2041 606 2162 653 ιος.Δ
2318 612 2321 613 ⁷

2041 606 2139 653 ιος.
2158 641 2162 643 Α
2318 612 2321 613 ν

2041 675 2104 732 δ’.
2130 679 2333 735 Τοῦτον
2348 680 2529 736 τοίνυν
2545 682 2838 748 διαπαντὸς
2852 684 3111 757 τηρῶμεν
3127 687 3220 742 τὸν
3234 690 3412 759 λόγον,
3428 690 3549 746 τοῦ·

1966 780 2063 818 τον
2086 767 2181 819 καὶ
2200 767 2294 821 ἐπὶ
2323 770 2423 840 τῆς
2451 770 2841 842 προκειμένης,
2870 774 2920 825 εί
2960 772 3234 844 βούλεσθε,
3264 779 3550 849 γυμνάσω-

1974 869 2074 924 μεν
2108 855 2438 921 ὑποθέσεως.
2470 860 2679 915 Ἔδωκε
2712 862 2895 933 φωνὴν
2924 862 3110 934 κοινὴν
3148 864 3319 918 ἀπασι
3339 882 3353 895 υ
3393 865 3551 919 τοῦτο

1969 938 2071 1008 τῆς
2122 940 2288 995 αὐτοῦ
2338 944 2766 1016 φιλανθρωπίας.
2820 950 2935 1004 Οὐκ
2967 950 3272 1022 ἐχρήσαντο
3309 953 3389 1015 είς
3431 953 3552 1007 δέον

1973 1025 2174 1079 ἐκεῖνοι
2200 1027 2279 1097 τῷ
2305 1029 2483 1103 δώρῳ,
2521 1033 2658 1086 ἀλλά
2693 1035 2832 1107 πρὸς
2863 1036 3046 1090 ἄνοιαν
3078 1034 3355 1102 ἐξέκλιναν
3386 1040 3550 1108 ἐσχά-

1968 1130 2070 1200 την
2084 1130 2099 1146 ο
2130 1117 2383 1185 ἀφείλετο
2404 1124 2464 1173 τὸ
2486 1121 2639 1174 δοθὲν
2654 1124 2840 1183 πάλιν.
2866 1126 2928 1178 El
2949 1127 3060 1196 γάρ
3087 1127 3276 1200 ἐπειδὴ
3298 1128 3551 1195 γλῶσσαν

1969 1196 2117 1270 εἶχον
2153 1203 2302 1272 μίαν,
2340 1207 2421 1268 είς
2450 1209 2720 1278 τοσαύτην
2756 1210 3015 1275 ἐξέπεσον
3046 1212 3231 1266 ἄνοιαν
3251 1196 3275 1276 ,⁷
3300 1214 3377 1277 ὡς
3425 1216 3551 1283 βου-

1967 1287 2202 1359 ληθῆναι
2227 1289 2571 1363 πύργονέως
2602 1295 2694 1348 τοῦ
2716 1296 2946 1367 οὐρανοῦ
2970 1299 3323 1371 οίκοδομῆσαι
3341 1341 3355 1364 ,
3390 1303 3440 1353 εί
3472 1303 3549 1374 μὴ

1969 1377 2316 1448 παραχρῆμα
2368 1380 2761 1452 ἐκολάσθησαν,
2794 1380 2909 1455 ⁴ἆρα
2959 1387 3060 1441 οὐκ
3098 1385 3164 1439 ἀν
3195 1388 3552 1459 ἐπεθύμησαν

1970 1462 2066 1516 καὶ
2115 1465 2290 1536 αὐτῆς
2338 1465 2432 1518 τοῦ
2482 1469 2714 1539 οὐρανοῦ
2754 1472 2856 1538 τῆς
2886 1473 3134 1543 κορυφῆς
3162 1474 3546 1541 ἐπιλαϐέσθαις

1965 1548 2030 1601 Τί
2054 1550 2164 1621 γάρ
2183 1568 2198 1616 ;
2221 1552 2284 1604 El
2308 1553 2403 1607 καὶ⁵
2425 1554 2685 1608 ἀδύνατον
2706 1552 2773 1628 ἦν
2802 1557 3050 1625 ἐκείνοις,
3076 1559 3191 1612 ἀλλ’
3207 1562 3355 1632 ὅμως
3372 1563 3435 1615 ἐκ
3448 1563 3551 1632 τῆς

1965 1638 2277 1708 προθέσεως
2301 1644 2371 1695 τά
2390 1643 2488 1713 τῆς
2517 1644 2771 1708 ἀσεϐείας
2792 1646 2974 1710 αὐτοῖς
2999 1647 3350 1717 ἀπηρτίζετο.
3370 1649 3552 1719 "Amp

1966 1720 2183 1774 ἄπαντα
2219 1725 2469 1796 προορῶν
2498 1730 2527 1779 ό
2558 1726 2710 1791 Θεὸς,
2757 1728 2946 1800 ἐπειδὴ
2993 1733 3074 1793 είς
3106 1730 3222 1784 δέον
3247 1731 3346 1783 οὐκ
3379 1732 3551 1801 ἐχρή-
3649 1768 3652 1772 λ

1967 1822 2130 1862 σαντο
2154 1812 2221 1880 τῇ
2249 1812 2550 1882 όμοφωνίᾳ,
2585 1816 2669 1876 είς
2709 1813 2827 1868 δέον
2867 1815 3064 1878 αὐτοὺς
3092 1817 3293 1888 διαιρεῖ
3336 1820 3404 1888 τῇ
3435 1818 3550 1871 δια-

1964 1894 2163 1965 φωνίᾳ.
2208 1898 2318 1950 Kal
2368 1900 2557 1951 σκόπει
2624 1917 2713 1969 μοι
2758 1901 2859 1971 τὴν
2898 1901 3305 1973 φιλανθρωπίαν
3357 1904 3546 1959 αὐτοῦ.

1976 1981 2155 2081 Ἰδοὺ,
2184 1983 2340 2054 φησὶ,
2366 1984 2539 2054 φωνὴ
2578 1986 2688 2055 μία
2718 1985 2891 2053 πᾶσι,
2932 1989 3032 2043 καί
3070 1990 3248 2045 τοῦτο
3284 1989 3549 2058 ἤρξαντο

1960 2080 2235 2138 «omam.

2037 2173 2195 2238 Τίνος
2219 2175 2407 2231 ἐνεκεν
2450 2177 2552 2232 οὐκ
2592 2178 2795 2243 εὐθέως
2830 2175 2995 2252 ἦλθεν
3037 2180 3131 2234 ἐπὶ
3170 2180 3229 2234 τὸ
3270 2183 3549 2253 διατεμεῖν

1963 2261 2061 2332 τὴν
2090 2263 2356 2331 γλῶτταν,
2387 2265 2525 2320 άλλά
2567 2268 2831 2340 πρότερον
2873 2269 3254 2339 ἀπολογεῖται,
3298 2266 3573 2343 καθάπερ

1880 2397 1887 2414 ,
1964 2351 2023 2402 ἐν
2082 2349 2417 2425 δικαστηρίῳ
2478 2354 2759 2424 κρίνεσθαι
2808 2357 3050 2426 μέλλων;
3107 2359 3285 2412 καίτοι
3338 2374 3402 2427 γε
3455 2360 3552 2413 οὐ·-

1960 2434 2075 2500 δεὶς
2097 2436 2246 2508 αὐτῷ
2267 2442 2401 2516 ἐρεῖ·
2435 2441 2500 2494 Τί
2532 2442 2825 2512 ἐποίησας;
2848 2444 2986 2498 ἀλλά
3011 2444 3202 2517 κύριός
3230 2448 3348 2500 ἐστι
3372 2448 3552 2503 πάντα

1966 2528 2142 2579 ποιεῖν
2162 2528 2265 2581 ὅσα
2288 2528 2557 2598 βούλεται.
2602 2531 2741 2584 Ἀλλ’
2767 2533 2918 2603 ὅμως
2942 2534 3195 2607 καθάπερ
3222 2535 3435 2607 μέλλων
3455 2538 3550 2591 εὐ-

1966 2611 2133 2675 θύνας
2173 2614 2415 2685 ὑπέχειν,
2440 2616 2615 2681 οὕτως
2654 2619 2955 2689 ἀπολογίας
2990 2621 3225 2692 τίθησιν,
3268 2625 3418 2694 ἡμᾶς
3467 2624 3549 2678 δι-

1964 2697 2180 2754 δάσκων
2232 2702 2473 2773 ἡμέρους
2513 2701 2652 2758 εἶναι
2692 2706 2789 2759 καὶ
2817 2706 3255 2780 φιλανθρώπους.
3294 2711 3356 2764 Et
3383 2696 3492 2781 γάρ
3521 2712 3552 2764 ό
3623 2751 3633 2762 .

1964 2786 2242 2857 Δεσπότης
2265 2792 2378 2852 τοῖς
2405 2789 2612 2855 δούλοις
2645 2792 3017 2861 ἀπολογεῖται,
3049 2797 3144 2848 καὶ
3164 2796 3338 2850 ταῦτα
3363 2798 3553 2869 ἠδικηο

1964 2873 2107 2935 κόσι,
2141 2874 2322 2945 πολλῷ
2342 2876 2544 2946 μᾶλλον
2570 2880 2718 2949 ἡμᾶς
2737 2878 2993 2951 ἀλλήλοις
3018 2881 3403 2951 ἀπολογεῖσθαι
3419 2884 3548 2957 χρὴ,

1966 2958 2071 3012 κᾶν
2094 2958 2164 3013 τά
2201 2961 2431 3030 μέγιστα
2460 2957 2612 3032 ὦμεν
2668 2965 3020 3035 ἠδικημένοι.
3060 2968 3205 3038 Ὅρα
3253 2969 3384 3037 γοῦν
3430 2970 3553 3034 πῶς

1966 3045 2315 3114 ἀπολογεῖται
2335 3063 2351 3083 ο
2385 3049 2531 3101 Ἰδοὺ
2555 3050 2761 3116 χεῖλος
2794 3049 2865 3104 ἐν
2896 3053 2997 3107 καί
3034 3053 3206 3121 φωνὴ
3231 3056 3343 3122 μία
3370 3053 3546 3121 πᾶσι,

1967 3133 2124 3202 φησὶ,
2165 3135 2263 3187 καί
2304 3135 2477 3188 τοῦτο
2498 3136 2764 3203 ἤρξαντο
2796 3137 3072 3205 ποιῆσαι.
3114 3140 3328 3194 Ὠσανεὶ
3361 3142 3547 3209 ἔλεγε·

1963 3220 2169 3289 Μηδεὶς
2192 3221 2495 3297 ἐγκαλείτω
2522 3239 2612 3292 μοι
2645 3222 2817 3276 ταῦτα
2844 3224 2944 3295 τὴν
2982 3225 3231 3293 γλῶτταν
3264 3226 3552 3298 διατεμνο-

1968 3307 2136 3377 μένην
2170 3307 2331 3377 ὁρῶν,
2376 3308 2567 3378 μηδεὶς
2600 3306 2661 3373 ἐξ
2692 3308 2873 3379 ἀρχῆς
2914 3312 3184 3380 νομιζέτω
3216 3313 3315 3382 τὴν
3344 3312 3552 3382 διαφω-

1961 3394 2085 3447 νίαν
2113 3393 2320 3465 ταύτην
2340 3397 2454 3458 τοῖς
2472 3394 2779 3466 ἀνθρώποις
2796 3398 3367 3468 συγκαταϐεϐλῆσθαι.
3399 3400 3548 3455 Ἰδοὺ

1965 3481 2167 3552 χεῖλος
2201 3481 2269 3535 ἐν
2288 3482 2388 3535 καί
2407 3483 2518 3551 μία
2545 3483 2715 3551 φωνὴ
2750 3482 2944 3538 πᾶσιν
2965 3501 2979 3514 ·
3007 3486 3244 3539 ἀλλὀὐκ
3274 3489 3551 3557 ἐχρήσαν-

1963 3586 2026 3622 το
2051 3570 2131 3632 είς
2167 3569 2284 3625 δέον
2312 3572 2380 3641 τῇ
2412 3570 2611 3641 δωρεᾷ.
2646 3572 2756 3624 Kal
2784 3572 2871 3626 ἱνα
2908 3572 3086 3644 μάθῃς
3115 3574 3197 3627 ὅτι
3231 3575 3291 3627 οὐ
3315 3574 3377 3628 τὸ
3404 3577 3551 3644 γινό-

1966 3673 2130 3727 μενον
2162 3655 2383 3721 κολάζει
2420 3656 2696 3724 τοσοῦτον,
2722 3659 2849 3712 ὅσον
2872 3657 2935 3711 τὸ
2970 3658 3164 3728 μέλλον
3196 3660 3551 3733 προδιορθοῦ-

1964 3761 2077 3809 ται,
2105 3744 2337 3798 ἄκουσον
2364 3746 2464 3815 τῆς
2496 3748 2794 3819 ἐπαγωγῆς
2813 3763 2830 3776 ·
2858 3747 2971 3802 Καὶ
2995 3748 3115 3801 νῦν
3147 3750 3219 3803 οὐ
3238 3747 3326 3817 μὴ
3352 3750 3550 3803 ἐκλεί-

1876 3874 1879 3877 .
1964 3833 2055 3899 ψῃ
2091 3831 2163 3896 ἐξ
2191 3831 2393 3887 αὐτῶν
2427 3832 2647 3898 πάντα,
2673 3833 2791 3889 ὅσα
2821 3834 2899 3889 ἂν
2928 3834 3243 3889 ἐπιθῶνται
3270 3835 3548 3905 ποιῆσαι.

1971 3922 2037 3973 Ὅ
2066 3920 2124 3973 δέ
2154 3920 2302 3989 λέγει
2332 3920 2574 3976 τοιοῦτόν
2600 3923 2749 3975 ἐστιν
2769 3938 2783 3954 ·
2829 3923 2973 3976 Ἐὰν
2990 3924 3064 3994 μὴ
3091 3923 3224 3977 δῶσι
3244 3923 3400 3995 δίκην
3426 3924 3545 3990 νῦν,

1965 4008 2058 4061 καὶ
2087 4008 2195 4060 ἀπὸ
2220 4011 2321 4080 τῆς
2351 4008 2508 4079 ῥίζης
2539 4008 2713 4079 αὐτῆς
2738 4008 2848 4062 τῶν
2881 4010 3296 4081 ἁμαρτημάτων
3330 4011 3551 4079 ἀναχαι-

1963 4093 2241 4161 τισθῶσιν,
2270 4094 2333 4147 οὐ
2361 4096 2646 4165 στήσονται
2668 4097 2766 4166 τῆς
2795 4097 3061 4167 πονηρίας
3083 4096 3319 4166 οὐδαμοῦ
3341 4110 3355 4125 ⁸
3387 4096 3548 4151 τοῦτο

1962 4182 2072 4253 γάρ
2104 4183 2368 4243 ἐστιν,οὐ
2386 4180 2475 4249 μὴ
2496 4182 2752 4249 gmw-1;
2769 4182 2839 4245 ἐξ
2860 4179 3060 4235 αὐτῶν
3087 4182 3304 4249 πάντα,
3331 4183 3449 4236 ὅσα
3469 4184 3548 4237 ἄν·

1962 4267 2276 4323 ἐπιθῶνται
2303 4267 2581 4335 ποιῆσαν
2610 4268 2811 4320 ὡσανεὶ
2833 4268 3004 4336 ἔλεγεο
3042 4269 3154 4322 Kal
3186 4269 3349 4341 ἕτερα
3379 4266 3557 4341 προσ.

1965 4356 2190 4428 θήσουσι
2232 4355 2456 4426 μείζονα
2504 4356 2857 4427 ἀτοπήματα.
2886 4355 3144 4409 Τοιοῦτον
3171 4356 3279 4427 γάρ
3310 4359 3343 4427 ἡ
3379 4375 3548 4429 πονη-

1968 4448 2087 4516 ρία·
2122 4446 2253 4499 ὅταν
2292 4445 2466 4516 ἀρχὴν
2494 4446 2735 4516 λαϐοῦσα
2766 4447 2842 4518 μὴ
2877 4445 3118 4515 κωλυθῇ,
3146 4446 3402 4518 καθάπερ
3432 4447 3548 4519 πῦρ

1965 4532 2099 4602 ὕλης
2141 4532 2299 4604 [255]
2342 4531 2753 4601 ἐπιλαϐόμενον,
2785 4532 2929 4586 οὕτω
2972 4532 3110 4604 πρὸς
3152 4532 3283 4602 ὕψος
3330 4533 3548 4603 ἀνίησιν

1963 4621 2189 4688 ἄφατον.
2239 4619 2406 4690 Ὀρᾷς
2444 4620 2524 4672 ὅτι
2558 4620 2654 4672 καὶ
2683 4619 2744 4672 τὸ
2773 4619 3068 4688 ἀφελέσθαι
3096 4620 3197 4689 τὴν
3232 4621 3548 4689 ὁμοφωνίαν

1964 4705 2379 4779 φιλανθρωπίας
2405 4706 2625 4773 ἐγένετο
2658 4706 2889 4775 πολλῆς;
2932 4705 3185 4759 Ἐνέϐαλε
3209 4708 3319 4777 γάρ
3347 4709 3549 4772 αὐτοὺς

1964 4796 2047 4857 είς
2070 4794 2391 4862 διαφωνίαν,
2421 4792 2506 4847 ῐνα
2545 4792 2621 4863 μὴ
2655 4793 2961 4846 ἐκπέσωσιν
3005 4795 3086 4856 είς
3124 4795 3390 4865 πονηρίαν
3422 4795 3548 4865 μεί-

1965 4882 2115 4947 ζονα.
2153 4882 2355 4935 Τοῦτον
2391 4881 2456 4951 δὴ
2512 4898 2602 4951 μοι
2632 4880 2936 4951 διατηρεῖτε
2968 4881 3059 4933 τὸν
3089 4881 3269 4949 λόγον,
3311 4882 3407 4935 καὶ
3446 4898 3547 4936 πεο

1966 4970 2161 5039 πηγὼς
2204 4968 2293 5021 ἀεὶ
2328 4968 2459 5039 παρ’
2500 4967 2629 5036 ὑμῖν
2672 4967 2813 5020 ἔστω
2863 4968 2958 5021 καὶ
3002 4968 3281 5038 ἀκίνητος,
3315 4970 3397 5022 ὅτι
3444 4971 3546 5024 οὐκ

1966 5055 2269 5125 εὐεργετῶν
2297 5054 2478 5124 μόνον,
2501 5052 2638 5107 ἀλλά
2670 5053 2765 5106 καὶ
2791 5051 3037 5115 κολάζων
3077 5054 3279 5122 ἀγαθός
3302 5057 3417 5108 ἐστι
3449 5058 3547 5112 καὶ

1965 5143 2345 5213 φιλάνθρωπος
2372 5142 2402 5193 ὁ
2428 5141 2559 5204 Θεός
2579 5157 2592 5172 ⁸
2626 5142 2720 5194 καὶ
2753 5142 2861 5213 γάρ
2886 5141 2943 5195 αί
2972 5141 3223 5205 κολάσεις
3250 5143 3417 5195 αὐτοῦ
3448 5132 3547 5199 καὶ

1965 5232 2020 5285 αί
2051 5230 2311 5300 τιμωρίαι
2370 5228 2629 5299 μέγιστον
2668 5228 2992 5298 εὐεργεσίας
3042 5228 3227 5298 μέρος,
3286 5230 3548 5300 μέγιστον

1965 5314 2223 5384 προνοίας
2265 5309 2404 5376 εἶδός
2438 5316 2597 5367 είσιν.
2638 5312 2807 5365 Ὅταν
2829 5309 2922 5367 οὖν
2951 5315 3067 5385 ἴδῃς
3090 5314 3283 5383 λιμοὺς
3313 5317 3548 5386 γενομέ-

1961 5420 2103 5467 νους,
2136 5404 2235 5456 καὶ
2270 5401 2513 5471 λοιμοὺς,
2545 5400 2642 5453 καὶ
2666 5400 2934 5472 αὐχμοὺς,
2970 5402 3065 5454 καὶ
3086 5402 3413 5474 ἐπομϐρίας,
3450 5405 3548 5458 καὶ

1961 5495 2138 5566 ἀέρων
2172 5492 2504 5565 ἀνωμαλίας,
2540 5492 2574 5564 ἢ
2597 5492 2725 5547 ἀλλο
2756 5512 2808 5546 τι
2840 5493 2951 5547 τῶν
2971 5493 3226 5547 τοιούτων
3248 5490 3356 5548 τῶν
3381 5494 3547 5549 κολα-

1961 5583 2158 5649 ζόντων
2173 5578 2271 5653 τὴν
2283 5579 2624 5652 ἀνθρωπίνην
2634 5582 2814 5651 φύσιν,
2824 5582 2899 5653 μὴ
2913 5580 2973 5634 δυ
2980 5582 3245 5655 σχεράνῃς
3263 5581 3396 5652 μηδὲ
3406 5584 3547 5635 ἀπο-

1960 5673 2325 5743 δυσπετήσῃς,
2348 5670 2485 5723 ἀλλά
2508 5668 2884 5740 προσκύνησον
2904 5670 2994 5723 τὸν
3022 5669 3295 5729 ποιοῦντα,
3329 5670 3538 5738 θαύμα-

1966 5775 2057 5813 σον
2077 5758 2238 5813 αὐτδν
2258 5758 2355 5827 τῆς
2380 5756 2727 5830 κηδεμονίας.
2758 5756 2998 5822 Ἐκεῖνος
3018 5757 3127 5829 γάρ
3147 5758 3349 5814 ἐστιντὸ
3380 5758 3545 5816 ταῦτα
