4190 6322
659 354 757 412 251

660 468 855 531 ποιῶν,
874 466 970 521 καὶ
996 465 1058 519 τὸ
1085 464 1245 536 σῶμα
1272 462 1538 527 κολάζων.
1562 462 1651 517 ἵνα
1679 462 1787 533 τήν
1805 462 1983 533 ψυχήν
2013 475 2228 531 σωφρο-

659 550 803 622 νίσῃ.
828 547 939 602 Καὶ
973 547 1004 599 ό
1033 544 1166 610 Θεὸς
1190 542 1363 598 ταῦτα
1395 547 1557 608 ποιεῖ,
1586 543 1751 615 φησίν
1766 550 1787 609 ;'
1809 544 1869 597 ’0
1902 542 2031 606 Θεὸς
2059 540 2231 595 ταῦτα

638 632 834 686 ’ποιεῖ’
884 630 991 685 κᾶν
1028 632 1061 700 ή
1092 628 1244 694 πόλις
1296 629 1448 699 παρῇ
1501 628 1671 691 πάσα,
1725 625 1899 696 κᾶνή
1936 623 2230 695 οἰκουμένη

660 715 835 771 πᾶσα.
869 712 970 766 οὐκ
1006 713 1225 783 ὀκνήσω
1248 709 1409 763 τοῦτο
1444 711 1640 763 εἰπεῖν.
1682 708 1808 762 Είθε
1843 724 1933 777 μοι
1983 706 2078 760 καὶ
2105 705 2235 758 σάλ-

660 812 857 863 πιγγος
882 790 950 866 ἦν
985 795 1137 863 φωνὴ
1167 792 1550 863 λαμπροτέρα,
1580 794 1675 846 καὶ
1708 794 1767 845 ἐν
1806 790 1996 861 ὑψηλῷ
2041 791 2233 859 στῆναι

656 879 843 951 χωρίῳ
871 877 1095 930 δυνατὸν
1123 867 1211 947 ἦν,
1243 876 1341 930 καὶ
1377 878 1510 930 πᾶσι
1540 875 1733 945 βοῆσαι
1786 874 1882 928 καὶ
1928 871 2233 945 διαμαρτύ-

662 960 881 1031 ρασθαι,
916 961 999 1013 ὃτι
1050 960 1079 1011 ὁ
1108 958 1239 1021 Θεὸς
1282 957 1456 1010 ταῦτα
1503 958 1668 1010 ποιεῖ.
1726 956 1843 1009 Οὐκ
1878 953 1940 1019 ἐξ
1975 954 2235 1015 ἀπονοίας

656 1044 832 1098 ταῦτα
869 1041 1033 1111 λέγω,
1064 1041 1181 1094 ἀλλ’
1204 1039 1316 1110 ιχω
1336 1038 1663 1110 παρεστῶτα
1679 1038 1769 1093 τὸν
1794 1038 2084 1109 προφήτην
2115 1037 2232 1107 μετ’

658 1125 793 1195 ἐμοῦ
827 1123 1035 1195 βοῶντα
1061 1123 1155 1175 καὶ
1185 1120 1435 1189 λέγοντα,
1462 1123 1545 1175 ὅτι
1597 1122 1721 1175 οὐκ
1773 1118 1906 1172 ἐστι
1946 1119 2126 1186 κακία
2164 1117 2235 1170 ἐν

660 1208 853 1276 πόλει,
895 1206 975 1273 ἦν
1006 1206 1220 1276 Κύριος
1252 1206 1365 1257 οὐκ
1393 1204 1681 1272 ἐποίησεο
1719 1202 1890 1257 κακία
1929 1202 1987 1256 δέ
2021 1200 2235 1272 ὁμώνυ-

662 1290 760 1361 μόν
807 1292 955 1343 ἐστιν
1000 1289 1205 1358 δνομα-
1253 1287 1348 1339 καὶ
1398 1276 2234 1359 τῆςπροσηγορίαςέκατέρας

660 1370 921 1444 βούλομαι
971 1372 1072 1443 τήν
1108 1371 1312 1443 ἀκριϐῆ
1362 1367 1555 1442 μαθεῖν
1610 1371 1755 1441 ὑμᾶς
1807 1370 2105 1442 σημασίαν,
2146 1370 2234 1423 ἶνα

661 1454 737 1525 μή
773 1454 859 1507 διὰ
887 1453 983 1524 τὴν
1011 1452 1333 1524 ὁμωνυμίαν
1375 1450 1862 1525 τῶνπραγμάτων
1914 1453 2232 1523 συγχέοντες

655 1530 755 1607 τήν
787 1535 967 1605 φύσιν,
995 1537 1074 1599 εἰς
1100 1534 1449 1606 βλασφημίαν
1475 1536 1773 1610 ἐμπέσητε.

727 1747 787 1794 ε’.
833 1741 989 1793 Ἐστι
1005 1741 1183 1797 τοίνυν
1197 1741 1385 1807 κακία,
1403 1742 1436 1811 ή
1453 1741 1621 1804 δντως
1643 1740 1827 1801 κακία,
1848 1740 2092 1809 πορνεία,
2115 1755 2234 1809 μοι·

658 1823 807 1894 χεία,
826 1822 1127 1887 πλεονεξία.
1159 1823 1254 1876 καὶ
1279 1824 1349 1885 τᾲ
1375 1823 1549 1894 μυρία
1569 1822 1723 1875 δεινά
1743 1822 1827 1876 .τά
1855 1822 1961 1876 τῶν
1990 1822 2234 1891 ἐσχάτων

658 1906 785 1959 ὄντα
824 1905 1195 1975 ἐγκλημάτων
1242 1904 1371 1971 ἀξια
1405 1905 1502 1958 καὶ
1561 1904 1865 1978 τιμωριῶν.
1907 1904 2074 1978 Πάλιν
2121 1904 2236 1956 ἐστί

657 1988 847 2051 κακία,
886 1986 1086 2059 μᾶλλον
1135 1986 1191 2040 δέ
1236 1987 1337 2040 οὐκ
1385 1987 1557 2052 εστιν,
1602 1975 1738 2040 ἀλλά
1779 1975 2019 2054 λέγεται,
2056 1984 2231 2054 λιμὸς,

655 2069 862 2140 λοιμὸς,
893 2069 1144 2132 θάνατος,
1173 2070 1347 2133 νόσος,
1379 2070 1473 2123 καὶ
1505 2069 1607 2122 ὅσα
1634 2067 1889 2122 τοιαῦτα·
1925 2068 2096 2121 ταῦτα
2124 2066 2234 2136 γάρ

656 2153 757 2207 οὐκ
784 2152 850 2205 ἀν
872 2152 956 2223 εἴη
987 2152 1133 2206 κακά
1152 2168 1165 2181 ·
1186 2150 1276 2204 διά
1294 2150 1452 2205 τοῦτο
1472 2148 1647 2214 εἶπον,
1671 2150 1934 2220 Λέγεται,
1960 2150 2136 2219 μόνον.
2171 2148 2235 2202 Τί

634 2232 883 2305 ’δήποτες
917 2230 1036 2287 Ὅτι
1069 2232 1119 2286 εί
1157 2234 1302 2287 κακά
1337 2228 1426 2305 ἦν,
1461 2234 1561 2307 οὐκ
1582 2234 1647 2295 ἂν
1672 2232 1894 2300 ἀγαθῶν
1921 2234 2054 2304 ήμῖν
2090 2232 2237 2287 αἴτια

658 2316 924 2384 ἐγεγόνει,
966 2316 1365 2387 σωφρονίζοντα
1421 2307 1851 2387 τὴνίάπόνοιαν,
1899 2312 2236 2381 ἐγκρπτοντα

658 2398 756 2469 τὴν
792 2398 1063 2469 ῥαθυμίαν
1089 2386 1181 2451 καὶ
1223 2397 1361 2469 πρὸς
1389 2386 1626 2469 σπουδὴν
1672 2389 2031 2466 ἐπανάγοντα,
2054 2388 2236 2466 ἀπροσ-

660 2467 1053 2549 εκτικωτέρους
1106 2467 1386 2534 ποιοῦντα.
1414 2467 1545 2532 Ὅτε
1574 2478 1705 2549 γὰρ,
1738 2477 1927 2549 φησὶν,
1969 2477 2238 2530 ἀπέκτει-

657 2578 766 2617 νεν
787 2561 1193 2631 albam..th
1229 2557 1558 2628 ἐξεζήτουν
1593 2562 1801 2625 αὑτὸν,
1831 2560 1927 2613 καί
1960 2556 2239 2625 ἐπέστρε-

657 2640 1246 2713 φονεξτκαίῶρθριζον
1299 2644 1451 2713 πρὸς
1495 2643 1603 2697 τὸν
1660 2643 1826 2696 Θεόν.
1881 2641 2095 2695 Κακίαν
2144 2636 2238 2693 οὖν

656 2727 861 2796 ταύτην
912 2725 1047 2796 φησί
1101 2726 1199 2796 τὴν
1258 2725 1720 2796 σωφρονίζουσαν,
1786 2725 1885 2795 τὴν
1950 2724 2239 2795 λαμπροὺς

659 2807 951 2869 ποιοῦσαν,
1005 2807 1103 2877 τήν
1152 2808 1603 2879 σπουδαιοτέρους
1660 2806 2034 2878 ἐργαζομένην
2062 2844 2075 2868 ,
2138 2806 2239 2875 τὴν

826 2889 1140 2958 φιλοσοφίαν
1175 2890 1576 2958 ἐπανάγουσαν,
1611 2892 1712 2942 οὐκ
1751 2890 1964 2957 ἐκείνην
1996 2889 2092 2959 τὴν
2121 2888 2239 2941 δια-

657 2968 1001 3041 ϐεϐλημένην
1034 2973 1126 3023 καὶ
1174 2971 1536 3042 ἐγκλημάτων
1585 2972 1771 3039 ἀξίανο
1821 2971 2005 3042 ἐκείνη
2038 2971 2149 3041 γὰρ
2178 2971 2238 3023 οὐ

660 3052 795 3105 Θεοῦ
827 3054 1009 3125 ἔργον,
1046 3053 1183 3107 ἀλλά
1217 3054 1315 3123 τῆς
1359 3054 1638 3123 ἡμετέρας
1678 3055 2055 3125 προαιρέσεως
2087 3054 2252 3123 εὗρε--

665 3153 760 3205 μα,
780 3135 920 3205 αῦτη
942 3134 1000 3187 δὲ
1022 3136 1157 3203 πρὸς
1185 3137 1285 3205 τὴν
1314 3136 1531 3207 ἐκείνης
1558 3137 1840 3208 ἀναίρεσιν
1864 3136 2092 3204 γίνεται.
2124 3134 2238 3188 Κα-

660 3219 787 3270 κίαν
816 3215 909 3270 οὖν
934 3215 1138 3287 ταύτην
1170 3215 1326 3269 καλεῖ
1368 3218 1468 3288 τὴν
1496 3218 1759 3278 κάκωσιν.
1791 3219 1888 3287 τὴν
1921 3220 1985 3272 ἐκ
2012 3217 2122 3270 τῶν
2153 3235 2238 3269 τι·

665 3298 885 3369 μωριῶν
930 3299 1223 3367 γινομένην
1254 3300 1408 3369 ἡμῖν,
1442 3300 1501 3351 οὑ
1529 3300 1671 3353 κατά
1695 3300 1793 3371 τὴν
1820 3301 2027 3353 οἰκείαν
2056 3300 2237 3369 φύσιν,

662 3381 803 3435 ἀλλά
835 3382 976 3434 κατά
1000 3383 1100 3450 τὴν
1146 3381 1399 3437 ὑπόνοιαν
1431 3381 1539 3435 τῶν
1571 3383 1896 3454 ἀνθρώπων,
1936 3381 2107 3445 οὕτως
2141 3385 2237 3435 αὺ-

662 3467 764 3536 τὴν
791 3464 1093 3534 ὀνομάζων.
1139 3463 1356 3531 Ἐπειδὴ
1385 3464 1491 3536 γὰρ
1518 3467 1716 3519 κακίαν
1735 3467 1921 3519 καλεῖν
1947 3465 2238 3535 εἰώθαμεν,

661 3550 722 3600 οὐ
751 3543 853 3610 ’τὰς
877 3546 1080 3606 κλοπάς
1112 3549 1207 3600 καὶ
1238 3548 1332 3610 τὰς
1362 3548 1606 3619 μοιχείας
1631 3550 1810 3619 μόνον,
1850 3549 1984 3602 ἀλλά
2025 3550 2119 3602 καὶ
2144 3548 2241 3612 τὰς

665 3631 972 3706 συμφορὰς,
1003 3631 1113 3683 ἀπὸ
1140 3630 1241 3698 τῆς
1276 3629 1383 3705 τῶν
1440 3630 1743 3701 ἀνθρώπων
1791 3632 1974 3702 ψήφου
2004 3632 2145 3684 οῦτω
2177 3633 2238 3685 τὸ

666 3714 899 3784 πρᾶγμα
934 3712 1179 3764 ἐκάλεσε.
1222 3714 1393 3765 Τοῦτο
1446 3710 1540 3767 οῦν
1570 3708 1717 3767 ἐστιν
1758 3716 1786 3768 ὃ
1831 3732 1996 3785 φησιν
2029 3713 2179 3785 [2541
2212 3719 2240 3768 ὁ

667 3796 977 3866 προφήτης,
1010 3796 1092 3847 ὅτι
1125 3797 1246 3847 Οὐκ
1293 3796 1427 3849 ἐστι
1479 3798 1656 3849 κακία
1688 3796 1758 3849 ἐν
1794 3798 1987 3861 πόλει,
2018 3796 2094 3864 ῆι·
2124 3799 2241 3851 Κύ-

659 3895 789 3948 ριος
821 3880 933 3931 οὐκ
969 3877 1242 3944 ἐποίησε.
1286 3877 1455 3929 Τοῦτο
1498 3881 1590 3930 καὶ
1625 3878 1711 3931 διά
1752 3880 1973 3931 Ἡσαΐου
2014 3881 2245 3951 παρεδή-

666 3959 837 4012 λωσεν
857 3961 885 4011 ὁ
907 3959 1039 4022 Θεὸς
1060 3961 1230 4013 εἰπών
1249 3976 1261 3987 ·
1298 3959 1441 4029 Ἐγὼ
1467 3959 1612 4025 Θεὸς
1637 3960 1824 4013 ποιῶν
1847 3961 2115 4029 εἰρήνην,
2146 3963 2244 4017 καί

667 4040 877 4101 κτίζων
906 4040 1088 4094 κακά·
1131 4043 1274 4095 κακά
1318 4041 1478 4094 πάλιν
1505 4042 1601 4103 τὰς
1634 4045 1917 4112 συμφορὰς
1937 4045 2237 4114 ὀνομάζων,

658 4125 883 4194 Ταύτην
912 4127 1006 4177 καὶ
1027 4127 1054 4177 ὁ
1078 4126 1310 4196 Χριστὸς
1333 4128 1432 4195 τὴν
1449 4125 1646 4177 κακίαν
1670 4128 1724 4177 ἐν
1756 4130 1865 4189 τοῖς
1890 4127 2242 4194 Εὐαγγελίοις

668 4208 979 4267 αἰνίττεται,
1014 4205 1156 4261 οὓτω
1184 4206 1357 4274 λέγων
1386 4211 1496 4269 τοῖς
1527 4207 1794 4277 μαθηταῖς
1816 4228 1829 4241 ·
1880 4210 2149 4276 Ἀρκετὸν
2168 4210 2241 4279 τῇ

671 4289 857 4356 ἡμέρᾳ
885 4289 922 4355 ἡ
949 4291 1128 4341 κακία
1160 4288 1370 4356 αὐτῆς,
1399 4292 1696 4353 τουτέστιν,
1737 4294 1769 4361 ἡ
1797 4292 2058 4356 κάκωσις,
2090 4295 2121 4363 ή
2155 4311 2243 4346 τα-

668 4372 960 4443 λαιπωρία.
993 4372 1335 4442 Πανταχόθεν
1357 4370 1451 4427 οὖν
1488 4374 1669 4443 δῆλον,
1705 4376 1785 4427 ὅτι
1836 4378 2033 4429 κακίαν
2061 4381 2242 4433 ἐνταῦ-

671 4456 740 4509 θα
761 4456 857 4518 τάς
891 4456 1161 4525 τιμωρίας
1210 4455 1395 4523 καλεῖ,
1422 4457 1517 4509 καὶ
1558 4457 1760 4520 ταύτας
1791 4461 1923 4529 ήμίν
1962 4460 2124 4523 αὐτὸς
2146 4465 2242 4516 έπ-

670 4540 814 4607 άγει,
849 4540 1103 4609 μέγιστον
1132 4540 1386 4609 προνοίας
1416 4536 1554 4602 εἶδος
1592 4542 1982 4611 παρεχόμενος.
2001 4546 2105 4597 Καὶ
2135 4548 2241 4617 γάρ

668 4626 697 4676 ὁ
727 4624 925 4693 ἰατρὸς,
954 4623 1050 4691 οὐχ
1068 4623 1195 4675 ὅταν
1227 4624 1307 4684 εἰς
1342 4623 1701 4693 παραδείσους
1736 4628 1827 4679 καὶ
1855 4626 2123 4697 λειμῶνας
2159 4631 2244 4694 ἐξ·

671 4707 853 4779 ἀγάγῃ
878 4706 968 4758 τὸν
992 4706 1297 4774 κάμνοντα,
1316 4706 1628 4775 θαυμαστός
1652 4710 1764 4760 ἐστι
1793 4711 1971 4778 μόνον,
1990 4712 2094 4763 οὐδ’
2114 4714 2243 4767 ὅταν

671 4792 753 4852 εἰς
787 4790 1043 4858 βαλανεῖα
1101 4790 1195 4841 καὶ
1251 4787 1638 4863 κολυμϐήθρας
1697 4791 1924 4855 ὑδάτων,
1978 4796 2086 4847 οὐδ’
2116 4798 2243 4850 ὅταν

671 4873 947 4942 τράπεζαν
980 4870 1255 4942 παρατιθῇ
1308 4872 1589 4937 πλουσίαν,
1626 4874 1761 4928 ἀλλὰ
1786 4878 1877 4928 καί
1910 4878 2035 4931 ὅταν
2063 4879 2244 4934 ἀσιτον

670 4954 867 5024 κελεύῃ
888 4950 1178 5021 διαμένειν,
1205 4956 1298 5008 καὶ
1319 4958 1445 5009 ὅταν
1470 4957 1612 5028 ἀγχῃ
1638 4957 1783 5029 λιμῷ
1806 4962 1900 5013 καὶ
1921 4962 2045 5032 δίψη
2076 4981 2245 5017 κατα-

672 5037 842 5107 τείνῃ,
880 5040 946 5106 τῇ
979 5037 1133 5108 κλίνῃ
1165 5040 1454 5109 προσηλῶν
1485 5042 1578 5093 καὶ
1607 5043 1706 5111 τὴν
1741 5043 1918 5097 οἰκίαν
1960 5045 2243 5117 δεσμωτή-

673 5135 787 5189 ριον
818 5119 1137 5189 ποιούμενος
1157 5118 1197 5182 ⁸,
1226 5121 1321 5174 καὶ
1350 5123 1521 5175 αὐτοῦ
1567 5124 1661 5175 τοῦ
1704 5126 1880 5192 φωτὸς
1925 5130 2246 5198 ἀποστερῶν

672 5202 765 5256 καὶ
795 5203 1105 5266 συσκιάζων
1144 5206 1477 5275 πανταχόθεν
1528 5207 1587 5259 τὸ
1624 5209 1894 5279 δωμάτιον
1929 5215 2249 5283 παραπετά-

673 5301 860 5370 σμασι,
878 5286 972 5339 καὶ
994 5287 1123 5370 δταν
1151 5286 1340 5358 τέμνῃ,
1368 5290 1460 5341 κειιί⁵
1486 5291 1613 5343 ὅταν
1639 5292 1897 5364 καίῃ.κα“ι
1921 5298 2048 5349 ὅταν
2074 5298 2248 5370 πικρὰ

673 5366 924 5437 ’.προσάγῃ
958 5367 1246 5439 φάρμακα,
1303 5371 1482 5442 ἱατρός
1538 5373 1685 5427 ἐστιν
1734 5376 1955 5445 ὁμοίως.
1986 5379 2109 5444 Πῶς
2152 5366 2247 5435 οῦν

670 5450 771 5502 οὐκ
791 5450 988 5530 ἀτοπον
1022 5451 1228 5503 ἐκεῖνον
1277 5451 1375 5521 μὲν
1407 5454 1646 5507 τοσαῦτα
1685 5456 2053 5530 ἐργαζόμενον
2102 5464 2246 5518 κακά

676 5529 856 5603 ίατρὸν
899 5530 1102 5596 καλεῖν,
1135 5533 1225 5586 τὸν
1253 5534 1308 5587 δὲ
1339 5535 1492 5605 Θεὸν,
1518 5537 1571 5591 εἰ
1607 5556 1735 5593 ποτε
1761 5539 1817 5595 ἓν
1852 5529 2053 5599 τούτων
2086 5548 2244 5619 ποιήο

735 5725 757 5753 ⁸
783 5721 902 5773 Colb
942 5727 1151 5787 uterque
1179 5725 1494 5791 ἐργαζόμενος.

1359 349 1412 405 S.
1460 343 1745 403 JOANNIS
1782 338 2276 402 CImYSOSTOMI
2326 339 2647 398 ARCIIIEP.
2690 326 3241 397 CONSTANTINOP.

3810 330 3924 387 253

2336 476 2503 524 σειεν,
2538 452 2649 512 οἷον
2674 456 2708 527 ἢ
2739 454 2894 525 λιμὸν
2922 454 2956 527 ή
2984 452 3215 507 θάνατον
3244 448 3541 518 ἐπαγάγοι,
3576 444 3923 527 βλασφημεῖν

2332 542 2428 595 καὶ
2456 541 2554 612 τῆς
2592 526 2921 599 τοῦίπαντὸς
2951 534 3235 590 ἐκϐάλλειν
3259 530 3519 603 προνοίας
3539 544 3555 593 ;
3579 526 3765 612 καίτοι
3790 542 3859 593 γε
3888 527 3933 580 ε

2333 609 2544 696 ἀληθὴς
2590 620 2770 693 ἰατρὸς
2794 613 2950 682 οὗτος
2992 619 3151 689 μόνος
3179 618 3300 670 ἐστὶ
3326 615 3423 670 καὶ
3453 611 3646 684 ψυχῶν
3679 609 3775 663 καὶ
3798 624 3920 696 ⁸σειο-

2337 692 2542 778 μάτων.
2579 692 2687 757 Διά
2710 700 2869 756 τοῦτο
2896 699 3156 763 πολλάκις
3187 698 3287 769 τὴν
3328 697 3491 767 φύσιν
3516 696 3618 767 τήν
3641 692 3920 778 ήμετέραν

2334 773 2671 862 παραλαϐὼν
2723 784 2783 850 ἐξ
2831 784 3086 856 εὐθηνίας
3138 781 3483 853 σκιρτῶσαν,
3531 778 3631 862 καὶ

2336 857 2743 945 ἁμαρτημάτων
2774 869 3094 930 ὠδίνουσαν,
3134 863 3309 935 ἐνδείᾳ
3330 863 3427 916 καὶ
3633 859 3728 945 καὶ

2332 937 2410 1026 τω
2439 937 2868 1022 καὶ-συμφοραῖς
2891 949 3129 1019 ἑτέραις,
3163 946 3258 1002 καὶ
3283 947 3397 1009 τοῖς
3426 943 3608 1026 ἀλλοις
3642 937 3726 1005 οἷς
3753 939 3922 1026 αθτὸς

2333 1019 2441 1090 οἶδε
2490 1019 2806 1106 φαρμάκοις
2836 1029 3176 1085 ἀπαλλάττει
3226 1028 3335 1082 τῶν
3373 1024 3720 1106 νοσημάτων·

2332 1120 2383 1170 οἱ
2402 1102 2633 1186 πένητες
2661 1114 3007 1169 αἰσθάνονεαι
3037 1112 3194 1183 μόνοι
3224 1109 3319 1164 τοῦ
3348 1105 3738 1178 λιμοῦ,φησίν.
3773 1102 3925 1157 ’m’

2332 1202 2453 1269 οὐχὶ
2484 1199 2630 1270 μόνῳ
2654 1197 2801 1268 λιμῴ
2842 1195 3080 1261 κολάζει,
3115 1192 3255 1249 ἀλλά
3300 1192 3398 1245 καὶ
3424 1190 3631 1262 ἑτέροις
3664 1188 3886 1270 μυρίοις
3905 1202 3921 1219 ’

2331 1268 2429 1337 τὸν
2452 1268 2509 1336 ἐν
2535 1281 2697 1353 πενίᾳ
2726 1282 2821 1351 μὲν
2850 1280 2983 1332 δντα
3001 1277 3145 1349 λιμῷ
3168 1275 3429 1336 πολλάκις
3444 1271 3800 1353 ἐσωφρόνισε,
3824 1268 3925 1322 τὸν

2334 1351 2681 1420 πλουτοῦντα
2709 1364 2763 1417 δέ
2810 1364 2906 1415 καὶ
2958 1358 3219 1428 εὐπορίας
3252 1354 3595 1412 ἀπολαύοντα
3627 1351 3921 1415 κινδύνοις,

2332 1434 2624 1519 νοσήμασι,
2653 1446 2900 1509 θανάτοις
2924 1441 3481 1513 ἀώροιςοεὺμήχανος
3510 1437 3620 1506 γάρ
3642 1437 3787 1499 ἐστι,
3823 1434 3923 1487 καὶ

2310 1598 2312 1601 τ
2334 1530 2553 1585 ποικίλα
2579 1530 2693 1601 ἔχει
2719 1531 2820 1600 τῆς
2859 1525 3134 1597 σωτηρίας
3160 1521 3319 1596 ήμῶν
3353 1520 3423 1575 τὰ
3445 1520 3737 1591 φάρμακα.

2406 1675 2564 1728 Οὕτω
2592 1674 2687 1728 καὶ
2710 1672 2961 1727 δικασταὶ
3001 1668 3248 1725 ποιοῦσιν
3269 1685 3283 1700 ’
3321 1670 3383 1722 οὐ
3415 1666 3616 1738 τιμῶσι
3649 1665 3809 1735 μόνον
3836 1679 3924 1716 ου-

2334 1758 2389 1811 δὲ
2430 1756 2754 1826 στεφανοῦσι
2805 1757 2933 1818 τοὺς
2983 1754 3084 1817 τὰς
3114 1752 3302 1815 πόλεις
3330 1748 3635 1826 οἰκοῦντας,
3670 1746 3793 1799 οὐδὲ
3819 1745 3927 1798 δω-

2338 1839 2464 1909 ρεὰς
2497 1823 2798 1909 παρέχουσι
2825 1826 3009 1907 μόνον,
3039 1834 3175 1903 ἀλλά
3197 1834 3291 1887 καὶ
3325 1823 3612 1897 κολάζουσι
3635 1828 3921 1889 πολλάκις.

2335 1921 2435 1975 Διά
2468 1920 2625 1975 τοῦτο
2654 1922 2748 1974 καὶ
2779 1920 2931 1988 ξίφος
2971 1919 3156 1981 αὐτοῖς
3203 1914 3491 1987 ήκόνηται,
3526 1914 3623 1968 καὶ
3670 1910 3924 1982 βάραθρα

2337 2005 2808 2076 παρεσκεύασται,
2836 2003 2929 2055 καὶ
2962 1998 3179 2071 τροχὸς,
3220 1998 3317 2052 καὶ
3348 1997 3504 2063 ξύλα,
3559 1996 3655 2076 καὶ
3713 1994 3919 2076 δήμιοι,

2340 2074 2435 2142 καί
2464 2089 2628 2160 ἕτερα
2656 2088 2828 2160 μυρία
2877 2087 3154 2142 κολάσεων
3185 2086 3325 2157 εἴδη.
3348 2085 3533 2153 Ὅπερ
3569 2074 3664 2133 οὖν
3686 2078 3780 2132 ἐπὶ
3810 2074 3925 2160 τῶν

2337 2156 2609 2224 δικαστῶν
2629 2156 2669 2224 δ’
2688 2156 2902 2241 δήμιος,
2930 2169 3089 2224 τοῦτο
3122 2170 3216 2224 ἐπὶ
3238 2156 3333 2222 τοῦ
3358 2164 3496 2219 Θεοῦ
3529 2161 3709 2233 λιμὸς,
3750 2156 3927 2214 καθά-

2338 2262 2459 2325 περ’
2497 2249 2707 2320 δήμιος,
2733 2245 3078 2318 σωφρονίζων
3092 2242 3240 2315 ἡμᾶς
3289 2250 3384 2303 καὶ
3422 2248 3522 2318 τῆς
3572 2244 3774 2306 κακίας
3812 2244 3925 2325 ἀπ-

2340 2322 2508 2404 άγων.
2527 2333 2684 2388 Οὕτω
2704 2336 2799 2387 καὶ
2825 2333 3043 2388 ἐπὶτῶν
3067 2332 3332 2405 γεωργῶν
3354 2330 3501 2384 ἐστιν
3532 2328 3679 2380 ἰδεῖν.
3709 2326 3783 2378 Οὐ
3813 2322 3927 2394 γάρ

2337 2417 2402 2488 δὴ
2445 2418 2606 2487 μόνον
2636 2417 3046 2487 περιστέλλουσι
3072 2416 3171 2487 τὴν
3209 2415 3365 2486 ῥίζαν
3391 2412 3494 2481 τῆς
3518 2409 3769 2483 ἀμπέλου
3800 2405 3928 2488 οὐδὲ

2339 2486 2823 2572 περιφράττουσιν,
2855 2499 2994 2553 ἀλλά
3024 2486 3135 2553 και
3169 2498 3561 2569 περικόπτουσι
3608 2494 3705 2547 καὶ
3750 2486 3926 2545 πολλὰ

2336 2585 2445 2636 τῶν
2476 2584 2773 2655 κλημάτων
2803 2582 3169 2652 ἀποτέμνουσι
3188 2598 3202 2611 ο
3225 2580 3314 2634 διὰ
3343 2578 3504 2632 τοῦτο
3523 2576 3646 2648 οὐχὶ
3666 2572 3927 2639 σκαπάνη

2341 2666 2503 2737 μόνον
2550 2666 2802 2730 ἐκείνοις,
2832 2664 2978 2727 ,ἀλλὰ
2999 2667 3091 2718 καὶ
3128 2664 3369 2735 δρέπανα
3426 2660 3568 2732 πρὸς
3593 2657 3767 2728 τομὴν
3800 2658 3928 2708 ἐπι-

2337 2749 2545 2821 τήδεια.
2587 2749 2727 2803 Ἀλλ’
2754 2750 2904 2820 ὅμως
2949 2750 3052 2803 οὐκ
3098 2746 3444 2816 ἐγκαλοῦμεν
3495 2742 3619 2796 οὐδὲ
3667 2739 3925 2801 τούτοις’

2340 2820 2476 2887 ἀλλά
2496 2834 2591 2887 καὶ
2610 2833 2732 2886 τότε
2755 2833 2989 2903 μάλιστα
3017 2832 3215 2893 αὐτοὺς
3241 2825 3615 2898 θαυμάζομεν,
3645 2824 3774 2878 ὃταν
3792 2820 3930 2875 ἰδυί-

2344 2933 2443 2986 μεν
2466 2915 2637 2969 πολλά
2665 2915 2774 2967 τῶν
2798 2916 3087 2985 ἀχρήστων
3124 2912 3515 2972 ἐκκόπτοντας,
3547 2908 3691 2963 ὥστε
3722 2908 3788 2975 τῇ
3812 2903 3932 2957 τῶν

2340 2998 2611 3070 περιττῶν
2630 2998 2872 3069 ἀποϐολῇ
2899 3000 3011 3062 τοῖς
3030 2996 3251 3068 μένουσι
3273 2994 3473 3065 πολλὴν
3506 2989 3932 3063 παρασκευάσαι

2338 3069 2437 3153 τὴν
2469 3081 2763 3151 σωτηρίαν.
2802 3080 2928 3144 Πῶς
2971 3076 3062 3133 οὖν
3106 3080 3208 3133 οὐκ
3268 3078 3490 3141 ἀτοπον,
3533 3073 3744 3145 πατέρα
3784 3069 3930 3153 μὲν,

2339 3167 2435 3219 καὶ
2471 3166 2676 3237 ἰατρὸν,
2712 3165 2806 3219 καὶ
2838 3162 3118 3226 δικαστὴν,
3147 3162 3244 3215 καὶ
3291 3159 3539 3232 γεωργὸν
3590 3156 3735 3211 οὕτω
3776 3152 3935 3237 δοκι-

2344 3235 2573 3318 μάζειν,
2602 3249 2698 3300 καὶ
2742 3250 2878 3318 μήτε
2918 3248 3124 3300 ἐκεῖνον
3169 3244 3499 3298 ἐκϐάλλοντα
3552 3242 3644 3294 τὸν
3675 3238 3792 3292 υἰὸν
3823 3235 3935 3305 τῆς

2340 3329 2537 3393 οἰκίας,
2576 3330 2717 3401 μήτε
2743 3330 2835 3382 τὸν
2866 3330 3051 3400 ἰατρὸν
3096 3328 3405 3381 ἐκτείνοντα
3424 3324 3454 3365 δ
3481 3325 3575 3378 τὸν
3622 3322 3929 3391 κάμνοντα,

2348 3413 2485 3481 μήτε
2542 3413 2633 3465 τὸν
2682 3411 2941 3482 δικαστὴν
2999 3410 3317 3475 κολάζοντα,
3352 3410 3488 3479 μήτε
3537 3406 3630 3461 τὸν
3678 3401 3935 3473 γεωργὸν

2341 3495 2625 3546 κόπτοντα·
2649 3493 2962 3564 μέμφεσθαι
3000 3492 3095 3546 καὶ
3141 3492 3447 3546 αἰτιᾶσθαι·
3478 3490 3571 3543 τὸν
3599 3489 3655 3541 δὲ
3686 3486 3839 3547 Θεὸν,
3876 3483 3939 3537 εἴ

2343 3593 2472 3629 ποτε
2499 3575 2648 3646 [255]
2685 3575 2973 3647 βουληθείη
3020 3574 3272 3646 καθάπερ
3299 3571 3749 3643 καρηϐαροῦντας
3776 3567 3935 3639 ἡμᾶς

2343 3659 2454 3712 ἀπὸ
2486 3660 2584 3730 τῆς
2632 3658 2832 3730 πολλῆς
2870 3659 3169 3731 ἀναστῆσαι
3206 3657 3374 3729 μέθης
3398 3656 3497 3726 τῆς
3533 3652 3677 3708 κατὰ
3698 3651 3797 3722 τὴν
3825 3666 3935 3702 πα-

2345 3742 2560 3813 νηρίαν,
2596 3741 2904 3813 μέμφεσθαι
2935 3741 3029 3794 καὶ
3053 3742 3276 3812 μυρίαις
3298 3739 3512 3808 βάλλειν
3527 3733 3889 3806 κατηγορίαις
3909 3749 3930 3801 ;

2344 3824 2527 3894 Πόσης
2561 3825 2662 3877 οὐκ
2710 3823 2776 3877 ἂν
2811 3824 2895 3893 εἴη
2939 3822 3159 3893 μανίας,
3205 3821 3339 3891 μηδέ
3379 3820 3480 3889 τῆς
3526 3819 3693 3887 αὐτῆς
3722 3816 3801 3887 τῷ
3827 3817 3933 3866 Δε-

2346 3905 2518 3975 σπότῃ
2539 3905 2876 3974 μεταδιδόναι
2891 3904 3276 3973 δικαιολογίας,
3294 3905 3422 3975 ὅσης
3444 3900 3793 3973 μεταδίδομεν
3809 3900 3929 3962 τοῖς

2345 3987 2650 4050 συνδούλοις
2664 4031 2679 4052 ,

2416 4142 2488 4199 ς’.
2524 4136 2712 4189 Ταῦτα
2747 4136 2887 4206 ὑπὲρ
2916 4134 3093 4187 αὐτῶν
3128 4133 3238 4186 τῶν
3265 4130 3643 4201 ἐγκαλούντων
3671 4125 3935 4190 δεδοικὼς

2341 4218 2484 4286 λέγω
2509 4218 2622 4275 νῦν,
2662 4219 2747 4270 ἵνα
2786 4218 2859 4288 μὴ
2884 4218 3019 4286 πρὸς
3058 4216 3257 4287 κέντρα
3288 4214 3653 4277 λακτίζοντες,
3683 4212 3809 4273 τοὺς
3830 4210 3933 4262 πό.

2342 4303 2436 4366 δας
2468 4305 2521 4355 αἰ
2532 4305 2834 4374 μάσσωσιν,
2863 4292 2949 4354 ἵνα
2973 4302 3047 4371 μὴ
3081 4303 3161 4363 εἰς
3189 4301 3415 4371 οὐρανὸν
3438 4301 3563 4361 τοὺς
3585 4296 3765 4374 λίθους

2344 4371 2546 4444 λον-τες,
2586 4384 2652 4451 τῇ
2689 4379 2993 4450 κεφαλῇτά
3040 4380 3330 4449 τραύματα
3368 4378 3649 4444 δέξωνται.
3704 4371 3849 4442 Ἐγὼ
3872 4371 3937 4426 δὲ

2344 4468 2439 4519 καὶ
2485 4467 2685 4537 ἑτέραν
2720 4464 3028 4535 ὑπερϐολὴν
3085 4464 3196 4534 έχω
3241 4465 3415 4516 πλείω
3463 4462 3667 4531 ταύτης
3724 4458 3931 4510 εἰπεῖν.

2359 4548 2587 4603 ’Λνελὼν
2633 4561 2741 4619 γαρ
2793 4548 2853 4600 τὸ
2886 4548 3068 4617 ζητεῖν
3099 4548 3263 4619 (κατά
3298 4546 3645 4616 συγχώρησιν
3682 4541 3850 4612 λέγω)
3882 4542 3935 4593 εἰ

2347 4632 2629 4703 χρησίμως
2664 4630 2824 4683 ἕλαὸε
2858 4633 2985 4701 παρ’
3019 4630 3175 4700 ἡμῶν
3203 4631 3231 4682 ὁ
3257 4630 3411 4692 Θεὸς,
3441 4631 3617 4681 ἐκεῖνο
3660 4624 3804 4694 λέγω
3833 4624 3935 4695 μό-

2346 4706 2565 4779 νον,’ὃτι
2602 4717 2649 4766 εἰ
2690 4714 2847 4766 ἔλαϐε
2878 4714 3209 4778 τάςδοθέντα,
3239 4713 3357 4766 οὐδέ
3378 4713 3550 4775 οὓτως
3572 4709 3825 4778 ἐγκαλεῖν
3844 4724 3935 4771 τις

2348 4796 2492 4868 εἶχεν
2522 4796 2669 4865 αὐτῷ
2689 4814 2700 4826 ·
2733 4797 2827 4850 καὶ
2872 4797 2981 4869 γάρ
3034 4798 3223 4867 κύριος
3244 4793 3312 4867 ἦν
3345 4796 3452 4848 τῶν
3481 4795 3664 4849 αὐτοῦ.
3715 4794 3802 4846 Ἐν
3840 4794 3934 4846 ἀν-

2346 4880 2584 4952 θρώποις
2628 4880 2745 4949 μὲν,
2772 4880 2899 4932 ὅταν
2938 4883 3068 4949 ἡμῖν
3096 4880 3591 4951 Μρακαταθῶνται
3611 4888 3633 4915 ο
3667 4878 3935 4947 χρήματα

2349 4965 2446 5017 καὶ
2492 4962 2808 5026 δανείζωσιν
2861 4963 3143 5033 ἀργύριον,
3193 4963 3355 5033 χάριν
3405 4960 3775 5031 ὁμολογοῦμεν
3833 4958 3930 5011 τοῦ

2349 5046 2561 5117 χρόνου,
2600 5045 2720 5097 καθ’
2752 5044 2811 5096 ὃν
2841 5045 2907 5115 δὴ
2954 5046 3257 5108 ἐδάνεισαν,
3290 5047 3391 5098 οὐκ
3419 5040 3841 5111 ἀγανακτοῦμεν
3870 5042 3933 5095 δὲ

2349 5129 2487 5198 ὑπὲρ
2538 5129 2631 5180 τοῦ
2680 5129 2894 5197 χρόνου,
2945 5129 3064 5181 καθ’
3091 5128 3149 5181 ὃν
3191 5126 3638 5199 ἀφαιροῦνταιτά
3664 5126 3772 5179 ἴδια
3796 5143 3809 5155 ·
3851 5123 3936 5194 τῷ

2346 5210 2465 5279 Θεῷ
2491 5210 2547 5262 δὲ
2573 5211 2641 5263 τὰ
2660 5210 2826 5263 αὐτοῦ
2859 5210 3168 5281 βουλομένῳ
3189 5212 3375 5265 λαϐεῖν
3392 5211 3783 5278 ἐγκαλέσομεν,
3805 5208 3930 5260 εἰπέ

2351 5310 2475 5365 μοι;
2506 5296 2598 5347 καὶ
2629 5294 2745 5357 πῶς
2777 5295 2875 5347 οὐκ
2900 5295 3134 5366 ἐσχάτης
3168 5294 3337 5349 ταῦτα
3356 5297 3575 5360 ἀνοίας;
3618 5294 3698 5344 Ἀ)
3711 5291 3756 5344 λ’
3781 5291 3931 5360 ούχό

2351 5378 2521 5448 μέγας
2554 5379 2649 5432 καὶ
2667 5382 2909 5446 γενναῖος
2955 5379 3073 5432 Ἰὼϐ
3101 5379 3274 5442 οὕτως
3304 5380 3588 5449 ἐποίησεν·
3620 5378 3743 5432 οὐδὲ
3765 5377 3933 5445 ἡνίκα

2346 5462 2618 5532 ἐλάμϐανε
2644 5464 2824 5533 μόνον,
2855 5463 2991 5517 ἀλλά
3007 5466 3099 5519 καὶ
3122 5464 3280 5535 ἡνίκα
3300 5464 3570 5535 ἀφῄρητο,
3600 5464 3761 5536 χάριν
3782 5465 3931 5537 ὡμο-

2404 5621 2433 5660 b
2460 5621 2606 5670 Savil.
2636 5624 2937 5673 ἐπιτείνοντα.

2408 5687 2433 5754 ξ
2480 5685 2645 5754 Savil._
2679 5687 2736 5733 Εἰ
2781 5687 2929 5754 ἀνθρκ
2957 5687 3068 5754 ϐταν
3098 5688 3220 5754 ᾼὴμῖν
3261 5704 3436 5754 παρακ.
3486 5687 3606 5754 lnge
3653 5699 3935 5749 pronomen

2349 5747 2457 5807 ἡμῖν
2484 5748 2777 5810 recepimus,
2798 5747 2931 5809 quod
2955 5748 3121 5800 Monu.
3146 5747 3243 5800 bon
3273 5747 3514 5801 ediderat.
3538 5747 3678 5802 Enn}
