4190 6322
239 360 339 417 231

238 477 436 547 quippe
460 480 563 536 est,
586 469 676 541 qui
704 469 822 526 haec
841 468 1019 524 omnia
1046 469 1268 539 peragit,
1294 478 1348 522 et
1376 479 1569 538 corpus
1591 466 1836 538 castigat,

240 574 296 620 ut
337 564 519 617 anima
584 561 919 646 emendtat‘tr.
973 563 1055 614 An
1096 575 1225 614 vero
1265 559 1406 614 Deus
1453 560 1566 613 haec
1614 560 1838 630 peragit,

242 659 377 713 dicet
403 653 640 724 aliquis?
679 653 774 708 Ille
802 660 929 706 vero
955 652 1073 706 haec
1101 653 1339 723 peragit;
1367 653 1613 721 quamvis
1647 650 1842 706 civitas

237 744 410 799 omnis
452 743 697 808 adesset,
747 743 988 813 quamvis
1026 742 1307 798 universus
1348 742 1494 796 orbis
1541 750 1836 807 terrarum,

243 835 341 889 hoc
365 833 554 889 dicere
577 850 667 889 me
693 850 799 889 non
825 834 1042 904 pigebit.
1069 835 1244 902 Atque
1269 833 1470 887 utinam
1501 833 1622 887 tuba
1646 833 1843 887 clarior

237 925 365 980 mihi
390 940 493 979 vox
513 935 678 989 esset,
705 936 864 996 atque
881 925 935 978 in
951 924 1162 979 sublimi
1182 924 1296 980 loco
1319 937 1529 992 possem
1547 924 1843 978 consistere
1889 972 1909 983 ,

237 1027 395 1088 atque
439 1017 689 1072 omnibus
728 1017 1059 1086 proclamare
1099 1031 1164 1071 ac
1208 1016 1480 1072 testificari
1529 1016 1695 1071 Deum
1739 1015 1838 1069 ista

238 1119 516 1181 praestare.
563 1110 747 1180 Neque
774 1124 884 1178 prte
913 1108 1073 1163 nimia
1103 1109 1403 1178 arrogantia
1433 1108 1548 1163 hate
1573 1122 1600 1161 a
1631 1119 1718 1162 me
1755 1107 1840 1161 di-

237 1212 464 1268 cuntur,
517 1201 612 1256 sed
660 1201 999 1256 assi‘stentem
1048 1199 1220 1255 habeo
1263 1197 1576 1268 pr0phetam
1630 1213 1838 1254 mecum

239 1295 564 1349 clamantem
599 1307 663 1348 ac
688 1291 974 1355 dicentem,
1011 1292 1135 1363 quia
1181 1289 1297 1345 Non
1325 1300 1398 1345 est
1423 1292 1616 1344 malitia
1640 1290 1841 1344 incivi-

237 1394 356 1450 tate,
387 1401 545 1453 quam
567 1399 667 1438 non
690 1384 862 1454 fecerit
891 1381 1146 1438 Dominus
1175 1383 1350 1454 (Amos
1375 1382 1428 1437 5.
1453 1382 1530 1453 6):
1551 1390 1635 1436 est
1662 1390 1840 1435 autent

238 1491 434 1530 nomen
458 1475 816 1544 :equivoeum,
840 1474 1060 1541 malitia,
1089 1484 1142 1528 et
1166 1476 1444 1544 utriusque
1468 1473 1838 1543 appellationis

236 1566 358 1620 volo
389 1582 486 1627 vos
530 1576 773 1621 exactam
819 1565 1255 1635 significationem
1299 1564 1562 1627 ediscere,
1605 1579 1674 1618 ne
1705 1563 1841 1639 fore

235 1667 458 1731 propter
472 1658 725 1713 dictionis
742 1657 1162 1728 ambiguitatem,
1184 1667 1427 1712 naturam
1449 1656 1839 1712 confundentes

234 1764 417 1806 rerum
441 1752 496 1805 iu
529 1749 915 1820 blasphemiam
948 1749 1215 1804 incidatis.

305 1841 360 1896 5.
390 1841 611 1895 Malitia
634 1856 814 1894 nomen
843 1840 997 1894 variis
1022 1839 1185 1893 modis
1204 1837 1652 1908 accipitur.-—Est
1680 1837 1839 1908 igitur

237 1932 464 1997 malitia,
490 1949 610 2004 qua:
638 1949 766 1988 vere
791 1933 990 1988 malitia
1021 1942 1123 1997 est,
1156 1931 1460 1995 fornicatio,
1491 1931 1834 1999 adulterium,

233 2025 479 2092 avaritia,
520 2035 576 2080 et
609 2025 888 2080 innumera
927 2023 1088 2089 mala,
1131 2039 1247 2094 qua:
1277 2022 1503 2077 summis
1524 2023 1836 2077 Criminibus

237 2116 623 2186 suppliciisque
665 2125 790 2170 sunt
820 2115 1000 2186 digna.
1031 2115 1235 2170 Rursus
1264 2125 1348 2170 est
1370 2114 1592 2180 malitia,
1625 2115 1706 2169 vel
1739 2130 1839 2184 po-

237 2209 340 2262 tius
367 2224 475 2262 non
503 2217 606 2271 est,
633 2209 726 2261 sed
758 2207 956 2262 dicitur
983 2207 1205 2274 malitia,
1237 2206 1424 2271 fames,
1457 2207 1643 2275 pestis,
1669 2222 1833 2274 mors,

235 2300 521 2370 agritudo,
568 2309 622 2354 et
655 2299 762 2353 alia
790 2299 1074 2368 ejusmodi.
1104 2297 1230 2353 Hmc
1257 2300 1400 2353 enim
1427 2313 1531 2352 non
1563 2307 1687 2352 sunt
1712 2313 1836 2354 vere

233 2391 406 2446 mala:
429 2399 711 2459 propterea
735 2390 840 2445 dixi
868 2400 1069 2443 tantum
1098 2389 1375 2459 appellari.
1400 2389 1535 2458 Quid
1559 2388 1656 2443 ita?
1682 2389 1835 2456 Quod

235 2484 279 2536 si
321 2483 462 2536 mala
507 2491 712 2544 essent,
757 2481 1018 2536 bonorum
1063 2481 1217 2536 nobis
1256 2496 1432 2535 causae
1479 2496 1584 2535 non
1631 2490 1832 2548 essent,

233 2573 358 2626 dum
403 2573 768 2643 arrogantiam
811 2573 1127 2641 reprimunt,
1173 2580 1444 2642 torporem
1475 2573 1751 2628 excutiunt
1780 2584 1837 2628 et

236 2663 300 2716 ad
324 2663 659 2733 diligentiam
688 2664 925 2727 incitant,
956 2664 1080 2718 dum
1116 2665 1428 2719 attentiores
1457 2681 1554 2720 nos
1581 2666 1832 2722 reddunt.

236 2752 360 2806 Cum
390 2756 558 2821 enim,
603 2755 792 2825 inquit,
823 2755 1064 2809 occideret
1093 2772 1196 2821 eos,
1227 2767 1342 2809 tunc
1369 2757 1656 2826 quiet-ebant
1685 2774 1834 2813 eum:

235 2855 278 2897 et
304 2846 700 2913 revertebantur,
732 2859 778 2900 et
813 2847 1036 2900 diluc‘ulo
1064 2848 1324 2902 veniebant
1365 2849 1434 2901 ad
1475 2847 1632 2902 Deum
1656 2847 1829 2918 (Paul.

236 2933 319 2988 77.
353 2935 466 3005 5t).
495 2935 752 2990 Malitiam
770 2934 936 3006 igitur
966 2938 1100 2990 hanc
1123 2936 1271 3002 dicit,
1299 2954 1416 3007 qua:
1441 2939 1679 3010 corrigit,
1714 2955 1831 3011 qua:

233 3025 402 3078 reddit
433 3025 690 3090 illustres,
730 3043 846 3096 quin
890 3025 1256 3097 diligentiores
1285 3027 1467 3095 eflicit,
1497 3045 1617 3099 qum
1660 3031 1830 3098 philo-

233 3118 472 3185 sepltiam
519 3118 725 3185 inserit,
757 3134 858 3172 non
893 3119 1036 3192 illaut
1079 3120 1403 3174 accusationi
1450 3131 1502 3174 et
1539 3122 1830 3190 reprehen-

234 3209 367 3261 sioni
412 3209 724 3262 obnoxiam.
758 3208 912 3264 Nam"
936 3210 1022 3262 illa
1053 3209 1144 3264 Dei
1178 3226 1314 3279 opus
1343 3226 1446 3264 non
1477 3220 1579 3276 est,
1607 3211 1701 3266 sed
1728 3231 1826 3264 no-

234 3310 357 3353 stra:
384 3300 675 3354 voluntatis
703 3301 995 3362 inventum,
1022 3301 1136 3355 lucc
1163 3313 1340 3356 autem
1372 3302 1436 3355 ad
1467 3303 1607 3357 illaut
1639 3304 1828 3358 tollen-

233 3391 348 3446 dam
377 3392 616 3448 instituta
648 3404 748 3448 est.
777 3394 1028 3448 Malitiam
1076 3396 1232 3465 igitur
1262 3398 1398 3449 hanc
1418 3396 1648 3465 appellat
1688 3397 1826 3450 affli-

229 3484 482 3549 ctionem,
514 3501 632 3555 qure
661 3488 814 3540 nobis
832 3502 897 3540 ex
923 3487 1200 3556 snpplieiis
1223 3489 1394 3541 oritur
1414 3530 1428 3553 ,
1478 3504 1584 3541 non
1617 3504 1682 3542 ex
1730 3504 1823 3544 sua

231 3587 436 3642 natura,
460 3577 557 3631 sed
590 3593 653 3632 ex
681 3577 956 3632 hominum
985 3580 1236 3647 opinione
1268 3579 1371 3634 tale
1407 3579 1480 3632 illi
1507 3595 1701 3634 nomen
1734 3582 1827 3636 im-

232 3684 449 3735 ponens.
473 3667 608 3723 Nam
636 3671 886 3738 quoniam
918 3671 1173 3724 malitiam
1220 3671 1455 3726 Solemus
1484 3687 1674 3728 vocare
1715 3689 1822 3728 non

229 3757 362 3812 furta
434 3761 609 3814 solmn
686 3771 741 3814 et
793 3761 1086 3828 adulteria,
1138 3763 1231 3816 sed
1256 3765 1416 3818 etiam
1466 3764 1818 3832 calamitates,

170 3897 174 3902 .
229 3867 287 3904 ex
322 3851 599 3906 hominum
630 3855 895 3907 sententia
934 3855 1004 3908 ila
1045 3870 1156 3909 rem
1193 3856 1492 3925 appellavit.
1522 3858 1634 3912 IIoc
1662 3859 1823 3929 igitur

227 3951 328 4002 est,
360 3943 504 4012 quod
534 3945 604 3997 ait
634 3945 912 4013 propheta,
945 3946 1068 4015 quia
1102 3945 1225 4000 Non
1268 3956 1342 4000 est
1370 3949 1563 4000 malitia
1602 3949 1653 4001 in
1694 3952 1821 4002 civi-

228 4044 345 4100 tate,
374 4051 649 4104 quamnon
675 4039 846 4108 fecerit
870 4035 1314 4107 Dontinustos
1346 4040 1396 4094 5.
1428 4038 1505 4108 .6).
1527 4040 1638 4095 Hoc
1659 4043 1818 4095 etiam

227 4127 320 4193 per
347 4126 541 4180 Isaiam
572 4139 726 4183 antea
764 4128 1084 4198 significavit
1120 4132 1296 4195 Deus,
1345 4147 1467 4186 cum
1495 4133 1671 4188 dixit:
1709 4134 1819 4205 Ego

226 4216 361 4274 Deus
389 4222 584 4291 faciens
606 4239 803 4290 pacem,
829 4232 877 4276 et
896 4240 1076 4278 ereum
1102 4225 1236 4276 mula
1269 4223 1420 4296 (frui.
1459 4227 1548 4281 45.
1582 4227 1656 4296 7);
1678 4228 1818 4282 mala

228 4317 407 4366 rursus
423 4313 764 4368 calamitates
786 4316 1081 4386 appellans.
1109 4315 1259 4370 IIanc
1279 4318 1437 4371 etiam
1456 4318 1700 4372 Christus
1715 4335 1818 4372 ma-

227 4401 386 4456 litiam
417 4406 468 4458 in
499 4405 803 4475 Evangeliis
821 4407 1142 4473 subiudicat,
1163 4426 1282 4464 cum
1307 4411 1581 4482 discipulis
1603 4417 1672 4467 ita
1691 4413 1820 4469 dicit

227 4490 416 4562 Sufﬁcit
447 4497 550 4548 diei
576 4498 770 4550 malitia
789 4497 1109 4565 sua(Matllt.
1136 4499 1188 4554 6.
1211 4499 1325 4572 55),
1351 4501 1452 4556 hoc
1474 4513 1556 4556 est
1576 4503 1812 4568 afﬂictio,

228 4585 457 4642 miseria.
489 4587 682 4659 Liquet
724 4584 890 4659 igitur
910 4592 1142 4661 undique
1168 4593 1421 4648 malitiam
1452 4595 1537 4650 Itic
1553 4612 1673 4651 eum
1704 4613 1816 4666 pm-

227 4693 317 4733 nas
347 4683 640 4750 appellare,
673 4698 806 4752 quas
820 4693 872 4737 ct
899 4685 1013 4753 ipse
1031 4687 1183 4741 nobis
1202 4688 1327 4741 dum
1349 4688 1508 4743 infert
1526 4693 1814 4746 maximum

225 4783 330 4824 sua:
359 4787 505 4825 cur-.e
531 4788 593 4826 ac
623 4774 970 4842 providentia:
997 4792 1166 4847 genus
1182 4780 1418 4834 exhibet.
1439 4780 1570 4834 Nam
1611 4793 1665 4838 et
1696 4800 1812 4839 me-

225 4860 388 4926 dicus,
421 4881 530 4918 non
547 4880 665 4918 cmn
686 4882 884 4936 :rgrum
916 4868 968 4922 in
991 4869 1174 4925 hortos
1192 4885 1254 4926 ac
1271 4883 1418 4942 prata
1436 4875 1671 4942 deducit,
1695 4877 1814 4932 lau-

225 4952 427 5011 dandus
445 4967 530 5011 est
558 4967 780 5024 tantum,
800 4977 898 5016 nec
925 4965 1109 5018 cumin
1133 4964 1318 5020 balnea
1333 4969 1627 5036 etpiscinas
1652 4987 1814 5042 aqua-

227 5058 462 5111 rum,nee
477 5064 602 5102 cum
615 5051 702 5121 opi
712 5067 888 5120 param
908 5070 1144 5127 mensam
1162 5060 1400 5127 apponit,
1417 5061 1509 5115 sed
1527 5070 1580 5115 et
1597 5077 1716 5116 eum
1731 5065 1814 5133 je-

224 5135 400 5202 junum
413 5140 569 5208 jubet
585 5157 822 5206 manere,
840 5159 958 5198 cum
976 5145 1110 5200 fame
1127 5157 1334 5217 torquet
1347 5159 1400 5204 et
1413 5151 1495 5205 siti
1517 5154 1806 5218 excruciat,

227 5242 339 5281 cum
371 5231 512 5286 lecto
554 5234 740 5302 affigit,
783 5247 836 5290 et
864 5236 1081 5293 domum
1131 5244 1392 5296 convertit
1423 5245 1473 5297 in
1512 5260 1808 5315 carcerem,

227 5331 337 5373 cum
366 5322 480 5390 ipso
504 5321 708 5378 lumine
738 5326 882 5381 illum
914 5331 1084 5397 privat
1126 5346 1187 5386 ac
1215 5335 1430 5387 domum
1462 5337 1696 5407 undiqUe
1728 5351 1808 5393 ta—

227 5414 426 5479 petilms
477 5417 784 5482 obumbrat,
828 5435 949 5474 cum
995 5433 1140 5477 secat
1176 5433 1229 5479 et
1273 5428 1411 5492 urit,
1453 5444 1572 5482 cum
1618 5431 1809 5486 acerba

229 5508 438 5576 porrigit
483 5509 892 5576 medicamenta,
938 5506 1003 5567 ἐκ
1031 5530 1182 5585 mquo
1210 5517 1447 5572 medicus
1471 5529 1570 5574 est.
1617 5524 1808 5577 Annon

228 5594 378 5664 igitur
402 5601 692 5656 absurdum
729 5614 832 5671 est,
861 5606 1006 5660 illum
1053 5617 1129 5662 tot
1171 5610 1323 5664 malis
1353 5612 1513 5666 illatis
1543 5613 1807 5668 medicum

228 5695 428 5756 Vocare,
454 5691 624 5746 Deum
653 5709 800 5760 vero,
833 5696 874 5749 si
905 5697 1031 5766 quid
1062 5699 1168 5753 tale
1195 5703 1524 5768 priestiterit,
1571 5705 1806 5773 exempli

231 5792 397 5852 causa,
427 5787 474 5842 si
496 5787 690 5844 famem
715 5799 806 5841 aut
839 5802 1062 5845 mortem
1104 5793 1382 5863 invexerit,
1409 5795 1802 5869 blasphemare,

536 5883 799 5941 PATIIOL.
841 5883 965 5943 'Gn.
1015 5886 1238 5948 XLIX.

1030 363 1372 422 DKZMONES
1409 363 1544 420 NON
1586 361 2008 419 CUBERNARE
2047 361 2363 420 MUNDUM.
2409 361 2636 419 IIOMIL.
2681 360 2723 416 I.

3435 353 3542 411 ‘25!

1949 467 2202 538 atqueilli
2224 480 2408 522 curam
2440 463 2676 520 universi
2718 462 3042 519 detrahere?
3069 473 3214 536 atqui
3247 480 3406 521 verus
3430 482 3553 521 mc-

1948 559 2102 614 dicus
2114 569 2197 614 est
2216 559 2330 627 ipse
2348 558 2492 613 solus
2508 567 2559 612 et
2576 557 2874 611 animarum
2895 565 2948 610 et
2966 572 3270 626 corporum.
3287 556 3549 626 Qnocirra

1947 663 2320 719 sa‘pennmero
2357 658 2601 703 naturam
2630 657 2866 703 nostram
2894 665 2958 702 ex
2989 647 3152 703 nimia
3187 650 3542 719 prostieritate

1947 741 2294 796 insultantem
2342 739 2774 811 deprehendens,
2818 749 2872 796 et
2915 741 3000 794 cui
3045 741 3155 809 jam
3206 750 3547 811 peccatorum

1949 831 2115 886 febris
2160 833 2452 902 ingrueret,
2498 840 2757 902 egestate,
2806 831 2966 898 fame,
3009 841 3180 914 morte
3227 849 3290 889 ac
3340 837 3553 890 ca'teris

1948 924 2204 978 erumnis
2235 923 2462 994 aliisque
2497 924 2905 999 medicamentis
2932 925 3033 980 sibi
3072 927 3211 980 notis
3232 927 3300 979 ab
3327 927 3549 997 aegritu-

1948 1013 2074 1070 dine
2105 1015 2250 1069 illam
2282 1015 2493 1073 liberat.
2527 1015 2688 1084 Atqui
2732 1029 2994 1085 pauperes
3039 1017 3138 1070 soli
3187 1017 3381 1072 famem
3428 1033 3554 1072 seu-

1951 1105 2105 1166 tiunt.
2131 1107 2318 1177 inquit.
2366 1106 2470 1162 Sed
2498 1119 2606 1161 non
2631 1107 2742 1161 sola
2767 1107 2906 1162 fame
2932 1110 3175 1178 castigat,
3207 1124 3390 1165 verum
3432 1111 3553 1166 aliis

1947 1210 2161 1266 quoque
2199 1197 2494 1253 innumeris
2534 1214 2548 1251 :
2581 1213 2643 1253 ac
2671 1207 2982 1268 paupertate
3017 1199 3231 1267 quidem
3282 1215 3550 1271 pressmn,

1948 1301 2093 1354 saepe
2141 1288 2280 1343 fame
2327 1299 2576 1343 vexatum
2621 1288 2964 1352 emendavit;
3010 1288 3228 1344 divitem
3283 1299 3462 1346 autent
3500 1302 3553 1346 et

1947 1379 2140 1446 opibus
2184 1378 2543 1434 abundantem
2591 1379 2859 1450 periculis,
2909 1379 3134 1446 morbis,
3163 1381 3373 1436 acerbis
3395 1381 3538 1436 funev

1948 1471 2130 1536 ribus;
2177 1471 2349 1527 solers
2379 1473 2522 1528 enim
2549 1483 2651 1538 est,
2690 1473 2845 1545 eique
2876 1474 3022 1528 varia
3051 1485 3339 1545 suppetunt
3367 1476 3553 1530 salutis

1950 1563 2146 1616 nostra:
2177 1563 2584 1618 medieamcnta.
3396 1555 3399 1558 ’

2019 1651 2158 1707 Deus
2188 1654 2399 1725 puniens
2420 1665 2746 1724 comparatur
2770 1674 2880 1710 cum
2894 1656 3179 1728 judicibns.
3211 1688 3281 1698 -—
3309 1655 3384 1710 Ita
3408 1673 3546 1723 ’μιον

1945 1760 2048 1816 que
2077 1745 2274 1800 faciunt
2299 1744 2639 1815 jttdicestaon
2666 1747 2960 1804 honoribus
2994 1758 3194 1802 tantum
3228 1748 3467 1803 afficiunt
3495 1760 3545 1807 et

1945 1846 2205 1889 coronant
2237 1835 2444 1889 urbium
2470 1835 2697 1902 incolas,
2727 1853 2899 1907 neque
2917 1838 3054 1892 dona
3081 1849 3284 1894 tantum
3309 1839 3551 1910 lnrgiun.

1947 1937 2033 1982 tur
2057 1968 2072 1995 ,
2105 1928 2202 1984 sed
2245 1936 2300 1982 et
2337 1942 2709 1998 saepenumero
2738 1931 2980 2000 puniunt.
3015 1932 3303 2001 Propterea
3345 1933 3552 2002 gladius

1945 2021 2156 2074 illorum
2188 2021 2464 2076 exacuitur
2485 2063 2498 2086 ,
2530 2031 2583 2076 et
2608 2021 2858 2076 barathra
2901 2033 3156 2092 parantur
3179 2064 3193 2089 ,
3225 2034 3279 2078 et
3314 2035 3428 2078 rota
3450 2065 3465 2089 ,
3496 2035 3553 2086 et

1944 2112 2178 2182 eqmtlei,
2204 2121 2258 2168 et
2287 2112 2583 2178 carnifices,
2608 2121 2663 2167 et
2685 2113 2784 2166 alia
2813 2113 3091 2170 innumera
3117 2131 3314 2184 genera
3345 2117 3551 2186 suppli-

1896 2197 1900 2201 ’
1943 2204 2170 2258 ciorum.
2199 2204 2350 2273 Quod
2379 2204 2539 2273 igitur
2576 2214 2661 2259 est
2698 2205 2837 2273 apud
2879 2205 3090 2273 jndices
3136 2205 3376 2260 carnifex
3403 2248 3417 2272 ,
3444 2205 3548 2261 hoc

1943 2293 2083 2364 apud
2115 2295 2276 2349 Deum
2305 2305 2386 2348 est
2413 2294 2600 2361 fames,
2632 2311 2752 2366 qua:
2780 2305 3046 2366 tamquam
3076 2295 3312 2350 carnifex
3341 2311 3440 2351 uos
3461 2312 3550 2351 cas

1945 2387 2102 2458 stigat
2135 2398 2190 2442 et
2221 2402 2249 2439 a
2277 2387 2404 2442 vitio
2428 2399 2665 2443 revocat.
2699 2388 2842 2442 Idem
2874 2397 2929 2442 et
2959 2389 3008 2442 in
3040 2387 3290 2457 agricolis
3321 2403 3547 2445 cernere

1943 2479 2071 2536 licet
2100 2497 2112 2534 :
2141 2495 2250 2536 non
2274 2481 2415 2536 enini
2445 2489 2648 2536 tantum
2677 2479 2912 2535 radicem
2971 2480 3236 2550 obtegttnt
3297 2481 3424 2535 vilis
3487 2489 3542 2536 et

1942 2573 2347 2629 circumvallant
2371 2573 2609 2644 sepibus,
2640 2573 2734 2627 seel
2765 2574 2925 2627 etiam
2958 2582 3236 2642 amputant
3260 2583 3315 2627 et
3346 2573 3548 2634 multos

1943 2663 2190 2733 palmites
2227 2675 2471 2718 resecant
2503 2682 2516 2717 :
2548 2664 2748 2718 idcirco
2791 2678 2895 2718 non
2936 2662 3168 2734 ligonem
3202 2673 3405 2718 tantum
3447 2664 3547 2720 ha-

1942 2754 2070 2810 bent
2095 2755 2190 2823 illi,
2223 2754 2318 2810 sed
2345 2767 2395 2811 et
2429 2754 2616 2809 falcem
2645 2764 2823 2825 aptam
2853 2755 2918 2809 ad
2945 2754 3257 2809 secandum.
3290 2756 3545 2816 Attamen

1941 2846 2060 2902 illos
2105 2863 2209 2902 non
2260 2847 2737 2914 re,,rehendimus,
2766 2846 2859 2900 sed
2903 2855 2958 2900 et
3011 2846 3128 2900 illos
3167 2856 3277 2899 tum
3309 2847 3545 2905 maxime

1940 2938 2237 3005 laudamus,
2269 2954 2389 2993 cum
2423 2936 2625 2992 inutilia
2653 2937 2817 2991 tuulta
2849 2937 3139 2991 viderimus
3163 2937 3230 2992 ab
3260 2937 3363 2991 illis
3393 2953 3545 2994 reseo

1937 3040 2042 3098 cta,
2073 3041 2130 3085 ut
2151 3031 2432 3101 superfluis
2458 3031 2688 3101 rejectis,
2722 3046 2839 3101 qua:
2863 3040 3145 3086 remanent
3174 3031 3388 3084 saniora
3419 3032 3544 3086 red.

1936 3122 2151 3177 dantur.
2188 3124 2381 3178 Annon
2411 3123 2571 3200 igitur
2599 3122 2887 3176 absurdum
2916 3131 3018 3186 est,
3047 3134 3251 3193 patrem
3281 3124 3494 3192 quidem
3524 3167 3540 3191 ,

1935 3226 1990 3272 et
2019 3217 2308 3282 mcdicunt,
2337 3227 2392 3272 et
2414 3217 2650 3285 judicem
2678 3258 2692 3282 ,
2716 3226 2769 3270 et
2796 3216 3082 3286 agricolam
3113 3218 3411 3287 approbare
3435 3259 3450 3282 ,
3479 3232 3543 3274 ac

1935 3322 2108 3378 neque
2139 3307 2284 3362 illum
2315 3306 2441 3362 dum
2470 3309 2634 3362 lilium
2668 3308 2813 3376 pellit
2842 3322 2908 3362 ex
2935 3308 3170 3372 antibus,
3209 3323 3381 3378 neque
3423 3324 3538 3362 mr-

1933 3397 2110 3452 dicnm
2142 3397 2267 3453 dum
2298 3407 2510 3468 torquet
2534 3406 2814 3468 aegrotum,
2848 3412 3020 3467 neque
3042 3397 3274 3466 judicem
3299 3397 3425 3459 dum
3449 3416 3539 3453 ea.

1932 3489 2092 3557 Stigat
2115 3531 2130 3553 ,
2153 3503 2326 3558 neque
2360 3489 2646 3558 agricolam
2677 3487 2802 3543 dum
2831 3497 3104 3558 amputat,
3139 3490 3540 3558 reprehendere

1933 3585 2016 3636 vel
2066 3596 2356 3646 accusare;
2387 3583 2549 3635 Deum
2599 3596 2726 3634 vero
2747 3622 2761 3644 ,
2791 3581 2837 3635 si
2875 3580 3089 3651 quando
3130 3589 3238 3636 nos'
3267 3591 3536 3651 tamquam

1931 3677 2119 3746 capitis
2166 3676 2454 3745 gravedine
2497 3675 2801 3729 laborantes
2844 3690 2908 3728 ex
2949 3675 3110 3728 nimia
3141 3675 3376 3730 excitare
3404 3678 3532 3731 velit

1929 3767 2223 3831 ebrietate,
2253 3781 2410 3838 quam
2443 3767 2645 3822 malitia
2673 3767 2946 3838 ingenerat
2972 3808 2987 3832 ,
3017 3782 3239 3837 carpere
3280 3778 3333 3823 et
3375 3769 3539 3842 innu—

1931 3859 2095 3912 meris
2150 3861 2405 3928 impetere
2459 3859 2961 3913 criminationibus?
3013 3861 3206 3913 Anuon
3271 3872 3534 3916 extrema:

1927 3949 2211 4004 dementia:
2235 3949 2410 4015 fuerit,
2431 3965 2534 4005 non
2557 3951 2799 4006 eundem
2821 3951 3131 4023 permittere
3156 3952 3381 4006 Domino
3401 3970 3536 4008 can.-

1928 4055 2041 4095 sam
2067 4057 2218 4096 suam
2248 4042 2568 4097 defendendi
2599 4041 2924 4109 facultatem,
2955 4052 3112 4115 qnam
3136 4047 3411 4100 conservis
3438 4061 3534 4100 uo...

1927 4134 2050 4187 stris
2082 4134 2479 4204 permittimus?

1997 4226 2050 4281 6.
2081 4228 2206 4282 Hanc
2230 4244 2259 4282 a
2278 4243 2366 4282 me
2393 4227 2592 4282 idcirco
2616 4227 2885 4293 dicuntur,
2909 4229 3048 4300 quod
3073 4245 3258 4285 eorum
3289 4231 3530 4301 ipsorum

1925 4333 2086 4372 causa
2121 4318 2423 4384 formidem,
2454 4319 2543 4389 qui
2571 4320 2780 4374 crimini
2811 4329 3044 4386 vertunt,
3073 4337 3139 4376 uc
3169 4324 3305 4377 forte
3332 4323 3530 4378 adverc

1924 4427 2017 4466 sus
2047 4411 2293 4467 stimulos
2331 4412 2706 4479 caleitrantes,
2735 4414 2896 4483 pedes
2938 4423 3253 4481 cruentent,
3288 4432 3356 4472 ne
3398 4417 3527 4472 dum

1925 4503 1976 4556 in
2003 4504 2190 4559 czelum
2217 4505 2415 4576 lapides
2440 4505 2664 4575 jaciunt,
2695 4506 2960 4576 capitibus
2987 4508 3099 4560 suis
3125 4511 3346 4563 vulnera
3371 4512 3527 4567 exei-

1923 4595 2087 4664 piant.
2128 4597 2252 4650 Mihi
2286 4611 2412 4651 vero
2441 4597 2583 4652 aliud
2629 4599 2786 4670 longe
2814 4600 3032 4670 gravius
3074 4601 3363 4658 dicendum
3394 4619 3526 4675 sup-

1922 4689 2075 4758 petit.
2107 4688 2370 4744 Omittens
2390 4691 2531 4745 cnint
2559 4706 2802 4768 quierere
2826 4693 2908 4762 (ut
2931 4692 3030 4749 hoc
3053 4694 3158 4750 illis
3182 4696 3522 4768 concedant).

1923 4797 2048 4835 num
2069 4781 2267 4835 utiliter
2294 4781 2344 4836 id
2375 4781 2528 4837 nobis
2555 4783 2835 4838 abstulerit
2863 4785 3024 4850 Deus,
3051 4785 3102 4840 id
3123 4786 3246 4841 dico
3274 4796 3476 4843 tantum
3508 4807 3523 4844 :

1921 4874 1965 4928 si
1997 4890 2116 4944 qum
2145 4873 2266 4928 data
2298 4874 2508 4930 fuerant
2533 4875 2860 4941 abstulisset,
2896 4893 2964 4932 ne
2991 4880 3068 4934 sic
3098 4880 3313 4950 quidem
3341 4893 3524 4951 posset

1921 4967 2061 5022 ullus
2107 4968 2274 5023 Deum
2321 4984 2573 5025 accusare
2606 4988 2618 5023 :
2654 4971 2918 5040 siquidem
2950 4987 3128 5027 rerum
3174 4988 3390 5029 suarum
3420 4975 3525 5030 do-

1920 5058 2096 5112 minus
2138 5068 2271 5114 erat.
2303 5059 2453 5127 Quod
2481 5062 2524 5114 si
2556 5060 2862 5118 hominibus
2885 5106 2897 5126 ,
2929 5079 3049 5118 cum
3084 5065 3333 5133 pecunias
3364 5067 3523 5123 nobis

1919 5151 2244 5206 crediderint
2271 5162 2324 5206 et
2350 5165 2625 5224 argentum
2657 5165 2841 5210 mutuo
2869 5156 3114 5212 dederint
3137 5200 3151 5224 ,
3181 5160 3380 5229 gratias
3409 5161 3522 5231 agi~

1919 5261 2037 5300 mus
2067 5246 2138 5300 ob
2167 5245 2294 5301 illud
2328 5256 2557 5318 tempus,
2590 5264 2695 5319 quo
2723 5251 2947 5305 mutuati
2978 5260 3123 5317 sunt;
3149 5267 3247 5306 nec
3274 5253 3519 5322 indigna-

1918 5353 2038 5392 mur
2063 5339 2134 5394 ob
2164 5338 2292 5394 illud
2319 5350 2548 5410 tempus,
2576 5357 2683 5412 quo
2704 5356 2732 5395 a
2758 5342 2911 5397 nobis
2933 5344 3217 5410 auferunt,
3243 5361 3363 5415 quae
3393 5357 3518 5400 sunt

1916 5433 2130 5501 propria
2160 5451 2172 5486 :
2202 5449 2327 5487 num
2373 5434 2573 5500 Deum,
2603 5448 2786 5504 qumso
2816 5475 2831 5501 ,
2868 5435 3327 5505 reprehendemus
3347 5479 3362 5501 ,
3393 5455 3513 5494 cum

1916 5534 2162 5594 repetere
2187 5540 2216 5578 a
2244 5521 2400 5580 nobis
2420 5541 2506 5582 res
2532 5541 2656 5581 suas
2679 5527 2942 5582 voluerit?
2967 5528 3086 5596 quis
3107 5544 3233 5582 vero
3259 5543 3364 5582 non
3384 5529 3513 5589 illud

1915 5625 2174 5670 extrema:
2217 5633 2338 5673 esse
2379 5617 2668 5673 dementiae
2691 5619 3044 5686 judicaverit?
3075 5622 3142 5673 At
3163 5634 3268 5673 non
3298 5619 3368 5673 ita
3401 5635 3514 5674 ma,

1912 5723 2048 5777 gnos
2079 5723 2142 5763 ac
2169 5725 2464 5778 generosus
2492 5711 2582 5765 ille
2610 5709 2710 5765 Job
2741 5710 2864 5765 fecit
2894 5729 2906 5765 :
2941 5725 3112 5781 neque
3144 5711 3285 5764 euint
3333 5711 3508 5770 solum

1914 5813 2036 5854 cum
2077 5802 2314 5872 accepit,
2348 5802 2442 5858 sed
2472 5803 2632 5857 etiam
2663 5817 2783 5859 cum
2816 5804 3073 5873 spoliatus
3102 5812 3216 5868 est,
3249 5804 3509 5865 maximi;

3083 5889 3154 5952 ili
