4190 6322
693 352 796 409 ἓόὂ

691 463 879 535 agebat
907 461 1103 532 gratias
1122 500 1136 526 ,
1163 474 1286 530 cum
1317 460 1387 515 ita
1416 459 1618 516 diceret
1647 477 1662 513 :
1695 457 1946 538 Dominus
1971 456 2142 521 dedit,
2175 453 2270 506 Do-

643 603 648 609 .
690 557 854 609 minus
877 555 1079 606 abstulit
1103 569 1123 606 .·
1141 552 1203 606 sit
1231 568 1410 607 nomen
1438 549 1646 604 Domini
1673 550 1982 604 benedictum
2007 549 2059 604 in
2086 545 2272 601 tacula

693 644 807 718 μοι
852 647 906 700 l.
939 644 1054 716 ΩΙ).
1086 645 1237 713 Quod
1280 645 1325 698 si
1363 658 1461 714 pro
1504 651 1729 713 utroque
1755 642 1973 696 istorum
2002 637 2268 708 sigillatim

689 740 870 808 gratiae
896 747 1020 790 sunt
1047 735 1267 806 agendae
1286 776 1301 800 ,
1331 748 1504 803 neque
1530 734 1704 808 minus
1729 731 1872 787 utilis
1897 737 1978 783 est
2005 728 2234 798 privatio
2251 767 2268 793 ,

686 842 843 896 quam
886 827 997 896 ipsa
1043 826 1248 895 largitio
1273 865 1287 889 ,
1314 839 1416 894 qua
1448 809 1657 877 tandem
1686 821 1835 875 venia
1859 819 2000 889 digni
2027 816 2229 872 erimus
2249 853 2268 882 ,

657 919 775 1001 ‘qui
797 927 903 972 tam
927 919 1108 972 mitem
1135 915 1439 979 Dominum,
1472 921 1578 965 tam
1608 912 1914 980 benignum,
1944 918 2048 962 tam
2076 908 2272 962 sollici-

686 1016 798 1063 tum
819 1049 834 1072 ,
863 1017 917 1063 et
944 1007 1131 1077 quovis
1159 1003 1365 1057 medico
1393 999 1794 1072 sapientiorem,
1818 1009 1872 1053 et
1899 998 2090 1068 quovis
2120 1005 2270 1067 patre

687 1096 1152 1168 indulgentiorem,
1185 1101 1240 1148 et
1261 1092 1442 1162 judice
1470 1092 1658 1160 quovis
1679 1091 2050 1159 justiorem,et
2074 1090 2161 1159 qui
2190 1087 2272 1141 di-

685 1187 936 1258 ligentius
960 1201 1116 1255 quam
1144 1184 1285 1238 ullus
1314 1183 1547 1253 agriCola
1578 1191 1790 1235 nostras
1817 1180 2021 1235 animas
2048 1174 2267 1245 excolit,

682 1277 836 1332 factis
859 1276 1138 1330 contrariis
1168 1287 1592 1338 remunerantur,
1618 1282 1674 1327 et
1692 1286 1849 1340 quem
1874 1271 2098 1326 adorare
2119 1285 2271 1340 Opor-

684 1368 802 1435 tuit,
831 1366 1086 1422 adversus
1115 1381 1238 1422 cum
1269 1365 1665 1419 stomachamur
1685 1363 1708 1416 ?
1732 1362 2102 1432 Quidquamne
2147 1375 2269 1416 esse

682 1471 858 1530 potest
880 1461 1144 1516 amentius
1170 1467 1263 1514 aut
1288 1458 1554 1526 stupidius
1583 1457 1648 1512 iis
1667 1497 1683 1523 ,
1711 1457 1822 1527 qui,
1855 1471 1978 1512 cum
2008 1464 2152 1510 tanto
2177 1469 2268 1508 or-

679 1553 807 1609 dine
831 1567 917 1607 res
943 1552 1051 1606 sint
1075 1551 1348 1622 disposita:
1369 1591 1385 1617 ,
1413 1550 1599 1604 dicunt
1634 1563 1720 1603 res
1751 1557 1961 1604 nostras
2006 1546 2100 1602 Dei
2149 1560 2268 1601 esse

678 1644 1016 1714 providentia
1054 1658 1289 1713 curaque
1314 1643 1629 1697 destitutas?
1657 1641 1725 1696 Ut
1759 1641 1900 1696 enim
1945 1642 1989 1695 si
2015 1640 2134 1710 quis
2167 1639 2266 1694 ob-

679 1748 894 1789 scurunt
933 1749 997 1788 ac
1042 1733 1288 1803 frigidum
1316 1733 1484 1788 solem
1511 1747 1631 1787 esse
1659 1732 1799 1785 dicat
1821 1772 1835 1795 ,
1864 1730 1964 1785 hac
1995 1745 2090 1785 sua
2138 1743 2265 1784 sen-

672 1827 846 1882 tentia
860 1834 1112 1881 extremae
1129 1826 1367 1880 stultitia:
1390 1824 1594 1895 profert
1614 1823 1863 1878 indicium
1885 1840 1898 1877 :
1924 1824 1993 1877 ita
2010 1824 2053 1877 si
2069 1823 2266 1894 quistle

672 1918 771 1972 Dei
798 1909 1128 1987 providentia
1155 1931 1385 1987 curaque
1415 1915 1654 1982 dubitet,
1682 1912 1850 1968 multo
1884 1915 2050 1985 magis
2083 1929 2266 1969 anten-

677 2009 764 2063 tire
791 2010 1001 2064 crimini
1029 2019 1113 2064 est
1141 2009 1435 2064 obnoxius.
1590 2007 1610 2038 κ’

747 2099 968 2154 δωυὶιὶεἱ
996 2099 1283 2153 ἀρηιοηιιηι
1316 2099 1566 2168 exempla.
1597 2128 1666 2138 —
1691 2095 1806 2151 Non
1839 2097 1908 2150 ita
1941 2095 2145 2151 lucidus
2185 2096 2263 2151 sol

658 2203 775 2259 est,
802 2207 865 2247 ac
894 2192 985 2246 Dei
1012 2189 1342 2261 providentia
1374 2189 1651 2243 manifesta
1676 2204 1689 2240 :
1715 2198 1889 2243 tamen
1911 2187 2106 2242 audent
2135 2203 2266 2241 nou-

665 2285 806 2340 nulli
834 2287 1010 2340 dicere
1036 2285 1307 2340 daemones
1332 2299 1421 2339 res
1448 2293 1657 2347 nostras
1679 2283 1995 2353 gubernare.
2018 2281 2154 2348 Quid
2183 2281 2262 2334 fa-

663 2377 846 2431 ciam?
873 2376 1160 2447 Benignum
1200 2376 1479 2430 Dominum
1522 2372 1942 2438 babes;mavult
1974 2387 2004 2425 a
2045 2381 2098 2426 te
2146 2371 2262 2425 bla-

673 2467 930 2538 sphemiis
956 2467 1166 2533 lacessi,
1195 2466 1322 2520 dum
1347 2464 1616 2535 ejusmodi
1648 2464 1808 2518 verba
1842 2465 2068 2533 profers,
2101 2478 2259 2533 quam

663 2558 930 2630 permissa
953 2557 1285 2612 daemonibus
1314 2572 1494 2610 rerum
1517 2565 1730 2610 tuarum
1755 2569 1881 2609 cura
1909 2563 1962 2609 te
1987 2553 2265 2623 experien-

670 2651 746 2702 tia
775 2648 992 2712 docere,
1013 2662 1118 2717 quo
1148 2659 1301 2716 pacto
1327 2648 1599 2701 daemones
1623 2645 2089 2716 guberncnt.Tum
2117 2646 2260 2699 enim

678 2739 840 2807 probe
869 2740 1196 2807 intelligeres
1221 2738 1544 2806 experientia
1577 2737 1849 2806 magistra,
1882 2745 2076 2806 quanta
2105 2739 2172 2791 sit
2199 2737 2262 2790 il-

678 2831 848 2883 lorum
901 2831 1175 2898 nequitia:
1210 2830 1316 2882 imo
1366 2844 1492 2883 veto
1531 2829 1850 2882 nuncetiam
1897 2841 2181 2897 possumus
2211 2827 2261 2881 id

677 2930 926 2988 tanquam
976 2921 1164 2987 exiguo
1198 2918 1426 2988 quodam
1469 2918 1714 2986 exemplo
1744 2917 2134 2971 demonstrare.
2159 2915 2261 2972 0c-

665 3021 957 3066 currerunt
1007 3011 1230 3064 Domino
1283 3009 1496 3078 quidatn
1537 3023 1568 3061 a
1607 3008 1853 3063 danuone
1895 3009 2165 3078 correpti,
2193 3024 2257 3063 ex

671 3103 933 3172 sepulcris
981 3103 1228 3172 egressi,
1274 3112 1328 3155 et
1372 3101 1628 3170 rogabant
1666 3116 1788 3156 eum
1839 3099 2112 3156 daemones
2138 3143 2153 3166 ,
2204 3110 2261 3156 nt

669 3196 774 3248 sibi
805 3195 1130 3264 permitteret
1157 3195 1208 3248 in
1234 3209 1446 3263 gregem
1478 3208 1757 3264 porcorum
1787 3194 1983 3249 intrare
2013 3211 2026 3246 :
2054 3205 2107 3249 et
2138 3210 2262 3263 per-

668 3288 840 3352 misit,
871 3295 1028 3356 atque
1055 3285 1127 3340 illi
1162 3284 1436 3350 abeuntes,
1464 3300 1649 3340 omnes
1673 3286 1850 3339 statim
1877 3285 1928 3338 in
1960 3299 2105 3339 mare
2129 3301 2258 3354 pra:-

674 3382 860 3451 cipites
885 3387 1109 3450 egerunt
1125 3378 1339 3449 (Matth.
1358 3378 1411 3434 8.
1434 3379 1524 3432 28.
1547 3378 1701 3448 φφ).
1723 3376 1795 3431 Ita
1827 3377 2122 3446 gubernant
2145 3377 2256 3432 dte-

586 3503 588 3505 -
663 3487 880 3534 mones.
923 3471 1080 3541 Atqui
1123 3470 1254 3524 nihil
1286 3469 1386 3523 illis
1423 3478 1540 3523 erat
1574 3468 1654 3522 rei
1689 3481 1811 3522 cum
1847 3468 2052 3536 porcis;
2085 3478 2257 3522 tecum

672 3573 849 3617 autem
877 3577 1090 3630 semper
1119 3560 1556 3614 irreconciliabile
1582 3559 1779 3614 bellum
1828 3559 2025 3614 habent
2069 3574 2224 3614 susce
2242 3593 2255 3602 -

666 3663 821 3722 ptum
849 3694 862 3716 .
903 3664 956 3707 ct
987 3667 1212 3722 pugnum
1253 3651 1566 3705 acerrimam
1586 3690 1602 3717 ,
1632 3659 1688 3705 et
1723 3649 1904 3704 odium
1934 3650 2255 3706 immortale.

673 3744 826 3809 Quod
851 3744 893 3795 si
927 3743 1057 3804 illos,
1086 3742 1397 3811 quibuscum
1428 3741 1553 3794 nihil
1577 3741 1682 3795 illis
1705 3751 1821 3795 erat
1845 3756 2158 3806 commune,
2191 3755 2259 3796 ne

674 3835 741 3888 ad
771 3833 1016 3902 exiguum
1048 3832 1303 3900 temporis
1331 3843 1657 3886 momentum
1689 3834 1919 3887 tolerare
1947 3834 2256 3902 potuerint,

675 3930 719 3982 si
742 3930 936 3981 hostes
960 3939 1085 3980 suas
1108 3937 1165 3980 et
1182 3941 1211 3978 a
1242 3924 1432 3994 quibus
1461 3935 1716 3994 perpetuo
1745 3925 2075 3992 mordentur,
2100 3927 2261 3981 obno-

669 4020 794 4074 xios
833 4019 931 4073 sibi
963 4031 1070 4070 nos
1103 4017 1415 4078 habuerint,
1447 4015 1574 4084 quid
1615 4030 1720 4068 non
1761 4013 1999 4070 facient?
2028 4031 2134 4086 quo
2159 4031 2257 4071 nos

667 4108 1006 4180 virrepat-abili
1037 4105 1373 4162 incommodo
1390 4106 1777 4161 nonafficient?
1796 4108 2082 4176 Propterea
2110 4124 2258 4162 nam-

666 4218 778 4273 que
809 4205 946 4257 Deus
973 4202 1023 4254 in
1045 4216 1258 4271 gregem
1291 4214 1569 4268 porcorum
1597 4197 1802 4253 irruere
1831 4198 1952 4252 illos
1980 4200 2257 4268 permisit,

670 4295 804 4347 utin
825 4294 1143 4362 corporibus
1173 4291 1395 4345 rationis
1414 4294 1712 4360 expertium
1739 4289 2044 4344 animalium
2067 4331 2080 4354 ,
2115 4292 2258 4360 ipso-

673 4401 792 4439 rum
819 4385 1103 4453 nequitiam
1130 4383 1323 4436 discas.
1376 4382 1549 4451 Atque
1591 4382 1708 4435 illos
1727 4381 1942 4450 quidem
1973 4383 2158 4435 eadem
2189 4385 2262 4436 fa-

675 4486 855 4531 cturos
882 4474 1041 4529 fuisse
1080 4472 1442 4535 dazmoniacis,
1479 4487 1597 4540 qua:
1624 4472 1821 4539 porcis,
1855 4471 1952 4525 nisi
1986 4479 2040 4525 et
2064 4472 2115 4525 in
2145 4472 2257 4542 ipsa

674 4566 881 4621 insania
902 4565 1108 4618 illorum
1130 4605 1144 4628 ,
1169 4576 1353 4616 curam
1376 4571 1583 4631 gereret
1606 4561 2052 4615 dietnoniacorum
2081 4563 2217 4616 Deus
2245 4604 2257 4625 ,

673 4661 921 4714 omnibus
947 4654 1284 4710 manifestum
1320 4667 1424 4710 est.
1473 4656 1538 4708 Et
1580 4669 1721 4708 nunc
1747 4656 1904 4724 igit.:r
1928 4695 1943 4720 ,
1975 4657 2018 4710 si
2045 4657 2259 4726 quando

675 4750 871 4804 videris
899 4747 1165 4802 ltominetu
1192 4747 1444 4816 agitatum
1493 4761 1521 4799 a
1549 4745 1811 4809 dmmunc,
1856 4746 2134 4800 Dominum
2161 4747 2258 4801 ad-

671 4856 792 4903 ora,
818 4840 1102 4911 nequitiam
1143 4837 1446 4892 daemonum
1477 4836 1641 4900 disce,
1688 4837 1948 4905 siquidem
1976 4849 2263 4908 utrumque

676 4939 729 4988 in
762 4933 844 4986 his
859 4929 1201 4986 damnauiacis
1219 4945 1440 4983 cernere
1466 4929 1610 4990 licet.
1639 4937 1693 4982 et
1717 4929 1806 4983 Dei
1831 4928 2209 4998 benignitatem
2240 4969 2256 4993 ,

676 5035 732 5080 et
772 5023 1072 5078 diemonum
1117 5021 1545 5090 improbitatem:
1575 5035 1637 5073 ac
1690 5021 1995 5074 daemonum
2047 5018 2259 5090 quidem

676 5113 1072 5183 improbitatem
1098 5153 1113 5174 ,
1135 5127 1254 5164 cum
1284 5111 1499 5164 turbent
1527 5120 1581 5163 et
1607 5112 1873 5180 exagitent
1894 5111 2125 5164 animam
2154 5111 2262 5166 dte-

676 5205 945 5270 moniaci;
981 5204 1069 5258 llci
1093 5218 1221 5258 vero
1244 5203 1620 5270 benignitatem
1648 5240 1664 5266 ,
1695 5218 1815 5255 cum
1847 5203 1915 5255 ita
1947 5217 2146 5256 Stevum
2177 5203 2262 5255 in-

681 5300 940 5367 quilinum
963 5309 1015 5351 et
1039 5296 1307 5350 hominem
1353 5294 1684 5363 pra-equitare
1713 5296 2009 5362 cupientem
2041 5295 2266 5347 retineat

680 5403 735 5448 ct
763 5399 1007 5445 coerceat
1030 5431 1044 5454 ,
1077 5403 1246 5457 neque
1268 5389 1410 5439 omni
1437 5402 1528 5440 sua
1554 5393 1817 5453 potestate
1846 5386 1916 5437 uti
1947 5385 2216 5454 permittat
2244 5423 2259 5448 ,

674 5485 777 5542 sed
807 5494 1003 5538 tantam
1030 5483 1134 5536 vim
1166 5482 1299 5534 sinat
1327 5478 1647 5543 ostendere,
1682 5483 1816 5530 utet
1859 5475 2126 5530 hominem
2170 5492 2262 5530 ca.

682 5581 872 5649 stiget,
920 5587 973 5631 et
1000 5577 1207 5630 illorum
1235 5573 1521 5643 nequitiam
1551 5572 1869 5626 manifestet.
1899 5570 1990 5625 Vis
2017 5570 2174 5623 etiam
2208 5577 2264 5624 et

682 5671 852 5726 altero
881 5682 1064 5722 rursus
1093 5666 1335 5734 exemplo
1352 5663 1682 5731 conspicere,
1703 5676 1805 5731 qua
1831 5661 2033 5716 ratione
2054 5659 2261 5714 daemon

677 5763 944 5835 gubernet
977 5802 994 5824 .
1022 5774 1142 5814 cum
1178 5773 1204 5810 a
1239 5758 1346 5812 Deo
1373 5757 1444 5809 illi
1469 5755 1833 5826 permittitur,
1861 5762 1917 5808 ut
1950 5762 2262 5826 potestatem

1425 345 1482 399 S.
1519 318 1799 401 JOANNIS
1834 345 2305 403 CHRYSOSTOMI
2347 345 2665 404 AllCﬂIEP.
2706 346 3238 434 CON§TANTINOP.

3861 340 3970 400 ιδι

2381 467 2533 509 suam
2564 465 2808 511 exerceat
2833 457 2858 509 1
2902 456 3130 513 Veniant
3161 457 3250 512 tibi
3298 457 3350 512 in
3386 465 3619 513 mentem
3647 468 3884 514 annenta
3911 469 3970 514 et

2376 558 2565 615 greges
2587 545 2707 610 Job,
2735 562 2841 615 quo
2861 556 3016 615 pacto
3055 562 3160 601 uno
3191 549 3445 618 tempq-is
3473 558 3749 603 momento
3774 559 3965 605 cuncta

2376 638 2744 706 assitmpserit,
2775 638 3090 692 miserabilis
3117 638 3404 695 liberorum
3423 642 3539 710 ejus
3569 655 3735 706 mors,
3764 639 3965 696 inflicta

2376 727 2587 796 corpori
2618 728 2734 797 ejus
2760 728 2907 798 plaga
2942 745 2955 781 :
2989 737 3043 784 et
3075 729 3446 786 crudelitatem
3477 772 3493 793 ,
3521 731 3966 786 inhumanitatem

2375 830 2438 871 ac
2457 816 2718 873 stet-'itiam
2748 818 2998 889 nequitite
3036 819 3340 874 darmonum
3370 821 3664 886 intuebere,
3692 832 3852 893 atque
3880 822 3970 876 in-

2374 905 2441 960 de
2465 906 2743 962 manifeste
2766 923 3079 979 Cognosces,
3107 909 3150 965 si
3170 910 3273 965 hoc
3296 911 3455 965 etiam
3489 912 3798 968 universum
3822 913 3968 967 Deus

2376 997 2583 1050 illorum
2613 999 2946 1066 permitteret
2966 1001 3232 1069 potestati,
3261 999 3514 1065 futurum,
3539 1010 3595 1056 ut
3609 1013 3801 1057 cuncta
3833 1017 3968 1057 con-

2375 1086 2659 1142 funderent
2679 1095 2732 1143 et
2758 1087 3054 1153 turbarent,
3080 1100 3135 1144 et
3155 1091 3226 1145 ita
3255 1105 3353 1145 nos
3382 1099 3667 1146 tractarent
3697 1132 3714 1155 ,
3753 1102 3810 1147 ut
3836 1108 3966 1162 por-

2373 1192 2467 1231 cos
2489 1188 2544 1232 et
2569 1187 2805 1233 armenta
2825 1178 2912 1234 illa
2937 1219 2952 1245 ,
2981 1178 3060 1234 sic
3085 1189 3142 1233 ut
3172 1195 3240 1236 ne
3260 1181 3447 1250 exiguo
3463 1182 3677 1253 quidem
3705 1183 3968 1253 temporis

2375 1275 2644 1322 momento
2673 1268 2832 1325 saluti
2858 1279 3054 1324 nostra;
3084 1279 3304 1339 possent
3329 1252 3568 1339 parcere.
3605 1273 3658 1328 Si
3688 1252 3968 1329 daemones

2371 1356 2760 1426 gubernarent,
2802 1359 2970 1414 nihilo
3002 1363 3208 1416 meliori
3250 1377 3488 1416 essemus
3528 1364 3579 1416 in
3619 1373 3762 1420 statu
3798 1381 3964 1435 quam

2371 1451 2716 1508 dmmoniaci:
2768 1455 2875 1508 imo
2920 1470 3049 1509 vero
3088 1455 3339 1510 deteriori
3383 1456 3432 1510 in
3474 1467 3614 1511 statu
3658 1453 3961 1528 quam’illi.

2371 1543 2556 1614 Neque
2612 1546 2755 1600 enim
2796 1546 2912 1600 illos
2961 1548 3012 1601 in
3072 1548 3376 1603 universum
3433 1549 3641 1602 illorum
3687 1550 3961 1620 tyrannidi

2370 1637 2617 1707 exposuit
2647 1639 2783 1692 Deus
2803 1654 2818 1704 ;
2841 1638 3035 1709 alioqui
3064 1642 3231 1695 multo
3272 1642 3387 1696 istis
3430 1643 3669 1712 graviora
3699 1643 3840 1713 passi
3867 1659 3962 1705 ea-

2371 1737 2510 1793 sent,
2542 1743 2698 1798 quam
2744 1746 2884 1786 nunc
2924 1735 3214 1800 patio-tur.
3268 1733 3383 1803 Ego
3413 1750 3542 1789 vero
3583 1735 3772 1789 lubens
3800 1751 3866 1791 ex
3895 1736 3964 1790 iis

2370 1820 2468 1888 qui.
2499 1821 2597 1874 ista
2627 1821 2814 1875 dicunt
2860 1824 3162 1890 sc'scitarcr
3194 1866 3210 1890 ,
3243 1841 3403 1896 quam
3449 1816 3662 1881 tandem
3703 1828 3756 1881 itt
3795 1827 3965 1884 rebus

2369 1912 2725 1982 prmsentibus
2774 1914 3137 1970 confusionem
3178 1926 3402 1972 cernant
3438 1960 3453 1982 ,
3505 1928 3564 1973 ut
3623 1921 3960 1989 negotiorum

2369 2011 2672 2060 nostrorum
2716 2005 2951 2074 regimen
2995 2021 3156 2063 omne
3192 2007 3528 2064 daemonibus
3568 2010 3842 2065 tribuant?
3891 2013 3965 2065 At

2366 2094 2510 2148 enim
2533 2095 2702 2150 solem
2731 2095 2970 2181 vidoemus
2997 2112 3094 2166 per
3125 2106 3202 2152 tot
3226 2114 3487 2154 annorum
3522 2078 3793 2156 curricula.
3814 2101 3964 2156 ordi-

2370 2199 2492 2243 nate
2520 2192 2755 2260 quotidie
2781 2191 3112 2261 gradientem
3145 2210 3158 2245 :
3186 2194 3384 2246 varium
3407 2194 3658 2254 siderum
3689 2196 3914 2250 chorum
3941 2238 3958 2261 ,

2367 2281 2456 2351 qui
2484 2296 2638 2335 suum
2668 2268 2910 2335 ordinem
2939 2292 3152 2341 servat.
3178 2283 3316 2337 luna:
3341 2299 3534 2340 cursus
3559 2301 3848 2356 numquam
3881 2289 3965 2342 in—

2367 2379 2671 2441 terruptos,
2696 2385 2706 2418 ι
2732 2371 2868 2426 octis
2905 2386 2969 2426 ac
3014 2371 3119 2426 dici
3164 2375 3563 2430 successionem
3605 2388 3959 2443 accuratam;

2367 2462 2542 2515 omnia
2572 2476 2695 2514 cum
2725 2477 2914 2530 supera
2946 2472 3055 2525 tum
3094 2463 3262 2518 infera
3295 2474 3564 2535 tamquam
3601 2467 3652 2520 in
3693 2469 3960 2524 concinna

2366 2554 2590 2623 quadam
2621 2553 2836 2621 chorea,
2873 2555 2952 2608 vel
2982 2557 3154 2625 potius
3184 2559 3351 2612 multo
3396 2559 3586 2613 melius
3621 2569 3676 2614 et
3715 2564 3960 2618 exactius

2367 2644 2571 2714 singula
2606 2658 2761 2698 suum
2800 2645 2972 2700 locum
3020 2660 3236 2702 servare
3261 2690 3276 2713 ,
3318 2664 3490 2719 neque
3517 2665 3673 2705 suum
3701 2653 3952 2709 ordinem

2368 2735 2688 2805 transgredi,
2715 2751 2873 2805 quem
2897 2736 2998 2791 illis
3017 2737 3157 2792 Deus
3185 2740 3252 2793 ab
3282 2739 3443 2794 ioitio'
3464 2743 3810 2811 prmscripsit.

2437 2827 2491 2878 7.
2522 2826 2600 2879 An
2628 2826 2692 2878 sit
2721 2827 2772 2878 in
2799 2827 2943 2880 rrbus
2974 2827 3212 2882 humanis
3239 2831 3676 2897 conﬁnia—Sed
3707 2833 3833 2904 quid
3859 2835 3959 2890 ista

2366 2927 2583 2985 prosunt
2608 2957 2622 2981 ,
2644 2917 2785 2972 dicet
2811 2919 3003 2986 aliquis
3027 2961 3042 2984 ,
3083 2920 3223 2989 quod
3253 2924 3440 2977 ett-lum
3469 2924 3686 2993 quidem
3717 2935 3774 2981 et
3797 2928 3880 2981 sol
3903 2937 3962 2983 et

2365 3008 2509 3070 luna.
2533 3019 2589 3064 et
2612 3020 2782 3064 coetus
2805 3020 3072 3066 astrorum
3095 3055 3108 3076 ,
3132 3021 3186 3066 et
3209 3014 3310 3066 alia
3339 3026 3530 3070 cuncta
3557 3019 3781 3072 multum
3810 3019 3960 3074 ordi-

2363 3117 2484 3156 nem
2512 3117 2620 3171 przn
2654 3118 2713 3157 se
2746 3103 2939 3166 ferant,
2976 3120 3061 3158 res
3088 3114 3265 3160 autem
3295 3119 3490 3161 postne
3531 3108 3862 3165 confusionis
3892 3127 3958 3167 ac

2364 3193 2774 3261 perturbationis
2802 3199 2909 3247 sint
2939 3196 3133 3264 plena}?
3150 3195 3311 3265 Cujus
3347 3198 3556 3252 tandem
3595 3198 3952 3270 confusionis,

2363 3284 2434 3337 mi
2467 3283 2658 3348 homo,
2691 3292 2784 3338 aut
2808 3286 3267 3355 perturbationis?
3296 3287 3384 3341 lllc
3412 3288 3560 3343 dives
3589 3299 3705 3354 est,
3736 3291 3909 3361 inquit
3937 3335 3954 3357 ,

2363 3385 2417 3428 et
2444 3375 2546 3427 vim
2573 3374 2716 3438 facit,
2737 3376 2875 3444 rapit
2901 3386 2956 3429 et
2983 3375 3209 3442 fraudat,
3236 3393 3523 3447 pauperum
3554 3379 3832 3435 facultates
3857 3383 3952 3436 ahv

2364 3468 2524 3520 sumit
2553 3467 2817 3536 quotidie,
2845 3483 3017 3537 neque
3042 3468 3330 3539 quidquam
3359 3470 3433 3522 illi
3464 3471 3586 3524 mali
3611 3471 3833 3537 accidit;
3869 3473 3954 3527 al-

2366 3566 2446 3610 ter
2471 3557 2712 3611 modeste
2741 3558 2886 3624 vivit,
2921 3560 3323 3627 temperantiam
3352 3569 3406 3614 et
3427 3561 3686 3629 justitiam
3715 3572 3954 3628 exercet,

2362 3662 2426 3701 ac
2451 3650 2657 3704 caeteris
2681 3650 2834 3703 bonis
2859 3661 3081 3706 ornatus
3107 3660 3204 3714 cst,
3237 3662 3286 3707 cl
3309 3665 3644 3723 paupertate,
3675 3656 3878 3712 morbis
3901 3668 3956 3713 et

2362 3742 2616 3795 extremis
2642 3743 2797 3796 ntalis
2827 3742 3100 3813 afﬂigitur.
3135 3744 3378 3799 Hmccine
3405 3754 3531 3800 sunt
3557 3761 3684 3816 ergo
3704 3787 3716 3810 ,
3749 3763 3870 3818 qua:
3899 3758 3951 3804 te

2364 3832 2768 3886 scandalizant?
2839 3834 2965 3889 llmc
3031 3845 3194 3898 sunt,
3234 3835 3422 3904 inquit.
3499 3836 3553 3890 Si
3616 3852 3745 3907 ergo
3802 3839 3954 3892 mul-

2365 3932 2447 3976 tos
2482 3940 2546 3979 ex
2579 3925 2800 3997 iis,,qui
2849 3927 3062 3995 rapiunt
3089 3967 3104 3992 ,
3158 3927 3318 3999 affligi
3367 3929 3546 3983 videas
3579 3971 3594 3994 ,
3642 3939 3698 3984 et
3740 3946 3807 3985 ex
3839 3931 3904 3985 iis
3933 3972 3950 3995 ,

2365 4017 2454 4082 qui
2525 4017 2977 4086 virtute°przediti
3028 4019 3248 4085 vivunt,
3298 4021 3728 4083 nonnullos,vel
3787 4023 3952 4076 etiam

2366 4107 2674 4164 innumeros
2704 4109 2854 4162 bonis
2881 4109 3150 4163 abundare
3168 4149 3182 4175 ,
3209 4124 3306 4164 cur
3334 4126 3436 4164 non
3468 4113 3787 4165 sententiam
3820 4112 3957 4168 hanc

2362 4198 2604 4268 deponis,
2642 4215 2812 4269 neque
2845 4201 3127 4254 Dominum
3155 4199 3382 4255 laudas?
3411 4202 3544 4268 Quia
3573 4202 3822 4256 nimirum
3855 4203 3957 4259 hoc

2367 4290 2536 4360 ipsum
2565 4303 2644 4346 est
2667 4333 2681 4357 ,
2706 4293 2845 4361 quod
2879 4308 2962 4347 me
2990 4292 3216 4360 amplius
3244 4292 3588 4348 scandalizat.
3621 4295 3730 4350 Cur
3758 4296 3905 4350 enim
3937 4336 3953 4359 ,

2366 4398 2485 4437 cum
2517 4383 2622 4436 duo
2648 4386 2752 4436 sint
2795 4384 3040 4451 improbi,
3070 4400 3205 4438 unus
3234 4384 3451 4453 punitur
3470 4425 3484 4450 ,
3515 4394 3569 4440 et
3597 4385 3735 4440 alter
3757 4389 3958 4440 evitato

2365 4477 2628 4546 supplicio
2649 4476 2893 4540 discedit,
2924 4484 2978 4530 et
3007 4490 3127 4530 cum
3158 4475 3262 4529 duo
3288 4477 3394 4529 sint
3422 4475 3545 4529 boni
3569 4518 3583 4542 ,
3617 4493 3755 4529 unus
3787 4476 3962 4531 hono-

2367 4570 2510 4623 ribus
2539 4568 2855 4624 cumulatur.
2886 4567 3020 4620 alter
3045 4567 3309 4621 continuis
3336 4568 3507 4635 pmnis
3529 4566 3818 4636 affligitur?
3853 4569 3962 4625 Hoc

2367 4659 2538 4728 ipsum
2568 4658 2725 4712 etiatn
2757 4647 3101 4726 providentire
3123 4656 3317 4710 divina:
3356 4672 3492 4726 opus
3516 4666 3596 4710 est
3638 4658 3960 4713 maximum.

2369 4751 2420 4804 Si
2445 4751 2584 4804 enim
2615 4750 2886 4817 improbos
2909 4763 3098 4801 omnes
3125 4747 3211 4802 hic
3229 4747 3457 4817 puniret,
3490 4757 3543 4803 et
3563 4763 3752 4803 omnes
3788 4748 3964 4806 bonos

2372 4841 2660 4894 honoribus
2707 4840 2789 4893 hic
2831 4841 3065 4894 afficeret
3100 4880 3114 4905 ,
3157 4855 3582 4908 supervacaneus
3605 4841 3794 4910 judicii
3848 4842 3965 4898 dies
4001 4837 4006 4841 λ

2371 4944 2534 4988 esset.
2566 4934 2769 4985 Rursus
2786 4934 2828 4985 si
2854 4932 3052 4984 nullum
3079 4931 3379 4998 improbum
3407 4932 3635 4998 puniret,
3661 4947 3760 4987 ttcc
3793 4934 3965 4988 ullum

2373 5025 2570 5078 bonum
2611 5025 2811 5076 honore
2850 5022 3088 5076 afticcrct
3121 5063 3134 5085 ,
3173 5032 3228 5075 et
3270 5024 3414 5089 pravi
3446 5023 3653 5090 pejores
3682 5021 3878 5079 ﬁerent
3906 5040 3969 5080 ac

2373 5121 2664 5174 tleterinrcs
2694 5160 2709 5182 ,
2741 5128 2795 5171 ut
2822 5119 2906 5187 qui
2951 5118 3119 5170 multo
3153 5117 3259 5169 sint
3301 5116 3480 5185 probis
3518 5117 3967 5186 negligentiores:
3997 5187 4011 5190 δ

2372 5222 2426 5267 et
2451 5213 2537 5280 qui
2571 5210 2938 5278 blaSphemare
2967 5209 3179 5270 vellent,
3217 5208 3380 5262 Deum
3417 5209 3584 5278 magis
3606 5220 3967 5275 accusarent,

2376 5304 2638 5373 planeque
2661 5317 2742 5354 res
2769 5311 2976 5353 nostras
3004 5309 3256 5368 negarent
3287 5299 3375 5353 Dei
3408 5298 3740 5367 providentia
3768 5301 3967 5370 gubcr~

2377 5393 2510 5446 nari.
2537 5391 2665 5445 Nam
2707 5391 2750 5443 si
2797 5404 2938 5443 nunc
2978 5391 3132 5443 etiam
3172 5405 3292 5443 eum
3337 5389 3561 5457 improbi
3605 5393 3848 5446 nonnulli
3876 5409 3967 5462 pu-

2375 5488 2611 5551 niuntur,
2645 5495 2698 5540 ct
2730 5487 3056 5538 honorantur
3098 5481 3218 5538 boni
3239 5525 3252 5548 ,
3283 5499 3435 5551 teque
3458 5484 3640 5537 dicunt
3663 5501 3753 5539 res
3774 5485 3968 5541 huma-

2374 5594 2472 5632 nas
2521 5577 2611 5630 Dei
2657 5575 2987 5645 providentia
3023 5575 3239 5629 minime
3266 5575 3411 5644 regi:
3445 5574 3488 5628 si
3521 5589 3587 5629 ne
3617 5575 3720 5630 hoc
3748 5579 3966 5646 quidem

2378 5668 2561 5731 fieret,
2590 5665 2714 5736 quid
2743 5681 2847 5720 non
2873 5665 3110 5720 dicerent
3140 5706 3157 5732 ,
3188 5681 3305 5734 qua:
3332 5665 3489 5720 verba
3519 5681 3624 5721 non
3653 5666 3965 5723 elTutirent?

2380 5763 2663 5833 Propterea
2692 5759 2948 5831 quosdam
2977 5759 3122 5828 punit
3149 5798 3164 5824 ,
3191 5757 3445 5828 quosdam
3468 5773 3573 5814 non
3593 5759 3742 5830 punit
3769 5774 3838 5816 ex
3867 5761 3955 5815 im-
