4190 6322
248 391 357 447 27:5

252 502 440 576 probis
467 521 480 558 :
510 511 566 558 et
594 500 857 574 quosdam
886 500 1092 555 honore
1124 494 1284 552 amcit
1315 540 1328 563 ,
1357 495 1615 567 quosdam
1646 493 1853 551 honore

180 628 183 631 -
251 612 360 652 non
388 594 553 650 afﬁcit
580 609 646 651 ex
688 594 865 650 bonis.
895 592 1013 649 Non
1042 592 1191 663 punit
1210 605 1398 646 omnes
1421 631 1437 657 ,
1464 599 1523 646 ut
1551 590 1644 644 tibi
1670 602 1856 644 resur-

251 691 549 745 rectionem
576 702 699 743 esse
741 685 1095 758 persuadeat;
1123 683 1383 755 quosdam
1413 696 1541 738 vero
1572 681 1724 752 punit
1753 721 1769 747 ,
1800 689 1855 735 ut

248 779 671 858 negligentiores
711 794 811 850 per
832 778 1058 832 aliorum
1080 775 1397 847 supplicium
1424 774 1617 829 timore
1642 772 1853 843 percul-

246 887 348 928 sos
385 872 752 942 diligentiores
787 870 1001 925 ciliciat.
1034 867 1241 922 Rursus
1279 865 1566 920 nonnullos
1595 878 1660 918 ex
1687 863 1847 918 bouis

247 965 458 1020 honore
487 963 687 1029 aftlcit,
739 971 797 1018 ut
824 972 1049 1018 cxx-teres
1078 960 1145 1016 ad
1172 976 1410 1015 amorem
1443 959 1657 1014 virtutis
1682 958 1855 1013 hono-

244 1057 402 1113 ribus
432 1057 536 1112 illis
561 1056 784 1122 alliciat;
807 1069 911 1109 non
929 1068 1117 1109 omnes
1141 1062 1319 1108 autem
1338 1052 1631 1107 honoribus
1658 1050 1848 1117 aflicit,

242 1158 305 1204 ut
351 1150 581 1204 alterum
627 1156 839 1216 tempus
889 1158 1009 1201 esse
1049 1158 1343 1215 cognoscas
1374 1186 1389 1210 ,
1426 1143 1569 1214 quod
1606 1144 1857 1199 omnibus

241 1241 556 1298 mercedem
587 1239 877 1309 persolvet.
902 1238 966 1305 Si
984 1238 1125 1293 enim
1148 1251 1340 1291 onmes
1371 1238 1421 1290 in
1452 1236 1551 1290 hac
1583 1236 1708 1301 vita,
1736 1252 1857 1304 qtue

243 1342 585 1397 meruerunt,
607 1331 932 1400 accipereut,
959 1328 1276 1383 sermoniue
1293 1327 1856 1384 resurrectionetideut

243 1423 452 1479 habere
474 1431 815 1487 recusarent;
838 1421 977 1492 quod
998 1421 1043 1474 si
1072 1435 1231 1475 nemo
1250 1436 1372 1491 quae
1394 1427 1684 1481 meruerat,
1703 1433 1856 1473 recc-

243 1513 791 1585 pisset,plurescertc
811 1512 1219 1583 negligentiores
1230 1510 1541 1565 evasissent.
1568 1510 1853 1579 Propterea

238 1604 512 1677 quosdam
548 1605 716 1675 punit,
732 1604 990 1674 quosdam
1010 1604 1228 1657 minime
1247 1602 1417 1671 punit,
1438 1609 1495 1654 et.
1512 1616 1634 1654 cum
1665 1603 1745 1657 eis
1767 1602 1858 1670 qui

242 1698 565 1769 puniuntur,
596 1706 708 1751 tum
738 1696 819 1751 eis
869 1696 957 1766 qui
991 1711 1096 1749 non
1129 1697 1421 1765 puniuntur
1449 1692 1707 1761 prodest;
1733 1708 1856 1748 nam

240 1790 473 1844 istorum
496 1787 712 1859 quidem
737 1788 978 1858 reprimit
1020 1786 1412 1855 improbitatem
1444 1826 1457 1848 ,
1482 1785 1692 1839 illorum
1730 1800 1859 1839 vero

236 1883 509 1954 supplicio
529 1881 885 1937 modestiores
904 1891 1130 1962 caeteros
1149 1878 1338 1934 reddit.
1355 1880 1531 1948 Atque
1561 1879 1665 1933 hoc
1691 1894 1755 1933 ex
1791 1879 1856 1932 il-

240 1975 334 2043 lis,
357 1991 479 2047 qua:
502 1975 638 2030 dixit
656 1974 902 2029 Christus
922 1973 1054 2042 ipse,
1071 1967 1415 2026 manifestum
1435 1981 1537 2026 est.
1561 1969 1696 2026 Cum
1714 1971 1857 2025 enim

240 2068 613 2123 renuntiatum
632 2066 706 2121 illi
723 2075 867 2121 esset
893 2066 1181 2135 collapsam
1212 2064 1399 2119 turrim
1423 2064 1668 2120 homines
1695 2078 1860 2135 quos-

240 2159 372 2214 dam
393 2159 660 2224 obntisse,
687 2158 761 2211 ait
788 2157 855 2213 ad
884 2157 1022 2211 illos:
1053 2156 1192 2225 Quid
1228 2156 1524 2210 existimatis
1546 2159 1664 2226 quia
1682 2167 1727 2211 et
1748 2156 1849 2225 ipsi

239 2260 535 2321 peccatores
563 2250 752 2319 fuerint
780 2245 945 2319 solum
964 2248 988 2302 Ρ
1007 2246 1150 2314 Non,
1178 2247 1292 2301 dico
1310 2247 1449 2301 vobis
1479 2262 1499 2301 :
1525 2246 1616 2301 sed
1635 2247 1676 2301 si
1697 2247 1858 2317 paeni-

238 2343 459 2398 tentiam
474 2358 576 2395 non
592 2341 812 2413 egeritis,
834 2351 878 2394 et
894 2357 979 2394 vos
1004 2339 1181 2393 cadent
1199 2338 1461 2409 patiemini
1485 2337 1636 2409 (Luc.
1661 2337 1747 2392 l3.
1775 2338 1856 2408 ι).

316 2430 425 2488 Cur
455 2447 558 2486 non
583 2447 758 2485 omnes
785 2430 866 2483 hic
897 2426 1439 2499 punientem—Vides
1468 2438 1525 2481 ut
1547 2428 1621 2482 illi
1639 2442 1854 2498 quoque

239 2531 472 2594 propter
504 2529 724 2593 peccata
747 2521 1037 2590 perierint,
1068 2528 1124 2575 et
1145 2521 1329 2576 cteteri
1352 2527 1570 2588 propter
1593 2514 1853 2588 justitiam

241 2629 356 2671 non
375 2613 681 2678 evaserint,
710 2611 807 2667 sed
834 2620 892 2667 ut
915 2613 1126 2666 illorum
1152 2610 1417 2681 supplicio
1445 2610 1636 2665 tierent
1658 2609 1851 2664 melio-

242 2707 379 2763 rest
406 2702 597 2774 itaque
628 2703 822 2773 injuria
853 2712 978 2757 sunt
1001 2701 1198 2768 atfecti,
1229 2702 1433 2771 inquit,
1466 2700 1542 2757 illi
1568 2743 1581 2767 ,
1614 2702 1702 2771 qui
1737 2716 1853 2771 pte-

238 2815 348 2855 nas
370 2798 670 2855 dederunt:
703 2805 951 2868 poterant
979 2797 1122 2852 enim
1148 2804 1203 2849 et
1232 2795 1333 2865 ipsi
1362 2809 1469 2849 non
1498 2795 1687 2864 puniti,
1718 2795 1854 2849 alio-

242 2904 367 2946 rum
393 2890 659 2960 supplicio
698 2888 813 2944 fieri
857 2888 1128 2945 meliores.
1162 2888 1321 2957 Atqui
1371 2887 1415 2941 si
1451 2887 1703 2942 meliores
1732 2887 1853 2941 illos

242 2980 742 3053 perpmnitcntiam
764 2995 1022 3034 evasuros
1042 2978 1290 3033 scivisset
1310 3018 1324 3045 ,
1370 2991 1707 3047 nequaquam
1732 2978 1852 3033 illos

240 3056 560 3145 punivissct.
591 3073 647 3128 Si
684 3073 825 3127 enim
856 3087 977 3127 cum
1002 3071 1293 3141 prmvideat
1318 3071 1501 3124 multis
1539 3085 1691 3124 suam
1730 3070 1854 3124 lon-

242 3167 616 3239 ganimitatem
641 3165 775 3220 nihil
808 3163 1173 3233 profuturam,
1211 3172 1387 3216 tamen
1416 3176 1511 3216 eos
1536 3162 1704 3215 multa
1728 3177 1850 3217 cum

240 3259 726 3330 patientiatolerat,
754 3271 877 3310 suas
920 3264 1098 3324 partes
1132 3268 1313 3323 agens,
1337 3261 1390 3306 et
1409 3252 1514 3307 illis
1527 3252 1851 3319 concedens,

240 3359 304 3405 ut
335 3364 366 3403 a
407 3348 628 3403 stultitia
656 3360 751 3400 sua
778 3345 1097 3415 resipiscam
1141 3361 1154 3398 :
1186 3342 1454 3413 quomodo
1484 3357 1598 3409 eos,
1622 3343 1712 3412 qui
1738 3358 1849 3398 cae-

240 3452 488 3496 terorum
523 3437 787 3507 supplicio
826 3436 1074 3490 meliores
1115 3433 1328 3489 evasuri
1359 3442 1534 3497 erant,
1579 3448 1646 3488 eo
1674 3433 1847 3488 fructu

240 3531 519 3602 privaret,
567 3530 658 3599 qui
689 3543 754 3582 ex
787 3527 1099 3596 pmnitentia
1127 3525 1466 3596 percipitur?
1494 3523 1677 3595 Itaque
1701 3525 1848 3581 nulla

238 3623 331 3678 isti
349 3621 462 3676 lxsi
487 3627 615 3675 sunt
637 3618 831 3689 injuria
855 3658 870 3684 ,
903 3616 1046 3688 quod
1072 3626 1128 3671 et
1153 3616 1366 3671 illorum
1392 3616 1595 3671 malitia
1622 3617 1694 3671 sit
1722 3631 1849 3687 sup-

236 3711 405 3783 plicio
430 3724 673 3780 repressa
705 3749 720 3775 ,
775 3718 830 3764 et
872 3708 1011 3778 quod
1052 3707 1282 3763 leviores
1331 3716 1617 3778 propterea
1657 3708 1848 3763 futura.-

236 3804 355 3858 sint
373 3817 567 3872 ptenat,
586 3815 720 3871 quas
742 3798 796 3854 in
827 3799 998 3854 altero
1030 3798 1230 3853 steculo
1260 3797 1441 3853 luituri
1462 3806 1607 3865 sunt,
1627 3798 1769 3869 quod
1788 3815 1843 3854 tn

236 3894 347 3949 isto
363 3892 498 3948 mala
525 3888 898 3947 sustinuerint.
929 3888 1136 3943 Rursus
1157 3889 1231 3943 illi
1260 3889 1349 3959 qui
1382 3889 1550 3959 puniti
1567 3904 1674 3943 non
1697 3898 1841 3956 sunt,

237 3984 387 4040 nulla
416 3993 543 4038 sunt
593 3981 789 4053 injuria
821 3981 957 4036 lzesi.
986 3980 1159 4035 Licuit
1183 3981 1327 4036 enim
1353 3980 1483 4051 ipsis
1507 4023 1523 4047 ,
1556 3982 1600 4036 si
1628 3980 1844 4051 quidem

235 4074 563 4138 voluissent,
584 4071 988 4142 longanimitate
1013 4071 1105 4125 Dei
1132 4070 1200 4125 ad
1222 4072 1479 4141 optimam
1495 4073 1570 4128 uti
1592 4074 1845 4128 mutatio-

235 4181 404 4231 nem,
438 4163 747 4233 patientiam
782 4163 898 4232 ejus
939 4161 1208 4217 laudando
1248 4160 1515 4217 summam
1560 4164 1677 4233 ejus
1708 4166 1844 4221 toleo

234 4256 470 4312 rantiam
500 4253 836 4317 revereri,et
860 4251 927 4307 ad
956 4252 1208 4307 virtutem
1235 4253 1525 4324 aliquando
1552 4256 1791 4311 converti
1822 4298 1838 4325 ,

233 4359 401 4418 atque
427 4361 491 4402 ex
523 4346 748 4400 aliorunt
770 4344 1033 4414 supplicio
1059 4345 1289 4400 salutem
1318 4362 1469 4401 suam
1505 4347 1836 4405 lucrifacere.

230 4436 396 4507 Quod
437 4436 482 4491 si
520 4440 573 4489 in
632 4434 866 4504 nequitia
906 4443 1299 4505 perseverant,
1352 4451 1461 4490 non
1508 4437 1649 4492 Deus
1672 4448 1755 4493 est
1784 4439 1832 4494 ir

233 4542 424 4593 causa,
442 4528 530 4596 qui
552 4536 832 4595 propterea
860 4525 1125 4594 patienter
1151 4523 1273 4590 fert,
1307 4535 1363 4581 ut
1389 4542 1485 4582 eos
1514 4527 1614 4582 sibi
1647 4544 1841 4585 recon-

234 4619 417 4684 ciliet;
448 4632 633 4672 verum
666 4615 741 4670 illi
767 4617 918 4670 venia
943 4624 1071 4669 sunt
1100 4616 1334 4686 indigni,
1366 4618 1456 4687 qui
1483 4618 1575 4674 Dei
1599 4619 1840 4690 longani-

236 4712 446 4775 utitate,
463 4720 518 4764 ut
539 4709 793 4779 oportuit,
818 4724 924 4765 non
950 4709 1059 4763 sint
1101 4708 1203 4765 usi.
1227 4707 1412 4778 Neque
1431 4724 1557 4764 vero
1575 4711 1837 4766 rationem

234 4808 452 4857 tantum
479 4800 634 4854 iStam
658 4798 851 4854 atierre
876 4812 1163 4869 possumus
1185 4838 1200 4863 ,
1229 4799 1300 4853 ob
1326 4815 1484 4869 quam
1526 4800 1578 4855 in
1607 4801 1705 4855 hac
1728 4802 1837 4857 vita

235 4891 369 4949 mali
403 4905 594 4946 omnes
634 4889 853 4946 minime
882 4890 1187 4959 plectu'ntur
1208 4929 1224 4955 ,
1274 4890 1367 4944 sed
1400 4900 1453 4945 et
1486 4889 1646 4945 aliam
1670 4893 1836 4948 nihilo

234 4985 343 5041 ista
373 4982 656 5036 minorem.
684 4979 852 5048 Quam
877 4978 1127 5035 tandem?
1147 4979 1299 5046 Quod
1329 4981 1603 5046 nimirum,
1633 4983 1677 5036 si
1707 4999 1837 5037 con-

233 5076 420 5133 festim
450 5084 569 5144 post
603 5084 818 5144 peccata
848 5087 1033 5142 ptenas
1064 5080 1300 5127 sumeret
1348 5074 1489 5128 Deus
1518 5116 1532 5137 ,
1562 5076 1833 5132 sublatum

234 5175 389 5224 esset
414 5180 448 5220 e
476 5164 654 5220 medio
682 5178 850 5233 genus
874 5163 1165 5217 humanum
1193 5207 1207 5229 ,
1235 5179 1409 5233 neque
1439 5165 1690 5220 continua
1714 5182 1835 5222 suc~

232 5258 484 5315 eessione
528 5257 594 5312 ad
627 5257 741 5311 haec
769 5264 1010 5326 tempora
1056 5256 1403 5325 pervenisset.
1447 5258 1625 5327 Atque
1650 5267 1707 5312 ut
1734 5259 1836 5314 hoc

232 5364 425 5407 verum
443 5364 564 5405 esse
588 5351 912 5418 cognoscas,
941 5347 1064 5402 audi
1088 5348 1401 5417 prophetam
1425 5349 1693 5405 dicentem
1724 5368 1737 5404 :
1772 5351 1836 5407 Si

234 5444 526 5512 iniquitates
553 5441 889 5496 observaveris
912 5481 927 5506 ,
960 5440 1210 5509 Domine,
1242 5442 1353 5510 quis
1367 5426 1628 5496 sustinebit
1659 5442 1830 5514 (Psal.

238 5535 368 5590 ηε).
396 5522 493 5604 3)?
517 5532 671 5621 Quod
697 5532 741 5585 si
768 5530 947 5586 lubeat
971 5530 1074 5585 hoc
1092 5531 1292 5621 dictum
1315 5532 1642 5599 examinare,
1666 5533 1833 5589 omis-

237 5645 301 5686 sa
352 5631 407 5685 in
449 5615 780 5700 singulorum
824 5627 984 5681 vitam
1025 5615 1221 5682 exacti
1240 5625 1581 5696 inquisitione
1632 5628 1833 5699 (neque

237 5723 383 5779 enim
413 5719 525 5776 ﬁeri
554 5726 752 5790 potest,
783 5726 841 5774 ut
854 5732 974 5789 quat
997 5717 1222 5787 quisque
1239 5718 1465 5787 gesserit
1484 5717 1537 5771 in
1558 5718 1664 5771 vita
1690 5717 1830 5774 scia-

239 5813 403 5883 ams),
430 5824 550 5883 qua:
578 5809 697 5866 sine
723 5806 1146 5865 contradictione
1163 5806 1341 5864 cuncti
1357 5821 1659 5878 peccamus,
1684 5823 1745 5865 ea
1768 5808 1821 5865 in

1329 375 1416 429 DE
1455 373 1749 429 Dl.\BOL0
1786 372 2221 430 TENTATURE.
2254 376 2479 432 nomn
2515 377 2577 434 Il.

3468 370 3572 427 Ξ.ξεῖ

1961 492 2196 553 medium
2225 492 2582 566 proferamus,
2610 500 2665 549 et
2688 507 2755 549 ex
2775 492 3044 550 hocnobis
3075 495 3317 567 liquebit,
3339 495 3483 568 quod
3527 499 3571 553 si

1963 590 2035 644 ob
2061 586 2267 658 singula
2297 593 2511 655 peccata
2539 585 2871 655 punirentur,
2896 584 3007 656 jam
3033 587 3161 642 olim
3192 589 3472 659 periissem
3487 606 3571 643 us.

1963 680 2063 748 Qui
2086 680 2302 735 fratrem
2331 692 2489 732 suum
2520 676 2721 732 fatuum
2743 677 3044 747 appellarit,
3060 692 3184 733 reus
3205 687 3285 734 est
3306 678 3572 750 gehenuw

1964 775 2099 844 ignis
2129 771 2346 843 (Matth.
2376 772 2430 828 5.
2460 771 2577 842 22),
2617 770 2805 841 inquit.
2834 754 2926 825 An.
2945 772 3104 842 igitur
3129 782 3213 826 est
3241 773 3432 844 aliquis
3481 789 3574 826 nu.

1962 875 2155 931 strum,
2184 865 2273 935 qui
2297 863 2399 919 hoc
2426 873 2701 934 peccatum
2725 879 2831 918 non
2860 865 3233 926 commiserit?
3254 880 3454 936 ergone
3486 881 3573 919 su-

1963 954 2075 1011 hito
2120 970 2151 1010 e
2195 954 2373 1010 medio
2412 954 2523 1009 tolli
2569 956 2862 1025 oportuit?
2908 956 3088 1026 Itaque
3133 956 3329 1011 sublati
3379 970 3581 1012 munus

1962 1064 2207 1107 essemus
2228 1066 2256 1104 e
2274 1048 2477 1116 medio,-
2494 1058 2655 1119 atque
2678 1049 2837 1105 deleti
2864 1051 3132 1120 quondam
3154 1061 3208 1107 et
3225 1051 3568 1122 jamdudum.

1963 1140 2170 1196 Rursus
2203 1141 2246 1195 is
2277 1140 2366 1211 qui
2391 1140 2558 1211 jurat,
2589 1142 2777 1211 inquit,
2805 1142 2906 1195 etsi
2928 1152 3071 1196 recte
3096 1142 3260 1213 juret,
3298 1158 3409 1198 rem
3435 1144 3565 1209 agit,

1962 1248 2082 1301 quae
2127 1248 2157 1287 a
2210 1234 2353 1287 malo
2408 1244 2491 1287 est
2536 1231 2657 1305 (Ib.
2711 1249 2756 1288 υ.
2792 1232 2931 1303 57).
2981 1234 3111 1301 Quis
3155 1235 3312 1305 igitur
3349 1245 3432 1289 est
3479 1236 3568 1304 qui

1964 1339 2070 1378 non
2094 1323 2326 1397 jurarit?
2358 1325 2466 1378 imo
2500 1340 2627 1379 vero
2660 1366 2675 1391 ,
2708 1327 2829 1395 quis
2874 1334 2957 1379 est
3004 1326 3091 1394 qui
3137 1341 3242 1380 non
3281 1327 3571 1395 aliquando

1971 1414 2266 1486 pejerarit?
2288 1415 2388 1484 Qui
2418 1416 2717 1481 mulierem,
2747 1418 2912 1486 inquit
2932 1459 2947 1483 ,
2977 1417 3168 1486 aspicit
3199 1418 3410 1474 lascivis
3435 1435 3568 1474 ocu-

1963 1505 2048 1573 lis,
2101 1505 2312 1561 adulter
2367 1507 2635 1577 perfectus
2673 1518 2756 1562 est
2798 1509 2917 1582 (Ib.
2948 1528 2994 1563 υ.
3044 1511 3161 1579 28).
3194 1512 3367 1582 Atque
3410 1511 3573 1580 hujus

1964 1609 2093 1649 sane
2144 1598 2349 1666 peccati
2392 1599 2590 1653 multos
2639 1598 2911 1654 offendere
2940 1617 3226 1671 possumus
3269 1619 3411 1658 reos.
3433 1604 3570 1658 Cum

1965 1685 2125 1758 igitur
2153 1688 2267 1743 inec
2292 1704 2411 1759 quae
2440 1690 2491 1743 in
2519 1690 2769 1745 confesso
2798 1702 2942 1755 sunt,
2977 1693 3099 1746 talia
3131 1703 3347 1764 tamque
3374 1695 3568 1750 intule-

1966 1777 2130 1831 randa
2157 1778 2284 1843 sint,
2310 1789 2365 1833 et
2393 1779 2586 1835 horum
2615 1782 2823 1851 singula
2852 1783 3079 1837 seorsim
3107 1785 3430 1855 supplicium
3472 1800 3572 1841 no-

1964 1869 2047 1924 bis
2073 1881 2355 1926 accersant
2383 1872 2696 1928 inevitabile
2715 1917 2730 1940 ,
2762 1876 2807 1928 si
2841 1891 2902 1929 ea
2932 1892 3147 1946 quoque
3175 1878 3450 1933 nobiscum
3482 1896 3571 1934 re-

1954 1970 2213 2033 putemus
2242 2005 2258 2030 ,
2292 1981 2412 2035 qua:
2443 1967 2656 2021 occulte
2699 1968 3037 2037 peccavimus
3068 2010 3085 2037 ,
3120 1981 3230 2024 tum
3274 1973 3571 2040 prmsertim

1962 2056 2198 2111 divinam
2223 2058 2613 2128 providentiam
2642 2074 2994 2129 agnosccmus
3026 2103 3041 2127 ,
3075 2079 3197 2133 qua:
3235 2079 3340 2118 non
3368 2064 3421 2117 in
3452 2066 3571 2119 sin-

1961 2150 2083 2221 gula
2105 2151 2260 2207 nobis
2288 2162 2501 2221 peccata
2534 2154 2854 2223 supplicium
2884 2153 3310 2227 inferat.'ltaquc
3336 2157 3379 2212 si
3410 2173 3569 2227 quem

1962 2242 2161 2296 videris
2192 2243 2487 2313 rapientem
2526 2286 2542 2312 ,
2577 2244 2910 2300 fraudantem
2937 2287 2951 2309 ,
2982 2255 3037 2301 et
3063 2263 3183 2302 eum
3215 2248 3433 2303 minime
3453 2266 3557 2318 pu-

1963 2333 2085 2401 niri,
2117 2345 2310 2391 excute
2330 2344 2386 2391 tu
2408 2352 2622 2407 quoque
2650 2339 3033 2393 conscientiam
3060 2355 3201 2393 tuam
3228 2380 3243 2404 ,
3270 2350 3455 2410 reputa
3481 2351 3565 2396 te-

1960 2439 2082 2478 cum
2112 2425 2273 2480 vitam
2305 2434 2482 2492 tuam,
2511 2436 2565 2482 ct
2597 2438 2683 2482 tua
2702 2428 2893 2483 delicta
2928 2445 3183 2499 percurre
3211 2449 3224 2483 :
3257 2441 3367 2485 tum
3402 2433 3571 2502 probe

1963 2514 2229 2585 intelliges
2256 2516 2349 2572 tibi
2381 2518 2556 2586 primo
2574 2534 2681 2572 non
2712 2519 3001 2587 expedire,
3027 2534 3083 2575 ut
3114 2522 3164 2575 in
3187 2522 3423 2589 peccatis
3450 2524 3565 2577 siu-

1961 2606 2101 2676 gulis
2131 2608 2388 2676 puniaris.
2424 2606 2628 2664 idcirco
2651 2610 2797 2665 enim
2828 2628 3017 2666 severe
3047 2614 3199 2666 multi
3233 2614 3561 2684 loquuntur,

1960 2696 2102 2766 quod
2158 2713 2263 2753 non
2310 2713 2406 2754 sua
2462 2702 2609 2770 prius
2653 2718 2811 2771 qttam
2854 2704 3026 2758 aliena
3065 2706 3440 2777 considerent:
3472 2707 3568 2762 sed

1961 2787 2158 2841 nostris
2184 2789 2402 2845 omissis
2422 2806 2613 2847 omnes
2636 2793 2688 2847 in
2701 2809 2804 2853 .res
2824 2795 3048 2850 aliorum
3074 2796 3426 2866 inquimmus.
3460 2798 3563 2855 Ve.

1960 2885 2261 2931 rumtamcn
2291 2894 2358 2934 ne
2387 2880 2618 2950 amplius
2650 2882 2702 2936 id
2733 2898 2954 2952 agamus
2985 2925 3001 2953 ,
3035 2886 3126 2941 sed
3158 2887 3312 2955 plane
3346 2900 3540 2944 contra

1960 2966 2122 3022 rium.
2157 2970 2234 3024 Ac
2268 2970 2313 3025 si
2346 2971 2564 3040 quidem
2611 2971 2814 3043 justum
2863 2976 3094 3045 aliquem
3125 2979 3301 3046 ptmiri
3329 2980 3513 3036 videas
3548 3022 3561 3048 ,
3626 3008 3631 3025 κ

1957 3056 2061 3113 Job
2092 3060 2416 3129 recordare:
2450 3063 2551 3117 etsi
2581 3063 2726 3118 enim
2750 3065 2927 3135 justus
2968 3069 3037 3121 sit
3077 3069 3268 3139 aliquis
3290 3088 3325 3135 ,'
3346 3087 3446 3126 nec
3478 3082 3564 3127 ta-

1959 3163 2080 3202 men
2098 3149 2293 3219 justiur
2324 3151 2414 3205 illo
2435 3153 2559 3219 erit,
2581 3170 2753 3223 neque
2779 3156 2864 3211 vel
2889 3158 3152 3214 modicum
3178 3162 3250 3216 illi
3284 3164 3560 3231 proximus

1956 3239 2090 3292 erit:
2116 3253 2179 3294 ac
2209 3239 2334 3295 licet
2360 3242 2639 3298 innumera
2658 3246 2728 3300 sit
2752 3249 2888 3301 mala
2914 3251 3361 3318 passus,ueedutn
3385 3264 3562 3311 tamen

1956 3329 2245 3400 quidquam
2279 3332 2384 3386 tale
2415 3349 2604 3403 passus
2632 3347 2734 3403 est,
2766 3339 2924 3407 quale
2951 3341 3033 3395 vir
3065 3341 3173 3397 ille.

2028 3423 2082 3478 8.
2118 3423 2227 3478 iloc
2256 3425 2415 3496 igitur
2436 3439 2617 3483 mente
2647 3446 2906 3497 versans,
2936 3432 3124 3489 desine
3148 3435 3430 3490 Dominum
3459 3453 3550 3493 ac-

1954 3526 2163 3580 cusare,
2193 3519 2315 3569 cum
2337 3516 2604 3588 intelligas
2636 3519 2819 3586 Deum,
2852 3538 2957 3576 non
2980 3523 3122 3593 quod
3148 3525 3293 3579 illum
3317 3527 3555 3595 deSerat,

1960 3602 2122 3659 talem
2150 3603 2329 3661 sinere
2358 3608 2512 3662 malis
2532 3608 2693 3680 afﬂigi
2716 3653 2730 3677 ,
2765 3611 2860 3666 sed
2897 3614 3039 3682 quod
3068 3615 3215 3670 illum
3245 3632 3440 3673 corona
3464 3621 3562 3675 do-

1958 3708 2089 3749 nare
2121 3703 2281 3766 atque
2304 3696 2653 3754 illustriorem
2684 3702 2812 3755 velit
2841 3703 3087 3760 reddere.
3120 3706 3175 3762 Si
3210 3724 3336 3763 vero
3365 3726 3557 3778 pecca-

1956 3792 2124 3839 torem
2145 3785 2327 3841 videas
2340 3789 2905 3858 castigari,recurdare
2920 3796 3216 3866 paralytici,
3235 3800 3324 3868 qui
3341 3801 3558 3871 triginta

1904 3870 1909 3877 ’
1953 3887 2007 3933 et
2023 3879 2265 3950 octojam
2283 3895 2452 3935 annos
2471 3882 2523 3936 in
2541 3882 2679 3938 lecto
2699 3885 3026 3942 decubuerat
3047 3888 3285 3961 (Joan.5.
3318 3892 3396 3963 5).
3416 3870 3551 3951 Nam

1952 3969 2101 4024 illum
2130 3979 2348 4041 propter
2376 3983 2595 4042 peccata
2620 3985 2727 4030 tum
2750 3977 2999 4033 traditum
3041 3981 3115 4035 illi
3149 3984 3337 4038 morbo
3368 3983 3557 4056 fuisse,

1949 4063 2071 4117 audi
2090 4078 2195 4133 quo
2221 4073 2377 4135 pacto
2402 4064 2602 4121 Christi
2634 4068 2796 4123 verba
2827 4077 3111 4127 testentur:
3135 4071 3269 4129 Ecce
3292 4091 3447 4131 sanus
3471 4079 3560 4149 fa-

1949 4162 2061 4208 ctus
2081 4171 2133 4208 es
2148 4170 2166 4208 :
2176 4156 2293 4224 jam
2318 4157 2427 4209 noli
2442 4173 2671 4227 peccare,
2696 4176 2759 4213 ne
2777 4161 2995 4217 deterius
3019 4164 3109 4218 tibi
3145 4164 3341 4237 aliquid
3355 4170 3559 4224 contin-

1947 4254 2035 4315 gat
2065 4243 2225 4316 (Ibid.
2254 4262 2304 4301 υ.
2339 4248 2447 4317 14).
2490 4248 2581 4303 Vel
2605 4251 2749 4305 enim
2780 4267 2967 4308 eorum
2992 4270 3113 4325 qua:
3142 4260 3510 4317 commisimus
3542 4306 3558 4331 ,

1951 4335 2150 4390 luimus
2177 4351 2382 4406 poenas,
2408 4338 2539 4393 dum
2561 4343 2914 4412 castigamur:
2938 4347 3020 4400 vel
3048 4350 3384 4406 occasionem
3413 4356 3559 4407 acci-

1950 4427 2127 4496 pimus
2161 4443 2513 4499 coronarum,
2537 4432 2585 4486 si
2606 4432 2731 4488 dum
2759 4445 2905 4492 recte
2945 4438 3172 4496 vivimus
3191 4484 3206 4505 ,
3236 4444 3392 4500 malis
3417 4446 3558 4503 ailli—

1946 4516 2137 4584 gimur.
2184 4518 2365 4589 Itaque
2400 4522 2513 4577 sive
2549 4523 2600 4577 in
2642 4524 2847 4594 justitia
2887 4529 3004 4584 sive
3030 4531 3081 4583 in
3116 4536 3349 4602 peccatis
3394 4538 3559 4595 vitam

1945 4607 2201 4679 degamus
2224 4650 2239 4677 ,
2266 4611 2393 4666 utile
2419 4612 2573 4669 nobis
2604 4623 2688 4670 est
2708 4618 2902 4685 puniri,
2936 4622 3077 4690 quod
3106 4622 3156 4677 id
3187 4625 3475 4696 aliquando
3501 4632 3564 4685 ῆι.

1946 4701 2225 4759 lustriores
2254 4718 2353 4759 nos
2383 4706 2595 4773 reddat,
2626 4708 2913 4779 aliquando
2942 4716 3296 4774 modestiores
3321 4721 3518 4779 efﬁciat
3544 4768 3557 4790 ,

1943 4808 2008 4849 ac
2034 4793 2269 4851 futurum
2315 4798 2636 4868 supplicium
2668 4804 2822 4858 nobis
2867 4806 3091 4878 mitiget.
3128 4810 3291 4869 Posse
3328 4829 3564 4886 namque

1942 4886 2174 4956 aliquem
2208 4929 2223 4954 ,
2255 4889 2345 4959 qui
2376 4888 2536 4961 fuerit
2583 4891 2637 4947 in
2677 4893 2779 4949 hac
2808 4897 2912 4951 vita
2945 4901 3181 4967 punitus,
3206 4914 3402 4962 etcum
3437 4925 3562 4979 gra-

1944 4978 2137 5032 tiarum
2163 4980 2373 5035 actione
2398 4992 2591 5036 cuncta
2628 4986 2924 5053 pertulerit,
2964 4992 3279 5059 gravitatem
3309 4978 3563 5069 supplicii

1944 5066 1997 5124 in
2016 5070 2180 5126 altera
2220 5072 2326 5126 vita
2354 5074 2616 5130 subeundi
2645 5080 2893 5149 mitigare
2925 5122 2940 5147 ,
2981 5082 3127 5138 disce
3172 5103 3237 5141 ex
3282 5066 3564 5146 his'i’auli

1944 5163 2156 5217 verbis:
2180 5161 2307 5217 Ideo
2320 5165 2450 5218 inter
2465 5183 2552 5220 vos
2572 5170 2719 5222 multi
2743 5172 2938 5239 inﬁrmi
2963 5183 3009 5227 et
3039 5175 3334 5243 imbecilles,
3361 5190 3407 5235 et
3435 5181 3561 5234 dor-

1945 5254 2105 5306 miunt
2126 5254 2292 5309 multi.
2326 5256 2477 5321 Quod
2505 5258 2551 5311 si
2580 5262 3310 5336 nosmetipsosjudicarcmus,
3335 5288 3436 5325 non
3458 5274 3560 5327 uti-

1943 5346 2428 5416 quejudicaremur;
2461 5350 2580 5403 dum
2602 5352 3098 5422 judicamurautem,
3121 5376 3151 5410 a
3170 5359 3389 5416 Domino
3401 5366 3561 5418 carri.

1945 5441 2198 5511 pimur,ut
2218 5459 2318 5496 non
2336 5460 2449 5496 cum
2472 5446 2663 5499 mundo
2683 5448 2981 5503 damnentur
3004 5452 3050 5521 (i
3076 5452 3193 5506 Cor.
3216 5457 3299 5508 ll.
3328 5457 3557 5525 50-32).

2016 5530 2358 5609 Providentia:
2382 5533 2481 5588 Dei
2510 5536 2887 5594 demonstratio.
2920 5571 2992 5581 —
3040 5542 3165 5598 llaec
3197 5545 3351 5614 igitur
3377 5549 3558 5603 omnia

1949 5639 2075 5685 eum
2100 5625 2375 5695 explorata
2403 5629 2511 5681 sint
2538 5628 2693 5684 nobis
2720 5670 2734 5694 ,
2766 5631 2837 5685 ita
2857 5631 2925 5685 de
2956 5635 3286 5702 providentia
3316 5638 3405 5691 Dei
3434 5641 3559 5706 phi-

1942 5715 2323 5788 losophemur,
2355 5718 2538 5790 eisque
2580 5720 2671 5789 qui
2705 5723 3081 5779 contradicunt
3121 5743 3179 5779 os
3216 5729 3553 5785 ohturemus.

1944 5810 2095 5878 Quod
2122 5811 2163 5865 si
2188 5802 2316 5881 quid
2343 5810 2571 5880 accidat,
2594 5813 2737 5882 quod
2768 5824 3007 5872 mentem
3039 5829 3279 5874 nostram
3304 5822 3555 5889 excedat,
