4190 6322
645 383 754 441 257

1341 375 1398 430 8.
1441 372 1721 430 JOANNIS
1757 366 2237 427 αιιιιγεοδτθιιι
2271 367 2587 425 AﬂClﬂEP.
2628 367 3172 431 CONSTANTINOP.

3801 369 3914 429 958

641 503 710 542 ne
738 484 934 550 idcirco
971 497 1057 543 res
1094 491 1304 545 scutrae
1331 480 1507 542 divina
1540 481 1649 550 regi
1691 479 2023 551 providentia
2049 493 2213 548 nege-
2316 490 2380 531 ac
2405 487 2631 549 regeret.
2675 477 2826 546 Quod
2870 480 2914 533 si
2944 492 3283 534 communem
3312 479 3555 540 oin-lum
3583 486 3915 540 «nuntiam

620 592 756 632 mus
783 593 798 642 ;
829 575 1080 640 sed‘cum
1118 590 1239 630 eam
1261 589 1330 633 ex
1357 581 1506 645 parte
1529 571 2089 643 comprehenderintus
2112 610 2128 636 ,
2159 571 2214 624 in
2317 581 2374 628 et
2401 573 2567 642 ipsam
2597 588 2773 627 rerum
2801 573 3182 642 experientiam
3207 575 3227 607 ι
3253 575 3465 632 reveriti
3495 576 3664 633 Deum
3691 591 3813 634 esse
3833 577 3911 632 ia-

638 670 702 725 iis
743 683 863 740 qua:
897 666 1280 742 comprehendi
1319 667 1536 726 minime
1575 675 1775 736 queunt
1802 706 1818 731 ,
1863 662 2216 738 investigabili

634 759 751 828 ejus
795 758 1068 828 sapientia:
1095 758 1368 815 cedamus.
1410 756 1466 812 Si
1494 755 1635 812 enim
1674 752 1905 810 hominis
1933 753 2216 808 artiﬁcium

638 851 801 911 homo
829 851 1106 923 imperitus
1133 849 1342 921 assequi
1367 849 1586 910 minime
1613 855 1830 917 potest,
1856 846 2023 906 ntulto
2051 845 2220 917 magis

637 943 964 1020 impossibile
984 955 1160 1014 est,ut
1181 946 1489 1004 immensam
1521 943 1613 999 Dei
1643 932 2028 1016 provi'dentiam
2057 942 2216 997 intel-

638 1035 768 1106 ligat
796 1051 947 1090 metu
973 1035 1222 1095 humana.
1252 1034 1611 1090 Immtabiﬂa
1648 1035 1834 1105 quippe
1868 1044 1984 1088 sunt
2019 1034 2224 1104 judicia

637 1127 774 1193 ejus,
799 1133 848 1186 et
873 1124 1238 1196 inuestigantes
1264 1125 1357 1190 ria,
1384 1127 1494 1196 eius
1513 1122 1702 1196 (Rom.
1732 1126 1820 1185 ii.
1846 1125 1976 1193 ὅτι).
2000 1124 2225 1179 Ἶρι-ιιιιιφ

641 1225 820 1270 tamen
845 1229 964 1272 cum
1001 1231 1066 1271 ex
1108 1216 1286 1285 paucis
1311 1215 1377 1270 de
1406 1224 1518 1276 toto
1551 1215 1817 1285 possimus
1857 1216 2220 1287 probationem

636 1317 702 1359 ec
730 1302 885 1362 ﬁdem
908 1315 1110 1365 certam
1135 1305 1416 1374 accipere,
1456 1320 1551 1374 pro
1587 1307 1794 1363 cunctis
1825 1322 1944 1377 qua:
1979 1306 2225 1360 accidunt

639 1393 753 1449 Deo
788 1396 984 1465 gratias
1027 1409 1264 1465 agamus.
1302 1395 1432 1453 Nam
1477 1405 1531 1451 et
1572 1395 1672 1450 alia
1709 1397 1914 1452 ratione
1945 1410 2226 1466 possumus

638 1485 841 1556 abstjue
871 1487 975 1541 ulta
1004 1487 1427 1544 contradictione
1454 1487 1521 1544 de
1553 1489 1882 1560 providentia
1907 1489 2082 1543 divina
2111 1487 2226 1558 pbio

640 1575 934 1644 losophari,
951 1578 996 1630 si
1018 1577 1263 1632 velimus.
1286 1577 1676 1648 interrogemus
1696 1580 1840 1634 enim
1867 1578 2224 1643 adversarios,

638 1681 713 1722 II
730 1666 799 1721 sit
823 1668 998 1722 Deus!
1026 1669 1166 1736 quod
1191 1668 1238 1724 si
1265 1664 1497 1731 dixerint
1525 1683 1630 1723 non
1658 1683 1778 1724 esse
1805 1669 1993 1734 Deum.
2016 1685 2084 1725 ne
2106 1669 2225 1724 illos

641 1771 900 1827 responso
929 1756 1227 1826 dignantur.
1259 1755 1325 1814 Ut
1355 1757 1498 1812 enim
1524 1756 1738 1820 furiosis
1764 1773 1978 1829 equum
2004 1773 2110 1813 non
2142 1765 2226 1812 est

641 1858 702 1903 ut
725 1847 1011 1926 quidquam
1057 1847 1512 1917 respondeamus,
1549 1850 1622 1906 ita
1665 1854 1766 1904 nec
1799 1849 1905 1912 illis
1927 1849 2020 1924 qui
2057 1849 2224 1903 Deum

643 1953 749 1994 non
765 1953 888 1994 esse
901 1939 1103 1994 dicunt.
1131 1938 1262 1995 Nam
1287 1940 1333 1995 si
1363 1940 1652 2012 navigium,
1669 1941 1722 1994 in
1741 1956 1849 2010 quo
1878 1939 2030 2008 pauci
2052 1949 2226 2002 nauta!

642 2028 838 2084 fuerint
862 2038 919 2085 et
940 2039 1205 2096 vectores,
1237 2030 1357 2085 ii'eri
1376 2032 1556 2102 nequit
1585 2040 1643 2086 ut
1667 2031 1934 2087 incolume
1957 2038 2221 2095 servetur,

645 2133 712 2173 ne
737 2119 806 2178 ad
831 2121 986 2174 unius
1008 2121 1220 2192 quidem
1237 2122 1403 2176 stadii
1433 2123 1683 2192 spatium.
1715 2122 1919 2192 absque
1938 2136 2097 2178 manu
2125 2137 2226 2192 gu-

647 2211 942 2266 bernatoris
969 2230 985 2263 :
1017 2214 1182 2268 multo
1208 2213 1376 2284 magis
1403 2223 1578 2268 tantus
1607 2213 1694 2269 hic
1736 2213 1999 2288 mundus,
2026 2218 2113 2286 qui
2150 2227 2228 2273 tz't

648 2301 700 2355 in
736 2314 796 2357 se
832 2316 1053 2372 corpora
1089 2304 1325 2358 continet
1350 2318 1413 2360 ex
1452 2303 1731 2359 elementis
1768 2304 1995 2358 conﬂata
2024 2345 2040 2370 ,
2081 2316 2230 2362 tanto

649 2400 889 2461 tempore
915 2408 1020 2447 non
1047 2394 1326 2460 durasset,
1356 2394 1456 2449 nisi
1485 2403 1632 2450 esset
1655 2395 1829 2475 aliqua
1853 2395 2191 2466 providentia
2209 2439 2226 2464 ,

645 2497 764 2552 qua:
793 2481 868 2536 illi
898 2493 1153 2553 praeesset
1174 2525 1188 2548 ,
1217 2494 1272 2541 et
1301 2485 1402 2540 hoc
1425 2486 1731 2548 univcrstun
1761 2497 1997 2548 tueretur
2019 2503 2232 2564 semper

2321 673 2534 718 teantur
2555 704 2572 730 ,
2604 663 2705 718 hoc
2734 663 2840 717 illis
2871 663 3111 720 dicamus
3144 684 3158 720 :
3186 664 3241 720 Si
3281 665 3352 721 sit
3381 666 3521 722 Deus
3541 708 3557 732 ,
3584 679 3648 724 ut
3673 666 3920 737 proiecto

2321 765 2425 819 est,
2447 755 2685 827 sequitur
2703 769 2826 809 eum
2847 756 3008 810 etiam
3025 756 3229 825 justum
3251 772 3375 812 esse
3404 775 3418 812 :
3451 757 3724 813 nisi‘enim
3743 757 3926 827 justus

2322 845 2411 906 sit.
2434 859 2500 904 ne
2523 843 2661 904 Deus
2681 843 2894 918 quidem
2920 854 3004 899 est
3030 862 3042 898 :
3072 845 3214 916 quod
3239 846 3284 899 si
3308 845 3488 915 justus
3511 847 3602 910 sit,
3631 847 3927 917 unicuique

2326 949 2424 1003 pro
2451 935 2654 997 meritis
2679 934 2872 994 reddit.
2900 937 3060 1013 Atqui
3089 937 3328 993 videmus
3357 953 3462 992 non
3491 953 3682 993 omnes
3705 937 3795 994 hic
3824 953 3926 1007 pro

2326 1027 2531 1081 meritis
2568 1027 2804 1094 recipere
2831 1042 2845 1079 :
2873 1026 3098 1102 proinde
3137 1042 3361 1084 necesse
3385 1039 3465 1083 est
3496 1028 3721 1084 alteram
3763 1029 3927 1084 nobis

2326 1119 2614 1187 repositam
2655 1119 3058 1175 retributionem
3096 1134 3409 1192 speremus,
3441 1133 3495 1176 ut
3521 1135 3642 1177 cum
3670 1138 3768 1191 pro
3801 1135 3926 1176 me-

2328 1210 2446 1270 ritis
2474 1210 3129 1288 unusquisquereceperit
3151 1253 3166 1270 .
3197 1224 3452 1285 appareat
3481 1214 3688 1283 justitia
3714 1213 3925 1269 divina.

2329 1300 2455 1358 Hzcc
2471 1301 2614 1363 enim
2635 1303 2806 1363 oratio
2827 1319 2930 1356 non
2958 1303 3026 1360 de
3056 1303 3384 1372 providentia
3409 1305 3611 1372 solum,
3637 1307 3732 1362 sed
3757 1307 3923 1363 etiam

2329 1393 2396 1449 de
2426 1394 2816 1450 resurrectione
2847 1394 3238 1470 philosophiam
3270 1395 3426 1449 nobis
3455 1396 3764 1453 introducit.
3798 1397 3929 1458 "xc

2331 1484 2490 1554 igitur
2517 1485 2748 1539 scientes
2773 1524 2790 1548 ,
2829 1499 2950 1540 cum
2991 1485 3092 1554 ipsi
3132 1485 3200 1540 de
3230 1485 3561 1555 providentia
3589 1497 3644 1542 et
3673 1502 3928 1543 resurre-

2329 1576 2508 1631 Ctione
2535 1574 2883 1640 meditemur,
2915 1585 3026 1630 tum
3055 1564 3281 1632 caeteros
3305 1575 3594 1633 doceamus
3614 1618 3630 1643 ,
3669 1586 3725 1632 et
3761 1592 3928 1634 0mm

2329 1665 2562 1719 stmlium
2591 1666 2644 1720 in
2671 1665 2722 1720 id
2749 1665 3106 1731 conferamus,
3136 1676 3191 1722 ut
3219 1666 3305 1733 iis,
3331 1668 3421 1736 qui
3451 1668 3709 1723 adversus
3736 1668 3924 1724 Domi-

2333 1769 2460 1808 nmn
2488 1755 2778 1821 insaniunt,
2809 1770 2871 1809 os
2895 1755 3255 1821 occludamus,
3284 1741 3520 1826 eumque,
3541 1770 3639 1811 nos
3665 1756 3721 1810 in
3752 1757 3930 1811 omni-

2331 1847 2428 1900 bus
2452 1847 2830 1917 glorilieemus.
2871 1847 2962 1904 Sic
2999 1848 3142 1903 enim
3186 1847 3446 1918 majorem
3485 1848 3601 1919 ejus
3631 1863 3820 1906 curam
3861 1864 3931 1908 ao

2331 1941 2687 2010 patrocinium
2712 1940 3158 2009 promerebimur,
3178 1950 3231 1996 et
3254 1942 3478 1996 multum
3501 1942 3762 1995 auxilium
3787 1939 3930 1995 οδω

2329 2030 2593 2103 nebimus,
2615 2039 2774 2109 atque
2795 2031 2864 2086 ita
2888 2046 3010 2086 vera
3035 2032 3236 2114 malitia
3265 2032 3631 2095 iiberabimur.
3657 2040 3714 2086 et
3739 2029 3927 2087 futura

2331 2119 2471 2178 bona
2497 2134 2911 2195 consequemur,
2939 2121 3106 2193 gratia
3136 2130 3192 2177 et
3233 2122 3558 2191 benignitate
3589 2121 3800 2176 Domini
3832 2136 3933 2176 no-

2330 2211 2428 2265 stri
2455 2211 2582 2267 Jesu
2604 2209 2838 2279 Christi,
2868 2226 2962 2287 per
2987 2228 3154 2284 quem
3174 2223 3228 2269 et
3253 2229 3373 2268 cum
3402 2228 3510 2285 quo
3542 2213 3683 2267 Patri
3711 2213 3882 2282 gloria
3907 2252 3930 2280 ,

2331 2316 2436 2357 ttna
2463 2316 2583 2365 cum
2608 2301 2808 2372 Spiritu
2827 2300 3051 2372 Sancto,
3067 2318 3207 2365 nunc
3231 2313 3285 2361 et
3311 2318 3543 2374 semper,
3575 2312 3629 2358 et
3655 2304 3706 2357 in
3731 2301 3933 2358 saecula

2332 2391 2673 2454 steculerum.
2706 2394 2903 2457 Amen,

2400 2503 2418 2533 ί
2453 2500 2615 2562 0011).ι
2632 2501 2856 2564 ipsarum
2869 2513 3034 2560 rerum,
3049 2500 3422 2559 venundatum.

654 2701 734 2752 ιι)
778 2700 889 2755 εοξ
929 2700 1039 2754 QUI
1105 2701 1473 2759 OBJICIUNT,
1519 2703 1644 2752 CUR
1686 2705 1724 2748 Β
1766 2705 1974 2755 Iliqu
2011 2706 2325 2762 SUBLATUS
2368 2709 2491 2752 NON
2525 2708 2625 2752 SIT
2665 2710 2976 2755 DIABOLUS
3005 2739 3021 2764 ,
3066 2712 3148 2764 ΕΤ
3189 2711 3359 2771 QUOD
3402 2713 3600 2765 αωοβ
3663 2715 3929 2765 “ALFI”

1260 2803 1436 2856 ιιιωι
1481 2801 1593 2852 [(0.8
1639 2804 1883 2860 ιιωτ,
1928 2803 1986 2858 δι
2027 2806 2230 2874 ΔΙΤΤΒΝ

2335 2807 2474 2862 illis,
2521 2809 2601 2850 ET
2643 2809 2725 2850 ne
2755 2808 3167 2861 ιιωιιιτειιτμ
3217 2792 3334 2874 (al.

1905 2949 2253 2970 P—_

1345 3259 1556 3302 υοιιιωκι
1589 3256 1648 3296 ιι.

722 3398 773 3455 t.
801 3394 933 3451 Laus
961 3395 1196 3452 ﬁnitioni
1224 3401 1468 3472 episcopi.
1490 3431 1558 3441 —
1579 3400 1724 3458 Isaac
1751 3403 1964 3473 quidem
1989 3420 2112 3460 eum
2139 3422 2229 3467 εις

647 3495 885 3555 optasset
924 3488 1211 3558 aliquando
1253 3491 1531 3560 prandium
1578 3492 1669 3546 lilii
1711 3493 1959 3548 manibus
1991 3507 2239 3566 paratum,

649 3574 965 3642 eotnedere,
993 3576 1157 3636 lilium
1196 3593 1262 3634 ex
1287 3579 1492 3640 aedibus
1529 3579 1597 3635 ad
1633 3582 1972 3644 venationem
2006 3586 2184 3640 emisit
2213 3604 2230 3642 :

652 3665 739 3720 hic
765 3683 892 3722 vero
920 3678 1101 3727 noster
1144 3669 1287 3725 lsaac
1322 3686 1444 3730 cum
1480 3681 1787 3743 exoptasset
1820 3675 2097 3748 prandium
2141 3691 2234 3736 su-

652 3771 800 3810 mere
823 3756 1291 3814 utanibusnostris
1319 3769 1592 3830 paratum,
1633 3775 1740 3817 non
1780 3777 1849 3818 ex
1893 3763 2095 3820 aedibus
2137 3782 2235 3826 nos

651 3846 862 3910 entisit,
893 3848 986 3902 sed
1017 3849 1130 3918 ipse
1174 3860 1410 3910 nostram
1450 3851 1517 3905 ad
1552 3864 1792 3908 mensam
1829 3855 2077 3910 accurrit.
2105 3856 2237 3923 Quis

653 3937 908 4006 majmem
937 3949 1214 4007 paternum
1255 3955 1491 4002 amorem
1531 3958 1778 4020 umquam
1804 3945 2088 4000 exhibuit?
2118 3947 2237 4016 quis

654 4026 1006 4083 humilitatem
1039 4029 1297 4099 majorem
1321 4046 1408 4096 eo,
1437 4033 1528 4102 qui
1556 4042 1661 4088 tam
1690 4035 1966 4092 ardentem
1992 4037 2238 4108 dignatus

655 4129 738 4172 est
763 4119 1045 4176 ostendere
1073 4123 1348 4176 caritatem
1369 4163 1386 4188 ,
1419 4133 1731 4194 tantumque
1760 4127 1926 4184 voluit
1952 4143 2011 4185 se
2039 4129 2237 4191 demit-

659 4209 819 4263 tere?
839 4209 1195 4277 Quamobrem
1239 4225 1337 4266 nos
1362 4214 1521 4266 etiam
1547 4253 1562 4278 ,
1592 4215 1683 4282 qui
1713 4225 1768 4272 et
1801 4217 1946 4273 vocis
1987 4216 2240 4277 intentio-

659 4313 780 4353 nem
804 4308 861 4355 et
884 4301 1075 4369 pedum
1113 4301 1416 4358 ﬁrmitatem
1492 4307 1753 4362 matutina
1792 4310 2236 4369 sermocinatione

657 4390 1015 4460 dt-pressimus
1039 4433 1054 4457 ,
1088 4393 1289 4461 paterni
1321 4394 1495 4449 vultus
1535 4405 1752 4465 aspectu
1783 4402 2041 4464 recreati,
2067 4403 2239 4462 conti-

661 4499 766 4537 nuo
792 4483 1113 4539 inﬁrmitatis
1137 4485 1286 4539 obliti
1315 4501 1500 4541 sumus
1523 4527 1537 4552 ,
1567 4497 1836 4562 torporem
1860 4492 2193 4550 excussimus
2220 4514 2242 4558 ,-

662 4575 930 4643 vnluptate
957 4577 1213 4630 commoti
1239 4593 1424 4631 sumus
1448 4588 1502 4637 et
1529 4580 1712 4644 erecti,
1737 4579 2070 4655 splendidam
2099 4582 2236 4636 vidi.-

663 4681 782 4720 mns
827 4668 1076 4721 canitiem
1103 4708 1119 4731 ,
1171 4678 1226 4723 et
1267 4670 1443 4723 anima
1493 4680 1672 4725 nostra
1725 4671 1844 4726 luce
1892 4673 2092 4742 repleta
2133 4683 2237 4729 est.

665 4759 949 4827 l'ropterea
985 4775 1194 4830 quoque
1234 4770 1475 4830 prompto
1505 4768 1558 4815 ei
1584 4763 1742 4816 alacri
1785 4763 1964 4817 animo
2003 4780 2240 4819 mensam

665 4851 977 4917 apponinms
997 4892 1010 4915 ,
1040 4863 1096 4904 ut
1127 4867 1255 4917 nos,
1286 4867 1406 4911 cum
1443 4853 1767 4917 comederit,
1798 4855 2096 4911 benedicat.
2127 4855 2242 4916 Non

667 4941 753 4994 hic
778 4939 970 4998 furtum
999 4952 1077 4995 est
1105 4951 1157 4996 et
1196 4942 1380 5007 dolus,
1421 4953 1471 4996 ut
1512 4943 1618 5003 illic
1653 4953 1762 5019 tum
1798 4943 1895 5005 fuit
1924 4962 1935 4996 :
1965 4944 2099 4999 alius
2121 4961 2243 5019 qut-

665 5031 785 5085 dem
814 5032 1006 5087 ail'erre
1031 5033 1210 5100 jussus
1231 5043 1328 5098 est,
1360 5035 1494 5094 alius
1521 5049 1648 5088 vero
1678 5018 1855 5088 attulit
1881 5053 1895 5100 ;
1925 5037 2018 5092 sed
2045 5018 2245 5106 egerat-

669 5125 805 5176 terre
830 5122 1013 5192 jussus
1049 5139 1163 5178 sum
1189 5167 1204 5190 ,
1246 5140 1346 5196 ego
1377 5141 1586 5197 quoque
1615 5127 1784 5185 attuli.
1820 5127 1897 5180 'l‘u
1926 5144 2047 5182 vero
2077 5129 2242 5192 bene-

667 5214 898 5269 dictione
927 5217 1187 5285 Spirituali
1230 5219 1451 5273 benedie
1489 5219 1642 5273 nobis
1662 5261 1679 5285 ,
1706 5229 1874 5289 pater,
1904 5228 1958 5274 et
2000 5236 2060 5274 ea
2087 5237 2244 5290 quam

670 5305 911 5373 accipere
938 5316 1181 5375 optamus
1203 5324 1409 5372 omnes.
1441 5325 1662 5378 qumque
1692 5325 1795 5362 non
1824 5309 1982 5364 modo
2011 5310 2124 5377 tibi,
2153 5311 2244 5371 sed

671 5405 725 5450 et
749 5398 876 5451 inihi
903 5407 956 5452 et
980 5399 1225 5454 omnibus
1253 5399 1334 5454 his
1362 5401 1431 5454 sit
1453 5401 1626 5455 utilis:
1652 5416 1988 5458 communem
2010 5403 2245 5460 omnium

673 5499 914 5544 nostrum
947 5490 1224 5545 Dominum
1250 5507 1464 5560 precare
1493 5533 1509 5557 ,
1542 5501 1599 5545 ut
1640 5493 1797 5546 vitam
1842 5503 1982 5548 tuam
2020 5494 2088 5550 ad
2120 5511 2245 5556 pro-

667 5572 833 5630 lixam
863 5576 1007 5631 isaac
1036 5590 1361 5634 senectutem
1394 5583 1650 5650 producat
1683 5599 1695 5633 :
1732 5582 1831 5638 hoc
1859 5585 1999 5637 enim
2029 5597 2082 5638 et
2115 5589 2244 5648 mihi

735 5678 824 5743 (ιι)¹
843 5679 1016 5741 collata
1039 5695 1146 5734 cum
1167 5671 1336 5741 codice
1371 5687 1514 5747 Regio
1542 5685 1679 5745 169i,
1705 5692 1755 5735 et
1774 5685 1905 5740 colo.
1928 5685 2051 5745 10:59.

2259 2934 2366 2986 99

2371 2951 2682 2969 ῃ

2334 3139 2389 3188 et
2432 3127 2550 3187 istis
2583 3144 2706 3187 rore
2755 3130 2872 3189 cali
2913 3149 2977 3190 ac
3031 3132 3350 3206 pinguedine
3380 3143 3540 3194 terra:
3592 3135 3759 3192 multo
3803 3149 3930 3206 pre-

2337 3218 2526 3273 tiosius
2549 3228 2632 3275 est
2653 3230 2706 3276 et
2730 3221 3072 3283 fructuosius.

2412 3303 2694 3360 Homiliam
2741 3312 3100 3379 praedanam
3140 3320 3519 3370 commemorat.
3577 3342 3650 3354 —
3701 3313 3934 3374 Verum-

2335 3397 2610 3460 enimvero
2633 3399 2746 3469 jam
2778 3409 2986 3470 tempus
3024 3409 3144 3466 est.
3173 3413 3230 3456 ut
3267 3418 3507 3458 mensam
3549 3420 3928 3473 opponantue:

2334 3500 2453 3556 qtae
2497 3503 2657 3561 perm
2701 3489 2786 3544 illa
2814 3491 2940 3544 est?
2969 3490 3226 3560 Reliquiae
3266 3491 3518 3546 nimirum
3548 3508 3735 3552 eorum
3759 3536 3775 3559 ,
3807 3510 3934 3566 qua

2336 3592 2508 3646 nuper
2526 3579 2735 3633 caritati
2769 3590 2958 3634 vestra:
2983 3579 3122 3634 dicta
3149 3590 3275 3634 sunt
3298 3599 3310 3634 :
3339 3581 3513 3637 adhuc
3537 3584 3704 3650 enim,
3727 3584 3931 3654 adhuc,

2335 3666 2587 3736 inquam,
2619 3668 2688 3723 de
2714 3668 2929 3724 diabolo
2954 3684 3258 3725 sermonem
3285 3670 3543 3727 habemus
3562 3712 3579 3740 ,
3611 3689 3772 3744 quem
3799 3686 3932 3735 ante

2335 3758 2470 3812 duos
2497 3758 2597 3812 hos
2624 3759 2742 3814 dies
2771 3758 3130 3826 instituimus,
3158 3777 3318 3831 quem
3345 3771 3399 3817 et
3426 3777 3584 3818 mane
3609 3763 3679 3818 ad
3705 3779 3800 3820 eos
3825 3765 3934 3820 ba-

2337 3847 2548 3908 buimus
2568 3889 2582 3912 ,
2611 3848 2702 3918 qui
2723 3851 2988 3920 mysteriis
3011 3850 3305 3918 initiantur,
3335 3867 3458 3906 cum
3481 3852 3552 3908 de
3579 3853 3935 3910 abrenuntia-

2339 3937 2484 3993 tlone
2528 3938 2700 4015 deque
2742 3940 3117 4010 aggregatiOue
3159 3940 3299 4012 apud
3345 3941 3479 3997 istos
3517 3941 3930 4004 dissereremus.

2339 4029 2449 4083 lloe
2475 4038 2654 4085 autem
2683 4030 2910 4099 agimus,
2937 4046 3041 4085 non
3071 4031 3214 4102 quod
3238 4031 3470 4088 delectet
3495 4047 3595 4088 nos
3623 4032 3692 4089 tle
3715 4033 3939 4091 diabolo

2339 4117 2498 4172 verba
2524 4117 2697 4173 dicere
2721 4159 2736 4184 ,
2767 4119 2860 4174 sed
2887 4119 3031 4190 quod
3060 4129 3170 4176 tuta
3210 4121 3282 4176 sit
3316 4121 3471 4176 vobis
3495 4137 3614 4192 quae
3638 4122 3706 4178 de
3733 4138 3800 4179 eo
3827 4124 3934 4178 do-

2338 4209 2507 4264 ctrina
2538 4199 2828 4285 profertur.
2860 4210 2954 4264 Est
2977 4210 3121 4266 enim
3151 4210 3398 4267 inimicus
3426 4221 3481 4266 et
3508 4211 3677 4267 hostis
3704 4225 3890 4268 noster
3911 4232 3931 4270 :

2339 4298 2466 4354 illud
2497 4313 2661 4368 porro
2698 4299 3036 4355 securitatem
3072 4314 3318 4370 magnam
3351 4301 3528 4371 parit,
3558 4301 3605 4355 si
3644 4301 3800 4356 nobis
3843 4317 3935 4358 res

2340 4377 2673 4446 inimicorum
2705 4392 2856 4463 plane
2881 4392 3178 4446 sint-notae.
3213 4392 3454 4447 Diximus
3482 4408 3653 4462 nuper
3679 4408 3806 4448 eum
3835 4407 3930 4464 per

2341 4483 2646 4538 violentiam
2671 4499 2776 4536 non
2799 4483 3031 4548 vincere,
3055 4498 3228 4552 neque
3253 4497 3348 4551 per
3373 4482 3728 4554 tyrannidem,
3755 4499 3934 4553 neque

2342 4566 2712 4630 necessitatem
2736 4573 3003 4627 ail'erendo
3021 4615 3036 4636 ,
3060 4588 3157 4626 nec
3186 4574 3424 4642 cogendo
3452 4591 3466 4628 :
3499 4575 3750 4642 quoniam
3782 4576 3828 4629 si
3860 4577 3934 4632 ita

2340 4674 2517 4729 esset,
2547 4678 2736 4718 omnes
2762 4664 2940 4732 utique
2969 4663 3216 4732 perderet
3249 4681 3260 4716 :
3292 4664 3554 4733 hujusque
3593 4666 3668 4718 rei
3708 4667 3934 4734 protuli-

2343 4771 2461 4811 mus
2487 4764 2854 4825 argumentum
2887 4769 3078 4823 porcos
3098 4795 3111 4818 ,
3145 4756 3197 4808 in
3223 4770 3356 4823 quos
3386 4755 3513 4808 nihil
3543 4770 3703 4824 agere
3727 4756 3932 4811 daemo-

2345 4863 2441 4903 nes
2469 4857 2772 4914 notuerunt,
2801 4857 3085 4917 antequam
3117 4861 3143 4898 a
3178 4846 3400 4900 Domino
3440 4848 3759 4915 permissum
3791 4855 3936 4902 esset

2345 4938 2555 5008 (Matth.
2580 4937 2632 4992 8.
2650 4937 2743 4991 3-1.
2795 4935 2990 5008 seqq);
3020 4947 3258 4990 armenta
3281 4935 3400 5000 Job,
3425 4946 3477 4989 et
3500 4950 3692 5005 greges
3716 4953 3730 5001 ;
3761 4953 3934 5006 neque

2343 5013 2484 5087 enim
2510 5030 2624 5083 inec
2649 5028 2890 5082 diabolus
2915 5043 3074 5081 ausus
3096 5037 3174 5080 est
3201 5027 3446 5097 perdere,
3469 5042 3744 5094 quousque
3771 5027 3935 5082 desu-

2344 5139 2440 5201 per
2471 5129 2786 5192 potestatem
2816 5120 3037 5187 accepit.
3071 5119 3247 5173 Unum
3277 5120 3437 5188 igitur
3467 5119 3565 5170 hoc
3598 5117 3832 5184 primum
3860 5119 3936 5172 tli-

2346 5217 2588 5280 dicimus,
2622 5229 2745 5274 eum
2773 5227 2869 5281 per
2897 5209 3000 5263 vim
3030 5222 3120 5263 aut
3147 5211 3516 5266 necessitatem
3546 5223 3650 5261 non
3680 5208 3930 5264 vincere:

2347 5305 2636 5361 secundum
2664 5315 2780 5372 post
2805 5302 2927 5355 illud
2950 5301 3270 5365 addidimus,
3296 5298 3435 5369 quod
3465 5298 3707 5366 quamvis
3736 5298 3933 5352 fraudi-

2348 5400 2444 5453 bus
2476 5398 2680 5458 vincat,
2722 5412 2825 5450 non
2857 5405 3030 5448 tamen
3062 5394 3139 5449 sie
3166 5393 3371 5447 Cttnt'lis
3399 5390 3641 5458 superior
3699 5393 3881 5447 evadit
3912 5411 3926 5457 ;

2347 5503 2400 5545 et
2428 5504 2609 5543 rursus
2633 5488 2886 5541 athletam
2915 5488 3085 5554 ipsum
3118 5486 3168 5539 in
3197 5484 3426 5538 medium
3458 5483 3770 5551 protulimus
3794 5481 3893 5534 Job
3914 5521 3930 5545 ,

2347 5582 2430 5636 cui
2462 5583 2583 5634 licet
2609 5580 2755 5632 mille
2782 5577 3049 5643 machinps
3080 5575 3413 5639 admoverit,
3451 5590 3556 5627 non
3594 5590 3715 5626 cum
3757 5581 3930 5624 tamen

2351 5673 2448 5734 hac
2478 5672 2683 5728 ratione
2725 5668 3032 5740 superavit,
3074 5667 3168 5724 sed
3207 5676 3262 5726 et
3302 5667 3472 5722 victus
3511 5661 3786 5719 abscessit.
3813 5658 3928 5715 [na
