4190 6322
596 383 697 440 961

599 498 695 557 sit,
731 508 829 549 nos
853 493 920 548 ab
950 507 1033 558 ea,
1065 491 1218 560 quasi
1239 489 1562 556 manu,duci
1582 487 1648 559 ad
1682 487 1774 542 Dei
1797 486 2177 555 cognitionem,

599 582 950 638 subtndicavit
968 623 983 646 ,
1009 580 1149 652 quod
1185 580 1270 634 illa
1293 579 1508 644 efﬁciat,
1533 587 1590 632 ut
1616 577 1898 632 Dominum
1926 587 2183 643 agnosca-

596 688 734 730 mus.
776 672 914 740 Quid
963 669 1159 741 igitur?
1211 669 1271 726 Si
1299 670 1494 724 bonam
1545 667 1683 724 hanc
1727 675 1782 721 et
1812 662 2182 719 admirabilem

597 774 895 819 creaturam
938 764 1118 818 multis
1143 763 1429 832 impietatis
1455 775 1669 834 causam
1712 757 1978 814 exstitisse
2005 755 2185 810 videa-

565 918 568 922 ι
599 869 741 920 mus,
770 870 894 908 num
939 854 1082 908 illam
1134 852 1542 909 aecusabimus?
1570 851 1939 919 Nequaquam,
1971 846 2065 902 sed
2089 861 2184 901 eos

598 945 689 1014 qui
737 945 1021 1010 medicina,
1053 956 1109 1000 ut
1138 942 1401 1015 oportuit,
1431 958 1537 998 non
1583 950 1708 996 sunt
1757 941 1858 996 usi.
1905 937 2185 1007 Quomodo

601 1051 730 1104 ergo
758 1052 918 1110 causa
935 1038 1217 1106 impietatis
1242 1036 1343 1094 erit
1360 1035 1467 1100 illa,
1491 1049 1610 1106 qua:
1625 1034 1690 1088 ad
1713 1033 1804 1090 Dei
1828 1033 2183 1103 cognitionem

603 1141 702 1180 nos
730 1125 1008 1195 provehit?
1049 1124 1370 1179 Obtcnebrati
1419 1133 1565 1189 sunt,
1597 1124 1797 1194 inquit,
1829 1124 1882 1177 in
1922 1124 2186 1194 cogitatio-

602 1216 748 1268 nibus
771 1216 874 1269 suis
903 1214 1194 1282 pltilosOphi
1211 1255 1227 1279 ,
1258 1225 1304 1268 et
1333 1215 1623 1279 coluerunt,
1651 1224 1698 1267 et
1738 1213 2012 1267 servierunt
2046 1229 2186 1266 crea-

601 1313 729 1357 tura:
757 1305 920 1369 potius
948 1321 1098 1374 quam
1125 1305 1342 1358 creatori
1373 1303 1548 1375 (Rom.
1580 1306 1630 1358 l.
1656 1303 1745 1358 2i.
1773 1303 1888 1376 9.5).
1917 1302 2185 1374 Nusquam

601 1394 842 1448 diabolus
884 1395 986 1456 hic,
1023 1411 1280 1467 nusquam
1317 1395 1403 1449 hic
1424 1396 1655 1460 daemon,
1685 1394 1779 1450 sed
1804 1406 2045 1450 creatura
2073 1396 2187 1449 sola

602 1485 798 1541 divina:
823 1486 1140 1554 cognitionis
1167 1488 1416 1556 magistra
1445 1489 1497 1540 in
1540 1486 1716 1540 medio
1767 1486 2035 1556 proposita
2082 1494 2184 1538 est.

605 1577 846 1645 Quonam
877 1592 1005 1646 ergo
1027 1586 1182 1647 pacto
1219 1593 1377 1632 causa
1409 1577 1694 1646 impietatis
1723 1585 1804 1630 est
1850 1574 2025 1630 facta?
2069 1573 2186 1628 Non

603 1681 672 1719 ex
705 1678 894 1722 natura
924 1681 1018 1720 sua
1035 1709 1049 1731 ,
1079 1666 1170 1721 sed
1193 1682 1255 1720 es
1278 1681 1466 1721 eorum
1491 1665 1690 1720 incuria
1709 1706 1723 1729 ,
1755 1666 1842 1734 qui
1867 1664 1933 1718 ad
1957 1678 2041 1717 res
2064 1677 2190 1717 suas

603 1757 790 1813 attenti
830 1772 936 1812 non
971 1768 1144 1815 erant.
1185 1758 1321 1823 Quid
1368 1759 1567 1828 igitur?
1603 1757 1937 1822 tollemusne,
1981 1769 2185 1825 quaso,

605 1858 904 1903 creaturam
947 1863 1158 1918 quoque
1174 1849 1197 1903 1’

682 1937 894 1992 Rectum
913 1941 1250 1994 membrorum
1277 1955 1424 1994 usum
1449 1940 1727 2010 corrumpit
1754 1938 1974 2010 ignavia.
1993 1936 2192 2013 —-_Sed

605 2031 732 2103 quid
760 2046 859 2102 ego
890 2031 959 2087 de
987 2043 1233 2088 creatura
1254 2032 1478 2102 loquor?
1505 2031 1586 2087 All
1613 2030 1849 2086 membra
1891 2040 2072 2085 nostra
2101 2046 2196 2086 ve-

607 2124 815 2179 niamus
845 2141 860 2178 :
889 2139 1012 2180 nam
1041 2132 1094 2178 et
1121 2123 1235 2192 ipsa
1281 2137 1494 2178 causam
1520 2137 1640 2178 esse
1681 2120 1992 2192 perditionis
2037 2133 2195 2190 repe-.

582 2216 828 2282 riemus,
878 2215 979 2270 nisi
1021 2215 1258 2270 animum
1303 2214 1657 2281 attendamus,
1709 2230 1814 2268 non
1862 2228 1927 2269 ex
1979 2212 2192 2283 propria

607 2316 816 2372 natura,
843 2305 937 2362 sed
965 2321 1032 2360 ex
1056 2306 1262 2376 ignavia
1289 2313 1488 2360 nostra.
1532 2306 1608 2360 Ac
1634 2303 1770 2368 vide,
1791 2317 2006 2374 quaeso;
2036 2303 2195 2358 datus

608 2407 693 2458 est
719 2398 923 2462 oculus,
951 2405 1010 2451 ut
1030 2407 1324 2451 creaturam
1354 2398 1583 2462 intuens,
1603 2394 2191 2466 Dominumgloriﬁces;

608 2497 664 2542 at
688 2489 733 2542 si
755 2488 908 2543 oculo
939 2496 1082 2542 recte
1109 2503 1212 2543 non
1245 2488 1439 2555 utaris,
1487 2488 1728 2542 adulterii
1762 2487 1854 2542 tibi
1884 2487 2196 2543 conciliator

607 2578 803 2632 evadit.
845 2578 1046 2649 Lingua
1089 2594 1217 2634 vero
1243 2579 1363 2633 data
1387 2588 1467 2633 est
1493 2622 1506 2645 ,
1539 2588 1596 2634 ut
1623 2579 1828 2644 laudes,
1863 2589 1920 2634 ut
1956 2579 2196 2636 celebres

608 2682 939 2736 creatorem;
969 2680 1026 2725 at
1054 2673 1098 2725 si
1126 2680 1275 2727 recte
1304 2688 1409 2736 non
1437 2671 1702 2738 attendas,
1732 2672 2076 2742 blasphemia:
2103 2672 2196 2728 tibi

609 2761 669 2815 lit
711 2760 1042 2816 administra.
1082 2761 1270 2816 Manus
1315 2762 1453 2818 data:
1486 2774 1630 2830 sunt,
1673 2774 1729 2818 ut
1769 2763 1836 2818 ad
1869 2779 2054 2834 preces
2079 2764 2198 2821 illas

610 2852 902 2918 extendas;
934 2851 1029 2907 sed
1064 2853 1109 2908 si
1139 2855 1350 2909 sobrius
1399 2871 1503 2910 non
1559 2857 1652 2922 sis,
1701 2855 1768 2910 ad
1814 2857 2054 2927 rapinam
2105 2872 2199 2914 eas

612 2942 878 2998 estcndis.
919 2941 1091 2998 Pedes
1117 2944 1224 2998 dati
1247 2953 1400 3009 sunt,
1431 2955 1487 3000 ut
1524 2946 1590 3000 ad
1613 2947 1749 3003 bona
1779 2963 1940 3018 opera
1968 2964 2154 3004 curras
2179 2966 2196 3017 ;

612 3031 707 3086 sed
751 3033 796 3086 si
843 3033 1112 3104 negligens
1143 3035 1334 3101 fueris,
1366 3051 1552 3092 eorum
1602 3053 1705 3108 ope
1749 3041 1915 3094 malas
1962 3042 2201 3095 actiones

613 3123 945 3192 exsequeris.
993 3124 1150 3180 Vides
1202 3125 1474 3180 inﬁrmum
1525 3137 1716 3184 cuncta
1770 3129 2013 3185 laedere?
2053 3131 2200 3188 vides

613 3209 883 3268 inﬁrmum
933 3215 1169 3270 remedia
1206 3217 1458 3272 salutaria
1496 3219 1819 3288 praecipitem
1859 3220 1912 3274 in
1973 3231 2200 3276 mortem

613 3317 794 3374 agere,
818 3320 923 3360 non
953 3322 1022 3361 ex
1044 3317 1230 3362 natura
1257 3323 1374 3375 sua,
1398 3309 1492 3364 sed
1526 3325 1592 3364 ex
1630 3311 1770 3366 illius
1800 3312 2200 3368 imbecillitate?

614 3396 818 3452 Czclum
848 3397 1086 3452 condidit
1128 3399 1288 3466 Deus,
1319 3408 1376 3454 ut
1424 3415 1558 3469 opus
1597 3400 1884 3465 admirans,
1919 3403 2200 3460 Dominum

616 3484 868 3542 adorares
889 3504 904 3551 ;
933 3498 987 3542 at
1008 3489 1098 3542 alii
1115 3490 1389 3546 conditore
1409 3490 1663 3546 derelicto
1677 3492 1864 3546 celum
1887 3494 2058 3562 ipsum
2075 3493 2207 3550 ado-

616 3586 840 3633 rarunt:
876 3579 927 3634 id
950 3596 1080 3635 vero
1109 3592 1327 3652 propter
1355 3598 1542 3637 eorum
1579 3585 1841 3653 ignaviam
1871 3595 1924 3639 et
1951 3587 2206 3656 insipien-

619 3669 744 3724 tiam
771 3671 982 3726 accidit.
1023 3670 1126 3726 Sed
1157 3672 1283 3742 quid
1309 3689 1407 3743 ego
1435 3683 1733 3728 creaturam
1753 3674 1912 3729 dico?
1955 3675 2208 3732 Enimve-

620 3775 683 3814 ro
702 3761 828 3830 quid
859 3762 1143 3817 salutarius
1166 3778 1325 3819 cruce
1373 3765 1487 3819 ﬁeri
1539 3767 1738 3836 possit?
1765 3767 1910 3836 atqui
1945 3781 2074 3822 crux
2101 3768 2206 3822 ista

620 3850 928 3904 scandalum
969 3852 1193 3907 inﬁrmis
1236 3863 1317 3908 est
1363 3854 1502 3909 facta
1538 3874 1552 3910 :
1592 3855 1810 3910 Verbum
1866 3858 1997 3911 enim
2042 3861 2207 3914 crucis

623 3944 942 4014 pereuntibus
981 3945 1179 4014 quidem
1224 3948 1436 4000 stultitia
1483 3958 1594 4012 est;
1637 3949 1701 4002 iis
1737 3957 1903 4002 auten:
1946 3950 2032 4020 qui
2081 3949 2210 4004 salvi

623 4035 789 4104 ﬁunt,
828 4034 920 4088 Dei
944 4036 1100 4090 virtus
1128 4045 1202 4090 est
1224 4038 1298 4108 (l.
1323 4036 1445 4093 Cor.
1477 4039 1530 4096 1.
1561 4039 1690 4109 ibi;
1722 4048 1778 4093 et
1823 4054 2036 4105 rursus,
2067 4038 2214 4093 Prce-

623 4125 852 4179 dicamus
873 4123 1478 4195 Christuntcruci/ixum,
1519 4127 1718 4184 Judteis
1754 4130 1957 4201 quidem
1997 4131 2215 4185 scanda-

626 4215 754 4280 lum,
784 4217 1009 4286 gentibus
1027 4226 1195 4270 autem
1217 4218 1482 4272 stultitiam
1511 4219 1585 4288 (1.
1623 4217 1744 4273 Cor.
1773 4222 1824 4275 1.
1844 4219 1959 4291 25).
1983 4222 2122 4288 Quid
2145 4223 2212 4278 ad

627 4306 925 4360 docendum
963 4307 1136 4374 aptius
1165 4306 1329 4360 Paulo
1372 4307 1494 4378 ﬁngi
1523 4311 1690 4378 possit
1727 4319 1782 4365 et
1821 4313 2118 4379 apostolis?
2159 4322 2216 4368 at

630 4397 718 4452 isti
760 4397 986 4467 apostoli
1025 4398 1204 4452 multis
1232 4398 1366 4452 odor
1394 4400 1581 4454 mortis
1601 4412 1724 4456 sunt
1751 4402 1871 4457 facti
1894 4422 1908 4458 :
1931 4405 2006 4458 ait
2034 4406 2213 4475 igitur,

628 4488 759 4543 Aliis
782 4488 981 4558 quidem
1005 4489 1132 4543 odor
1161 4490 1339 4544 mortis
1368 4490 1422 4543 in
1463 4501 1674 4545 mortem
1697 4508 1717 4556 ,'
1741 4493 1855 4547 aliis
1881 4504 2051 4550 autem
2090 4497 2218 4551 odor

628 4580 742 4632 eius
763 4580 813 4631 in
833 4579 986 4632 vitam
1003 4578 1081 4647 (2.
1108 4578 1226 4634 Cor.
1275 4579 1331 4634 2.
1372 4580 1487 4649 16).
1525 4581 1686 4636 Vides
1713 4584 1978 4639 inﬁrmum
1999 4602 2030 4641 a
2055 4587 2218 4643 Paulo

631 4671 790 4724 etiam
810 4670 952 4736 lzedi,
978 4669 1207 4725 validum
1233 4681 1410 4727 autem
1437 4688 1505 4728 ne
1530 4688 1560 4727 a
1591 4673 1806 4730 diabolo
1822 4677 2038 4747 quidem
2076 4679 2218 4736 afﬁci

629 4760 827 4816 damno
846 4761 868 4816 ’ἔ
1172 4773 1179 4780 ’

701 4852 756 4907 ι.
801 4851 892 4905 Vis
932 4852 1090 4906 etiam
1118 4852 1186 4907 de
1220 4853 1431 4909 Christo
1487 4870 1790 4912 sermonem
1846 4859 2220 4917 instituamus?

633 4942 768 5010 Quid
793 4958 913 4997 cum
943 4943 1028 4996 illa
1051 4944 1222 4998 salute
1250 4946 1479 4998 conferri
1501 4948 1843 5018 potest?quid
1873 4951 1962 5004 illo
1990 4951 2221 5007 adventu

636 5034 994 5088 fructuosius?
1017 5035 1160 5104 atqui
1182 5034 1269 5089 hic
1290 5036 1404 5103 ipse
1425 5035 1688 5091 adventus
1712 5040 1956 5093 salutaris
1983 5051 2036 5094 et
2056 5043 2220 5109 utilis,

636 5124 816 5178 multis
840 5125 1075 5178 accessio
1097 5139 1371 5194 poenarum
1393 5134 1478 5180 est
1499 5125 1686 5182 factus.
1706 5127 1772 5180 In
1793 5129 2047 5198 judicium
2068 5133 2220 5199 enim,

637 5219 826 5287 inquit,
849 5218 900 5271 in
921 5217 1055 5272 hunc
1084 5221 1328 5271 mundum
1350 5219 1482 5285 veni,
1513 5227 1565 5271 ut
1609 5221 1694 5284 qui
1733 5236 1832 5273 non
1858 5222 2059 5288 vident,
2087 5224 2222 5276 vide-

638 5319 748 5374 ant,
781 5318 826 5361 et
851 5309 937 5378 qui
958 5309 1142 5376 vident,
1177 5309 1298 5362 ιςωεὶ
1323 5311 1454 5378 ﬁant
1481 5308 1662 5380 (Joan.
1691 5310 1742 5365 9.
1767 5309 1878 5380 59).
1928 5312 2062 5378 Quid
2108 5313 2225 5368 ais?

647 5400 731 5453 lux
759 5399 1014 5454 caecitatis
1043 5413 1202 5453 causa
1226 5398 1361 5454 facta
1394 5400 1515 5454 est?
1545 5399 1660 5454 Non
1684 5400 1769 5453 lux
1803 5400 1938 5455 facta
1964 5412 2227 5458 estcausa

642 5491 916 5555 eiecimus,
949 5490 1042 5545 sed
1070 5492 1342 5546 oculorum
1383 5493 1577 5546 anima:
1615 5492 1947 5547 imbecillitas
1993 5495 2232 5564 recipere

648 5583 823 5637 lumen
857 5599 961 5636 non
994 5583 1181 5637 valuit.
1224 5583 1384 5638 Vides
1422 5583 1689 5638 inﬁrmant
1711 5585 1947 5653 undique
1975 5585 2113 5651 lardi,
2143 5603 2233 5641 va-

649 5677 812 5732 lidum
837 5686 1012 5731 autem
1041 5675 1272 5748 undique
1303 5677 1580 5731 utilitatem
1610 5675 1932 5746 decerpere?
1957 5675 2088 5730 Nam
2122 5680 2236 5732 ubi-

649 5784 754 5842 que
783 5770 1025 5826 voluntas
1045 5779 1127 5825 est
1153 5769 1206 5825 in
1232 5784 1389 5824 causa
1409 5810 1423 5836 ,
1457 5768 1649 5839 ubique
1693 5777 1932 5823 nostrum
1959 5767 2236 5825 arbitrium

1305 376 1361 432 s.
1401 371 1680 432 JO.\NNlS
1717 364 2188 426 cumsosrom
2230 339 2550 422 metuar.
2592 363 3128 422 CONSTANTINOP.

3775 361 3884 422 26!

2291 488 2377 533 est
2406 488 2594 534 aucwr
2625 493 2638 529 :
2665 474 3092 546 quandoquidem
3123 467 3388 540 diabolus,
3421 474 3466 532 si
3515 491 3678 534 nosse
3723 480 3875 543 velis,

2289 570 2450 624 etiam
2485 567 2626 622 utilis
2651 567 2805 622 nobis
2849 577 2950 629 est,
2981 568 3026 620 si
3066 582 3150 630 eo,
3183 577 3342 638 prout
3388 579 3621 640 oportet,
3645 581 3876 634 utamur,

2288 674 2640 733 magnamque
2668 659 2823 714 nobis
2852 659 3133 716 utilitatem
3163 661 3299 728 parit
3323 701 3338 728 ,
3389 676 3562 732 neque
3613 664 3880 717 mediocre

2291 755 2446 810 nobis
2471 753 2594 808 inde
2619 751 2824 808 lucrum
2870 751 3107 806 obvenit.
3151 751 3263 808 Hoc
3289 753 3559 809 nmltoties
3593 765 3646 809 et
3674 770 3734 810 ex
3760 753 3882 823 ipso

2289 845 2392 903 Job
2419 845 2749 902 ostendimus
2779 860 2793 897 :
2824 853 2999 914 potest
3022 854 3201 899 autem
3228 860 3294 899 ex
3327 845 3442 915 ipso
3471 862 3683 917 quoque
3711 847 3881 901 Paulo

2293 937 2512 1006 intelligi
2542 953 2556 989 :
2587 936 2666 991 sic
2689 936 2832 990 enim
2861 935 2936 989 ait
2980 934 3048 990 de
3088 935 3409 990 fornicatore
3437 937 3714 993 scribens:
3746 936 3882 992 Tra-

2289 1027 2393 1083 dite
2419 1029 2716 1099 hujusmodi
2742 1037 2936 1099 satana:
2959 1029 3013 1083 in
3042 1029 3302 1083 interitum
3330 1030 3523 1096 carnis,
3570 1039 3625 1083 ut
3668 1031 3886 1102 spiritus

2289 1120 2458 1173 salvus
2483 1119 2546 1172 sit
2572 1117 2646 1191 (1.
2674 1117 2792 1173 Cor.
2838 1118 2894 1175 5.
2940 1119 3018 1189 5).
3056 1119 3196 1176 Ecce
3245 1120 3406 1175 etiam
3466 1119 3654 1174 salutis
3694 1130 3886 1174 auctor

2291 1211 2462 1265 factus
2487 1219 2571 1266 est
2595 1210 2862 1277 diabolus,
2895 1212 3104 1265 tametsi
3127 1227 3234 1266 non
3258 1227 3325 1267 ex
3357 1212 3521 1281 ipsius
3552 1219 3754 1278 mente,
3785 1210 3886 1265 sed

2291 1319 2358 1358 ex
2385 1303 2616 1358 artiﬁcio
2643 1305 2892 1373 apostoli.
2931 1304 3064 1360 Nam
3099 1305 3550 1375 quemadmodum
3579 1305 3774 1361 medici
3801 1305 3887 1358 vi-

2293 1408 2450 1462 peras
2477 1403 2714 1462 sumunt,
2743 1404 2794 1449 et
2824 1395 3138 1465 perniciosis
3167 1396 3420 1452 membris
3442 1396 3663 1452 resectis
3689 1396 3894 1450 theria—

2291 1499 2354 1538 ca
2385 1483 2770 1541 medicamenta
2793 1486 3124 1542 conﬁciunt:
3154 1487 3226 1541 ita
3261 1502 3475 1558 quoque
3507 1487 3708 1544 Paulus
3729 1487 3895 1553 fecit;

2292 1574 2547 1644 quidquid
2577 1575 2747 1631 inerat
2773 1578 2900 1633 utile
2920 1594 2986 1632 es
3015 1579 3164 1634 illato
3201 1593 3232 1633 a
3263 1578 3478 1634 diabolo
3501 1579 3764 1650 supplicio
3791 1594 3892 1634 su-

2294 1679 2447 1719 mens
2476 1666 2736 1735 reliquum
2757 1668 2963 1722 omisit.
3007 1667 3077 1724 Ut
3121 1668 3263 1722 enim
3317 1668 3583 1738 intelligas
3616 1684 3724 1722 non
3768 1681 3892 1721 esse

2294 1756 2482 1812 salutis
2499 1767 2772 1814 auctorem
2802 1759 3092 1823 diabolum,
3120 1758 3214 1813 sed
3238 1759 3387 1813 illum
3407 1760 3459 1812 in
3483 1757 3535 1812 id
3556 1757 3891 1822 incubuisse,

2297 1861 2354 1906 ut
2382 1851 2656 1907 hominem
2688 1849 2938 1921 perderet
2964 1863 3029 1904 ac
3055 1848 3358 1913 devoraret,
3386 1847 3690 1917 apostolum
3710 1856 3902 1902 autem
3982 1876 3985 1878 -

2296 1944 2558 2014 sapientia
2583 1959 2677 1998 sua
2706 1943 2889 2013 gulam
2915 1942 2965 1997 ei
2994 1941 3243 2013 fregisse,
3276 1941 3398 1996 audi
3421 1940 3547 2010 quid
3575 1940 3627 1995 in
3651 1939 3900 1995 secunda

2297 2035 2365 2091 ad
2386 2034 2696 2090 Corinthios
2728 2033 2963 2105 Epistola
2991 2032 3060 2088 de
3088 2032 3278 2109 eodem
3332 2031 3654 2087 fornicatore
3708 2031 3851 2087 dicat
3875 2048 3893 2085 :

2301 2126 2613 2194 Conﬁrmate
2638 2127 2692 2179 in
2718 2125 2865 2194 illum
2911 2125 3207 2189 caritatem,
3255 2140 3320 2178 ne
3360 2123 3492 2193 forte
3533 2122 3904 2177 abundantiori-

2299 2215 2506 2270 tristitia
2529 2213 2857 2283 absorbeatur
2878 2213 2967 2283 qui
2981 2211 3236 2283 ejusmodi
3253 2223 3345 2277 est,
3366 2223 3412 2266 et
3439 2212 3900 2266 circununeniamute

2299 2322 2332 2360 α
2376 2314 2560 2359 satana
2581 2281 2640 2378 (ἒ
2668 2301 2788 2359 Cor.
2818 2281 2953 2360 2.-8.
2981 2281 3035 2356 ’1.
3065 2303 3155 2374 11)
3179 2319 3194 2356 :
3221 2303 3590 2374 pra'ripiamus
3611 2318 3678 2358 ex
3704 2302 3906 2358 bellua

2301 2394 2544 2450 faucibus
2567 2396 2858 2460 hominem,
2882 2394 2975 2448 ait.
3015 2393 3310 2464 Tamquam
3337 2394 3480 2448 enim
3501 2394 3754 2449 carniﬁce
3772 2409 3900 2463 per-

2301 2501 2445 2556 smpe
2465 2486 2680 2541 diabolo
2729 2499 2855 2540 usus
2903 2495 2986 2541 est
3029 2483 3338 2554 apostolus;
3393 2484 3671 2540 carnifices
3713 2493 3898 2540 autem

2303 2576 2578 2632 maleﬁcos
2604 2577 2818 2645 quidem
2847 2576 3107 2645 puniunt,
3139 2582 3196 2629 at
3224 2590 3330 2630 non
3372 2585 3630 2646 quantum
3689 2577 3902 2644 volunt,

2302 2668 2395 2722 sed
2425 2675 2681 2737 quantum
2714 2666 2922 2736 iudices
2946 2666 3127 2720 sinunt
3155 2683 3170 2720 :
3199 2680 3264 2721 ea
3309 2668 3505 2738 quippe
3535 2667 3618 2721 lex
3663 2676 3901 2724 est-ear-

2305 2758 2497 2825 niftcis,
2531 2767 2588 2813 ut
2611 2759 2676 2812 ad
2695 2757 2890 2826 judicis
2911 2758 3398 2815 nutumattendens
3428 2773 3641 2827 poenam
3680 2757 3900 2815 inferat.

2306 2851 2466 2906 Vides
2503 2849 2569 2905 ad
2608 2859 2860 2921 quantam
2909 2849 3211 2905 ascenderit
3249 2849 3522 2920 apostolus
3546 2850 3905 2920 dignitatem?

2305 2941 2407 3010 Qui
2454 2941 2816 2997 circumdatus
2861 2949 2978 2997 erat
3025 2956 3254 3012 corpore
3278 2941 3599 3012 incorporeo
3629 2949 3905 3012 tamquam

2304 3032 2558 3088 carniﬁce
2587 3031 2864 3097 utebatur;
2892 3040 2948 3087 et
2996 3032 3140 3103 quod
3192 3032 3406 3088 diabolo
3449 3033 3748 3087 communis
3790 3034 3908 3088 Do-

2305 3125 2482 3181 minus
2513 3123 2581 3179 dc
2604 3123 2708 3179 Job
2753 3124 2824 3178 ita
2856 3125 3168 3194 pratcipiens
3208 3124 3300 3190 ait,
3331 3123 3507 3194 Tange
3528 3140 3736 3179 carnem
3765 3126 3904 3196 ejus,

2305 3225 2646 3270 verumtamen
2702 3214 2926 3269 animam
2951 3215 3060 3286 ejus
3084 3231 3147 3269 ne
3177 3216 3397 3286 tetigeris
3449 3214 3574 3286 (Job
3612 3217 3667 3271 2.
3697 3216 3752 3289 6)
3786 3217 3910 3273 :.Ii-

2308 3307 2466 3362 mites
2493 3319 2878 3376 mensurasque
2914 3319 3190 3375 ptenarum
3229 3306 3601 3377 prmscribens,
3659 3323 3728 3364 ne
3779 3323 3912 3365 cum

2309 3413 2510 3468 procax
2533 3406 2588 3453 et
2619 3397 2895 3453 eﬁraenata
2919 3399 2990 3452 sit
3014 3397 3228 3464 bellua,
3279 3399 3595 3456 insolentius
3645 3401 3912 3471 impetum

2312 3485 2471 3543 faciat
2501 3502 2518 3541 :
2551 3487 2652 3542 hoc
2671 3487 2834 3542 etiam
2857 3487 2965 3558 agit
2988 3490 3262 3558 apostolus
3287 3505 3301 3543 :
3333 3504 3454 3544 cum
3484 3491 3626 3545 enim
3655 3490 3916 3547 tradidis-

2311 3589 2394 3635 set
2418 3579 2468 3634 ei
2489 3578 2870 3634 iornicatorem
2893 3620 2909 3646 ,
2938 3578 3032 3643 ait,
3061 3577 3128 3632 In
3181 3578 3442 3634 interitum
3489 3581 3657 3634 carnis
3675 3581 3752 3652 (1.
3777 3581 3907 3637 Cor.

2311 3671 2367 3727 5.
2407 3671 2464 3742 5)
2485 3712 2500 3735 ,
2527 3671 2632 3727 hoc
2657 3680 2759 3737 est,
2791 3671 3040 3725 Animam
3071 3671 3187 3740 ejus
3215 3687 3283 3726 ne
3313 3673 3571 3743 tetigeris.
3618 3672 3777 3729 Vides
3805 3689 3912 3730 au-

2311 3765 2612 3820 ctoritatem
2642 3763 2818 3819 servi?
2873 3762 2991 3818 Noli
3027 3777 3154 3833 ergo
3183 3762 3452 3818 diabolum
3511 3764 3734 3830 timere,
3781 3766 3917 3823 limt

2314 3855 2660 3925 incorporeus
2681 3853 2751 3909 sit
2783 3873 2796 3908 :
2825 3854 3043 3926 impegit
3068 3854 3210 3909 enim
3235 3869 3250 3919 ;
3268 3863 3325 3907 at
3339 3853 3472 3908 nibil
3490 3854 3809 3911 imbecillius
3825 3867 3918 3913 est

2314 3960 2401 4010 eo,
2428 3945 2519 4016 qui
2546 3945 2824 4015 impegcrit
2847 3985 2861 4009 ,
2895 3945 3021 3999 licet
3050 3945 3270 3999 minime
3307 3959 3534 4015 corpore
3563 3945 3633 4000 sit
3677 3947 3917 4002 cireum-

2315 4036 2471 4090 datus
2484 4035 2975 4114 ;‘quemadmodum
3018 4051 3190 4106 neque
3219 4037 3490 4092 robustius
3515 4047 3596 4092 est
3619 4039 3915 4110 quidquam

2320 4141 2408 4192 eo,
2438 4128 2528 4196 qui
2556 4127 2721 4181 libere
2741 4135 2941 4180 etcum
2971 4125 3163 4181 ﬁducia
3195 4129 3364 4198 possit
3392 4145 3571 4200 agere,
3600 4131 3725 4186 licet
3762 4147 3918 4189 mor-

2293 4286 2296 4287 ν
2321 4221 2424 4273 tale
2448 4233 2641 4288 corpus
2662 4217 3021 4274 circumferat.

2391 4311 2445 4365 5.
2489 4309 2613 4364 Haec
2640 4325 2670 4364 a
2698 4324 2785 4364 me
2833 4321 2973 4364 nunc
3001 4309 3142 4364 dicta
3182 4321 3308 4366 sunt
3335 4312 3534 4378 omnia,
3563 4328 3670 4368 non
3703 4323 3758 4370 ut
3790 4315 3914 4372 dia-

2319 4400 2499 4458 bolum
2519 4403 2741 4457 crimine
2758 4401 3060 4467 liberarem,
3086 4400 3179 4456 sed
3198 4412 3255 4457 ut
3275 4418 3370 4459 vos
3394 4405 3462 4459 ab
3487 4405 3692 4473 ignavia
3715 4407 3917 4465 liberos

2321 4493 2600 4548 redderem
2621 4510 2634 4547 :
2654 4491 2914 4562 siquidem
2943 4507 3262 4563 magnopere
3288 4495 3562 4550 contendit
3591 4497 3696 4564 ille,
3725 4513 3922 4568 pecca-

2329 4593 2503 4639 torum
2530 4594 2586 4638 ut
2616 4592 2930 4638 nostrorum
2954 4584 3011 4638 in
3042 4584 3214 4654 ipsum
3241 4585 3452 4655 culpam
3479 4587 3786 4656 rejiciamus
3810 4609 3823 4644 :
3857 4603 3922 4647 ut

2333 4674 2435 4729 bac
2484 4689 2577 4745 spe
2603 4673 2800 4739 laetati,
2830 4688 2952 4727 cum
2978 4689 3137 4729 omne
3161 4689 3330 4745 genus
3355 4677 3621 4734 scelerum
3662 4694 3920 4748 pervase-

2327 4767 2511 4830 rimus,
2559 4765 2726 4818 multa
2765 4765 3026 4834 supplicia
3076 4766 3228 4820 nobis
3275 4781 3586 4836 augeamus,
3621 4785 3720 4825 nec
3749 4771 3917 4828 ullam

2329 4857 2450 4912 ideo
2471 4857 2678 4912 veniam
2708 4857 3075 4926 impetremus,
3108 4859 3250 4928 quod
3277 4859 3486 4930 culpam
3516 4863 3567 4916 iu
3587 4879 3707 4917 eum
3735 4874 3918 4920 trans-

2329 4948 2626 5015 tulerimus,
2656 4948 2793 5002 sicut
2815 4964 2914 5003 nec
2935 4949 3044 5003 Eva
3074 4950 3395 5020 impetrarit.
3419 4953 3528 5008 Nos
3553 4970 3678 5008 vero
3707 4973 3914 5027 nequa-

2328 5057 2488 5112 quam
2515 5041 2566 5095 id
2591 5055 2829 5111 agamus,
2857 5041 2951 5096 sed
2979 5057 3077 5097 nos
3106 5044 3250 5113 ipsos
3285 5059 3658 5124 agnoscamus,
3693 5049 3919 5104 vulnera

2330 5146 2682 5203 agnoscamus
2724 5149 2738 5186 :
2767 5132 2842 5186 sic
2868 5134 3008 5187 enim
3035 5143 3089 5188 et
3110 5135 3494 5190 medicamenta
3523 5140 3816 5208 poterimus
3835 5141 3933 5197 ad.

2333 5225 2519 5281 bibere
2549 5241 2704 5280 :nam
2734 5226 2825 5294 qui
2851 5227 3093 5282 morbum
3119 5243 3222 5287 non
3240 5231 3425 5295 novit,
3447 5231 3578 5286 nihil
3603 5233 3670 5288 de
3696 5235 3918 5304 aegritu-

2334 5316 2460 5372 dine
2486 5317 2746 5371 sollicitus
2773 5317 2893 5371 erit.
2919 5317 3077 5373 Multa
3099 5323 3435 5388 peccavimus
3460 5338 3605 5387 ;scto
3627 5326 3873 5395 equidem
3899 5343 3922 5394 ;

2336 5423 2523 5464 omnes
2572 5409 2716 5464 enim
2758 5409 2930 5479 pinnis
2963 5411 3177 5466 obnoxii
3220 5427 3445 5478 sumus;
3492 5423 3546 5468 at
3571 5417 3724 5471 venia
3768 5421 3931 5478 nobis

2339 5509 2528 5570 negata
2570 5515 2677 5555 non
2707 5509 2810 5566 est,
2840 5517 2939 5556 nec
2966 5517 2997 5556 a
3037 5505 3347 5574 poenitentia
3377 5504 3675 5561 excidimus
3706 5525 3718 5559 :
3746 5509 3927 5569 adhuc

2341 5590 2483 5644 enim
2507 5599 2716 5645 stamus
2746 5590 2798 5644 in
2825 5604 3133 5658 scammate,
3165 5603 3218 5648 ct
3245 5595 3295 5647 in
3327 5595 3654 5664 poenitentia:
3674 5605 3932 5658 certami-

2343 5681 2499 5735 nibus
2524 5696 2824 5736 versamur.
2855 5681 3028 5738 Senex
3069 5698 3149 5748 es,
3181 5693 3232 5738 et
3260 5682 3327 5737 ad
3355 5684 3526 5755 ipsum
3561 5687 3769 5743 exitum
3807 5692 3929 5748 vita

2346 5774 2676 5842 pervenisti?
2704 5773 2781 5832 Ne
2813 5784 2920 5829 tum
2945 5774 3156 5846 quidem
3180 5791 3210 5829 a
3240 5775 3548 5846 penitentia
3578 5788 3629 5836 lc
3654 5782 3927 5841 arbitreris
