4190 6322
326 377 431 433 9ηό

326 491 637 552 excidisse;
670 499 845 556 neque
868 480 939 539 tle
964 491 1050 537 tua
1080 480 1255 536 salute
1276 477 1532 547 desperes
1564 512 1579 536 ,
1621 474 1719 528 sed
1775 468 1916 525 latro

333 584 431 645 tibi
459 581 642 635 veniat
670 580 724 634 in
754 586 1007 639 mentem,
1040 574 1130 644 qui
1160 573 1211 627 in
1239 585 1398 626 cruce
1426 569 1670 649 libertate
1695 566 1921 620 donatus

326 686 432 733 est.
461 673 600 743 Quid
624 670 767 726 enim
790 666 1003 723 brevius
1020 665 1106 721 illa
1126 664 1276 725 hora,
1306 662 1357 717 in
1375 675 1477 731 qua
1502 664 1787 713 coronatus
1802 654 1922 708 est?

327 776 566 820 attamen
587 763 701 817 lucc
720 762 881 816 etiam
910 757 983 813 illi
1005 756 1069 810 ad
1090 749 1565 829 salutem‘suti‘ceit.
1593 747 1813 804 iuvenis
1826 744 1921 799 es?

326 857 439 913 nuli
460 851 731 910 conlidere
752 848 1041 920 juventuti,
1071 860 1170 901 nec
1183 844 1457 900 existimes
1478 841 1694 909 longum
1718 845 1770 891 te
1799 836 1921 890 vita:

328 949 562 1019 spatium
609 944 913 1000 habiturum
948 959 961 997 :
1016 938 1136 994 Dies
1176 939 1309 992 enim
1354 934 1563 989 Domini
1589 933 1717 987 sicut
1754 930 1843 1000 fur
1866 929 1919 982 in

322 1051 493 1104 nocte,
521 1039 593 1092 ita
614 1035 775 1092 veniet
809 1035 886 1106 (Ι.
910 1032 1088 1087 Thess.
1130 1030 1184 1084 5.
1228 1028 1307 1099 2).
1337 1027 1623 1097 Propterea
1654 1024 1918 1078 incertum

324 1132 480 1188 nobis
509 1130 713 1185 obitum
740 1125 990 1185 reddidit,
1028 1131 1085 1176 ut
1128 1130 1332 1177 certum
1360 1118 1593 1173 studium
1622 1132 1687 1171 ac
1716 1113 1917 1170 sollici-

323 1221 569 1278 tudinem
601 1218 971 1275 adhibeamus.
1001 1213 1118 1267 Non
1160 1212 1306 1265 vides
1334 1225 1447 1273 eos,
1477 1208 1566 1277 qui
1597 1215 1919 1277 praematuro

323 1310 379 1367 in
410 1311 526 1365 dies
570 1310 715 1363 obitu
751 1303 1133 1376 abripiuntur?
1174 1303 1370 1357 idcirco
1396 1301 1649 1355 admonet
1675 1295 1912 1367 quidam,

324 1402 450 1458 Non
493 1402 663 1456 tardes
688 1400 909 1455 converti
936 1399 1004 1451 ad
1025 1396 1319 1458 Dominum,
1344 1402 1389 1447 et
1424 1408 1486 1445 ne
1513 1389 1722 1459 differas
1748 1389 1813 1442 de
1836 1388 1918 1441 die

310 1496 385 1549 in
413 1496 547 1548 diem
577 1492 765 1565 (Eccti.
793 1493 845 1546 5.
872 1490 973 1558 8.),
1007 1506 1073 1543 ne
1102 1488 1257 1551 forte,
1281 1485 1407 1540 dum
1447 1482 1737 1547 cunctaris,
1783 1494 1913 1535 con-

322 1584 536 1639 teraris.
561 1582 872 1637 Adbortatio
904 1582 994 1635 illa
1029 1578 1142 1634 seni
1171 1577 1492 1631 adhibeatur
1518 1593 1531 1639 ;
1572 1575 1673 1629 hac
1700 1572 1917 1642 juvenis

321 1674 689 1729 admonitione
735 1672 1010 1726 doceatur.
1056 1672 1126 1724 At
1172 1669 1225 1722 in
1257 1678 1369 1722 tuto
1408 1667 1657 1726 versaris,
1701 1676 1754 1718 et
1783 1664 1915 1719 divi-

324 1766 413 1820 tiis
438 1763 615 1821 amnis
646 1780 661 1827 ;
695 1762 929 1832 pecuniis
960 1761 1246 1821 redundas,
1279 1774 1451 1829 neque
1482 1758 1605 1812 mali
1636 1757 1728 1810 tibi
1754 1755 1913 1825 quid-

316 1871 481 1926 quam
508 1853 743 1909 accidit?
783 1868 967 1907 verum
1012 1850 1156 1915 audi,
1183 1850 1308 1921 quid
1337 1850 1480 1904 dicat
1512 1847 1711 1903 Paulus
1743 1864 1757 1899 :
1785 1844 1911 1901 Cum

316 1947 542 2002 dixerint
571 1962 745 2015 pacem
796 1957 843 2000 et
865 1941 1278 2016 tranquillitatem
1306 1983 1320 2007 ,
1352 1951 1468 1993 tunc
1515 1939 1810 2008 repentinus
1840 1939 1911 1991 eis

314 2041 633 2109 superveniet
674 2038 909 2092 interitus
948 2037 1026 2106 (l.
1054 2033 1234 2088 Thess.
1267 2034 1320 2089 5.
1351 2030 1428 2104 5).
1462 2031 1624 2087 Multa
1667 2030 1911 2085 laborant

314 2132 687 2187 ‘vicissitudine
724 2144 787 2183 ae
830 2127 1123 2183 mutatione
1150 2140 1237 2181 res
1288 2125 1534 2178 humanm
1569 2142 1581 2177 :
1613 2138 1718 2178 non
1745 2123 1910 2189 estin

316 2233 587 2294 potestate
654 2232 836 2276 nostra
904 2219 1113 2281 obitus,
1164 2218 1233 2272 sit
1294 2216 1348 2271 in
1415 2224 1677 2286 potestate
1728 2227 1908 2271 noSIra

315 2317 487 2369 virtus
522 2331 536 2367 :
576 2314 837 2383 benignus
862 2322 945 2366 est
973 2312 1230 2365 Dominus
1257 2320 1439 2364 noster
1467 2309 1730 2363 Christus.

388 2406 442 2461 6.
479 2406 711 2478 Quinque
738 2407 1043 2476 pauitantia:
1072 2405 1185 2458 vita.
1210 2433 1283 2444 —-
1322 2401 1495 2457 Vultis
1533 2402 1695 2457 etiam
1730 2401 1903 2471 panti-

315 2498 498 2553 teutia:
527 2498 637 2549 vias
664 2495 1118 2551 commemorem?
1144 2494 1318 2549 Multa:
1345 2508 1474 2548 sane
1502 2502 1627 2546 sunt
1659 2493 1778 2556 ilhc,
1814 2509 1907 2546 va--

313 2590 410 2642 rite
468 2603 531 2643 ac
594 2587 940 2650 ditl'crcntcs,
996 2596 1050 2641 et
1101 2602 1290 2641 o-nnes
1337 2585 1403 2639 ad
1454 2586 1643 2639 cadum
1685 2584 1904 2639 ducunt.

312 2679 490 2735 Prima
520 2690 600 2734 est
620 2680 945 2754 pmniteutiw
966 2681 1049 2733 via
1071 2679 1343 2733 damnatio
1380 2688 1718 2749 peccatorum
1752 2695 1765 2731 :
1812 2677 1909 2730 Dic

310 2766 449 2827 enim
479 2784 531 2825 tu
560 2779 754 2843 primus
783 2780 991 2841 peccata
1038 2782 1126 2824 tua
1154 2812 1170 2836 ,
1202 2780 1256 2824 ut
1275 2772 1573 2841 jnsti/iceris
1603 2771 1620 2840 (
1651 2768 1778 2822 Isai.
1812 2770 1902 2823 45.

311 2864 427 2936 26).
458 2865 748 2934 Propterea
774 2879 992 2935 quoque
1028 2863 1246 2919 diccbat
1278 2863 1537 2932 propheta
1569 2879 1581 2914 :
1617 2860 1759 2929 Dixi,
1783 2878 1904 2929 pro-

309 2955 556 3011 nuntiabo
610 2956 871 3008 adversum
893 2970 973 3007 me
994 2953 1295 3024 injustitiam
1317 2969 1478 3005 mcam
1505 2949 1745 3017 Domino,
1776 2961 1821 3005 et
1850 2961 1904 3005 tu

309 3050 555 3104 remisisti
574 3049 879 3118 impietatem
906 3048 1074 3101 cordis
1096 3046 1194 3099 mei
1221 3047 1238 3113 (
1272 3044 1414 3099 Psal.
1447 3047 1535 3101 51.
1564 3046 1599 3100 5
1630 3051 1667 3116 ).
1703 3046 1903 3100 Damna

273 3206 281 3211 _
310 3142 472 3212 igitur
502 3150 556 3195 et
580 3151 633 3194 tu
663 3156 749 3205 ca,
782 3140 833 3193 iu
867 3140 1060 3209 quibus
1087 3140 1317 3207 peccasti
1350 3155 1364 3191 :
1407 3139 1510 3193 hoc
1542 3126 1765 3193 Domino
1786 3138 1903 3194 suf-

311 3231 424 3287 ﬁcit
453 3232 519 3285 ad
542 3216 999 3285 excusationem:
1026 3230 1113 3300 qui
1144 3230 1287 3283 enim
1311 3245 1373 3283 ea
1403 3230 1663 3296 damnat,
1693 3231 1747 3282 in
1779 3230 1902 3300 qui-

309 3320 415 3375 bus
443 3322 680 3389 pet-cavit
707 3362 720 3384 ,
753 3321 957 3375 tardius
995 3319 1049 3375 in
1087 3320 1276 3375 eadem
1323 3334 1507 3374 rursus
1550 3320 1736 3375 incidit
1766 3337 1778 3374 :
1809 3321 1907 3375 do-

308 3413 592 3466 mesticum
641 3421 1005 3466 accusatorem
1031 3413 1204 3465 excita
1232 3411 1612 3465 conscientiam
1644 3420 1809 3466 tuam.
1838 3427 1905 3467 ne

310 3513 680 3558 accusatorem
711 3503 816 3556 illic
841 3503 1036 3557 habeas
1057 3519 1236 3556 coram
1258 3503 1461 3557 Domini
1487 3504 1754 3558 tribunali.
1778 3504 1903 3560 ilzcc

308 3596 475 3666 igitur
499 3610 601 3649 una
629 3606 711 3649 est
760 3597 958 3664 nptima
1006 3596 1331 3665 ptrnitentisc
1362 3596 1484 3660 via;
1514 3596 1688 3651 adhuc
1723 3607 1901 3651 autem

309 3699 365 3742 et
393 3688 560 3741 altera
590 3696 669 3741 est
720 3687 885 3741 nihilo
938 3688 1157 3741 interior
1186 3688 1284 3740 ista
1310 3730 1322 3749 ,
1361 3698 1415 3741 ut
1466 3699 1803 3758 act-optarunt
1835 3690 1903 3743 ab

302 3778 544 3836 inimicis
598 3779 908 3847 injuriarum
969 3794 1236 3833 memores
1279 3794 1384 3833 non
1434 3781 1642 3847 simus,
1700 3791 1756 3834 ut
1809 3781 1903 3835 ira:

311 3870 663 3941 imperemus,
691 3879 751 3924 ut
773 3886 1156 3926 conservorum
1192 3882 1404 3939 peccata
1434 3872 1763 3927 dimittamus
1788 3893 1800 3928 :
1826 3876 1903 3929 sic

314 3962 460 4015 enim
493 3974 546 4017 ct
581 3978 698 4031 qum
732 3962 783 4015 in
817 3963 1099 4016 Dominum
1141 3964 1426 4017 commissa
1458 3964 1685 4028 fuerint,
1719 3966 1900 4019 dimit-

310 4059 537 4106 tcntur:
581 4068 646 4104 cu
693 4052 917 4105 alteram
941 4054 1101 4106 etiam
1145 4061 1482 4121 peccaturum
1516 4054 1897 4121 exniaIioncm.

310 4142 369 4196 Si
399 4142 530 4194 enim
560 4141 871 4208 dimiseritis,
901 4142 1090 4212 inquit,
1125 4144 1429 4199 debitoribus
1459 4147 1654 4211 vestris,
1687 4148 1902 4201 dimittet

272 4250 353 4309 ﬁet
385 4231 522 4284 vobis
556 4229 720 4284 Pater
762 4242 923 4286 vester
966 4235 1217 4303 ειιιιεδιίδ(
1252 4234 1437 4288 Matth.
1463 4236 1514 4290 ti.
1563 4237 1631 4292 M
1658 4241 1697 4305 ).
1733 4238 1819 4292 \‘is
1848 4248 1903 4293 et

310 4326 523 4377 tertiam
561 4326 889 4395 pmnitentitc
928 4326 1066 4379 viam
1113 4326 1360 4383 discere?
1398 4328 1582 4383 Oratio
1610 4331 1821 4386 fervens
1848 4344 1903 4388 et

308 4426 596 4481 aetturata,
649 4426 808 4486 atque
855 4433 918 4472 ex
969 4417 1159 4473 intimo
1203 4419 1373 4477 corde
1406 4437 1749 4489 prumauans.
1779 4424 1897 4497 Non

310 4520 365 4563 tu
402 4510 615 4563 viduam
652 4510 792 4564 illam
836 4510 1042 4576 vidisti,
1073 4527 1179 4582 quo
1207 4523 1363 4582 pacto
1389 4514 1753 4584 impudentem
1798 4520 1898 4575 sibi

306 4601 363 4673 in
388 4602 540 4654 licem
575 4600 720 4654 illum
750 4601 1046 4656 conciliarit
1080 4604 1097 4673 (
1144 4604 1267 4657 Luc.
1305 4606 1388 4660 18.
1424 4607 1456 4659 5
1480 4606 1535 4678 )?
1566 4611 1635 4661 At
1666 4619 1717 4662 tu
1752 4628 1903 4666 tuan-

1323 365 1409 420 DE
1450 364 1744 419 DIABOLO
1780 359 2213 416 TENTATORE.
2257 359 2488 416 IIOMIL.
2531 358 2595 415 lli

3495 332 3625 417 an

2029 477 2242 524 suetum
2288 479 2478 526 nactus
2516 485 2577 527 es
2605 470 2908 535 Dominum,
2934 471 3132 529 bonum
3175 481 3231 530 et
3267 472 3626 537 clementem:

2030 560 2117 616 illa
2146 562 2405 618 adversus
2451 563 2705 618 inimicos
2736 566 3083 637 postulabat;
3132 576 3189 621 tu
3221 582 3353 622 vero
3396 584 3501 623 non
3529 570 3627 625 ad-

2030 666 2218 707 versus
2263 652 2544 721 inimicos,
2594 655 2690 709 sed
2742 669 2841 724 pro
2865 666 2950 710 tua
2977 657 3150 712 salute
3176 659 3435 728 postulas.
3471 660 3625 727 Quod

2026 742 2072 797 si
2102 753 2345 813 quartam
2375 745 2534 799 etiam
2576 761 2737 801 nosse
2788 747 2941 811 velis,
2970 746 3367 820 elcemosynam
3398 749 3571 805 dicam
3611 769 3624 807 :

2026 833 2249 888 multam
2280 835 2423 890 enim
2456 850 2519 890 ea
2550 844 2601 890 et
2630 837 2907 906 copiosam
2958 840 3064 891 vim
3120 838 3281 894 habet
3313 857 3327 893 :
3358 839 3624 910 siquidem

2025 922 2555 993 Nabuchodonosori,
2597 928 2688 998 qui
2744 927 2811 981 ad
2870 943 3031 984 omne
3073 929 3431 999 improbitatis
3453 946 3627 1001 genus

2026 1024 2311 1082 provectus
2347 1025 2484 1083 erat,
2514 1026 2570 1071 et
2593 1033 2809 1072 omnem
2844 1018 3173 1089 impietatem
3212 1023 3428 1077 molitus
3457 1034 3574 1077 erat
3603 1063 3619 1091 ,

2024 1107 2097 1161 ait
2127 1107 2312 1164 Daniel
2345 1126 2360 1164 :
2389 1108 2523 1175 Rem,
2541 1111 2805 1165 consilium
2832 1127 2998 1166 meum
3028 1114 3228 1182 placeat
3247 1114 3335 1169 tibi
3361 1132 3380 1170 :
3415 1126 3621 1185 peccata

2023 1208 2112 1251 tua
2137 1199 2189 1253 in
2210 1200 2540 1271 eleemosynis
2573 1203 2783 1265 redime,
2808 1212 2853 1256 et
2874 1204 3167 1275 iniquitates
3194 1214 3310 1259 tuas
3330 1222 3382 1259 tn
3409 1208 3621 1261 misera-

2022 1290 2241 1344 tionibus
2261 1308 2547 1361 pauperum
2592 1292 2758 1365 (Dan.
2799 1294 2849 1348 ti.
2884 1293 3005 1365 24).
3037 1295 3175 1363 Quid
3230 1312 3349 1351 cum
3397 1298 3497 1353 hac
3526 1298 3620 1354 bc-

2022 1381 2286 1450 niguitate
2330 1382 2564 1438 conferri
2596 1385 2802 1454 queat?
2850 1386 2981 1441 Post
3030 1388 3308 1444 innumera
3358 1400 3615 1460 peccata,

2023 1481 2145 1541 post
2176 1482 2253 1528 tot
2279 1482 2333 1528 et
2360 1482 2535 1529 tantas
2556 1476 2889 1532 calamitates
2918 1478 3187 1548 placatum
3220 1480 3282 1534 iri
3310 1497 3367 1535 se
3393 1481 3615 1550 pollice-

2022 1579 2109 1621 tur
2131 1567 2202 1631 ei,
2232 1567 2321 1636 qui
2350 1566 2675 1633 otl'endcmt,
2705 1571 2748 1624 si
2775 1586 2898 1640 erga
2922 1586 3214 1627 conservos
3236 1589 3361 1629 suos
3389 1575 3617 1645 benigne
3707 1622 3713 1635 .

2020 1671 2080 1711 se
2108 1659 2356 1727 gesserit.
2390 1658 2455 1713 Et
2487 1675 2634 1727 vero,
2665 1660 2709 1715 si
2756 1663 2998 1719 mochIc
3024 1675 3143 1733 agat
3170 1667 3310 1735 quis,
3337 1675 3391 1720 et
3434 1666 3614 1722 humi-

2020 1751 2086 1804 lis
2110 1752 2202 1818 sit,
2237 1752 2340 1807 hoc
2386 1768 2493 1807 non
2525 1754 2700 1810 minus
2725 1770 2885 1823 quam
2912 1772 3032 1826 qum
3072 1758 3211 1811 dicta
3248 1768 3373 1811 sunt
3400 1761 3612 1825 omnia,

2019 1853 2363 1912 peccatorum
2401 1853 2648 1898 naturam
2680 1846 2915 1900 absumit
2948 1864 2963 1899 :
3010 1849 3165 1916 cujus
3198 1850 3275 1903 rei
3328 1850 3479 1905 testis
3529 1860 3614 1925 est

2018 1932 2351 2003 publicanus,
2377 1934 2466 2004 qui
2520 1946 2669 1991 recte
2725 1937 2866 1991 facta
2924 1938 3140 2007 quidem
3188 1953 3614 1998 commemorare

2018 2040 2125 2078 non
2157 2034 2396 2093 poterat,
2425 2025 2520 2079 sed
2551 2027 2789 2082 omnium
2822 2029 2943 2083 loco
3003 2029 3355 2086 humilitatem
3397 2031 3610 2099 obtulit,

2015 2124 2070 2170 et
2108 2131 2271 2186 grave
2308 2128 2650 2186 peccatomm
2685 2135 2822 2173 onus
2870 2119 3119 2190 deposuit
3147 2123 3165 2194 (
3193 2120 3319 2177 Luc.
3352 2123 3440 2180 18.
3473 2124 3541 2180 13
3565 2126 3609 2197 ).

2018 2206 2159 2261 Ecce
2188 2207 2425 2276 quinque
2442 2211 2781 2279 paenitentia:
2810 2210 2923 2265 vias
2951 2211 3308 2268 indicavimus
3334 2231 3347 2267 :
3378 2215 3610 2284 primam

2015 2308 2360 2367 precatorum
2386 2298 2787 2355 damnationem
2810 2343 2825 2368 ,
2858 2303 3147 2358 secundum
3194 2319 3316 2358 cum
3350 2307 3610 2376 proximis

2015 2401 2230 2460 peccata
2250 2392 2592 2456 dimittimus,
2610 2395 2824 2448 tertiam
2846 2410 2967 2464 qua:
2998 2396 3050 2450 in
3073 2397 3323 2452 oratione
3341 2399 3606 2462 consistit,

2012 2492 2257 2551 quartam
2296 2484 2496 2553 quarin
2530 2483 2911 2556 elccmosyua,
2931 2489 3170 2557 quintam
3201 2505 3321 2557 qua:
3352 2490 3405 2545 in
3434 2490 3612 2545 humi-

2013 2572 2179 2627 litate.
2201 2571 2318 2627 Noli
2345 2575 2501 2645 igitur
2518 2576 2695 2640 otiari,
2718 2578 2811 2631 sed
2834 2579 3067 2646 quotidie
3092 2595 3184 2649 per
3205 2579 3301 2635 has
3320 2596 3510 2637 ornnes
3530 2582 3611 2636 in-

1974 2714 1978 2725 ,
1994 2662 2141 2757 hecde
2164 2682 2175 2714 :
2195 2672 2319 2718 sunt
2356 2665 2496 2719 enim
2527 2665 2705 2721 tacitos
2729 2669 2847 2729 vite,
2870 2683 3040 2738 neque
3069 2679 3433 2739 paupertatem
3457 2684 3611 2741 potes

1999 2754 2304 2810 ‘Ohtendere
2332 2771 2347 2809 :
2379 2756 2473 2810 sed
2508 2757 2629 2811 licet
2656 2759 2707 2812 in
2739 2769 2975 2828 egestate
3014 2761 3245 2830 graviori
3285 2763 3448 2816 vitam
3495 2772 3607 2817 tra-

2012 2844 2194 2909 ducas,
2227 2856 2279 2899 et
2306 2846 2435 2900 iram
2465 2846 2739 2918 deponere
2764 2860 2817 2903 et
2846 2849 3203 2906 humilitatem
3236 2868 3347 2922 pra:
3386 2862 3437 2908 te
3466 2853 3609 2911 ferre

2012 2936 2237 3005 poteris,
2272 2945 2323 2991 et
2350 2937 2564 2992 assidue
2594 2940 2821 3008 precari,
2850 2949 2904 2995 et
2945 2953 3158 3010 peccata
3190 2942 3447 2999 damnare
3469 2988 3484 3011 ,
3516 2961 3609 3001 nec

2010 3042 2114 3095 que
2171 3037 2455 3096 paupertas
2503 3030 2707 3098 uspiam
2757 3031 3197 3099 impedimentum
3243 3035 3398 3090 atl'ert
3434 3055 3446 3089 :
3480 3038 3608 3109 quid

2011 3117 2130 3172 dico
2156 3117 2265 3182 hic,
2299 3118 2729 3190 quandoquidem
2778 3138 2876 3178 nec
2903 3124 2956 3178 in
3002 3124 3086 3177 illa
3120 3126 3446 3194 pmnitcntitc
3491 3132 3604 3198 via,

2010 3210 2063 3263 in
2092 3225 2192 3279 qua
2228 3212 2478 3279 pecunias
2509 3212 2632 3266 licet
2652 3228 2870 3282 erogare
2896 3214 3326 3288 (cleemosynam
3345 3219 3512 3289 dico),
3539 3238 3608 3276 ne

2010 3301 2117 3355 illic
2150 3300 2363 3370 quidem
2396 3302 2551 3358 nobis
2593 3302 2659 3357 ad
2688 3304 2993 3359 mandatum
3037 3309 3435 3377 exsequendum
3465 3313 3607 3381 obji-

2009 3392 2081 3446 cit
2110 3392 2546 3463 impedimentum
2580 3399 2904 3465 paupertas?
2936 3398 2991 3451 ιιι
3019 3414 3143 3453 vero
3181 3401 3337 3454 vidua
3376 3402 3605 3458 dentom

2012 3487 2220 3551 Stravit,
2251 3487 2508 3557 qumduo
2528 3489 2731 3542 minuta
2759 3490 2901 3543 misit
2932 3490 2950 3560 (
2976 3489 3140 3544 Marc.
3169 3491 3255 3546 l3.
3284 3492 3354 3547 42
3377 3494 3417 3565 ).
3469 3493 3605 3550 Cum

2012 3577 2169 3648 igitur
2205 3577 2341 3631 hanc
2362 3578 2580 3633 vulnera
2620 3590 2800 3634 nostra
2828 3581 3049 3635 curandi
3092 3583 3356 3638 rationem
3398 3584 3606 3641 (lidicc?

2010 3671 2200 3736 rimus,
2228 3668 2344 3724 bare
2386 3670 2777 3726 medicamenta
2808 3672 3159 3728 adhibeamus
3182 3717 3197 3739 ,
3224 3683 3282 3728 ut
3305 3690 3429 3731 vera
3460 3677 3607 3731 sani-

2010 3768 2118 3815 tate
2166 3772 2513 3832 recuperata,
2563 3776 2714 3816 sacra
2742 3778 2923 3817 mensa
2950 3780 3069 3817 cum
3120 3764 3311 3820 fiducia
3360 3767 3605 3835 perfrua-

2012 3871 2150 3921 mur,
2181 3864 2235 3908 et
2275 3855 2435 3908 multa
2466 3870 2586 3908 cum
2619 3855 2783 3925 gloria
2817 3855 3031 3910 Christo
3062 3858 3171 3927 regi
3210 3859 3393 3927 gloria:
3419 3875 3609 3916 occur-

2012 3961 2190 3999 ramus
2216 3986 2230 4009 ,
2263 3956 2572 4015 mternaque
2607 3945 2822 4001 assidue
2866 3947 3001 4001 bona
3031 3962 3455 4019 consequamur,
3486 3968 3609 4022 ενοι

2012 4038 2102 4102 tia,
2145 4037 2535 4101 misericordia,
2565 4048 2617 4092 et
2667 4038 2990 4107 benignitate
3010 4040 3217 4094 Domini
3267 4043 3431 4096 nostri
3478 4043 3607 4099 Jesu

2009 4128 2240 4203 Christi;
2274 4145 2367 4198 per
2416 4145 2573 4199 quem
2605 4138 2657 4182 et
2702 4142 2823 4183 cum
2864 4145 2971 4199 quo
3013 4130 3154 4184 Patri
3199 4132 3405 4202 gloria,
3437 4134 3607 4203 impe-

2009 4223 2182 4286 rium,
2233 4222 2444 4284 honor,
2508 4236 2609 4274 una
2652 4236 2771 4275 Cttlll
2827 4223 3205 4286 sancto,buno
3264 4240 3328 4279 ac
3395 4226 3606 4281 vivitico

2009 4312 2250 4381 Spiritu,
2285 4329 2425 4367 nunc
2450 4325 2502 4367 et
2533 4327 2765 4381 semper,
2812 4322 2867 4367 et
2913 4313 2965 4367 iu
3017 4315 3211 4370 saecula
3256 4316 3602 4374 saeculorum.

2009 4407 2199 4461 Amen.

306 4797 3601 4825 W

2656 4901 2956 4955 quonouc
2999 4903 3115 4947 nec
3143 4905 3427 4959 ,mpnom
3492 4910 3606 4954 nov

3503 5012 3587 5054 PE:

308 4895 482 4949 QUOD
526 4897 611 4938 EX
654 4893 905 4939 DESIDIA
948 4896 1356 4953 IMPROBITAS,
1407 4901 1490 4943 EX
1534 4904 1904 4951 DILIGENTIA
1973 4907 2205 4951 VIBTUS
2261 4903 2545 4948 OBIATUR
2593 4905 2608 4944 Ξ

394 4998 613 5051 "LVI-IS,
662 4996 779 5039 NEC
825 4997 961 5039 IPSE
1006 4998 1315 5043 DIABOLUS
1364 5001 1595 5045 ΗΟΜΙΝῙ
1643 5007 1969 5051 νιωιΑΝτι
2015 5007 2265 5052 NOCERE
2310 5005 2585 5049 POSSINT.
2660 5004 3155 5049 DEMONSTBATIO
3219 5009 3443 5053 ΔῸΤΕΗ

388 5098 586 5140 τιτυῐι
630 5094 971 5141 ΤυΜ,Διιιε
1014 5097 1245 5141 MULTIS
1315 5099 1399 5141 EX
1442 5101 1642 5159 LOClS,
1690 5107 1822 5149 TUﬁ
1872 5109 1907 5149 E

2016 5108 2078 5151 is
2121 5107 2264 5160 eum
2308 5105 2530 5149 ΑωΜο
2576 5106 2655 5148 ET
2682 5106 2837 5150 sono
2880 5106 3328 5153 CONTIGERUNT
3374 5092 3485 5175 (α).

1929 5238 2312 5292 ese——

2024 5378 2120 5432 tris
2150 5377 2431 5442 sedentes,
2454 5376 2653 5431 diaboli
2683 5392 2933 5446 pompam
2962 5379 3275 5447 Spectabant
3304 5398 3317 5435 :
3347 5381 3419 5438 illi
3450 5399 3616 5439 mere-

2023 5470 2297 5524 triciarum
2324 5469 2737 5529 cantilenarum,
2767 5483 2861 5522 vos
2884 5471 3141 5524 doctrinae
3170 5472 3463 5539 spiritualis
3496 5492 3616 5545 par-

2018 5563 2206 5630 ticipes
2238 5562 2445 5615 eratis:
2480 5560 2551 5614 illi
2598 5559 2975 5630 impurissimis
3024 5561 3219 5616 diaboli
3265 5565 3404 5619 escis
3440 5558 3617 5623 rescc-

2026 5658 2243 5716 lmuur,
2290 5668 2386 5706 vos
2422 5663 2692 5721 unguento
2752 5653 3016 5722 spirituali
3072 5654 3451 5724 pascebamini.
3482 5658 3617 5725 Quis

2020 5760 2148 5815 ergo
2180 5745 2300 5798 iltos
2330 5743 2581 5799 aberrare
2612 5742 2735 5798 fecit
2762 5744 2783 5797 ?
2810 5743 2929 5814 quis
2956 5759 2986 5799 a
3029 5759 3183 5801 sacro
3211 5745 3337 5801 ovili
3365 5761 3616 5819 Segrega-

1623 5259 1920 5275 Μ

882 5300 1101 5343 nemus
1125 5305 1206 5345 ιιι.
1336 5350 1339 5357 ,

390 5370 443 5425 1.
476 5372 617 5426 Ante
642 5369 952 5425 hesternqu
986 5374 1197 5441 quidem
1226 5371 1370 5427 diem
1409 5374 1478 5428 de
1503 5376 1714 5431 diabolo
1754 5380 1909 5435 nobis

311 5464 450 5530 apud
478 5464 759 5518 caritatem
790 5474 1023 5517 vestram
1048 5474 1129 5517 cst
1156 5466 1392 5520 instituta
1416 5469 1589 5522 oratio
1613 5486 1627 5532 ;
1660 5471 1747 5524 alii
1776 5488 1905 5526 vero

289 5553 494 5608 eodem
513 5553 622 5617 die,
636 5568 757 5608 cum
781 5569 877 5608 nos
902 5553 989 5608 hic
1010 5569 1071 5607 ea
1087 5555 1153 5609 de
1181 5570 1238 5609 re
1258 5555 1667 5634 disseret-emus,
1687 5560 1737 5614 in
1762 5560 1909 5617 thea—

364 5746 436 5812 (a)
472 5745 655 5798 Coitata
679 5759 788 5798 cum
817 5747 987 5798 Codice
1015 5754 1132 5811 Reg.
1165 5747 1281 5797 1961
1300 5756 1352 5799 et
1373 5747 1581 5800 Colliut.
1616 5751 1751 5801 [050.
