4190 6322
641 337 748 394 255

646 452 761 505 vit?
787 448 922 505 Num
956 446 1075 502 illos
1117 459 1328 516 quoque
1375 442 1614 497 diabolus
1652 438 1903 506 decepit?
1948 433 2215 506 quomodo

642 545 796 613 igitur
822 555 917 594 vos
946 555 1049 593 non
1081 537 1337 606 decepit?
1373 535 1436 589 Et
1456 549 1547 587 vos
1587 541 1642 587 et
1684 531 1759 586 illi
1791 529 2034 585 homines
2057 526 2206 589 estis,

641 632 933 690 secundum
980 641 1219 685 naturam
1273 629 1461 683 loquor
1501 644 1515 678 :
1553 623 1739 680 eadem
1774 621 1983 688 utrique
2030 628 2217 672 natura

640 724 846 795 praediti
871 723 1000 779 estis
1024 763 1038 785 ,
1067 718 1252 775 iisdem
1281 716 1615 772 naturalibus
1641 710 2015 782 cupiditatibus
2043 725 2059 762 :
2088 720 2220 776 quo—

640 814 799 869 modo
824 812 982 883 igitur
1013 826 1115 865 non
1145 809 1285 864 idem
1334 816 1569 862 vestrum
1610 815 1900 869 eorumque
1940 795 2217 851 studium?

639 906 771 972 Quia
799 920 903 958 non
950 902 1136 958 eadem
1166 900 1405 969 utrisque
1430 898 1671 949 voluntas
1700 910 1715 945 :
1762 890 1880 945 ideo
1909 889 1979 942 illi
2009 885 2215 954 decepti

637 1003 783 1056 sunt,
811 1007 906 1046 vos
928 1006 1031 1046 non
1062 992 1208 1044 item.
1237 989 1417 1055 Neque
1458 987 1527 1038 ita
1558 986 1764 1052 loquor,
1803 988 1861 1033 ut
1887 977 2155 1032 diabolum
2186 990 2218 1029 e

638 1084 863 1136 crimine
887 1095 1090 1144 eruam,
1111 1077 1201 1132 sed
1230 1086 1289 1129 ut
1314 1090 1407 1128 vos
1432 1090 1461 1125 a
1494 1071 1726 1142 peccatis
1750 1069 1946 1123 liberos
1972 1065 2216 1119 reddam.

637 1171 896 1241 Malignus
922 1179 1003 1222 est
1023 1166 1283 1229 diabolus,
1315 1164 1363 1217 id
1396 1178 1493 1232 ego
1513 1163 1702 1224 fateor;
1735 1159 1825 1213 sed
1854 1158 1953 1211 sibi
1983 1156 2079 1224 ipsi
2107 1169 2219 1207 ma-

639 1260 833 1330 lignus,
860 1274 964 1311 non
992 1256 1143 1309 nobis
1165 1295 1182 1321 ,
1210 1255 1253 1307 si
1281 1252 1578 1321 vigilemus.
1605 1250 1747 1303 Talis
1776 1247 1963 1317 quippe
1992 1253 2074 1298 est
2104 1258 2215 1297 ma-

638 1350 888 1421 lignitatis
922 1358 1106 1402 natura
1139 1361 1153 1398 :
1191 1361 1252 1400 ea
1302 1342 1539 1413 prmditis
1575 1340 1745 1393 solum
1775 1348 1856 1392 est
1882 1336 2212 1405 perniciosa;

638 1444 804 1496 virtus
832 1451 1010 1494 autem
1044 1447 1227 1493 contra
1267 1451 1372 1489 non
1418 1436 1531 1503 ipsa
1578 1427 1811 1501 przcditis
1856 1438 2056 1482 tantum
2078 1467 2093 1490 ,
2120 1424 2216 1480 sed

637 1536 797 1589 etiam
828 1531 1083 1601 proximis
1107 1529 1252 1591 utilis
1276 1542 1394 1582 esse
1422 1533 1610 1594 potest.
1652 1522 1723 1578 Ut
1744 1536 1872 1576 vero
1917 1519 2091 1574 discas
2118 1518 2217 1571 im-

636 1625 860 1694 probum
891 1622 991 1677 sibi
1016 1620 1335 1691 improbum,
1366 1618 1561 1671 bonum
1587 1623 1762 1669 autem
1781 1613 1897 1666 aliis
1913 1613 2070 1667 etiam
2096 1624 2216 1664 esse

636 1712 857 1777 bonum,
883 1710 1213 1780 proverbiale
1238 1709 1329 1761 tibi
1358 1706 1714 1759 testimonium
1744 1702 2004 1771 proferam
2041 1718 2052 1752 :
2086 1698 2211 1763 Fili,

636 1804 808 1873 inquit
834 1844 851 1867 ,
886 1804 928 1856 si
954 1802 1114 1854 malas
1146 1802 1213 1853 sis
1238 1840 1252 1863 ,
1275 1799 1413 1852 solus
1459 1798 1659 1849 Itauries
1686 1794 1857 1855 mala;
1884 1790 2206 1860 sin‘sa'picns,

635 1906 683 1951 et
708 1897 801 1949 tibi
814 1898 912 1965 ipsi
941 1904 987 1947 et
1010 1894 1236 1961 proximo
1263 1891 1359 1942 eris
1388 1889 1587 1956 sapiens
1614 1890 1635 1957 (
1663 1883 1815 1940 Prov.
1844 1880 1897 1939 9.
1931 1883 1997 1938 12
2029 1883 2069 1951 ).

704 1984 888 2041 Contra
915 1979 1234 2036 theatra-lium
1261 1979 1656 2047 spectaculorum
1682 1986 1969 2030 sectatores.
2009 1968 2209 2025 Volun-

634 2087 711 2130 tas
738 2075 918 2143 ubique
940 2072 1163 2125 domina.
1190 2099 1263 2110 -—
1290 2064 1367 2121 Illi
1395 2068 1598 2135 decepti
1638 2073 1759 2118 sunt
1796 2064 1847 2117 in
1880 2060 2131 2126 theatris;
2160 2067 2216 2112 at

619 2176 729 2222 'vos
769 2181 874 2219 non
910 2164 1117 2232 decepti
1158 2159 1304 2217 estis.
1352 2160 1593 2228 Magnum
1636 2154 1761 2210 illud
1793 2170 1856 2208 ex
1897 2154 2055 2208 rebus
2088 2152 2214 2220 ipsis

635 2267 999 2327 argumentum
1018 2295 1032 2318 ,
1061 2254 1201 2307 clara
1236 2248 1618 2305 demonstratio
1657 2255 1710 2299 et
1747 2244 2078 2299 ratiocinatio
2106 2257 2211 2295 non

633 2348 812 2409 dubia,
841 2348 1163 2411 voluntatem
1194 2344 1387 2411 ubique
1410 2340 1673 2393 dominam
1704 2351 1841 2391 esse.
1868 2332 1975 2389 liae
2003 2345 2055 2389 tu
2086 2336 2212 2388 item

634 2439 928 2511 argumenti
972 2437 1176 2490 ratione
1216 2445 1364 2488 utere
1401 2451 1415 2483 :
1454 2440 1507 2485 et
1545 2430 1589 2483 si
1630 2430 1810 2483 videas
1852 2427 2119 2480 hominem
2160 2425 2210 2479 in

635 2533 865 2601 nequitia
893 2531 1071 2583 vivere
1091 2569 1105 2591 ,
1138 2538 1293 2595 atque
1322 2524 1709 2594 improbitatem
1736 2534 1946 2575 omnem
1984 2519 2209 2581 sectari,

634 2638 696 2676 ac
720 2618 909 2674 deinde
935 2617 1317 2689 providentiam
1345 2614 1437 2667 Dei
1466 2610 1734 2667 criminari
1758 2609 2061 2676 dicereque,
2092 2622 2210 2661 cum

634 2714 857 2768 fortunae
905 2720 959 2764 et
1007 2710 1099 2764 fati
1153 2705 1450 2762 necessitati
1501 2703 1906 2770 darmouumque
1947 2696 2211 2770 tyrannidi

635 2820 867 2861 nostram
898 2805 1188 2876 subjeeisse
1220 2810 1461 2856 naturam
1482 2841 1497 2865 ,
1527 2808 1581 2853 et
1605 2798 1834 2867 undique
1859 2796 2067 2863 culpam
2097 2809 2125 2845 a
2154 2807 2212 2846 se

633 2898 859 2962 amoliri,
888 2908 1044 2965 atque
1072 2895 1124 2949 in
1158 2902 1476 2956 creatorem,
1499 2890 1587 2959 qni
1613 2889 1861 2943 universo
1888 2887 2009 2938 huic
2041 2883 2215 2953 provi-

634 2992 743 3055 det,
775 3006 889 3044 cam
927 2988 1211 3042 transferre
1242 3004 1255 3039 :
1289 2985 1403 3054 ejus
1432 2998 1493 3037 os
1521 2982 1730 3038 obtura.
1764 2995 1865 3031 non
1905 2977 2087 3037 verbo,
2120 2973 2212 3029 sed

635 3083 789 3142 facto,
822 3079 1147 3147 ostendequc
1173 3079 1241 3129 illi
1270 3077 1430 3128 alium
1458 3087 1771 3127 conservum
1800 3069 1963 3138 probe
1988 3083 2049 3145 ac
2076 3076 2212 3120 tem-

633 3181 815 3240 perate
856 3171 1139 3222 viventem.
1182 3164 1295 3218 Non
1336 3178 1465 3231 opus
1504 3171 1584 3215 est
1619 3163 1769 3228 longa
1800 3158 2071 3218 oratione,
2106 3171 2210 3209 non

633 3276 767 3326 opus
793 3258 1054 3311 cont-iuno
1080 3263 1355 3322 apparatu,
1389 3267 1493 3303 non
1525 3248 1875 3320 syllogismis;
1909 3245 2001 3299 sed
2033 3244 2212 3313 operi-

637 3349 733 3401 bus
762 3350 813 3401 tit
842 3345 1247 3399 demonstratio.
1278 3342 1367 3395 Dic
1394 3340 1465 3394 illi
1497 3357 1511 3394 :
1546 3339 1609 3391 Et
1638 3347 1690 3390 tu
1721 3352 1907 3391 servus
1932 3350 1989 3388 cs
2016 3343 2069 3386 ut
2102 3334 2206 3395 ille,

637 3451 689 3492 tu
718 3440 875 3491 homo
913 3448 967 3489 ut
1002 3436 1086 3489 ille
1121 3455 1132 3487 :
1168 3436 1217 3486 in
1250 3432 1437 3488 eodem
1479 3429 1677 3484 mundo
1707 3428 1953 3489 versaris,
1994 3426 2091 3478 sub
2117 3441 2210 3477 eo-

635 3533 753 3585 dem
795 3532 923 3584 cn'lo
964 3528 1148 3581 iisdem
1197 3525 1426 3580 vesceris
1469 3524 1599 3578 cibis
1629 3540 1643 3576 :
1673 3538 1768 3576 cur
1804 3532 1855 3574 tu
1893 3522 1941 3572 in
1981 3520 2210 3586 nequitia

634 3622 801 3688 degis,
834 3620 919 3673 ille
948 3620 997 3671 in
1028 3616 1256 3670 virtute?
1289 3612 1409 3669 Iden
1438 3612 1677 3681 permisit
1702 3610 1837 3664 Deus
1867 3609 2031 3662 malos
2064 3607 2212 3659 bonis

635 3710 927 3780 permixtos
952 3722 1091 3767 esse,
1121 3720 1218 3759 nec
1244 3706 1401 3757 aliam
1448 3702 1599 3755 bonis
1627 3712 1841 3763 terram,
1869 3698 2030 3753 alium
2059 3697 2212 3750 malis

634 3802 817 3854 orbem
845 3796 1027 3860 dedit;
1064 3797 1155 3851 sed
1198 3796 1293 3849 hos
1324 3795 1424 3848 illis
1452 3790 1824 3856 commiscuit,
1855 3806 1967 3844 rem
1994 3790 2207 3844 utilissi-

637 3905 776 3943 mam
806 3896 1069 3955 operatus.
1104 3885 1233 3940 Nam
1261 3885 1382 3939 boni
1412 3883 1745 3952 probatiores
1770 3887 2057 3949 apparent,
2087 3880 2211 3932 dum

637 3982 691 4035 in
738 3981 911 4033 medio
952 3978 1221 4031 heminum
1247 4017 1262 4040 ,
1292 3976 1378 4044 qui
1407 3989 1499 4027 eos
1528 3990 1556 4026 a
1590 3981 1734 4026 recta
1763 3970 1972 4024 vivendi
2013 3970 2214 4022 ratione

637 4079 858 4124 avocant
901 4079 953 4122 et
990 4067 1053 4120 ad
1094 4067 1286 4119 malum
1330 4063 1581 4121 tralumt,
1613 4071 1926 4123 versantur,
1957 4067 2011 4112 ct
2039 4068 2211 4111 tamen

638 4164 882 4214 virtutem
912 4166 1199 4212 sectantur.
1231 4154 1438 4223 Oportet
1462 4154 1626 4215 enim,
1659 4152 1847 4220 inquit,
1879 4150 2087 4203 Iuvrrscs
2113 4165 2217 4202 esse

639 4254 691 4306 in
729 4253 892 4313 vobis,
925 4258 978 4302 ut
1016 4249 1100 4316 qui
1140 4247 1331 4317 probati
1374 4254 1528 4307 sunt,
1569 4243 1822 4313 manifesti
1854 4242 1980 4311 [iant
2006 4242 2057 4293 in
2082 4241 2215 4294 vobis

641 4344 717 4412 (Ι.
742 4340 858 4395 Cor.
894 4340 978 4393 il.
1022 4339 1131 4406 i9).

712 4432 813 4484 Cur
848 4430 962 4481 boni
994 4444 1107 4481 cum
1141 4426 1287 4479 malis
1331 4425 1582 4493 permixti.
1612 4454 1684 4465 -—
1711 4422 1835 4477 ideo
1864 4422 2021 4491 igitur
2052 4422 2217 4473 malos

644 4525 694 4577 in
728 4522 901 4576 medio
930 4521 1176 4588 reliquit.
1205 4528 1261 4572 ιιι
1290 4518 1411 4569 boni
1453 4518 1616 4586 magis
1645 4515 2001 4584 Splendcrent.
2038 4513 2219 4565 Viden’

641 4624 895 4684 quantum
926 4612 1170 4666 lucrum?
1196 4610 1297 4665 Sed
1328 4625 1433 4662 non
1460 4609 1527 4661 ab
1566 4607 1819 4675 improbis
1857 4606 2055 4657 lucrum
2080 4645 2091 4661 .
2125 4604 2217 4656 sed

642 4726 673 4763 a
709 4706 1001 4762 constantia
1034 4705 1313 4757 bonorum.
1356 4700 1553 4754 Idcirco
1588 4699 1699 4752 Noe
1738 4698 2079 4759 admiramur,
2114 4713 2216 4748 non

648 4800 780 4869 quod
814 4798 987 4865 justus
1031 4811 1092 4847 ac
1137 4793 1405 4863 perfectus
1444 4798 1587 4842 esset
1613 4798 1810 4840 tantum
1833 4828 1848 4850 ,
1878 4788 1968 4839 sed
1999 4786 2136 4854 quod
2168 4787 2217 4837 in

644 4890 984 4959 generatione
1007 4886 1089 4939 illa
1116 4898 1271 4953 prava
1296 4890 1453 4948 atque
1479 4893 1724 4948 perversa
1750 4878 1992 4929 virtutem
2016 4890 2222 4928 servas-

645 4990 763 5042 set,
804 4993 925 5031 cum
970 4975 1169 5028 nullum
1218 4972 1424 5025 virtutis
1462 4968 1760 5036 exemplum
1808 4967 2062 5028 haberet,
2098 4980 2218 5017 eum

648 5084 833 5124 omnes
863 5085 980 5121 cum
1017 5066 1079 5118 ad
1123 5066 1371 5118 malitiam
1408 5067 1692 5114 evocarent
1720 5076 1733 5110 :
1765 5069 1815 5111 at
1853 5060 1977 5121 ipsis
2006 5068 2217 5125 contra-

647 5163 778 5217 riam
810 5162 947 5213 viam
980 5158 1221 5217 tenebat,
1253 5155 1391 5209 velut
1424 5154 1466 5205 si
1498 5153 1668 5204 viator
1701 5151 1955 5218 quispiam
1978 5193 1990 5207 ,
2034 5164 2218 5217 magna

650 5252 981 5308 multitudine
1006 5250 1190 5302 eodem
1220 5248 1405 5299 itinere
1429 5259 1547 5296 cum
1574 5243 1769 5308 impetu
1798 5249 2066 5309 pergente,
2096 5256 2223 5291 cun-

652 5349 866 5400 trarium
892 5352 1073 5409 carpat
1103 5343 1219 5393 iter.
1246 5340 1576 5405 Quapropter
1601 5350 1704 5386 non
1737 5332 2045 5399 simpliciter
2070 5332 2219 5388 divit,

654 5437 767 5491 Noe
782 5438 949 5504 justus
973 5444 1015 5485 et
1044 5435 1315 5500 perfectus,
1347 5427 1437 5481 sed
1467 5426 1691 5492 adjecit,
1715 5424 1763 5474 in
1793 5422 2107 5490 generatione
2132 5437 2223 5471 sua

651 5527 801 5596 (Gen.
827 5526 878 5580 6.
904 5524 983 5589 9),
1007 5535 1253 5592 perversa
1285 5519 1484 5573 scilicet
1511 5527 1562 5570 et
1585 5516 1881 5581 desperata.
1911 5513 1994 5563 ubi
2026 5512 2221 5563 nullum

652 5620 859 5671 virtutis
878 5613 1252 5669 commercium
1276 5618 1405 5663 erat.
1426 5609 1607 5675 itaque
1631 5606 1697 5659 ab
1723 5603 1972 5667 improbis
2002 5601 2049 5654 id
2075 5600 2225 5652 bouis

651 5706 780 5763 lucri
828 5703 1156 5760 accedebat:
1199 5701 1273 5754 sic
1308 5709 1359 5753 et
1406 5698 1621 5752 arbores
1664 5711 1689 5746 a
1739 5693 2016 5747 contrariis
2056 5692 2221 5743 ventis

1359 329 1416 385 s.
1455 327 1733 385 JO.\‘.\’NlS
1755 320 2235 382 cuttttsosrout
2274 323 2592 381 AnCllll-JP.
2634 318 3167 386 CONSTANTINOP.

3805 328 3915 384 966

2332 434 2540 502 agitate
2570 431 2895 490 robustiores
2918 434 3067 489 ﬁunt.
3093 434 3191 489 Est
3213 435 3371 491 etiam
3402 437 3658 508 improbis
3683 454 3714 494 s
3744 439 3915 495 hono-

2327 538 2444 577 rum
2466 524 2735 577 eonsortio
2760 524 2959 579 lucrum
2985 542 2998 578 :
3026 528 3450 583 verecundantur
3469 544 3680 599 nempe,
3708 532 3913 600 pudore

2327 614 2632 669 afﬁciuntur
2658 623 2713 668 et
2750 618 3073 670 erubescunt
3113 615 3181 670 ab
3218 620 3330 683 eis;
3357 622 3562 675 etiamsi
3592 633 3724 676 vero
3751 639 3781 677 a
3813 641 3909 680 ne-

2328 704 2488 770 quitia
2519 719 2623 756 non
2653 703 2909 757 absistam
2929 745 2943 763 ,
2972 713 3201 760 attamen
3233 707 3461 764 latenter
3496 712 3667 766 solum
3713 714 3912 769 audent

2327 791 2559 846 facinora
2592 801 2915 861 perpetrare.
2943 793 3053 849 Nec
3093 810 3276 862 parum
3307 808 3388 851 est
3418 800 3711 869 iniqmtatis
3740 804 3911 857 auda-

2327 882 2461 935 ciam
2509 882 2617 935 tnlli
2658 900 2671 934 :
2711 883 2932 935 aliorum
2978 884 3174 954 quippe
3214 886 3318 939 vita
3364 887 3571 944 illorum
3617 894 3909 963 nequitiam

2327 970 2655 1024 criminatur.
2692 972 2826 1024 Audi
2866 972 3023 1041 igitur
3046 974 3171 1043 quid
3201 974 3406 1029 dicatur
3433 977 3498 1030 de
3521 978 3667 1046 justo
3699 989 3713 1034 ἑ
3748 981 3913 1035 Halc-

2325 1072 2432 1115 stus
2460 1070 2533 1115 est
2560 1062 2701 1115 nobis
2728 1063 2803 1116 vel
2826 1064 2946 1117 dum
2975 1068 3279 1135 conspicitur
3307 1067 3462 1137 (Sap.
3491 1071 3544 1124 2.
3580 1074 3693 1143 15).
3726 1074 3913 1144 Neque

2328 1150 2378 1205 id
2408 1152 2680 1206 minimum
2708 1161 2791 1206 est
2815 1154 3201 1210 emendationis
3226 1157 3454 1221 initium,
3480 1175 3602 1214 cum
3631 1163 3747 1230 ejus
3775 1179 3912 1232 ιιι-ε-
3986 1184 3994 1187 ·

2326 1246 2495 1297 sentia
2524 1251 2838 1313 torquentur
2868 1264 2880 1298 :
2914 1246 3013 1300 nisi
3040 1248 3181 1301 enim
3209 1250 3287 1303 eis
3314 1250 3570 1306 molestus
3596 1265 3742 1308 esset
3766 1255 3912 1309 illius

2324 1344 2673 1401 conspectus,
2704 1352 2807 1389 non
2850 1338 2917 1390 ita
2956 1337 3316 1407 loquerentur.
3343 1342 3452 1397 Nec
3480 1346 3749 1400 modicum
3780 1345 3912 1400 illud

2325 1424 2758 1492 impedimenturn
2804 1434 2923 1490 est,
2970 1442 3077 1497 quo
3125 1430 3302 1484 minus
3350 1434 3545 1486 malitia
3592 1449 3686 1488 sua
3738 1434 3914 1491 libere

2325 1526 2557 1570 utantur.
2584 1517 2767 1571 Vidisti
2797 1528 3049 1587 quantmu
3074 1520 3280 1575 lucrum
3310 1522 3463 1577 bonis
3491 1539 3584 1593 per
3612 1525 3909 1594 improbos,

2325 1604 2578 1673 improbis
2614 1622 2707 1674 per
2744 1607 2911 1661 bonos
2940 1609 3190 1663 accedat?
3222 1610 3341 1665 ideo
3375 1628 3482 1666 non
3520 1616 3789 1682 separavit
3813 1624 3914 1670 eos

2323 1693 2481 1757 Deus,
2509 1694 2601 1748 sed
2630 1696 2947 1750 commixtos
2973 1698 3202 1767 reliquit.

2392 1787 2445 1840 2.
2489 1785 2590 1840 Cur
2622 1788 2851 1841 diabolus
2889 1789 3217 1858 relinquatur.
3244 1820 3318 1830 —
3355 1776 3507 1847 ldem'
3544 1792 3722 1863 inmte
3752 1794 3915 1848 nobis

2323 1878 2480 1932 etiam
2511 1879 2576 1932 de
2602 1878 2811 1931 diabolo
2839 1879 2905 1934 sit
2938 1895 3133 1935 sermo.
3166 1881 3289 1935 Ideo
3318 1883 3460 1936 enim
3497 1884 3644 1938 illum
3676 1884 3762 1941 hic
3784 1900 3914 1942 esse

2322 1971 2463 2034 sivit,
2485 1979 2542 2023 ut
2561 1978 2612 2024 te
2635 1970 2903 2025 fortiorem
2926 1972 3191 2037 redderet,
3221 1982 3278 2026 ut
3299 1975 3706 2043 splendidiorem
3730 1977 3910 2033 athle-

2325 2066 2429 2111 tam
2460 2059 2675 2123 faceret,
2701 2072 2756 2113 ut
2777 2062 2973 2131 majora
2998 2061 3171 2116 forent
3189 2064 3497 2119 certamina.
3526 2065 3580 2120 Si
3607 2067 3725 2136 quis
3750 2067 3916 2137 igitur

2322 2148 2483 2214 dicat,
2508 2151 2613 2204 Cur
2636 2150 2902 2203 diabolum
2930 2152 3140 2221 reliquit
3169 2153 3345 2206 Deus?
3375 2153 3489 2208 lucc
3519 2155 3592 2208 illi
3618 2157 3909 2224 responde,

2322 2239 2453 2305 Quia
2487 2239 2549 2293 iis
2574 2240 2662 2308 qui
2691 2241 2904 2308 vigilant
2930 2250 2983 2294 et
3012 2241 3109 2294 sibi
3137 2242 3436 2307 attendunt,
3461 2258 3565 2298 non
3594 2246 3753 2299 modo
3773 2246 3909 2301 nihil

2323 2338 2513 2391 uocet,
2551 2331 2642 2381 sed
2685 2328 2842 2382 etiam
2887 2328 3030 2383 utilis
3068 2338 3185 2393 est,
3219 2345 3325 2411 non
3353 2333 3573 2387 arbitrio
3598 2348 3695 2388 suo
3719 2375 3734 2396 ,
3762 2334 3911 2404 quod

2323 2419 2519 2471 malum
2546 2430 2658 2479 est.
2688 2420 2779 2504 sed
2820 2420 3029 2474 illorum
3073 2421 3405 2486 fortitudine,
3437 2424 3525 2493 qui
3556 2425 3671 2493 ejus
3708 2427 3914 2481 malitia

2323 2519 2501 2578 utpar
2526 2519 2608 2565 est
2635 2520 2869 2565 utuntur.
2905 2512 3174 2581 Siquidem
3214 2522 3268 2567 et
3306 2529 3424 2568 cum
3464 2514 3597 2569 Jobo
3631 2515 3910 2580 conﬂixit.

2324 2616 2428 2655 non
2460 2613 2515 2673 ut
2540 2603 2684 2655 illum
2710 2604 2987 2657 clariorem
3014 2604 3283 2668 redderet,
3308 2605 3399 2659 sed
3426 2615 3481 2657 ut
3500 2605 3869 2674 supplautaret
3892 2616 3909 2661 ε

2323 2690 2548 2760 ideoque
2578 2693 2743 2744 malus
2774 2704 2885 2757 est,
2916 2692 3055 2760 quod
3084 2694 3173 2746 tali
3212 2692 3281 2747 sit
3324 2698 3596 2762 proposito
3620 2710 3683 2749 ac
3711 2695 3912 2749 volun-

2324 2790 2466 2845 tate;
2504 2791 2733 2834 attamen
2784 2784 2909 2836 nihil
2947 2785 3145 2849 justum
3177 2785 3307 2838 Imsit
3330 2826 3345 2849 ,
3378 2786 3471 2839 sed
3503 2786 3589 2839 hic
3618 2788 3793 2854 potius
3820 2787 3911 2842 ius

2322 2886 2469 2925 erum
2511 2888 2574 2924 ex
2609 2872 2696 2924 tali
2740 2889 2907 2941 pugna
2950 2875 3267 2941 reportavit,
3299 2882 3359 2927 ut
3384 2874 3494 2943 jam
3523 2876 3859 2931 ostendimus
3892 2888 3909 2932 ι

2323 2972 2483 3031 atque
2526 2964 2734 3017 dazmon
2786 2964 3069 3033 nequitiam
3097 3005 3111 3028 ,
3154 2965 3327 3032 justus
3372 2980 3501 3020 vero
3543 2964 3911 3022 fortitudinem

2324 3054 2581 3107 exhibuit.
2618 3057 2683 3107 At
2722 3057 2914 3108 multos
2944 3055 3279 3123 supplantat,
3310 3057 3516 3124 inquies
3544 3074 3559 3111 :
3587 3057 3657 3111 ob
3696 3058 3911 3113 illorum

2322 3144 2525 3197 Scilicet
2568 3143 2961 3207 infirmitatem,
3008 3160 3111 3198 non
3157 3154 3329 3198 autem
3371 3144 3565 3200 virtute
3600 3161 3727 3211 sua,
3763 3148 3915 3217 quod

2318 3233 2426 3301 jam
2460 3233 2695 3300 pluribus
2720 3233 3138 3287 demonstratum
3169 3246 3270 3289 est.
3302 3234 3470 3287 Tuum
3502 3251 3628 3305 ergo
3655 3246 3802 3291 recte
3826 3238 3916 3291 di—

2323 3326 2435 3393 rige
2477 3327 2745 3386 animum,
2786 3333 2839 3379 et
2877 3341 3157 3393 numquam
3202 3326 3269 3378 ab
3307 3326 3483 3394 aliquo
3527 3327 3911 3381 detrimentum

2323 3417 2569 3484 accipies.
2600 3417 2704 3468 imo
2733 3418 2958 3469 maxima
2987 3417 3297 3479 lucraberis,
3327 3432 3429 3470 non
3460 3433 3487 3469 a
3516 3419 3696 3487 probis
3722 3420 3912 3483 modo,

2323 3509 2413 3558 sed
2439 3508 2594 3558 etiam
2619 3507 2684 3557 ab
2708 3506 2977 3573 improbis.
3009 3505 3129 3559 Ideo
3152 3507 3314 3569 enim,
3348 3517 3402 3560 ut
3427 3517 3581 3561 antea
3604 3508 3735 3571 dixi,
3759 3524 3921 3562 com-

2324 3599 2517 3650 mixtos
2550 3598 2765 3666 reliquit
2812 3598 2952 3650 Deus
3001 3596 3281 3659 homines,
3319 3598 3547 3651 maxime
3588 3599 3757 3653 bonos
3785 3616 3915 3653 eum

2324 3687 2507 3747 malis,
2538 3698 2595 3740 ut
2626 3687 2722 3740 bos
2762 3687 2825 3740 ad
2864 3702 3011 3740 suam
3055 3689 3319 3755 propriam
3351 3689 3606 3743 reducant
3636 3692 3916 3745 virtutem.

2323 3780 2457 3831 Audi
2488 3778 2611 3847 quid
2643 3778 2914 3846 discipulis
2940 3780 3079 3832 dicat
3106 3780 3349 3832 Christus
3378 3798 3392 3833 :
3421 3780 3599 3835 Simile
3625 3784 3813 3853 factum
3838 3792 3919 3837 est

2322 3887 2529 3940 regnum
2551 3871 2788 3923 rwlorum
2811 3870 3026 3934 mulieri,
3055 3887 3165 3936 qmv
3186 3882 3441 3936 acceptam
3471 3874 3769 3941 fermentum
3793 3875 3919 3927 abs-

2324 3962 2493 4013 condit
2531 3962 2583 4013 in
2628 3961 2807 4029 farina:
2847 3961 2969 4013 satis
3008 3962 3164 4013 tribus
3194 3960 3423 4032 (Matth.
3454 3962 3540 4015 15.
3571 3962 3700 4030 55).
3732 3962 3919 4034 Itaque

2319 4049 2446 4117 justi
2484 4051 2587 4102 vim
2633 4049 2874 4103 fermeuti
2919 4050 3151 4112 habent,
3185 4061 3239 4102 ut
3268 4050 3332 4102 ad
3362 4066 3509 4104 suam
3550 4053 3917 4109 conditionem

2326 4141 2597 4208 improbos
2638 4139 2973 4193 transibrant.
3018 4140 3121 4194 Sed
3168 4142 3315 4208 pauci
3355 4152 3478 4196 sunt
3510 4142 3675 4211 justi,
3706 4145 3828 4213 quia
3860 4154 3921 4200 et

2327 4229 2642 4285 fermentum
2675 4245 2891 4298 parvum
2925 4240 3042 4294 est;
3076 4246 3258 4283 verum
3300 4230 3384 4283 illa
3418 4233 3652 4299 paucitas
3679 4250 3916 4289 massam

2327 4339 2429 4375 non
2471 4323 2650 4384 laedit,
2690 4322 2779 4374 sed
2824 4331 2984 4374 totam
3033 4322 3250 4374 farinam
3294 4339 3390 4393 pro
3434 4324 3587 4377 insita
3630 4327 3824 4381 virtute
3861 4330 3918 4382 iu

2326 4430 2475 4465 suam
2524 4413 2776 4466 transfert
2817 4412 3196 4464 conditionem.
3252 4412 3343 4467 Sic
3384 4412 3649 4480 justorum
3698 4432 3919 4485 quoque

2329 4506 2493 4556 virtus
2533 4520 2638 4556 non
2679 4504 2729 4556 in
2760 4517 2979 4556 numero
3006 4504 3101 4553 sita
3133 4511 3214 4556 est
3237 4544 3251 4565 ,
3282 4504 3372 4556 sed
3404 4504 3454 4555 in
3481 4498 3646 4572 gratia
3682 4504 3920 4574 Spiritus

2330 4594 2491 4646 robur
2518 4605 2680 4647 totum
2715 4594 2889 4646 habet.
2923 4591 3204 4644 Duodecim
3236 4600 3387 4645 erant
3440 4594 3661 4662 apostoli
3693 4612 3706 4647 :
3739 4597 3921 4650 vitlen‘

2330 4702 2486 4753 quam
2520 4686 2781 4738 modicum
2813 4686 2881 4737 sit
2914 4684 3272 4737 fermentum?
3304 4693 3445 4737 totus
3469 4685 3615 4737 orbis
3645 4687 3695 4738 in
3725 4676 3935 4741 infide;

2330 4779 2475 4830 litate
2505 4776 2811 4828 versabatur
2842 4791 2855 4827 :
2886 4774 3058 4826 viden‘
3087 4782 3279 4843 quanta
3313 4774 3525 4827 massa?
3553 4776 3644 4827 Sed
3679 4776 3751 4830 illi
3782 4779 3924 4829 {luu—
4014 4812 4017 4813 ν

2331 4867 2501 4917 decim
2531 4872 2694 4917 totum
2726 4866 2909 4917 orbem
2942 4863 3005 4915 ad
3043 4879 3100 4917 se
3129 4875 3524 4917 converterunt.
3566 4864 3918 4919 Fermentum

2330 4968 2382 5008 et
2409 4971 2576 5009 massa
2607 4955 2842 5021 ejusdem
2870 4963 2993 5007 sunt
3019 4963 3241 5017 naturze,
3271 4954 3363 5007 sed
3395 4970 3497 5006 non
3525 4954 3761 5022 ejusdem
3785 4972 3923 5024 qua-

2333 5050 2491 5099 litatis
2524 5064 2536 5100 :
2568 5047 2908 5116 quamobrem
2940 5046 3078 5098 inter
3103 5045 3275 5112 justos
3306 5046 3513 5113 reliquit
3545 5046 3833 5113 improbos,
3862 5058 3915 5102 ut

2332 5136 2774 5206 tptemadumdmn
2810 5137 2858 5187 hi
2900 5136 3135 5201 ejusdem
3180 5145 3379 5188 natura
3414 5148 3539 5189 sunt
3563 5146 3721 5205 atque
3744 5136 3879 5205 justi
3903 5176 3919 5201 ,

2332 5233 2406 5284 sic
2438 5230 2671 5295 ejusdem
2706 5228 2957 5295 propositi
2993 5227 3196 5281 fierent.

2410 5322 2573 5374 Homo
2603 5322 2738 5372 solus
2763 5331 2935 5372 auctor
2962 5319 3167 5384 peccati.
3195 5348 3266 5359 ——
3297 5315 3419 5372 "me
3454 5317 3708 5373 memoria
3736 5327 3927 5374 tenea~

2336 5416 2418 5471 tis,
2457 5412 2537 5465 his
2566 5428 2625 5463 es
2654 5414 2893 5465 obtnrate
2926 5412 3125 5479 ignavis
3168 5410 3291 5471 illis,
3326 5411 3619 5473 dissolutis,
3655 5410 3925 5479 segniori-

2337 5506 2432 5556 bns
2456 5548 2468 5563 ,
2503 5504 2588 5571 qui
2635 5504 2842 5554 virtutis
2889 5503 3091 5555 labores
3133 5502 3431 5569 refugiunt,
3463 5499 3554 5569 qui
3581 5516 3923 5567 communem

2336 5607 2573 5649 nostrum
2607 5595 2887 5645 hominum
2921 5593 3181 5645 incusant.
3227 5586 3475 5655 Peccasti,
3510 5590 3697 5659 inquit,
3730 5591 3926 5661 quiesce

2340 5686 2491 5753 (Gen.
2520 5689 2571 5742 4.
2604 5687 2657 5754 7)
2693 5702 2704 5736 :
2740 5701 2805 5738 ne
2832 5684 3045 5753 adjicias
3073 5683 3212 5736 aliud
3243 5683 3455 5753 gravius
3482 5692 3755 5751 peccaturo
3784 5679 3937 5751 (Ec-
