  <div class='ocr_page' id='page_1' title='image "/cluster/home/n/w/nwhite01/storage/ocr_20150623/49/pst.000005712465/264.png"; bbox 0 0 4190 6322; ppageno 0'>
   <div class='ocr_carea' id='block_1_1' title="bbox 256 474 1847 550">
    <p class='ocr_par' dir='ltr' id='par_1_1' title="bbox 256 474 1847 550">
     <span class='ocr_line' id='line_1_1' title="bbox 256 474 1847 550; baseline -0.005 -13"><span class='ocrx_word' id='word_1_1' title='bbox 256 484 538 547; x_wconf 72' lang='grc' dir='ltr'>κάκείνους</span> <span class='ocrx_word' id='word_1_2' title='bbox 584 481 614 537; x_wconf 93' lang='lat'>6</span> <span class='ocrx_word' id='word_1_3' title='bbox 648 480 894 542; x_wconf 73' lang='grc' dir='ltr'>διάϐολος</span> <span class='ocrx_word' id='word_1_4' title='bbox 928 479 1217 550; x_wconf 58' lang='lat' dir='ltr'>ﬂuam“;</span> <span class='ocrx_word' id='word_1_5' title='bbox 1256 478 1374 543; x_wconf 88' lang='grc' dir='ltr'>πῶς</span> <span class='ocrx_word' id='word_1_6' title='bbox 1406 474 1500 534; x_wconf 83' lang='grc' dir='ltr'>οῦν</span> <span class='ocrx_word' id='word_1_7' title='bbox 1548 478 1694 550; x_wconf 75' lang='grc' dir='ltr'>ὑμᾶς</span> <span class='ocrx_word' id='word_1_8' title='bbox 1743 476 1847 531; x_wconf 83' lang='grc' dir='ltr'>οὑκ</span> 
     </span>
    </p>
   </div>
   <div class='ocr_carea' id='block_1_2' title="bbox 263 559 1853 641">
    <p class='ocr_par' dir='ltr' id='par_1_2' title="bbox 263 559 1853 641">
     <span class='ocr_line' id='line_1_2' title="bbox 263 559 1853 641; baseline -0.007 -17"><span class='ocrx_word' id='word_1_9' title='bbox 263 568 580 641; x_wconf 45' lang='lat' dir='ltr'>“tamen;</span> <span class='ocrx_word' id='word_1_10' title='bbox 612 567 678 621; x_wconf 84' lang='grc' dir='ltr'>Οἰ</span> <span class='ocrx_word' id='word_1_11' title='bbox 706 565 863 619; x_wconf 75' lang='grc' dir='ltr'>αὑτοὶ</span> <span class='ocrx_word' id='word_1_12' title='bbox 897 562 1177 634; x_wconf 81' lang='grc' dir='ltr'>ἄνθρωποι</span> <span class='ocrx_word' id='word_1_13' title='bbox 1208 563 1369 634; x_wconf 91' lang='grc' dir='ltr'>ὑμεῖς</span> <span class='ocrx_word' id='word_1_14' title='bbox 1400 563 1667 629; x_wconf 88' lang='grc' dir='ltr'>κάκεῖνοι,</span> <span class='ocrx_word' id='word_1_15' title='bbox 1707 559 1853 614; x_wconf 86' lang='grc' dir='ltr'>κατά</span> 
     </span>
    </p>
   </div>
   <div class='ocr_carea' id='block_1_3' title="bbox 255 643 1853 722">
    <p class='ocr_par' dir='ltr' id='par_1_3' title="bbox 255 643 1853 722">
     <span class='ocr_line' id='line_1_3' title="bbox 255 643 1853 722; baseline -0.006 -18"><span class='ocrx_word' id='word_1_16' title='bbox 255 652 350 722; x_wconf 81' lang='grc' dir='ltr'>τὴν</span> <span class='ocrx_word' id='word_1_17' title='bbox 389 648 557 720; x_wconf 80' lang='grc' dir='ltr'>φύσιν</span> <span class='ocrx_word' id='word_1_18' title='bbox 595 647 777 717; x_wconf 53' lang='lat' dir='ltr'>urar</span> <span class='ocrx_word' id='word_1_19' title='bbox 806 646 907 718; x_wconf 79' lang='grc' dir='ltr'>τὴν</span> <span class='ocrx_word' id='word_1_20' title='bbox 941 644 1114 718; x_wconf 81' lang='grc' dir='ltr'>αὐτὴν</span> <span class='ocrx_word' id='word_1_21' title='bbox 1145 644 1299 717; x_wconf 74' lang='grc' dir='ltr'>ἔχετε</span> <span class='ocrx_word' id='word_1_22' title='bbox 1328 643 1511 716; x_wconf 80' lang='grc' dir='ltr'>ψυχὴν</span> <span class='ocrx_word' id='word_1_23' title='bbox 1552 644 1714 715; x_wconf 87' lang='grc' dir='ltr'>ὑμεῖς</span> <span class='ocrx_word' id='word_1_24' title='bbox 1750 644 1853 696; x_wconf 84' lang='grc' dir='ltr'>κά·</span> 
     </span>
    </p>
   </div>
   <div class='ocr_carea' id='block_1_4' title="bbox 255 724 1853 800">
    <p class='ocr_par' dir='ltr' id='par_1_4' title="bbox 255 724 1853 800">
     <span class='ocr_line' id='line_1_4' title="bbox 255 724 1853 800; baseline -0.005 -13"><span class='ocrx_word' id='word_1_25' title='bbox 255 734 453 797; x_wconf 79' lang='grc' dir='ltr'>κεῖνοι,</span> <span class='ocrx_word' id='word_1_26' title='bbox 497 729 602 795; x_wconf 88' lang='grc' dir='ltr'>τάς</span> <span class='ocrx_word' id='word_1_27' title='bbox 633 728 807 793; x_wconf 87' lang='grc' dir='ltr'>αὑτάς</span> <span class='ocrx_word' id='word_1_28' title='bbox 852 729 1008 800; x_wconf 65' lang='lat' dir='ltr'>[xc-ts</span> <span class='ocrx_word' id='word_1_29' title='bbox 1061 727 1359 799; x_wconf 83' lang='grc' dir='ltr'>ἐπιθυμίας</span> <span class='ocrx_word' id='word_1_30' title='bbox 1405 726 1505 791; x_wconf 76' lang='grc' dir='ltr'>τάς</span> <span class='ocrx_word' id='word_1_31' title='bbox 1556 726 1711 798; x_wconf 85' lang='grc' dir='ltr'>παρά</span> <span class='ocrx_word' id='word_1_32' title='bbox 1751 724 1853 795; x_wconf 86' lang='grc' dir='ltr'>τῆς</span> 
     </span>
    </p>
   </div>
   <div class='ocr_carea' id='block_1_5' title="bbox 258 808 1851 885">
    <p class='ocr_par' dir='ltr' id='par_1_5' title="bbox 258 808 1851 885">
     <span class='ocr_line' id='line_1_5' title="bbox 258 808 1851 885; baseline -0.003 -17"><span class='ocrx_word' id='word_1_33' title='bbox 258 813 499 885; x_wconf 56' lang='grc' dir='ltr'>φύσεωςκ</span> <span class='ocrx_word' id='word_1_34' title='bbox 530 813 650 878; x_wconf 88' lang='grc' dir='ltr'>πῶς</span> <span class='ocrx_word' id='word_1_35' title='bbox 676 808 773 868; x_wconf 81' lang='grc' dir='ltr'>οὖν</span> <span class='ocrx_word' id='word_1_36' title='bbox 807 813 908 867; x_wconf 83' lang='grc' dir='ltr'>οὐκ</span> <span class='ocrx_word' id='word_1_37' title='bbox 933 815 992 869; x_wconf 85' lang='grc' dir='ltr'>ἐν</span> <span class='ocrx_word' id='word_1_38' title='bbox 1022 814 1137 877; x_wconf 88' lang='grc' dir='ltr'>τοῖς</span> <span class='ocrx_word' id='word_1_39' title='bbox 1163 813 1351 875; x_wconf 90' lang='grc' dir='ltr'>αὑτοῖς</span> <span class='ocrx_word' id='word_1_40' title='bbox 1376 812 1539 881; x_wconf 80' lang='grc' dir='ltr'>ὑμεῖς</span> <span class='ocrx_word' id='word_1_41' title='bbox 1568 811 1851 875; x_wconf 86' lang='grc' dir='ltr'>κάκεῖνοι;</span> 
     </span>
    </p>
   </div>
   <div class='ocr_carea' id='block_1_6' title="bbox 268 891 1856 969">
    <p class='ocr_par' dir='ltr' id='par_1_6' title="bbox 268 891 1856 969">
     <span class='ocr_line' id='line_1_6' title="bbox 268 891 1856 969; baseline -0.004 -17"><span class='ocrx_word' id='word_1_42' title='bbox 268 897 487 969; x_wconf 70' lang='grc' dir='ltr'>Ἐπειδὴ</span> <span class='ocrx_word' id='word_1_43' title='bbox 516 898 574 952; x_wconf 88' lang='grc' dir='ltr'>αί</span> <span class='ocrx_word' id='word_1_44' title='bbox 606 898 958 967; x_wconf 79' lang='grc' dir='ltr'>προαιρέσεις</span> <span class='ocrx_word' id='word_1_45' title='bbox 1003 896 1105 965; x_wconf 90' lang='grc' dir='ltr'>οὑχ</span> <span class='ocrx_word' id='word_1_46' title='bbox 1154 896 1208 948; x_wconf 80' lang='grc' dir='ltr'>αἱ</span> <span class='ocrx_word' id='word_1_47' title='bbox 1256 894 1421 948; x_wconf 83' lang='grc' dir='ltr'>αὑταὶ</span> <span class='ocrx_word' id='word_1_48' title='bbox 1445 894 1472 923; x_wconf 83' lang='grc'><strong><em>⁸</em></strong></span> <span class='ocrx_word' id='word_1_49' title='bbox 1504 894 1636 964; x_wconf 85' lang='grc' dir='ltr'>ὑμῖν</span> <span class='ocrx_word' id='word_1_50' title='bbox 1666 891 1856 957; x_wconf 84' lang='grc' dir='ltr'>κάκεί-</span> 
     </span>
    </p>
   </div>
   <div class='ocr_carea' id='block_1_7' title="bbox 257 970 1855 1051">
    <p class='ocr_par' dir='ltr' id='par_1_7' title="bbox 257 970 1855 1051">
     <span class='ocr_line' id='line_1_7' title="bbox 257 970 1855 1051; baseline -0.004 -16"><span class='ocrx_word' id='word_1_51' title='bbox 257 997 390 1045; x_wconf 73' lang='grc' dir='ltr'>νοιςο</span> <span class='ocrx_word' id='word_1_52' title='bbox 420 980 517 1035; x_wconf 85' lang='grc' dir='ltr'>διὰ</span> <span class='ocrx_word' id='word_1_53' title='bbox 555 980 716 1035; x_wconf 89' lang='grc' dir='ltr'>τοῦτο</span> <span class='ocrx_word' id='word_1_54' title='bbox 757 983 957 1042; x_wconf 81' lang='grc' dir='ltr'>ἐκεῖνοι</span> <span class='ocrx_word' id='word_1_55' title='bbox 990 979 1091 1049; x_wconf 65' lang='grc' dir='ltr'>μὲν</span> <span class='ocrx_word' id='word_1_56' title='bbox 1126 970 1185 1032; x_wconf 78' lang='grc' dir='ltr'>ἐν</span> <span class='ocrx_word' id='word_1_57' title='bbox 1220 977 1429 1051; x_wconf 80' lang='grc' dir='ltr'>ἀπάτῃ,</span> <span class='ocrx_word' id='word_1_58' title='bbox 1463 976 1622 1047; x_wconf 80' lang='grc' dir='ltr'>ὑμεῖς</span> <span class='ocrx_word' id='word_1_59' title='bbox 1660 976 1719 1030; x_wconf 80' lang='grc' dir='ltr'>δέ</span> <span class='ocrx_word' id='word_1_60' title='bbox 1757 975 1855 1029; x_wconf 81' lang='grc' dir='ltr'>ἐκ·</span> 
     </span>
    </p>
   </div>
   <div class='ocr_carea' id='block_1_8' title="bbox 188 1053 1854 1135">
    <p class='ocr_par' dir='ltr' id='par_1_8' title="bbox 188 1053 1854 1135">
     <span class='ocr_line' id='line_1_8' title="bbox 188 1053 1854 1135; baseline -0.004 -16"><span class='ocrx_word' id='word_1_61' title='bbox 188 1056 196 1063; x_wconf 63' lang='grc'><strong><em>’</em></strong></span> <span class='ocrx_word' id='word_1_62' title='bbox 258 1065 342 1128; x_wconf 75' lang='grc' dir='ltr'>τὸς</span> <span class='ocrx_word' id='word_1_63' title='bbox 372 1064 476 1135; x_wconf 83' lang='grc' dir='ltr'>τῆς</span> <span class='ocrx_word' id='word_1_64' title='bbox 502 1063 739 1134; x_wconf 85' lang='grc' dir='ltr'>ἀπάτης.</span> <span class='ocrx_word' id='word_1_65' title='bbox 767 1062 844 1116; x_wconf 89' lang='grc' dir='ltr'>Οὑ</span> <span class='ocrx_word' id='word_1_66' title='bbox 874 1062 1039 1116; x_wconf 89' lang='grc' dir='ltr'>πάλιν</span> <span class='ocrx_word' id='word_1_67' title='bbox 1076 1059 1171 1115; x_wconf 78' lang='grc' dir='ltr'>τὸν</span> <span class='ocrx_word' id='word_1_68' title='bbox 1203 1053 1450 1115; x_wconf 61' lang='grc' dir='ltr'>διάϐολον</span> <span class='ocrx_word' id='word_1_69' title='bbox 1493 1059 1854 1114; x_wconf 80' lang='grc' dir='ltr'><strong>ἀπαλλάττων</strong></span> 
     </span>
    </p>
   </div>
   <div class='ocr_carea' id='block_1_9' title="bbox 260 1144 1856 1217">
    <p class='ocr_par' dir='ltr' id='par_1_9' title="bbox 260 1144 1856 1217">
     <span class='ocr_line' id='line_1_9' title="bbox 260 1144 1856 1217; baseline -0.003 -17"><span class='ocrx_word' id='word_1_70' title='bbox 260 1146 620 1217; x_wconf 81' lang='grc' dir='ltr'>ἐγκλημάτων</span> <span class='ocrx_word' id='word_1_71' title='bbox 660 1145 837 1201; x_wconf 87' lang='grc' dir='ltr'>ταῦτα</span> <span class='ocrx_word' id='word_1_72' title='bbox 883 1145 1051 1213; x_wconf 80' lang='grc' dir='ltr'>λέγω,</span> <span class='ocrx_word' id='word_1_73' title='bbox 1103 1145 1223 1200; x_wconf 77' lang='grc' dir='ltr'>ἀλλ’</span> <span class='ocrx_word' id='word_1_74' title='bbox 1251 1146 1396 1217; x_wconf 78' lang='grc' dir='ltr'>ὑμᾶς</span> <span class='ocrx_word' id='word_1_75' title='bbox 1437 1144 1856 1215; x_wconf 71' lang='grc' dir='ltr'>ἁμαρτημάτων</span> 
     </span>
    </p>
   </div>
   <div class='ocr_carea' id='block_1_10' title="bbox 261 1225 1859 1302">
    <p class='ocr_par' dir='ltr' id='par_1_10' title="bbox 261 1225 1859 1302">
     <span class='ocr_line' id='line_1_10' title="bbox 261 1225 1859 1302; baseline -0.003 -20"><span class='ocrx_word' id='word_1_76' title='bbox 261 1230 624 1302; x_wconf 81' lang='grc' dir='ltr'>ἐλευθερῶσαι</span> <span class='ocrx_word' id='word_1_77' title='bbox 674 1227 1015 1294; x_wconf 78' lang='grc' dir='ltr'>σπουδάζων.</span> <span class='ocrx_word' id='word_1_78' title='bbox 1066 1227 1312 1300; x_wconf 71' lang='grc' dir='ltr'>Πονηρὸς</span> <span class='ocrx_word' id='word_1_79' title='bbox 1355 1229 1384 1281; x_wconf 98' lang='lat'>6</span> <span class='ocrx_word' id='word_1_80' title='bbox 1411 1225 1680 1290; x_wconf 73' lang='grc' dir='ltr'>διάϐολος,</span> <span class='ocrx_word' id='word_1_81' title='bbox 1721 1227 1859 1297; x_wconf 84' lang='grc' dir='ltr'>ὁμο-</span> 
     </span>
    </p>
   </div>
   <div class='ocr_carea' id='block_1_11' title="bbox 261 1309 1858 1385">
    <p class='ocr_par' dir='ltr' id='par_1_11' title="bbox 261 1309 1858 1385">
     <span class='ocr_line' id='line_1_11' title="bbox 261 1309 1858 1385; baseline -0.001 -19"><span class='ocrx_word' id='word_1_82' title='bbox 261 1312 397 1382; x_wconf 82' lang='grc' dir='ltr'>λογῶ</span> <span class='ocrx_word' id='word_1_83' title='bbox 423 1312 603 1383; x_wconf 87' lang='grc' dir='ltr'>κάγὼ,</span> <span class='ocrx_word' id='word_1_84' title='bbox 654 1313 772 1367; x_wconf 88' lang='grc' dir='ltr'>ἀλλ’</span> <span class='ocrx_word' id='word_1_85' title='bbox 814 1312 994 1383; x_wconf 88' lang='grc' dir='ltr'>ἐαυτῷ</span> <span class='ocrx_word' id='word_1_86' title='bbox 1030 1313 1287 1385; x_wconf 82' lang='grc' dir='ltr'>πονηρὸς,</span> <span class='ocrx_word' id='word_1_87' title='bbox 1328 1313 1429 1383; x_wconf 86' lang='grc' dir='ltr'>οὑχ</span> <span class='ocrx_word' id='word_1_88' title='bbox 1460 1313 1615 1383; x_wconf 79' lang='grc' dir='ltr'>ἡμῖν,</span> <span class='ocrx_word' id='word_1_89' title='bbox 1649 1309 1717 1365; x_wconf 79' lang='grc' dir='ltr'>ἂν</span> <span class='ocrx_word' id='word_1_90' title='bbox 1759 1312 1858 1382; x_wconf 81' lang='grc' dir='ltr'>νή-</span> 
     </span>
    </p>
   </div>
   <div class='ocr_carea' id='block_1_12' title="bbox 262 1394 1855 1467">
    <p class='ocr_par' dir='ltr' id='par_1_12' title="bbox 262 1394 1855 1467">
     <span class='ocr_line' id='line_1_12' title="bbox 262 1394 1855 1467; baseline -0.001 -18"><span class='ocrx_word' id='word_1_91' title='bbox 262 1412 473 1465; x_wconf 82' lang='grc' dir='ltr'>φωμεν·</span> <span class='ocrx_word' id='word_1_92' title='bbox 509 1394 734 1467; x_wconf 86' lang='grc' dir='ltr'>τοιαύτη</span> <span class='ocrx_word' id='word_1_93' title='bbox 767 1395 879 1467; x_wconf 82' lang='grc' dir='ltr'>γὰρ</span> <span class='ocrx_word' id='word_1_94' title='bbox 923 1395 1024 1466; x_wconf 82' lang='grc' dir='ltr'>τῆς</span> <span class='ocrx_word' id='word_1_95' title='bbox 1063 1396 1263 1458; x_wconf 93' lang='grc' dir='ltr'>κακίας</span> <span class='ocrx_word' id='word_1_96' title='bbox 1296 1395 1331 1465; x_wconf 84' lang='grc' dir='ltr'><strong>ή</strong></span> <span class='ocrx_word' id='word_1_97' title='bbox 1373 1394 1567 1464; x_wconf 80' lang='grc' dir='ltr'>φύσιςο</span> <span class='ocrx_word' id='word_1_98' title='bbox 1614 1397 1724 1458; x_wconf 87' lang='grc' dir='ltr'>τοῖς</span> <span class='ocrx_word' id='word_1_99' title='bbox 1758 1412 1855 1449; x_wconf 85' lang='grc' dir='ltr'>κε-</span> 
     </span>
    </p>
   </div>
   <div class='ocr_carea' id='block_1_13' title="bbox 264 1477 1859 1551">
    <p class='ocr_par' dir='ltr' id='par_1_13' title="bbox 264 1477 1859 1551">
     <span class='ocr_line' id='line_1_13' title="bbox 264 1477 1859 1551; baseline -0.001 -19"><span class='ocrx_word' id='word_1_100' title='bbox 264 1477 550 1550; x_wconf 77' lang='grc' dir='ltr'>κτημένοις</span> <span class='ocrx_word' id='word_1_101' title='bbox 576 1479 726 1533; x_wconf 72' lang='grc' dir='ltr'>ἐστὶν</span> <span class='ocrx_word' id='word_1_102' title='bbox 766 1478 989 1551; x_wconf 86' lang='grc' dir='ltr'>ὀλεθρία</span> <span class='ocrx_word' id='word_1_103' title='bbox 1034 1478 1238 1550; x_wconf 85' lang='grc' dir='ltr'>μόνοις,</span> <span class='ocrx_word' id='word_1_104' title='bbox 1267 1479 1301 1548; x_wconf 87' lang='grc' dir='ltr'>ή</span> <span class='ocrx_word' id='word_1_105' title='bbox 1335 1477 1393 1531; x_wconf 81' lang='grc' dir='ltr'>δέ</span> <span class='ocrx_word' id='word_1_106' title='bbox 1422 1477 1595 1549; x_wconf 81' lang='grc' dir='ltr'>ἀρετὴ</span> <span class='ocrx_word' id='word_1_107' title='bbox 1634 1478 1859 1533; x_wconf 81' lang='grc' dir='ltr'>τούναν-</span> 
     </span>
    </p>
   </div>
   <div class='ocr_carea' id='block_1_14' title="bbox 264 1559 1858 1633">
    <p class='ocr_par' dir='ltr' id='par_1_14' title="bbox 264 1559 1858 1633">
     <span class='ocr_line' id='line_1_14' title="bbox 264 1559 1858 1633; baseline -0.001 -20"><span class='ocrx_word' id='word_1_108' title='bbox 264 1561 398 1618; x_wconf 75' lang='grc' dir='ltr'>τίονο</span> <span class='ocrx_word' id='word_1_109' title='bbox 424 1561 551 1632; x_wconf 81' lang='grc' dir='ltr'>οὑχὶ</span> <span class='ocrx_word' id='word_1_110' title='bbox 580 1561 710 1624; x_wconf 80' lang='grc' dir='ltr'>τοὺς</span> <span class='ocrx_word' id='word_1_111' title='bbox 754 1560 1132 1633; x_wconf 81' lang='grc' dir='ltr'>κεκτημένους</span> <span class='ocrx_word' id='word_1_112' title='bbox 1190 1560 1374 1631; x_wconf 83' lang='grc' dir='ltr'>μόνον,</span> <span class='ocrx_word' id='word_1_113' title='bbox 1419 1559 1555 1613; x_wconf 88' lang='grc' dir='ltr'>ἀλλά</span> <span class='ocrx_word' id='word_1_114' title='bbox 1588 1560 1684 1613; x_wconf 80' lang='grc' dir='ltr'>καὶ</span> <span class='ocrx_word' id='word_1_115' title='bbox 1729 1560 1858 1622; x_wconf 83' lang='grc' dir='ltr'>τοὺς</span> 
     </span>
    </p>
   </div>
   <div class='ocr_carea' id='block_1_15' title="bbox 265 1641 1858 1716">
    <p class='ocr_par' dir='ltr' id='par_1_15' title="bbox 265 1641 1858 1716">
     <span class='ocr_line' id='line_1_15' title="bbox 265 1641 1858 1716; baseline -0.002 -18"><span class='ocrx_word' id='word_1_116' title='bbox 265 1644 486 1716; x_wconf 80' lang='grc' dir='ltr'>πλησίον</span> <span class='ocrx_word' id='word_1_117' title='bbox 525 1644 756 1715; x_wconf 84' lang='grc' dir='ltr'>ὠφελεῖν</span> <span class='ocrx_word' id='word_1_118' title='bbox 794 1644 1038 1698; x_wconf 89' lang='grc' dir='ltr'>δύναται.</span> <span class='ocrx_word' id='word_1_119' title='bbox 1082 1645 1194 1697; x_wconf 78' lang='grc' dir='ltr'>Καὶ</span> <span class='ocrx_word' id='word_1_120' title='bbox 1228 1644 1316 1697; x_wconf 97' lang='lat' dir='ltr'>Eva</span> <span class='ocrx_word' id='word_1_121' title='bbox 1346 1641 1549 1715; x_wconf 82' lang='grc' dir='ltr'>μάθῃς.</span> <span class='ocrx_word' id='word_1_122' title='bbox 1580 1642 1662 1697; x_wconf 86' lang='grc' dir='ltr'>ὅτι</span> <span class='ocrx_word' id='word_1_123' title='bbox 1689 1644 1719 1696; x_wconf 89' lang='lat'>6</span> <span class='ocrx_word' id='word_1_124' title='bbox 1759 1644 1858 1714; x_wconf 85' lang='grc' dir='ltr'>μέν</span> 
     </span>
    </p>
   </div>
   <div class='ocr_carea' id='block_1_16' title="bbox 266 1725 1856 1799">
    <p class='ocr_par' dir='ltr' id='par_1_16' title="bbox 266 1725 1856 1799">
     <span class='ocr_line' id='line_1_16' title="bbox 266 1725 1856 1799; baseline -0.002 -18"><span class='ocrx_word' id='word_1_125' title='bbox 266 1727 428 1792; x_wconf 74' lang='grc' dir='ltr'>κακὸς</span> <span class='ocrx_word' id='word_1_126' title='bbox 449 1727 633 1799; x_wconf 82' lang='grc' dir='ltr'>ἐαυτῷ</span> <span class='ocrx_word' id='word_1_127' title='bbox 658 1727 850 1791; x_wconf 79' lang='grc' dir='ltr'>κακὸς,</span> <span class='ocrx_word' id='word_1_128' title='bbox 880 1729 910 1781; x_wconf 87' lang='lat'>6</span> <span class='ocrx_word' id='word_1_129' title='bbox 933 1727 990 1781; x_wconf 87' lang='grc' dir='ltr'>δὲ</span> <span class='ocrx_word' id='word_1_130' title='bbox 1015 1725 1242 1794; x_wconf 85' lang='grc' dir='ltr'>ἀγαθδς,</span> <span class='ocrx_word' id='word_1_131' title='bbox 1270 1726 1367 1779; x_wconf 78' lang='grc' dir='ltr'>καὶ</span> <span class='ocrx_word' id='word_1_132' title='bbox 1390 1726 1600 1797; x_wconf 76' lang='grc' dir='ltr'>ἑτέροις</span> <span class='ocrx_word' id='word_1_133' title='bbox 1630 1725 1856 1795; x_wconf 70' lang='grc' dir='ltr'>ἀγαθὸς,</span> 
     </span>
    </p>
   </div>
   <div class='ocr_carea' id='block_1_17' title="bbox 268 1807 1853 1883">
    <p class='ocr_par' dir='ltr' id='par_1_17' title="bbox 268 1807 1853 1883">
     <span class='ocr_line' id='line_1_17' title="bbox 268 1807 1853 1883; baseline -0.003 -19"><span class='ocrx_word' id='word_1_134' title='bbox 268 1811 577 1883; x_wconf 79' lang='grc' dir='ltr'>μαρτυρίαν</span> <span class='ocrx_word' id='word_1_135' title='bbox 606 1827 689 1863; x_wconf 90' lang='grc' dir='ltr'>σοι</span> <span class='ocrx_word' id='word_1_136' title='bbox 718 1811 950 1882; x_wconf 80' lang='grc' dir='ltr'>παρέχω</span> <span class='ocrx_word' id='word_1_137' title='bbox 975 1807 1348 1880; x_wconf 78' lang='grc' dir='ltr'>παροιμιώδη.</span> <span class='ocrx_word' id='word_1_138' title='bbox 1382 1807 1627 1873; x_wconf 79' lang='grc' dir='ltr'>Τέκνον,</span> <span class='ocrx_word' id='word_1_139' title='bbox 1665 1808 1853 1879; x_wconf 71' lang='grc' dir='ltr'>φησὶν,</span> 
     </span>
    </p>
   </div>
   <div class='ocr_carea' id='block_1_18' title="bbox 265 1889 1861 1965">
    <p class='ocr_par' dir='ltr' id='par_1_18' title="bbox 265 1889 1861 1965">
     <span class='ocr_line' id='line_1_18' title="bbox 265 1889 1861 1965; baseline -0.002 -17"><span class='ocrx_word' id='word_1_140' title='bbox 265 1894 369 1948; x_wconf 70' lang='grc' dir='ltr'>ἐὰν</span> <span class='ocrx_word' id='word_1_141' title='bbox 397 1894 590 1960; x_wconf 77' lang='grc' dir='ltr'>κακὸς</span> <span class='ocrx_word' id='word_1_142' title='bbox 619 1894 796 1965; x_wconf 75' lang='grc' dir='ltr'>γένῃ,</span> <span class='ocrx_word' id='word_1_143' title='bbox 832 1894 1024 1964; x_wconf 75' lang='grc' dir='ltr'>μόνος</span> <span class='ocrx_word' id='word_1_144' title='bbox 1055 1889 1387 1960; x_wconf 60' lang='grc' dir='ltr'>ἀνὶκίήσεις</span> <span class='ocrx_word' id='word_1_145' title='bbox 1415 1890 1488 1946; x_wconf 80' lang='grc' dir='ltr'>τὰ</span> <span class='ocrx_word' id='word_1_146' title='bbox 1530 1890 1718 1947; x_wconf 75' lang='grc' dir='ltr'>κακά’</span> <span class='ocrx_word' id='word_1_147' title='bbox 1748 1890 1861 1946; x_wconf 82' lang='grc' dir='ltr'>ἐὰν</span> 
     </span>
    </p>
   </div>
   <div class='ocr_carea' id='block_1_19' title="bbox 267 1976 1358 2049">
    <p class='ocr_par' dir='ltr' id='par_1_19' title="bbox 267 1976 1358 2049">
     <span class='ocr_line' id='line_1_19' title="bbox 267 1976 1358 2049; baseline 0 -17"><span class='ocrx_word' id='word_1_148' title='bbox 267 1977 333 2032; x_wconf 80' lang='grc' dir='ltr'>δὲ</span> <span class='ocrx_word' id='word_1_149' title='bbox 356 1978 572 2049; x_wconf 67' lang='grc' dir='ltr'>σοφὸς.</span> <span class='ocrx_word' id='word_1_150' title='bbox 601 1978 797 2045; x_wconf 75' lang='grc' dir='ltr'>ἑαυτῷ</span> <span class='ocrx_word' id='word_1_151' title='bbox 823 1978 921 2032; x_wconf 80' lang='grc' dir='ltr'>καί</span> <span class='ocrx_word' id='word_1_152' title='bbox 951 1976 1034 2044; x_wconf 81' lang='grc' dir='ltr'>τῷ</span> <span class='ocrx_word' id='word_1_153' title='bbox 1065 1978 1358 2043; x_wconf 75' lang='grc' dir='ltr'>πλησίον.</span> 
     </span>
    </p>
   </div>
   <div class='ocr_carea' id='block_1_20' title="bbox 347 2058 1861 2133">
    <p class='ocr_par' dir='ltr' id='par_1_20' title="bbox 347 2058 1861 2133">
     <span class='ocr_line' id='line_1_20' title="bbox 347 2058 1861 2133; baseline -0.001 -18"><span class='ocrx_word' id='word_1_154' title='bbox 347 2061 740 2133; x_wconf 81' lang='grc' dir='ltr'>Ἦπατήθησαν</span> <span class='ocrx_word' id='word_1_155' title='bbox 788 2063 846 2114; x_wconf 84' lang='grc' dir='ltr'>ἐν</span> <span class='ocrx_word' id='word_1_156' title='bbox 902 2063 1017 2124; x_wconf 87' lang='grc' dir='ltr'>τοῖς</span> <span class='ocrx_word' id='word_1_157' title='bbox 1074 2058 1361 2133; x_wconf 88' lang='grc' dir='ltr'>θεάτροις,</span> <span class='ocrx_word' id='word_1_158' title='bbox 1408 2059 1524 2114; x_wconf 89' lang='grc' dir='ltr'>ἀλλ’</span> <span class='ocrx_word' id='word_1_159' title='bbox 1552 2058 1711 2130; x_wconf 82' lang='grc' dir='ltr'>ὑμεῖς</span> <span class='ocrx_word' id='word_1_160' title='bbox 1758 2059 1861 2113; x_wconf 85' lang='grc' dir='ltr'>οὑκ</span> 
     </span>
    </p>
   </div>
   <div class='ocr_carea' id='block_1_21' title="bbox 198 2142 1859 2217">
    <p class='ocr_par' dir='ltr' id='par_1_21' title="bbox 198 2142 1859 2217">
     <span class='ocr_line' id='line_1_21' title="bbox 198 2142 1859 2217; baseline -0.004 -17"><span class='ocrx_word' id='word_1_161' title='bbox 198 2154 211 2162; x_wconf 66' lang='grc'><strong>⁵</strong></span> <span class='ocrx_word' id='word_1_162' title='bbox 266 2146 607 2217; x_wconf 74' lang='grc' dir='ltr'>ὴπατήθητε.</span> <span class='ocrx_word' id='word_1_163' title='bbox 659 2145 910 2216; x_wconf 80' lang='grc' dir='ltr'>Μεγίστη</span> <span class='ocrx_word' id='word_1_164' title='bbox 960 2144 1101 2214; x_wconf 78' lang='grc' dir='ltr'>αὕτη</span> <span class='ocrx_word' id='word_1_165' title='bbox 1150 2144 1499 2215; x_wconf 77' lang='grc' dir='ltr'>πραγμάτων</span> <span class='ocrx_word' id='word_1_166' title='bbox 1547 2142 1859 2210; x_wconf 78' lang='grc' dir='ltr'>ἀπόδειξις,</span> 
     </span>
    </p>
   </div>
   <div class='ocr_carea' id='block_1_22' title="bbox 267 2226 1864 2306">
    <p class='ocr_par' dir='ltr' id='par_1_22' title="bbox 267 2226 1864 2306">
     <span class='ocr_line' id='line_1_22' title="bbox 267 2226 1864 2306; baseline -0.003 -23"><span class='ocrx_word' id='word_1_167' title='bbox 267 2228 482 2300; x_wconf 74' lang='grc' dir='ltr'>ἐλεγχος</span> <span class='ocrx_word' id='word_1_168' title='bbox 526 2228 707 2299; x_wconf 77' lang='grc' dir='ltr'>σαφὴς</span> <span class='ocrx_word' id='word_1_169' title='bbox 740 2228 842 2299; x_wconf 67' lang='grc' dir='ltr'>καὶ</span> <span class='ocrx_word' id='word_1_170' title='bbox 878 2227 1140 2299; x_wconf 78' lang='grc' dir='ltr'>λογισμὸς</span> <span class='ocrx_word' id='word_1_171' title='bbox 1172 2226 1324 2306; x_wconf 72' lang='grc'>[268]</span> <span class='ocrx_word' id='word_1_172' title='bbox 1374 2228 1864 2300; x_wconf 76' lang='grc' dir='ltr'>ἀναμφισϐήτητος</span> 
     </span>
    </p>
   </div>
   <div class='ocr_carea' id='block_1_23' title="bbox 267 2308 1861 2386">
    <p class='ocr_par' dir='ltr' id='par_1_23' title="bbox 267 2308 1861 2386">
     <span class='ocr_line' id='line_1_23' title="bbox 267 2308 1861 2386; baseline -0.001 -20"><span class='ocrx_word' id='word_1_173' title='bbox 267 2312 357 2367; x_wconf 89' lang='grc' dir='ltr'>τοῦ</span> <span class='ocrx_word' id='word_1_174' title='bbox 385 2311 670 2383; x_wconf 79' lang='grc' dir='ltr'>πανταχοῦ</span> <span class='ocrx_word' id='word_1_175' title='bbox 698 2312 798 2386; x_wconf 82' lang='grc' dir='ltr'>τὴν</span> <span class='ocrx_word' id='word_1_176' title='bbox 847 2309 1171 2384; x_wconf 90' lang='grc' dir='ltr'>προαίρεσιν</span> <span class='ocrx_word' id='word_1_177' title='bbox 1223 2308 1364 2366; x_wconf 80' lang='grc' dir='ltr'>εἶναι</span> <span class='ocrx_word' id='word_1_178' title='bbox 1405 2314 1625 2385; x_wconf 87' lang='grc' dir='ltr'>κυρίαν.</span> <span class='ocrx_word' id='word_1_179' title='bbox 1671 2312 1861 2383; x_wconf 80' lang='grc' dir='ltr'>Τούτῳ</span> 
     </span>
    </p>
   </div>
   <div class='ocr_carea' id='block_1_24' title="bbox 267 2394 1859 2469">
    <p class='ocr_par' dir='ltr' id='par_1_24' title="bbox 267 2394 1859 2469">
     <span class='ocr_line' id='line_1_24' title="bbox 267 2394 1859 2469; baseline -0.011 -3"><span class='ocrx_word' id='word_1_180' title='bbox 267 2395 329 2466; x_wconf 69' lang='grc' dir='ltr'>δὴ</span> <span class='ocrx_word' id='word_1_181' title='bbox 365 2396 457 2449; x_wconf 64' lang='grc' dir='ltr'>καὶ</span> <span class='ocrx_word' id='word_1_182' title='bbox 505 2396 673 2459; x_wconf 67' lang='grc' dir='ltr'>αὐτὸς</span> <span class='ocrx_word' id='word_1_183' title='bbox 725 2394 967 2468; x_wconf 78' lang='grc' dir='ltr'>κέχρησο</span> <span class='ocrx_word' id='word_1_184' title='bbox 999 2396 1078 2467; x_wconf 79' lang='grc' dir='ltr'>τῷ</span> <span class='ocrx_word' id='word_1_185' title='bbox 1122 2397 1312 2467; x_wconf 83' lang='grc' dir='ltr'>τρόπῳ</span> <span class='ocrx_word' id='word_1_186' title='bbox 1344 2398 1442 2469; x_wconf 81' lang='grc' dir='ltr'>τῆς</span> <span class='ocrx_word' id='word_1_187' title='bbox 1491 2396 1859 2461; x_wconf 81' lang='grc' dir='ltr'>ἀποδείξεωςο</span> 
     </span>
    </p>
   </div>
   <div class='ocr_carea' id='block_1_25' title="bbox 268 2479 1863 2553">
    <p class='ocr_par' dir='ltr' id='par_1_25' title="bbox 268 2479 1863 2553">
     <span class='ocr_line' id='line_1_25' title="bbox 268 2479 1863 2553; baseline 0.001 -19"><span class='ocrx_word' id='word_1_188' title='bbox 268 2479 368 2534; x_wconf 73' lang='grc' dir='ltr'>κᾶν</span> <span class='ocrx_word' id='word_1_189' title='bbox 419 2479 539 2552; x_wconf 76' lang='grc' dir='ltr'>ῖδῃς</span> <span class='ocrx_word' id='word_1_190' title='bbox 581 2479 872 2551; x_wconf 75' lang='grc' dir='ltr'>ἄνθρωπον</span> <span class='ocrx_word' id='word_1_191' title='bbox 917 2480 977 2534; x_wconf 87' lang='grc' dir='ltr'>ἐν</span> <span class='ocrx_word' id='word_1_192' title='bbox 1023 2482 1260 2553; x_wconf 77' lang='grc' dir='ltr'>πονηρίᾳ</span> <span class='ocrx_word' id='word_1_193' title='bbox 1303 2481 1483 2546; x_wconf 77' lang='grc' dir='ltr'>ζῶντα</span> <span class='ocrx_word' id='word_1_194' title='bbox 1529 2481 1625 2535; x_wconf 81' lang='grc' dir='ltr'>καὶ</span> <span class='ocrx_word' id='word_1_195' title='bbox 1679 2482 1863 2535; x_wconf 76' lang='grc' dir='ltr'>πᾶσαν</span> 
     </span>
    </p>
   </div>
   <div class='ocr_carea' id='block_1_26' title="bbox 268 2556 1861 2635">
    <p class='ocr_par' dir='ltr' id='par_1_26' title="bbox 268 2556 1861 2635">
     <span class='ocr_line' id='line_1_26' title="bbox 268 2556 1861 2635; baseline 0 -19"><span class='ocrx_word' id='word_1_196' title='bbox 268 2563 463 2616; x_wconf 79' lang='grc' dir='ltr'>κακίαν</span> <span class='ocrx_word' id='word_1_197' title='bbox 509 2556 984 2634; x_wconf 73' lang='grc' dir='ltr'>ἐπιδεικνύμενον,</span> <span class='ocrx_word' id='word_1_198' title='bbox 1032 2559 1155 2617; x_wconf 78' lang='grc' dir='ltr'>εἶτα</span> <span class='ocrx_word' id='word_1_199' title='bbox 1211 2563 1540 2635; x_wconf 76' lang='grc' dir='ltr'>αἰτιώμενον</span> <span class='ocrx_word' id='word_1_200' title='bbox 1584 2562 1679 2617; x_wconf 89' lang='grc' dir='ltr'>τοῦ</span> <span class='ocrx_word' id='word_1_201' title='bbox 1724 2562 1861 2617; x_wconf 91' lang='grc' dir='ltr'>Θεοῦ</span> 
     </span>
    </p>
   </div>
   <div class='ocr_carea' id='block_1_27' title="bbox 266 2644 1865 2718">
    <p class='ocr_par' dir='ltr' id='par_1_27' title="bbox 266 2644 1865 2718">
     <span class='ocr_line' id='line_1_27' title="bbox 266 2644 1865 2718; baseline 0 -21"><span class='ocrx_word' id='word_1_202' title='bbox 266 2644 364 2716; x_wconf 78' lang='grc' dir='ltr'>τὴν</span> <span class='ocrx_word' id='word_1_203' title='bbox 409 2645 672 2717; x_wconf 88' lang='grc' dir='ltr'>πρόνοιαν</span> <span class='ocrx_word' id='word_1_204' title='bbox 718 2647 815 2699; x_wconf 64' lang='grc' dir='ltr'>καὶ⁵</span> <span class='ocrx_word' id='word_1_205' title='bbox 867 2645 1121 2715; x_wconf 81' lang='grc' dir='ltr'>λέγοντα,</span> <span class='ocrx_word' id='word_1_206' title='bbox 1171 2647 1255 2700; x_wconf 86' lang='grc' dir='ltr'>δτι</span> <span class='ocrx_word' id='word_1_207' title='bbox 1306 2647 1478 2718; x_wconf 85' lang='grc' dir='ltr'>τύχης</span> <span class='ocrx_word' id='word_1_208' title='bbox 1525 2648 1620 2700; x_wconf 79' lang='grc' dir='ltr'>καὶ</span> <span class='ocrx_word' id='word_1_209' title='bbox 1668 2647 1865 2718; x_wconf 77' lang='grc' dir='ltr'>εἱμαρ-</span> 
     </span>
    </p>
   </div>
   <div class='ocr_carea' id='block_1_28' title="bbox 275 2727 1865 2803">
    <p class='ocr_par' dir='ltr' id='par_1_28' title="bbox 275 2727 1865 2803">
     <span class='ocr_line' id='line_1_28' title="bbox 275 2727 1865 2803; baseline 0.002 -23"><span class='ocrx_word' id='word_1_210' title='bbox 275 2727 436 2800; x_wconf 83' lang='grc' dir='ltr'>μένης</span> <span class='ocrx_word' id='word_1_211' title='bbox 465 2729 689 2801; x_wconf 72' lang='grc' dir='ltr'>ἀνάγκη</span> <span class='ocrx_word' id='word_1_212' title='bbox 720 2730 818 2783; x_wconf 75' lang='grc' dir='ltr'>καὶ</span> <span class='ocrx_word' id='word_1_213' title='bbox 854 2730 1129 2798; x_wconf 85' lang='grc' dir='ltr'>δαιμόνων</span> <span class='ocrx_word' id='word_1_214' title='bbox 1153 2731 1430 2802; x_wconf 80' lang='grc' dir='ltr'>τυραννίδι</span> <span class='ocrx_word' id='word_1_215' title='bbox 1457 2730 1556 2802; x_wconf 86' lang='grc' dir='ltr'>τὴν</span> <span class='ocrx_word' id='word_1_216' title='bbox 1587 2732 1865 2803; x_wconf 78' lang='grc' dir='ltr'>ἡμετέραν</span> 
     </span>
    </p>
   </div>
   <div class='ocr_carea' id='block_1_29' title="bbox 271 2809 1863 2885">
    <p class='ocr_par' dir='ltr' id='par_1_29' title="bbox 271 2809 1863 2885">
     <span class='ocr_line' id='line_1_29' title="bbox 271 2809 1863 2885; baseline 0.003 -22"><span class='ocrx_word' id='word_1_217' title='bbox 271 2809 723 2881; x_wconf 78' lang='grc' dir='ltr'>ἐξέδωκεφύσιν,</span> <span class='ocrx_word' id='word_1_218' title='bbox 751 2812 847 2866; x_wconf 74' lang='grc' dir='ltr'>καὶ</span> <span class='ocrx_word' id='word_1_219' title='bbox 887 2813 1153 2867; x_wconf 82' lang='grc' dir='ltr'>πάντοθεν</span> <span class='ocrx_word' id='word_1_220' title='bbox 1193 2814 1294 2885; x_wconf 81' lang='grc' dir='ltr'>τὴν</span> <span class='ocrx_word' id='word_1_221' title='bbox 1328 2814 1507 2867; x_wconf 90' lang='grc' dir='ltr'>αἰτίαν</span> <span class='ocrx_word' id='word_1_222' title='bbox 1538 2813 1632 2884; x_wconf 85' lang='grc' dir='ltr'>ἀφ’</span> <span class='ocrx_word' id='word_1_223' title='bbox 1668 2812 1863 2867; x_wconf 88' lang='grc' dir='ltr'>ἐαυτοῦ</span> 
     </span>
    </p>
   </div>
   <div class='ocr_carea' id='block_1_30' title="bbox 274 2894 1863 2969">
    <p class='ocr_par' dir='ltr' id='par_1_30' title="bbox 274 2894 1863 2969">
     <span class='ocr_line' id='line_1_30' title="bbox 274 2894 1863 2969; baseline 0.002 -22"><span class='ocrx_word' id='word_1_224' title='bbox 274 2895 370 2965; x_wconf 78' lang='grc' dir='ltr'>μὲν</span> <span class='ocrx_word' id='word_1_225' title='bbox 401 2894 716 2964; x_wconf 85' lang='grc' dir='ltr'>ἀπάγοντα.</span> <span class='ocrx_word' id='word_1_226' title='bbox 746 2895 839 2948; x_wconf 71' lang='grc' dir='ltr'>ἐπὶ</span> <span class='ocrx_word' id='word_1_227' title='bbox 868 2894 925 2949; x_wconf 85' lang='grc' dir='ltr'>δὲ</span> <span class='ocrx_word' id='word_1_228' title='bbox 951 2895 1043 2948; x_wconf 80' lang='grc' dir='ltr'>τὸν</span> <span class='ocrx_word' id='word_1_229' title='bbox 1076 2896 1412 2969; x_wconf 71' lang='grc' dir='ltr'>δημιουργὸν</span> <span class='ocrx_word' id='word_1_230' title='bbox 1442 2898 1538 2951; x_wconf 74' lang='grc' dir='ltr'>καὶ</span> <span class='ocrx_word' id='word_1_231' title='bbox 1581 2897 1735 2951; x_wconf 89' lang='grc' dir='ltr'>τοῦδε</span> <span class='ocrx_word' id='word_1_232' title='bbox 1767 2896 1863 2950; x_wconf 90' lang='grc' dir='ltr'>τοῦ</span> 
     </span>
    </p>
   </div>
   <div class='ocr_carea' id='block_1_31' title="bbox 271 2976 1864 3052">
    <p class='ocr_par' dir='ltr' id='par_1_31' title="bbox 271 2976 1864 3052">
     <span class='ocr_line' id='line_1_31' title="bbox 271 2976 1864 3052; baseline 0 -21"><span class='ocrx_word' id='word_1_233' title='bbox 271 2977 469 3040; x_wconf 79' lang='grc' dir='ltr'>παντὸς</span> <span class='ocrx_word' id='word_1_234' title='bbox 499 2976 841 3049; x_wconf 80' lang='grc' dir='ltr'>προνοοῦντα</span> <span class='ocrx_word' id='word_1_235' title='bbox 887 2979 1301 3051; x_wconf 88' lang='grc' dir='ltr'>μεταφέροντα,</span> <span class='ocrx_word' id='word_1_236' title='bbox 1344 2980 1661 3052; x_wconf 78' lang='grc' dir='ltr'>ἀπόφραξον</span> <span class='ocrx_word' id='word_1_237' title='bbox 1699 2978 1864 3032; x_wconf 88' lang='grc' dir='ltr'>αὑτοῦ</span> 
     </span>
    </p>
   </div>
   <div class='ocr_carea' id='block_1_32' title="bbox 270 3059 1867 3133">
    <p class='ocr_par' dir='ltr' id='par_1_32' title="bbox 270 3059 1867 3133">
     <span class='ocr_line' id='line_1_32' title="bbox 270 3059 1867 3133; baseline 0.001 -20"><span class='ocrx_word' id='word_1_238' title='bbox 270 3063 329 3113; x_wconf 76' lang='grc' dir='ltr'>τὸ</span> <span class='ocrx_word' id='word_1_239' title='bbox 361 3062 558 3130; x_wconf 81' lang='grc' dir='ltr'>στόμα,</span> <span class='ocrx_word' id='word_1_240' title='bbox 605 3060 680 3131; x_wconf 85' lang='grc' dir='ltr'>μὴ</span> <span class='ocrx_word' id='word_1_241' title='bbox 730 3059 895 3132; x_wconf 79' lang='grc' dir='ltr'>λόγῳ.</span> <span class='ocrx_word' id='word_1_242' title='bbox 922 3060 1037 3114; x_wconf 76' lang='grc' dir='ltr'>ἀλλ’</span> <span class='ocrx_word' id='word_1_243' title='bbox 1065 3061 1235 3133; x_wconf 78' lang='grc' dir='ltr'>ἔργῳ,</span> <span class='ocrx_word' id='word_1_244' title='bbox 1269 3062 1545 3127; x_wconf 80' lang='grc' dir='ltr'>ἐπιδείξας</span> <span class='ocrx_word' id='word_1_245' title='bbox 1582 3061 1867 3116; x_wconf 89' lang='grc' dir='ltr'>σύνδουλον</span> 
     </span>
    </p>
   </div>
   <div class='ocr_carea' id='block_1_33' title="bbox 268 3140 1866 3216">
    <p class='ocr_par' dir='ltr' id='par_1_33' title="bbox 268 3140 1866 3216">
     <span class='ocr_line' id='line_1_33' title="bbox 268 3140 1866 3216; baseline 0.003 -21"><span class='ocrx_word' id='word_1_246' title='bbox 268 3142 453 3213; x_wconf 68' lang='grc' dir='ltr'>ἅτερον</span> <span class='ocrx_word' id='word_1_247' title='bbox 484 3147 543 3197; x_wconf 77' lang='grc' dir='ltr'>ἐν</span> <span class='ocrx_word' id='word_1_248' title='bbox 584 3145 755 3215; x_wconf 82' lang='grc' dir='ltr'>ἀρετῇ</span> <span class='ocrx_word' id='word_1_249' title='bbox 796 3140 890 3198; x_wconf 76' lang='grc' dir='ltr'>καὶ</span> <span class='ocrx_word' id='word_1_250' title='bbox 932 3146 1208 3215; x_wconf 72' lang='grc' dir='ltr'>ἐπιεικείᾳ</span> <span class='ocrx_word' id='word_1_251' title='bbox 1248 3144 1447 3209; x_wconf 80' lang='grc' dir='ltr'>ζῶντα.</span> <span class='ocrx_word' id='word_1_252' title='bbox 1479 3147 1554 3199; x_wconf 89' lang='grc' dir='ltr'>Οὑ</span> <span class='ocrx_word' id='word_1_253' title='bbox 1588 3146 1748 3216; x_wconf 87' lang='grc' dir='ltr'>χρεία</span> <span class='ocrx_word' id='word_1_254' title='bbox 1776 3146 1866 3199; x_wconf 86' lang='grc' dir='ltr'>λό-</span> 
     </span>
    </p>
   </div>
   <div class='ocr_carea' id='block_1_34' title="bbox 272 3226 1869 3299">
    <p class='ocr_par' dir='ltr' id='par_1_34' title="bbox 272 3226 1869 3299">
     <span class='ocr_line' id='line_1_34' title="bbox 272 3226 1869 3299; baseline 0.003 -21"><span class='ocrx_word' id='word_1_255' title='bbox 272 3241 380 3294; x_wconf 86' lang='grc' dir='ltr'>γων</span> <span class='ocrx_word' id='word_1_256' title='bbox 430 3226 684 3297; x_wconf 85' lang='grc' dir='ltr'>μακρῶν,</span> <span class='ocrx_word' id='word_1_257' title='bbox 729 3226 790 3279; x_wconf 91' lang='grc' dir='ltr'>οὑ</span> <span class='ocrx_word' id='word_1_258' title='bbox 830 3228 991 3298; x_wconf 87' lang='grc' dir='ltr'>χρεία</span> <span class='ocrx_word' id='word_1_259' title='bbox 1036 3227 1389 3297; x_wconf 80' lang='grc' dir='ltr'>κατασκευῆς</span> <span class='ocrx_word' id='word_1_260' title='bbox 1436 3229 1869 3299; x_wconf 82' lang='grc' dir='ltr'>συμπεπλεγμέ-</span> 
     </span>
    </p>
   </div>
   <div class='ocr_carea' id='block_1_35' title="bbox 273 3308 1869 3381">
    <p class='ocr_par' dir='ltr' id='par_1_35' title="bbox 273 3308 1869 3381">
     <span class='ocr_line' id='line_1_35' title="bbox 273 3308 1869 3381; baseline 0.001 -20"><span class='ocrx_word' id='word_1_261' title='bbox 273 3325 390 3379; x_wconf 87' lang='grc' dir='ltr'>νης,</span> <span class='ocrx_word' id='word_1_262' title='bbox 435 3309 561 3362; x_wconf 79' lang='grc' dir='ltr'>οὐδὲ</span> <span class='ocrx_word' id='word_1_263' title='bbox 594 3308 974 3380; x_wconf 87' lang='grc' dir='ltr'>συλλογισμῶν</span> <span class='ocrx_word' id='word_1_264' title='bbox 996 3326 1010 3339; x_wconf 85' lang='grc'><strong>·</strong></span> <span class='ocrx_word' id='word_1_265' title='bbox 1041 3310 1130 3364; x_wconf 82' lang='grc' dir='ltr'>διὰ</span> <span class='ocrx_word' id='word_1_266' title='bbox 1171 3311 1279 3363; x_wconf 86' lang='grc' dir='ltr'>τῶν</span> <span class='ocrx_word' id='word_1_267' title='bbox 1308 3309 1487 3381; x_wconf 76' lang='grc' dir='ltr'>ἔργων</span> <span class='ocrx_word' id='word_1_268' title='bbox 1521 3312 1555 3381; x_wconf 80' lang='grc' dir='ltr'><strong>ἡ</strong></span> <span class='ocrx_word' id='word_1_269' title='bbox 1593 3311 1869 3376; x_wconf 78' lang='grc' dir='ltr'>ἀπόδειξις</span> 
     </span>
    </p>
   </div>
   <div class='ocr_carea' id='block_1_36' title="bbox 272 3390 1869 3464">
    <p class='ocr_par' dir='ltr' id='par_1_36' title="bbox 272 3390 1869 3464">
     <span class='ocr_line' id='line_1_36' title="bbox 272 3390 1869 3464; baseline 0.003 -22"><span class='ocrx_word' id='word_1_270' title='bbox 272 3390 476 3458; x_wconf 89' lang='grc' dir='ltr'>γίνεται</span> <span class='ocrx_word' id='word_1_271' title='bbox 497 3409 512 3422; x_wconf 74' lang='grc' dir='ltr'>ο</span> <span class='ocrx_word' id='word_1_272' title='bbox 546 3392 671 3446; x_wconf 81' lang='grc' dir='ltr'>εἰπὲ</span> <span class='ocrx_word' id='word_1_273' title='bbox 704 3392 843 3464; x_wconf 78' lang='grc' dir='ltr'>πρὸς</span> <span class='ocrx_word' id='word_1_274' title='bbox 876 3393 1039 3445; x_wconf 86' lang='grc' dir='ltr'>αὐτόν</span> <span class='ocrx_word' id='word_1_275' title='bbox 1062 3410 1075 3423; x_wconf 94' lang='grc'><strong>·</strong></span> <span class='ocrx_word' id='word_1_276' title='bbox 1112 3394 1225 3446; x_wconf 79' lang='grc' dir='ltr'>Καὶ</span> <span class='ocrx_word' id='word_1_277' title='bbox 1260 3394 1326 3447; x_wconf 80' lang='grc' dir='ltr'>σὺ</span> <span class='ocrx_word' id='word_1_278' title='bbox 1363 3392 1573 3456; x_wconf 89' lang='grc' dir='ltr'>δοῦλος,</span> <span class='ocrx_word' id='word_1_279' title='bbox 1614 3394 1869 3457; x_wconf 85' lang='grc' dir='ltr'>κάκεῖνος</span> 
     </span>
    </p>
   </div>
   <div class='ocr_carea' id='block_1_37' title="bbox 269 3474 1869 3549">
    <p class='ocr_par' dir='ltr' id='par_1_37' title="bbox 269 3474 1869 3549">
     <span class='ocr_line' id='line_1_37' title="bbox 269 3474 1869 3549; baseline 0.002 -21"><span class='ocrx_word' id='word_1_280' title='bbox 269 3474 488 3539; x_wconf 84' lang='grc' dir='ltr'>δοῦλος·</span> <span class='ocrx_word' id='word_1_281' title='bbox 530 3478 630 3530; x_wconf 68' lang='grc' dir='ltr'>καὶ</span> <span class='ocrx_word' id='word_1_282' title='bbox 662 3476 728 3530; x_wconf 82' lang='grc' dir='ltr'>σὺ</span> <span class='ocrx_word' id='word_1_283' title='bbox 770 3476 1079 3549; x_wconf 79' lang='grc' dir='ltr'>ἄνθρωπος,</span> <span class='ocrx_word' id='word_1_284' title='bbox 1130 3479 1383 3541; x_wconf 88' lang='grc' dir='ltr'>κάκεῖνος</span> <span class='ocrx_word' id='word_1_285' title='bbox 1415 3477 1736 3549; x_wconf 80' lang='grc' dir='ltr'>ἄνθρωπος⁸</span> <span class='ocrx_word' id='word_1_286' title='bbox 1777 3478 1869 3531; x_wconf 72' lang='grc' dir='ltr'>τὸν</span> 
     </span>
    </p>
   </div>
   <div class='ocr_carea' id='block_1_38' title="bbox 269 3559 1869 3630">
    <p class='ocr_par' dir='ltr' id='par_1_38' title="bbox 269 3559 1869 3630">
     <span class='ocr_line' id='line_1_38' title="bbox 269 3559 1869 3630; baseline 0.001 -18"><span class='ocrx_word' id='word_1_287' title='bbox 269 3559 431 3612; x_wconf 73' lang='grc' dir='ltr'>αὑτὸν</span> <span class='ocrx_word' id='word_1_288' title='bbox 462 3559 674 3630; x_wconf 89' lang='grc' dir='ltr'>κόσμον</span> <span class='ocrx_word' id='word_1_289' title='bbox 723 3562 933 3623; x_wconf 89' lang='grc' dir='ltr'>οἰκεῖς,</span> <span class='ocrx_word' id='word_1_290' title='bbox 985 3560 1092 3614; x_wconf 87' lang='grc' dir='ltr'>ὑπὸ</span> <span class='ocrx_word' id='word_1_291' title='bbox 1142 3560 1235 3613; x_wconf 86' lang='grc' dir='ltr'>τὸν</span> <span class='ocrx_word' id='word_1_292' title='bbox 1288 3559 1452 3615; x_wconf 74' lang='grc' dir='ltr'>αὑτὸν</span> <span class='ocrx_word' id='word_1_293' title='bbox 1502 3561 1734 3630; x_wconf 85' lang='grc' dir='ltr'>οὑρανὸν</span> <span class='ocrx_word' id='word_1_294' title='bbox 1768 3560 1869 3623; x_wconf 82' lang='grc' dir='ltr'>τὰς</span> 
     </span>
    </p>
   </div>
   <div class='ocr_carea' id='block_1_39' title="bbox 272 3640 1870 3715">
    <p class='ocr_par' dir='ltr' id='par_1_39' title="bbox 272 3640 1870 3715">
     <span class='ocr_line' id='line_1_39' title="bbox 272 3640 1870 3715; baseline 0.001 -21"><span class='ocrx_word' id='word_1_295' title='bbox 272 3640 439 3707; x_wconf 78' lang='grc' dir='ltr'>αὑτὰς</span> <span class='ocrx_word' id='word_1_296' title='bbox 480 3644 660 3715; x_wconf 74' lang='grc' dir='ltr'>τρέφῃ</span> <span class='ocrx_word' id='word_1_297' title='bbox 690 3643 926 3712; x_wconf 72' lang='grc' dir='ltr'>τροφάς’</span> <span class='ocrx_word' id='word_1_298' title='bbox 961 3644 1080 3707; x_wconf 90' lang='grc' dir='ltr'>πῶς</span> <span class='ocrx_word' id='word_1_299' title='bbox 1110 3645 1173 3697; x_wconf 84' lang='grc' dir='ltr'>σὺ</span> <span class='ocrx_word' id='word_1_300' title='bbox 1219 3644 1319 3715; x_wconf 80' lang='grc' dir='ltr'>μὲν</span> <span class='ocrx_word' id='word_1_301' title='bbox 1347 3645 1405 3697; x_wconf 82' lang='grc' dir='ltr'>ἐν</span> <span class='ocrx_word' id='word_1_302' title='bbox 1439 3644 1696 3714; x_wconf 80' lang='grc' dir='ltr'>πονηρίᾳ,</span> <span class='ocrx_word' id='word_1_303' title='bbox 1729 3645 1870 3696; x_wconf 84' lang='grc' dir='ltr'>ἐκεῖ·</span> 
     </span>
    </p>
   </div>
   <div class='ocr_carea' id='block_1_40' title="bbox 271 3726 1869 3799">
    <p class='ocr_par' dir='ltr' id='par_1_40' title="bbox 271 3726 1869 3799">
     <span class='ocr_line' id='line_1_40' title="bbox 271 3726 1869 3799; baseline 0.001 -21"><span class='ocrx_word' id='word_1_304' title='bbox 271 3727 445 3790; x_wconf 66' lang='grc' dir='ltr'>νοςιδὲ</span> <span class='ocrx_word' id='word_1_305' title='bbox 472 3728 533 3779; x_wconf 84' lang='grc' dir='ltr'>ἐν</span> <span class='ocrx_word' id='word_1_306' title='bbox 565 3729 778 3799; x_wconf 57' lang='lat' dir='ltr'>(ipa-vn;</span> <span class='ocrx_word' id='word_1_307' title='bbox 813 3727 916 3781; x_wconf 87' lang='grc' dir='ltr'>Διά</span> <span class='ocrx_word' id='word_1_308' title='bbox 953 3728 1112 3781; x_wconf 86' lang='grc' dir='ltr'>τοῦτο</span> <span class='ocrx_word' id='word_1_309' title='bbox 1142 3728 1235 3781; x_wconf 78' lang='grc' dir='ltr'>καὶ</span> <span class='ocrx_word' id='word_1_310' title='bbox 1269 3730 1297 3781; x_wconf 86' lang='grc' dir='ltr'>ὁ</span> <span class='ocrx_word' id='word_1_311' title='bbox 1330 3726 1465 3790; x_wconf 83' lang='grc' dir='ltr'>Θεὸς</span> <span class='ocrx_word' id='word_1_312' title='bbox 1511 3727 1695 3797; x_wconf 78' lang='grc' dir='ltr'>ἀφῆκε</span> <span class='ocrx_word' id='word_1_313' title='bbox 1741 3728 1869 3790; x_wconf 79' lang='grc' dir='ltr'>τοὺς</span> 
     </span>
    </p>
   </div>
   <div class='ocr_carea' id='block_1_41' title="bbox 272 3810 1869 3882">
    <p class='ocr_par' dir='ltr' id='par_1_41' title="bbox 272 3810 1869 3882">
     <span class='ocr_line' id='line_1_41' title="bbox 272 3810 1869 3882; baseline 0.001 -19"><span class='ocrx_word' id='word_1_314' title='bbox 272 3812 545 3882; x_wconf 81' lang='grc' dir='ltr'>πονηροὺς</span> <span class='ocrx_word' id='word_1_315' title='bbox 574 3813 690 3874; x_wconf 89' lang='grc' dir='ltr'>τοῖς</span> <span class='ocrx_word' id='word_1_316' title='bbox 720 3812 948 3879; x_wconf 78' lang='grc' dir='ltr'>ἀγαθοῖς</span> <span class='ocrx_word' id='word_1_317' title='bbox 996 3810 1396 3882; x_wconf 85' lang='grc' dir='ltr'>ἀναμεμίχθαι.</span> <span class='ocrx_word' id='word_1_318' title='bbox 1429 3811 1527 3863; x_wconf 73' lang='grc' dir='ltr'>καὶ</span> <span class='ocrx_word' id='word_1_319' title='bbox 1555 3811 1658 3863; x_wconf 91' lang='grc' dir='ltr'>οὑκ</span> <span class='ocrx_word' id='word_1_320' title='bbox 1699 3810 1869 3882; x_wconf 82' lang='grc' dir='ltr'>ἄλλην</span> 
     </span>
    </p>
   </div>
   <div class='ocr_carea' id='block_1_42' title="bbox 270 3893 1869 3967">
    <p class='ocr_par' dir='ltr' id='par_1_42' title="bbox 270 3893 1869 3967">
     <span class='ocr_line' id='line_1_42' title="bbox 270 3893 1869 3967; baseline 0.001 -22"><span class='ocrx_word' id='word_1_321' title='bbox 270 3893 372 3963; x_wconf 78' lang='grc' dir='ltr'>μὲν</span> <span class='ocrx_word' id='word_1_322' title='bbox 414 3896 533 3957; x_wconf 84' lang='grc' dir='ltr'>τοῖς</span> <span class='ocrx_word' id='word_1_323' title='bbox 582 3897 841 3965; x_wconf 84' lang='grc' dir='ltr'>πονηροῖς</span> <span class='ocrx_word' id='word_1_324' title='bbox 883 3894 1051 3950; x_wconf 84' lang='grc' dir='ltr'>ἔδωκε</span> <span class='ocrx_word' id='word_1_325' title='bbox 1097 3898 1223 3966; x_wconf 75' lang='grc' dir='ltr'>γῆν,</span> <span class='ocrx_word' id='word_1_326' title='bbox 1274 3896 1355 3958; x_wconf 85' lang='grc' dir='ltr'>είς</span> <span class='ocrx_word' id='word_1_327' title='bbox 1407 3895 1603 3967; x_wconf 80' lang='grc' dir='ltr'>ἑτέραν</span> <span class='ocrx_word' id='word_1_328' title='bbox 1635 3894 1693 3947; x_wconf 87' lang='grc' dir='ltr'>δέ</span> <span class='ocrx_word' id='word_1_329' title='bbox 1741 3898 1869 3958; x_wconf 84' lang='grc' dir='ltr'>τοὺς</span> 
     </span>
    </p>
   </div>
   <div class='ocr_carea' id='block_1_43' title="bbox 272 3975 1869 4050">
    <p class='ocr_par' dir='ltr' id='par_1_43' title="bbox 272 3975 1869 4050">
     <span class='ocr_line' id='line_1_43' title="bbox 272 3975 1869 4050; baseline -0.001 -18"><span class='ocrx_word' id='word_1_330' title='bbox 272 3977 510 4045; x_wconf 79' lang='grc' dir='ltr'>ἀγαθοὺς</span> <span class='ocrx_word' id='word_1_331' title='bbox 535 3977 873 4050; x_wconf 75' lang='grc' dir='ltr'>οἰκουμένην</span> <span class='ocrx_word' id='word_1_332' title='bbox 896 3977 1198 4049; x_wconf 81' lang='grc' dir='ltr'>ἀπῴκισεν,</span> <span class='ocrx_word' id='word_1_333' title='bbox 1226 3977 1363 4032; x_wconf 86' lang='grc' dir='ltr'>ἀλλά</span> <span class='ocrx_word' id='word_1_334' title='bbox 1386 3977 1614 4048; x_wconf 80' lang='grc' dir='ltr'>ἀνέμιξε</span> <span class='ocrx_word' id='word_1_335' title='bbox 1644 3975 1869 4042; x_wconf 89' lang='grc' dir='ltr'>τούτους</span> 
     </span>
    </p>
   </div>
   <div class='ocr_carea' id='block_1_44' title="bbox 268 4060 1879 4133">
    <p class='ocr_par' dir='ltr' id='par_1_44' title="bbox 268 4060 1879 4133">
     <span class='ocr_line' id='line_1_44' title="bbox 268 4060 1879 4133; baseline 0.001 -21"><span class='ocrx_word' id='word_1_336' title='bbox 268 4060 538 4125; x_wconf 80' lang='grc' dir='ltr'>ἐκείνοις,</span> <span class='ocrx_word' id='word_1_337' title='bbox 591 4061 728 4115; x_wconf 83' lang='grc' dir='ltr'>πολὺ</span> <span class='ocrx_word' id='word_1_338' title='bbox 764 4062 828 4115; x_wconf 82' lang='grc' dir='ltr'>τὸ</span> <span class='ocrx_word' id='word_1_339' title='bbox 878 4064 1151 4133; x_wconf 83' lang='grc' dir='ltr'>χρήσιμον</span> <span class='ocrx_word' id='word_1_340' title='bbox 1196 4061 1588 4132; x_wconf 80' lang='grc' dir='ltr'>ἐργαζόμενος.</span> <span class='ocrx_word' id='word_1_341' title='bbox 1646 4063 1727 4133; x_wconf 20' lang='grc' dir='ltr'>Οἱ.</span> <span class='ocrx_word' id='word_1_342' title='bbox 1759 4062 1879 4133; x_wconf 79' lang='grc' dir='ltr'>γιΞιρ¹</span> 
     </span>
    </p>
   </div>
   <div class='ocr_carea' id='block_1_45' title="bbox 268 4141 1871 4216">
    <p class='ocr_par' dir='ltr' id='par_1_45' title="bbox 268 4141 1871 4216">
     <span class='ocr_line' id='line_1_45' title="bbox 268 4141 1871 4216; baseline 0.001 -20"><span class='ocrx_word' id='word_1_343' title='bbox 268 4144 468 4215; x_wconf 73' lang='grc' dir='ltr'>ἀγαθοὶ</span> <span class='ocrx_word' id='word_1_344' title='bbox 495 4144 862 4216; x_wconf 83' lang='grc' dir='ltr'>δοκιμώτεροι</span> <span class='ocrx_word' id='word_1_345' title='bbox 892 4146 1193 4214; x_wconf 81' lang='grc' dir='ltr'>φαίνονται,</span> <span class='ocrx_word' id='word_1_346' title='bbox 1222 4147 1280 4197; x_wconf 84' lang='grc' dir='ltr'>ἐν</span> <span class='ocrx_word' id='word_1_347' title='bbox 1312 4144 1465 4216; x_wconf 86' lang='grc' dir='ltr'>μέσῳ</span> <span class='ocrx_word' id='word_1_348' title='bbox 1492 4144 1599 4198; x_wconf 90' lang='grc' dir='ltr'>τῶν</span> <span class='ocrx_word' id='word_1_349' title='bbox 1628 4141 1871 4199; x_wconf 79' lang='grc' dir='ltr'>κωλυόν-</span> 
     </span>
    </p>
   </div>
   <div class='ocr_carea' id='block_1_46' title="bbox 272 4227 1870 4302">
    <p class='ocr_par' dir='ltr' id='par_1_46' title="bbox 272 4227 1870 4302">
     <span class='ocr_line' id='line_1_46' title="bbox 272 4227 1870 4302; baseline 0 -20"><span class='ocrx_word' id='word_1_350' title='bbox 272 4245 376 4283; x_wconf 88' lang='grc' dir='ltr'>των</span> <span class='ocrx_word' id='word_1_351' title='bbox 432 4230 641 4293; x_wconf 80' lang='grc' dir='ltr'>αὑτοὺς</span> <span class='ocrx_word' id='word_1_352' title='bbox 686 4228 862 4299; x_wconf 83' lang='grc' dir='ltr'>ὀρθῶς</span> <span class='ocrx_word' id='word_1_353' title='bbox 903 4227 1003 4300; x_wconf 79' lang='grc' dir='ltr'>ζῇν</span> <span class='ocrx_word' id='word_1_354' title='bbox 1053 4230 1149 4283; x_wconf 80' lang='grc' dir='ltr'>καὶ</span> <span class='ocrx_word' id='word_1_355' title='bbox 1190 4228 1326 4302; x_wconf 81' lang='grc' dir='ltr'>πρὸς</span> <span class='ocrx_word' id='word_1_356' title='bbox 1362 4229 1564 4282; x_wconf 90' lang='grc' dir='ltr'>κακίαν</span> <span class='ocrx_word' id='word_1_357' title='bbox 1602 4228 1870 4282; x_wconf 77' lang='grc' dir='ltr'>ἑλκόντων</span> 
     </span>
    </p>
   </div>
   <div class='ocr_carea' id='block_1_47' title="bbox 269 4310 1867 4383">
    <p class='ocr_par' dir='ltr' id='par_1_47' title="bbox 269 4310 1867 4383">
     <span class='ocr_line' id='line_1_47' title="bbox 269 4310 1867 4383; baseline -0.001 -18"><span class='ocrx_word' id='word_1_358' title='bbox 269 4310 422 4378; x_wconf 84' lang='grc' dir='ltr'>δντες</span> <span class='ocrx_word' id='word_1_359' title='bbox 461 4313 561 4368; x_wconf 76' lang='grc' dir='ltr'>καὶ</span> <span class='ocrx_word' id='word_1_360' title='bbox 609 4312 706 4383; x_wconf 81' lang='grc' dir='ltr'>τῆς</span> <span class='ocrx_word' id='word_1_361' title='bbox 754 4311 958 4383; x_wconf 80' lang='grc' dir='ltr'>ἀρετῆς</span> <span class='ocrx_word' id='word_1_362' title='bbox 1007 4312 1558 4382; x_wconf 81' lang='grc' dir='ltr'>ἀντιλαμϐανόμενοι.</span> <span class='ocrx_word' id='word_1_363' title='bbox 1591 4311 1694 4365; x_wconf 83' lang='grc' dir='ltr'>Δεῖ</span> <span class='ocrx_word' id='word_1_364' title='bbox 1737 4311 1867 4383; x_wconf 86' lang='grc' dir='ltr'>γὰρ,</span> 
     </span>
    </p>
   </div>
   <div class='ocr_carea' id='block_1_48' title="bbox 273 4391 1872 4469">
    <p class='ocr_par' dir='ltr' id='par_1_48' title="bbox 273 4391 1872 4469">
     <span class='ocr_line' id='line_1_48' title="bbox 273 4391 1872 4469; baseline -0.001 -19"><span class='ocrx_word' id='word_1_365' title='bbox 273 4398 424 4469; x_wconf 68' lang='grc' dir='ltr'>φησὶ,</span> <span class='ocrx_word' id='word_1_366' title='bbox 460 4396 564 4451; x_wconf 81' lang='grc' dir='ltr'>καί</span> <span class='ocrx_word' id='word_1_367' title='bbox 611 4395 875 4464; x_wconf 69' lang='grc' dir='ltr'>αἱρέσεις</span> <span class='ocrx_word' id='word_1_368' title='bbox 907 4391 1065 4450; x_wconf 79' lang='grc' dir='ltr'>εἶναι</span> <span class='ocrx_word' id='word_1_369' title='bbox 1101 4397 1171 4449; x_wconf 79' lang='grc' dir='ltr'>ἐν</span> <span class='ocrx_word' id='word_1_370' title='bbox 1212 4394 1376 4465; x_wconf 79' lang='grc' dir='ltr'>ὑμῖν,</span> <span class='ocrx_word' id='word_1_371' title='bbox 1410 4395 1514 4449; x_wconf 81' lang='grc' dir='ltr'>ἵνα</span> <span class='ocrx_word' id='word_1_372' title='bbox 1542 4398 1595 4449; x_wconf 89' lang='grc' dir='ltr'>οἱ</span> <span class='ocrx_word' id='word_1_373' title='bbox 1634 4394 1872 4464; x_wconf 75' lang='grc' dir='ltr'>δόκιμοι</span> 
     </span>
    </p>
   </div>
   <div class='ocr_carea' id='block_1_49' title="bbox 271 4478 1158 4551">
    <p class='ocr_par' dir='ltr' id='par_1_49' title="bbox 271 4478 1158 4551">
     <span class='ocr_line' id='line_1_49' title="bbox 271 4478 1158 4551; baseline 0.001 -19"><span class='ocrx_word' id='word_1_374' title='bbox 271 4480 519 4550; x_wconf 72' lang='grc' dir='ltr'>φανεροί</span> <span class='ocrx_word' id='word_1_375' title='bbox 551 4479 847 4551; x_wconf 78' lang='grc' dir='ltr'>γένωνται</span> <span class='ocrx_word' id='word_1_376' title='bbox 882 4479 956 4531; x_wconf 76' lang='grc' dir='ltr'>ἐν</span> <span class='ocrx_word' id='word_1_377' title='bbox 990 4478 1158 4548; x_wconf 83' lang='grc' dir='ltr'>ὑμῖν.</span> 
     </span>
    </p>
   </div>
   <div class='ocr_carea' id='block_1_50' title="bbox 344 4556 1872 4633">
    <p class='ocr_par' dir='ltr' id='par_1_50' title="bbox 344 4556 1872 4633">
     <span class='ocr_line' id='line_1_50' title="bbox 344 4556 1872 4633; baseline -0.003 -15"><span class='ocrx_word' id='word_1_378' title='bbox 344 4562 560 4619; x_wconf 81' lang='grc' dir='ltr'>Οὐκοῦν</span> <span class='ocrx_word' id='word_1_379' title='bbox 589 4556 687 4617; x_wconf 70' lang='grc' dir='ltr'>καὶ</span> <span class='ocrx_word' id='word_1_380' title='bbox 722 4562 811 4616; x_wconf 84' lang='grc' dir='ltr'>διὰ</span> <span class='ocrx_word' id='word_1_381' title='bbox 835 4562 994 4615; x_wconf 88' lang='grc' dir='ltr'>τοῦτο</span> <span class='ocrx_word' id='word_1_382' title='bbox 1020 4563 1147 4625; x_wconf 65' lang='grc' dir='ltr'>τοὺς</span> <span class='ocrx_word' id='word_1_383' title='bbox 1178 4561 1452 4633; x_wconf 75' lang='grc' dir='ltr'>πονηροὺς</span> <span class='ocrx_word' id='word_1_384' title='bbox 1486 4561 1702 4630; x_wconf 85' lang='grc' dir='ltr'>ἀφῆκεν</span> <span class='ocrx_word' id='word_1_385' title='bbox 1731 4557 1872 4614; x_wconf 85' lang='grc' dir='ltr'>εἶναι</span> 
     </span>
    </p>
   </div>
   <div class='ocr_carea' id='block_1_51' title="bbox 275 4646 1873 4721">
    <p class='ocr_par' dir='ltr' id='par_1_51' title="bbox 275 4646 1873 4721">
     <span class='ocr_line' id='line_1_51' title="bbox 275 4646 1873 4721; baseline -0.001 -22"><span class='ocrx_word' id='word_1_386' title='bbox 275 4646 331 4699; x_wconf 77' lang='grc' dir='ltr'>ἐν</span> <span class='ocrx_word' id='word_1_387' title='bbox 352 4646 431 4720; x_wconf 80' lang='grc' dir='ltr'>τῷ</span> <span class='ocrx_word' id='word_1_388' title='bbox 462 4647 644 4721; x_wconf 72' lang='grc' dir='ltr'>μέσῳ,</span> <span class='ocrx_word' id='word_1_389' title='bbox 668 4648 754 4701; x_wconf 79' lang='grc' dir='ltr'>ἵνα</span> <span class='ocrx_word' id='word_1_390' title='bbox 779 4649 828 4699; x_wconf 87' lang='grc' dir='ltr'>οί</span> <span class='ocrx_word' id='word_1_391' title='bbox 855 4646 1051 4714; x_wconf 74' lang='grc' dir='ltr'>ἀγαθοὶ</span> <span class='ocrx_word' id='word_1_392' title='bbox 1078 4646 1440 4717; x_wconf 49' lang='grc' dir='ltr'>διαλάμπωσι.</span> <span class='ocrx_word' id='word_1_393' title='bbox 1455 4646 1677 4715; x_wconf 83' lang='grc' dir='ltr'>μᾶλλον,</span> <span class='ocrx_word' id='word_1_394' title='bbox 1710 4646 1873 4717; x_wconf 77' lang='grc' dir='ltr'>Ὁρᾷς</span> 
     </span>
    </p>
   </div>
   <div class='ocr_carea' id='block_1_52' title="bbox 273 4728 1874 4802">
    <p class='ocr_par' dir='ltr' id='par_1_52' title="bbox 273 4728 1874 4802">
     <span class='ocr_line' id='line_1_52' title="bbox 273 4728 1874 4802; baseline -0.001 -18"><span class='ocrx_word' id='word_1_395' title='bbox 273 4731 332 4786; x_wconf 83' lang='grc' dir='ltr'>τὸ</span> <span class='ocrx_word' id='word_1_396' title='bbox 362 4732 555 4802; x_wconf 83' lang='grc' dir='ltr'>κέρδος</span> <span class='ocrx_word' id='word_1_397' title='bbox 584 4732 744 4795; x_wconf 82' lang='grc' dir='ltr'>ὃσον;</span> <span class='ocrx_word' id='word_1_398' title='bbox 786 4729 924 4784; x_wconf 78' lang='grc' dir='ltr'>Ἀλλ’</span> <span class='ocrx_word' id='word_1_399' title='bbox 954 4730 1023 4797; x_wconf 20' lang='grc' dir='ltr'>οὑξ</span> <span class='ocrx_word' id='word_1_400' title='bbox 1050 4733 1200 4802; x_wconf 86' lang='grc' dir='ltr'>παρά</span> <span class='ocrx_word' id='word_1_401' title='bbox 1224 4729 1332 4782; x_wconf 88' lang='grc' dir='ltr'>τῶν</span> <span class='ocrx_word' id='word_1_402' title='bbox 1368 4730 1623 4799; x_wconf 82' lang='grc' dir='ltr'>πονηρῶν</span> <span class='ocrx_word' id='word_1_403' title='bbox 1656 4728 1717 4782; x_wconf 76' lang='grc' dir='ltr'>τὸ</span> <span class='ocrx_word' id='word_1_404' title='bbox 1750 4731 1874 4802; x_wconf 88' lang='grc' dir='ltr'>κέρ-</span> 
     </span>
    </p>
   </div>
   <div class='ocr_carea' id='block_1_53' title="bbox 274 4811 1874 4885">
    <p class='ocr_par' dir='ltr' id='par_1_53' title="bbox 274 4811 1874 4885">
     <span class='ocr_line' id='line_1_53' title="bbox 274 4811 1874 4885; baseline -0.002 -16"><span class='ocrx_word' id='word_1_405' title='bbox 274 4814 381 4879; x_wconf 85' lang='grc' dir='ltr'>δος,</span> <span class='ocrx_word' id='word_1_406' title='bbox 408 4812 553 4868; x_wconf 65' lang='grc' dir='ltr'>’ἀλλά</span> <span class='ocrx_word' id='word_1_407' title='bbox 584 4816 742 4885; x_wconf 79' lang='grc' dir='ltr'>παρὰ</span> <span class='ocrx_word' id='word_1_408' title='bbox 773 4813 873 4884; x_wconf 84' lang='grc' dir='ltr'>τῆς</span> <span class='ocrx_word' id='word_1_409' title='bbox 899 4813 1149 4884; x_wconf 74' lang='grc' dir='ltr'>ἀνδρείας</span> <span class='ocrx_word' id='word_1_410' title='bbox 1179 4813 1289 4866; x_wconf 90' lang='grc' dir='ltr'>τῶν</span> <span class='ocrx_word' id='word_1_411' title='bbox 1318 4811 1561 4882; x_wconf 81' lang='grc' dir='ltr'>ἀγαθῶν.</span> <span class='ocrx_word' id='word_1_412' title='bbox 1590 4813 1689 4865; x_wconf 76' lang='grc' dir='ltr'>Δια</span> <span class='ocrx_word' id='word_1_413' title='bbox 1717 4812 1874 4866; x_wconf 87' lang='grc' dir='ltr'>τοῦτο</span> 
     </span>
    </p>
   </div>
   <div class='ocr_carea' id='block_1_54' title="bbox 276 4891 1875 4968">
    <p class='ocr_par' dir='ltr' id='par_1_54' title="bbox 276 4891 1875 4968">
     <span class='ocr_line' id='line_1_54' title="bbox 276 4891 1875 4968; baseline -0.001 -16"><span class='ocrx_word' id='word_1_414' title='bbox 276 4899 369 4952; x_wconf 80' lang='grc' dir='ltr'>καὶ</span> <span class='ocrx_word' id='word_1_415' title='bbox 400 4899 493 4952; x_wconf 81' lang='grc' dir='ltr'>τὸν</span> <span class='ocrx_word' id='word_1_416' title='bbox 527 4898 661 4951; x_wconf 85' lang='grc' dir='ltr'>Νῶε</span> <span class='ocrx_word' id='word_1_417' title='bbox 695 4897 1068 4968; x_wconf 76' lang='grc' dir='ltr'>θαυμάζομεν,</span> <span class='ocrx_word' id='word_1_418' title='bbox 1113 4895 1211 4966; x_wconf 86' lang='grc' dir='ltr'>οὑχ</span> <span class='ocrx_word' id='word_1_419' title='bbox 1241 4898 1321 4951; x_wconf 81' lang='grc' dir='ltr'>ὅτι</span> <span class='ocrx_word' id='word_1_420' title='bbox 1371 4893 1576 4957; x_wconf 84' lang='grc' dir='ltr'>δίκαιος</span> <span class='ocrx_word' id='word_1_421' title='bbox 1614 4891 1703 4967; x_wconf 77' lang='grc' dir='ltr'>ἦν,</span> <span class='ocrx_word' id='word_1_422' title='bbox 1753 4896 1875 4950; x_wconf 87' lang='grc' dir='ltr'>οὑδὲ</span> 
     </span>
    </p>
   </div>
   <div class='ocr_carea' id='block_1_55' title="bbox 273 4978 1872 5054">
    <p class='ocr_par' dir='ltr' id='par_1_55' title="bbox 273 4978 1872 5054">
     <span class='ocr_line' id='line_1_55' title="bbox 273 4978 1872 5054; baseline -0.004 -17"><span class='ocrx_word' id='word_1_423' title='bbox 273 4983 357 5037; x_wconf 82' lang='grc' dir='ltr'>ὅτι</span> <span class='ocrx_word' id='word_1_424' title='bbox 387 4983 601 5047; x_wconf 85' lang='grc' dir='ltr'>τέλειος</span> <span class='ocrx_word' id='word_1_425' title='bbox 635 4978 704 5054; x_wconf 82' lang='grc' dir='ltr'>ἦν</span> <span class='ocrx_word' id='word_1_426' title='bbox 737 4984 916 5053; x_wconf 88' lang='grc' dir='ltr'>μόνον,</span> <span class='ocrx_word' id='word_1_427' title='bbox 943 4980 1056 5034; x_wconf 84' lang='grc' dir='ltr'>ἀλλ’</span> <span class='ocrx_word' id='word_1_428' title='bbox 1085 4981 1167 5033; x_wconf 86' lang='grc' dir='ltr'>ὃτι</span> <span class='ocrx_word' id='word_1_429' title='bbox 1199 4983 1255 5034; x_wconf 78' lang='grc' dir='ltr'>ἐν</span> <span class='ocrx_word' id='word_1_430' title='bbox 1289 4982 1355 5051; x_wconf 79' lang='grc' dir='ltr'>τῇ</span> <span class='ocrx_word' id='word_1_431' title='bbox 1384 4982 1549 5049; x_wconf 81' lang='grc' dir='ltr'>γενεᾷ</span> <span class='ocrx_word' id='word_1_432' title='bbox 1582 4981 1768 5052; x_wconf 81' lang='grc' dir='ltr'>ἐκείνῃ</span> <span class='ocrx_word' id='word_1_433' title='bbox 1805 4982 1872 5051; x_wconf 81' lang='grc' dir='ltr'>τῇ</span> 
     </span>
    </p>
   </div>
   <div class='ocr_carea' id='block_1_56' title="bbox 274 5064 1875 5140">
    <p class='ocr_par' dir='ltr' id='par_1_56' title="bbox 274 5064 1875 5140">
     <span class='ocr_line' id='line_1_56' title="bbox 274 5064 1875 5140; baseline -0.002 -19"><span class='ocrx_word' id='word_1_434' title='bbox 274 5067 689 5140; x_wconf 74' lang='grc' dir='ltr'>διεστραμμένη</span> <span class='ocrx_word' id='word_1_435' title='bbox 734 5068 828 5124; x_wconf 73' lang='grc' dir='ltr'>καὶ</span> <span class='ocrx_word' id='word_1_436' title='bbox 874 5067 1087 5138; x_wconf 77' lang='grc' dir='ltr'>πονηρᾷ</span> <span class='ocrx_word' id='word_1_437' title='bbox 1118 5065 1341 5117; x_wconf 78' lang='grc' dir='ltr'>διέσωσε</span> <span class='ocrx_word' id='word_1_438' title='bbox 1390 5065 1487 5135; x_wconf 79' lang='grc' dir='ltr'>τὴν</span> <span class='ocrx_word' id='word_1_439' title='bbox 1525 5064 1749 5137; x_wconf 82' lang='grc' dir='ltr'>ἀρετὴν,</span> <span class='ocrx_word' id='word_1_440' title='bbox 1784 5065 1875 5117; x_wconf 80' lang='grc' dir='ltr'>ὅτε</span> 
     </span>
    </p>
   </div>
   <div class='ocr_carea' id='block_1_57' title="bbox 275 5148 1877 5223">
    <p class='ocr_par' dir='ltr' id='par_1_57' title="bbox 275 5148 1877 5223">
     <span class='ocr_line' id='line_1_57' title="bbox 275 5148 1877 5223; baseline -0.005 -16"><span class='ocrx_word' id='word_1_441' title='bbox 275 5151 373 5207; x_wconf 83' lang='grc' dir='ltr'>οὐκ</span> <span class='ocrx_word' id='word_1_442' title='bbox 400 5148 515 5223; x_wconf 80' lang='grc' dir='ltr'>εἶχε</span> <span class='ocrx_word' id='word_1_443' title='bbox 540 5151 901 5220; x_wconf 79' lang='grc' dir='ltr'>παράδειγμα</span> <span class='ocrx_word' id='word_1_444' title='bbox 927 5151 1148 5221; x_wconf 82' lang='grc' dir='ltr'>ἀρετῆς,</span> <span class='ocrx_word' id='word_1_445' title='bbox 1177 5150 1264 5201; x_wconf 77' lang='grc' dir='ltr'>ὅτε</span> <span class='ocrx_word' id='word_1_446' title='bbox 1301 5148 1499 5210; x_wconf 79' lang='grc' dir='ltr'>πάντες</span> <span class='ocrx_word' id='word_1_447' title='bbox 1537 5148 1675 5218; x_wconf 79' lang='grc' dir='ltr'>πρὸς</span> <span class='ocrx_word' id='word_1_448' title='bbox 1708 5164 1877 5219; x_wconf 83' lang='grc' dir='ltr'>πονη-</span> 
     </span>
    </p>
   </div>
   <div class='ocr_carea' id='block_1_58' title="bbox 279 5231 1878 5306">
    <p class='ocr_par' dir='ltr' id='par_1_58' title="bbox 279 5231 1878 5306">
     <span class='ocr_line' id='line_1_58' title="bbox 279 5231 1878 5306; baseline -0.003 -18"><span class='ocrx_word' id='word_1_449' title='bbox 279 5237 398 5306; x_wconf 88' lang='grc' dir='ltr'>ρίαν</span> <span class='ocrx_word' id='word_1_450' title='bbox 447 5236 617 5288; x_wconf 62' lang='grc' dir='ltr'>αὑτὸν</span> <span class='ocrx_word' id='word_1_451' title='bbox 681 5234 1054 5305; x_wconf 82' lang='grc' dir='ltr'>παρεκάλουν·</span> <span class='ocrx_word' id='word_1_452' title='bbox 1096 5233 1192 5285; x_wconf 76' lang='grc' dir='ltr'>καὶ</span> <span class='ocrx_word' id='word_1_453' title='bbox 1252 5233 1433 5283; x_wconf 80' lang='grc' dir='ltr'>πᾶσαν</span> <span class='ocrx_word' id='word_1_454' title='bbox 1493 5232 1587 5283; x_wconf 78' lang='grc' dir='ltr'>ἀπ’</span> <span class='ocrx_word' id='word_1_455' title='bbox 1625 5231 1878 5295; x_wconf 78' lang='grc' dir='ltr'>ἐναντίας</span> 
     </span>
    </p>
   </div>
   <div class='ocr_carea' id='block_1_59' title="bbox 275 5313 1877 5391">
    <p class='ocr_par' dir='ltr' id='par_1_59' title="bbox 275 5313 1877 5391">
     <span class='ocr_line' id='line_1_59' title="bbox 275 5313 1877 5391; baseline -0.004 -18"><span class='ocrx_word' id='word_1_456' title='bbox 275 5314 434 5391; x_wconf 79' lang='grc' dir='ltr'>ἦλθεν</span> <span class='ocrx_word' id='word_1_457' title='bbox 489 5320 765 5382; x_wconf 88' lang='grc' dir='ltr'>ἐκείνοις,</span> <span class='ocrx_word' id='word_1_458' title='bbox 808 5318 1062 5386; x_wconf 83' lang='grc' dir='ltr'>καθάπερ</span> <span class='ocrx_word' id='word_1_459' title='bbox 1102 5332 1182 5379; x_wconf 87' lang='grc' dir='ltr'>τις</span> <span class='ocrx_word' id='word_1_460' title='bbox 1218 5316 1397 5385; x_wconf 79' lang='grc' dir='ltr'>ὁδίτης</span> <span class='ocrx_word' id='word_1_461' title='bbox 1446 5313 1629 5383; x_wconf 86' lang='grc' dir='ltr'>πολλῷ</span> <span class='ocrx_word' id='word_1_462' title='bbox 1682 5313 1877 5385; x_wconf 85' lang='grc' dir='ltr'>πλήθει</span> 
     </span>
    </p>
   </div>
   <div class='ocr_carea' id='block_1_60' title="bbox 280 5396 1879 5476">
    <p class='ocr_par' dir='ltr' id='par_1_60' title="bbox 280 5396 1879 5476">
     <span class='ocr_line' id='line_1_60' title="bbox 280 5396 1879 5476; baseline -0.004 -20"><span class='ocrx_word' id='word_1_463' title='bbox 280 5403 423 5476; x_wconf 77' lang='grc' dir='ltr'>ῥύμη</span> <span class='ocrx_word' id='word_1_464' title='bbox 454 5402 751 5473; x_wconf 80' lang='grc' dir='ltr'>φερομένῳ</span> <span class='ocrx_word' id='word_1_465' title='bbox 782 5402 884 5473; x_wconf 82' lang='grc' dir='ltr'>τὴν</span> <span class='ocrx_word' id='word_1_466' title='bbox 917 5399 1165 5454; x_wconf 82' lang='grc' dir='ltr'>ἐναντίαν</span> <span class='ocrx_word' id='word_1_467' title='bbox 1195 5398 1394 5453; x_wconf 78' lang='grc' dir='ltr'>ὁδεύων</span> <span class='ocrx_word' id='word_1_468' title='bbox 1424 5398 1563 5451; x_wconf 85' lang='grc' dir='ltr'>ὀδόν.</span> <span class='ocrx_word' id='word_1_469' title='bbox 1590 5398 1687 5450; x_wconf 82' lang='grc' dir='ltr'>Διά</span> <span class='ocrx_word' id='word_1_470' title='bbox 1718 5396 1879 5450; x_wconf 89' lang='grc' dir='ltr'>τοῦτο</span> 
     </span>
    </p>
   </div>
   <div class='ocr_carea' id='block_1_61' title="bbox 277 5481 1880 5559">
    <p class='ocr_par' dir='ltr' id='par_1_61' title="bbox 277 5481 1880 5559">
     <span class='ocr_line' id='line_1_61' title="bbox 277 5481 1880 5559; baseline -0.004 -19"><span class='ocrx_word' id='word_1_471' title='bbox 277 5488 375 5559; x_wconf 84' lang='grc' dir='ltr'>οὐχ</span> <span class='ocrx_word' id='word_1_472' title='bbox 403 5487 596 5551; x_wconf 84' lang='grc' dir='ltr'>ἁπλῶς</span> <span class='ocrx_word' id='word_1_473' title='bbox 628 5481 773 5549; x_wconf 85' lang='grc' dir='ltr'>εἷπε,</span> <span class='ocrx_word' id='word_1_474' title='bbox 810 5483 937 5539; x_wconf 82' lang='grc' dir='ltr'>Νῶε</span> <span class='ocrx_word' id='word_1_475' title='bbox 974 5484 1224 5546; x_wconf 71' lang='grc' dir='ltr'>δίκαιος,</span> <span class='ocrx_word' id='word_1_476' title='bbox 1260 5482 1508 5547; x_wconf 76' lang='grc' dir='ltr'>τέλειος,</span> <span class='ocrx_word' id='word_1_477' title='bbox 1540 5481 1677 5534; x_wconf 80' lang='grc' dir='ltr'>ἀλλὰ</span> <span class='ocrx_word' id='word_1_478' title='bbox 1710 5499 1880 5553; x_wconf 81' lang='grc' dir='ltr'>προσ-</span> 
     </span>
    </p>
   </div>
   <div class='ocr_carea' id='block_1_62' title="bbox 284 5566 1875 5643">
    <p class='ocr_par' dir='ltr' id='par_1_62' title="bbox 284 5566 1875 5643">
     <span class='ocr_line' id='line_1_62' title="bbox 284 5566 1875 5643; baseline -0.004 -20"><span class='ocrx_word' id='word_1_479' title='bbox 284 5570 496 5643; x_wconf 77' lang='grc' dir='ltr'>έθηκεν,</span> <span class='ocrx_word' id='word_1_480' title='bbox 537 5571 609 5624; x_wconf 85' lang='grc' dir='ltr'>ἐν</span> <span class='ocrx_word' id='word_1_481' title='bbox 650 5568 729 5636; x_wconf 78' lang='grc' dir='ltr'>τῇ</span> <span class='ocrx_word' id='word_1_482' title='bbox 766 5566 944 5637; x_wconf 76' lang='grc' dir='ltr'>γενεᾷ</span> <span class='ocrx_word' id='word_1_483' title='bbox 996 5567 1204 5631; x_wconf 74' lang='grc' dir='ltr'>αὑτοῦ,</span> <span class='ocrx_word' id='word_1_484' title='bbox 1234 5568 1292 5618; x_wconf 87' lang='grc' dir='ltr'>ἐν</span> <span class='ocrx_word' id='word_1_485' title='bbox 1325 5569 1391 5636; x_wconf 83' lang='grc' dir='ltr'>τῇ</span> <span class='ocrx_word' id='word_1_486' title='bbox 1431 5566 1875 5638; x_wconf 78' lang='grc' dir='ltr'>διεστραμμένη,</span> 
     </span>
    </p>
   </div>
   <div class='ocr_carea' id='block_1_63' title="bbox 279 5644 1881 5726">
    <p class='ocr_par' dir='ltr' id='par_1_63' title="bbox 279 5644 1881 5726">
     <span class='ocr_line' id='line_1_63' title="bbox 279 5644 1881 5726; baseline -0.005 -19"><span class='ocrx_word' id='word_1_487' title='bbox 279 5654 425 5726; x_wconf 82' lang='grc' dir='ltr'>ἐντῇ</span> <span class='ocrx_word' id='word_1_488' title='bbox 468 5651 903 5723; x_wconf 82' lang='grc' dir='ltr'>ἀπεγνωσμένῃ.</span> <span class='ocrx_word' id='word_1_489' title='bbox 950 5652 1040 5704; x_wconf 85' lang='grc' dir='ltr'>ὅτε</span> <span class='ocrx_word' id='word_1_490' title='bbox 1087 5650 1240 5703; x_wconf 72' lang='grc' dir='ltr'>οὐδὲν</span> <span class='ocrx_word' id='word_1_491' title='bbox 1278 5651 1608 5720; x_wconf 85' lang='grc' dir='ltr'>ἐμπόρευμα</span> <span class='ocrx_word' id='word_1_492' title='bbox 1638 5644 1706 5718; x_wconf 85' lang='grc' dir='ltr'>ἦν</span> <span class='ocrx_word' id='word_1_493' title='bbox 1749 5649 1881 5718; x_wconf 80' lang='grc' dir='ltr'>ἁρε-</span> 
     </span>
    </p>
   </div>
   <div class='ocr_carea' id='block_1_64' title="bbox 278 5730 1882 5809">
    <p class='ocr_par' dir='ltr' id='par_1_64' title="bbox 278 5730 1882 5809">
     <span class='ocr_line' id='line_1_64' title="bbox 278 5730 1882 5809; baseline -0.007 -16"><span class='ocrx_word' id='word_1_494' title='bbox 278 5736 396 5809; x_wconf 83' lang='grc' dir='ltr'>τῆς.</span> <span class='ocrx_word' id='word_1_495' title='bbox 432 5739 561 5802; x_wconf 87' lang='grc' dir='ltr'>Τοῖς</span> <span class='ocrx_word' id='word_1_496' title='bbox 600 5738 705 5808; x_wconf 78' lang='grc' dir='ltr'>μὲν</span> <span class='ocrx_word' id='word_1_497' title='bbox 743 5732 836 5788; x_wconf 77' lang='grc' dir='ltr'>οὖν</span> <span class='ocrx_word' id='word_1_498' title='bbox 870 5734 1096 5804; x_wconf 83' lang='grc' dir='ltr'>ἀγαθοῖς</span> <span class='ocrx_word' id='word_1_499' title='bbox 1129 5734 1236 5787; x_wconf 72' lang='grc' dir='ltr'>ἀπὸ</span> <span class='ocrx_word' id='word_1_500' title='bbox 1270 5734 1378 5786; x_wconf 85' lang='grc' dir='ltr'>τῶν</span> <span class='ocrx_word' id='word_1_501' title='bbox 1421 5730 1676 5803; x_wconf 82' lang='grc' dir='ltr'>πονηρῶν</span> <span class='ocrx_word' id='word_1_502' title='bbox 1719 5731 1882 5783; x_wconf 85' lang='grc' dir='ltr'>τοῦτο</span> 
     </span>
    </p>
   </div>
   <div class='ocr_carea' id='block_1_65' title="bbox 279 5813 1871 5893">
    <p class='ocr_par' dir='ltr' id='par_1_65' title="bbox 279 5813 1871 5893">
     <span class='ocr_line' id='line_1_65' title="bbox 279 5813 1871 5893; baseline -0.005 -19"><span class='ocrx_word' id='word_1_503' title='bbox 279 5821 340 5874; x_wconf 70' lang='grc' dir='ltr'>τὸ</span> <span class='ocrx_word' id='word_1_504' title='bbox 374 5820 565 5893; x_wconf 73' lang='grc' dir='ltr'>κέρδος</span> <span class='ocrx_word' id='word_1_505' title='bbox 612 5816 719 5891; x_wconf 85' lang='grc' dir='ltr'>ἦν·</span> <span class='ocrx_word' id='word_1_506' title='bbox 766 5818 909 5872; x_wconf 73' lang='grc' dir='ltr'>οὕτω</span> <span class='ocrx_word' id='word_1_507' title='bbox 956 5819 1085 5887; x_wconf 84' lang='grc' dir='ltr'>γοῦν</span> <span class='ocrx_word' id='word_1_508' title='bbox 1137 5819 1233 5872; x_wconf 71' lang='grc' dir='ltr'>καὶ</span> <span class='ocrx_word' id='word_1_509' title='bbox 1274 5816 1465 5891; x_wconf 78' lang='grc' dir='ltr'>δένδρα</span> <span class='ocrx_word' id='word_1_510' title='bbox 1513 5816 1618 5869; x_wconf 81' lang='grc' dir='ltr'>ὑπὸ</span> <span class='ocrx_word' id='word_1_511' title='bbox 1654 5813 1871 5885; x_wconf 84' lang='grc' dir='ltr'>ἀνέμων</span> 
     </span>
    </p>
   </div>
   <div class='ocr_carea' id='block_1_66' title="bbox 280 5894 1873 5977">
    <p class='ocr_par' dir='ltr' id='par_1_66' title="bbox 280 5894 1873 5977">
     <span class='ocr_line' id='line_1_66' title="bbox 280 5894 1873 5977; baseline -0.007 -18"><span class='ocrx_word' id='word_1_512' title='bbox 280 5905 531 5959; x_wconf 75' lang='grc' dir='ltr'>ἐναντίων</span> <span class='ocrx_word' id='word_1_513' title='bbox 586 5901 922 5977; x_wconf 75' lang='grc' dir='ltr'>ῥιπιζόμενα</span> <span class='ocrx_word' id='word_1_514' title='bbox 973 5894 1301 5974; x_wconf 71' lang='grc' dir='ltr'>ἰσχυρότερα</span> <span class='ocrx_word' id='word_1_515' title='bbox 1347 5901 1577 5969; x_wconf 83' lang='grc' dir='ltr'>γίνεται.</span> <span class='ocrx_word' id='word_1_516' title='bbox 1612 5900 1767 5951; x_wconf 81' lang='grc' dir='ltr'>’Ἐστι</span> <span class='ocrx_word' id='word_1_517' title='bbox 1820 5895 1873 5949; x_wconf 77' lang='grc' dir='ltr'>δέ</span> 
     </span>
    </p>
   </div>
   <div class='ocr_carea' id='block_1_67' title="bbox 343 6007 1207 6075">
    <p class='ocr_par' dir='ltr' id='par_1_67' title="bbox 343 6007 1207 6075">
     <span class='ocr_line' id='line_1_67' title="bbox 343 6007 1207 6075; baseline -0.007 -14"><span class='ocrx_word' id='word_1_518' title='bbox 343 6012 368 6041; x_wconf 81' lang='grc'><strong><em>⁸</em></strong></span> <span class='ocrx_word' id='word_1_519' title='bbox 393 6011 515 6075; x_wconf 69' lang='lat' dir='ltr'>Reg.</span> <span class='ocrx_word' id='word_1_520' title='bbox 536 6014 566 6069; x_wconf 76' lang='grc' dir='ltr'>ἡ</span> <span class='ocrx_word' id='word_1_521' title='bbox 593 6009 875 6074; x_wconf 74' lang='grc' dir='ltr'>προαίρεσις</span> <span class='ocrx_word' id='word_1_522' title='bbox 898 6007 986 6071; x_wconf 70' lang='grc' dir='ltr'>οὐχ</span> <span class='ocrx_word' id='word_1_523' title='bbox 1006 6010 1035 6065; x_wconf 81' lang='grc' dir='ltr'>ἡ</span> <span class='ocrx_word' id='word_1_524' title='bbox 1072 6007 1207 6066; x_wconf 65' lang='grc' dir='ltr'>αὐτή.</span> 
     </span>
    </p>
   </div>
   <div class='ocr_carea' id='block_1_68' title="bbox 1180 340 2504 422">
    <p class='ocr_par' dir='ltr' id='par_1_68' title="bbox 1180 340 2504 422">
     <span class='ocr_line' id='line_1_68' title="bbox 1180 340 2504 422; baseline -0.007 0"><span class='ocrx_word' id='word_1_525' title='bbox 1180 364 1270 422; x_wconf 85' lang='lat' dir='ltr'><strong><em>DE</em></strong></span> <span class='ocrx_word' id='word_1_526' title='bbox 1309 360 1607 421; x_wconf 63' lang='lat' dir='ltr'>omnem</span> <span class='ocrx_word' id='word_1_527' title='bbox 1648 340 2093 419; x_wconf 72' lang='lat' dir='ltr'>TENTATORE.</span> <span class='ocrx_word' id='word_1_528' title='bbox 2140 360 2374 419; x_wconf 68' lang='lat' dir='ltr'>nom.</span> <span class='ocrx_word' id='word_1_529' title='bbox 2415 359 2504 415; x_wconf 84' lang='grc' dir='ltr'>ιιι.</span> 
     </span>
    </p>
   </div>
   <div class='ocr_carea' id='block_1_69' title="bbox 3357 363 3555 424">
    <p class='ocr_par' dir='ltr' id='par_1_69' title="bbox 3357 363 3555 424">
     <span class='ocr_line' id='line_1_69' title="bbox 3357 363 3555 424; baseline -0.01 0"><span class='ocrx_word' id='word_1_530' title='bbox 3357 363 3555 424; x_wconf 72' lang='grc'><strong>,986</strong></span> 
     </span>
    </p>
   </div>
   <div class='ocr_carea' id='block_1_70' title="bbox 1953 470 3554 546">
    <p class='ocr_par' dir='ltr' id='par_1_70' title="bbox 1953 470 3554 546">
     <span class='ocr_line' id='line_1_70' title="bbox 1953 470 3554 546; baseline 0.001 -16"><span class='ocrx_word' id='word_1_531' title='bbox 1953 475 2051 531; x_wconf 74' lang='grc' dir='ltr'>καὶ</span> <span class='ocrx_word' id='word_1_532' title='bbox 2088 476 2203 539; x_wconf 86' lang='grc' dir='ltr'>τοῖς</span> <span class='ocrx_word' id='word_1_533' title='bbox 2249 475 2510 544; x_wconf 84' lang='grc' dir='ltr'>πονηροῖς</span> <span class='ocrx_word' id='word_1_534' title='bbox 2561 470 2753 545; x_wconf 81' lang='grc' dir='ltr'>κέρδος</span> <span class='ocrx_word' id='word_1_535' title='bbox 2806 471 2917 527; x_wconf 81' lang='grc' dir='ltr'>ἀπὸ</span> <span class='ocrx_word' id='word_1_536' title='bbox 2959 472 3062 544; x_wconf 82' lang='grc' dir='ltr'>τῆς</span> <span class='ocrx_word' id='word_1_537' title='bbox 3111 473 3395 546; x_wconf 80' lang='grc' dir='ltr'>ἐπιμιξίας</span> <span class='ocrx_word' id='word_1_538' title='bbox 3440 477 3554 532; x_wconf 81' lang='grc' dir='ltr'>τῶν</span> 
     </span>
    </p>
   </div>
   <div class='ocr_carea' id='block_1_71' title="bbox 1953 556 3553 632">
    <p class='ocr_par' dir='ltr' id='par_1_71' title="bbox 1953 556 3553 632">
     <span class='ocr_line' id='line_1_71' title="bbox 1953 556 3553 632; baseline 0.001 -17"><span class='ocrx_word' id='word_1_539' title='bbox 1953 557 2211 628; x_wconf 63' lang='grc' dir='ltr'>ἀγαθῶν</span> <span class='ocrx_word' id='word_1_540' title='bbox 2265 558 2565 623; x_wconf 79' lang='grc' dir='ltr'>αἰδοῦνται,</span> <span class='ocrx_word' id='word_1_541' title='bbox 2616 556 2985 629; x_wconf 84' lang='grc' dir='ltr'>αἰσχύνονται,</span> <span class='ocrx_word' id='word_1_542' title='bbox 3032 557 3364 632; x_wconf 88' lang='grc' dir='ltr'>ἐρυθριῶσιν</span> <span class='ocrx_word' id='word_1_543' title='bbox 3409 560 3553 616; x_wconf 84' lang='grc' dir='ltr'>ἐκεί-</span> 
     </span>
    </p>
   </div>
   <div class='ocr_carea' id='block_1_72' title="bbox 1954 640 3553 715">
    <p class='ocr_par' dir='ltr' id='par_1_72' title="bbox 1954 640 3553 715">
     <span class='ocr_line' id='line_1_72' title="bbox 1954 640 3553 715; baseline -0.001 -18"><span class='ocrx_word' id='word_1_544' title='bbox 1954 660 2099 706; x_wconf 90' lang='grc' dir='ltr'>νους,</span> <span class='ocrx_word' id='word_1_545' title='bbox 2133 643 2237 697; x_wconf 80' lang='grc' dir='ltr'>κάν</span> <span class='ocrx_word' id='word_1_546' title='bbox 2271 642 2347 714; x_wconf 76' lang='grc' dir='ltr'>μὴ</span> <span class='ocrx_word' id='word_1_547' title='bbox 2379 641 2661 696; x_wconf 83' lang='grc' dir='ltr'>ἀποστῶσι</span> <span class='ocrx_word' id='word_1_548' title='bbox 2696 642 2797 712; x_wconf 83' lang='grc' dir='ltr'>τῆς</span> <span class='ocrx_word' id='word_1_549' title='bbox 2826 640 3047 704; x_wconf 87' lang='grc' dir='ltr'>κακίας,</span> <span class='ocrx_word' id='word_1_550' title='bbox 3073 641 3189 695; x_wconf 78' lang='grc' dir='ltr'>ἀλλ’</span> <span class='ocrx_word' id='word_1_551' title='bbox 3218 642 3370 714; x_wconf 83' lang='grc' dir='ltr'>ὅμως</span> <span class='ocrx_word' id='word_1_552' title='bbox 3410 645 3553 715; x_wconf 68' lang='grc' dir='ltr'>μετὰ</span> 
     </span>
    </p>
   </div>
   <div class='ocr_carea' id='block_1_73' title="bbox 1952 724 3555 800">
    <p class='ocr_par' dir='ltr' id='par_1_73' title="bbox 1952 724 3555 800">
     <span class='ocr_line' id='line_1_73' title="bbox 1952 724 3555 800; baseline 0.003 -21"><span class='ocrx_word' id='word_1_553' title='bbox 1952 725 2049 782; x_wconf 90' lang='grc' dir='ltr'>τοῦ</span> <span class='ocrx_word' id='word_1_554' title='bbox 2078 724 2365 780; x_wconf 86' lang='grc' dir='ltr'>λανθάνειν</span> <span class='ocrx_word' id='word_1_555' title='bbox 2397 724 2671 797; x_wconf 85' lang='grc' dir='ltr'>τολμῶσιν</span> <span class='ocrx_word' id='word_1_556' title='bbox 2712 724 3181 798; x_wconf 72' lang='grc' dir='ltr'>ἅπερ-τολμῶσιν.</span> <span class='ocrx_word' id='word_1_557' title='bbox 3227 726 3302 780; x_wconf 86' lang='grc' dir='ltr'>οὑ</span> <span class='ocrx_word' id='word_1_558' title='bbox 3354 727 3555 800; x_wconf 79' lang='grc' dir='ltr'>μικρὸν</span> 
     </span>
    </p>
   </div>
   <div class='ocr_carea' id='block_1_74' title="bbox 1953 808 3585 884">
    <p class='ocr_par' dir='ltr' id='par_1_74' title="bbox 1953 808 3585 884">
     <span class='ocr_line' id='line_1_74' title="bbox 1953 808 3585 884; baseline 0.002 -21"><span class='ocrx_word' id='word_1_559' title='bbox 1953 808 2012 863; x_wconf 79' lang='grc' dir='ltr'>δέ</span> <span class='ocrx_word' id='word_1_560' title='bbox 2046 809 2229 877; x_wconf 80' lang='grc' dir='ltr'>τοῦτο,</span> <span class='ocrx_word' id='word_1_561' title='bbox 2269 808 2344 881; x_wconf 77' lang='grc' dir='ltr'>μὴ</span> <span class='ocrx_word' id='word_1_562' title='bbox 2377 808 2523 881; x_wconf 76' lang='grc' dir='ltr'>ἐχειν</span> <span class='ocrx_word' id='word_1_563' title='bbox 2566 809 3139 881; x_wconf 74' lang='grc' dir='ltr'>πεπαρρησιασμένην</span> <span class='ocrx_word' id='word_1_564' title='bbox 3177 810 3277 883; x_wconf 82' lang='grc' dir='ltr'>τὴν</span> <span class='ocrx_word' id='word_1_565' title='bbox 3313 828 3585 884; x_wconf 65' lang='grc' dir='ltr'>παρανο-,</span> 
     </span>
    </p>
   </div>
   <div class='ocr_carea' id='block_1_75' title="bbox 1959 892 3554 971">
    <p class='ocr_par' dir='ltr' id='par_1_75' title="bbox 1959 892 3554 971">
     <span class='ocr_line' id='line_1_75' title="bbox 1959 892 3554 971; baseline 0.003 -25"><span class='ocrx_word' id='word_1_566' title='bbox 1959 892 2090 964; x_wconf 88' lang='grc' dir='ltr'>μίαν</span> <span class='ocrx_word' id='word_1_567' title='bbox 2109 908 2125 923; x_wconf 78' lang='grc' dir='ltr'>ο</span> <span class='ocrx_word' id='word_1_568' title='bbox 2155 894 2185 947; x_wconf 94' lang='lat'>6</span> <span class='ocrx_word' id='word_1_569' title='bbox 2220 892 2330 965; x_wconf 88' lang='grc' dir='ltr'>γάρ</span> <span class='ocrx_word' id='word_1_570' title='bbox 2357 893 2465 947; x_wconf 89' lang='grc' dir='ltr'>τῶν</span> <span class='ocrx_word' id='word_1_571' title='bbox 2512 892 2687 971; x_wconf 84' lang='grc' dir='ltr'>ἀλλων</span> <span class='ocrx_word' id='word_1_572' title='bbox 2717 893 3167 966; x_wconf 81' lang='grc' dir='ltr'>βίοςκατήγορος</span> <span class='ocrx_word' id='word_1_573' title='bbox 3203 895 3305 965; x_wconf 84' lang='grc' dir='ltr'>τῆς</span> <span class='ocrx_word' id='word_1_574' title='bbox 3344 895 3554 951; x_wconf 88' lang='grc' dir='ltr'>τούτων</span> 
     </span>
    </p>
   </div>
   <div class='ocr_carea' id='block_1_76' title="bbox 1956 971 3554 1048">
    <p class='ocr_par' dir='ltr' id='par_1_76' title="bbox 1956 971 3554 1048">
     <span class='ocr_line' id='line_1_76' title="bbox 1956 971 3554 1048; baseline 0.002 -17"><span class='ocrx_word' id='word_1_575' title='bbox 1956 977 2158 1041; x_wconf 88' lang='grc' dir='ltr'>κακίας</span> <span class='ocrx_word' id='word_1_576' title='bbox 2183 971 2412 1046; x_wconf 84' lang='grc' dir='ltr'>γίνεται.</span> <span class='ocrx_word' id='word_1_577' title='bbox 2443 977 2712 1031; x_wconf 81' lang='grc' dir='ltr'>’Δκουσον</span> <span class='ocrx_word' id='word_1_578' title='bbox 2758 975 2892 1046; x_wconf 87' lang='grc' dir='ltr'>γοῦν</span> <span class='ocrx_word' id='word_1_579' title='bbox 2925 976 2977 1030; x_wconf 88' lang='grc' dir='ltr'>τί</span> <span class='ocrx_word' id='word_1_580' title='bbox 3004 994 3136 1045; x_wconf 87' lang='grc' dir='ltr'>φασι</span> <span class='ocrx_word' id='word_1_581' title='bbox 3170 979 3300 1048; x_wconf 74' lang='grc' dir='ltr'>περὶ</span> <span class='ocrx_word' id='word_1_582' title='bbox 3334 977 3430 1032; x_wconf 90' lang='grc' dir='ltr'>τοῦ</span> <span class='ocrx_word' id='word_1_583' title='bbox 3475 979 3554 1034; x_wconf 88' lang='grc' dir='ltr'>δι-</span> 
     </span>
    </p>
   </div>
   <div class='ocr_carea' id='block_1_77' title="bbox 1957 1060 3551 1132">
    <p class='ocr_par' dir='ltr' id='par_1_77' title="bbox 1957 1060 3551 1132">
     <span class='ocr_line' id='line_1_77' title="bbox 1957 1060 3551 1132; baseline 0.001 -18"><span class='ocrx_word' id='word_1_584' title='bbox 1957 1060 2143 1114; x_wconf 87' lang='grc' dir='ltr'>καίου·</span> <span class='ocrx_word' id='word_1_585' title='bbox 2194 1062 2418 1130; x_wconf 84' lang='grc' dir='ltr'>Βαρύς“</span> <span class='ocrx_word' id='word_1_586' title='bbox 2444 1061 2618 1115; x_wconf 84' lang='grc' dir='ltr'>ἐστιν</span> <span class='ocrx_word' id='word_1_587' title='bbox 2660 1060 2809 1131; x_wconf 78' lang='grc' dir='ltr'>ἡμῖν</span> <span class='ocrx_word' id='word_1_588' title='bbox 2858 1061 2959 1115; x_wconf 80' lang='grc' dir='ltr'>καί</span> <span class='ocrx_word' id='word_1_589' title='bbox 3020 1062 3429 1132; x_wconf 74' lang='grc' dir='ltr'>βλεπόμενος.</span> <span class='ocrx_word' id='word_1_590' title='bbox 3474 1064 3551 1117; x_wconf 88' lang='grc' dir='ltr'>Οὑ</span> 
     </span>
    </p>
   </div>
   <div class='ocr_carea' id='block_1_78' title="bbox 1961 1133 3551 1218">
    <p class='ocr_par' dir='ltr' id='par_1_78' title="bbox 1961 1133 3551 1218">
     <span class='ocr_line' id='line_1_78' title="bbox 1961 1133 3551 1218; baseline 0.001 -20"><span class='ocrx_word' id='word_1_591' title='bbox 1961 1144 2133 1216; x_wconf 80' lang='grc' dir='ltr'>μικρὰ</span> <span class='ocrx_word' id='word_1_592' title='bbox 2167 1144 2224 1197; x_wconf 82' lang='grc' dir='ltr'>δὲ</span> <span class='ocrx_word' id='word_1_593' title='bbox 2269 1144 2413 1216; x_wconf 83' lang='grc' dir='ltr'>ἁρχὴ</span> <span class='ocrx_word' id='word_1_594' title='bbox 2443 1133 2785 1214; x_wconf 75' lang='grc' dir='ltr'>δίορθώσεως</span> <span class='ocrx_word' id='word_1_595' title='bbox 2819 1143 2881 1197; x_wconf 80' lang='grc' dir='ltr'>τὸ</span> <span class='ocrx_word' id='word_1_596' title='bbox 2923 1144 3216 1199; x_wconf 85' lang='grc' dir='ltr'>δάκνεσθαι</span> <span class='ocrx_word' id='word_1_597' title='bbox 3267 1146 3435 1200; x_wconf 89' lang='grc' dir='ltr'>αὑτοῦ</span> <span class='ocrx_word' id='word_1_598' title='bbox 3480 1150 3551 1218; x_wconf 80' lang='grc' dir='ltr'>τῇ</span> 
     </span>
    </p>
   </div>
   <div class='ocr_carea' id='block_1_79' title="bbox 1959 1225 3557 1301">
    <p class='ocr_par' dir='ltr' id='par_1_79' title="bbox 1959 1225 3557 1301">
     <span class='ocr_line' id='line_1_79' title="bbox 1959 1225 3557 1301; baseline 0.001 -20"><span class='ocrx_word' id='word_1_599' title='bbox 1959 1226 2266 1299; x_wconf 77' lang='grc' dir='ltr'>παρουσίᾳο</span> <span class='ocrx_word' id='word_1_600' title='bbox 2298 1229 2393 1280; x_wconf 73' lang='grc' dir='ltr'>καὶ</span> <span class='ocrx_word' id='word_1_601' title='bbox 2420 1225 2530 1298; x_wconf 83' lang='grc' dir='ltr'>γὰρ</span> <span class='ocrx_word' id='word_1_602' title='bbox 2565 1228 2611 1279; x_wconf 90' lang='grc' dir='ltr'>εἰ</span> <span class='ocrx_word' id='word_1_603' title='bbox 2642 1226 2716 1297; x_wconf 86' lang='grc' dir='ltr'>μὴ</span> <span class='ocrx_word' id='word_1_604' title='bbox 2751 1226 2975 1281; x_wconf 68' lang='grc' dir='ltr'>ἔδακνεν</span> <span class='ocrx_word' id='word_1_605' title='bbox 3003 1228 3204 1291; x_wconf 78' lang='grc' dir='ltr'>αὑτοὺς</span> <span class='ocrx_word' id='word_1_606' title='bbox 3232 1230 3265 1301; x_wconf 78' lang='grc' dir='ltr'><strong>ἡ</strong></span> <span class='ocrx_word' id='word_1_607' title='bbox 3295 1229 3419 1299; x_wconf 64' lang='grc' dir='ltr'>δῴις</span> <span class='ocrx_word' id='word_1_608' title='bbox 3454 1231 3557 1283; x_wconf 87' lang='grc' dir='ltr'>τοῦ</span> 
     </span>
    </p>
   </div>
   <div class='ocr_carea' id='block_1_80' title="bbox 1957 1306 3570 1383">
    <p class='ocr_par' dir='ltr' id='par_1_80' title="bbox 1957 1306 3570 1383">
     <span class='ocr_line' id='line_1_80' title="bbox 1957 1306 3570 1383; baseline 0.001 -19"><span class='ocrx_word' id='word_1_609' title='bbox 1957 1311 2191 1372; x_wconf 86' lang='grc' dir='ltr'>δικαίου,</span> <span class='ocrx_word' id='word_1_610' title='bbox 2233 1310 2335 1364; x_wconf 87' lang='grc' dir='ltr'>οὑκ</span> <span class='ocrx_word' id='word_1_611' title='bbox 2372 1310 2439 1364; x_wconf 82' lang='grc' dir='ltr'>ἄν</span> <span class='ocrx_word' id='word_1_612' title='bbox 2479 1310 2637 1364; x_wconf 87' lang='grc' dir='ltr'>τοῦτο</span> <span class='ocrx_word' id='word_1_613' title='bbox 2688 1306 3023 1379; x_wconf 77' lang='grc' dir='ltr'>ἐφθέγξαντο</span> <span class='ocrx_word' id='word_1_614' title='bbox 3056 1310 3117 1364; x_wconf 74' lang='grc' dir='ltr'>τὸ</span> <span class='ocrx_word' id='word_1_615' title='bbox 3167 1311 3339 1383; x_wconf 79' lang='grc' dir='ltr'>ῥῆμα·</span> <span class='ocrx_word' id='word_1_616' title='bbox 3375 1312 3451 1371; x_wconf 62' lang='grc' dir='ltr'>αδ</span> <span class='ocrx_word' id='word_1_617' title='bbox 3496 1312 3570 1382; x_wconf 35' lang='grc' dir='ltr'>δέ,</span> 
     </span>
    </p>
   </div>
   <div class='ocr_carea' id='block_1_81' title="bbox 1957 1392 3557 1467">
    <p class='ocr_par' dir='ltr' id='par_1_81' title="bbox 1957 1392 3557 1467">
     <span class='ocr_line' id='line_1_81' title="bbox 1957 1392 3557 1467; baseline 0 -19"><span class='ocrx_word' id='word_1_618' title='bbox 1957 1394 2251 1448; x_wconf 84' lang='grc' dir='ltr'>δάκνεσθαι</span> <span class='ocrx_word' id='word_1_619' title='bbox 2276 1394 2369 1459; x_wconf 72' lang='grc' dir='ltr'>καὶ</span> <span class='ocrx_word' id='word_1_620' title='bbox 2401 1392 2701 1463; x_wconf 80' lang='grc' dir='ltr'>στύφεσθαι</span> <span class='ocrx_word' id='word_1_621' title='bbox 2728 1392 2793 1445; x_wconf 73' lang='grc' dir='ltr'>τδ</span> <span class='ocrx_word' id='word_1_622' title='bbox 2826 1394 3065 1458; x_wconf 71' lang='grc' dir='ltr'>συνειδὸς</span> <span class='ocrx_word' id='word_1_623' title='bbox 3089 1395 3198 1448; x_wconf 79' lang='grc' dir='ltr'>ἀπὸ</span> <span class='ocrx_word' id='word_1_624' title='bbox 3224 1396 3326 1466; x_wconf 80' lang='grc' dir='ltr'>τῆς</span> <span class='ocrx_word' id='word_1_625' title='bbox 3353 1413 3557 1467; x_wconf 83' lang='grc' dir='ltr'>παρου-</span> 
     </span>
    </p>
   </div>
   <div class='ocr_carea' id='block_1_82' title="bbox 1961 1476 3558 1550">
    <p class='ocr_par' dir='ltr' id='par_1_82' title="bbox 1961 1476 3558 1550">
     <span class='ocr_line' id='line_1_82' title="bbox 1961 1476 3558 1550; baseline 0.001 -18"><span class='ocrx_word' id='word_1_626' title='bbox 1961 1478 2085 1542; x_wconf 88' lang='grc' dir='ltr'>σίας</span> <span class='ocrx_word' id='word_1_627' title='bbox 2111 1478 2344 1541; x_wconf 79' lang='grc' dir='ltr'>ἐκείνου,</span> <span class='ocrx_word' id='word_1_628' title='bbox 2370 1478 2431 1530; x_wconf 88' lang='grc' dir='ltr'>οὑ</span> <span class='ocrx_word' id='word_1_629' title='bbox 2471 1478 2667 1549; x_wconf 80' lang='grc' dir='ltr'>μικρὸν</span> <span class='ocrx_word' id='word_1_630' title='bbox 2696 1476 2764 1531; x_wconf 84' lang='grc' dir='ltr'>ἂν</span> <span class='ocrx_word' id='word_1_631' title='bbox 2796 1480 2881 1548; x_wconf 84' lang='grc' dir='ltr'>είη</span> <span class='ocrx_word' id='word_1_632' title='bbox 2912 1476 3142 1548; x_wconf 84' lang='grc' dir='ltr'>κώλυμα</span> <span class='ocrx_word' id='word_1_633' title='bbox 3166 1477 3262 1532; x_wconf 87' lang='grc' dir='ltr'>τοῦ</span> <span class='ocrx_word' id='word_1_634' title='bbox 3298 1480 3373 1550; x_wconf 77' lang='grc' dir='ltr'>μὴ</span> <span class='ocrx_word' id='word_1_635' title='bbox 3417 1480 3558 1550; x_wconf 84' lang='grc' dir='ltr'>μετά</span> 
     </span>
    </p>
   </div>
   <div class='ocr_carea' id='block_1_83' title="bbox 1912 1558 3561 1637">
    <p class='ocr_par' dir='ltr' id='par_1_83' title="bbox 1912 1558 3561 1637">
     <span class='ocr_line' id='line_1_83' title="bbox 1912 1558 3561 1637; baseline 0.002 -21"><span class='ocrx_word' id='word_1_636' title='bbox 1912 1622 1921 1635; x_wconf 21' lang='grc' dir='ltr'><strong><em>κ</em></strong></span> <span class='ocrx_word' id='word_1_637' title='bbox 1959 1561 2146 1625; x_wconf 86' lang='grc' dir='ltr'>ἀδείας</span> <span class='ocrx_word' id='word_1_638' title='bbox 2174 1564 2240 1633; x_wconf 76' lang='grc' dir='ltr'>τῇ</span> <span class='ocrx_word' id='word_1_639' title='bbox 2287 1562 2526 1634; x_wconf 84' lang='grc' dir='ltr'>πονηρίᾳ</span> <span class='ocrx_word' id='word_1_640' title='bbox 2550 1563 2877 1633; x_wconf 73' lang='grc' dir='ltr'>κεχρῆσθαι.</span> <span class='ocrx_word' id='word_1_641' title='bbox 2906 1558 3063 1626; x_wconf 80' lang='grc' dir='ltr'>Εἶδες</span> <span class='ocrx_word' id='word_1_642' title='bbox 3094 1565 3261 1617; x_wconf 88' lang='grc' dir='ltr'>πόσον</span> <span class='ocrx_word' id='word_1_643' title='bbox 3290 1565 3407 1617; x_wconf 77' lang='grc' dir='ltr'>ἐστὶ</span> <span class='ocrx_word' id='word_1_644' title='bbox 3434 1565 3561 1637; x_wconf 83' lang='grc' dir='ltr'>κέρ-</span> 
     </span>
    </p>
   </div>
   <div class='ocr_carea' id='block_1_84' title="bbox 1958 1643 3558 1719">
    <p class='ocr_par' dir='ltr' id='par_1_84' title="bbox 1958 1643 3558 1719">
     <span class='ocr_line' id='line_1_84' title="bbox 1958 1643 3558 1719; baseline 0.004 -21"><span class='ocrx_word' id='word_1_645' title='bbox 1958 1643 2049 1709; x_wconf 83' lang='grc' dir='ltr'>δος</span> <span class='ocrx_word' id='word_1_646' title='bbox 2093 1646 2188 1699; x_wconf 71' lang='grc' dir='ltr'>καὶ</span> <span class='ocrx_word' id='word_1_647' title='bbox 2232 1647 2348 1711; x_wconf 90' lang='grc' dir='ltr'>τοῖς</span> <span class='ocrx_word' id='word_1_648' title='bbox 2394 1645 2623 1714; x_wconf 79' lang='grc' dir='ltr'>ἀγαθοῖς</span> <span class='ocrx_word' id='word_1_649' title='bbox 2664 1646 2774 1699; x_wconf 77' lang='grc' dir='ltr'>ἀπὸ</span> <span class='ocrx_word' id='word_1_650' title='bbox 2820 1645 2931 1699; x_wconf 89' lang='grc' dir='ltr'>τῶν</span> <span class='ocrx_word' id='word_1_651' title='bbox 2983 1648 3256 1719; x_wconf 83' lang='grc' dir='ltr'>πονηρῶν,</span> <span class='ocrx_word' id='word_1_652' title='bbox 3300 1650 3396 1702; x_wconf 73' lang='grc' dir='ltr'>καὶ</span> <span class='ocrx_word' id='word_1_653' title='bbox 3442 1653 3558 1714; x_wconf 89' lang='grc' dir='ltr'>τοῖς</span> 
     </span>
    </p>
   </div>
   <div class='ocr_carea' id='block_1_85' title="bbox 1963 1728 3556 1800">
    <p class='ocr_par' dir='ltr' id='par_1_85' title="bbox 1963 1728 3556 1800">
     <span class='ocr_line' id='line_1_85' title="bbox 1963 1728 3556 1800; baseline 0.004 -19"><span class='ocrx_word' id='word_1_654' title='bbox 1963 1731 2218 1800; x_wconf 83' lang='grc' dir='ltr'>πονηροῖς</span> <span class='ocrx_word' id='word_1_655' title='bbox 2264 1729 2374 1783; x_wconf 77' lang='grc' dir='ltr'>ἀπὸ</span> <span class='ocrx_word' id='word_1_656' title='bbox 2422 1728 2532 1782; x_wconf 90' lang='grc' dir='ltr'>τῶν</span> <span class='ocrx_word' id='word_1_657' title='bbox 2577 1728 2842 1797; x_wconf 85' lang='grc' dir='ltr'>ἀγαθῶν;</span> <span class='ocrx_word' id='word_1_658' title='bbox 2887 1728 2975 1783; x_wconf 78' lang='grc' dir='ltr'>διὰ</span> <span class='ocrx_word' id='word_1_659' title='bbox 3027 1729 3189 1785; x_wconf 82' lang='grc' dir='ltr'>τοῦτο</span> <span class='ocrx_word' id='word_1_660' title='bbox 3246 1733 3309 1785; x_wconf 84' lang='grc' dir='ltr'>οὐ</span> <span class='ocrx_word' id='word_1_661' title='bbox 3357 1733 3556 1787; x_wconf 84' lang='grc' dir='ltr'>διεῖλεν</span> 
     </span>
    </p>
   </div>
   <div class='ocr_carea' id='block_1_86' title="bbox 1960 1812 3197 1884">
    <p class='ocr_par' dir='ltr' id='par_1_86' title="bbox 1960 1812 3197 1884">
     <span class='ocr_line' id='line_1_86' title="bbox 1960 1812 3197 1884; baseline 0.002 -19"><span class='ocrx_word' id='word_1_662' title='bbox 1960 1812 2156 1876; x_wconf 83' lang='grc' dir='ltr'>αὑτοὺς</span> <span class='ocrx_word' id='word_1_663' title='bbox 2182 1815 2211 1866; x_wconf 89' lang='lat'>6</span> <span class='ocrx_word' id='word_1_664' title='bbox 2234 1812 2397 1876; x_wconf 64' lang='lat' dir='ltr'>8:6;v</span> <span class='ocrx_word' id='word_1_665' title='bbox 2419 1812 2536 1865; x_wconf 82' lang='grc' dir='ltr'>ἀλλ’</span> <span class='ocrx_word' id='word_1_666' title='bbox 2559 1812 2774 1883; x_wconf 81' lang='grc' dir='ltr'>ἀφῆκεν</span> <span class='ocrx_word' id='word_1_667' title='bbox 2798 1813 3197 1884; x_wconf 86' lang='grc' dir='ltr'>ἀναμεμίχθαι.</span> 
     </span>
    </p>
   </div>
   <div class='ocr_carea' id='block_1_87' title="bbox 2035 1894 3559 1970">
    <p class='ocr_par' dir='ltr' id='par_1_87' title="bbox 2035 1894 3559 1970">
     <span class='ocr_line' id='line_1_87' title="bbox 2035 1894 3559 1970; baseline 0.002 -20"><span class='ocrx_word' id='word_1_668' title='bbox 2035 1895 2188 1968; x_wconf 75' lang='lat'>[269]</span> <span class='ocrx_word' id='word_1_669' title='bbox 2225 1897 2293 1967; x_wconf 86' lang='grc' dir='ltr'>β’.</span> <span class='ocrx_word' id='word_1_670' title='bbox 2346 1894 2407 1950; x_wconf 74' lang='lat'>&#39;0</span> <span class='ocrx_word' id='word_1_671' title='bbox 2432 1895 2599 1958; x_wconf 71' lang='grc' dir='ltr'>αὑτὸς</span> <span class='ocrx_word' id='word_1_672' title='bbox 2618 1896 2799 1950; x_wconf 90' lang='grc' dir='ltr'>τοίνυν</span> <span class='ocrx_word' id='word_1_673' title='bbox 2824 1898 2956 1967; x_wconf 68' lang='grc' dir='ltr'>ἡμῖν</span> <span class='ocrx_word' id='word_1_674' title='bbox 2985 1896 3146 1966; x_wconf 89' lang='grc' dir='ltr'>λόγος</span> <span class='ocrx_word' id='word_1_675' title='bbox 3179 1897 3275 1952; x_wconf 79' lang='grc' dir='ltr'>καὶ</span> <span class='ocrx_word' id='word_1_676' title='bbox 3306 1898 3435 1970; x_wconf 73' lang='grc' dir='ltr'>περὶ</span> <span class='ocrx_word' id='word_1_677' title='bbox 3460 1896 3559 1953; x_wconf 86' lang='grc' dir='ltr'>τοῦ</span> 
     </span>
    </p>
   </div>
   <div class='ocr_carea' id='block_1_88' title="bbox 1960 1976 3562 2053">
    <p class='ocr_par' dir='ltr' id='par_1_88' title="bbox 1960 1976 3562 2053">
     <span class='ocr_line' id='line_1_88' title="bbox 1960 1976 3562 2053; baseline 0.001 -19"><span class='ocrx_word' id='word_1_678' title='bbox 1960 1978 2232 2034; x_wconf 75' lang='grc' dir='ltr'>διαϐόλου.</span> <span class='ocrx_word' id='word_1_679' title='bbox 2275 1976 2376 2032; x_wconf 86' lang='grc' dir='ltr'>Διά</span> <span class='ocrx_word' id='word_1_680' title='bbox 2426 1978 2537 2049; x_wconf 79' lang='grc' dir='ltr'>γὰρ</span> <span class='ocrx_word' id='word_1_681' title='bbox 2593 1977 2751 2033; x_wconf 87' lang='grc' dir='ltr'>τοῦτο</span> <span class='ocrx_word' id='word_1_682' title='bbox 2802 1981 2901 2034; x_wconf 71' lang='grc' dir='ltr'>καὶ</span> <span class='ocrx_word' id='word_1_683' title='bbox 2954 1980 3144 2034; x_wconf 89' lang='grc' dir='ltr'>τοῦτον</span> <span class='ocrx_word' id='word_1_684' title='bbox 3197 1981 3411 2053; x_wconf 84' lang='grc' dir='ltr'>ἀφῆκεν</span> <span class='ocrx_word' id='word_1_685' title='bbox 3468 1983 3562 2036; x_wconf 82' lang='grc' dir='ltr'>ἐν·</span> 
     </span>
    </p>
   </div>
   <div class='ocr_carea' id='block_1_89' title="bbox 1959 2058 3561 2137">
    <p class='ocr_par' dir='ltr' id='par_1_89' title="bbox 1959 2058 3561 2137">
     <span class='ocr_line' id='line_1_89' title="bbox 1959 2058 3561 2137; baseline 0 -19"><span class='ocrx_word' id='word_1_686' title='bbox 1959 2062 2136 2118; x_wconf 88' lang='grc' dir='ltr'>ταῦθα</span> <span class='ocrx_word' id='word_1_687' title='bbox 2167 2058 2330 2127; x_wconf 77' lang='grc' dir='ltr'>εἶναι,</span> <span class='ocrx_word' id='word_1_688' title='bbox 2363 2062 2450 2116; x_wconf 86' lang='grc' dir='ltr'>ἶνα</span> <span class='ocrx_word' id='word_1_689' title='bbox 2478 2063 2537 2116; x_wconf 83' lang='grc' dir='ltr'>σὲ</span> <span class='ocrx_word' id='word_1_690' title='bbox 2576 2062 2927 2134; x_wconf 87' lang='grc' dir='ltr'>ἰσχυρότερον</span> <span class='ocrx_word' id='word_1_691' title='bbox 2955 2065 3280 2135; x_wconf 83' lang='grc' dir='ltr'>ἐργάσηται,</span> <span class='ocrx_word' id='word_1_692' title='bbox 3310 2066 3397 2119; x_wconf 79' lang='grc' dir='ltr'>ἵνα</span> <span class='ocrx_word' id='word_1_693' title='bbox 3426 2064 3561 2137; x_wconf 87' lang='grc' dir='ltr'>λαμ-</span> 
     </span>
    </p>
   </div>
   <div class='ocr_carea' id='block_1_90' title="bbox 1961 2143 3561 2221">
    <p class='ocr_par' dir='ltr' id='par_1_90' title="bbox 1961 2143 3561 2221">
     <span class='ocr_line' id='line_1_90' title="bbox 1961 2143 3561 2221; baseline 0.003 -22"><span class='ocrx_word' id='word_1_694' title='bbox 1961 2144 2228 2218; x_wconf 86' lang='grc' dir='ltr'>πρότερον</span> <span class='ocrx_word' id='word_1_695' title='bbox 2278 2146 2483 2216; x_wconf 82' lang='grc' dir='ltr'>ποιήσῃ</span> <span class='ocrx_word' id='word_1_696' title='bbox 2535 2146 2628 2210; x_wconf 77' lang='grc' dir='ltr'>τὸν</span> <span class='ocrx_word' id='word_1_697' title='bbox 2693 2145 2957 2221; x_wconf 65' lang='grc' dir='ltr'>ἀθλητὴν,</span> <span class='ocrx_word' id='word_1_698' title='bbox 3009 2147 3098 2200; x_wconf 84' lang='grc' dir='ltr'>ἴνα</span> <span class='ocrx_word' id='word_1_699' title='bbox 3148 2143 3442 2221; x_wconf 71' lang='grc' dir='ltr'>μείζουαῇ</span> <span class='ocrx_word' id='word_1_700' title='bbox 3490 2149 3561 2203; x_wconf 83' lang='grc' dir='ltr'>τά</span> 
     </span>
    </p>
   </div>
   <div class='ocr_carea' id='block_1_91' title="bbox 1960 2224 3561 2301">
    <p class='ocr_par' dir='ltr' id='par_1_91' title="bbox 1960 2224 3561 2301">
     <span class='ocr_line' id='line_1_91' title="bbox 1960 2224 3561 2301; baseline -0.001 -16"><span class='ocrx_word' id='word_1_701' title='bbox 1960 2228 2343 2300; x_wconf 86' lang='grc' dir='ltr'>ἀγωνίσματα.</span> <span class='ocrx_word' id='word_1_702' title='bbox 2369 2226 2545 2291; x_wconf 79' lang='grc' dir='ltr'>Ὅταν</span> <span class='ocrx_word' id='word_1_703' title='bbox 2575 2224 2668 2282; x_wconf 86' lang='grc' dir='ltr'>οῦν</span> <span class='ocrx_word' id='word_1_704' title='bbox 2704 2229 2841 2301; x_wconf 76' lang='grc' dir='ltr'>λέγῃ</span> <span class='ocrx_word' id='word_1_705' title='bbox 2868 2247 2973 2292; x_wconf 86' lang='grc' dir='ltr'>τις,</span> <span class='ocrx_word' id='word_1_706' title='bbox 2995 2229 3095 2283; x_wconf 84' lang='grc' dir='ltr'>Διά</span> <span class='ocrx_word' id='word_1_707' title='bbox 3120 2230 3173 2283; x_wconf 91' lang='grc' dir='ltr'>τί</span> <span class='ocrx_word' id='word_1_708' title='bbox 3196 2230 3288 2284; x_wconf 73' lang='grc' dir='ltr'>τὸν</span> <span class='ocrx_word' id='word_1_709' title='bbox 3311 2230 3561 2285; x_wconf 71' lang='grc' dir='ltr'>διάϐολον</span> 
     </span>
    </p>
   </div>
   <div class='ocr_carea' id='block_1_92' title="bbox 1963 2313 3557 2387">
    <p class='ocr_par' dir='ltr' id='par_1_92' title="bbox 1963 2313 3557 2387">
     <span class='ocr_line' id='line_1_92' title="bbox 1963 2313 3557 2387; baseline -0.001 -17"><span class='ocrx_word' id='word_1_710' title='bbox 1963 2316 2178 2386; x_wconf 75' lang='grc' dir='ltr'>ἀφῆκεν</span> <span class='ocrx_word' id='word_1_711' title='bbox 2204 2317 2232 2369; x_wconf 87' lang='lat'>6</span> <span class='ocrx_word' id='word_1_712' title='bbox 2256 2314 2421 2380; x_wconf 88' lang='grc' dir='ltr'>Θεός;</span> <span class='ocrx_word' id='word_1_713' title='bbox 2454 2313 2626 2367; x_wconf 88' lang='grc' dir='ltr'>ταῦτα</span> <span class='ocrx_word' id='word_1_714' title='bbox 2648 2313 2775 2383; x_wconf 88' lang='grc' dir='ltr'>λέγε</span> <span class='ocrx_word' id='word_1_715' title='bbox 2806 2314 2943 2383; x_wconf 71' lang='grc' dir='ltr'>πρὸς</span> <span class='ocrx_word' id='word_1_716' title='bbox 2973 2315 3184 2367; x_wconf 88' lang='grc' dir='ltr'>ἐκεῖνον</span> <span class='ocrx_word' id='word_1_717' title='bbox 3212 2315 3282 2369; x_wconf 87' lang='grc' dir='ltr'>τὰ</span> <span class='ocrx_word' id='word_1_718' title='bbox 3304 2316 3557 2387; x_wconf 75' lang='grc' dir='ltr'>ῥήματα·</span> 
     </span>
    </p>
   </div>
   <div class='ocr_carea' id='block_1_93' title="bbox 1964 2396 3562 2468">
    <p class='ocr_par' dir='ltr' id='par_1_93' title="bbox 1964 2396 3562 2468">
     <span class='ocr_line' id='line_1_93' title="bbox 1964 2396 3562 2468; baseline 0.001 -17"><span class='ocrx_word' id='word_1_719' title='bbox 1964 2397 2091 2452; x_wconf 87' lang='grc' dir='ltr'>Ὅτι</span> <span class='ocrx_word' id='word_1_720' title='bbox 2123 2398 2250 2462; x_wconf 76' lang='grc' dir='ltr'>τοὺς</span> <span class='ocrx_word' id='word_1_721' title='bbox 2283 2399 2556 2468; x_wconf 71' lang='grc' dir='ltr'>νήφοντας</span> <span class='ocrx_word' id='word_1_722' title='bbox 2593 2396 2690 2450; x_wconf 74' lang='grc' dir='ltr'>καὶ</span> <span class='ocrx_word' id='word_1_723' title='bbox 2719 2397 3097 2468; x_wconf 82' lang='grc' dir='ltr'>προσέχοντας</span> <span class='ocrx_word' id='word_1_724' title='bbox 3115 2398 3176 2450; x_wconf 86' lang='grc' dir='ltr'>οὑ</span> <span class='ocrx_word' id='word_1_725' title='bbox 3213 2398 3373 2468; x_wconf 79' lang='grc' dir='ltr'>μόνον</span> <span class='ocrx_word' id='word_1_726' title='bbox 3406 2398 3562 2452; x_wconf 81' lang='grc' dir='ltr'>οὐδὲν</span> 
     </span>
    </p>
   </div>
   <div class='ocr_carea' id='block_1_94' title="bbox 1964 2480 3564 2555">
    <p class='ocr_par' dir='ltr' id='par_1_94' title="bbox 1964 2480 3564 2555">
     <span class='ocr_line' id='line_1_94' title="bbox 1964 2480 3564 2555; baseline -0.001 -20"><span class='ocrx_word' id='word_1_727' title='bbox 1964 2480 2337 2555; x_wconf 78' lang='grc' dir='ltr'>παρέϐλαψεν,</span> <span class='ocrx_word' id='word_1_728' title='bbox 2369 2481 2506 2534; x_wconf 89' lang='grc' dir='ltr'>ἀλλά</span> <span class='ocrx_word' id='word_1_729' title='bbox 2541 2481 2637 2535; x_wconf 75' lang='grc' dir='ltr'>καὶ</span> <span class='ocrx_word' id='word_1_730' title='bbox 2659 2480 2968 2551; x_wconf 72' lang='grc' dir='ltr'>ὠφέλησεν,</span> <span class='ocrx_word' id='word_1_731' title='bbox 3011 2481 3074 2533; x_wconf 92' lang='grc' dir='ltr'>οὑ</span> <span class='ocrx_word' id='word_1_732' title='bbox 3109 2481 3265 2551; x_wconf 81' lang='grc' dir='ltr'>παρά</span> <span class='ocrx_word' id='word_1_733' title='bbox 3301 2482 3401 2550; x_wconf 84' lang='grc' dir='ltr'>τὴν</span> <span class='ocrx_word' id='word_1_734' title='bbox 3433 2481 3564 2533; x_wconf 76' lang='grc' dir='ltr'>ἐαυο·</span> 
     </span>
    </p>
   </div>
   <div class='ocr_carea' id='block_1_95' title="bbox 1962 2564 3647 2639">
    <p class='ocr_par' dir='ltr' id='par_1_95' title="bbox 1962 2564 3647 2639">
     <span class='ocr_line' id='line_1_95' title="bbox 1962 2564 3647 2639; baseline -0.003 -19"><span class='ocrx_word' id='word_1_735' title='bbox 1962 2565 2058 2621; x_wconf 91' lang='grc' dir='ltr'>τοῦ</span> <span class='ocrx_word' id='word_1_736' title='bbox 2086 2567 2408 2639; x_wconf 90' lang='grc' dir='ltr'>προαίρεσιν</span> <span class='ocrx_word' id='word_1_737' title='bbox 2441 2564 2680 2636; x_wconf 76' lang='grc' dir='ltr'>(πονηρά</span> <span class='ocrx_word' id='word_1_738' title='bbox 2716 2564 2825 2637; x_wconf 87' lang='grc' dir='ltr'>γάρ</span> <span class='ocrx_word' id='word_1_739' title='bbox 2869 2564 3063 2636; x_wconf 83' lang='grc' dir='ltr'>ἐστιν).</span> <span class='ocrx_word' id='word_1_740' title='bbox 3094 2564 3232 2619; x_wconf 85' lang='grc' dir='ltr'>ἀλλά</span> <span class='ocrx_word' id='word_1_741' title='bbox 3276 2564 3427 2635; x_wconf 84' lang='grc' dir='ltr'>παρά</span> <span class='ocrx_word' id='word_1_742' title='bbox 3460 2566 3563 2637; x_wconf 79' lang='grc' dir='ltr'>τὴν</span> <span class='ocrx_word' id='word_1_743' title='bbox 3640 2608 3647 2615; x_wconf 91' lang='grc'>.</span> 
     </span>
    </p>
   </div>
   <div class='ocr_carea' id='block_1_96' title="bbox 1963 2648 3566 2721">
    <p class='ocr_par' dir='ltr' id='par_1_96' title="bbox 1963 2648 3566 2721">
     <span class='ocr_line' id='line_1_96' title="bbox 1963 2648 3566 2721; baseline 0 -18"><span class='ocrx_word' id='word_1_744' title='bbox 1963 2651 2189 2705; x_wconf 84' lang='grc' dir='ltr'>ἐκείνων</span> <span class='ocrx_word' id='word_1_745' title='bbox 2216 2650 2469 2721; x_wconf 88' lang='grc' dir='ltr'>ἀνδρείαν</span> <span class='ocrx_word' id='word_1_746' title='bbox 2508 2648 2617 2703; x_wconf 90' lang='grc' dir='ltr'>τῶν</span> <span class='ocrx_word' id='word_1_747' title='bbox 2644 2651 2710 2719; x_wconf 84' lang='grc' dir='ltr'>τῇ</span> <span class='ocrx_word' id='word_1_748' title='bbox 2757 2648 2994 2720; x_wconf 75' lang='grc' dir='ltr'>πονηρίᾳ</span> <span class='ocrx_word' id='word_1_749' title='bbox 3023 2650 3105 2713; x_wconf 88' lang='grc' dir='ltr'>εἰς</span> <span class='ocrx_word' id='word_1_750' title='bbox 3126 2649 3246 2703; x_wconf 88' lang='grc' dir='ltr'>δέον</span> <span class='ocrx_word' id='word_1_751' title='bbox 3281 2648 3566 2720; x_wconf 81' lang='grc' dir='ltr'>χρησαμέ-</span> 
     </span>
    </p>
   </div>
   <div class='ocr_carea' id='block_1_97' title="bbox 1963 2732 3565 2805">
    <p class='ocr_par' dir='ltr' id='par_1_97' title="bbox 1963 2732 3565 2805">
     <span class='ocr_line' id='line_1_97' title="bbox 1963 2732 3565 2805; baseline 0 -16"><span class='ocrx_word' id='word_1_752' title='bbox 1963 2752 2091 2789; x_wconf 88' lang='grc' dir='ltr'>νων.</span> <span class='ocrx_word' id='word_1_753' title='bbox 2137 2734 2291 2789; x_wconf 74' lang='grc' dir='ltr'>Ἐπεὶ</span> <span class='ocrx_word' id='word_1_754' title='bbox 2345 2734 2442 2788; x_wconf 78' lang='grc' dir='ltr'>καὶ</span> <span class='ocrx_word' id='word_1_755' title='bbox 2497 2732 2576 2803; x_wconf 83' lang='grc' dir='ltr'>τῷ</span> <span class='ocrx_word' id='word_1_756' title='bbox 2617 2732 2738 2786; x_wconf 76' lang='grc' dir='ltr'>Ἰὼϐ</span> <span class='ocrx_word' id='word_1_757' title='bbox 2775 2733 3135 2805; x_wconf 85' lang='grc' dir='ltr'>προσεπλάκη</span> <span class='ocrx_word' id='word_1_758' title='bbox 3197 2734 3319 2804; x_wconf 80' lang='grc' dir='ltr'>μὲν.</span> <span class='ocrx_word' id='word_1_759' title='bbox 3365 2735 3426 2787; x_wconf 86' lang='grc' dir='ltr'>οὑ</span> <span class='ocrx_word' id='word_1_760' title='bbox 3473 2735 3565 2789; x_wconf 73' lang='grc' dir='ltr'>διὰ</span> 
     </span>
    </p>
   </div>
   <div class='ocr_carea' id='block_1_98' title="bbox 1963 2816 3567 2888">
    <p class='ocr_par' dir='ltr' id='par_1_98' title="bbox 1963 2816 3567 2888">
     <span class='ocr_line' id='line_1_98' title="bbox 1963 2816 3567 2888; baseline 0.001 -18"><span class='ocrx_word' id='word_1_761' title='bbox 1963 2816 2123 2871; x_wconf 87' lang='grc' dir='ltr'>τοῦτο</span> <span class='ocrx_word' id='word_1_762' title='bbox 2171 2817 2251 2883; x_wconf 87' lang='grc' dir='ltr'>δὲ,</span> <span class='ocrx_word' id='word_1_763' title='bbox 2285 2818 2375 2871; x_wconf 79' lang='grc' dir='ltr'>ἵνα</span> <span class='ocrx_word' id='word_1_764' title='bbox 2425 2816 2587 2870; x_wconf 75' lang='grc' dir='ltr'>αὑτὸν</span> <span class='ocrx_word' id='word_1_765' title='bbox 2637 2816 3022 2888; x_wconf 81' lang='grc' dir='ltr'>λαμπρότερον</span> <span class='ocrx_word' id='word_1_766' title='bbox 3063 2818 3289 2888; x_wconf 81' lang='grc' dir='ltr'>ποιήσῃ.</span> <span class='ocrx_word' id='word_1_767' title='bbox 3331 2817 3448 2872; x_wconf 76' lang='grc' dir='ltr'>ἀλλ’</span> <span class='ocrx_word' id='word_1_768' title='bbox 3479 2818 3567 2872; x_wconf 83' lang='lat' dir='ltr'>Eva</span> 
     </span>
    </p>
   </div>
   <div class='ocr_carea' id='block_1_99' title="bbox 1965 2899 3566 2974">
    <p class='ocr_par' dir='ltr' id='par_1_99' title="bbox 1965 2899 3566 2974">
     <span class='ocr_line' id='line_1_99' title="bbox 1965 2899 3566 2974; baseline 0.001 -19"><span class='ocrx_word' id='word_1_769' title='bbox 1965 2900 2331 2974; x_wconf 64' lang='grc' dir='ltr'>ὑποσκελίσῃδ</span> <span class='ocrx_word' id='word_1_770' title='bbox 2383 2900 2473 2954; x_wconf 79' lang='grc' dir='ltr'>διὰ</span> <span class='ocrx_word' id='word_1_771' title='bbox 2520 2900 2680 2954; x_wconf 87' lang='grc' dir='ltr'>τοῦτο</span> <span class='ocrx_word' id='word_1_772' title='bbox 2729 2899 2989 2971; x_wconf 78' lang='grc' dir='ltr'>πονηρὸς.</span> <span class='ocrx_word' id='word_1_773' title='bbox 3039 2900 3128 2953; x_wconf 69' lang='grc' dir='ltr'>διὰ</span> <span class='ocrx_word' id='word_1_774' title='bbox 3165 2900 3263 2971; x_wconf 76' lang='grc' dir='ltr'>τὴν</span> <span class='ocrx_word' id='word_1_775' title='bbox 3307 2901 3566 2972; x_wconf 84' lang='grc' dir='ltr'>τοιαύτην</span> 
     </span>
    </p>
   </div>
   <div class='ocr_carea' id='block_1_100' title="bbox 1965 2974 3647 3055">
    <p class='ocr_par' dir='ltr' id='par_1_100' title="bbox 1965 2974 3647 3055">
     <span class='ocr_line' id='line_1_100' title="bbox 1965 2974 3647 3055; baseline 0.001 -18"><span class='ocrx_word' id='word_1_776' title='bbox 1965 2974 2193 3055; x_wconf 85' lang='grc' dir='ltr'>γνώμην</span> <span class='ocrx_word' id='word_1_777' title='bbox 2226 2987 2323 3039; x_wconf 77' lang='grc' dir='ltr'>καὶ</span> <span class='ocrx_word' id='word_1_778' title='bbox 2361 2985 2462 3054; x_wconf 76' lang='grc' dir='ltr'>τὴν</span> <span class='ocrx_word' id='word_1_779' title='bbox 2495 2982 2822 3055; x_wconf 86' lang='grc' dir='ltr'>προαίρεσιν</span> <span class='ocrx_word' id='word_1_780' title='bbox 2843 3000 2856 3011; x_wconf 91' lang='grc'><strong>·</strong></span> <span class='ocrx_word' id='word_1_781' title='bbox 2893 2982 3009 3036; x_wconf 81' lang='grc' dir='ltr'>ἀλλ’</span> <span class='ocrx_word' id='word_1_782' title='bbox 3043 2983 3194 3053; x_wconf 81' lang='grc' dir='ltr'>ὅμως</span> <span class='ocrx_word' id='word_1_783' title='bbox 3230 2984 3386 3038; x_wconf 74' lang='grc' dir='ltr'>οὐδὲν</span> <span class='ocrx_word' id='word_1_784' title='bbox 3425 3002 3567 3055; x_wconf 78' lang='grc' dir='ltr'>παρ·</span> <span class='ocrx_word' id='word_1_785' title='bbox 3645 2976 3647 2978; x_wconf 44' lang='grc'><em>’</em></span> 
     </span>
    </p>
   </div>
   <div class='ocr_carea' id='block_1_101' title="bbox 1965 3066 3567 3136">
    <p class='ocr_par' dir='ltr' id='par_1_101' title="bbox 1965 3066 3567 3136">
     <span class='ocr_line' id='line_1_101' title="bbox 1965 3066 3567 3136; baseline 0.001 -17"><span class='ocrx_word' id='word_1_786' title='bbox 1965 3067 2167 3134; x_wconf 81' lang='grc' dir='ltr'>έδλαψε</span> <span class='ocrx_word' id='word_1_787' title='bbox 2206 3068 2297 3120; x_wconf 71' lang='grc' dir='ltr'>τὸν</span> <span class='ocrx_word' id='word_1_788' title='bbox 2326 3067 2556 3132; x_wconf 84' lang='grc' dir='ltr'>δίκαιον,</span> <span class='ocrx_word' id='word_1_789' title='bbox 2590 3067 2729 3120; x_wconf 88' lang='grc' dir='ltr'>ἀλλά</span> <span class='ocrx_word' id='word_1_790' title='bbox 2764 3068 2857 3120; x_wconf 74' lang='grc' dir='ltr'>καὶ</span> <span class='ocrx_word' id='word_1_791' title='bbox 2885 3066 3143 3121; x_wconf 83' lang='grc' dir='ltr'>ἀπώνατο</span> <span class='ocrx_word' id='word_1_792' title='bbox 3185 3067 3387 3136; x_wconf 80' lang='grc' dir='ltr'>μᾶλλον</span> <span class='ocrx_word' id='word_1_793' title='bbox 3418 3068 3567 3121; x_wconf 70' lang='grc' dir='ltr'>ἐκεῖο</span> 
     </span>
    </p>
   </div>
   <div class='ocr_carea' id='block_1_102' title="bbox 1965 3144 3569 3221">
    <p class='ocr_par' dir='ltr' id='par_1_102' title="bbox 1965 3144 3569 3221">
     <span class='ocr_line' id='line_1_102' title="bbox 1965 3144 3569 3221; baseline -0.001 -16"><span class='ocrx_word' id='word_1_794' title='bbox 1965 3166 2056 3213; x_wconf 87' lang='grc' dir='ltr'>νος</span> <span class='ocrx_word' id='word_1_795' title='bbox 2080 3149 2192 3205; x_wconf 75' lang='grc' dir='ltr'>ἀπὸ</span> <span class='ocrx_word' id='word_1_796' title='bbox 2215 3150 2315 3220; x_wconf 83' lang='grc' dir='ltr'>τῆς</span> <span class='ocrx_word' id='word_1_797' title='bbox 2341 3151 2543 3221; x_wconf 80' lang='grc' dir='ltr'>μάχης,</span> <span class='ocrx_word' id='word_1_798' title='bbox 2568 3152 2706 3221; x_wconf 87' lang='grc' dir='ltr'>ὅπερ</span> <span class='ocrx_word' id='word_1_799' title='bbox 2745 3144 2839 3203; x_wconf 76' lang='grc' dir='ltr'>οὖν</span> <span class='ocrx_word' id='word_1_800' title='bbox 2871 3150 2964 3203; x_wconf 73' lang='grc' dir='ltr'>καὶ</span> <span class='ocrx_word' id='word_1_801' title='bbox 2993 3150 3379 3220; x_wconf 77' lang='grc' dir='ltr'>ἀπεδείξαμεν·</span> <span class='ocrx_word' id='word_1_802' title='bbox 3414 3152 3509 3203; x_wconf 80' lang='grc' dir='ltr'>καὶ</span> <span class='ocrx_word' id='word_1_803' title='bbox 3538 3152 3569 3204; x_wconf 89' lang='lat'>6</span> 
     </span>
    </p>
   </div>
   <div class='ocr_carea' id='block_1_103' title="bbox 1965 3234 3568 3306">
    <p class='ocr_par' dir='ltr' id='par_1_103' title="bbox 1965 3234 3568 3306">
     <span class='ocr_line' id='line_1_103' title="bbox 1965 3234 3568 3306; baseline -0.001 -19"><span class='ocrx_word' id='word_1_804' title='bbox 1965 3234 2178 3305; x_wconf 88' lang='grc' dir='ltr'>δαίμων</span> <span class='ocrx_word' id='word_1_805' title='bbox 2227 3234 2327 3305; x_wconf 78' lang='grc' dir='ltr'>τὴν</span> <span class='ocrx_word' id='word_1_806' title='bbox 2379 3234 2687 3305; x_wconf 83' lang='grc' dir='ltr'>πονηρίαν,</span> <span class='ocrx_word' id='word_1_807' title='bbox 2736 3235 2833 3287; x_wconf 72' lang='grc' dir='ltr'>καὶ</span> <span class='ocrx_word' id='word_1_808' title='bbox 2871 3234 3129 3298; x_wconf 79' lang='grc' dir='ltr'>ὁδίκαιος</span> <span class='ocrx_word' id='word_1_809' title='bbox 3163 3235 3263 3305; x_wconf 76' lang='grc' dir='ltr'>τὴν</span> <span class='ocrx_word' id='word_1_810' title='bbox 3312 3234 3568 3306; x_wconf 87' lang='grc' dir='ltr'>ἀνδρείαν</span> 
     </span>
    </p>
   </div>
   <div class='ocr_carea' id='block_1_104' title="bbox 1967 3317 3563 3387">
    <p class='ocr_par' dir='ltr' id='par_1_104' title="bbox 1967 3317 3563 3387">
     <span class='ocr_line' id='line_1_104' title="bbox 1967 3317 3563 3387; baseline 0 -17"><span class='ocrx_word' id='word_1_811' title='bbox 1967 3317 2302 3383; x_wconf 82' lang='grc' dir='ltr'>ἐπεδείξατο.</span> <span class='ocrx_word' id='word_1_812' title='bbox 2355 3317 2518 3371; x_wconf 82' lang='grc' dir='ltr'>Ἀλλὰ</span> <span class='ocrx_word' id='word_1_813' title='bbox 2545 3318 2643 3371; x_wconf 75' lang='grc' dir='ltr'>καὶ</span> <span class='ocrx_word' id='word_1_814' title='bbox 2693 3317 3037 3383; x_wconf 78' lang='grc' dir='ltr'>ὑποσκελίζει</span> <span class='ocrx_word' id='word_1_815' title='bbox 3090 3317 3321 3381; x_wconf 70' lang='grc' dir='ltr'>πολλοὺς</span> <span class='ocrx_word' id='word_1_816' title='bbox 3346 3359 3360 3381; x_wconf 89' lang='grc'>,</span> <span class='ocrx_word' id='word_1_817' title='bbox 3397 3318 3563 3387; x_wconf 81' lang='grc' dir='ltr'>φησί·</span> 
     </span>
    </p>
   </div>
   <div class='ocr_carea' id='block_1_105' title="bbox 1970 3399 3568 3472">
    <p class='ocr_par' dir='ltr' id='par_1_105' title="bbox 1970 3399 3568 3472">
     <span class='ocr_line' id='line_1_105' title="bbox 1970 3399 3568 3472; baseline -0.001 -16"><span class='ocrx_word' id='word_1_818' title='bbox 1970 3401 2124 3472; x_wconf 84' lang='grc' dir='ltr'>παρά</span> <span class='ocrx_word' id='word_1_819' title='bbox 2176 3402 2277 3471; x_wconf 79' lang='grc' dir='ltr'>τὴν</span> <span class='ocrx_word' id='word_1_820' title='bbox 2308 3399 2488 3453; x_wconf 81' lang='grc' dir='ltr'>αὐτῶν</span> <span class='ocrx_word' id='word_1_821' title='bbox 2524 3400 2851 3463; x_wconf 85' lang='grc' dir='ltr'>ἀσθένειαν,</span> <span class='ocrx_word' id='word_1_822' title='bbox 2903 3400 2964 3454; x_wconf 78' lang='grc' dir='ltr'>οὑ</span> <span class='ocrx_word' id='word_1_823' title='bbox 2998 3399 3150 3471; x_wconf 82' lang='grc' dir='ltr'>παρά</span> <span class='ocrx_word' id='word_1_824' title='bbox 3203 3400 3303 3471; x_wconf 82' lang='grc' dir='ltr'>τὴν</span> <span class='ocrx_word' id='word_1_825' title='bbox 3356 3402 3568 3455; x_wconf 87' lang='grc' dir='ltr'>οίκείαν</span> 
     </span>
    </p>
   </div>
   <div class='ocr_carea' id='block_1_106' title="bbox 1971 3483 3568 3557">
    <p class='ocr_par' dir='ltr' id='par_1_106' title="bbox 1971 3483 3568 3557">
     <span class='ocr_line' id='line_1_106' title="bbox 1971 3483 3568 3557; baseline 0 -20"><span class='ocrx_word' id='word_1_826' title='bbox 1971 3486 2125 3557; x_wconf 83' lang='grc' dir='ltr'>ἰσχύν</span> <span class='ocrx_word' id='word_1_827' title='bbox 2147 3502 2159 3515; x_wconf 84' lang='grc'><em>’</em></span> <span class='ocrx_word' id='word_1_828' title='bbox 2186 3486 2279 3537; x_wconf 76' lang='grc' dir='ltr'>καὶ</span> <span class='ocrx_word' id='word_1_829' title='bbox 2312 3484 2420 3555; x_wconf 80' lang='grc' dir='ltr'>γὰρ</span> <span class='ocrx_word' id='word_1_830' title='bbox 2440 3483 2597 3536; x_wconf 87' lang='grc' dir='ltr'>τοῦτο</span> <span class='ocrx_word' id='word_1_831' title='bbox 2631 3484 2926 3554; x_wconf 77' lang='grc' dir='ltr'>ἀπεδείχθη</span> <span class='ocrx_word' id='word_1_832' title='bbox 2951 3483 3039 3537; x_wconf 75' lang='grc' dir='ltr'>διὰ</span> <span class='ocrx_word' id='word_1_833' title='bbox 3062 3483 3274 3535; x_wconf 80' lang='grc' dir='ltr'>πολλῶν</span> <span class='ocrx_word' id='word_1_834' title='bbox 3309 3483 3432 3553; x_wconf 78' lang='grc' dir='ltr'>ήδη.</span> <span class='ocrx_word' id='word_1_835' title='bbox 3454 3485 3568 3553; x_wconf 77' lang='grc' dir='ltr'>Τὴν</span> 
     </span>
    </p>
   </div>
   <div class='ocr_carea' id='block_1_107' title="bbox 1970 3559 3567 3637">
    <p class='ocr_par' dir='ltr' id='par_1_107' title="bbox 1970 3559 3567 3637">
     <span class='ocr_line' id='line_1_107' title="bbox 1970 3559 3567 3637; baseline -0.001 -15"><span class='ocrx_word' id='word_1_836' title='bbox 1970 3569 2169 3623; x_wconf 90' lang='grc' dir='ltr'>σαυτοῦ</span> <span class='ocrx_word' id='word_1_837' title='bbox 2198 3569 2379 3621; x_wconf 89' lang='grc' dir='ltr'>τοίνυν</span> <span class='ocrx_word' id='word_1_838' title='bbox 2410 3559 2762 3637; x_wconf 73' lang='grc' dir='ltr'>κατόρθωσον</span> <span class='ocrx_word' id='word_1_839' title='bbox 2794 3566 3043 3637; x_wconf 85' lang='grc' dir='ltr'>γνώμην,</span> <span class='ocrx_word' id='word_1_840' title='bbox 3073 3568 3167 3620; x_wconf 77' lang='grc' dir='ltr'>καὶ</span> <span class='ocrx_word' id='word_1_841' title='bbox 3192 3570 3324 3635; x_wconf 84' lang='grc' dir='ltr'>παρ’</span> <span class='ocrx_word' id='word_1_842' title='bbox 3350 3567 3567 3631; x_wconf 70' lang='grc' dir='ltr'>οὐδενὸς</span> 
     </span>
    </p>
   </div>
   <div class='ocr_carea' id='block_1_108' title="bbox 1967 3648 3568 3726">
    <p class='ocr_par' dir='ltr' id='par_1_108' title="bbox 1967 3648 3568 3726">
     <span class='ocr_line' id='line_1_108' title="bbox 1967 3648 3568 3726; baseline -0.002 -19"><span class='ocrx_word' id='word_1_843' title='bbox 1967 3654 2225 3707; x_wconf 71' lang='grc' dir='ltr'>οὐδέποτε</span> <span class='ocrx_word' id='word_1_844' title='bbox 2249 3653 2375 3726; x_wconf 79' lang='grc' dir='ltr'>δέξῃ</span> <span class='ocrx_word' id='word_1_845' title='bbox 2403 3653 2620 3723; x_wconf 70' lang='grc' dir='ltr'>βλάϐος,</span> <span class='ocrx_word' id='word_1_846' title='bbox 2652 3653 2791 3705; x_wconf 76' lang='grc' dir='ltr'>ἀλλὰ</span> <span class='ocrx_word' id='word_1_847' title='bbox 2840 3648 2933 3705; x_wconf 75' lang='grc' dir='ltr'>καὶ</span> <span class='ocrx_word' id='word_1_848' title='bbox 2972 3651 3042 3705; x_wconf 75' lang='grc' dir='ltr'>τὰ</span> <span class='ocrx_word' id='word_1_849' title='bbox 3087 3650 3322 3721; x_wconf 86' lang='grc' dir='ltr'>μέγιστα</span> <span class='ocrx_word' id='word_1_850' title='bbox 3370 3651 3568 3723; x_wconf 77' lang='grc' dir='ltr'>κερδα-</span> 
     </span>
    </p>
   </div>
   <div class='ocr_carea' id='block_1_109' title="bbox 1967 3734 3570 3807">
    <p class='ocr_par' dir='ltr' id='par_1_109' title="bbox 1967 3734 3570 3807">
     <span class='ocr_line' id='line_1_109' title="bbox 1967 3734 3570 3807; baseline -0.002 -18"><span class='ocrx_word' id='word_1_851' title='bbox 1967 3739 2100 3799; x_wconf 89' lang='grc' dir='ltr'>νεῖς,</span> <span class='ocrx_word' id='word_1_852' title='bbox 2128 3738 2251 3807; x_wconf 74' lang='grc' dir='ltr'>οὐχὶ</span> <span class='ocrx_word' id='word_1_853' title='bbox 2277 3736 2430 3807; x_wconf 87' lang='grc' dir='ltr'>παρά</span> <span class='ocrx_word' id='word_1_854' title='bbox 2467 3735 2574 3789; x_wconf 89' lang='grc' dir='ltr'>τῶν</span> <span class='ocrx_word' id='word_1_855' title='bbox 2603 3734 2829 3804; x_wconf 86' lang='grc' dir='ltr'>ἀγαθῶν</span> <span class='ocrx_word' id='word_1_856' title='bbox 2875 3734 3037 3804; x_wconf 82' lang='grc' dir='ltr'>μόνον</span> <span class='ocrx_word' id='word_1_857' title='bbox 3062 3774 3077 3796; x_wconf 89' lang='grc'>,</span> <span class='ocrx_word' id='word_1_858' title='bbox 3107 3735 3244 3787; x_wconf 77' lang='grc' dir='ltr'>ἀλλὰ</span> <span class='ocrx_word' id='word_1_859' title='bbox 3285 3735 3379 3799; x_wconf 65' lang='grc' dir='ltr'>καὶ</span> <span class='ocrx_word' id='word_1_860' title='bbox 3415 3734 3570 3805; x_wconf 86' lang='grc' dir='ltr'>παρά</span> 
     </span>
    </p>
   </div>
   <div class='ocr_carea' id='block_1_110' title="bbox 1974 3816 3568 3892">
    <p class='ocr_par' dir='ltr' id='par_1_110' title="bbox 1974 3816 3568 3892">
     <span class='ocr_line' id='line_1_110' title="bbox 1974 3816 3568 3892; baseline -0.001 -20"><span class='ocrx_word' id='word_1_861' title='bbox 1974 3818 2079 3872; x_wconf 89' lang='grc' dir='ltr'>τῶν</span> <span class='ocrx_word' id='word_1_862' title='bbox 2108 3820 2384 3892; x_wconf 84' lang='grc' dir='ltr'>πονηρῶν,</span> <span class='ocrx_word' id='word_1_863' title='bbox 2429 3819 2529 3872; x_wconf 80' lang='grc' dir='ltr'>Διὰ</span> <span class='ocrx_word' id='word_1_864' title='bbox 2571 3818 2681 3889; x_wconf 78' lang='grc' dir='ltr'>γὰρ</span> <span class='ocrx_word' id='word_1_865' title='bbox 2720 3817 2914 3878; x_wconf 81' lang='grc' dir='ltr'>τοῦτο,</span> <span class='ocrx_word' id='word_1_866' title='bbox 2950 3817 3210 3888; x_wconf 86' lang='grc' dir='ltr'>καθάπερ</span> <span class='ocrx_word' id='word_1_867' title='bbox 3253 3816 3568 3889; x_wconf 73' lang='grc' dir='ltr'>ἔμπροσθεν</span> 
     </span>
    </p>
   </div>
   <div class='ocr_carea' id='block_1_111' title="bbox 1968 3896 3568 3973">
    <p class='ocr_par' dir='ltr' id='par_1_111' title="bbox 1968 3896 3568 3973">
     <span class='ocr_line' id='line_1_111' title="bbox 1968 3896 3568 3973; baseline 0.001 -19"><span class='ocrx_word' id='word_1_868' title='bbox 1968 3897 2144 3964; x_wconf 84' lang='grc' dir='ltr'>εἷπον,</span> <span class='ocrx_word' id='word_1_869' title='bbox 2190 3903 2308 3972; x_wconf 85' lang='grc' dir='ltr'>μετ’</span> <span class='ocrx_word' id='word_1_870' title='bbox 2334 3900 2581 3972; x_wconf 75' lang='grc' dir='ltr'>ἀλλήλων</span> <span class='ocrx_word' id='word_1_871' title='bbox 2604 3901 2820 3971; x_wconf 78' lang='grc' dir='ltr'>ἀφῆκεν</span> <span class='ocrx_word' id='word_1_872' title='bbox 2845 3896 2985 3954; x_wconf 86' lang='grc' dir='ltr'>εἶναι</span> <span class='ocrx_word' id='word_1_873' title='bbox 3018 3903 3144 3962; x_wconf 79' lang='grc' dir='ltr'>τοὺς</span> <span class='ocrx_word' id='word_1_874' title='bbox 3190 3899 3513 3973; x_wconf 85' lang='grc' dir='ltr'>ἀνθρώπους</span> <span class='ocrx_word' id='word_1_875' title='bbox 3538 3902 3568 3955; x_wconf 81' lang='grc' dir='ltr'><strong>ὁ</strong></span> 
     </span>
    </p>
   </div>
   <div class='ocr_carea' id='block_1_112' title="bbox 1968 3983 3566 4054">
    <p class='ocr_par' dir='ltr' id='par_1_112' title="bbox 1968 3983 3566 4054">
     <span class='ocr_line' id='line_1_112' title="bbox 1968 3983 3566 4054; baseline -0.001 -15"><span class='ocrx_word' id='word_1_876' title='bbox 1968 3984 2122 4048; x_wconf 73' lang='grc' dir='ltr'>Θεὸς,</span> <span class='ocrx_word' id='word_1_877' title='bbox 2159 3985 2255 4038; x_wconf 69' lang='grc' dir='ltr'>καὶ</span> <span class='ocrx_word' id='word_1_878' title='bbox 2284 3984 2520 4054; x_wconf 84' lang='grc' dir='ltr'>μάλιστα</span> <span class='ocrx_word' id='word_1_879' title='bbox 2540 3984 2669 4047; x_wconf 69' lang='grc' dir='ltr'>τοὺς</span> <span class='ocrx_word' id='word_1_880' title='bbox 2690 3984 2929 4052; x_wconf 78' lang='grc' dir='ltr'>ἀγαθοὺς</span> <span class='ocrx_word' id='word_1_881' title='bbox 2962 3983 3102 4054; x_wconf 84' lang='grc' dir='ltr'>μετά</span> <span class='ocrx_word' id='word_1_882' title='bbox 3137 3983 3247 4036; x_wconf 88' lang='grc' dir='ltr'>τῶν</span> <span class='ocrx_word' id='word_1_883' title='bbox 3287 3983 3566 4054; x_wconf 78' lang='grc' dir='ltr'>πονηρῶν,</span> 
     </span>
    </p>
   </div>
   <div class='ocr_carea' id='block_1_113' title="bbox 1969 4065 3563 4138">
    <p class='ocr_par' dir='ltr' id='par_1_113' title="bbox 1969 4065 3563 4138">
     <span class='ocr_line' id='line_1_113' title="bbox 1969 4065 3563 4138; baseline -0.001 -17"><span class='ocrx_word' id='word_1_884' title='bbox 1969 4069 2056 4121; x_wconf 78' lang='grc' dir='ltr'>ἵνα</span> <span class='ocrx_word' id='word_1_885' title='bbox 2085 4066 2372 4130; x_wconf 86' lang='grc' dir='ltr'>κάκείνους</span> <span class='ocrx_word' id='word_1_886' title='bbox 2403 4066 2540 4138; x_wconf 76' lang='grc' dir='ltr'>πρὸς</span> <span class='ocrx_word' id='word_1_887' title='bbox 2569 4066 2666 4137; x_wconf 84' lang='grc' dir='ltr'>τὴν</span> <span class='ocrx_word' id='word_1_888' title='bbox 2694 4066 2905 4121; x_wconf 77' lang='grc' dir='ltr'>οἰκείαν</span> <span class='ocrx_word' id='word_1_889' title='bbox 2935 4065 3323 4136; x_wconf 84' lang='grc' dir='ltr'>μεταγάγωσιν</span> <span class='ocrx_word' id='word_1_890' title='bbox 3340 4067 3563 4136; x_wconf 85' lang='grc' dir='ltr'>ἀρετήν.</span> 
     </span>
    </p>
   </div>
   <div class='ocr_carea' id='block_1_114' title="bbox 1973 4147 3566 4219">
    <p class='ocr_par' dir='ltr' id='par_1_114' title="bbox 1973 4147 3566 4219">
     <span class='ocr_line' id='line_1_114' title="bbox 1973 4147 3566 4219; baseline -0.001 -15"><span class='ocrx_word' id='word_1_891' title='bbox 1973 4153 2243 4204; x_wconf 74' lang='grc' dir='ltr'>’Ἄκουσον</span> <span class='ocrx_word' id='word_1_892' title='bbox 2301 4148 2433 4218; x_wconf 87' lang='grc' dir='ltr'>γοῦν</span> <span class='ocrx_word' id='word_1_893' title='bbox 2466 4150 2521 4202; x_wconf 88' lang='grc' dir='ltr'>τί</span> <span class='ocrx_word' id='word_1_894' title='bbox 2571 4166 2706 4219; x_wconf 84' lang='grc' dir='ltr'>φησι</span> <span class='ocrx_word' id='word_1_895' title='bbox 2738 4151 2852 4211; x_wconf 88' lang='grc' dir='ltr'>τοῖς</span> <span class='ocrx_word' id='word_1_896' title='bbox 2891 4147 3166 4218; x_wconf 77' lang='grc' dir='ltr'>μαθηταῖς</span> <span class='ocrx_word' id='word_1_897' title='bbox 3217 4150 3246 4202; x_wconf 90' lang='lat'>6</span> <span class='ocrx_word' id='word_1_898' title='bbox 3293 4149 3566 4219; x_wconf 72' lang='grc' dir='ltr'>Χριστόςο</span> 
     </span>
    </p>
   </div>
   <div class='ocr_carea' id='block_1_115' title="bbox 1980 4232 3569 4304">
    <p class='ocr_par' dir='ltr' id='par_1_115' title="bbox 1980 4232 3569 4304">
     <span class='ocr_line' id='line_1_115' title="bbox 1980 4232 3569 4304; baseline -0.003 -15"><span class='ocrx_word' id='word_1_899' title='bbox 1980 4234 2264 4304; x_wconf 76' lang='grc' dir='ltr'>Ὡμοιώθη</span> <span class='ocrx_word' id='word_1_900' title='bbox 2298 4236 2335 4301; x_wconf 75' lang='grc' dir='ltr'><em>ἠ</em></span> <span class='ocrx_word' id='word_1_901' title='bbox 2357 4235 2652 4298; x_wconf 77' lang='grc' dir='ltr'>βασιλεία</span> <span class='ocrx_word' id='word_1_902' title='bbox 2675 4232 2794 4286; x_wconf 81' lang='grc' dir='ltr'>τῶν</span> <span class='ocrx_word' id='word_1_903' title='bbox 2820 4232 3099 4301; x_wconf 79' lang='grc' dir='ltr'>οὐρανῶν</span> <span class='ocrx_word' id='word_1_904' title='bbox 3134 4233 3397 4301; x_wconf 77' lang='grc' dir='ltr'>γυναικί,</span> <span class='ocrx_word' id='word_1_905' title='bbox 3436 4232 3569 4300; x_wconf 82' lang='grc' dir='ltr'>ἣτις</span> 
     </span>
    </p>
   </div>
   <div class='ocr_carea' id='block_1_116' title="bbox 1968 4316 3565 4387">
    <p class='ocr_par' dir='ltr' id='par_1_116' title="bbox 1968 4316 3565 4387">
     <span class='ocr_line' id='line_1_116' title="bbox 1968 4316 3565 4387; baseline -0.001 -15"><span class='ocrx_word' id='word_1_906' title='bbox 1968 4318 2247 4373; x_wconf 77' lang='grc' dir='ltr'>λαϐοῦσα</span> <span class='ocrx_word' id='word_1_907' title='bbox 2284 4316 2473 4387; x_wconf 80' lang='grc' dir='ltr'>ζύμην</span> <span class='ocrx_word' id='word_1_908' title='bbox 2498 4318 2768 4385; x_wconf 62' lang='grc' dir='ltr'>ἐκριιοψεν</span> <span class='ocrx_word' id='word_1_909' title='bbox 2797 4319 2883 4382; x_wconf 76' lang='grc' dir='ltr'>εἰς</span> <span class='ocrx_word' id='word_1_910' title='bbox 2918 4317 3181 4383; x_wconf 76' lang='grc' dir='ltr'>ἀλεύρου</span> <span class='ocrx_word' id='word_1_911' title='bbox 3224 4316 3382 4369; x_wconf 81' lang='grc' dir='ltr'>σάτα</span> <span class='ocrx_word' id='word_1_912' title='bbox 3410 4317 3565 4386; x_wconf 83' lang='grc' dir='ltr'>τρία.</span> 
     </span>
    </p>
   </div>
   <div class='ocr_carea' id='block_1_117' title="bbox 1973 4398 3568 4472">
    <p class='ocr_par' dir='ltr' id='par_1_117' title="bbox 1973 4398 3568 4472">
     <span class='ocr_line' id='line_1_117' title="bbox 1973 4398 3568 4472; baseline -0.003 -18"><span class='ocrx_word' id='word_1_913' title='bbox 1973 4404 2137 4454; x_wconf 81' lang='grc' dir='ltr'>Ὥστε</span> <span class='ocrx_word' id='word_1_914' title='bbox 2160 4400 2342 4472; x_wconf 74' lang='grc' dir='ltr'>ζύμης</span> <span class='ocrx_word' id='word_1_915' title='bbox 2366 4400 2597 4470; x_wconf 88' lang='grc' dir='ltr'>δύναμιν</span> <span class='ocrx_word' id='word_1_916' title='bbox 2621 4399 2837 4471; x_wconf 77' lang='grc' dir='ltr'>ἔχουσιν</span> <span class='ocrx_word' id='word_1_917' title='bbox 2861 4401 2910 4452; x_wconf 87' lang='grc' dir='ltr'>οἱ</span> <span class='ocrx_word' id='word_1_918' title='bbox 2944 4399 3167 4458; x_wconf 72' lang='grc' dir='ltr'>δίκαιοι,</span> <span class='ocrx_word' id='word_1_919' title='bbox 3204 4398 3291 4451; x_wconf 85' lang='grc' dir='ltr'>ἵνα</span> <span class='ocrx_word' id='word_1_920' title='bbox 3318 4398 3453 4469; x_wconf 79' lang='grc' dir='ltr'>πρὸς</span> <span class='ocrx_word' id='word_1_921' title='bbox 3468 4400 3568 4468; x_wconf 80' lang='grc' dir='ltr'>τὴν</span> 
     </span>
    </p>
   </div>
   <div class='ocr_carea' id='block_1_118' title="bbox 1972 4480 3569 4554">
    <p class='ocr_par' dir='ltr' id='par_1_118' title="bbox 1972 4480 3569 4554">
     <span class='ocr_line' id='line_1_118' title="bbox 1972 4480 3569 4554; baseline -0.002 -18"><span class='ocrx_word' id='word_1_922' title='bbox 1972 4483 2183 4536; x_wconf 82' lang='grc' dir='ltr'>ἑαυτῶν</span> <span class='ocrx_word' id='word_1_923' title='bbox 2214 4483 2478 4553; x_wconf 79' lang='grc' dir='ltr'>ποιότητα</span> <span class='ocrx_word' id='word_1_924' title='bbox 2509 4483 2638 4545; x_wconf 78' lang='grc' dir='ltr'>τοὺς</span> <span class='ocrx_word' id='word_1_925' title='bbox 2658 4482 2935 4554; x_wconf 79' lang='grc' dir='ltr'>πονηροὺς</span> <span class='ocrx_word' id='word_1_926' title='bbox 2955 4482 3391 4551; x_wconf 80' lang='grc' dir='ltr'>μεταστήσωσιν.</span> <span class='ocrx_word' id='word_1_927' title='bbox 3429 4480 3569 4533; x_wconf 80' lang='grc' dir='ltr'>Ἀλλ’</span> 
     </span>
    </p>
   </div>
   <div class='ocr_carea' id='block_1_119' title="bbox 1971 4562 3570 4635">
    <p class='ocr_par' dir='ltr' id='par_1_119' title="bbox 1971 4562 3570 4635">
     <span class='ocr_line' id='line_1_119' title="bbox 1971 4562 3570 4635; baseline -0.002 -16"><span class='ocrx_word' id='word_1_928' title='bbox 1971 4568 2145 4635; x_wconf 83' lang='grc' dir='ltr'>ὀλίγοι</span> <span class='ocrx_word' id='word_1_929' title='bbox 2183 4568 2233 4619; x_wconf 84' lang='grc' dir='ltr'>οἱ</span> <span class='ocrx_word' id='word_1_930' title='bbox 2266 4566 2487 4629; x_wconf 85' lang='grc' dir='ltr'>δίκαιοι,</span> <span class='ocrx_word' id='word_1_931' title='bbox 2527 4566 2623 4618; x_wconf 75' lang='grc' dir='ltr'>καὶ</span> <span class='ocrx_word' id='word_1_932' title='bbox 2666 4566 2777 4634; x_wconf 81' lang='grc' dir='ltr'>γὰρ</span> <span class='ocrx_word' id='word_1_933' title='bbox 2809 4565 2904 4617; x_wconf 77' lang='grc' dir='ltr'>καὶ</span> <span class='ocrx_word' id='word_1_934' title='bbox 2950 4567 2982 4635; x_wconf 86' lang='grc' dir='ltr'>ἡ</span> <span class='ocrx_word' id='word_1_935' title='bbox 3020 4562 3169 4635; x_wconf 80' lang='grc' dir='ltr'>ζύμη</span> <span class='ocrx_word' id='word_1_936' title='bbox 3212 4564 3419 4634; x_wconf 84' lang='grc' dir='ltr'>μικρά’</span> <span class='ocrx_word' id='word_1_937' title='bbox 3451 4563 3570 4618; x_wconf 75' lang='grc' dir='ltr'>ἀλλ’</span> 
     </span>
    </p>
   </div>
   <div class='ocr_carea' id='block_1_120' title="bbox 1972 4646 3571 4721">
    <p class='ocr_par' dir='ltr' id='par_1_120' title="bbox 1972 4646 3571 4721">
     <span class='ocr_line' id='line_1_120' title="bbox 1972 4646 3571 4721; baseline -0.004 -17"><span class='ocrx_word' id='word_1_938' title='bbox 1972 4651 2181 4721; x_wconf 79' lang='grc' dir='ltr'>οὑδὲνή</span> <span class='ocrx_word' id='word_1_939' title='bbox 2243 4649 2512 4720; x_wconf 87' lang='grc' dir='ltr'>μικρότης</span> <span class='ocrx_word' id='word_1_940' title='bbox 2550 4647 2940 4717; x_wconf 76' lang='grc' dir='ltr'>παραϐλάπτει</span> <span class='ocrx_word' id='word_1_941' title='bbox 2979 4646 3042 4699; x_wconf 80' lang='grc' dir='ltr'>τὸ</span> <span class='ocrx_word' id='word_1_942' title='bbox 3086 4647 3341 4718; x_wconf 81' lang='grc' dir='ltr'>φύραμα,</span> <span class='ocrx_word' id='word_1_943' title='bbox 3372 4647 3486 4699; x_wconf 86' lang='grc' dir='ltr'>ἀλλ’</span> <span class='ocrx_word' id='word_1_944' title='bbox 3534 4649 3571 4717; x_wconf 83' lang='grc' dir='ltr'><strong>ή</strong></span> 
     </span>
    </p>
   </div>
   <div class='ocr_carea' id='block_1_121' title="bbox 1974 4729 3573 4805">
    <p class='ocr_par' dir='ltr' id='par_1_121' title="bbox 1974 4729 3573 4805">
     <span class='ocr_line' id='line_1_121' title="bbox 1974 4729 3573 4805; baseline -0.003 -18"><span class='ocrx_word' id='word_1_945' title='bbox 1974 4735 2277 4805; x_wconf 82' lang='grc' dir='ltr'>σμικρότης</span> <span class='ocrx_word' id='word_1_946' title='bbox 2309 4732 2493 4803; x_wconf 81' lang='grc' dir='ltr'>ἐκείνη</span> <span class='ocrx_word' id='word_1_947' title='bbox 2523 4731 2669 4784; x_wconf 75' lang='grc' dir='ltr'>ἆπαν</span> <span class='ocrx_word' id='word_1_948' title='bbox 2701 4731 2762 4783; x_wconf 84' lang='grc' dir='ltr'>τὸ</span> <span class='ocrx_word' id='word_1_949' title='bbox 2798 4730 3028 4801; x_wconf 75' lang='grc' dir='ltr'>ἄλευρον</span> <span class='ocrx_word' id='word_1_950' title='bbox 3050 4731 3189 4801; x_wconf 83' lang='grc' dir='ltr'>πρὸς</span> <span class='ocrx_word' id='word_1_951' title='bbox 3207 4729 3405 4801; x_wconf 78' lang='grc' dir='ltr'>ἐαυτὴν</span> <span class='ocrx_word' id='word_1_952' title='bbox 3438 4729 3573 4799; x_wconf 69' lang='grc' dir='ltr'>μεθο</span> 
     </span>
    </p>
   </div>
   <div class='ocr_carea' id='block_1_122' title="bbox 1976 4812 3575 4889">
    <p class='ocr_par' dir='ltr' id='par_1_122' title="bbox 1976 4812 3575 4889">
     <span class='ocr_line' id='line_1_122' title="bbox 1976 4812 3575 4889; baseline -0.004 -18"><span class='ocrx_word' id='word_1_953' title='bbox 1976 4818 2157 4889; x_wconf 70' lang='grc' dir='ltr'>ίστησι</span> <span class='ocrx_word' id='word_1_954' title='bbox 2194 4816 2281 4870; x_wconf 71' lang='grc' dir='ltr'>διὰ</span> <span class='ocrx_word' id='word_1_955' title='bbox 2308 4816 2407 4885; x_wconf 84' lang='grc' dir='ltr'>τῆς</span> <span class='ocrx_word' id='word_1_956' title='bbox 2440 4814 2667 4882; x_wconf 83' lang='grc' dir='ltr'>ἐνούσης</span> <span class='ocrx_word' id='word_1_957' title='bbox 2696 4814 2835 4880; x_wconf 86' lang='grc' dir='ltr'>αὑτῇ</span> <span class='ocrx_word' id='word_1_958' title='bbox 2868 4813 3172 4883; x_wconf 89' lang='grc' dir='ltr'>δυνάμεως.</span> <span class='ocrx_word' id='word_1_959' title='bbox 3206 4812 3363 4865; x_wconf 70' lang='grc' dir='ltr'>(ιῦτω</span> <span class='ocrx_word' id='word_1_960' title='bbox 3385 4813 3575 4882; x_wconf 59' lang='grc' dir='ltr'>δηρκαὶ</span> 
     </span>
    </p>
   </div>
   <div class='ocr_carea' id='block_1_123' title="bbox 1973 4894 3576 4971">
    <p class='ocr_par' dir='ltr' id='par_1_123' title="bbox 1973 4894 3576 4971">
     <span class='ocr_line' id='line_1_123' title="bbox 1973 4894 3576 4971; baseline -0.004 -19"><span class='ocrx_word' id='word_1_961' title='bbox 1973 4903 2008 4971; x_wconf 83' lang='grc' dir='ltr'><strong>ή</strong></span> <span class='ocrx_word' id='word_1_962' title='bbox 2036 4899 2267 4969; x_wconf 87' lang='grc' dir='ltr'>δύναμις</span> <span class='ocrx_word' id='word_1_963' title='bbox 2298 4897 2407 4949; x_wconf 86' lang='grc' dir='ltr'>τῶν</span> <span class='ocrx_word' id='word_1_964' title='bbox 2439 4897 2669 4951; x_wconf 85' lang='grc' dir='ltr'>δικαίων</span> <span class='ocrx_word' id='word_1_965' title='bbox 2703 4897 2806 4949; x_wconf 85' lang='grc' dir='ltr'>ούκ</span> <span class='ocrx_word' id='word_1_966' title='bbox 2844 4898 2903 4949; x_wconf 85' lang='grc' dir='ltr'>ἐν</span> <span class='ocrx_word' id='word_1_967' title='bbox 2936 4899 3003 4967; x_wconf 81' lang='grc' dir='ltr'>τῇ</span> <span class='ocrx_word' id='word_1_968' title='bbox 3038 4896 3300 4966; x_wconf 83' lang='grc' dir='ltr'>ποσότητι</span> <span class='ocrx_word' id='word_1_969' title='bbox 3327 4894 3422 4947; x_wconf 89' lang='grc' dir='ltr'>τοῦ</span> <span class='ocrx_word' id='word_1_970' title='bbox 3450 4896 3576 4965; x_wconf 81' lang='grc' dir='ltr'>ἀρι-</span> 
     </span>
    </p>
   </div>
   <div class='ocr_carea' id='block_1_124' title="bbox 1976 4978 3573 5056">
    <p class='ocr_par' dir='ltr' id='par_1_124' title="bbox 1976 4978 3573 5056">
     <span class='ocr_line' id='line_1_124' title="bbox 1976 4978 3573 5056; baseline -0.004 -18"><span class='ocrx_word' id='word_1_971' title='bbox 1976 4984 2140 5056; x_wconf 88' lang='grc' dir='ltr'>θμοῦ,</span> <span class='ocrx_word' id='word_1_972' title='bbox 2172 4984 2287 5036; x_wconf 79' lang='grc' dir='ltr'>ἀλλ’</span> <span class='ocrx_word' id='word_1_973' title='bbox 2318 4985 2377 5035; x_wconf 86' lang='grc' dir='ltr'>ὲν</span> <span class='ocrx_word' id='word_1_974' title='bbox 2420 4986 2488 5054; x_wconf 80' lang='grc' dir='ltr'>τῇ</span> <span class='ocrx_word' id='word_1_975' title='bbox 2542 4982 2633 5035; x_wconf 85' lang='grc' dir='ltr'>τοῦ</span> <span class='ocrx_word' id='word_1_976' title='bbox 2669 4980 2990 5050; x_wconf 63' lang='grc' dir='ltr'>Πνεύμστος</span> <span class='ocrx_word' id='word_1_977' title='bbox 3039 4980 3225 5051; x_wconf 82' lang='grc' dir='ltr'>χάριτι</span> <span class='ocrx_word' id='word_1_978' title='bbox 3272 4978 3373 5049; x_wconf 83' lang='grc' dir='ltr'>τὴν</span> <span class='ocrx_word' id='word_1_979' title='bbox 3418 4979 3573 5048; x_wconf 81' lang='grc' dir='ltr'>ἰσχὺν</span> 
     </span>
    </p>
   </div>
   <div class='ocr_carea' id='block_1_125' title="bbox 1975 5062 3572 5140">
    <p class='ocr_par' dir='ltr' id='par_1_125' title="bbox 1975 5062 3572 5140">
     <span class='ocr_line' id='line_1_125' title="bbox 1975 5062 3572 5140; baseline -0.004 -19"><span class='ocrx_word' id='word_1_980' title='bbox 1975 5069 2109 5140; x_wconf 77' lang='grc' dir='ltr'>ἔχει.</span> <span class='ocrx_word' id='word_1_981' title='bbox 2139 5067 2362 5121; x_wconf 87' lang='grc' dir='ltr'>Δώδεκα</span> <span class='ocrx_word' id='word_1_982' title='bbox 2392 5064 2532 5137; x_wconf 81' lang='grc' dir='ltr'>ἦσαν</span> <span class='ocrx_word' id='word_1_983' title='bbox 2558 5069 2607 5120; x_wconf 92' lang='grc' dir='ltr'>οί</span> <span class='ocrx_word' id='word_1_984' title='bbox 2631 5066 2960 5119; x_wconf 83' lang='grc' dir='ltr'>ἀπόστολοι·</span> <span class='ocrx_word' id='word_1_985' title='bbox 3012 5062 3153 5129; x_wconf 75' lang='grc' dir='ltr'>εἶδες</span> <span class='ocrx_word' id='word_1_986' title='bbox 3184 5063 3302 5126; x_wconf 90' lang='grc' dir='ltr'>πῶς</span> <span class='ocrx_word' id='word_1_987' title='bbox 3331 5065 3505 5134; x_wconf 82' lang='grc' dir='ltr'>μικρά</span> <span class='ocrx_word' id='word_1_988' title='bbox 3537 5065 3572 5134; x_wconf 79' lang='grc' dir='ltr'><strong>ἡ</strong></span> 
     </span>
    </p>
   </div>
   <div class='ocr_carea' id='block_1_126' title="bbox 1977 5144 3573 5225">
    <p class='ocr_par' dir='ltr' id='par_1_126' title="bbox 1977 5144 3573 5225">
     <span class='ocr_line' id='line_1_126' title="bbox 1977 5144 3573 5225; baseline -0.006 -19"><span class='ocrx_word' id='word_1_989' title='bbox 1977 5154 2161 5225; x_wconf 79' lang='grc' dir='ltr'>ζύμη;</span> <span class='ocrx_word' id='word_1_990' title='bbox 2192 5153 2290 5223; x_wconf 82' lang='grc' dir='ltr'>ὅλη</span> <span class='ocrx_word' id='word_1_991' title='bbox 2322 5154 2355 5222; x_wconf 79' lang='grc' dir='ltr'>ἡ</span> <span class='ocrx_word' id='word_1_992' title='bbox 2389 5152 2685 5222; x_wconf 86' lang='grc' dir='ltr'>οἰκουμένη</span> <span class='ocrx_word' id='word_1_993' title='bbox 2724 5152 2783 5203; x_wconf 83' lang='grc' dir='ltr'>ἐν</span> <span class='ocrx_word' id='word_1_994' title='bbox 2814 5150 3047 5219; x_wconf 70' lang='grc' dir='ltr'>ἀπιστία</span> <span class='ocrx_word' id='word_1_995' title='bbox 3089 5145 3158 5218; x_wconf 83' lang='grc' dir='ltr'>ἦν</span> <span class='ocrx_word' id='word_1_996' title='bbox 3179 5166 3192 5178; x_wconf 95' lang='grc'><strong>·</strong></span> <span class='ocrx_word' id='word_1_997' title='bbox 3228 5144 3382 5210; x_wconf 82' lang='grc' dir='ltr'>εἶδες</span> <span class='ocrx_word' id='word_1_998' title='bbox 3406 5146 3573 5199; x_wconf 88' lang='grc' dir='ltr'>πόσον</span> 
     </span>
    </p>
   </div>
   <div class='ocr_carea' id='block_1_127' title="bbox 1975 5230 3574 5309">
    <p class='ocr_par' dir='ltr' id='par_1_127' title="bbox 1975 5230 3574 5309">
     <span class='ocr_line' id='line_1_127' title="bbox 1975 5230 3574 5309; baseline -0.006 -17"><span class='ocrx_word' id='word_1_999' title='bbox 1975 5240 2038 5292; x_wconf 83' lang='grc' dir='ltr'>τὸ</span> <span class='ocrx_word' id='word_1_1000' title='bbox 2069 5238 2335 5309; x_wconf 80' lang='grc' dir='ltr'>φύραμα;</span> <span class='ocrx_word' id='word_1_1001' title='bbox 2370 5234 2483 5289; x_wconf 79' lang='grc' dir='ltr'>ἀλλ’</span> <span class='ocrx_word' id='word_1_1002' title='bbox 2516 5235 2715 5289; x_wconf 81' lang='grc' dir='ltr'>ἐκεῖνοι</span> <span class='ocrx_word' id='word_1_1003' title='bbox 2737 5235 2789 5287; x_wconf 91' lang='grc' dir='ltr'>οἰ</span> <span class='ocrx_word' id='word_1_1004' title='bbox 2813 5232 3024 5288; x_wconf 84' lang='grc' dir='ltr'>δώδεκα</span> <span class='ocrx_word' id='word_1_1005' title='bbox 3059 5233 3241 5286; x_wconf 76' lang='grc' dir='ltr'>πᾶσαν</span> <span class='ocrx_word' id='word_1_1006' title='bbox 3262 5230 3361 5302; x_wconf 76' lang='grc' dir='ltr'>τὴν</span> <span class='ocrx_word' id='word_1_1007' title='bbox 3393 5232 3574 5283; x_wconf 83' lang='grc' dir='ltr'>οίκου-</span> 
     </span>
    </p>
   </div>
   <div class='ocr_carea' id='block_1_128' title="bbox 1981 5313 3573 5393">
    <p class='ocr_par' dir='ltr' id='par_1_128' title="bbox 1981 5313 3573 5393">
     <span class='ocr_line' id='line_1_128' title="bbox 1981 5313 3573 5393; baseline -0.006 -19"><span class='ocrx_word' id='word_1_1008' title='bbox 1981 5322 2149 5393; x_wconf 90' lang='grc' dir='ltr'>μένην</span> <span class='ocrx_word' id='word_1_1009' title='bbox 2172 5321 2308 5389; x_wconf 80' lang='grc' dir='ltr'>πρὸς</span> <span class='ocrx_word' id='word_1_1010' title='bbox 2331 5319 2562 5375; x_wconf 72' lang='grc' dir='ltr'>ἑαυτοὺς</span> <span class='ocrx_word' id='word_1_1011' title='bbox 2585 5317 2969 5388; x_wconf 72' lang='grc' dir='ltr'>ἐπέστρεψαν.,</span> <span class='ocrx_word' id='word_1_1012' title='bbox 2998 5317 3061 5369; x_wconf 86' lang='grc' dir='ltr'><em>Ἢ</em></span> <span class='ocrx_word' id='word_1_1013' title='bbox 3092 5315 3240 5385; x_wconf 78' lang='grc' dir='ltr'>ζύμη</span> <span class='ocrx_word' id='word_1_1014' title='bbox 3269 5315 3363 5367; x_wconf 79' lang='grc' dir='ltr'>καὶ</span> <span class='ocrx_word' id='word_1_1015' title='bbox 3385 5314 3446 5365; x_wconf 85' lang='grc' dir='ltr'>τὸ</span> <span class='ocrx_word' id='word_1_1016' title='bbox 3473 5313 3573 5383; x_wconf 67' lang='grc' dir='ltr'>φύν</span> 
     </span>
    </p>
   </div>
   <div class='ocr_carea' id='block_1_129' title="bbox 1981 5398 3570 5480">
    <p class='ocr_par' dir='ltr' id='par_1_129' title="bbox 1981 5398 3570 5480">
     <span class='ocr_line' id='line_1_129' title="bbox 1981 5398 3570 5480; baseline -0.008 -18"><span class='ocrx_word' id='word_1_1017' title='bbox 1981 5425 2130 5480; x_wconf 87' lang='grc' dir='ltr'>ραμα</span> <span class='ocrx_word' id='word_1_1018' title='bbox 2159 5407 2259 5477; x_wconf 78' lang='grc' dir='ltr'>τῆς</span> <span class='ocrx_word' id='word_1_1019' title='bbox 2299 5405 2471 5474; x_wconf 81' lang='grc' dir='ltr'>αὑτῆς</span> <span class='ocrx_word' id='word_1_1020' title='bbox 2512 5402 2750 5473; x_wconf 82' lang='grc' dir='ltr'>φύσεως,</span> <span class='ocrx_word' id='word_1_1021' title='bbox 2778 5403 2892 5455; x_wconf 80' lang='grc' dir='ltr'>ἀλλ’</span> <span class='ocrx_word' id='word_1_1022' title='bbox 2920 5402 2988 5475; x_wconf 82' lang='grc' dir='ltr'>οὑ</span> <span class='ocrx_word' id='word_1_1023' title='bbox 3008 5401 3119 5471; x_wconf 11' lang='grc' dir='ltr'>,τῆς</span> <span class='ocrx_word' id='word_1_1024' title='bbox 3152 5401 3326 5470; x_wconf 81' lang='grc' dir='ltr'>αὑτῆς</span> <span class='ocrx_word' id='word_1_1025' title='bbox 3350 5398 3570 5469; x_wconf 78' lang='grc' dir='ltr'>ποιότηο</span> 
     </span>
    </p>
   </div>
   <div class='ocr_carea' id='block_1_130' title="bbox 1976 5483 3572 5558">
    <p class='ocr_par' dir='ltr' id='par_1_130' title="bbox 1976 5483 3572 5558">
     <span class='ocr_line' id='line_1_130' title="bbox 1976 5483 3572 5558; baseline -0.008 -15"><span class='ocrx_word' id='word_1_1026' title='bbox 1976 5508 2070 5555; x_wconf 89' lang='grc' dir='ltr'>τος</span> <span class='ocrx_word' id='word_1_1027' title='bbox 2093 5506 2106 5520; x_wconf 92' lang='grc'><strong>·</strong></span> <span class='ocrx_word' id='word_1_1028' title='bbox 2132 5490 2220 5544; x_wconf 79' lang='grc' dir='ltr'>διὰ</span> <span class='ocrx_word' id='word_1_1029' title='bbox 2245 5489 2402 5543; x_wconf 89' lang='grc' dir='ltr'>τοῦτο</span> <span class='ocrx_word' id='word_1_1030' title='bbox 2428 5488 2611 5558; x_wconf 77' lang='grc' dir='ltr'>ἀφῆκε</span> <span class='ocrx_word' id='word_1_1031' title='bbox 2647 5485 2856 5556; x_wconf 77' lang='grc' dir='ltr'>μεταξῦ</span> <span class='ocrx_word' id='word_1_1032' title='bbox 2888 5486 2996 5539; x_wconf 87' lang='grc' dir='ltr'>τῶν</span> <span class='ocrx_word' id='word_1_1033' title='bbox 3037 5483 3268 5537; x_wconf 88' lang='grc' dir='ltr'>δικαίων</span> <span class='ocrx_word' id='word_1_1034' title='bbox 3302 5483 3428 5537; x_wconf 71' lang='grc' dir='ltr'>τοὺς</span> <span class='ocrx_word' id='word_1_1035' title='bbox 3471 5498 3572 5532; x_wconf 89' lang='grc' dir='ltr'>πο-</span> 
     </span>
    </p>
   </div>
   <div class='ocr_carea' id='block_1_131' title="bbox 1980 5564 3573 5645">
    <p class='ocr_par' dir='ltr' id='par_1_131' title="bbox 1980 5564 3573 5645">
     <span class='ocr_line' id='line_1_131' title="bbox 1980 5564 3573 5645; baseline -0.008 -18"><span class='ocrx_word' id='word_1_1036' title='bbox 1980 5574 2199 5645; x_wconf 78' lang='grc' dir='ltr'>νηροὺς,</span> <span class='ocrx_word' id='word_1_1037' title='bbox 2240 5573 2306 5625; x_wconf 81' lang='grc' dir='ltr'>ἵν’</span> <span class='ocrx_word' id='word_1_1038' title='bbox 2356 5571 2547 5642; x_wconf 78' lang='grc' dir='ltr'>ῶσπερ</span> <span class='ocrx_word' id='word_1_1039' title='bbox 2588 5570 2689 5639; x_wconf 81' lang='grc' dir='ltr'>τῆς</span> <span class='ocrx_word' id='word_1_1040' title='bbox 2728 5569 2899 5639; x_wconf 78' lang='grc' dir='ltr'>αὑτῆς</span> <span class='ocrx_word' id='word_1_1041' title='bbox 2948 5566 3167 5639; x_wconf 86' lang='grc' dir='ltr'>φύσεώς</span> <span class='ocrx_word' id='word_1_1042' title='bbox 3213 5568 3319 5619; x_wconf 86' lang='grc' dir='ltr'>εἰσι</span> <span class='ocrx_word' id='word_1_1043' title='bbox 3354 5567 3462 5626; x_wconf 85' lang='grc' dir='ltr'>τοῖς</span> <span class='ocrx_word' id='word_1_1044' title='bbox 3491 5564 3573 5615; x_wconf 84' lang='grc' dir='ltr'>δι-</span> 
     </span>
    </p>
   </div>
   <div class='ocr_carea' id='block_1_132' title="bbox 1980 5648 3536 5723">
    <p class='ocr_par' dir='ltr' id='par_1_132' title="bbox 1980 5648 3536 5723">
     <span class='ocr_line' id='line_1_132' title="bbox 1980 5648 3536 5723; baseline -0.006 -13"><span class='ocrx_word' id='word_1_1045' title='bbox 1980 5658 2179 5720; x_wconf 89' lang='grc' dir='ltr'>καίοις.</span> <span class='ocrx_word' id='word_1_1046' title='bbox 2211 5656 2357 5709; x_wconf 76' lang='grc' dir='ltr'>οὑτω</span> <span class='ocrx_word' id='word_1_1047' title='bbox 2384 5654 2599 5723; x_wconf 74' lang='grc' dir='ltr'>καὶτῆς</span> <span class='ocrx_word' id='word_1_1048' title='bbox 2638 5653 2813 5721; x_wconf 81' lang='grc' dir='ltr'>αὐτῆς</span> <span class='ocrx_word' id='word_1_1049' title='bbox 2845 5651 3223 5723; x_wconf 74' lang='grc' dir='ltr'>προαιρέσεοιις</span> <span class='ocrx_word' id='word_1_1050' title='bbox 3251 5648 3536 5716; x_wconf 86' lang='grc' dir='ltr'>γένωνται.</span> 
     </span>
    </p>
   </div>
   <div class='ocr_carea' id='block_1_133' title="bbox 2053 5730 3574 5810">
    <p class='ocr_par' dir='ltr' id='par_1_133' title="bbox 2053 5730 3574 5810">
     <span class='ocr_line' id='line_1_133' title="bbox 2053 5730 3574 5810; baseline -0.007 -17"><span class='ocrx_word' id='word_1_1051' title='bbox 2053 5740 2273 5793; x_wconf 82' lang='grc' dir='ltr'>Τούτων</span> <span class='ocrx_word' id='word_1_1052' title='bbox 2316 5737 2622 5810; x_wconf 85' lang='grc' dir='ltr'>μέμνησθε,</span> <span class='ocrx_word' id='word_1_1053' title='bbox 2654 5737 2868 5800; x_wconf 81' lang='grc' dir='ltr'>τούτοις</span> <span class='ocrx_word' id='word_1_1054' title='bbox 2892 5734 3279 5804; x_wconf 74' lang='grc' dir='ltr'>ἐπιστομίζετε</span> <span class='ocrx_word' id='word_1_1055' title='bbox 3316 5730 3441 5791; x_wconf 80' lang='grc' dir='ltr'>τοὺς</span> <span class='ocrx_word' id='word_1_1056' title='bbox 3474 5731 3574 5798; x_wconf 74' lang='grc' dir='ltr'>ῥᾳ-</span> 
     </span>
    </p>
   </div>
   <div class='ocr_carea' id='block_1_134' title="bbox 1984 5814 3575 5895">
    <p class='ocr_par' dir='ltr' id='par_1_134' title="bbox 1984 5814 3575 5895">
     <span class='ocr_line' id='line_1_134' title="bbox 1984 5814 3575 5895; baseline -0.008 -18"><span class='ocrx_word' id='word_1_1057' title='bbox 1984 5825 2047 5878; x_wconf 89' lang='grc' dir='ltr'>θύ</span> <span class='ocrx_word' id='word_1_1058' title='bbox 2059 5841 2210 5895; x_wconf 86' lang='grc' dir='ltr'>μους,</span> <span class='ocrx_word' id='word_1_1059' title='bbox 2233 5825 2361 5885; x_wconf 69' lang='grc' dir='ltr'>τοὺς</span> <span class='ocrx_word' id='word_1_1060' title='bbox 2377 5822 2832 5891; x_wconf 83' lang='grc' dir='ltr'>διακεχυμένους,</span> <span class='ocrx_word' id='word_1_1061' title='bbox 2854 5822 2981 5882; x_wconf 80' lang='grc' dir='ltr'>τοὺς</span> <span class='ocrx_word' id='word_1_1062' title='bbox 3005 5814 3425 5887; x_wconf 81' lang='grc' dir='ltr'>ὀκνηροτὲρους,</span> <span class='ocrx_word' id='word_1_1063' title='bbox 3448 5814 3575 5875; x_wconf 78' lang='grc' dir='ltr'>τοὺς</span> 
     </span>
    </p>
   </div>
   <div class='ocr_carea' id='block_1_135' title="bbox 1986 5897 3576 5979">
    <p class='ocr_par' dir='ltr' id='par_1_135' title="bbox 1986 5897 3576 5979">
     <span class='ocr_line' id='line_1_135' title="bbox 1986 5897 3576 5979; baseline -0.006 -18"><span class='ocrx_word' id='word_1_1064' title='bbox 1986 5908 2385 5979; x_wconf 63' lang='grc' dir='ltr'>ἀναδιδομένους</span> <span class='ocrx_word' id='word_1_1065' title='bbox 2416 5906 2554 5977; x_wconf 73' lang='grc' dir='ltr'>πρὸς</span> <span class='ocrx_word' id='word_1_1066' title='bbox 2584 5906 2711 5967; x_wconf 75' lang='grc' dir='ltr'>τοὺς</span> <span class='ocrx_word' id='word_1_1067' title='bbox 2731 5906 2829 5973; x_wconf 84' lang='grc' dir='ltr'>τῆς</span> <span class='ocrx_word' id='word_1_1068' title='bbox 2847 5903 3054 5975; x_wconf 84' lang='grc' dir='ltr'>ἀρετῆς</span> <span class='ocrx_word' id='word_1_1069' title='bbox 3079 5902 3298 5963; x_wconf 79' lang='grc' dir='ltr'>πόνους.</span> <span class='ocrx_word' id='word_1_1070' title='bbox 3334 5899 3458 5954; x_wconf 71' lang='grc' dir='ltr'>τοὺς</span> <span class='ocrx_word' id='word_1_1071' title='bbox 3478 5897 3576 5951; x_wconf 86' lang='grc' dir='ltr'>τοῦ</span> 
     </span>
    </p>
   </div>
   <div class='ocr_carea' id='block_1_136' title="bbox 1989 5980 3572 6062">
    <p class='ocr_par' dir='ltr' id='par_1_136' title="bbox 1989 5980 3572 6062">
     <span class='ocr_line' id='line_1_136' title="bbox 1989 5980 3572 6062; baseline -0.009 -16"><span class='ocrx_word' id='word_1_1072' title='bbox 1989 5992 2169 6046; x_wconf 77' lang='grc' dir='ltr'>κοινοῦ</span> <span class='ocrx_word' id='word_1_1073' title='bbox 2203 5991 2473 6045; x_wconf 76' lang='grc' dir='ltr'>Δεσπότου</span> <span class='ocrx_word' id='word_1_1074' title='bbox 2506 5987 2969 6062; x_wconf 75' lang='grc' dir='ltr'>κατηγοροῦντας,</span> <span class='ocrx_word' id='word_1_1075' title='bbox 3022 5986 3333 6056; x_wconf 77' lang='grc' dir='ltr'>Ἥμαρτες,</span> <span class='ocrx_word' id='word_1_1076' title='bbox 3386 5980 3572 6053; x_wconf 67' lang='grc' dir='ltr'>φησὶν,</span> 
     </span>
    </p>
   </div>
  </div>
