4190 6322
235 369 326 423 '26?

232 482 308 536 di.
343 476 427 533 Si.
456 473 508 548 l)
547 490 559 527 :
595 485 705 527 non
752 469 824 524 ita
863 480 1021 539 grave
1059 472 1141 520 est
1180 477 1440 533 peccare,
1481 472 1639 530 quam
1683 463 1801 526 post

234 571 497 626 admissum
549 571 831 635 peccatum
889 557 1172 614 Dominum
1229 566 1502 608 accusare.
1563 551 1805 634 Agnosco

237 661 414 734 peccati
440 666 735 720 auctorem,
763 654 1075 720 nullumque
1100 649 1260 704 alium
1289 646 1548 716 reperies,
1573 656 1730 711 quam
1755 649 1806 695 te

233 757 309 827 qui
338 752 580 825 peccasti.
617 750 822 820 Ubique
848 749 989 802 bono
1018 758 1153 814 opus
1187 751 1270 798 est
1313 738 1584 813 proposito
1617 735 1806 790 volun-

238 849 372 911 tatis;
403 845 450 899 id
475 851 656 898 autem
685 841 836 894 vobis
869 834 1233 906 comprobavi,
1263 848 1368 888 non
1398 832 1567 886 solum
1597 828 1809 883 ratioci-

237 939 354 999 niis,
383 933 472 990 sed
501 931 758 1001 exemplo
783 939 1163 984 conservorum
1185 966 1204 991 ,
1236 923 1325 993 qui
1370 923 1422 975 in
1465 920 1568 975 hoc
1608 917 1809 974 mundo

239 1027 474 1082 vivebant.
505 1024 620 1078 llac
643 1032 698 1077 et
719 1029 778 1074 tu
800 1031 952 1074 utere
971 1013 1425 1073 demonstratione
1453 1028 1466 1063 :
1491 1011 1567 1065 sic
1588 1017 1641 1064 et
1663 1023 1811 1062 com-

233 1117 392 1172 munis
431 1115 685 1170 Dominus
713 1125 812 1166 nos
833 1107 1091 1179 iudicabit
1118 1123 1134 1161 :
1161 1106 1307 1160 hunc
1335 1098 1808 1158 demonstrationis

238 1210 428 1264 modum
461 1208 686 1271 discite,
714 1213 768 1260 et
807 1217 967 1258 nemo
1003 1199 1152 1255 vobis
1195 1197 1391 1268 poterit
1419 1196 1583 1252 verba
1612 1194 1741 1249 dare
1767 1193 1806 1246 ¹.

237 1300 524 1358 Fornicatur
550 1295 857 1368 quispiam?
885 1292 1110 1348 ostende
1152 1291 1226 1344 illi
1269 1289 1430 1343 alium
1472 1287 1812 1342 continenter

235 1403 475 1464 agentem.
519 1391 730 1445 Avarus
771 1394 855 1441 est
896 1384 1031 1439 alius
1071 1391 1126 1436 et
1166 1381 1372 1452 rapax?
1411 1380 1808 1448 eleemosynam

233 1491 514 1552 erogantem
555 1479 635 1534 illi
679 1477 892 1533 exhibe.
925 1475 982 1530 ln
1022 1474 1190 1528 livore
1220 1480 1274 1527 et
1310 1469 1504 1524 invidia
1532 1467 1812 1523 versatur?

235 1575 294 1628 ab
316 1573 409 1627 hoc
437 1571 625 1626 morbo
652 1569 877 1623 liberum
913 1567 964 1620 ei
1001 1563 1247 1620 ostende.
1288 1561 1577 1616 Iracundus
1605 1559 1727 1614 est?
1758 1559 1812 1614 in

231 1664 446 1718 medium
473 1661 652 1717 adduc
680 1676 835 1724 eum,
862 1658 954 1729 qui
985 1672 1110 1712 cum
1145 1653 1481 1726 phi1050phia
1515 1652 1665 1706 vivit.
1695 1651 1812 1707 Non

232 1756 358 1808 enim
392 1765 598 1808 veteres
625 1751 799 1806 solum
841 1748 1093 1803 historias
1126 1754 1373 1817 repetere
1397 1754 1484 1799 est
1512 1757 1685 1813 opus;
1717 1741 1812 1797 sed

231 1860 256 1898 a
286 1844 626 1914 prmsentibus
651 1841 892 1910 exempla
923 1837 1185 1894 sumenda
1214 1846 1358 1891 sunt.
1387 1835 1520 1890 Nam
1546 1833 1813 1904 hodieque

235 1952 318 2005 per
345 1935 430 1990 Dei
455 1935 682 2005 gratiam
710 1947 814 1986 non
847 1932 1054 1986 minora
1086 1928 1357 2000 prioribus
1393 1934 1520 1981 sunt
1558 1925 1811 1994 praeclara

229 2042 396 2096 opera.
425 2024 736 2080 incredulus
761 2033 842 2079 est
861 2064 876 2088 ,
905 2031 962 2078 et
994 2020 1279 2077 mendaces
1319 2027 1468 2089 putat
1509 2031 1629 2073 esse
1669 2015 1816 2072 Scri-

231 2119 432 2189 pturas?
475 2132 584 2172 non
623 2115 798 2172 credit
837 2114 1029 2172 Jobum
1062 2113 1222 2168 talem
1251 2109 1459 2166 fuisse?
1487 2108 1710 2164 ostende
1740 2108 1815 2162 illi

233 2213 379 2266 alium
411 2211 704 2275 hominem,
737 2210 826 2279 qui
855 2208 995 2263 illius
1019 2205 1150 2276 justi
1181 2205 1419 2260 imitetur
1442 2202 1625 2257 vitam.
1650 2201 1740 2257 Sic
1763 2208 1817 2256 et

232 2318 319 2358 nos
339 2301 877 2370 Dominus-judicabit
899 2315 912 2352 :
937 2311 1227 2353 conservos
1247 2311 1367 2350 cum
1389 2292 1667 2350 conservis
1688 2306 1816 2345 con-

231 2395 406 2459 stituit,
437 2409 538 2450 nec
565 2407 665 2447 suo
689 2390 891 2462 judicio
927 2388 1029 2444 fert
1063 2386 1404 2451 sententiam,
1435 2398 1502 2437 ne
1528 2382 1648 2453 quis
1673 2380 1817 2436 dicat

232 2485 446 2551 iterum,
485 2481 938 2555 quemadmodum
985 2479 1076 2534 ille
1121 2477 1380 2543 lautulus,
1425 2474 1511 2529 cui
1557 2473 1816 2528 talentum

231 2578 478 2634 creditum
508 2576 702 2641 fuerat,
730 2583 785 2630 et
812 2588 912 2646 pro
942 2572 1144 2628 talento
1172 2569 1565 2625 accusationem
1592 2565 1774 2620 retulit
1800 2580 1816 2619 :

233 2671 355 2737 Quia
390 2678 619 2725 austeras
646 2684 699 2722 es
733 2665 956 2738 (Matth.
983 2663 1074 2717 25.
1101 2661 1218 2731 24).
1252 2660 1387 2715 Cum
1419 2658 1562 2714 enim
1594 2656 1818 2727 ingemi-

229 2777 371 2818 scere
415 2760 773 2833 oportuisset,
814 2755 958 2827 quod
1006 2756 1261 2810 talentum
1301 2767 1408 2808 non
1453 2750 1817 2818 duplicasset,

228 2855 433 2924 gravius
460 2851 676 2906 admisit
719 2858 994 2920 peceatum
1018 2888 1035 2913 ,
1065 2845 1296 2916 propria:
1330 2842 1572 2914 segnitiei
1600 2854 1821 2895 accusa-

233 2946 416 2999 tionem
465 2953 652 2999 contra
702 2939 976 2995 dominum
1025 2937 1301 3006 adjiciens.
1342 2933 1479 3003 Quid
1521 2932 1664 2987 enim
1705 2931 1822 2985 ait?

233 3037 456 3091 Sciebam
486 3036 608 3106 quia
630 3044 863 3087 austeras
893 3047 964 3085 es.
989 3029 1034 3085 Ο
1059 3028 1242 3090 miser,
1272 3041 1305 3080 o
1333 3025 1511 3079 infelix
1535 3033 1593 3079 et
1618 3023 1824 3093 ingrate

230 3138 283 3181 et
313 3129 529 3197 ignave!
558 3140 682 3181 cum
725 3122 988 3194 ignaviam
1017 3130 1160 3175 tuam
1192 3131 1445 3173 accusare
1473 3115 1700 3170 deberes
1725 3156 1738 3178 ,
1771 3121 1826 3168 et

237 3222 308 3276 sic
336 3221 479 3289 prius
517 3226 793 3289 peccatum
823 3215 1098 3276 minuere,
1131 3221 1187 3265 tu
1215 3219 1398 3265 contra
1427 3208 1702 3262 dominum
1732 3220 1824 3260 ac-

230 3313 557 3366 cusationem
586 3318 823 3374 vertens,
855 3307 975 3361 loco
1003 3304 1185 3359 talenti
1220 3311 1493 3372 peccatum
1521 3299 1821 3369 duplicasti.

299 3406 349 3460 3.
379 3403 585 3459 Idcirco
615 3402 756 3456 Deus
783 3414 970 3456 servos
1000 3407 1050 3452 et
1090 3409 1276 3452 servos
1307 3393 1510 3460 statuit,
1539 3403 1598 3447 ut
1626 3391 1678 3446 hi
1706 3391 1826 3446 illos

231 3495 482 3563 judicent,
506 3502 562 3548 et
586 3493 658 3547 illi
682 3492 748 3546 ab
769 3492 851 3545 his
870 3488 1113 3560 judicati,
1144 3502 1250 3541 non
1276 3483 1509 3539 habeant
1527 3483 1663 3537 ultra
1686 3481 1827 3537 unde

234 3585 514 3641 Dominum
547 3590 817 3638 accusent.
848 3581 1136 3648 Propterea
1161 3576 1288 3631 dicit
1319 3593 1331 3628 :
1375 3574 1517 3629 Venit
1546 3572 1716 3627 Filius
1737 3573 1830 3626 hoc

233 3680 376 3733 minis
401 3680 452 3732 in
478 3679 646 3750 gloria
674 3675 846 3729 Patris
874 3677 955 3730 sui
982 3672 1193 3745 (Matth.
1224 3669 1315 3725 16.
1341 3667 1459 3736 9.7).
1488 3666 1620 3722 Vide
1645 3665 1830 3735 gloria:

232 3772 592 3840 aequalitatem
611 3788 623 3822 :
641 3785 751 3827 non
774 3769 930 3835 dixit,
951 3765 1009 3821 in
1032 3763 1201 3833 gloria
1227 3760 1386 3815 simili
1416 3758 1599 3829 glorize
1626 3755 1825 3819 Patris,

230 3860 354 3926 sed,
399 3858 464 3912 In
509 3858 676 3930 gloria
712 3855 915 3920 Patris,
962 3862 1009 3906 et
1049 3849 1369 3922 congregabit
1411 3858 1579 3920 gentes
1618 3863 1788 3900 omnes
1811 3861 1830 3898 :

233 3952 468 4008 terribile
494 3948 750 4016 tribunal,
783 3946 1019 4002 terribile
1049 3942 1420 4014 peccatoribus
1447 3950 1500 3996 et
1527 3940 1633 3994 rcis
1663 3957 1676 3992 :
1707 3953 1827 3992 nam

233 4044 328 4097 sibi
371 4041 609 4098 consciis
649 4039 718 4094 de
765 4039 907 4094 bono
945 4050 1109 4105 opere
1134 4077 1148 4100 ,
1180 4031 1534 4089 desiderabile
1571 4030 1832 4098 dulceque

230 4145 311 4195 est
339 4156 351 4192 :
384 4136 451 4191 Et
487 4135 758 4189 constituet
790 4147 903 4186 oves
938 4146 968 4182 a
1006 4128 1228 4192 dextris,
1269 4137 1316 4180 et
1357 4125 1529 4179 haedos
1556 4141 1587 4176 a
1614 4123 1832 4177 sinistris

232 4229 444 4302 (Matth.
487 4227 582 4282 9.3.
624 4221 716 4298 55)
753 4241 766 4276 :
797 4231 852 4278 et
876 4221 930 4276 hi
962 4227 1014 4274 et
1041 4219 1113 4272 illi
1145 4217 1392 4273 homines
1420 4225 1562 4270 sunt.
1596 4213 1701 4270 Cur
1730 4213 1832 4267 ita-

233 4336 335 4392 que
362 4321 435 4376 illi
473 4332 607 4374 oves
628 4359 642 4383 ,
673 4315 727 4370 hi
767 4312 945 4370 inedi?
982 4311 1097 4366 Non
1129 4319 1185 4363 ut
1213 4307 1566 4364 dill'erentiam
1597 4314 1830 4369 natura},

235 4413 325 4470 sed
351 4423 410 4468 ut
435 4407 734 4465 voluntatis
755 4405 1042 4460 discrimen
1069 4400 1296 4456 ediscas.
1321 4399 1427 4455 Cur
1455 4409 1632 4453 autem
1665 4397 1719 4463 ii,
1743 4397 1834 4466 qui

234 4505 635 4576 eleemosynam
663 4515 770 4555 non
796 4504 1105 4568 erogarunt,
1139 4494 1284 4551 haedi
1312 4493 1474 4548 sunt?
1502 4492 1636 4560 Quia
1665 4490 1835 4545 infru-

230 4606 477 4652 ctuosum
507 4603 594 4649 est
621 4590 819 4645 animal
843 4631 858 4656 ,
888 4587 1028 4659 quod
1059 4602 1233 4654 neque
1261 4586 1413 4641 lactis
1445 4583 1796 4638 ministerium
1818 4625 1834 4650 ,

235 4707 406 4762 neque
435 4689 668 4760 prolem,
698 4700 869 4754 neque
898 4682 1120 4752 pilorum
1144 4680 1427 4734 utilitatem
1454 4678 1624 4747 possit
1645 4676 1838 4732 afferre

233 4780 491 4844 dominis,
515 4777 640 4848 quia
667 4775 737 4830 ob
761 4781 1136 4844 praematuram
1164 4778 1376 4826 atatem
1403 4768 1524 4823 talis
1548 4776 1837 4838 proventus

233 4889 432 4945 expers
457 4879 566 4928 est.
599 4869 724 4925 ideo
749 4881 845 4923 eos
863 4865 960 4936 qui
990 4865 1192 4919 nullum
1224 4865 1580 4933 eieemosyna:
1609 4860 1836 4914 fructum

236 4968 430 5034 lerunt,
465 4964 662 5019 hcedos
685 4960 926 5023 vocavit;
949 4973 1042 5013 eos
1066 4965 1242 5012 autem
1269 4956 1357 5025 qui
1385 4970 1414 5008 a
1441 4954 1661 5020 dextris,
1687 4969 1834 5008 oves.

234 5063 312 5116 Ab
342 5061 450 5116 illis
475 5057 625 5114 enim
657 5057 844 5125 ingens
873 5058 1165 5123 proventus
1193 5066 1256 5104 ex
1288 5049 1406 5103 lana
1428 5091 1441 5112 ,
1471 5063 1535 5102 ex
1565 5047 1740 5118 prole,
1771 5061 1835 5102 ex

232 5157 390 5211 lacte.
423 5150 572 5221 Quid
620 5149 778 5220 igitur
819 5147 893 5202 ait
929 5146 1034 5200 illis
1064 5162 1076 5198 :
1108 5143 1445 5198 Esurientcm
1476 5157 1562 5195 me
1593 5140 1796 5194 vidistis
1821 5182 1835 5204 ,

233 5258 286 5302 et
312 5244 626 5302 nutrivistis
655 5257 740 5295 me
765 5257 781 5306 ;
819 5239 1039 5301 nudum,
1069 5246 1123 5292 et
1151 5235 1428 5298 intluistis;
1464 5233 1751 5302 hospitem,
1783 5241 1839 5288 et

228 5338 528 5410 eoilegistis
562 5332 779 5404 (Matth.
808 5330 902 5386 25.
933 5331 1044 5399 55).
1079 5329 1308 5382 Rursum
1353 5326 1417 5380 ad
1459 5327 1577 5380 illos
1616 5336 1834 5380 contra-

233 5431 306 5484 ria
337 5448 352 5484 :
379 5440 436 5484 et
465 5424 688 5498 quidem
722 5432 829 5477 tam
866 5423 938 5477 illi
967 5435 1124 5492 quam
1157 5419 1210 5474 hi
1242 5419 1484 5473 homines
1511 5425 1684 5482 erant,
1715 5432 1834 5472 eas-

230 5524 350 5576 dem
375 5519 599 5588 utrique
622 5523 938 5584 aeccperant
959 5510 1360 5583 promissiones,
1386 5509 1573 5564 eadem
1601 5509 1839 5578 utrisque

231 5615 364 5669 bene
385 5609 741 5683 op=-rantibus
768 5607 983 5678 praemia
1006 5605 1275 5676 proposita
1299 5588 1473 5658 :idem
1502 5603 1615 5673 ipse
1640 5616 1734 5671 pro
1757 5601 1839 5655 his

229 5715 281 5760 et
311 5721 409 5776 pro
441 5703 550 5758 illis
591 5700 768 5766 venit,
797 5697 986 5753 eadem
1024 5711 1144 5751 cum
1189 5695 1427 5750 nuditate
1454 5694 1517 5747 ad
1551 5702 1838 5763 utrosque,

295 5819 309 5848 ε
345 5824 492 5878 θρα..
515 5826 599 5864 ιω
622 5824 813 5876 capere,
850 5825 950 5874 pro,
979 5809 1108 5860 vobis
1132 5809 1276 5860 verba
1300 5810 1437 5858 dare.

568 5901 816 5969 l’a't'nm.
885 5900 1000 5956 litt.
1049 5897 1275 5959 XLIX.

1203 350 1292 405 DE
1331 347 1625 404 DMDOLO
1663 345 2103 402 TENTATODE.
2138 343 2368 401 llOMlL.
2411 342 2502 399 111.

3393 353 3499 409 263

1915 457 2101 511 eadem
2129 456 2287 521 fame,
2319 456 2512 526 hospes
2541 453 2722 508 itidem
2747 468 2760 506 :
2783 452 2960 506 omnia
2987 460 3106 507 sunt
3135 461 3187 505 et
3216 448 3298 505 his
3322 461 3376 506 et
3400 454 3505 507 illis

1914 551 2156 620 arquatia.

1987 643 2068 698 Ea:
2095 642 2365 696 voluntatis
2395 643 2651 710 proposito
2681 641 2798 694 boni
2842 639 2918 693 vel
2966 639 3087 693 mali
3113 637 3513 693 samum—Cur

1913 751 2042 805 ergo
2089 735 2207 788 linis
2229 751 2333 788 non
2361 733 2593 789 similis?
2619 733 2750 801 Quia
2774 733 2826 786 id
2849 732 3136 787 voluntatis
3179 732 3514 801 propositum

1915 843 2020 882 non
2043 827 2282 898 permisit
2302 845 2314 880 :
2333 826 2461 880 illud
2491 826 2631 880 enim
2650 826 2821 879 solum
2842 824 3237 879 distinctionem
3265 823 3408 876 illam
3433 821 3518 877 fe-

1915 922 2006 976 cit.
2064 921 2232 990 llujus
2281 934 2438 973 causa
2496 919 2570 972 illi
2603 918 2999 988 iugehcunam,
3053 914 3105 969 hi
3158 915 3210 969 in
3264 931 3510 985 regnum,

1918 1022 2180 1083 pergunt:
2210 1011 2352 1081 quod
2391 1011 2436 1064 si
2483 1009 2725 1064 diabolus
2757 1009 2884 1078 ipsis
2935 1017 3121 1062 auctor
3171 1005 3512 1078 peccatorum

1915 1115 2078 1171 esset,
2108 1121 2214 1160 non
2249 1090 2447 1175 utique,
2499 1104 2606 1158 alio
2634 1112 2886 1173 peccante
2906 1111 2960 1156 et
2987 1101 3054 1157 ad
3101 1110 3376 1170 peccatum
3409 1101 3509 1154 im-

1918 1199 2145 1267 pellente
2165 1240 2179 1264 ,
2226 1197 2276 1250 hi
2305 1196 2563 1266 supplicio
2592 1194 2855 1251 aflicicndi
2887 1205 3059 1250 erant.
3091 1193 3283 1250 Viden’
3315 1194 3400 1248 hic
3456 1199 3518 1247 et’

1916 1291 2004 1360 qui
2036 1300 2388 1359 peccaverunt
2419 1299 2472 1344 et
2492 1291 2584 1359 qui
2614 1289 2750 1344 bene
2768 1287 3028 1359 egerunt?
3050 1287 3221 1341 viden'
3246 1284 3516 1356 quomodo

1916 1400 2212 1440 conservos
2237 1385 2499 1448 videntes,
2522 1383 2926 1438 obmutuerunt?
2953 1384 3062 1450 Age
3080 1379 3144 1434 ad
3172 1379 3311 1434 aliud
3339 1394 3516 1434 exem-

1919 1477 2063 1546 plum
2085 1490 2386 1530 sermonem
2408 1473 2812 1529 transferamus.
2834 1474 3096 1542 Virgines,
3119 1471 3308 1541 inquit,
3329 1471 3513 1525 decem

1919 1577 2073 1622 erant
2095 1567 2304 1638 (Matth.
2336 1566 2454 1638 25).
2480 1566 2576 1620 llic
2606 1581 2790 1620 rursus
2816 1566 3118 1619 voluntates
3144 1575 3402 1633 suntqua:
3424 1562 3518 1617 bc-

1918 1675 1985 1714 ne
2006 1667 2313 1729 operantur,
2330 1666 2383 1714 et
2404 1673 2522 1728 qua:
2543 1657 2880 1728 delinquunt,
2905 1666 2961 1710 ut
2981 1672 3047 1710 ex
3076 1656 3322 1725 opposito
3349 1663 3401 1710 ct
3425 1655 3518 1709 ha-

1920 1769 2036 1808 rum
2071 1765 2286 1822 peccata
2309 1751 2506 1817 videas,
2530 1762 2583 1807 et
2605 1751 2816 1807 illarum
2842 1752 2977 1805 bona
2997 1765 3160 1818 o;:era
3194 1768 3205 1802 :
3235 1764 3517 1818 compara-

1922 1848 2152 1902 tioenim
2214 1846 2330 1902 inec
2357 1847 2502 1902 clare
2534 1846 2770 1900 exhibet.
2796 1845 2862 1899 Et
2903 1845 2984 1898 hrc
3030 1855 3082 1898 et
3133 1844 3235 1898 illa:
3262 1844 3514 1914 virgines,

1925 1947 1980 1993 ct
2022 1939 2103 1992 liae
2126 1946 2179 1992 et
2209 1937 2313 1992 illa:
2345 1953 2394 2004 qi
2421 1936 2610 2006 inque;
2644 1935 2916 2006 lampadas
2943 1944 3184 2005 utrasque
3222 1935 3517 1997 habebant,

1919 2041 2107 2083 omnes
2133 2041 2388 2097 sponsum
2417 2025 2930 2096 exspectabant.Cur
2954 2027 3070 2080 aliae
3094 2027 3365 2094 ingressae,
3399 2026 3520 2080 aliae

1921 2136 2026 2176 non
2055 2121 2306 2191 ingressa:
2323 2117 2484 2174 sunt?
2506 2120 2638 2185 Quia
2663 2119 2766 2173 illa:
2784 2118 2997 2189 quidem
3021 2119 3325 2172 inhumana:
3341 2129 3518 2183 erant,

1923 2210 2003 2264 lia:
2029 2224 2156 2265 vero
2187 2219 2478 2266 mansuetae
2502 2218 2554 2265 et
2583 2209 2853 2266 humanae.
2887 2209 3073 2264 Viden‘
3093 2223 3303 2264 rursum
3331 2210 3519 2265 volun:

1923 2304 2045 2357 tatis
2097 2301 2426 2371 propositum
2451 2316 2668 2356 causam
2703 2299 2866 2355 fuisse
2896 2300 3035 2364 linis,
3070 2316 3175 2354 non
3202 2311 3378 2354 autem
3400 2299 3486 2354 dia
3508 2330 3523 2343 ο

1921 2391 2144 2446 bolum?
2175 2392 2326 2446 vides
2359 2406 2429 2446 ex
2454 2392 2700 2462 opposito
2723 2391 2942 2461 judicia.
2963 2399 3016 2446 et
3039 2407 3102 2446 ex
3126 2392 3386 2446 similibus
3412 2391 3519 2445 cal-

1921 2483 2073 2538 culos
2101 2481 2264 2537 ferri?
2289 2479 2547 2536 Conservi
2573 2495 2864 2536 conservos
2887 2481 3216 2551 judicabant.
3239 2480 3401 2535 Visne
3424 2481 3520 2535 tibi

1923 2574 2202 2630 catendam
2230 2573 2389 2628 etiam
2413 2589 2478 2628 ex
2501 2573 2851 2628 dissimilibus
2882 2571 2997 2628 fieri
3026 2572 3480 2642 comparationem
3499 2573 3524 2624 ‘.'

1925 2667 1985 2722 fit
2005 2669 2147 2723 enim
2176 2678 2231 2722 et
2253 2684 2318 2721 ex
2341 2667 2714 2730 dissimilibus,
2737 2676 2796 2721 ut
2815 2665 3194 2720 condemnatio
3216 2667 3284 2719 sit
3304 2665 3522 2721 clarior.

1934 2757 2046 2812 Viri
2083 2757 2348 2822 Ninivitw,
2384 2758 2791 2828 inquit,surgent
2818 2766 2863 2810 et
2888 2756 3291 2811 condemnabam
3310 2773 3524 2828 genera-

1927 2850 2111 2905 tionem
2132 2850 2263 2902 hanc
2281 2847 2492 2920 (Matth.
2515 2848 2603 2902 12.
2628 2848 2739 2919 Η).
2759 2847 2873 2902 Non
2893 2847 3030 2902 ultra
3050 2847 3254 2902 simile:
3273 2855 3398 2900 sunt
3413 2847 3445 2899 ii
3460 2847 3527 2900 do

1926 2940 2118 3012 quibus
2141 2939 2400 3010 judicium
2423 2939 2590 2994 fertur
2616 2957 2627 2991 :
2655 2953 2776 2992 nam
2799 2939 2889 2992 alii
2911 2938 3122 2993 barbari
3150 2947 3294 3004 sunt,
3313 2937 3401 2992 alii
3429 2936 3526 2992 Ju-

1927 3033 2051 3088 dati:
2085 3033 2138 3087 hi
2171 3033 2535 3102 prapheticam
2563 3032 2865 3087 doctrinam
2893 3032 3166 3102 assequuti
3219 3041 3390 3097 erant,
3436 3032 3528 3085 alii

1928 3139 2216 3195 numquam
2249 3123 2317 3179 de
2342 3123 2539 3179 divinis
2561 3123 2858 3178 audierant.
2883 3123 3069 3193 Neque
3090 3121 3191 3176 hoc
3218 3131 3419 3178 tantum
3451 3123 3530 3176 in-

1931 3226 2095 3274 terest
2136 3216 2482 3283 discriminis,
2515 3215 2609 3270 sed
2634 3215 2777 3286 quod
2804 3214 2871 3270 ad
2912 3215 3032 3270 illos
3061 3229 3246 3270 servus
3268 3257 3282 3278 ,
3309 3215 3372 3269 ad
3429 3215 3529 3269 hos

1933 3310 2189 3365 Dominus
2220 3308 2426 3364 venerit
2457 3325 2470 3361 :
2503 3307 2672 3362 etille
2702 3307 2916 3376 quidem
2950 3306 3180 3360 futuram
3225 3306 3533 3360 subversio—

1931 3417 2052 3456 nem
2073 3401 2490 3471 prmuuntiabat,
2521 3399 2608 3454 hic
2642 3415 2769 3453 vero
2792 3415 3014 3469 regnum
3045 3400 3305 3454 ccelorum
3332 3399 3530 3468 pranli-

1931 3493 2105 3548 eabat.
2129 3493 2275 3560 Quos
2303 3485 2431 3563 ergo
2475 3491 2775 3546 credituros
2821 3506 2941 3546 esse
2989 3490 3333 3546 verisimilius
3384 3501 3530 3557 erat,

1934 3585 2258 3640 barbarosne
2289 3585 2441 3648 illos,
2495 3584 2829 3653 insipientes,
2863 3584 2952 3654 qui
3001 3599 3290 3654 numquam
3338 3584 3535 3638 divinas

1932 3676 2191 3730 doctrina!
2206 3676 2489 3746 participes
2505 3675 2731 3742 fuerant,
2755 3691 2823 3729 an
2847 3690 2939 3730 eos
2961 3675 3095 3745 quia
3118 3675 3314 3728 teneris
3339 3676 3388 3728 in
3409 3691 3536 3744 pro-

1937 3766 2162 3837 pheticis
2203 3766 2354 3821 libris
2400 3766 2609 3821 educati
2640 3765 2885 3820 fuerant?
2933 3765 3142 3820 Nemini
3173 3782 3280 3820 non
3321 3767 3537 3822 videtur

1933 3857 2148 3913 Judmos
2174 3860 2350 3928 potius
2368 3857 2702 3922 credituros;
2731 3859 2825 3912 sed
2848 3860 3175 3913 contrarium
3209 3860 3422 3927 accidit.
3474 3860 3536 3913 lli

1935 3949 2150 4022 quidem
2197 3966 2303 4005 non
2339 3949 2685 4005 crediderunt
2734 3951 2958 4006 Domino
3006 3966 3228 4022 regnum
3279 3952 3536 4006 cmitu‘unt

1939 4043 2274 4115 prmdicanti,
2306 4043 2381 4098 illi
2411 4058 2539 4098 vero
2567 4043 2915 4098 crediderunt
2940 4057 3203 4097 conservo
3231 4044 3537 4098 subversio—

1939 4151 2059 4191 nem
2087 4135 2455 4198 comminanti,
2477 4144 2535 4191 ut
2556 4136 2753 4190 clarius
2779 4146 2833 4190 et
2857 4151 3046 4191 eorum
3077 4136 3323 4207 aequitas,
3349 4147 3400 4190 et
3432 4137 3534 4190 ho-

1939 4244 2056 4283 rum
2082 4227 2399 4298 improbitas
2428 4237 2734 4298 appareret.
2769 4226 3037 4299 Numquid
3089 4226 3338 4283 dzcmon?
3378 4244 3537 4282 num-

1940 4320 2064 4391 quid
2110 4319 2391 4375 diabolus?
2423 4321 2679 4391 numquid
2724 4319 2973 4376 fortuna?
3025 4321 3282 4392 numquid
3335 4321 3540 4376 latum?

1941 4411 2196 4481 numquid
2246 4412 2347 4466 sibi
2369 4413 2594 4482 quisque
2623 4427 2782 4467 causa
2829 4411 2926 4467 fuit
2957 4421 3066 4468 tum
3108 4412 3359 4484 nequitia:
3380 4456 3394 4480 ,
3427 4421 3539 4467 tum

1938 4505 2188 4560 virtutis?
2216 4504 2329 4560 Nisi
2361 4505 2503 4559 enim
2537 4504 2611 4558 illi
2653 4504 2728 4558 rei
2782 4503 2940 4557 futuri
2969 4512 3168 4569 essent,
3205 4519 3538 4575 nequaquam

1939 4598 2163 4653 dixisset
2178 4615 2190 4650 :
2204 4595 2621 4652 Condemnabunt
2642 4596 3012 4667 generationem
3034 4595 3164 4649 hanc
3176 4612 3192 4649 :
3203 4610 3538 4666 nequaquam

1940 4689 2164 4744 dixisset
2193 4689 2431 4758 reginam
2456 4689 2635 4742 Austri
2658 4685 3133 4742 condeinnaturam
3159 4687 3374 4743 Judzrus
3392 4702 3536 4744 esse.

1943 4780 2058 4836 Non
2084 4780 2256 4834 solum
2279 4781 2420 4835 enim
2451 4778 2629 4848 p0puli
2650 4779 2894 4848 populus,
2925 4778 3019 4832 sed
3048 4793 3184 4831 unus
3211 4779 3371 4833 homo
3397 4793 3539 4848 smpe

1944 4873 2208 4943 integrum
2254 4871 2508 4943 populum
2543 4869 2868 4925 condemnat
2898 4888 2912 4923 :
2944 4869 3158 4940 quando
3187 4869 3243 4935 ii,
3269 4870 3357 4940 qui
3385 4870 3536 4924 facile

1942 4963 2115 5034 decipi
2148 4979 2304 5035 posse
2334 4963 2668 5029 videbantur,
2694 4977 2798 5017 non
2820 4962 3027 5030 decepti
3055 4960 3220 5016 fuisse
3241 4961 3538 5032 deprehen-

1943 5057 2156 5123 duntur,
2201 5065 2255 5112 et
2284 5057 2372 5126 qui
2398 5056 2544 5111 omni
2575 5055 2736 5111 modo
2777 5056 2995 5110 vincere
3025 5054 3319 5121 debebant,
3360 5064 3539 5110 tamen

1945 5159 2279 5221 superantur.
2300 5149 2425 5206 Ideo
2455 5149 2644 5204 Adami
2674 5158 2729 5204 et
2758 5148 2879 5204 Jubi
2917 5149 3243 5204 mentionem
3277 5148 3536 5204 fecimus:

1940 5245 2050 5316 jam
2069 5245 2210 5299 enim
2242 5242 2307 5297 ad
2331 5243 2462 5298 illud
2488 5251 2861 5312 argumentum
2887 5241 3064 5298 redire
3093 5256 3316 5297 necesse
3345 5249 3444 5306 est,
3482 5251 3540 5294 ut

1946 5335 2086 5408 quod
2106 5337 2364 5405 reliquum
2393 5343 2472 5390 est
2495 5333 2863 5403 expediamus.
2891 5332 3154 5387 Adamum
3184 5331 3341 5400 igitur
3383 5331 3537 5385 nudis

1948 5438 2149 5483 tantum
2170 5428 2365 5489 verbis,
2392 5427 2583 5482 Jobum
2607 5424 2759 5481 factis
2776 5440 3058 5495 aggressus
3080 5434 3162 5478 est
3185 5442 3196 5477 :
3232 5423 3373 5478 hunc
3394 5425 3538 5477 enim

1946 5520 2194 5574 omnibus
2233 5518 2433 5574 divitiis
2476 5517 2724 5588 spoliavit
2771 5517 3003 5587 filiisque
3045 5515 3279 5578 orbavit,
3337 5514 3409 5567 illi
3443 5527 3545 5567 nec.

1947 5611 2227 5666 minimum
2261 5625 2360 5665 nec
2398 5625 2645 5679 magnum
2685 5608 2956 5679 quidpiam
2991 5607 3229 5662 abstulit.
3272 5605 3409 5671 Quin
3445 5620 3540 5675 po-

1949 5703 2051 5758 tius
2090 5703 2202 5771 ipsa
2233 5702 2391 5755 verba
2424 5700 2833 5770 perpendamus,
2877 5711 2927 5753 et
2961 5698 3267 5752 inddiarum
3301 5696 3538 5749 modum.

1947 5792 2383 5864 Arr.'ssil.inquil,
2408 5812 2630 5864 δι’γρίνεδ,
2660 5805 2700 5847 ct
2719 5794 2842 5846 dixit
2872 5792 3065 5844 mulieri
3090 5810 3105 5844 :
3135 5789 3235 5841 Cur
3258 5790 3380 5841 dixit
3407 5788 3548 5842 vobis

3105 5881 3178 5938 l7
