4190 6322
665 418 784 479 ’τιδθ

668 526 829 583 Deus.
861 520 978 575 Non
1007 516 1274 574 comedetis
1296 531 1360 570 ex
1383 515 1522 568 omni
1547 515 1683 582 ligno
1702 553 1717 578 ,
1743 511 1878 582 quod
1905 519 1978 563 est
2012 508 2063 562 in
2103 520 2253 577 para-

668 620 780 671 diso
800 613 948 684 (Gen.
977 615 1030 667 3.
1067 611 1165 682 1).?
1195 610 1290 664 llic
1315 621 1558 678 serpens,
1586 605 1695 660 illic
1723 619 1862 658 uxor
1885 601 2020 656 Jobo
2042 596 2256 652 insidia-

669 719 755 760 tur
782 723 796 759 :
823 703 909 758 hic
936 703 1156 757 multant
1171 699 1390 754 interest
1411 698 1548 752 inter
1565 694 1898 751 consiliarios
1913 688 2254 745 discriminis.

667 795 801 850 Nam
852 794 942 849 ille
974 792 1201 862 quidem
1244 803 1431 845 servus
1453 830 1469 855 ,
1518 788 1633 843 bmc
1657 787 1779 840 vita:
1804 784 2070 855 particeps
2099 799 2110 832 :
2144 778 2260 832 ha-e

669 885 989 946 auxiliatrix,
1025 883 1112 938 ille
1149 896 1278 935 vero
1303 878 1550 934 subditus
1577 886 1711 933 erat.
1743 874 1927 929 Viden’
1955 865 2112 941 quam
2138 869 2259 922 nul-

671 977 754 1030 lus
800 978 870 1030 sit
895 975 1065 1030 venite
1106 973 1298 1028 locus?
1327 973 1471 1026 illam
1499 971 1639 1024 enim
1689 968 1933 1022 subditus
1975 979 2038 1018 ac
2076 975 2260 1017 servus

664 1065 869 1118 devicit
897 1081 910 1117 :
939 1063 1083 1116 illum
1107 1077 1173 1116 ne
1186 1060 1396 1131 quidem
1411 1072 1631 1113 consors
1650 1065 1704 1111 et
1728 1055 2028 1110 auxiliatrix
2053 1053 2262 1105 vincere

676 1156 865 1223 putuit.
891 1155 958 1207 At
1007 1151 1277 1205 videamus
1303 1148 1427 1219 quid
1457 1148 1600 1203 dicat
1626 1166 1639 1201 :
1671 1146 1775 1201 Cur
1794 1146 1922 1200 dixit
1948 1143 2082 1198 vobis
2104 1142 2258 1206 Dens,

678 1243 802 1299 Non
828 1243 1090 1297 comedetis
1114 1257 1176 1294 ea:
1195 1239 1331 1294 omni
1356 1238 1532 1310 ligno?
1551 1238 1708 1308 Atqui
1737 1252 1840 1290 non
1871 1236 1920 1289 id
1949 1235 2087 1288 Deus
2110 1233 2261 1286 dixe-

682 1345 787 1398 rat,
817 1331 911 1387 sed
939 1345 1154 1400 prorsus
1177 1331 1526 1385 contrarium.
1553 1328 1846 1384 Considera
1887 1326 2064 1402 itaque
2105 1323 2264 1377 vafri-

681 1428 804 1481 tiem
822 1425 1016 1479 diaboli
1039 1442 1052 1476 :
1077 1423 1211 1478 dixit
1253 1422 1393 1494 quod
1425 1435 1529 1476 non
1550 1419 1747 1475 dictum
1773 1417 2032 1481 fuerat,nt
2052 1414 2262 1470 edisceé'

681 1530 758 1572 ret
784 1516 923 1587 quod
943 1516 1139 1570 dictum
1167 1517 1354 1569 fuerat.
1384 1512 1520 1580 Quid
1548 1512 1705 1582 igitur
1720 1509 1943 1563 mulier?
1970 1523 2088 1560 cum
2106 1520 2264 1574 opor-

675 1611 872 1666 tuisset
917 1609 988 1662 illi
1026 1623 1086 1661 os
1113 1608 1392 1670 obturare,
1444 1604 1528 1660 vel
1556 1619 1662 1658 non
1711 1601 2070 1670 respondere,
2104 1597 2265 1651 stulte

679 1700 996 1754 dominicam
1022 1697 1339 1752 sententiam
1360 1693 1576 1764 aperuit
1603 1708 1617 1746 :
1651 1692 1879 1761 hincque
1906 1689 1982 1743 illi
2019 1701 2264 1757 magnam

671 1790 910 1859 .prrebnit
933 1804 1138 1843 ansam.

745 1880 798 1933 4.
831 1879 964 1932 Vide
991 1886 1243 1948 quantum
1275 1877 1470 1930 malum
1498 1875 1566 1930 sit
1595 1889 1712 1930 sese
1735 1882 1935 1928 temere
1962 1870 2188 1924 inimicis
2209 1877 2267 1923 et

687 1968 1084 2023 insidiatoribus
1117 1968 1328 2022 tradere
1357 1985 1370 2021 :
1402 1967 1521 2021 ideo
1552 1965 1793 2021 Christus
1819 1964 2028 2018 dicebat
2053 1979 2067 2015 :
2096 1960 2270 2012 Nolite

684 2061 806 2112 dare
827 2069 1001 2112 sancta
1023 2059 1248 2124 canibus,
1276 2074 1432 2127 neque
1458 2057 1735 2127 projiciatis
1764 2053 2061 2122 margaritas
2081 2061 2269 2105 vestras

684 2159 802 2203 ante
833 2165 1033 2220 porcos,
1063 2165 1124 2202 ne
1164 2153 1294 2218 forte
1333 2146 1556 2201 conrersi
1599 2145 1917 2212 disrumpunt
1945 2158 2029 2194 vos
2055 2140 2264 2210 (.llattlt.

685 2240 737 2291 7.
764 2238 839 2306 6).
873 2237 982 2291 lloc
1007 2247 1183 2292 autem
1214 2237 1340 2290 Eva:
1371 2237 1587 2305 contigit
1621 2254 1635 2289 :
1665 2234 1814 2288 dedit
1841 2243 2019 2286 sancta
2049 2230 2188 2294 cani,
2215 2239 2271 2282 et

633 2357 652 2368 κ
687 2343 880 2396 porco;
913 2328 1186 2390 illerverba
1233 2326 1582 2390 conculcavtt,
1615 2334 1667 2378 ct
1691 2337 1980 2376 conversus
2021 2321 2266 2373 feminam

689 2420 934 2488 disrupit.
982 2417 1361 2472 Animadverte
1409 2426 1584 2470 autem
1627 2429 1784 2484 quam
1817 2413 1960 2466 vafre
1988 2413 2265 2478 loquatur:

689 2510 812 2563 Non
841 2519 999 2563 morte
1025 2509 1306 2562 moriemini
1324 2506 1475 2579 (Gen.
1504 2505 1648 2576 3.4),
1681 2505 1864 2575 inquit.
1891 2504 1985 2556 llic
2007 2517 2132 2556 vero
2151 2501 2269 2554 atti-

686 2618 830 2656 tntmt
865 2601 1126 2655 advertite
1155 2619 1168 2655 :
1198 2601 1373 2672 potuit
1419 2599 1611 2654 mulier
1642 2598 1880 2652 fraudem
1929 2595 2220 2664 intelligere
2253 2613 2266 2648 :

687 2695 863 2747 statim
887 2693 1027 2747 enim
1059 2693 1385 2746 inimicitiam
1417 2702 1470 2745 et
1492 2690 1686 2746 bellum
1711 2690 1966 2743 adversus
1996 2687 2159 2742 Deum
2188 2685 2271 2738 de-

688 2785 965 2851 nuntiavit,
999 2786 1177 2840 statim
1208 2785 1255 2838 ci
1311 2784 1648 2839 contradixit.
1674 2783 1822 2843 Esto,
1851 2787 1994 2850 prius
2026 2781 2114 2836 Dei
2145 2794 2270 2833 seu-

689 2875 906 2929 tentiam
949 2873 1189 2928 ediscere
1220 2873 1416 2928 volenti
1445 2871 1696 2936 dicebas;
1725 2882 1775 2925 at
1804 2873 1972 2940 ipsum
2004 2870 2269 2926 contraria

692 2975 868 3034 postea
895 2967 1156 3019 dicentem
1200 2980 1294 3019 cur
1321 2964 1889 3033 scquebaris‘tDixerat
1918 2958 2273 3028 Deda-Morte

694 3057 974 3109 moriemini
998 3055 1114 3108 :his
1143 3056 1458 3108 contradixit
1500 3054 1586 3107 ille
1614 3055 1695 3107 his
1723 3055 1916 3117 verbis,
1942 3052 2274 3122 Nequaquam

689 3156 847 3199 morte
881 3145 1330 3209 moriemini.Quid
1358 3144 1466 3206 hoc
1494 3145 1631 3200 l:cll0
1657 3143 1873 3198 clarius?
1898 3144 2156 3197 undcnam
2180 3155 2273 3210 po-

691 3245 826 3290 terat
865 3236 1052 3289 melius
1082 3237 1328 3304 cognosci
1390 3235 1633 3288 inimicus
1661 3243 1711 3288 et
1739 3220 1926 3299 hostis,
1954 3249 2109 3301 quam
2133 3231 2271 3301 quod

689 3327 952 3380 contraria
982 3327 1090 3380 Deo
1116 3326 1448 3394 loqueretur?
1477 3325 1766 3379 Confestim
1810 3340 1936 3394 ergo
1975 3325 2270 3392 dccipulam

656 3432 662 3436 ’
690 3417 825 3470 hanc
844 3417 1125 3485 confugere
1142 3431 1234 3484 par
1258 3415 1373 3479 fuit,
1399 3432 1424 3467 a
1446 3416 1634 3483 laqueo
1657 3415 1865 3469 resilire
1883 3416 2132 3482 oportuit.
2162 3411 2268 3485 Ne-

687 3523 933 3576 quaquam
950 3519 1106 3559 morte
1127 3507 1420 3567 moriemini,
1442 3507 1609 3575 inquit
1633 3522 1646 3559 :
1665 3509 1753 3558 scit
1767 3506 1947 3575 quippe
1966 3505 2122 3568 Deus,
2139 3506 2273 3573 quod

687 3612 786 3664 qua
823 3596 907 3648 die
957 3597 1289 3660 contcderitis,
1343 3596 1633 3665 aperientur
1682 3595 1814 3648 oculi
1855 3597 2020 3660 vestri,
2055 3605 2098 3644 et
2138 3595 2272 3646 eritis

687 3686 814 3738 sicut
833 3685 925 3739 dii.
949 3685 1054 3754 Spe
1084 3686 1301 3754 majoris
1323 3685 1565 3754 promissi
1593 3685 1751 3740 etiam
1771 3685 1927 3752 bona,
1952 3701 2068 3754 quae
2087 3687 2138 3738 in
2160 3701 2273 3738 ma-

690 3775 846 3828 nibus
877 3786 1048 3840 erant,
1073 3775 1304 3845 perdidit
1333 3777 1685 3846 :_promiserat
1713 3777 1802 3830 ille
1852 3791 1908 3830 se
1948 3776 2077 3830 deos
2125 3777 2262 3830 elic-

689 3875 983 3928 cturum,et
1014 3866 1064 3918 in
1090 3865 1277 3919 mortis
1308 3865 1640 3935 tyrannidem
1672 3866 1918 3935 conjecil.
1943 3866 2092 3920 Unde
2121 3882 2270 3934 ergo,

689 3956 902 4019 mulier,
917 3956 1128 4010 diabolo
1147 3955 1302 4009 fidem
1317 3956 1543 4011 habuisti
1561 3956 1582 4007 ?
1600 3956 1873 4025 quidboni
1895 3957 2274 4025 perspiciebas?

692 4061 869 4098 annon
910 4053 991 4098 sat
1028 4045 1120 4098 tibi
1163 4055 1276 4099 erat
1306 4047 1593 4099 auctoritas
1631 4033 1944 4114 legislatoris
1969 4087 1984 4110 ,
2030 4045 2275 4114 quodque

696 4137 832 4190 Deus
859 4144 1067 4189 creator
1092 4146 1144 4189 et
1173 4135 1348 4204 epifex
1375 4143 1536 4200 esset,
1560 4136 1644 4189 ille
1675 4150 1800 4190 vero
1826 4135 2068 4188 diabolus
2095 4145 2148 4189 et
2169 4136 2272 4188 iui-

695 4225 902 4282 ntieus?
929 4225 1163 4280 Necdum
1204 4225 1470 4280 diabolum
1497 4226 1721 4279 dixerim
1743 4267 1758 4292 ,
1787 4236 2086 4294 serpentem
2129 4226 2271 4280 enim

697 4328 896 4373 tantum
920 4333 1050 4382 esse,
1068 4319 1320 4388 putabas:
1355 4326 1726 4388 scrpentcmne
1749 4319 1876 4372 tanti
1910 4318 2081 4372 facere
2109 4333 2272 4387 apor-

694 4412 813 4474 tuit,
839 4420 896 4464 ut
913 4410 1238 4464 Dominicam
1264 4411 1688 4481 ipsisententiam
1707 4411 2044 4464 denuntiares
2071 4410 2092 4464 ?
2120 4410 2274 4465 \‘ides

695 4501 928 4570 potuisse
959 4501 1194 4556 fraudem
1225 4501 1436 4568 videre;
1469 4511 1521 4555 at
1551 4502 1720 4555 noluit
1762 4503 1892 4571 ipsa.
1928 4503 2082 4571 Atqui
2136 4503 2273 4557 Deus

684 4593 800 4666 jam
828 4598 988 4647 mutta
1022 4593 1382 4647 beneficentia:
1404 4609 1511 4647 sure
1534 4602 1838 4660 argumenta
1863 4592 2117 4658 dederat,
2142 4608 2272 4661 ope-

694 4685 944 4751 ribusque
975 4684 1664 4753 providentiamcuramque
1693 4700 1841 4737 suam
1869 4683 2272 4738 demonstrave-

695 4785 796 4828 rat.
822 4773 1058 4842 Namque
1079 4774 1369 4838 homincm,
1388 4776 1475 4845 qui
1493 4784 1643 4829 antea
1661 4791 1765 4829 non
1792 4786 1925 4841 erat,
1951 4776 2270 4842 efformavit,

694 4867 921 4920 animam
946 4867 1042 4937 ipsi
1067 4867 1360 4937 inspiravit,
1379 4867 1444 4920 ad
1462 4868 1740 4936 imaginem
1771 4882 1920 4921 suam
1939 4869 2096 4924 illum
2127 4868 2270 4934 fecit,

695 4959 987 5029 principem
1026 4961 1298 5023 omnium,
1331 4972 1450 5028 qua:
1484 4961 1535 5012 in
1560 4968 1698 5013 terra
1730 4969 1908 5014 essent
1931 5002 1946 5026 ,
1977 4960 2270 5024 constituit,

695 5051 1008 5120 adjutricem
1030 5050 1193 5116 dedit,
1221 5051 1520 5121 paradisum
1539 5052 1815 5121 plantavit,
1849 5063 1902 5105 ct
1929 5069 2024 5106 usu
2055 5064 2275 5106 extero-

695 5160 813 5200 rum
837 5143 1094 5214 lignorum
1123 5157 1399 5208 concesso,
1424 5160 1590 5198 unum
1626 5152 1828 5197 tantum
1859 5160 1925 5197 ne
1955 5140 2276 5213 attingerent

695 5233 863 5289 vetuit
889 5252 903 5289 :
934 5234 1074 5305 quod
1106 5233 1278 5303 ipsum
1305 5233 1372 5288 ad
1399 5233 1634 5302 ipsorum
1665 5235 1945 5289 utilitatem
1981 5235 2268 5304 prohibuit.

697 5327 948 5382 Diabolus
987 5341 1112 5387 vcro
1141 5341 1311 5396 neque
1337 5325 1634 5382 minimum.
1659 5340 1831 5395 neque
1859 5340 2104 5395 magnum
2124 5325 2277 5394 quid-

695 5419 833 5488 piam
858 5418 1005 5474 σι)οηί
1033 5433 1192 5488 opere
1233 5417 1510 5487 pnestitit;
1543 5415 1637 5470 sed
1686 5416 1840 5470 nudis
1865 5425 2068 5470 tantum
2101 5417 2276 5469 verbis

695 5509 933 5562 mulieris
959 5510 1190 5561 animum
1220 5507 1499 5576 extollens,
1551 5522 1792 5576 vanaque
1816 5521 1908 5575 spe
1952 5506 2161 5572 inllaus,
2204 5507 2275 5560 ita

693 5603 921 5674 decepit.
947 5604 1075 5669 Quae
1133 5613 1309 5658 tamen
1357 5603 1626 5657 diabolum
1678 5603 1788 5656 Deo
1831 5601 1932 5656 llth
1979 5601 2274 5671 digniorem

692 5694 1033 5759 existimavit,
1055 5694 1155 5748 etsi
1183 5695 1321 5749 Dens
1351 5695 1601 5763 operibus
1654 5692 2079 5748 benevolentiam
2125 5708 2274 5748 suam

692 5789 1110 5843 dcnmnstrassct
1144 5804 1156 5841 :
1186 5788 1255 5853 ei,
1307 5787 1394 5857 qui
1447 5787 1584 5842 nuda
1633 5787 1791 5841 verba
1851 5785 2084 5854 nihilque
2134 5801 2273 5853 pne-

1405 402 1462 460 S.
1497 397 1779 459 .IOANNIS
1814 386 2288 452 CHRYSOSTOHI
2325 384 2643 442 ARClllEP.
2684 381 3219 443 CONSTANTINOP.

3838 381 3948 433 27!

2363 512 2509 557 terea
2533 498 2745 566 obtulit,
2799 496 2957 552 fidem
3000 495 3182 551 habuit
3209 493 3419 550 mulier.
3463 487 3647 544 Viden‘
3671 502 3740 542 ex
3783 491 3953 542 stulti-

2363 594 2434 646 tia
2465 598 2666 646 tantum
2687 598 2742 644 ct
2766 588 2994 659 ignavia,
3031 601 3140 642 non
3184 592 3368 639 autem
3394 582 3440 637 vi
3477 579 3716 635 fraudem
3773 576 3947 644 prdie-

2361 693 2503 738 ctatn
2529 681 2685 738 esse?
2712 677 2887 749 thue
2906 677 3103 733 clarius
3119 675 3351 736 ediscas,
3373 672 3497 727 audi
3516 666 3784 742 quomodo
3807 665 3949 722 Strt-

2363 783 2517 844 ptura
2539 771 2813 827 mulierem
2831 779 3068 826 accuset.
3089 768 3205 824 Non
3221 767 3365 823 enim
3380 765 3534 829 dixit,
3564 763 3812 833 Decepta,
3833 759 3951 825 sed.

2363 864 2678 934 Conspicata
2715 863 2937 932 lignum,
2989 861 3131 931 quod
3162 859 3439 929 pulchrum
3467 863 3644 918 esset,
3701 852 3955 907 comedit.

2370 959 2549 1028 Itaque
2577 955 2780 1012 crimen
2813 953 2939 1008 illud
2967 949 3369 1022 intemperantis
3397 954 3647 1016 aspectus
3682 955 3818 1008 erat,
3848 957 3960 995 non

2370 1050 2588 1104 fallacia:
2619 1046 2897 1102 diabolica:
2927 1052 3131 1098 tantum
3154 1059 3168 1095 :
3191 1057 3222 1095 a
3250 1039 3465 1109 propria
3494 1049 3723 1104 namque
3751 1046 3961 1088 concu-

2369 1142 2650 1214 piscentia,
2681 1154 2788 1194 non
2815 1153 2847 1192 a
2868 1135 3128 1192 daemonis
3156 1132 3358 1188 malitia
3401 1137 3651 1198 superata
3692 1135 3791 1180 est.
3832 1122 3964 1177 Ideo

2368 1237 2575 1290 veniam
2605 1249 2710 1287 non
2731 1241 2816 1289 est
2840 1237 3187 1298 consequuta,
3217 1225 3312 1280 sed
3334 1239 3456 1280 cum
3476 1222 3719 1284 dixisset,
3737 1219 3963 1286 Serpens

2369 1326 2561 1394 decepit
2589 1339 2686 1388 me,
2729 1333 2997 1377 extremas
3023 1329 3206 1372 tamen
3241 1329 3428 1385 pmnas
3448 1313 3548 1368 luit
3575 1329 3590 1364 :
3616 1324 3780 1381 penes
3816 1308 3962 1362 illam

2369 1417 2510 1471 enim
2535 1425 2650 1470 erat
2670 1430 2774 1468 non
2801 1412 3013 1467 cadere.
3041 1407 3192 1476 Quod
3224 1416 3280 1461 ut
3307 1406 3508 1460 clarius
3526 1404 3745 1461 evadat.
3770 1416 3871 1471 age
3896 1404 3963 1452 ad

2370 1506 2561 1562 Jobttm
2586 1518 2892 1560 sermonem
2911 1509 3307 1563 cmwertamus,
3335 1511 3364 1550 a
3392 1495 3549 1550 victis
3575 1493 3640 1547 ad
3674 1493 3962 1552 victorem,

2370 1613 2400 1652 a
2425 1598 2687 1667 superatis
2710 1595 2777 1650 ad
2805 1601 3144 1664 superantem
3170 1607 3184 1642 :
3214 1589 3306 1643 ille
3334 1601 3565 1655 namque
3592 1583 3828 1652 majores
3869 1597 3969 1635 no~

2373 1689 2456 1744 bis
2481 1689 2690 1744 animos
2721 1686 2896 1748 faciet,
2930 1695 2985 1738 ut
3007 1697 3194 1738 manus
3213 1695 3334 1736 cum
3357 1677 3572 1733 diabolo
3593 1688 3966 1730 conseramus.

2361 1781 2485 1836 :lllic
2511 1795 2735 1850 serpens
2749 1787 2885 1841 erat,
2912 1778 2999 1846 qui
3023 1775 3342 1844 decipiebat,
3367 1780 3422 1825 et
3449 1769 3613 1833 vicit;
3634 1769 3721 1822 hic
3747 1766 3968 1832 mulier,

2372 1887 2493 1942 qua:
2525 1886 2628 1925 non
2656 1868 2955 1940 pmvaluit,
2980 1867 3190 1921 tametsi
3217 1862 3283 1918 ad
3311 1858 3735 1932 persuadendum
3763 1857 3969 1925 aptior,

2373 1979 2530 2034 quam
2554 1962 2661 2016 ille.
2707 1962 2784 2015 Ac
2812 1959 2948 2014 Jobo
2989 1955 3206 2028 quidem
3249 1961 3372 2023 post
3401 1950 3747 2020 pecuniarum
3787 1947 3971 2015 jactu-

2374 2071 2510 2118 ram,
2541 2049 3155 2111 ﬁliorum-amissionem,
3180 2059 3392 2099 necnon
3416 2043 3688 2096 bonorum
3703 2041 3967 2098 omnium,

2373 2146 2616 2200 .nacbina
2648 2141 3062 2203 admovebatur;
3089 2138 3196 2191 illic
3211 2151 3340 2190 vero
3361 2132 3489 2188 nihil
3517 2138 3631 2186 erat
3658 2127 3924 2199 ejusmodi
3954 2143 3970 2178 :

2376 2237 2512 2290 filios
2544 2250 2650 2289 non
2671 2235 2924 2288 amiserat
2951 2246 3050 2285 nec
3072 2229 3324 2298 pecunias
3350 2225 3541 2286 Adam,
3567 2237 3739 2292 neque
3760 2222 3811 2273 in
3844 2221 3972 2272 limo

2374 2326 2615 2388 sedebat,
2650 2324 2743 2379 sed
2777 2322 2830 2376 in
2854 2321 3098 2391 paradiso
3117 2316 3414 2386 voluptatis
3437 2312 3729 2375 habitabat,
3755 2320 3812 2364 et
3853 2326 3970 2362 om-

2375 2418 2458 2472 nis
2487 2415 2696 2486 generis
2723 2415 2984 2482 lignorum
3010 2409 3161 2479 capia
3186 2407 3479 2466 fruebatur,
3516 2403 3660 2485 fonte
3682 2401 3832 2464 item,
3868 2399 3971 2452 liu-

2375 2509 2494 2573 viis,
2535 2507 2758 2574 aliisque
2801 2502 3048 2556 omnibus
3103 2496 3402 2554 commodis
3431 2513 3444 2548 τ
3476 2508 3736 2567 nusquam
3792 2490 3971 2553 labor,

2375 2613 2480 2652 non
2514 2596 2744 2660 tristitia,
2780 2609 2882 2646 non
2915 2605 3133 2654 mceror,
3187 2603 3293 2642 non
3321 2585 3658 2640 continue-lin
3687 2591 3740 2636 et
3781 2582 3968 2636 convi-

2374 2689 2476 2752 cia,
2496 2701 2667 2756 nequc
2686 2686 2958 2738 innumera
2981 2682 3070 2736 illa
3095 2681 3252 2744 mala,
3275 2676 3542 2747 «ιιιωᾶοΜ
3563 2674 3801 2728 immissa
3816 2683 3967 2734 sunt;

2375 2788 2608 2831 attamen
2637 2790 2758 2829 cum
2787 2773 2914 2826 nihil
2941 2771 3154 2826 adesset
3181 2766 3506 2837 hujnsmodi,
3538 2765 3717 2833 lapsus
3743 2770 3797 2816 et
3840 2776 3969 2828 sap-

2378 2871 2643 2937 plantatus
2669 2876 2769 2920 est.
2802 2867 2992 2919 Annon
3043 2864 3209 2932 liquet
3251 2859 3300 2913 id
3327 2876 3391 2914 es
3424 2858 3628 2927 ignavia
3672 2854 3970 2909 accidisset

2379 2958 2578 3012 Eodem
2611 2958 2768 3010 modo
2795 2971 2918 3010 cum
2951 2955 3036 3008 ille
3062 2953 3128 3008 iis
3150 2951 3397 3006 omnibus
3430 2947 3748 3002 instantibus
3768 2955 3824 2999 et
3856 2960 3968 3014 pre

2377 3049 2654 3110 mentibus,
2687 3047 2890 3100 fortiter
2913 3046 3078 3107 stetit,
3103 3057 3276 3096 annon
3304 3043 3616 3111 planumest
3639 3037 3689 3092 id
3713 3052 3776 3091 ex
3801 3033 3968 3088 animi

2375 3139 2640 3208 vigilantia
2667 3147 2840 3191 ortum
2869 3135 3026 3190 esse?

2447 3303 2498 3355 ἒ).
2539 3301 2655 3353 Jubi
2684 3301 2940 3370 patientia
2994 3298 3229 3351 omnibus
3261 3295 3566 3348 consolatio.
3593 3321 3660 3329 —-
3681 3289 3961 3355 l‘tr'nqttc

2374 3393 2555 3463 igitur,
2596 3394 2893 3453 carissime,
2941 3406 3193 3460 maguum
3244 3388 3452 3440 lucrum
3495 3386 3784 3450 decerpere
3825 3397 3962 3450 [ms-

2373 3481 2450 3534 sis
2476 3499 2488 3534 :
2522 3482 2779 3535 Adamttm
2807 3480 3026 3532 imiteris
3050 3489 3399 3543 ca\e,gnartts
3431 3481 3622 3542 quanta
3641 3487 3706 3523 ex
3733 3475 3963 3538 segnitie

2373 3577 2508 3632 mala
2548 3575 2785 3629 nriatttttr
2820 3572 2971 3625 :Jobi
3007 3572 3257 3640 pietatem
3284 3568 3522 3631 imitare,
3562 3581 3682 3618 eum
3707 3563 3964 3616 didict‘ris

2372 3673 2565 3734 quanta
2597 3680 2659 3718 ex
2701 3663 2972 3732 diligentia
3019 3661 3153 3714 bona
3207 3667 3533 3714 nascantur:
3567 3656 3705 3709 hunc
3745 3669 3964 3721 semper

2373 3765 2546 3810 tecum
2565 3763 2748 3824 reputa
2774 3755 3029 3806 victorem
3051 3758 3385 3811 coronatum,
3410 3746 3635 3818 atquein
3655 3745 3847 3814 quovis
3867 3746 3965 3797 do-

2371 3848 2484 3902 lore
2529 3857 2582 3901 et
2609 3847 2908 3900 calamitate
2968 3858 3212 3914 magnam
3258 3841 3479 3895 habebis
3509 3837 3961 3893 consolationem.

2370 3938 2824 4005 Quemadmodum
2852 3936 2992 3989 enim
3021 3935 3072 3990 in
3111 3933 3380 3988 communi
3405 3931 3549 3986 orbis
3581 3929 3785 3983 theatro
3823 3943 3965 3982 con-

2370 4031 2584 4084 stitutus
2609 4028 2794 4081 beatus
2825 4044 2884 4080 ac
2915 4039 3207 4094 generosus
3229 4022 3337 4080 ille.
3364 4036 3553 4075 omnes
3579 4035 3673 4090 per
3691 4035 3964 4074 terumnas

2369 4138 2493 4177 suas
2521 4121 2779 4183 hortatur,
2810 4129 2864 4171 ut
2893 4135 3010 4185 quae
3035 4117 3283 4171 accidunt
3310 4113 3487 4168 omnia
3524 4113 3735 4167 fortiter
3761 4114 3963 4176 ferant,

2370 4227 2544 4282 neque.
2565 4209 2952 4265 calamitatibus
2976 4207 3344 4276 ingruentibus
3371 4205 3580 4260 cedant.
3611 4203 3724 4257 Non
3758 4211 3844 4257 est
3874 4203 3966 4257 ul-

2370 4303 2499 4363 lum,
2531 4317 2634 4355 non
2659 4309 2758 4364 est,
2785 4300 3018 4369 inquam,
3049 4299 3212 4350 nilum
3238 4296 3360 4349 mali
3387 4310 3572 4365 genus,
3620 4294 3672 4347 in
3697 4309 3802 4361 quo
3851 4309 3962 4346 non

2371 4393 2636 4464 posuimus
2665 4392 2785 4447 inde
2815 4389 3234 4446 consolationem
3262 4384 3731 4442 mutnarLOmues
3760 4385 3965 4455 quippe

2370 4486 2421 4538 in
2452 4493 2563 4538 toto
2592 4499 2792 4554 sparsae
2830 4481 2960 4537 orbe
2996 4495 3250 4535 aerumna:
3301 4480 3353 4532 in
3402 4477 3506 4532 huc
3553 4492 3716 4531 unum
3757 4491 3963 4546 corpus

2368 4588 2633 4646 congesta:
2660 4582 2802 4630 sunt.
2832 4575 2960 4641 Qum
2987 4574 3145 4644 igitur
3169 4572 3316 4625 venia
3337 4570 3404 4633 ei,
3431 4569 3520 4639 qui
3543 4585 3646 4622 non
3676 4577 3854 4637 pote5t
3877 4569 3962 4624 vel

2369 4683 2572 4742 partem
2604 4670 2886 4741 quamdam
2909 4684 3115 4734 eormn,
3147 4682 3265 4735 qua:
3303 4665 3398 4734 ipsi
3424 4661 3618 4716 inﬂicta
3648 4672 3800 4716 sunt.
3831 4677 3958 4714 cum

2368 4765 2654 4834 gratiarum
2680 4763 2890 4816 actione
2914 4759 3076 4825 ferre,
3100 4773 3220 4813 cum
3249 4757 3338 4811 ille
3367 4771 3473 4811 non
3512 4762 3718 4824 partem
3745 4753 3923 4808 solum
3947 4793 3963 4817 ,

2368 4855 2460 4909 sed
2487 4854 2734 4908 universa
2761 4852 3035 4906 hominum
3067 4849 3204 4905 mala
3232 4846 3515 4918 pertulisse
3560 4841 3836 4898 videatur?
3888 4845 3966 4896 Ac

2371 4961 2437 5001 ne
2464 4961 2550 5001 me
2580 4956 2636 5000 ut
2661 4945 2818 4999 nimia
2842 4944 3107 4998 dicentem
3126 4939 3370 5004 damnes,
3393 4951 3490 5004 age
3512 4934 3748 5003 singulas
3773 4947 3967 4986 ternm-

2373 5057 2468 5096 uas
2491 5048 2895 5109 pertractantes,
2928 5036 3084 5090 dictis
3115 5035 3273 5088 fidem
3296 5030 3572 5086 faciamus.
3595 5026 3663 5080 Et
3688 5027 3731 5080 si
3757 5025 3962 5095 placet,

2369 5129 2509 5201 quod
2537 5129 2774 5184 omnium
2795 5121 3373 5183 maximeintolerabile
3389 5118 3620 5182 videtur,
3653 5115 3966 5170 inmedium

2370 5222 2730 5286 adducamus,
2761 5225 3150 5289 paupertatem,
3183 5216 3419 5284 inquam,
3459 5217 3515 5266 et
3548 5208 3791 5264 dolorem
3839 5205 3968 5260 inde

2371 5321 2557 5365 natum
2596 5329 2608 5364 :
2661 5312 2711 5369 id
2743 5313 2885 5367 enim
2941 5309 3188 5364 homines
3239 5305 3436 5375 ubique
3482 5301 3787 5372 deplorant.
3822 5299 3963 5367 Quid

2373 5419 2499 5474 ergo
2519 5403 2653 5458 Jobo
2677 5403 2960 5473 pauperius
2986 5399 3079 5455 fuit
3125 5441 3139 5466 ,
3165 5397 3433 5468 quietiam
3457 5394 3541 5459 iis,
3565 5391 3728 5463 quiin
3755 5390 3965 5445 balneis

2373 5498 2562 5565 abjecti
2592 5507 2735 5561 sum,
2766 5496 2849 5548 vel
2880 5494 2931 5547 in
2963 5493 3140 5548 cinere
3170 5488 3364 5545 camini
3391 5487 3608 5550 cubant,
3632 5493 3688 5538 et
3713 5481 3965 5536 omnibus

2376 5582 2593 5659 prorsus
2622 5586 2926 5641 hominibus
2953 5584 3235 5656 pauperior
3270 5579 3425 5659 erat?
3458 5577 3523 5632 Hi
3567 5576 3710 5631 enim
3754 5585 3961 5630 vestem

2374 5681 2559 5735 saltem
2592 5681 2810 5734 scissam
2852 5678 3081 5738 habent,
3120 5675 3212 5729 ille
3257 5655 3384 5727 vero
3411 5671 3583 5724 nudus
3625 5667 3882 5728 sedebat,
3913 5675 3965 5720 et

2375 5776 2513 5847 quod
2547 5775 2716 5830 solum
2761 5788 2790 5828 a
2819 5783 3001 5829 natura
3045 5770 3420 5826 vestimentum
3468 5763 3729 5829 habebat,
3786 5759 3967 5815 carnis
