4190 6322
274 401 371 457 ’ἔτι

286 514 562 578 amictum,
591 512 746 585 οδ..ιὶ
771 510 1054 582 ιωιτςύίιιο
1087 510 1320 580 undique
1349 517 1663 583 corruperat
1703 507 1890 562 diabo-

287 607 391 661 lus.
421 604 666 660 Rursum
694 605 750 659 hi
782 618 1043 675 pauperes
1069 601 1259 658 saltem
1281 601 1551 657 subtectis
1579 600 1889 656 suntvesti-

291 695 541 752 bulorum
569 697 624 749 in
649 696 880 758 balneis,
907 695 1093 749 saltem
1116 694 1334 748 latibulo
1356 702 1623 764 teguntur;
1651 693 1742 749 ille
1764 706 1891 747 vero

291 788 391 843 sub
410 787 504 842 dio
522 797 684 843 nocte
709 787 904 857 dieque
930 802 1143 856 semper
1162 786 1407 855 degebat,
1439 799 1612 855 neque
1633 783 1893 854 simplicis

293 880 420 934 tecti
463 880 716 934 solatium
775 893 874 932 aac
900 893 960 932 us
985 894 1000 930 :
1029 877 1277 948 quodque
1303 877 1516 946 gravius
1541 884 1650 939 est,
1684 875 1736 928 hi
1775 874 1892 944 qui-

290 972 414 1024 dem
444 970 733 1026 multorum
762 970 862 1024 sibi
887 967 1144 1022 malorum
1183 968 1383 1022 conscii
1424 975 1583 1034 sunt;
1625 966 1714 1021 ille
1765 980 1893 1019 vero

295 1063 496 1118 nullius
515 1063 613 1116 sibi
635 1063 885 1117 conscius
906 1070 1020 1114 erat
1043 1061 1083 1115 ⁸.
1110 1059 1222 1115 lloc
1237 1070 1414 1115 autem
1443 1061 1494 1114 in
1516 1059 1737 1129 singulis
1756 1073 1863 1129 quo
1877 1090 1892 1100 -

295 1168 402 1222 que
417 1154 633 1209 casibus
648 1151 1039 1207 observandqu
1063 1159 1147 1207 est
1168 1170 1182 1206 :
1207 1150 1350 1222 quod
1371 1166 1500 1206 sane
1521 1153 1775 1220 majorem
1797 1152 1894 1220 ipsi

295 1247 543 1302 dolorem
583 1247 950 1315 maioremque
969 1245 1314 1307 ,ansietatcm
1345 1244 1614 1312 pariebat,
1646 1243 1786 1312 quod
1829 1258 1896 1297 ne

295 1353 516 1393 causam
544 1336 758 1407 quidem
789 1336 1207 1406 contingi-mium
1254 1336 1515 1389 malorum
1559 1344 1755 1388 nosset.
1791 1333 1891 1394 illi,

299 1426 540 1496 inquam,
568 1426 637 1480 de
662 1427 844 1480 multis
868 1441 926 1480 se
947 1441 1199 1481 accusare
1226 1436 1506 1496 potuerunt
1541 1444 1554 1480 :
1583 1440 1682 1480 nec
1710 1439 1893 1493 parum

302 1519 436 1574 illud
465 1517 527 1572 ad
555 1519 975 1573 cumulationem
1007 1519 1186 1587 juvat,
1235 1533 1357 1572 cum
1387 1518 1508 1588 jure
1565 1518 1662 1572 sibi
1713 1533 1896 1586 pmuas

297 1607 469 1678 inﬂigi
517 1609 851 1678 agnoscitur;
885 1609 974 1664 ille
1013 1619 1190 1663 autem
1222 1608 1322 1662 hac
1348 1623 1547 1663 vacuus
1571 1619 1898 1664 eratconso-

298 1704 518 1768 latione,
547 1713 598 1756 et
649 1717 772 1758 cum
795 1703 955 1756 vitam
993 1704 1186 1758 virtute
1215 1701 1424 1771 plenam
1471 1700 1746 1767 duxisset,
1799 1717 1896 1755 cx-

297 1810 468 1853 trema
497 1796 1028 1852 sceleratissimorum
1050 1795 1306 1865 supplicia
1340 1795 1536 1850 luebat.
1569 1794 1651 1856 lli,
1685 1793 1772 1862 qui
1806 1807 1898 1861 pc-

290 1903 394 1945 nes
424 1902 523 1942 nos
549 1898 696 1953 sunt,
729 1902 990 1957 pauperes
1012 1888 1122 1956 jam
1150 1888 1278 1940 olim
1306 1901 1334 1939 a
1361 1886 1622 1955 principio
1655 1885 1777 1940 huic
1800 1901 1894 1935 ea-

296 1977 524 2032 lamitati
552 1987 679 2032 sunt
705 1977 942 2041 assueti;
973 1977 1063 2033 ille
1083 1992 1213 2032 vero
1243 1967 1585 2047 inopinatam.
1614 1977 1732 2032 tulit
1763 1991 1894 2046 pau-

295 2068 866 2138 pertatem,confestim
886 2067 1463 2138 divitiarumjacturam
1483 2066 1888 2138 passus.Quem-

292 2161 583 2217 admodum
629 2161 789 2233 igitur
824 2176 1039 2217 causam
1094 2161 1892 2229 calamitatumnossemagnum

291 2251 458 2310 ’παι-ι
485 2252 551 2308 ad
567 2253 988 2308 consolationem
1018 2260 1372 2319 momentum,
1401 2251 1474 2306 ita
1498 2265 1614 2307 non-
1631 2250 1890 2305 minorem

295 2343 438 2410 parit
468 2342 521 2396 in
551 2351 860 2414 paupertate
885 2342 1095 2413 degenti
1133 2344 1355 2413 pristina
1385 2340 1626 2413 ejusdem
1665 2357 1891 2411 pauper-

293 2434 421 2489 tatis
435 2435 745 2489 exercitatio
778 2454 792 2489 :
820 2443 1167 2504 utrorumque
1195 2443 1371 2490 autem
1394 2433 1571 2503 justus
1593 2432 1682 2487 ille
1701 2447 1892 2502 capers

292 2535 436 2590 erat,
465 2539 638 2595 neque
670 2535 845 2581 tamen
865 2527 944 2580 sic
972 2527 1151 2580 animo
1178 2525 1434 2581 concidit.
1467 2525 1653 2580 Vidisti
1691 2539 1812 2578 cum
1837 2524 1889 2577 in

287 2626 589 2672 extremm
616 2616 887 2674 redactum
915 2629 1304 2688 paupertatem,
1323 2619 1405 2672 cui
1436 2617 1624 2672 similis
1641 2616 1787 2674 nulla
1802 2632 1889 2673 es.

288 2723 354 2764 ae
373 2708 588 2778 potest?
608 2708 732 2778 quid
763 2709 905 2764 enim
935 2709 1079 2763 nudo
1096 2719 1343 2780 tectoque
1361 2717 1576 2764 carente
1603 2708 1890 2777 pauperies

287 2798 451 2853 fuerit
473 2801 498 2853 ‘l
526 2799 637 2854 imo
660 2800 750 2854 ille
776 2815 842 2854 ne
871 2800 1083 2870 quidem
1110 2800 1283 2854 solum
1310 2815 1414 2869 quo
1443 2797 1699 2870 gauderet
1726 2797 1888 2853 babe-

290 2889 422 2954 bat;
452 2905 628 2960 neque
653 2890 796 2946 enim
815 2891 868 2945 in
897 2902 1037 2946 terra
1057 2932 1073 2958 ,
1103 2891 1198 2946 sed
1217 2892 1268 2944 in
1298 2891 1424 2944 limo
1441 2889 1679 2944 sedebat.
1705 2890 1887 2958 Itaque

284 2994 410 3034 cum
433 2987 486 3034 te
514 2981 714 3036 videris
743 2990 1052 3051 paupertate
1095 2980 1372 3041 afﬂictum.
1395 2981 1567 3051 cogita
1590 2981 1714 3051 justi
1744 2979 1885 3035 illius

283 3070 643 3126 calamitatem
665 3071 949 3140 statimque
968 3072 1205 3128 animum
1223 3073 1417 3142 eriges,
1439 3080 1492 3126 et
1510 3087 1722 3127 omnem
1746 3087 1884 3126 mte-

285 3160 427 3214 roris
452 3161 743 3230 cogitatum
773 3161 1025 3231 repelles.
1055 3163 1228 3232 Atque
1257 3164 1372 3219 ha-c
1418 3163 1631 3233 quidem
1659 3165 1879 3218 calami-

283 3261 370 3306 tas
389 3252 632 3307 omnium
663 3251 925 3307 malorum
947 3252 1105 3323 quasi
1136 3251 1540 3308 fundamentum
1578 3252 1883 3308 hominibus

281 3355 406 3399 esse
443 3341 684 3408 videtur;
728 3343 894 3399 altera
925 3358 1052 3400 vero
1076 3345 1362 3416 posterior,
1391 3346 1499 3399 imo
1541 3346 1717 3416 prior,
1767 3353 1884 3400 erat

284 3436 530 3504 corporis
551 3436 726 3505 plaga.
742 3435 874 3503 Quis
895 3452 1147 3506 umquam
1178 3437 1280 3492 hoc
1305 3437 1476 3492 morbi
1502 3453 1702 3508 genere
1727 3437 1878 3491 labo-

280 3525 456 3580 ravit?
479 3527 598 3597 quis
629 3527 788 3582 talem
803 3527 1173 3598 mgritudinem
1218 3528 1378 3582 tulit?
1402 3529 1522 3598 quis
1543 3529 1698 3582 talem
1721 3543 1879 3582 exce-

282 3615 359 3686 pit
387 3616 618 3688 plagam,
647 3625 742 3675 aut
759 3618 920 3672 alium
947 3618 1300 3688 excipientem
1326 3619 1498 3674 vidit?
1533 3619 1703 3675 Nemo
1727 3634 1876 3674 sane.

281 3708 542 3762 Paulatim
570 3709 667 3778 ipsi
711 3724 906 3778 corpus
929 3711 1325 3777 absumebatur,
1364 3711 1607 3766 membra
1643 3711 1880 3780 undique

281 3799 557 3854 vermibus
597 3800 896 3866 scatebant,
916 3810 1208 3871 perpetuus
1227 3811 1342 3856 erat
1359 3802 1447 3858 ille
1473 3799 1668 3866 ﬂuxus,
1698 3811 1752 3857 et
1776 3803 1878 3858 fm-

283 3899 371 3944 tor
395 3889 630 3961 undique
649 3891 1016 3961 gravissimus,
1046 3907 1348 3965 corpusque
1373 3893 1498 3948 dum
1530 3893 1609 3950 sic
1629 3895 1875 3963 paulatim

280 3980 526 4036 interiret
554 3991 606 4034 et
629 3992 768 4036 tanta
797 3983 1078 4053 putredine
1105 3985 1422 4051 tabcsce'et,
1456 3974 1691 4055 ingratos
1716 3987 1874 4041 etiam

276 4070 431 4128 cibos
459 4074 732 4139 reddebat,
760 4075 1031 4145 famesque
1054 4078 1126 4131 illi
1151 4088 1265 4130 erat
1284 4079 1492 4132 insolita
1523 4079 1874 4150 incrgdﬂiilis-

278 4179 386 4234 quo
414 4179 432 4218 ε
460 4181 633 4234 neque
661 4168 802 4220 enim
828 4169 1007 4222 oblato
1055 4170 1176 4223 cibo
1206 4169 1308 4224 frui
1360 4181 1587 4240 poterat.
1623 4171 1874 4226 Pastorem

275 4257 445 4323 enim,
469 4257 656 4326 inquit,
683 4258 824 4312 rideo
843 4275 949 4313 esse
967 4259 1102 4314 cibos
1127 4277 1259 4314 meos
1279 4259 1398 4333 (Job
1428 4260 1481 4316 6.
1531 4263 1606 4330 7).
1625 4261 1756 4318 Cum
1783 4281 1874 4318 cr-

276 4362 347 4416 go
370 4347 422 4402 in
465 4350 709 4402 morbum
760 4350 1290 4418 incideris,obomo,
1339 4353 1619 4408 recordare
1635 4356 1874 4424 corporis

275 4435 421 4493 illius
447 4449 751 4509 sancteque
779 4441 956 4493 carnis
983 4457 997 4494 :
1027 4450 1208 4508 sancta
1236 4443 1430 4513 quippe
1451 4453 1564 4499 erat
1592 4455 1750 4515 atque
1779 4462 1876 4516 pu-

278 4543 371 4595 ra,
399 4527 524 4584 licet
577 4529 659 4584 bis
684 4531 994 4587 vulneribus
1043 4531 1254 4588 affecta.
1305 4533 1508 4605 Siquis
1555 4538 1605 4590 in
1633 4540 1872 4593 exercitu

280 4623 488 4689 positus
535 4622 730 4693 injuste
771 4626 1021 4696 nullaque
1048 4629 1237 4683 saltem
1285 4628 1546 4698 probabili
1595 4630 1662 4684 de
1712 4644 1872 4685 causa

277 4715 424 4785 ligno
468 4729 779 4784 suspensus,
808 4718 971 4771 latera
997 4719 1096 4772 sibi
1137 4719 1359 4774 lacerari
1418 4720 1626 4784 videat,
1673 4736 1875 4790 nequa-

276 4822 437 4876 quam
461 4806 510 4862 id
538 4808 843 4879 ignominize
868 4809 986 4864 loco
1011 4811 1224 4870 habeat.
1251 4829 1423 4884 neque
1442 4828 1500 4868 se
1529 4812 1716 4868 dolore
1745 4828 1874 4869 cou-

282 4898 371 4954 ﬂci
401 4898 560 4962 sinat,
588 4909 832 4956 sanctum
862 4901 1008 4955 illum
1037 4903 1294 4957 memoria
1324 4913 1595 4974 repetens.
1646 4907 1717 4960 At
1755 4905 1870 4973 ille,

280 4990 794 5060 inquies,summam
824 4990 1012 5046 babttit
1037 4995 1484 5059 consolationem,
1515 4996 1659 5065 quod
1709 4999 1872 5052 sciret

281 5084 450 5136 Deum
480 5081 597 5138 bare
629 5082 730 5137 sibi
759 5082 1022 5154 inﬂigere.
1055 5087 1214 5158 Atqui
1245 5089 1346 5143 hoc
1391 5089 1562 5158 ipsum
1601 5091 1768 5161 magis
1810 5091 1872 5145 il-

278 5172 388 5226 lum
447 5172 693 5234 turba-bat
731 5173 1141 5246 aﬂligebatque,
1182 5179 1322 5248 quod
1372 5181 1631 5250 cogitaret
1669 5183 1869 5251 justum

281 5267 471 5331 Deum,
521 5281 679 5336 quem
711 5268 824 5336 ipse
853 5270 999 5324 omni
1032 5271 1190 5327 modo
1212 5273 1498 5338 coluisset,
1553 5293 1736 5331 secum
1773 5293 1871 5346 pu-

274 5373 466 5430 gnare.
489 5358 598 5415 Nec
627 5360 792 5415 ullam
814 5361 896 5417 vel
931 5362 1258 5432 probabilem
1279 5381 1487 5432 eorum,
1515 5384 1633 5438 qum
1658 5371 1867 5426 accide-

277 5453 424 5514 bant,
456 5466 673 5508 causam
714 5455 950 5524 reperire
975 5464 1198 5525 poterat.
1221 5457 1350 5512 Nam
1379 5459 1466 5513 ubi
1493 5460 1706 5515 demum
1738 5477 1868 5516 cau-

273 5557 389 5596 sam
413 5542 598 5598 didicit
622 5585 637 5606 ,
684 5544 804 5600 vide
831 5556 1082 5616 quautam
1106 5549 1354 5618 pietatem
1387 5553 1704 5609 exhibuerit.
1734 5556 1867 5612 Cum

273 5633 414 5689 enim
439 5633 510 5689 illi
537 5635 677 5689 Dens
695 5635 829 5690 dixit
861 5652 872 5689 :
906 5637 1084 5693 Alione
1105 5651 1251 5708 putas
1282 5643 1428 5696 modo
1452 5661 1524 5698 me
1552 5647 1638 5700 tibi
1661 5650 1867 5702 oracula

329 5837 344 5869 ³
381 5835 503 5888 Vide
535 5841 704 5886 notam
732 5834 946 5884 Graecam

1289 402 1377 461 DE
1417 403 1715 464 [ΠΛΕΟιο
1756 403 2196 464 TENTATORE.
2241 405 2472 464 llOMlL.
2516 398 2598 461 lil.

3472 402 3588 456 ’ὶῗί

1998 509 2207 575 fudisse,
2237 525 2385 577 quant
2408 521 2461 563 ut
2481 512 2654 580 justus
2683 526 2952 579 appareres
2977 511 3099 583 (Job
3128 515 3217 571 40.
3243 512 3336 584 8)?
3373 521 3587 584 percul-

1998 614 2089 654 sus
2116 600 2203 654 ille
2234 588 2508 670 respondit
2537 620 2550 657 :
2577 601 2785 655 Manum
2812 619 2997 672 ponam
3021 620 3171 672 super
3192 620 3248 658 os
3276 620 3476 660 meum:
3500 624 3584 660 se-

1997 694 2095 745 mel
2117 692 2350 759 loquutus
2369 693 2737 760 sum,seeundo
2763 710 2860 747 non
2884 695 3069 746 addam
3111 693 3216 761 (lb.
3246 711 3293 749 υ.
3317 696 3371 750 ι.
3404 696 3458 766 5)
3483 713 3500 751 :
3525 713 3588 755 ac

1999 801 2231 851 rursum,
2258 784 2426 854 Usque
2445 787 2511 839 ad
2547 786 2688 838 auris
2709 786 2938 837 auditum
2964 786 3134 838 audivi
3152 796 3198 840 te
3220 796 3405 850 antea;
3455 805 3589 841 nunc

1998 886 2165 930 autem
2186 877 2360 930 oculus
2379 893 2516 930 mens
2535 877 2657 930 vidit
2677 886 2744 936 te,
2767 876 2935 943 Quare
2950 879 3194 946 meipsum
3221 877 3367 930 vilem
3386 889 3592 948 reputa.

2000 969 2066 1030 vi,
2113 978 2160 1021 et
2185 967 2387 1022 extabui
2415 984 2435 1024 :
2460 969 2686 1039 reputavi
2710 978 2878 1021 autent
2903 970 3149 1038 att-ipsum
3166 979 3351 1024 terram
3381 979 3426 1022 et
3455 971 3594 1024 cino-

1998 1075 2103 1112 rcm
2134 1054 2292 1130 (Job.
2316 1056 2409 1113 42.
2428 1057 2482 1114 5.
2515 1060 2593 1130 6).

2073 1151 2125 1204 6.
2166 1144 2320 1216 Quod
2351 1151 2394 1205 si
2423 1151 2538 1205 lucc
2561 1151 2690 1206 satis
2717 1151 2783 1206 ad
2809 1153 3230 1207 consolationem
3257 1168 3375 1207 esse
3404 1163 3606 1222 putas,.

2004 1243 2204 1309 poteris
2225 1251 2280 1296 ct
2308 1242 2417 1312 ipse
2449 1243 2550 1296 bac
2577 1242 2944 1297 consolatione
2969 1242 3089 1297 frui.
3131 1242 3264 1298 Nam
3311 1242 3434 1298 licet
3483 1259 3588 1297 non

2003 1347 2098 1401 pro
2127 1332 2235 1386 Deo
2264 1332 2462 1404 aliquid
2491 1333 2614 1386 mali
2643 1332 2932 1397 sustineas,
2957 1333 3049 1387 sed
3077 1348 3144 1387 ex
3177 1333 3449 1388 hominum
3488 1352 3588 1388 uo-

2000 1434 2268 1491 eumcnto,
2287 1425 2333 1479 si
2351 1427 2550 1496 gratias
2567 1427 2741 1496 egeris
2767 1441 2866 1480 nec
2890 1425 3346 1493 blaSpbemaveris
3372 1425 3424 1478 in
3445 1441 3589 1489 cum,

2001 1520 2090 1588 qui
2121 1518 2381 1590 impedire
2406 1519 2620 1590 quidem
2651 1526 2883 1588 poterat,
2925 1517 3018 1572 sed
3045 1517 3109 1569 ad
3141 1527 3282 1570 tuam
3316 1518 3588 1587 probatio.

2003 1627 2124 1667 nem
2163 1613 2424 1682 permisit,
2475 1613 2614 1667 sicut
2643 1612 2677 1666 ii
2697 1611 2785 1681 qui
2837 1619 3052 1682 propter
3101 1609 3267 1664 Deum
3321 1611 3600 1678 patiuntur.

2001 1704 2433 1769 coronantur,sic
2457 1712 2510 1756 et
2538 1713 2593 1756 tu
2623 1702 2865 1756 eamdem
2885 1699 3234 1768 consequeris
3262 1699 3603 1766 mercedum.

2002 1797 2123 1865 quia
2151 1796 2324 1851 illatas
2355 1796 2444 1850 tibi
2467 1797 2534 1850 ab
2566 1795 2870 1849 hominibus
2893 1792 3226 1848 calamitates
3257 1791 3465 1847 fortiter
3511 1804 3594 1847 tu-

2003 1889 2132 1955 listi,
2159 1899 2213 1944 et
2231 1891 2279 1943 ei
2309 1891 2396 1958 qui
2419 1904 2538 1943 cum
2569 1888 2684 1942 illas
2712 1885 2996 1957 prohibere
3037 1892 3252 1954 posset,
3308 1885 3480 1938 noluit
3507 1895 3592 1937 ta~

2003 1995 2148 2046 men,
2164 1977 2546 2051 gratiasegisti.
2563 1978 2700 2034 Ecce
2728 1978 2886 2048 igitur
2906 1987 2958 2031 et
2983 1985 3346 2045 paupertatem
3369 1986 3423 2030 et
3449 1992 3592 2028 mor-

2000 2071 2124 2126 bum
2150 2087 2306 2142 supra
2329 2069 2545 2140 modt‘nn
2575 2085 2787 2125 omnem
2806 2070 2950 2141 justo
2975 2069 3176 2123 illatum
3193 2069 3390 2124 vidisti.
3423 2067 3591 2122 \‘isno

1999 2162 2158 2218 etiam
2191 2172 2248 2217 ut
2275 2162 2493 2228 bellum,
2524 2162 2662 2232 quod
2696 2162 2794 2232 ipsi
2826 2173 3010 2216 natura
3035 2161 3231 2227 intulit,
3255 2160 3443 2214 eodem
3465 2174 3587 2214 cum

2001 2256 2201 2324 impetu
2231 2252 2418 2309 fortem
2453 2255 2625 2308 virum
2658 2253 2917 2307 invasisse
2955 2251 3276 2308 ostendam?
3305 2253 3495 2306 lleccm
3529 2249 3591 2303 li.

2000 2347 2100 2400 lios
2127 2346 2378 2416 perdidit,
2407 2345 2592 2400 decem
2625 2345 2802 2406 simul,
2832 2343 3018 2399 decem
3052 2343 3242 2398 eodem
3291 2339 3585 2411 juventutis

1997 2438 2150 2502 ﬂore,
2181 2438 2364 2493 decem
2397 2438 2592 2492 virtute
2617 2439 2886 2506 prmditos,
2934 2450 3033 2490 nec
3062 2433 3334 2489 communi
3383 2440 3587 2487 natura:

1997 2530 2136 2601 lege,
2165 2529 2260 2584 sed
2293 2528 2523 2583 violenta
2553 2525 2952 2596 miserabilique
2999 2535 3189 2580 morte.
3244 2525 3376 2591 Quis
3425 2523 3582 2577 talctu

1995 2623 2352 2678 calamitatem
2407 2621 2711 2692 exprimere
2767 2619 2976 2675 valeat?
3033 2618 3202 2674 Nemo
3240 2634 3391 2675 sane.
3448 2617 3584 2672 Cum

1994 2729 2123 2784 ergo
2144 2729 2194 2770 et
2222 2713 2389 2767 lilium
2410 2722 2465 2769 ct
2504 2712 2668 2767 filiam
2717 2711 2876 2766 simul
2919 2710 3204 2777 amiseris,
3257 2725 3471 2763 recurre
3517 2709 3586 2763 ad

1988 2806 2190 2877 justum
2222 2806 2398 2872 illum,
2421 2806 2752 2876 multamque
2774 2805 3096 2858 nancisceris
3137 2801 3580 2857 consolationem.

1993 2900 2129 2954 Num
2158 2899 2275 2953 lure
2302 2908 2506 2954 tantum
2529 2899 2630 2968 ipsi
2658 2897 2903 2952 accidere
2928 2896 3111 2950 mala?
3141 2895 3451 2950 Amicorum
3500 2897 3585 2948 in-

1993 3004 2156 3058 super
2182 2987 2414 3044 defectio
2440 2999 2495 3044 ct
2515 2988 2770 3059 proditio,
2794 2998 3110 3051 scommata,
3140 2986 3378 3040 convicia
3401 3030 3415 3050 ,
3445 2984 3586 3039 deri-

1991 3082 2192 3147 sioncs,
2215 3082 2407 3137 sanni:
2437 3082 2504 3136 ab
2531 3081 2778 3135 omnibus
2806 3091 2987 3135 autem
3020 3078 3258 3134 divexari
3299 3094 3453 3146 quam
3502 3079 3584 3130 in-

1992 3171 2323 3226 tolerandum
2354 3169 2542 3226 fuerit!
2577 3170 2693 3225 Non
2721 3170 2864 3225 enim
2890 3171 2960 3221 ita
2982 3183 3341 3224 :erumnarum
3370 3177 3582 3232 natura,

1989 3272 2050 3317 ut
2069 3263 2125 3329 ii,
2155 3263 2244 3332 qtti
2271 3261 2426 3318 nobis
2447 3276 2716 3316 :crumnas
2736 3261 3085 3332 exprobrant,
3115 3259 3368 3314 mordere
3420 3259 3576 3312 solet.

1990 3353 2104 3408 Non
2135 3353 2297 3408 modo
2319 3369 2423 3408 non
2453 3353 2661 3419 aderat,
2718 3353 2808 3423 qui
2850 3353 3248 3418 consolaretur;
3296 3351 3388 3406 sed
3427 3352 3578 3404 multi

1991 3445 2224 3516 undique
2245 3445 2514 3500 instabant
2539 3444 2926 3500 conviciantcs.
2954 3443 3222 3512 Videsque
3275 3444 3421 3497 illum
3481 3443 3578 3496 hac

1986 3537 2054 3592 dc
2074 3554 2133 3591 re
2159 3537 2435 3606 conqueri,
2469 3551 2531 3592 ac
2557 3537 2735 3591 dicere
2763 3551 2779 3589 :
2816 3539 2878 3590 At
2907 3552 2992 3590 vos
3025 3534 3266 3589 invaditis
3305 3551 3384 3588 me
3445 3533 3580 3602 (Job

1989 3628 2074 3682 l9.
2100 3625 2177 3702 5).
2201 3642 2399 3698 eosque
2429 3625 2879 3682 immisericordes
2908 3633 3066 3680 vocat
3092 3623 3174 3677 bis
3201 3622 3379 3678 verbis
3403 3642 3415 3676 :
3445 3623 3582 3690 Quia

1986 3718 2358 3789 obnegaverunt
2384 3735 2461 3771 me
2481 3717 2697 3787 proximi
2725 3718 2853 3781 mei;
2884 3725 2930 3771 et
2955 3715 3214 3770 domestici
3257 3716 3355 3767 mei
3400 3725 3577 3766 contra

1985 3827 2064 3865 me
2088 3810 2438 3880 loquebantur,
2484 3819 2530 3862 et
2560 3809 2694 3877 ﬁlios
2737 3809 2972 3876 pellicum
3023 3821 3252 3860 mearum
3293 3806 3530 3858 vorabunt
3557 3822 3576 3858 :

1991 3903 2068 3956 illi
2088 3917 2206 3956 vero
2229 3901 2514 3955 resiliebant
2538 3897 2558 3972 (
2578 3899 2660 3953 Ib.
2689 3915 2734 3953 υ.
2769 3901 2856 3954 Η.
2883 3899 2997 3968 l7).
3026 3898 3150 3961 Alii,
3203 3898 3396 3968 inquit,
3451 3914 3573 3951 ron-

1982 3995 2227 4062 spuebant
2255 3995 2304 4047 in
2329 4010 2425 4059 me,
2455 4009 2516 4046 ac
2543 3992 2815 4047 ludibrium
2844 3995 3010 4062 factus
3037 4008 3152 4046 sum
3180 3993 3406 4045 omnibus
3439 3989 3569 4062 (Job

1983 4086 2074 4144 39.
2103 4085 2156 4140 9.
2192 4085 2282 4152 10)
2311 4103 2323 4139 :
2354 4094 2400 4138 et
2428 4085 2561 4154 ipsa,
2599 4083 2765 4153 inquit
2793 4126 2807 4147 ,
2838 4083 2986 4138 uestis
3039 4100 3116 4136 me
3166 4084 3454 4136 abominata
3501 4093 3578 4136 est

1985 4177 2103 4250 (Job
2132 4177 2186 4233 9.
2213 4179 2326 4247 3i).
2359 4178 2484 4232 [hoc
2531 4193 2599 4231 nc
2643 4176 2824 4230 auditu
2864 4174 3078 4246 quidem
3109 4173 3345 4236 ferenda,
3377 4174 3575 4229 nedum

1983 4271 2098 4340 ipso
2121 4283 2299 4324 rerum
2349 4267 2489 4323 facto
2538 4265 2877 4322 sustinenda.
2938 4265 3228 4333 Paupertas
3283 4273 3520 4319 extrema
3558 4307 3572 4327 ,

1983 4363 2202 4417 morbus
2229 4358 2615 4424 intolerandus,
2647 4372 2817 4412 novus
2831 4366 2886 4411 et
2905 4355 3194 4417 inauditus,
3225 4363 3368 4409 totet
3390 4355 3574 4410 talium

1983 4450 2210 4507 ﬁliorum
2238 4449 2458 4505 amissio
2485 4449 2572 4504 tali
2604 4447 2762 4503 modo
2782 4446 2940 4511 facta,
2974 4445 3234 4511 convicia,
3254 4454 3573 4505 seommata,

1982 4542 2244 4612 vitupcria
2265 4543 2333 4596 ab
2355 4540 2680 4595 hominibus.
2712 4539 2813 4593 Alii
2843 4537 3059 4608 quidem
3093 4537 3384 4592 irridebaut
3418 4579 3431 4598 ,
3486 4537 3576 4591 alii

1980 4633 2438 4697 conviciabantur,
2463 4632 2554 4686 alii
2600 4633 2947 4701 spernebant,
2981 4645 3088 4684 non
3117 4630 3315 4684 inimici
3345 4639 3572 4691 tantum,

1980 4727 2077 4784 sed
2109 4737 2162 4782 et
2184 4727 2374 4791 amici;
2407 4741 2511 4780 non
2534 4725 2690 4779 amici
2717 4734 2918 4777 tantum
2949 4763 2964 4788 ,
3017 4721 3113 4778 sed
3167 4732 3220 4776 et
3269 4721 3573 4776 domestici.

1980 4819 2162 4889 Neque
2191 4818 2363 4872 solum
2392 4815 2687 4871 irridebaut
2738 4822 2793 4870 et
2834 4813 3077 4868 convicia
3128 4813 3427 4881 jactabant,
3477 4813 3573 4866 sed

1981 4911 2139 4965 etiam
2169 4907 2650 4970 abominabantur;
2677 4906 2792 4960 haec
2831 4919 2992 4974 porro
3043 4919 3147 4957 non
3192 4903 3437 4967 duobus,
3490 4905 3573 4955 wl

1982 5001 2169 5067 tribus,
2187 4999 2270 5054 vel
2300 4998 2484 5054 decem
2513 4998 2719 5063 diebus,
2768 4997 2862 5053 sed
2914 4997 3094 5050 multis
3138 4996 3410 5049 mensibus
3458 5012 3470 5047 :
3521 5007 3574 5048 et

1979 5093 2119 5163 quod
2144 5091 2215 5146 illi
2243 5091 2344 5145 uni.
2361 5089 2601 5159 contigit,
2628 5105 2694 5145 ne
2721 5088 2894 5144 noctis
2918 5087 3132 5156 quidem
3151 5086 3572 5142 consolationem

1979 5184 2229 5251 habebat,
2253 5182 2345 5238 sed
2376 5182 2580 5239 diurnis
2606 5181 2860 5235 turumnis
2895 5179 3256 5234 accessionem
3303 5178 3564 5247 majorem

1982 5278 2207 5336 faciebat
2233 5286 2618 5332 nocturnarum
2651 5271 3000 5328 formidinum
3058 5271 3354 5342 phantasia.
3411 5271 3560 5338 Quod

1978 5376 2119 5430 enim
2155 5373 2240 5428 vel
2289 5372 2341 5427 in
2382 5370 2585 5425 somnis
2627 5367 2864 5439 graviora
2910 5380 3098 5437 passus
3126 5366 3213 5450 sit,
3247 5365 3369 5420 audi
3426 5366 3570 5420 illurn

1978 5468 2244 5523 dicentem
2270 5484 2284 5519 :
2321 5465 2492 5531 Quare
2519 5478 2597 5516 me
2627 5471 2783 5514 terres
2806 5461 2858 5512 in
2888 5459 3100 5524 somnis,
3145 5455 3190 5511 ei
3221 5457 3272 5510 in
3301 5457 3575 5510 visionibus

1979 5576 2057 5614 me
2079 5567 2367 5612 consteruas
2395 5552 2519 5624 (Job
2547 5554 2598 5606 7.
2633 5550 2768 5622 il)?
2820 5551 2950 5616 Quis
2978 5558 3083 5604 tam
3133 5547 3340 5602 ferreus
3390 5548 3568 5607 homo,

1977 5651 2095 5719 quis
2117 5649 2335 5703 adamas
2352 5647 2467 5701 hmo
2491 5646 2628 5700 mala
2655 5644 2921 5699 sustinere
2947 5640 3151 5712 possit?
3173 5639 3304 5694 Nam
3332 5641 3376 5693 si
3402 5639 3568 5708 quod-

1980 5743 2110 5798 libet
2139 5756 2324 5797 eorum
2347 5739 2574 5796 seorsim
2600 5736 2995 5793 consideratam
3024 5731 3416 5789 intolerandum
3439 5739 3519 5785 est
3549 5771 3568 5798 ,

1979 5843 2232 5905 quantum
2264 5833 2541 5887 tumultum
2568 5827 3135 5886 omniacoueurrcntia
3165 5823 3436 5880 attulerlnt
3491 5833 3573 5873 to-
