4190 6322
1399 338 1483 392 DE
1526 335 1990 395 PCENITENTIA.
2037 338 2267 396 llOMlL.
2309 337 2346 392 Ι.
3422 328 3528 380 γε

1411 617 1551 687 DE
1614 615 2328 703 ΡἜΝΙΤΕΝΤῙΑ,

201 671 239 720 η

201 773 238 892 '5
1378 790 1510 834 CUM
1555 790 1731 833 nune
1781 789 1918 833 IPSE
1962 788 2295 832 REDIISSET
2323 771 2364 830 ‘.

819 1061 1034 1105 uomuit
1064 1061 1078 1100 ι
1106 1042 1204 1118 (a).

272 1141 322 1198 ι.
353 1142 525 1197 Amor
565 1152 615 1198 et
663 1140 954 1196 sollicitudo
997 1134 1343 1207 Cttrysostomi
1383 1149 1503 1203 erga
1547 1132 1812 1202 paputum.

425 1235 714 1291 emittatur
757 1233 892 1302 ﬁlios
938 1231 1122 1284 iterum
1166 1225 1489 1297 parturienti.
1531 1253 1602 1264 --
1641 1222 1813 1291 Num,

498 1341 720 1382 emores
749 1322 917 1380 nostri
947 1321 1139 1387 fuistis,
1160 1326 1362 1390 quanto
1389 1325 1630 1386 tempore
1658 1330 1688 1370 a
1719 1331 1818 1368 vo-

514 1403 520 1422 ;
547 1418 650 1474 us?
671 1417 804 1473 Nam
834 1417 950 1487 ipse
969 1413 1185 1486 quidem
1213 1410 1378 1467 vestri
1395 1423 1659 1480 nusquam
1673 1408 1817 1462 Obli-

425 1250 498 1291 an

391 1498 480 1579 εν
572 1531 589 1579 ,
631 1511 725 1567 sed
752 1510 939 1565 urbem
970 1507 1269 1570 dimittens,
1301 1501 1619 1557 memoriam
1653 1498 1818 1554 vestri

463 1655 482 1660 η
561 1600 1048 1675 :quemadmodum
1079 1598 1223 1652 enim
1255 1595 1345 1666 qui
1375 1609 1660 1664 corporum
1685 1609 1823 1662 prm-

401 1685 426 1755 Ϋ
513 1708 588 1748 .a'a
621 1694 926 1764 capiuntur,
957 1703 1295 1762 quocumque
1340 1685 1687 1751 recesserint,
1730 1699 1820 1738 se-

411 1780 416 1784 »
451 1786 736 1842 .udcratam
769 1783 961 1840 faciem
1009 1780 1437 1838 circumferunt:
1469 1776 1610 1832 haud
1663 1790 1821 1832 secus

357 1877 630 1933 .e'nustate
651 1879 951 1953 animarum
979 1882 1280 1930 vestrarum
1323 1872 1486 1936 tacti,
1518 1886 1638 1940 eam
1668 1884 1824 1923 men-

323 1980 516 2025 vestra:
541 1952 776 2039 Speciem
808 1980 1025 2039 semper
1050 1963 1332 2019 nobiscum
1365 1961 1816 2018 circumferimus.

234 2069 299 2116 ,ξι
341 2059 791 2132 quemadmodum
839 2059 1076 2128 pictores
1122 2053 1398 2110 coloribus
1430 2051 1600 2108 variis
1645 2052 1825 2108 mixtis

234 2152 472 2220 corporis
500 2152 760 2220 imagines
789 2148 1049 2218 effingere
1073 2156 1480 2201 consueverunt
1511 2162 1522 2197 :
1553 2143 1623 2198 ita
1643 2151 1698 2199 et
1724 2143 1825 2214 ipsi

234 2242 460 2297 stadium
486 2251 718 2297 vestrum
742 2241 797 2295 in
816 2237 1079 2303 collectis,
1105 2237 1158 2291 in
1185 2233 1452 2290 audiendo
1469 2234 1822 2300 alacritatem,

234 2331 660 2389 benevolentiam
685 2348 810 2402 erga
832 2331 1290 2393 concionatorem,
1315 2336 1618 2396 ceteraque
1646 2325 1826 2382 omnia

235 2421 410 2477 officia
450 2425 617 2479 veluti
648 2423 858 2477 t-olores
900 2422 1157 2476 virtutum
1191 2419 1369 2474 varios
1419 2417 1785 2474 immiscentes
1809 2456 1824 2481 ,

236 2522 395 2582 atque
425 2507 933 2586 ipsuin'animarum
984 2519 1281 2566 vestrarum
1331 2507 1696 2563 characterem
1724 2507 1826 2560 im-

238 2604 528 2674 primentes
554 2603 858 2673 mentisque
882 2609 1218 2671 apponentes
1239 2600 1430 2664 oculis,
1476 2613 1541 2653 ea
1585 2598 1829 2667 Specula-

238 2695 383 2751 tione
423 2697 550 2750 satis
587 2704 784 2750 nostra:
811 2691 1260 2763 peregrinationis
1297 2689 1603 2758 accepimus
1627 2688 1822 2742 solatii.

241 2784 363 2841 Hice
393 2798 445 2841 et
468 2785 723 2842 sedentes
750 2795 807 2840 et
829 2792 1136 2854 surgentes,
1161 2792 1216 2838 et
1240 2780 1582 2838 ambulantes
1599 2790 1653 2834 et
1673 2781 1826 2849 quie-

220 2885 462 2939 scentes,
488 2887 541 2930 et
563 2877 899 2931 introeuntes
929 2883 985 2930 et
1010 2883 1290 2937 exeuntes,
1307 2870 1562 2925 continuo
1580 2869 1833 2925 versaba-

243 2983 384 3030 mus,
410 2968 693 3022 caritatem
720 2976 956 3020 vestram
980 2964 1064 3018 vel
1087 2964 1139 3017 in
1170 2961 1396 3018 somniis
1421 2961 1710 3025 intuentes,
1737 2975 1832 3016 ne-

242 3076 345 3130 que
374 3059 607 3116 interdiu
655 3059 851 3126 solum,
897 3058 995 3114 sed
1023 3058 1186 3112 etiam
1218 3066 1380 3111 noctu
1411 3055 1602 3112 iisdem
1633 3055 1834 3126 cogita-

245 3151 475 3206 tionibus
535 3151 689 3222 quasi
757 3150 965 3206 deliciis
1020 3148 1460 3210 enutriebamur,
1529 3146 1659 3200 illud
1709 3161 1830 3200 cum

243 3243 527 3299 Salomone
572 3245 839 3300 scientes:
862 3241 974 3314 Ego
1005 3242 1221 3306 dormio,
1251 3250 1296 3294 et
1325 3256 1413 3293 cor
1463 3256 1631 3294 meum
1661 3238 1845 3309 vigilat.

247 3335 414 3408 (Cant.
437 3338 490 3393 5.
514 3337 594 3407 2).
636 3337 870 3406 ldipsum
898 3346 953 3390 et
997 3335 1153 3390 nobis
1179 3333 1526 3403 contingebat
1552 3349 1567 3386 :
1596 3347 1718 3386 nam
1747 3346 1835 3386 so-

243 3432 350 3483 mni
377 3428 594 3499 quidem
621 3428 918 3483 necessitas
949 3426 1230 3497 palpebras
1277 3425 1419 3496 ipsas
1445 3421 1833 3490 contrahebat,

243 3519 482 3590 tyrannis
511 3534 640 3574 vero
661 3518 864 3573 amoris
888 3519 1052 3572 vestri
1075 3517 1263 3572 oculos
1292 3525 1491 3570 nostra:
1520 3514 1715 3568 mentis
1736 3529 1835 3568 exc

242 3611 441 3666 citabat
472 3629 484 3664 :
525 3621 684 3681 atque
714 3624 1090 3681 saepenumero
1120 3622 1214 3678 per
1263 3621 1512 3662 somnum
1555 3605 1834 3660 vobiscum

244 3701 388 3773 loqui
417 3701 546 3755 mihi
571 3700 810 3756 videbar.
849 3700 1061 3755 Etenim
1107 3697 1586 3753 consuevitanima
1614 3711 1733 3766 qua:
1759 3696 1836 3748 in-

246 3792 418 3848 terdiu
445 3792 665 3862 cogitat,
689 3790 880 3846 eadem
910 3791 962 3844 in
990 3789 1196 3844 somnis
1225 3803 1320 3858 per
1353 3787 1689 3857 phantasiam
1719 3801 1840 3841 cer-

243 3898 394 3950 nere,
424 3882 565 3954 quod
591 3893 645 3937 et
673 3882 826 3937 nobis
858 3891 984 3936 tunc
1009 3881 1202 3935 accidit
1231 3887 1323 3934 :et
1356 3893 1451 3933 vos
1475 3879 1686 3933 carneis
1705 3893 1840 3932 ocu-

243 3973 310 4029 lis
337 3973 561 4028 minime
593 3973 816 4038 videns,
846 3972 1012 4027 oculis
1042 3971 1279 4026 caritatis
1299 3969 1608 4035 cernebam,
1641 3983 1837 4039 corpo-

242 4080 413 4137 reque
457 4064 666 4119 absens
685 4106 700 4130 ,
729 4064 921 4119 affectu
962 4079 1201 4133 pra'scns
1229 4078 1400 4123 cram.
1439 4071 1493 4116 et
1522 4077 1656 4117 mea:
1683 4077 1840 4116 aures

241 4171 459 4228 semper
483 4156 720 4211 clamore
749 4163 930 4209 vestro
952 4155 1329 4225 personabant.
1355 4154 1532 4221 Quare
1559 4162 1614 4207 et
1642 4168 1840 4223 corpu-

240 4249 320 4304 ris
348 4247 664 4318 :egritudine
704 4247 774 4302 ibi
797 4247 1006 4302 diutius
1032 4255 1255 4317 cogente
1281 4245 1580 4310 immorari,
1614 4254 1668 4299 et
1697 4245 1841 4299 aeris

243 4339 563 4395 salubritate
604 4338 670 4393 ad
718 4339 902 4393 carnis
951 4338 1233 4393 sanitatem
1267 4336 1603 4406 proficiente,
1661 4335 1714 4389 id
1759 4335 1842 4389 vis

245 4430 449 4485 amoris
473 4430 634 4485 vestri
661 4445 766 4483 non
806 4429 1093 4496 tolerabat,
1124 4429 1219 4484 sed
1255 4429 1626 4491 exclamabat,
1661 4439 1837 4494 neque

248 4522 401 4592 prius
430 4521 770 4576 molestando
799 4521 1052 4586 cessavit,
1085 4536 1243 4591 quam
1276 4521 1430 4574 nobis
1456 4519 1689 4576 suaserit
1718 4527 1844 4572 ante

248 4612 528 4684 prmfixum
559 4623 768 4683 tempus
785 4627 1101 4683 exsurgere,
1131 4622 1186 4667 et
1205 4612 1490 4667 sanitatem
1516 4621 1568 4666 et
1595 4611 1842 4680 volupta-

248 4712 359 4758 tem
414 4710 469 4757 ct
515 4717 675 4756 oume
716 4699 1090 4772 quodcumque
1117 4710 1200 4755 est
1224 4701 1422 4754 bonum
1460 4742 1473 4766 ,
1518 4708 1843 4754 conventum

250 4793 395 4849 hunc
421 4802 660 4846 vestrum
701 4793 1033 4854 existimare.
1073 4791 1206 4846 lluic
1231 4792 1392 4861 igitur
1419 4807 1624 4845 morem
1651 4807 1846 4862 geren-

249 4896 355 4952 tes,
383 4883 671 4938 maluimus
704 4885 906 4949 redire,
955 4886 1165 4937 tametsi
1197 4884 1368 4938 morbi
1399 4883 1640 4951 reliquia:
1670 4892 1844 4938 resta-

252 4988 394 5044 rent,
428 4992 590 5048 quam
620 4977 866 5046 corporis
898 4975 1260 5030 infirmitatem
1307 4991 1531 5046 prorsus
1575 4976 1847 5046 deponere

250 5077 580 5139 satagentes,
616 5067 686 5123 de
731 5076 930 5124 caetero
957 5068 1169 5122 caritati
1201 5076 1392 5122 vestra:
1442 5068 1717 5122 molestias
1761 5068 1846 5122 in—

250 5158 415 5215 ferre.
448 5159 580 5215 Nam
605 5169 660 5214 et
687 5144 796 5214 illic
821 5174 1045 5214 manens
1083 5159 1488 5214 criminationes
1519 5169 1727 5213 vestras
1748 5173 1847 5213 au-

251 5251 470 5307 diebam
494 5269 509 5307 :
532 5252 803 5306 continuae
831 5251 974 5306 enim
1005 5251 1173 5305 litera:
1204 5251 1300 5304 has
1327 5251 1479 5305 nobis
1505 5250 1801 5305 atl‘crebant
1828 5289 1844 5316 ,

254 5344 602 5413 animumque
639 5343 859 5399 adhibui
888 5343 1301 5398 criminantibus
1331 5359 1436 5397 non
1463 5343 1660 5409 minus,
1688 5358 1846 5413 quam

257 5429 598 5484 laudantibus
622 5430 665 5482 ⁸.
699 5427 830 5483 Nam
851 5429 1047 5482 anima:
1089 5429 1308 5483 scicntis
1330 5442 1512 5483 amare
1539 5427 1643 5482 illa:
1668 5427 1852 5482 crimi-

319 5543 340 5580 ⁸
371 5543 584 5594 Colbert.
633 5544 704 5593 sic
741 5539 933 5613 titulum
967 5542 1134 5613 habet,
1159 5543 1222 5613 .t'n
1254 5550 1491 5613 sanctis...
1530 5540 1853 5605 Chrysostomi

260 5617 428 5676 recens
436 5619 476 5676 _a
499 5618 614 5656 rure
636 5603 863 5676 regressi,
885 5606 1021 5676 etde
1045 5602 1336 5676 breuiteutia.

325 5670 344 5699 ³
379 5667 550 5730 Αιίὶιεε
572 5667 757 5730 gratias
778 5667 855 5728 egi
879 5667 1265 5727 criminantibus,
1285 5676 1380 5717 etc.

325 5733 399 5792 ta)
429 5727 608 5795 collata
623 5743 737 5795 cut_n_
755 5727 1015 5795 culicibus
1049 5733 1208 5795 ttcgiis
1251 5731 1387 5790 18:28,
1413 5729 1532 5779 18:29
1562 5735 1613 5779 et
1634 5727 1775 5788 ﬁlii,
1799 5735 1849 5778 et

265 5805 366 5844 cum
388 5793 662 5844 ('nlbertino
683 5792 824 5844 5081.

1940 1044 2185 1097 nationes
2234 1041 2446 1100 fuerant
2475 1086 2491 1111 ,
2523 1042 2819 1100 absentiam
2890 1054 3128 1100 nOstram
3190 1055 3529 1101 accusantes.

1951 1132 2245 1203 Propterea
2300 1149 2526 1206 surgens
2583 1135 2840 1200 cucurri;
2897 1145 3179 1208 propterea
3246 1152 3535 1208 numquam

1946 1238 2067 1279 mea
2085 1241 2180 1280 vos
2206 1237 2388 1282 mente
2415 1227 2562 1297 quivi
2583 1226 2903 1283 excludere:
2932 1228 3026 1284 sed
3054 1228 3177 1297 quid
3210 1230 3403 1284 mirum
3426 1233 3536 1285 ruri

1951 1315 1994 1371 si
2023 1326 2411 1386 commoratus,
2445 1318 2660 1374 licentia
2688 1317 2918 1390 quadam
2945 1327 3002 1374 et
3029 1319 3278 1376 libertate
3309 1319 3493 1376 fruens
3520 1364 3535 1384 ,

1946 1419 2144 1465 vestra:
2209 1409 2455 1466 caritatis
2500 1426 2606 1464 non
2654 1427 2774 1465 sum
2827 1411 3069 1466 oblitus:
3103 1411 3538 1483 quandoquidem

1953 1501 2150 1556 Paulus
2176 1501 2404 1556 vinculis
2424 1502 2692 1573 alligatus,
2723 1518 2994 1557 carcerem
3018 1503 3348 1570 inhabitans,
3377 1503 3567 1572 atque'

1950 1590 2157 1648 infinita
2187 1607 2323 1663 pene
2353 1593 2593 1665 pericula
2625 1593 2960 1648 imminentia
2987 1592 3197 1659 videns,
3244 1593 3296 1647 in
3323 1607 3542 1648 carcere

1953 1703 2059 1742 non
2107 1703 2262 1744 secus
2308 1703 2466 1757 quam
2497 1688 2549 1741 in
2587 1699 2740 1759 prato
2772 1695 3035 1750 versatus,
3069 1686 3148 1740 sic
3174 1683 3395 1739 fratrum
3424 1700 3539 1739 mc-

1949 1781 2172 1836 moriam
2217 1781 2486 1845 habebat,
2522 1791 2576 1833 et
2625 1779 2890 1836 scribebat
2934 1780 3120 1833 dicens
3151 1795 3165 1831 :
3198 1777 3342 1832 Sicut
3365 1787 3434 1831 est
3451 1779 3544 1848 ju-

1948 1881 2079 1925 stum
2102 1872 2226 1925 mihi
2249 1872 2344 1925 hoc
2371 1873 2554 1925 sentire
2569 1865 2660 1942 pro
2688 1870 2918 1923 omnibus
2940 1868 3155 1933 vobis,eo
3173 1867 3309 1937 quod
3334 1868 3545 1920 habeam

1948 1981 2038 2020 vos
2058 1966 2111 2019 iu
2137 1965 2286 2019 corde
2303 1974 2349 2019 et
2374 1966 2427 2018 in
2464 1963 2678 2018 vinculis
2708 1964 2846 2027 meis,
2873 1965 2925 2016 in
2954 1962 3244 2033 defensione
3264 1971 3310 2014 et
3356 1960 3545 2028 conﬁr-

1949 2059 2171 2113 matione
2191 2059 2433 2130 evangelii
2453 2057 2872 2129 (Philipp.l.7)?
2899 2057 3061 2114 Extra
3089 2057 3419 2111 inimicorum
3451 2070 3544 2110 ca-

1952 2158 2097 2216 tena,
2130 2149 2269 2204 intra
2300 2150 2499 2203 amoris
2523 2150 2906 2219 discipulorum
2932 2162 3119 2204 catena
3144 2164 3157 2199 :
3188 2147 3282 2202 sed
3311 2147 3546 2202 exterior

1949 2241 2164 2311 quidem
2195 2257 2260 2296 ex
2290 2240 2436 2297 ferro
2459 2251 2784 2308 constructa,
2809 2241 3031 2295 interior
3050 2255 3117 2294 ex
3133 2239 3354 2293 caritate
3371 2238 3543 2302 facta;

1950 2347 2001 2391 et
2026 2335 2166 2390 illam
2192 2331 2406 2407 quidem
2428 2348 2796 2404 smpeuumero
2814 2330 3223 2403 deposuit,hanc
3242 2344 3370 2382 vero
3396 2344 3550 2381 num-

1951 2442 2110 2498 quam
2133 2426 2406 2482 dissolvit.
2424 2426 2528 2482 Sed
2557 2423 3004 2498 quemadmodum
3023 2421 3271 2476 mulieres
3290 2427 3550 2489 quotquot

1951 2521 2196 2576 dolorum
2225 2531 2404 2596 partus
2420 2518 2845 2588 experimentum
2871 2524 3227 2584 sumpsere,et
3254 2522 3449 2567 matres
3472 2509 3553 2564 fa-

1952 2623 2053 2668 ctae
2072 2624 2215 2680 sunt,
2245 2597 2458 2677 horum,
2481 2624 2615 2680 quos
2632 2617 2971 2679 pepererunt,
2991 2605 3314 2674 ubicumque
3333 2604 3548 2670 fuerint,

1953 2707 2177 2764 vinculis
2225 2715 2440 2774 semper
2481 2713 2606 2760 sunt
2654 2701 3026 2756 astricta::sic
3064 2708 3118 2754 et
3142 2697 3360 2763 Paulus,
3393 2705 3552 2766 atque

1955 2801 2091 2856 adeo
2118 2800 2288 2854 multo
2313 2798 2503 2854 fortius
2521 2838 2536 2862 ,
2564 2795 2840 2864 discipulis
2869 2794 2982 2848 suis
3002 2791 3329 2855 adlaturebat,
3370 2796 3551 2843 tanto-

1956 2906 2062 2961 que
2083 2890 2270 2960 magis,
2295 2896 2497 2959 quanto
2523 2885 2855 2941 naturalibus
2884 2881 3188 2951 spirituales
3222 2890 3406 2949 partus
3429 2886 3554 2932 sunt

1958 2982 2328 3039 ferventiores.
2346 2979 2480 3034 Nam
2513 2993 2619 3032 non
2649 2975 2814 3031 semel
2846 3016 2861 3041 ,
2894 2974 2990 3028 sed
3016 2972 3233 3028 eosdem
3262 2970 3351 3036 bis,
3372 2978 3554 3038 partu-

1957 3076 2101 3142 rivit,
2130 3082 2186 3129 et
2204 3071 2471 3127 clamabat
2488 3069 2693 3132 dicens,
2725 3064 2904 3120 Filioti
2934 3065 3052 3129 mei,
3079 3080 3204 3134 quos
3227 3062 3406 3115 iterant
3429 3075 3554 3129 par-

1959 3167 2091 3221 turio
2122 3163 2266 3237 (Gal.
2317 3164 2372 3218 4.
2404 3160 2517 3234 19).
2550 3161 2604 3215 Id
2637 3173 2764 3214 vero
2791 3158 2984 3212 mulier
3015 3170 3304 3224 numquam
3337 3164 3552 3223 patere-

1960 3267 2070 3322 tur,
2098 3271 2271 3326 neque
2297 3254 2548 3308 sullerret
2571 3249 2792 3307 eosdem
2816 3250 3008 3304 iterum
3053 3248 3269 3302 dolores
3299 3264 3311 3299 :
3339 3244 3433 3300 sed
3474 3254 3558 3298 to-

1961 3349 2167 3406 lerabat
2194 3348 2295 3402 hoc
2334 3345 2554 3412 Paulus,
2595 3342 2737 3412 quod
2771 3342 2821 3395 iu
2862 3351 3053 3395 natura
3081 3354 3187 3394 non
3228 3346 3312 3393 est
3336 3337 3552 3391 videre:

1962 3454 2018 3498 ut
2046 3456 2181 3513 quos
2209 3439 2378 3496 semel
2402 3445 2703 3508 pepererat,
2738 3435 2929 3490 iterum
2967 3435 3249 3502 reciperet,
3294 3440 3348 3486 et
3372 3438 3558 3484 acutos

1961 3551 2123 3608 super
2151 3535 2257 3591 illis
2302 3533 2516 3588 dolores
2569 3531 2846 3600 perferret.
2903 3527 3193 3596 Propterea
3234 3533 3289 3580 et
3327 3521 3557 3577 confun-

1963 3629 2093 3683 dere
2144 3641 2240 3682 eos
2287 3625 2510 3688 volens,
2565 3623 2700 3676 dixit
2750 3636 2763 3673 :
2822 3618 2961 3683 Quas
3023 3619 3206 3670 iterum
3283 3614 3510 3684 parturio
3539 3630 3557 3667 :

1964 3719 2116 3791 quasi
2165 3717 2409 3782 diceret,
2462 3715 2673 3770 Parcite
2729 3711 2859 3767 mihi
2897 3729 2910 3765 :
2944 3709 3119 3764 nullus
3177 3708 3319 3762 filius
3362 3721 3558 3761 secuno

1963 3812 2035 3865 do
2101 3818 2404 3864 maternum
2471 3818 2679 3860 uterum
2756 3814 2941 3874 partus
3009 3799 3284 3854 doloribus
3335 3797 3558 3864 affecit,

1963 3903 2103 3975 quod
2157 3917 2245 3956 mc
2291 3900 2398 3969 pati
2452 3897 2659 3968 cogitis.
2714 3894 2861 3949 Licet
2908 3891 3124 3946 dolores
3174 3890 3249 3944 illi
3293 3903 3399 3943 uno
3429 3898 3563 3943 tem-

1964 3997 2109 4066 poris
2137 4004 2407 4049 momento
2447 3998 2728 4061 torqueant
2754 4030 2769 4054 ,
2799 3998 2957 4056 atque
2987 3984 3190 4039 infante
3215 3997 3278 4036 ex
3321 3981 3441 4037 alvo
3470 3981 3566 4034 de-

1971 4087 2185 4142 laheute
2225 4095 2278 4140 et
2309 4084 2408 4154 ipsi
2435 4097 2648 4154 quoque
2677 4079 2993 4134 delabantur
3024 4095 3037 4131 :
3069 4075 3123 4129 hi
3153 4090 3282 4130 vero
3328 4089 3434 4126 non
3459 4073 3561 4138 sic,

1968 4181 2064 4236 sed
2086 4191 2138 4235 et
2162 4178 2438 4235 mensibus
2460 4175 2678 4245 integris
2703 4179 2952 4227 maneant
2985 4188 3000 4224 :
3029 4184 3150 4222 nam
3177 4176 3232 4222 et
3255 4180 3452 4220 annum
3479 4173 3562 4218 to-

1967 4284 2082 4328 tum
2107 4285 2474 4343 saepenumero
2514 4265 2792 4337 parturivit
2829 4262 3026 4326 Paulus
3046 4303 3060 4326 ,
3090 4269 3248 4329 atque
3276 4265 3567 4326 conceptos

1970 4383 2074 4421 nou
2097 4364 2306 4437 peperit
2329 4381 2343 4416 :
2369 4371 2424 4416 et
2453 4360 2562 4414 illic
2589 4357 2803 4429 quidem
2831 4353 3008 4410 carnis
3031 4361 3114 4407 est
3139 4351 3309 4413 labor,
3337 4349 3425 4403 hic
3438 4364 3567 4402 vero

1967 4460 2188 4515 dolores
2229 4472 2336 4511 non
2373 4460 2615 4508 ventrem
2659 4447 2987 4510 distendunt,
3023 4443 3118 4500 sed
3161 4443 3355 4496 anima:
3405 4439 3568 4494 robur

1971 4554 2226 4607 lacerant.
2255 4552 2429 4619 Atque
2450 4555 2507 4601 ut
2521 4545 2700 4600 discas
2719 4557 2812 4597 eos
2829 4541 3178 4596 ferventiores
3195 4551 3314 4592 esse
3327 4534 3564 4598 dolores,

1968 4659 2088 4712 qua:
2131 4655 2364 4712 unquam
2417 4645 2591 4692 mater
2625 4642 2774 4705 Optat
2821 4642 3064 4686 natorum
3106 4631 3224 4684 loco
3269 4627 3565 4698 gehennam

1968 4731 2276 4790 sustinere?
2315 4730 2412 4784 llic
2454 4744 2581 4784 vero
2611 4741 2718 4781 non
2750 4721 2909 4779 modo
2935 4721 3257 4791 gehennam,
3287 4718 3378 4772 sed
3420 4727 3570 4786 Optat

1969 4828 2130 4883 etiam
2171 4823 2455 4878 anathema
2481 4836 2604 4876 esse
2632 4834 2660 4871 a
2679 4817 2895 4872 Christo
2921 4815 3097 4883 (Itum.
3129 4811 3181 4866 9.
3207 4812 3262 4880 '5)
3280 4852 3294 4876 ,
3324 4824 3430 4878 quo
3446 4823 3573 4878 pos-

1971 4929 2054 4975 set
2077 4917 2291 4974 Judreos
2324 4928 2516 4984 parere
2541 4927 2675 4982 quos
2701 4923 2912 4978 semper
2937 4905 3190 4961 continue
3220 4900 3566 4972 partui-iebat,

1972 5021 2027 5065 et
2065 5009 2316 5079 quoniam
2335 5005 2386 5060 id
2413 5021 2516 5058 non
2551 5001 2854 5065 eveniebat,
2881 4997 3002 5052 ideo
3023 4994 3239 5049 dolebat
3255 4990 3567 5046 etdicehat:

1971 5101 2202 5158 Tristitia
2245 5098 2370 5152 mihi
2399 5105 2470 5152 est
2509 5111 2712 5165 magna,
2743 5100 2786 5144 et
2816 5090 3082 5143 continuus
3127 5085 3273 5139 dolor
3299 5082 3441 5136 cordi
3463 5098 3590 5165 meo;

1973 5194 2151 5268 (Rom.
2203 5192 2258 5248 9.
2333 5189 2427 5259 2).
2477 5157 2652 5257 Atque
2686 5157 2772 5238 hic
2813 5195 2998 5238 rursus
3031 5197 3044 5233 :
3077 5177 3254 5231 Fitioti
3279 5175 3395 5240 mei,
3446 5157 3588 5244 qum"

1972 5266 2156 5347 iterum
2185 5286 2435 5358 parturio,
2457 5282 2616 5337 donec
2641 5279 2871 5335 Christus
2897 5281 3145 5349 formetur
3171 5273 3220 5326 iu
3249 5270 3384 5324 vobis
3425 5266 3564 5339 (flat.

1973 5380 2466 5454 4.19).Quidnam
2533 5376 2658 5432 alvo
2711 5374 2798 5427 illa
2856 5370 3065 5426 beatius
3106 5364 3221 5428 fuit,
3267 5358 3571 5454 qttazAtales

1978 5479 2118 5533 filios
2132 5449 2329 5544 parere
2348 5470 2538 5541 potuit,
2563 5467 2650 5538 qui
2681 5465 2807 5519 inse
2828 5461 3095 5517 Christum
3123 5451 3423 5511 haberent?
3445 5449 3570 5519 quid

1977 5587 2103 5627 vero
2143 5541 2456 5623 iftncundius
2505 5576 2591 5627 ea,
2632 5573 2749 5629 qua:
2798 5553 2986 5610 Orbem
3026 5549 3307 5622 progenuit
3357 5541 3572 5598 totum?

1976 5665 2100 5738 quid
2122 5678 2185 5719 ea
2213 5661 2424 5725 fortius,
2452 5671 2572 5730 qua:
2588 5655 2762 5711 editos
2788 5659 2842 5706 et
2867 5648 3076 5704 adultos
3098 5641 3366 5699 abortivos
3393 5645 3571 5738 posset

1976 5730 2153 5814 denuo
2183 5753 2465 5824 concipere
2512 5765 2573 5805 ac
2619 5743 2950 5804 reformare?
2982 5741 3034 5797 id
3063 5739 3206 5796 enim
3247 5735 3299 5789 in
3343 5730 3567 5789 naturali
