4190 6322
640 324 749 385 9⁸19

642 445 795 509 partu
844 440 1037 506 prteth
1083 431 1344 489 humanas
1378 440 1461 487 est
1489 431 1652 486 vires.
1683 431 1859 499 Quare
1903 432 2064 505 igitur
2106 448 2219 490 non

641 529 817 583 dixit:
848 525 1028 581 Fitioli
1068 523 1186 592 mei,
1212 538 1339 595 quos
1384 522 1563 578 iterum
1592 519 1907 592 progenero,
1942 521 2058 590 sed,
2104 538 2225 592 par-

641 622 776 673 turio
800 621 828 675 .’
870 618 1082 674 Etenim
1102 614 1226 670 alibi
1251 627 1509 685 generare
1524 627 1584 669 se
1604 612 1751 679 dicit,
1781 612 1859 667 1η
1874 613 2073 667 Christo
2091 613 2225 669 enim

642 709 769 765 Jestt
823 726 914 781 ego
958 724 1046 763 vos
1084 703 1247 777 genui
1260 706 1338 778 (l.
1366 704 1485 783 Cor.
1513 706 1564 760 4.
1594 704 1706 775 15).
1739 704 1852 759 lllic
1876 719 2003 774 ergo
2029 719 2226 774 cognac

649 804 847 866 tionem
875 801 1242 856 tantummodo
1260 799 1542 854 ostendere
1562 798 1747 864 voluit,
1779 799 1865 853 hic
1890 813 2017 853 vero
2043 810 2096 854 et
2122 799 2228 854 do-

649 893 818 949 lorem
862 906 1045 948 coram
1085 899 1318 946 statuere
1380 899 1603 943 conatus
1632 896 1735 942 est.
1765 887 2041 955 Quomodo
2080 888 2225 944 enim

655 984 792 1041 ﬁlios
820 993 992 1050 vocat,
1022 996 1155 1052 quos
1181 979 1423 1035 nondum
1440 980 1630 1034 enixus
1656 979 1771 1034 est?
1800 980 1842 1033 si
1865 979 2007 1033 enim
2037 988 2225 1048 partu-

649 1076 751 1137 rit,
784 1073 1018 1129 nondum
1052 1071 1256 1141 peperit
1290 1089 1305 1126 :
1336 1060 1604 1142 quomodo
1632 1086 1759 1139 ergo
1786 1070 1921 1123 filios
1946 1070 2135 1124 vocat?
2163 1069 2230 1126 Ut

584 1229 587 1232 ,
651 1165 848 1229 discas,
878 1164 1026 1218 illum
1056 1178 1160 1217 non
1190 1161 1454 1233 prioribus
1475 1171 1660 1230 partus
1679 1159 1950 1216 doloribus
1972 1169 2096 1214 tunc
2115 1175 2231 1214 cru-

652 1253 871 1319 ciatum,
903 1251 1043 1321 quod
1071 1254 1201 1306 satis
1226 1251 1330 1306 illis
1353 1259 1468 1305 erat
1497 1250 1560 1304 ad
1590 1251 1861 1303 ruborem.
1893 1249 2121 1312 Etenim,
2148 1252 2233 1304 in:

652 1344 789 1416 quit,
814 1346 978 1401 semel
1001 1344 1169 1399 factus
1188 1358 1304 1399 sum
1327 1350 1494 1412 pater,
1543 1341 1883 1410 debitumque
1912 1340 1965 1395 in
1994 1352 2089 1395 vus
2113 1356 2232 1409 par-

656 1447 766 1490 tum
786 1436 1025 1499 toleravi,
1058 1450 1150 1490 vos
1171 1448 1300 1489 vero
1320 1433 1410 1487 lilii
1438 1432 1604 1487 semel
1628 1430 1748 1486 lacti
1777 1432 1908 1487 estis
1931 1448 1944 1485 :
1967 1432 2232 1502 quomodo

653 1540 739 1581 me
764 1525 831 1579 ad
875 1526 1142 1580 secundos
1177 1525 1371 1579 iterum
1411 1522 1624 1578 dolores
1666 1523 1912 1577 mittitis?
1939 1523 2230 1578 satisenim

655 1614 748 1684 qui
798 1613 1058 1685 principio
1099 1613 1376 1675 habentur,
1425 1622 1549 1665 sunt
1578 1621 1761 1680 partus
1812 1611 2066 1674 dolores;
2106 1611 2232 1681 quid

658 1719 767 1759 me-
798 1702 1034 1758 secnndo
1085 1702 1359 1756 doloribus
1383 1700 1633 1755 cruciatis
1655 1700 1681 1753 ‘i
1704 1699 1835 1753 Nam
1874 1700 2107 1755 ﬁdelium
2159 1702 2236 1754 la-

660 1808 809 1864 psus,
844 1808 947 1847 non
976 1794 1234 1847 minorem
1268 1791 1388 1861 ipsi,
1419 1806 1578 1861 quam
1621 1791 1710 1861 qui
1738 1791 1968 1845 nondum
1995 1790 2236 1846 credide-

662 1896 782 1941 rant
799 1926 816 1949 ,
839 1885 1072 1941 laborem
1100 1885 1413 1939 inferebant.
1434 1882 1770 1939 intolerabile
1804 1883 1945 1938 enim
1976 1893 2092 1939 erat
2119 1892 2237 1951 post

662 1976 842 2032 talium
889 1979 1258 2049 mysteriorum
1307 1978 1736 2032 communionem
1779 1976 1959 2032 videre
1981 1977 2236 2046 quosdam

657 2066 724 2120 ad
754 2065 1077 2134 impietatem
1102 2074 1292 2137 sponte
1323 2065 1610 2122 declinare.
1637 2065 1811 2134 Quare
1834 2067 2025 2121 acriter
2049 2065 2237 2121 admo-

662 2156 788 2211 dum
832 2172 893 2212 ac
924 2156 1068 2210 omni
1113 2157 1335 2211 muliere
1361 2156 1712 2211 miserabilius
1760 2155 2241 2225 ingemiscebatdi-

666 2261 793 2301 ecus
824 2263 837 2302 :
868 2245 1045 2301 Filioli
1071 2247 1187 2311 mei,
1226 2262 1349 2315 quos
1369 2247 1545 2299 iterum
1572 2247 1986 2315 parturia,donec
2013 2244 2240 2299 Christus

662 2339 910 2407 {armetur
934 2336 987 2388 in
1029 2333 1162 2389 vobis
1202 2333 1358 2406 (Gal.
1383 2337 1435 2389 4.
1467 2334 1534 2389 l9
1554 2335 1591 2404 ).
1619 2333 1672 2389 ld
1711 2343 1885 2389 autem
1908 2335 2114 2389 dicebat
2138 2375 2153 2398 ,
2187 2345 2244 2388 ut

666 2422 768 2477 illis
791 2423 1033 2479 tiduciam
1058 2421 1216 2478 simul
1248 2435 1302 2477 et
1346 2424 1586 2479 timorem
1617 2422 1909 2478 induceret.
1942 2424 2072 2479 Cum
2104 2424 2241 2479 enim

663 2512 895 2567 ostendit
936 2528 1040 2567 non
1072 2514 1353 2567 formatum
1400 2513 1453 2567 in
1505 2514 1631 2581 ipsis
1662 2513 1954 2579 Christum,
2001 2514 2242 2566 timorem

666 2607 886 2661 incussit
925 2614 978 2661 et
1024 2608 1265 2675 agoniam
1314 2624 1327 2658 :
1369 2620 1485 2659 cum
1516 2606 1895 2658 demonstravit
1936 2618 2090 2673 posse
2139 2603 2245 2656 for-

666 2698 819 2759 mari,
843 2696 1032 2749 iterum
1066 2696 1305 2749 liduciam
1334 2695 1537 2748 indidit.
1566 2694 1694 2748 Cum
1721 2696 1862 2748 enim
1894 2695 2101 2755 dicitur,
2140 2693 2250 2747 Do-

578 2850 581 2853 ,
672 2804 759 2840 nec
795 2790 1061 2857 formetur,
1114 2795 1396 2853 utrumque
1439 2786 1729 2839 ostenditur
1753 2826 1765 2843 ,
1795 2793 1847 2837 et
1876 2786 2108 2837 nondum
2140 2784 2246 2835 l‘nr-

674 2889 871 2931 .uatum
900 2892 1039 2941 esse,
1080 2886 1131 2929 et
1158 2876 1372 2929 formari
1420 2878 1607 2929 iterum
1642 2891 1811 2941 posse.
1860 2875 1913 2929 Si
1946 2877 2083 2929 enim
2137 2874 2248 2929 fieri

673 2984 777 3022 :ion
805 2977 1001 3036 posset,
1033 2969 1081 3021 in
1113 2982 1333 3020 vacuum
1362 2968 1427 3020 ad
1450 2983 1540 3021 eos
1563 2969 1807 3031 dixisset,
1836 2966 2005 3021 Donec
2026 2966 2251 3020 Christus

674 3062 918 3129 farntetur
945 3062 996 3114 in
1025 3061 1159 3114 vobis
1184 3077 1201 3113 :
1224 3070 1275 3113 et
1300 3060 1440 3127 ipsos
1467 3075 1559 3128 spe
1590 3075 1721 3111 vana
1754 3060 2020 3113 iactasset.

753 3158 809 3209 Ξ.
854 3156 1141 3225 Desperatio
1172 3163 1216 3207 et
1241 3154 1469 3222 segnities
1490 3153 1797 3220 perniciosae.
1841 3179 1910 3189 --
1950 3150 2073 3203 Hmc
2099 3148 2255 3217 igitur

683 3247 911 3300 scientes
934 3286 949 3305 ,
985 3260 1153 3313 neque
1177 3243 1273 3311 ipsi
1301 3258 1329 3293 a
1359 3257 1453 3309 spe
1481 3240 1731 3293 cadamus
1754 3282 1767 3303 ,
1800 3239 1893 3293 sed
1935 3255 2106 3306 neque
2141 3254 2256 3291 oni-

681 3342 810 3393 nino
837 3338 1179 3405 pigritemur;
1223 3345 1440 3401 utraque
1475 3332 1615 3385 enim
1653 3333 1764 3384 h:rc
1806 3331 2119 3400 perniciosa.
2154 3330 2257 3382 Dc-

681 3430 911 3500 speratio
938 3428 1150 3496 quidem
1172 3426 1434 3491 jacentem
1458 3437 1739 3489 exsurgere
1768 3437 1870 3474 non
1897 3420 2022 3473 sinit
2046 3461 2060 3485 ,
2093 3418 2255 3486 pigri-

688 3524 756 3575 tia
786 3535 913 3574 vero
943 3529 995 3573 et
1022 3525 1247 3571 stantem
1279 3515 1468 3570 cadere
1507 3514 1631 3567 facit
1663 3530 1676 3563 :
1722 3520 1878 3581 atque
1924 3511 2010 3563 illa
2050 3508 2261 3578 quidem

684 3614 794 3683 jam
822 3609 981 3678 partis
1009 3607 1217 3677 privare
1244 3620 1340 3660 nos
1370 3604 1506 3659 Solet
1537 3602 1686 3656 bonis
1712 3644 1724 3663 ,
1753 3602 1868 3654 lucc
1898 3599 2048 3652 malis
2077 3598 2263 3667 quibus

692 3714 944 3770 urgemur
973 3712 1069 3751 nos
1097 3695 1308 3750 liberari
1339 3709 1444 3748 non
1470 3692 1594 3745 sinit
1618 3732 1632 3753 ,
1674 3702 1726 3745 et
1750 3692 2021 3758 neglectus
2050 3687 2262 3757 quidem

696 3809 759 3847 ex
790 3791 914 3860 ipsis
942 3787 1173 3843 detrudit
1201 3787 1345 3841 cmlis
1369 3826 1385 3849 ,
1410 3784 1856 3852 desperatidvero
1878 3784 1931 3834 in
1958 3782 2122 3849 ipsam
2154 3795 2268 3831 ma-

698 3884 826 3938 litiae
870 3882 1081 3935 deducit
1128 3879 1415 3949 abyssum,
1465 3878 1600 3929 sicut
1643 3875 1685 3927 si
1735 3888 1840 3930 non
1892 3872 2262 3939 desperemus.

701 3975 809 4028 cito
838 3973 979 4026 illinc
1008 3971 1326 4025 reducimur.
1358 3967 1646 4021 Considera
1677 3981 1803 4020 vero
1829 3965 2096 4032 utriusque
2123 3964 2227 4015 vim
2257 3979 2270 4014 :

699 4065 940 4118 diabolus
966 4071 1117 4117 antea
1144 4061 1315 4116 bonus
1350 4068 1502 4124 erat;
1543 4058 1796 4128 pigritans
1833 4071 1959 4111 vero
1994 4064 2047 4110 et
2082 4056 2276 4122 desiie~

679 4152 822 4210 'rans
848 4155 1040 4211 cecidit
1061 4196 1075 4218 ,
1109 4162 1357 4222 tantaque
1382 4152 1605 4207 obrutus
1631 4150 1828 4203 malitia
1857 4156 1940 4201 est
1959 4189 1973 4211 ,
2005 4155 2063 4200 ut
2092 4147 2143 4199 in
2176 4161 2273 4214 po-

700 4256 900 4300 sterum
932 4261 1036 4300 non
1069 4252 1328 4308 resurgat.
1358 4240 1510 4307 Quod
1540 4240 1679 4293 enim
1726 4238 1897 4293 bonus
1936 4237 2090 4291 fuerit
2113 4278 2128 4301 ,
2158 4236 2275 4288 audi

704 4333 830 4404 quid
859 4334 1063 4388 dicatur
1094 4351 1105 4386 :
1145 4331 1262 4385 Vidi
1289 4342 1517 4384 satanam
1555 4328 1705 4381 veluti
1733 4328 1906 4401 fulgur
1935 4328 2188 4381 cadentem
2219 4327 2281 4379 de

704 4426 825 4479 rwlo
878 4423 1047 4495 (Luc.
1092 4424 1176 4478 lo.
1222 4422 1351 4492 18).
1395 4421 1637 4490 Fulguris
1675 4422 1817 4475 enim
1856 4419 2143 4474 similitudo
2170 4461 2182 4483 ,
2226 4429 2276 4473 et

700 4517 992 4571 claritatem
1025 4513 1261 4585 pristina:
1287 4512 1704 4568 conversationis
1730 4510 2000 4578 ostendit,
2042 4519 2096 4565 et
2129 4524 2283 4564 casus

704 4606 1064 4661 velocitatem.
1098 4603 1290 4658 Paulus
1317 4603 1655 4671 blasphemus
1697 4610 1850 4665 erat,
1893 4610 1948 4655 et
1989 4614 2281 4669 persequu-

704 4707 825 4760 tor,
854 4704 908 4750 et
936 4694 1351 4749 contumeliosus
1388 4710 1403 4745 :
1445 4692 1565 4761 quia
1610 4706 1735 4745 vero
1773 4690 2050 4746 desudavit
2092 4698 2147 4744 et
2188 4704 2281 4755 spe

705 4800 811 4840 non
838 4783 1035 4839 decidit
1060 4825 1072 4845 ,
1102 4793 1154 4837 et
1183 4783 1484 4837 exsurrexit
1506 4822 1522 4841 .
1550 4796 1645 4849 par
1671 4780 1870 4849 angelis
1893 4779 2111 4834 eflectus
2143 4795 2155 4830 :
2185 4777 2281 4832 Ju-

705 4876 799 4931 das
828 4875 1096 4947 apostolus
1125 4882 1237 4929 erat
1267 4914 1282 4940 ,
1327 4872 1420 4927 sed
1447 4872 1700 4940 pigritans
1725 4870 1892 4925 factus
1917 4878 1998 4924 est
2025 4869 2280 4938 proditor.

710 4968 866 5022 Latro
900 4968 1023 5021 item
1053 4974 1173 5035 post
1200 4973 1401 5018 tantum
1432 4962 1645 5015 malitim
1671 5003 1685 5027 ,
1716 4961 1835 5030 quia
1863 4960 1929 5013 de
1955 4974 2050 5029 spe
2076 4974 2180 5012 non
2212 4958 2289 5010 la-

708 5072 838 5128 psus
885 5066 966 5112 est
991 5096 1006 5123 ,
1051 5061 1172 5109 ante
1213 5054 1346 5107 alios
1386 5050 1695 5122 paradisum
1731 5048 2067 5117 ingreditur:
2100 5046 2286 5102 Phari-

711 5163 851 5205 sreus
902 5147 1177 5204 conlidens
1213 5161 1278 5202 ex
1317 5145 1432 5214 ipso
1466 5140 1673 5197 virtutis
1717 5141 1946 5195 culmine
1985 5139 2182 5193 decidit
2234 5139 2287 5192 in

710 5242 1071 5311 prolundum:
1122 5238 1432 5309 publicanus
1487 5235 1608 5304 quia
1656 5247 1763 5286 non
1815 5230 2148 5297 desperavit,
2209 5227 2287 5283 sic

708 5342 918 5388 erectus
939 5339 1056 5397 est,
1089 5337 1147 5384 ut
1185 5329 1332 5383 illum
1371 5326 1708 5397 prmveniret.
1746 5322 1836 5376 Vis
1880 5331 1936 5376 ut
1978 5321 2067 5375 tibi
2106 5328 2291 5374 osten-

711 5428 836 5482 dam
862 5434 915 5479 et
943 5422 1126 5477 urbem
1156 5427 1320 5474 tutam
1364 5418 1465 5473 hoc
1505 5414 1736 5471 fecisse?
1778 5412 2124 5467 Ninivitarum
2166 5408 2291 5463 urbs

713 5516 792 5572 sic
819 5512 991 5568 omnis
1014 5507 1220 5566 servata
1249 5514 1329 5563 est
1358 5526 1373 5563 :
1407 5508 1525 5561 illos
1555 5512 1699 5560 certe
1738 5503 1844 5557 lata
1880 5500 1986 5570 jam
2031 5499 2290 5555 sententia

714 5622 743 5661 a
767 5621 862 5675 spe
881 5602 1179 5673 depulerat.
1207 5580 1321 5653 Non
1348 5598 1487 5652 enim
1510 5596 1674 5657 dixit,
1703 5594 1757 5647 Si
1787 5591 2143 5661 pmnitentiam
2171 5604 2295 5658 cge-

716 5705 823 5753 rtnt
848 5736 862 5764 ,
895 5692 1246 5752 servabuntur
1273 5707 1285 5744 :
1312 5689 1405 5744 sed
1434 5688 1602 5755 solum
1629 5728 1643 5754 ,
1688 5684 1812 5740 Tres
1856 5684 2025 5738 adhuc-
2062 5684 2166 5738 dics
2188 5723 2204 5744 ,
2242 5690 2291 5735 et

1362 317 1419 377 ε
1456 317 1734 375 somnus
1767 316 2245 379 cnnvsos'rom
2278 295 2614 381 menter!
2638 320 3173 381 CONSTANTINOP.

3793 80 3997 431 ἀ

3793 80 3997 431 d

2335 433 2521 491 Niuiee
2547 434 2851 490 submtetur
2876 433 2899 503 (
2918 433 3044 490 Jan.
3072 434 3127 490 3.
3159 435 3193 490 ι
3217 432 3261 507 ).
3292 433 3420 491 Sed
3441 440 3658 489 tamen
3693 438 3993 487 minitans

2331 525 2446 583 Deo
2467 569 2483 594 ,
2501 535 2554 584 et
2577 525 2833 598 propheta
2853 525 3118 582 clamante
3142 566 3160 592 ,
3187 527 3463 582 sententia
3488 523 3868 580 dilationem

2332 618 2563 674 habente
2602 631 2776 688 neque
2799 614 3192 672 distinctionem
3219 617 3259 684 ⁸,
3304 632 3414 672 non
3464 614 3844 672 ceciderunt
3893 625 3931 665 a

2334 712 2437 766 mis
2461 750 2475 774 ,
2507 725 2677 781 neque
2705 711 2871 765 bonas
2898 724 3020 780 spes
3048 709 3414 779 perdiderunt.
3466 709 3822 776 PrOpterea
3855 704 3961 781 enj

2335 799 2729 855 distinctionem
2761 815 2866 854 non
2894 798 3137 869 apposuit
3167 839 3184 864 ,
3224 812 3397 868 neque
3440 795 3603 852 dixit
3632 836 3651 861 ,
3691 793 3946 850 Pmnite

2336 890 2461 945 tiam
2489 892 2535 944 si
2562 891 2804 960 egerint,
2836 889 3191 945 servabuntur
3220 904 3234 942 :
3263 903 3372 957 quo
3393 897 3448 943 et
3491 886 3615 956 ipsi
3661 884 3859 939 latam

2336 984 2655 1039 sententiam
2685 983 2801 1037 sine
2819 981 3158 1037 distinctione
3179 980 3457 1036 audientes
3484 1018 3504 1045 ,
3541 989 3753 1046 neque
3782 975 3880 1031 sic
3909 975 3988 1043 sp

2334 1073 2585 1128 cadamus
2608 1113 2622 1137 ,
2656 1072 2747 1126 sed
2792 1071 2858 1125 ad
2898 1070 3023 1138 illud
3059 1071 3359 1140 exemplum
3394 1067 3801 1138 respicientes
3829 1105 3848 1128 ,
3890 1079 4024 1152 nol}

2335 1163 2700 1231 desperemus.
2735 1161 2914 1232 Neque
2947 1161 2997 1214 in
3024 1176 3089 1215 eo
3125 1160 3298 1215 solum
3339 1159 3533 1214 videre
3574 1166 3678 1212 est
3726 1148 4017 1232 Πεὶό

2338 1254 2589 1310 mentiam
2615 1254 2794 1322 ,.quod
2819 1254 3098 1307 sententias
3126 1251 3265 1306 nulla
3288 1249 3530 1305 adhibita
3556 1247 3706 1302 disti

2339 1356 2512 1401 tamen
2558 1344 2935 1414 paenitentibus
2976 1342 3348 1397 reconciliatus
3386 1329 3494 1404 sit;

2338 1437 2495 1492 etiam
2520 1435 2660 1506 quod
2687 1435 2928 1490 absolute
2949 1433 3050 1488 lata
3072 1420 3166 1487 sit.
3182 1431 3317 1486 Nam
3339 1445 3541 1499 augere
3567 1428 3669 1481 vol

2339 1545 2452 1585 rem
2477 1570 2492 1595 ,
2526 1530 2894 1598 ingentemque
2922 1524 3131 1579 illorum
3158 1522 3435 1592 segnitiem
3464 1522 3717 1589 tangere

2341 1620 2811 1689 fecit,.ipsumque
2842 1616 3163 1687 pmnitentia:
3204 1625 3411 1683 tempus
3453 1598 3765 1685 iuel'l‘abi‘l'éi

2340 1710 2571 1766 ostendit
2598 1707 2956 1765 clementiam.
2988 1705 3262 1774 Quomodo
3300 1705 3441 1756 enim
3483 1712 3599 1754 tres
3647 1697 3775 1752 dies

2342 1801 2598 1864 cissent,.
2632 1806 2692 1853 ut
2735 1798 3002 1852 deleretur
3048 1794 3246 1848 malitia
3306 1790 3495 1845 tanta?
3543 1787 3753 1842 Cernis

2343 1893 2501 1946 etiam
2529 1889 2651 1944 inde
2689 1889 2781 1943 Dei
2821 1885 3146 1957 providentia
3172 1880 3467 1953 appareat?
3496 1881 3621 1950 plus
3650 1877 3807 1933 enim
3837 1874 3949 1935 bas.

2346 1981 2412 2036 ad
2443 1982 2562 2047 ejus
2590 1979 2735 2033 urbis
2772 1980 2995 2031 salutem
3024 1974 3266 2028 contulit.
3928 1962 3937 2001 ῖ

2418 2070 2709 2138 Desperuno
2730 2069 2882 2123 totum
2903 2065 3107 2120 diaboli.
3132 2094 3203 2106 -—
3225 2064 3348 2117 llaec
3372 2063 3529 2133 igitur
3541 2061 3791 2116 scientes
3816 2096 3832 2121 ,
3853 2070 3948 2126 spe

2350 2158 2933 2230 nutnquam‘cadamus.
2968 2158 3146 2226 Neque
3179 2156 3318 2209 enim
3345 2154 3508 2207 ullum
3535 2151 3679 2205 adeo
3712 2146 3945 2203 validum

2346 2264 2424 2307 est
2450 2253 2609 2306 telum
2631 2250 2861 2315 diabolo,
2882 2264 2943 2304 ac
2962 2249 3259 2317 desperatio
3283 2264 3296 2311 ;
3320 2245 3517 2299 idcirco
3536 2258 3718 2312 neque
3736 2249 3847 2293 tam
3864 2239 3949 2290 la:-

2351 2354 2459 2398 tum
2476 2357 2597 2398 eum
2620 2351 2896 2411 peccantes
2928 2339 3381 2404 reddimus,qnam
3408 2335 3784 2404 desperantes.
3808 2330 3846 2383 Α
3857 2326 3942 2382 udi

2351 2439 2401 2489 in
2424 2434 2880 2501 fornicante,quod
2916 2434 3028 2499 plus
3048 2444 3203 2499 quam
3223 2436 3493 2497 peccatum
3511 2425 3725 2478 Paulus
3751 2420 3943 2486 despe-

2353 2528 2607 2582 rationem
2634 2524 2887 2579 timuerit.
2910 2522 3195 2578 Corinzhiis
3212 2520 3352 2573 enim
3378 2517 3616 2571 scribens
3633 2516 3715 2568 sic
3736 2511 3903 2579 inquit
3925 2525 3940 2560 :

2359 2620 2577 2672 Omnino
2604 2616 2881 2670 auditurin
2914 2616 3047 2666 vobis
3094 2612 3391 2680 (emutatio,
3432 2620 3477 2661 et
3534 2607 3646 2661 tatis
3690 2620 3807 2674 qua:
3856 2617 3943 2653 nec

2356 2714 2482 2765 inter
2506 2719 2673 2778 gentes
2701 2707 3021 2777 nominatnrt
3050 2704 3065 2756 ι
3093 2704 3207 2756 Cor.
3231 2704 3281 2757 ὅ.
3310 2704 3333 2754 ἰ
3362 2702 3400 2769 ).
3429 2699 3542 2753 Non
3568 2697 3702 2751 dixit
3727 2736 3740 2759 ,
3773 2694 3938 2759 Quam

2358 2817 2457 2856 nec
2514 2802 2565 2854 in
2617 2800 2859 2868 gentibus
2907 2796 3141 2856 audent,
3197 2794 3329 2855 sed,
3374 2791 3550 2858 Neque
3596 2786 3934 2850 nominatur;

2358 2893 2496 2962 quod
2524 2893 2604 2945 vui
2635 2892 2846 2944 nomine
2883 2890 3056 2941 solum
3088 2887 3187 2939 illis
3215 2882 3543 2937 intolerabile
3578 2892 3657 2933 εει
3684 2919 3699 2940 ,
3750 2877 3801 2929 id
3840 2874 3938 2942 ipsi

2360 2998 2520 3050 opere
2548 2985 2657 3035 ausi
2690 2982 2831 3034 estis.
2867 2980 2931 3031 lt‘t
2958 2996 3042 3032 ros
3079 2978 3243 3044 inﬂati
3294 2976 3406 3029 estis
3448 2972 3624 3044 (Ibid.
3652 2989 3702 3023 ιο.
3728 2970 3763 3022 '2
3792 2968 3849 3035 )?
3879 2966 3940 3018 lit

2362 3090 2465 3127 non
2494 3074 2624 3127 dixit
2650 3115 2663 3135 ,
2698 3072 2787 3126 llle
2818 3072 3025 3124 inﬂatus
3056 3080 3135 3121 est
3164 3086 3175 3119 :
3222 3067 3313 3119 sed
3348 3082 3467 3119 eum
3493 3107 3527 3129 ,.
3547 3064 3633 3131 qui
3680 3073 3936 3129 peccare-

2361 3175 2443 3219 rat
2468 3206 2481 3227 ,
2506 3164 2775 3217 dimittens
2795 3203 2807 3221 .
2836 3176 2994 3216 sanos
3021 3161 3300 3227 alloquitur
3327 3177 3337 3209 :
3366 3154 3808 3225 quemadmodum
3831 3164 3937 3203 litt)

2367 3257 2467 3311 dici
2526 3254 2761 3317 faciunt,
2799 3266 2970 3321 aegros
3019 3251 3343 3303 dimittentcs
3371 3290 3387 3309 ,
3431 3246 3569 3312 apud
3620 3242 3938 3312 propinquos

2370 3349 2547 3415 plures
2575 3358 2849 3400 sermones
2882 3342 3094 3395 habent.
3130 3341 3371 3404 Alioquin
3412 3337 3461 3389 hi
3489 3338 3667 3388 omnis
3687 3342 3935 3395 arrogans

2372 3442 2456 3493 ιὶιθ
2501 3439 2577 3493 illi
2613 3447 2856 3490 auctores
2894 3442 3043 3487 erant
3069 3474 3081 3495 ,
3120 3432 3260 3498 quod
3300 3443 3417 3481 eum
3462 3442 3565 3479 non
3614 3423 3938 3490 corriperent

2371 3544 2471 3583 nec
2522 3535 2804 3581 terrerent.
2864 3523 3076 3578 Crimen
3121 3522 3276 3587 igitur
3320 3528 3597 3571 commune
3639 3511 3799 3575 fecit,
3837 3520 3936 3576 quo

2374 3620 2540 3673 facilis
2564 3618 2766 3671 curatio
2796 3614 3027 3667 vulneris
3054 3619 3213 3666 esset.
3241 3610 3409 3663 Grave
3430 3606 3639 3675 quidem
3673 3608 3936 3671 peccatum

2373 3722 2455 3766 est
2476 3751 2493 3778 ,
2524 3708 2617 3763 sed
2643 3708 2809 3761 multo
2838 3706 3046 3775 gravius
3072 3703 3235 3754 altum
3259 3714 3445 3769 sapere
3470 3699 3519 3750 in
3551 3702 3786 3764 peccato.
3814 3689 3934 3744 Nam

2375 3802 2423 3855 si
2451 3801 2517 3854 de
2548 3798 2749 3867 iustitia
2799 3795 2970 3857 inllari
2996 3836 3009 3859 ,
3059 3792 3274 3861 iustitia:
3313 3790 3381 3842 sit
3421 3784 3737 3840 eraeuatio:
3784 3782 3938 3835 multo

2380 3889 2546 3959 magis
2589 3887 2640 3941 id
2684 3888 2733 3940 in
2776 3882 3005 3951 peccatis
3041 3882 3083 3933 si
3128 3878 3431 3945 contingat,
3472 3874 3753 3928 maximam
3798 3869 3939 3925 nobis

2375 3981 2635 4050 iaetnram
2666 3976 2850 4030 inferet
2877 4015 2891 4039 ,
2920 3984 3079 4039 atque
3109 3971 3235 4037 ipsis
3268 3967 3498 4037 peccatis
3538 3964 3707 4032 majus
3747 3963 3935 4018 crimen

2383 4072 2558 4128 literit.
2588 4072 2869 4139 Propterea
2902 4066 3067 4133 inquit
3098 4082 3111 4118 :
3144 4062 3268 4117 Cum
3297 4059 3462 4113 omnia
3503 4071 3615 4125 qm:
3647 4054 3940 4126 prtrcipiim-

2385 4176 2466 4218 tur
2510 4164 2643 4217 vobis
2669 4204 2684 4226 ,
2729 4159 2980 4230 feceritis,
3025 4156 3173 4208 dicite
3213 4154 3330 4221 quia
3375 4150 3498 4204 servi
3543 4148 3740 4201 inutiles
3784 4158 3940 4199 suum;

2368 4254 2554 4327 '(Luc.
2585 4255 2666 4307 l7.
2698 4249 2834 4321 {0).
2886 4250 2939 4303 Si
2997 4248 3137 4302 enim
3165 4259 3295 4309 eos,
3346 4242 3433 4310 qui
3482 4240 3659 4294 omnia
3719 4238 3938 4295 iaciunt.

2387 4348 2614 4414 dejicere
2670 4358 2728 4399 se
2772 4349 2979 4410 oportet
3024 4356 3037 4392 :
3077 4339 3241 4391 multo
3290 4336 3454 4404 magis
3511 4341 3565 4386 et
3624 4340 3937 4401 peceatorem

2390 4440 2516 4495 ﬂere
2588 4436 2770 4496 decet,
2825 4441 2878 4486 et
2922 4431 3157 4485 intimum
3222 4441 3339 4481 sese
3384 4425 3618 4477 omnium
3678 4422 3938 4475 existinm-

2392 4548 2469 4586 re.
2535 4529 2592 4584 ld
2648 4528 2824 4595 itaque
2868 4521 3186 4586 ostendens,
3251 4528 3373 4571 tunc
3412 4515 3578 4579 dixit,
3634 4511 3697 4565 Et
3726 4529 3823 4565 non
3850 4526 3941 4563 tuac

2391 4625 2466 4693 gis
2510 4619 2714 4691 ﬂevistis
2774 4617 2791 4684 (
2835 4616 2886 4669 Ι.
2934 4612 3051 4667 Cor.
3100 4613 3153 4664 5.
3197 4609 3234 4663 2
3272 4607 3333 4677 )1
3390 4604 3525 4672 Quid
3589 4602 3765 4658 dicis?
3827 4601 3945 4693 alter

2395 4690 2647 4781 peccavit,
2708 4717 2759 4761 et
2805 4720 2903 4773 ego
2949 4700 3204 4772 plorabo?
3265 4698 3375 4758 ita,
3438 4695 3605 4764 inquit
3650 4711 3665 4745 :
3723 4690 3957 4763 corporis.

2394 4805 2533 4857 enim
2619 4808 2671 4853 et
2730 4796 3085 4851 membrorum
3138 4790 3381 4859 exemplo
3460 4797 3642 4863 mutuo
3704 4781 3947 4853 compacti

2396 4905 2619 4952 sumus;
2669 4889 2719 4941 in
2759 4900 2980 4956 corpore
3022 4894 3203 4935 autem
3242 4877 3447 4933 tametsi
3494 4891 3587 4945 pes
3614 4876 3805 4931 vulnus
3832 4874 3951 4927 acci-

2398 4987 2523 5056 piat,
2568 4982 2712 5036 bumi
2741 4988 2897 5047 caput
2925 4976 3165 5030 inclinari
3189 4974 3448 5027 videmus.
3484 4970 3547 5025 Et
3570 4969 3693 5040 quid
3721 4984 3787 5023 eo
3808 4981 3950 5023 vene-

3531 1359 3643 1394 seu

3775 1659 3933 1777 τ

2304 5104 2324 5114 κ
2396 5074 2656 5133 rabilius?
2696 5070 2800 5127 Sed
2829 5080 3000 5123 tamen
3026 5065 3333 5134 dignitatem
3363 5077 3510 5117 suam
3534 5076 3638 5115 non
3663 5060 3809 5113 novit
3830 5058 3952 5111 cala-

2400 5170 2593 5227 mitatis
2634 5176 2872 5235 tempore
2902 5179 2914 5213 :
2944 5162 3079 5214 idem
3101 5169 3154 5214 et
3191 5158 3303 5227 ipse
3333 5156 3434 5210 fac.
3481 5155 3656 5222 Quare
3683 5162 3740 5207 et
3774 5151 3951 5205 Paulus

2399 5264 2683 5325 admonet,
2726 5254 2955 5311 Gaudere
2980 5268 3090 5307 cum
3116 5248 3445 5322 gaudentibus
3464 5285 3478 5302 .
3516 5247 3633 5327 dare
3670 5262 3784 5298 cum
3805 5243 3952 5315 flaui-

2467 5439 2485 5470 ¹
2520 5437 2563 5485 si
2582 5433 2796 5485 sarravio
2817 5428 3040 5480 credatur
3061 5425 3120 5475 ad
3144 5421 3417 5475 Salmasium
3437 5418 3698 5485 scribenti,
3720 5415 3824 5485 loco
3844 5416 3959 5464 vocis

2398 5478 2804 5555 δτεεέίὲξδῖέἑεῐεὲὲ-Ι,
2825 5478 2939 5554 Erice
2962 5480 3575 5555 ἀίδιὺιειὲοηεῐηὲίὲιιίθφιι
3602 5478 3953 5555 ιεωφελιθ

2403 5537 2817 5623 Ξιέθῖιξμῖένῖῖάίῐέί-
2834 5537 3062 5623 "sane
3086 5548 3196 5623 se!»
3210 5548 3277 5623 ,3“
3314 5537 3479 5623 @992

2404 5599 3021 5678 ZEBEZi’o'ﬁutiiE‘qiimmt
3044 5624 3057 5659 :
3083 5599 3312 5678 cancrum
3334 5605 3455 5678 huic
3468 5599 3663 5652 lectioni
3676 5599 3806 5653 favet
3816 5599 3961 5649 serica

2409 5687 2535 5746 ipsa;
2561 5690 2608 5732 et
2633 5672 3029 5741 alioquiu'qmter
3045 5672 3283 5735 repetitur
3302 5680 3411 5726 vox,
3438 5672 3630 5729 dumdu.
