4190 6322
730 395 831 451 991

1422 387 1476 441 S.
1511 383 1795 441 JOANNIS
1832 372 2321 441 CHRYSOSTOM
2360 378 2677 435 ARCHIEP.
2719 378 3265 438 CONSTANTINOP.

3877 388 3990 445 25'!

728 502 899 573 ὑμῶν
934 505 965 554 ὀ
997 500 1055 553 τὸ
1082 466 1260 567 ἔλαιον
1307 498 1480 550 τοῦτο
1539 498 1835 564 ποιήσας;
1879 497 1991 551 Οὐκ
2023 491 2157 550 είπεη
2193 493 2304 547 Καὶ
2403 492 2932 565 πλεονεκτηθῶμεν
2979 492 3097 548 ὑπὸ
3132 490 3237 546 τοῦ
3301 489 3532 546 Σατανᾶ
3558 509 3571 523 ⁸
3602 491 3882 559 πλεονεξία
3916 499 3986 552 δὲ

731 583 849 654 οὒχὶ
887 580 1085 652 μᾶλλον
1123 579 1510 643 ἐσπουδάσατε,
1552 578 1690 633 ἀλλά
1725 580 1808 645 τί;
1853 580 1999 647 Οὐχί
2054 573 2299 645 μᾶλλον

728 663 1117 730 ἐπενθήσατε,
1146 661 1222 725 ὡς
1252 662 1405 714 νόσου
1436 660 1622 730 κοινῆς
1657 661 1751 715 καὶ
1793 659 1979 730 λοιμοῦ
2012 658 2110 728 τὴν
2143 656 2299 710 πόλιν

726 745 1147 807 καταλαϐόντοςο
1180 743 1463 813 μονονουχὶ
1492 743 1689 812 λέγων·
1716 743 1896 813 Εύχῆς
1924 741 2018 795 zeal
2047 738 2299 810 ἐξομολο-

722 831 934 898 τήσεως
992 825 1073 879 δεῖ
1133 826 1227 877 zeal
1256 825 1554 895 ἱκετηρίας,
1606 824 1691 877 ἵνα
1719 825 1781 876 τὸ
1808 822 2021 892 νόσημα
2048 821 2294 891 ἀπελαοῇ

721 912 822 981 τῆς
854 910 1066 972 πόλεως.
1089 908 1325 978 ἀπάσης.
1368 908 1529 977 Ὁρᾷς
1555 909 1716 960 πόσον
1749 906 1935 968 αὐτοῖς
1972 902 2138 973 φόϐον
2201 904 2296 954 ἐπ-

719 994 1058 1066 εκρέμασεν;
1105 990 1321 1058 Ἐπειδὴ
1338 990 1443 1057 γάρ
1473 988 1721 1057 ἐνόμιζον
1750 987 1940 1058 μέχρις
1964 986 2172 1039 ἐκείνου
2200 985 2297 1055 μό-

718 1093 808 1130 νον
833 1075 1052 1129 ἐστάναι
1076 1072 1137 1125 τὸ
1177 1070 1368 1130 δεινὸν.
1396 1069 1721 1137 ἐναγωνίους
1768 1070 1965 1131 αὐτοὺς
2003 1067 2292 1137 καθίστησι

718 1158 891 1226 λέγων
913 1174 928 1188 ο
961 1156 1084 1208 οὐκ
1135 1152 1335 1207 οῖδατε
1381 1151 1467 1205 ὅτι
1496 1150 1679 1219 μικρὰ
1712 1149 1856 1220 ζύμη
1906 1150 2056 1205 ὅλον
2083 1150 2150 1203 τὸ
2184 1150 2293 1218 φύ-

712 1253 867 1309 ραμα
924 1234 1132 1305 ζυμοῖς
1172 1236 1236 1288 Ὃ
1265 1235 1321 1287 δὲ
1374 1234 1520 1303 λέγει
1566 1234 1804 1287 τοιοῦτόν
1838 1236 1986 1286 ἐστιν
2008 1251 2021 1264 ·
2070 1231 2204 1303 ⁸0δῷ
2232 1231 2293 1284 τδ

716 1320 882 1373 κακὸν
920 1317 1155 1389 βαδίζον,
1210 1319 1303 1371 zeal
1355 1318 1460 1370 τῶν
1504 1317 1705 1371 λοιπῶν
1740 1317 1934 1385 ἅψεται
1973 1317 2180 1389 μελῶν·
2216 1315 2292 1379 ὡς

714 1402 854 1472 ὑπὲρ
881 1399 1076 1455 κοινῶν
1095 1400 1275 1453 τοίνυν
1294 1399 1479 1451 κακῶν
1500 1399 1936 1470 βουλευομένους,
1959 1398 2101 1452 οὕτω
2131 1414 2292 1468 φρον-

711 1483 880 1547 τίζειν
942 1484 1069 1555 χρή.
1122 1482 1214 1554 Μὴ
1264 1482 1372 1552 γάρ
1427 1500 1515 1551 μοι
1563 1482 1723 1535 τοῦτο
1749 1483 1931 1553 εἴπῃς,
1964 1483 2047 1535 ὅτι
2085 1483 2290 1544 ἐκεῖνος

706 1570 927 1641 ἥμαρτε
989 1567 1167 1637 μόνος,
1222 1566 1335 1618 ἀλλ’
1362 1569 1535 1619 ἐκεῖνο
1586 1568 1797 1630 σκόπει,
1821 1568 1903 1619 ὅτι
1940 1565 2185 1635 σηπεδὼν
2205 1565 2290 1628 τίς

709 1659 825 1706 ἐστι
845 1649 905 1701 τὸ
923 1648 1114 1712 δεινὸν,
1146 1649 1239 1701 zeal
1267 1648 1326 1701 τὸ
1347 1648 1531 1701 λοιπὸν
1559 1648 1704 1701 ἆπαν
1752 1649 2066 1718 ἐπινέμεται
2105 1646 2286 1717 σῶμα.

711 1730 822 1786 Kal
849 1728 1102 1800 καθάπερ
1130 1730 1307 1792 οἰκίας
1346 1730 1661 1800 καιομένης.
1692 1730 1786 1783 zeal
1813 1730 1863 1782 οἱ
1893 1728 2117 1799 μηδέπω
2136 1728 2289 1792 δεξά-

713 1830 863 1885 μενοι
888 1813 949 1866 τὸ
982 1813 1169 1876 κακὸν,
1201 1812 1308 1865 τῶν
1336 1812 1503 1865 όντων
1540 1813 1598 1865 ἐν
1628 1815 1692 1882 τῇ
1724 1813 1979 1883 συμφορᾷ
2000 1812 2100 1864 οὐκ
2128 1810 2286 1863 ἐλατ-

706 1895 796 1948 τὸν
823 1893 1133 1963 ἐπείγονται
1176 1895 1271 1949 zeal
1302 1895 1478 1949 πάντα
1528 1894 2000 1964 συνεισφέρουσιν,
2036 1892 2177 1947 ὥστε
2210 1892 2285 1964 μὴ

704 1976 767 2027 τὸ
797 1975 907 2046 πῦρ
936 1976 1286 2046 ἐπειγόμενον
1312 1977 1406 2029 καὶ
1427 1977 1518 2028 ἐπὶ
1536 1976 1633 2038 τάς
1665 1976 1842 2028 αὐτῶν
1876 1975 2045 2046 θύρας
2075 1975 2205 2047 ἐλθῃ
2223 1988 2249 2015 ι
2267 1992 2281 2007 ·

706 2060 849 2116 οὕτω
876 2059 967 2112 καὶ
1010 2057 1233 2121 τούτους
1274 2060 1302 2111 6
1342 2056 1549 2120 Παῦλος
1594 2057 1849 2127 διεγείρει
1888 2058 2094 2125 λέγων·
2130 2056 2287 2127 Πυρά

705 2140 791 2202 τίς
814 2144 950 2206 ἐστι,
1009 2139 1513 2211 προκαταλάϐωμεν
1544 2139 1607 2193 τὸ
1633 2140 1803 2193 δεινόν
1823 2156 1838 2171 ·
1878 2140 2160 2211 σϐέσωμεν
2193 2140 2285 2192 τὸν

708 2222 1054 2294 ἐμπρησμὸν,
1104 2221 1297 2294 πρὶνή
1334 2220 1657 2274 καταλαϐεῖν
1699 2220 1796 2290 τὴν
1841 2221 2201 2292 Ἐκκλησίανο
2234 2223 2283 2274 εί

708 2308 1140 2375 δὲκαταφρονεῐς
1168 2305 1266 2375 τῆς
1314 2304 1588 2375 ἀμαρτίας
1616 2303 1691 2366 ὼς
1743 2305 1801 2356 ἐν
1830 2302 2093 2376 ἀλλοτρίῳ
2124 2319 2281 2371 γενο-

712 2388 875 2461 μένης
904 2385 1137 2456 σώματι,
1167 2386 1399 2457 μάλιστα
1444 2386 1542 2455 μέν
1573 2385 1667 2439 zeal
1696 2383 1841 2439 οὕτω
1866 2385 2050 2449 κακῶς
2068 2401 2084 2415 ο
2122 2385 2283 2455 μέλος

707 2472 814 2542 γάρ
835 2472 951 2524 ἐστι
980 2470 1073 2524 τοῦ
1098 2470 1297 2532 παντὸς
1326 2467 1575 2539 σώματος
1595 2470 1819 2533 ἐκεῖνος.

774 2561 843 2624 γ’.
875 2554 1021 2624 Πλὴν
1046 2553 1158 2607 ἀλλ’
1181 2554 1360 2607 ἐκεῖνο
1388 2552 1598 2618 σκόπει,
1622 2553 1703 2607 δτι
1734 2552 1800 2606 ἂν
1833 2551 2156 2626 ρᾳθυμήσῃς
2187 2553 2282 2607 zeal

708 2635 955 2708 παρίδῃς,
984 2636 1077 2690 zeal
1103 2636 1163 2688 σέ
1199 2634 1572 2705 καταλήψεταί
1604 2650 1754 2689 ποτε.
1791 2635 1956 2688 ’Ὥστε
1988 2638 2036 2688 εί
2077 2635 2171 2687 zeal
2205 2633 2280 2703 μὴ

699 2719 788 2773 ea;
849 2719 939 2772 τὸν
984 2716 1230 2787 ἀδελφὸν,
1273 2716 1360 2770 διὰ
1409 2716 1539 2784 γοῦν
1586 2716 1779 2770 σαυτὸν
1826 2715 2155 2787 διεγέρθητι,
2188 2716 2282 2768 καὶ

707 2800 1017 2856 ἀνάστειλον
1070 2800 1163 2853 τδν
1215 2800 1424 2870 λοιμὸν,
1468 2799 1564 2853 καὶ
1599 2801 1949 2872 προκάτασχε
1980 2800 2079 2871 τὴν
2114 2814 2282 2870 σηπεο

704 2886 850 2945 δόνα,
881 2884 975 2936 zeal
996 2882 1095 2953 τὴν
1121 2882 1292 2953 νομὴν
1320 2882 1592 2951 διάκοψον.
1654 2882 1840 2937 Ταῦτα
1878 2882 2054 2936 τοίνυν
2090 2882 2183 2935 zeal
2215 2880 2281 2933 τά

704 2966 926 3022 πλείονα
950 2965 1154 3018 τούτων
1177 2964 1366 3031 είπὼν,
1396 2966 1491 3018 zeal
1526 2965 1785 3028 κελεύσας
1810 2965 2142 3036 παραδοῦναι
2180 2962 2278 3015 αύ-

705 3050 795 3103 τδν
828 3048 906 3120 τῷ
949 3048 1184 3119 Σατανᾷ,
1220 3048 1384 3118 φησὶν
1442 3046 1688 3119 ὕστερον,
1718 3047 1899 3119 ἐπειδὴ
1953 3046 2280 3118 μετεϐάλετο

704 3134 797 3185 καὶ
820 3130 1038 3201 βελτίων
1070 3131 1285 3199 ἐγένετο
1299 3146 1314 3161 ⁸
1339 3130 1576 3184 Ἱκανὸν
1596 3129 1674 3195 τῷ
1703 3132 1946 3197 τοιούτῳ
1966 3132 2002 3197 ἡ
2019 3130 2280 3198 ἐπιτιμία

705 3214 853 3281 αὕτη
876 3215 912 3282 ἠ
948 3214 1060 3268 ὑπὸ
1090 3212 1209 3266 τῶν
1240 3212 1561 3266 πλειόνων·
1591 3210 1895 3278 κυρώσατε
1920 3208 2033 3267 οὖν
2057 3214 2144 3276 είς
2173 3214 2278 3264 αὺ-

705 3296 810 3348 τὸν
840 3294 1099 3364 ἀγάπην.
1140 3294 1357 3364 Ἐπειδὴ
1395 3293 1502 3365 γὰρ
1547 3294 1704 3347 αὑτὸν
1739 3292 1913 3347 κοινδν
1953 3294 2144 3364 ἐχθρὸν
2183 3294 2275 3345 καὶ

704 3376 959 3446 πολέμιον
989 3375 1317 3445 κατέστησεν
1355 3378 1524 3429 ἀπασι
1574 3376 1668 3427 zeal
1701 3377 1798 3445 τῆς
1835 3374 2032 3444 ἀγέλης
2059 3374 2274 3437 ἐξέϐαλε

703 3457 901 3511 καὶτοῦ
916 3456 1166 3527 σώματος
1181 3456 1475 3526 ἀπέκοψεν,
1497 3456 1598 3527 ὅρα
1615 3456 1753 3525 πόσῃ
1768 3455 2030 3525 κέχρηται
2047 3456 2272 3527 σπουδῇ,

701 3540 839 3593 ὥστε
895 3539 1151 3610 κολλῆσαι
1198 3541 1292 3592 zeal
1348 3538 1578 3610 συνάψαι
1634 3538 1794 3591 πάλιν
1824 3539 2007 3591 αὐτόν.
2047 3540 2121 3593 Ού
2166 3542 2275 3611 γάρ

702 3620 855 3676 εἶπεν
869 3639 881 3654 ·
907 3624 1255 3696 ’Δγαπήσατε
1268 3624 1431 3681 αὐτὸν
1443 3622 1648 3685 ἀπλῶς.
1667 3623 1826 3684 ἀλλά.
1846 3621 2163 3690 ΚιῬώσατε
2187 3626 2272 3689 είς

702 3703 891 3757 αὑτὸν
906 3702 1164 3775 ἀγάπην,
1192 3699 1436 3755 τουτέστι
1477 3699 1718 3771 βεϐαίαν,
1757 3705 1849 3756 καὶ
1878 3704 2129 3775 ἀκίνητον
2154 3706 2275 3757 ἐπι-

701 3782 949 3849 δείξασθε
994 3784 1093 3853 τὴν
1133 3773 1333 3853 φιλίαν,
1366 3784 1575 3855 θερμήν
1616 3802 1739 3838 τινα
1788 3787 1881 3839 zeal
1923 3773 2150 3850 ζέουσαν
2180 3789 2272 3841 zeal

703 3864 1123 3936 πεπυρωμένην,
1166 3867 1488 3936 ἀντίρροπον
1531 3867 1627 3935 τῆς
1671 3868 1938 3938 προτέρας
1982 3868 2272 3938 ἀπεχθείας

700 3949 800 4020 τὴν
824 3947 1034 4002 εὖνοιαν
1068 3950 1407 4018 είσαγάγετε.
1444 3950 1509 4001 Τί
1547 3950 1804 4018 γέγονενς
1844 3951 1963 4003 είπέ
2003 3968 2122 4021 μοι·
2151 3954 2271 4023 οὐχὶ

700 4032 778 4101 τῷ
818 4032 1031 4111 Σατανᾷ
1076 4032 1396 4102 παρέδωκας
1429 4032 1627 4096 αύτόν;
1662 4032 1792 4095 Ναὶ,
1824 4033 2007 4102 φησὶν,
2039 4034 2151 4087 ἀλλ’
2172 4037 2270 4106 οὐχ

702 4116 790 4169 ἵνα
822 4117 960 4190 μένῃ
986 4118 1043 4169 ἐν
1067 4119 1188 4179 ταῖς
1232 4115 1325 4169 τοῦ
1368 4116 1580 4169 Σατανᾶ
1608 4118 1816 4187 χερσὶν,
1847 4116 1962 4169 ἀλλ’
1991 4118 2077 4170 ἵνα
2094 4118 2270 4172 ἀπαλ-

698 4196 837 4269 λαγῇ
864 4198 1070 4269 ταχέως
1086 4197 1248 4252 αὐτοῦ
1264 4198 1361 4268 τῆς
1383 4198 1714 4269 τυραννίδος.
1745 4198 1882 4250 Ἀλλ’
1904 4199 2041 4269 ὅπερ
2062 4198 2267 4273 ελεγι,⁵

702 4281 893 4333 σκόπει
940 4280 1056 4342 πῶς
1116 4280 1321 4333 δέδοικε
1374 4279 1470 4351 τὴν
1523 4280 1829 4350 ἀπόγνωσιν
1858 4282 1885 4333 6
1920 4281 2152 4345 Παῦλος,
2195 4283 2269 4346 ὠς

703 4365 845 4433 μέγα
867 4362 1028 4415 ὅπλον
1060 4360 1153 4415 τοῦ
1186 4362 1461 4415 διαϐόλου”
1493 4362 1660 4416 εἰπὼν
1678 4363 1806 4434 γὰρ.
1837 4365 2156 4430 Κιυςώσατε
2181 4369 2268 4432 είς

697 4444 885 4499 αὐτόν
901 4445 1159 4514 ἀγάπην,
1200 4447 1293 4498 zeal
1324 4444 1419 4516 τὴν
1442 4447 1949 4519 αἱτίανπροστίθησι
1970 4465 1983 4479 ο
2019 4449 2114 4515 Μή
2142 4466 2268 4516 πως

697 4527 772 4598 τῇ
798 4528 1190 4597 περισσοτέρᾳ
1233 4529 1395 4597 λύπῃ
1430 4529 1732 4599 καταποθῇ
1778 4534 1811 4584 ό
1854 4531 2136 4598 τοιοῦτος.
2179 4533 2267 4586 Ἐν

696 4614 762 4683 τῇ
787 4614 1024 4681 φάρυγγι
1050 4610 1143 4664 τοῦ
1176 4611 1359 4675 λύκου,
1388 4612 1572 4682 φησὶν,
1600 4614 1715 4665 ἐστὶ
1732 4614 1793 4665 τὸ
1817 4613 2084 4683 πρόϐατον
2100 4633 2112 4645 ·
2131 4614 2266 4685 φθά-

697 4710 878 4765 σωμεν
903 4694 1094 4751 τοίνυν.
1115 4694 1614 4765 προεξαρπὰσωμεν
1645 4696 1671 4736 δ
1689 4698 1815 4768 πρὶν
1840 4698 1870 4767 ἢ
1904 4699 2142 4769 καταπίῃ
2170 4700 2265 4752 zeal

693 4776 976 4849 διαφθείρῃ
1021 4776 1081 4829 τὸ
1109 4776 1267 4846 μέλος
1304 4776 1476 4846 ήμῶν.
1526 4778 1611 4829 Ἐν
1658 4778 1935 4850 κλυδωνίῳ
1983 4781 2077 4834 νῦν
2114 4785 2263 4835 ἐστιν

695 4864 728 4932 ή
752 4860 903 4925 ναῦς,
935 4860 1039 4932 πρὸ
1066 4858 1160 4913 τοῦ
1216 4861 1465 4928 ναυαγίου
1515 4860 1770 4915 διασῶσαι
1810 4864 1978 4935 αὐτὴν
2025 4866 2259 4920 σπουδά-

696 4959 896 5013 σωμεν.
928 4942 1192 5013 Καθάπερ
1240 4942 1348 5014 γάρ
1378 4942 1645 5013 θαλάττης
1690 4946 1983 5017 αἰρομένης
2027 4949 2120 5001 καὶ
2163 4966 2258 5003 κυ-

698 5027 881 5095 μάτων
927 5025 1080 5099 [εει]
1126 5027 1388 5081 πάντοθεν
1448 5028 1884 5098 κορυφουμένων,
1931 5030 2257 5103 ὑποϐρύχιον

692 5110 899 5177 γίνεται
923 5110 983 5163 τὸ
1010 5112 1234 5179 σκάφος,
1265 5110 1513 5164 οὕτωκαὶ
1542 5112 1685 5182 ψυχὴ
1714 5113 1812 5183 τῆς
1838 5113 2068 5185 ἀθυμίας
2090 5118 2257 5190 αὐτὴν

694 5192 956 5247 πάντοθεν
1006 5192 1569 5264 περιστοιχιζομένης,
1616 5196 1973 5266 ἀποπνίγεται
2024 5203 2253 5271 ταχέως,

693 5277 787 5331 ἐὰν
819 5278 891 5347 μή
932 5294 1051 5331 τινα
1076 5277 1174 5350 ἔχῃ
1199 5278 1295 5349 τὴν
1315 5280 1472 5348 χεῖρα
1502 5278 1780 5349 ὀρέγοντα,
1804 5283 1897 5334 zeal
1926 5283 1957 5353 ή
1993 5286 2256 5355 σωτήριος

692 5359 786 5411 ἐπὶ
821 5362 932 5423 τοῖς
964 5361 1322 5431 ἁμαρτήμασι
1383 5359 1525 5431 λύπη
1581 5361 1820 5431 ὀλέθριος
1869 5363 1971 5416 ὑπὸ
1992 5366 2092 5435 τῆς
2122 5367 2257 5436 ἀμεο

688 5441 847 5521 τρίας
876 5442 1098 5509 γίνεται.
1132 5444 1243 5497 Καὶ
1263 5444 1361 5513 ὅρα
1401 5444 1515 5507 πῶς
1556 5445 1797 5513 ἀκριϐῶς
1846 5440 2026 5499 εἶπεν·
2053 5449 2113 5500 ού
2146 5449 2253 5521 γὰρ

688 5520 829 5590 εἶπε,
861 5525 952 5596 Μή
998 5526 1251 5597 ἀπολέσῃ]
1286 5526 1445 5580 αὑτὸν
1472 5529 1501 5581 6
1544 5527 1806 5593 διάϐολος,
1839 5529 1973 5582 ἀλλὰ
2015 5532 2099 5598 τί;
2152 5520 2251 5589 Μὴ

749 5661 774 5690 ε
808 5658 895 5691 Alii
922 5660 1052 5691 mm.

750 5661 774 5690 ο
866 5658 877 5669 ’
1020 5660 1052 5691 ’⁸.

750 5719 779 5759 δ
918 5660 1253 5783 ξῖιῖἳῗγευιεε
1280 5720 1463 5773 editum
1506 5722 1663 5774 fuerat
1687 5728 2079 5789 προτρπέσωιιιη.
2111 5732 2239 5782 Ευιτ.

2400 577 2517 628 ἐστι
2539 576 2599 629 τὸ
2630 575 2737 629 τῶν
2780 574 3076 646 ἀλλοτρίων
3111 573 3377 643 ἐφίεσθαι.
3408 575 3631 638 Δεικνὺς
3666 576 3846 628 τοίνυν
3896 577 3981 628 δτι

2396 656 2674 727 ἀλλότριος
2710 655 2873 711 αὐτοῦ
2916 658 3106 727 γέγονε
3144 656 3349 720 λοιπὸν,
3381 658 3474 711 καὶ
3502 658 3600 728 τῆς
3618 658 3711 711 τοῦ
3737 658 3977 730 Χριστοῦ

2398 737 2633 809 ποίμνης
2667 739 2864 791 οίκείον
2886 739 3075 792 ἐαυτὸν
3096 738 3183 791 διά
3208 741 3305 809 τῆς
3330 739 3620 809 μετανοίας
3643 740 3975 810 κατέστησε,

2396 820 2529 889 φησί
2553 835 2569 850 ⁶
2593 819 2689 888 Μὴ
2719 820 3247 888 πλεονεκτηθῶμεν
3274 821 3393 875 ὑπὸ
3419 821 3524 875 τοῦ
3551 819 3805 875 Σατανᾶ.
3847 823 3979 876 Ἐὰν

2394 904 2502 973 γάρ
2539 904 2787 973 κατάσχῃ
2814 902 2999 957 λοιπόν
3025 902 3205 965 αὑτὸν,
3225 904 3493 975 ἡμέτερον
3522 905 3756 975 ἁρπάζει
3788 904 3972 976 μέλος,

2392 984 2454 1037 τὸ
2483 984 2581 1055 τῆς
2606 985 2807 1058 ἀγέλης
2839 984 3103 1057 λαμϐάνει
3137 986 3442 1057 πρόϐατον·
3482 985 3717 1040 ἀπέθετο
3737 988 3847 1057 γὰρ
3875 988 3994 1059 τὴνε

2364 1067 2663 1137 ,ἁμαρτίαν
2688 1068 2777 1123 διὰ
2793 1068 2893 1139 τῆς
2922 1069 3231 1139 μετανοίας.

2459 1148 2630 1214 Εἰδὼς
2665 1152 2843 1205 τοίνυν
2877 1154 2907 1206 6
2946 1151 3174 1215 Παῦλος.
3217 1153 3354 1221 ὅπερ
3380 1152 3634 1222 ἐποίησεν
3659 1154 3690 1206 6
3725 1152 3990 1219 διάϐολος.

2389 1232 2482 1285 ἐπὶ
2506 1231 2601 1286 τοῦ
2643 1233 2839 1300 Ἰούδα,
2856 1234 3030 1287 ἔδεισε
3064 1234 3140 1305 μὴ
3170 1235 3264 1287 zeal
3299 1233 3533 1287 ἐνταῦθα
3556 1234 3619 1287 τδ
3645 1235 3778 1301 αὐτὸ
3808 1236 3976 1304 γένη-

2387 1332 2479 1372 ται
2505 1314 2683 1370 τοῦτο.
2716 1316 2781 1369 Τί
2800 1316 2858 1369 δέ
2879 1315 3134 1387 ἐποίησεν
3159 1317 3250 1369 ἐπὶ
3273 1316 3367 1370 τοῦ
3402 1317 3603 1382 Ἰούδα;
3630 1318 3974 1387 Μετενόησεν

2387 1399 2415 1451 ό
2466 1399 2699 1462 Ἰούδας·
2753 1399 3045 1467 Ἥμαρτον
3072 1399 3209 1472 γὰρ,
3269 1401 3424 1471 φησι,
3476 1400 3784 1469 παραδοὺς
3826 1396 3977 1471 αἷμα

2387 1477 2583 1538 ἀθῶον
2606 1499 2618 1512 ·
2672 1484 2870 1553 ἤκουσε
2917 1482 3027 1537 τῶν
3066 1486 3325 1555 ῥημάτων
3368 1483 3576 1537 τούτων
3619 1486 3649 1536 ό
3685 1484 3932 1547 διάϐολος
3954 1503 3971 1517 ο

2387 1567 2529 1636 ἐγνω
2552 1566 2651 1637 τῆς
2674 1568 2767 1620 ἐπὶ
2793 1566 2855 1621 τδ
2888 1566 3093 1637 βέλτιον
3120 1568 3422 1637 ἀρχόμενον
3448 1566 3569 1621 όδοῦ
3592 1566 3686 1620 zeal
3710 1567 3845 1637 πρὸς
3873 1584 3974 1620 σω-

2386 1651 2582 1721 τηρίαν
2608 1648 2915 1719 βαδίζοντα,
2945 1650 3040 1704 καὶ
3078 1651 3317 1721 ἐφοϐήθη
3338 1650 3435 1721 τήν
3460 1648 3783 1721 μεταϐολήν.
3841 1647 3971 1701 Φιλ-

2386 1732 2693 1802 ἀνθρωπον,
2731 1732 2916 1801 φησιν,
2943 1731 3056 1801 εχει
3087 1732 3354 1803 δεσπότην
3375 1747 3389 1761 ·
3425 1734 3515 1786 ὅτε
3555 1730 3779 1801 ἔμελλεν
3807 1731 3974 1785 αὐτον

2386 1814 2712 1887 προδιδόναι,
2736 1815 3034 1886 ἐδάκρυσεν
3060 1814 3223 1868 αὐτὸν
3242 1815 3337 1868 zeal
3361 1814 3533 1886 μυρία
3569 1813 3969 1884 παρεκάλεσεν

2383 1900 2446 1952 οὺ
2692 1897 2892 1969 μᾶλλον
2929 1896 3293 1968 μετανοοῦντα
3326 1896 3574 1963 δέξεταις
3617 1894 3974 1966 Ἀδιόρθωτον

2383 1981 2511 2036 ϐντα
2567 1982 2926 2051 ἐφειλκύσατο
2976 1980 3071 2033 zeal
3117 1980 3375 2034 ἐκάλεσεν
3401 1997 3415 2011 ·
3460 1980 3522 2033 οὺ
3557 1978 3737 2050 πολλῷ
3768 1979 3988 2050 μᾶλλον

2382 2064 2742 2138 διορθωθέντα
2770 2064 2864 2118 καὶ
2898 2063 2995 2134 τὴν
3040 2062 3315 2134 ἁμαρτίαν
3351 2062 3640 2131 ἐπιγνόντα
3668 2063 3972 2116 ἐπισπάσε-

2381 2164 2506 2212 ται;
2534 2148 2623 2202 διά
2655 2149 2763 2220 γάρ
2816 2148 2973 2201 τοῦτο
3025 2147 3121 2200 zeal
3168 2144 3547 2218 σταυρωθῆναι
3584 2141 3735 2216 ἦλθε.
3772 2145 3819 2199 Τ
3822 2146 3840 2197 e'
3873 2140 3969 2199 οὖν

2380 2231 2670 2301 ἐποίησεν;
2712 2229 3072 2301 Ἐθορύϐησεν
3094 2229 3258 2284 αὐτόν
3276 2247 3289 2260 ·
3323 2229 3592 2283 ἐσκότωσε
3610 2230 3685 2299 τῇ·
3708 2228 3808 2297 τῆς
3835 2228 3969 2282 aeu.

2383 2317 2514 2385 μίας
2546 2308 2845 2387 ύπερϐολῇ,
2882 2313 3121 2381 ἐδίωξεν,
3164 2313 3361 2383 mam
3408 2312 3513 2376 ἕως
3539 2312 3631 2364 ἐπὶ
3652 2310 3745 2364 τδν
3769 2309 3967 2380 βρόχον

2378 2398 2575 2471 ἧγαγε,
2623 2401 2719 2453 zeal
2746 2400 2848 2469 τῆς
2871 2398 3154 2469 παρούσης
3183 2397 3498 2467 ὑπεξήγαγε
3544 2390 3710 2466 ζωῆς.
3737 2393 3835 2448 καὶ
3861 2393 3965 2461 τῆς

2378 2480 2689 2553 προθυμίας
2742 2481 2842 2550 τῆς
2892 2480 3034 2534 κατά
3073 2480 3172 2550 τήν
3232 2478 3520 2549 μετάνοιαν
3565 2475 3961 2547 ἀπεστέρησεν.

2380 2564 2502 2617 Ὀτι
2524 2567 2654 2634 γὰρ,
2696 2565 2747 2617 εί
2774 2563 2894 2634 ἔζη,
2931 2562 3024 2616 zeal
3055 2561 3217 2625 αὑτός
3246 2560 3421 2631 ἐσώθη
3464 2560 3549 2625 ἂν,
3570 2560 3727 2631 δῆλον
3750 2561 3816 2613 ἐκ
3850 2557 3964 2611 τῶν

2381 2648 2843 2713 σταυρωσάντων·
2876 2648 2923 2700 εί
2966 2647 3073 2718 γάρ
3118 2647 3243 2709 τοὺς
3287 2645 3379 2699 ἐπὶ
3408 2644 3499 2698 τὸν
3536 2644 3767 2715 σταυρὸν
3796 2642 3963 2697 αὑτὸν

2378 2730 2810 2794 ἀναϐιϐάσαντας
2851 2730 3042 2797 ἔσωσε,
3096 2730 3189 2782 zeal
3235 2729 3292 2781 ἐν
3348 2726 3496 2798 αὐτῷ
3530 2726 3608 2797 τῷ
3641 2726 3859 2799 σταυρῷ
3874 2724 3964 2803 ,ὧν

2379 2814 2677 2883 παρεκάλει
2720 2814 2810 2868 τὸν
2864 2813 3106 2882 Πατέρα,
3142 2812 3238 2866 καὶ
3273 2810 3604 2882 συγγνώμην
3630 2811 3814 2874 αὐτοῖς
3839 2811 3962 2881 ᾔτει

2378 2894 2471 2948 τοῦ
2494 2895 2859 2965 τολμήματος,
2914 2893 3137 2965 εὔδηλον
3191 2894 3274 2947 ότι
3306 2892 3402 2947 zeal
3444 2892 3536 2946 τὸν
3590 2893 3880 2965 προδόντα,
3911 2893 3962 2945 εί

2377 2979 2526 3049 νόμῳ
2552 2978 2627 3047 τῷ
2648 2981 2975 3048 προσήκοντι
3002 2978 3100 3047 τὴν
3130 2977 3421 3047 μετάνοιαν
3452 2975 3787 3042 ἐπεδείξατο,
3820 2978 3962 3047 μετά

2377 3062 2557 3132 πάσης
2589 3064 2653 3115 ἂν
2703 3063 2987 3132 εέιμενείας
3030 3061 3276 3125 ἐδέξατο⁹
3314 3059 3428 3113 ἀλλ’
3479 3058 3686 3123 ἐκεῖνος
3723 3061 3827 3113 οὐκ
3865 3061 3972 3130 ην,-

2375 3145 2562 3214 έσχετο
2592 3145 2846 3215 ἐμμεῖναι
2890 3143 2967 3214 τῷ
3000 3144 3291 3214 φαρμάκῳ.
3327 3145 3393 3213 τῇ
3425 3142 3788 3213 περισσοτέρᾳ
3812 3142 3971 3216 λύπῃ.

2376 3226 2723 3290 καταποθείς.
2753 3225 2923 3278 Τοῦτο
2946 3225 3124 3277 τοίνυν
3150 3226 3243 3277 zeal
3282 3227 3309 3279 6
3332 3218 3564 3287 Παῦλος
3599 3224 3955 3296 φοϐούμενος,

2374 3310 2584 3377 ἐπείγει
2613 3310 2734 3373 τοὺς
2784 3307 3101 3380 Κορινθίους
3140 3308 3448 3377 ἐξαρπάσαι
3488 3308 3587 3379 τῆς
3616 3309 3900 3377 φάρυγγος
3929 3323 3953 3350 ο

2372 3391 2466 3444 τοῦ
2525 3391 2767 3444 διαϐόλου
2807 3390 2898 3445 τδν
2932 3390 3236 3460 ἄνθρωπον.
3296 3390 3405 3442 Kal
3445 3388 3497 3443 τί
3537 3390 3643 3461 χρὴ
3682 3389 3863 3460 λέγειν
3887 3392 3961 3445 τά

2373 3474 2711 3544 Κορινθίωνς
2738 3474 2942 3543 Πέτρος
2973 3472 3111 3543 μετά
3139 3473 3237 3544 τὴν
3267 3471 3375 3525 τῶν
3410 3472 3722 3545 μυστηρίων
3756 3491 3959 3527 κοινω-

2373 3557 2492 3609 νίαν
2520 3558 2797 3627 ἠρνήσατο
2815 3556 2956 3628 τρὶς,
2971 3556 3067 3611 zeal
3098 3553 3376 3626 δακρύσας
3397 3555 3697 3627 ἀπήλειψεν
3715 3557 3956 3611 ἅπαντα⁵

2373 3637 2585 3701 Παῦλος
2639 3637 2871 3708 διώκτης
2922 3636 2998 3691 ὣν
3044 3638 3136 3691 zeal
3182 3638 3502 3709 βλάσφημος
3538 3639 3631 3693 καὶ
3667 3638 3954 3711 ὑϐριστὴς,

2372 3722 2463 3773 zeal
2487 3722 2608 3790 οὐχὶ
2639 3720 2731 3774 τὸν
2780 3721 3160 3792 σταυρωθέντα
3217 3721 3396 3791 μόνον,
3428 3719 3563 3774 ἀλλά
3605 3723 3700 3774 καὶ
3745 3722 3956 3785 πάντας

2369 3806 2495 3866 τοὺς
2528 3802 2735 3857 ἐκείνου
2756 3802 2985 3868 διώκων,
3017 3806 3374 3875 μετανοήσας,
3419 3803 3713 3866 ἀπόστολος
3737 3804 3950 3871 γέγονε.

2372 3888 2546 3940 Μόνον
2578 3886 2684 3957 γὰρ
2716 3885 2985 3955 πρόφασιν
3017 3889 3046 3939 ό
3072 3886 3203 3950 Θεὸς
3236 3886 3493 3957 βραχεῖαν
3530 3884 3780 3957 ἐπιζητεῖ
3819 3885 3953 3957 παρ’

2371 3969 2548 4041 ήμῶν,
2599 3970 2692 4023 zeal
2743 3970 2953 4022 πολλῶν
3014 3971 3145 4040 ήμῖν
3198 3970 3614 4041 ἁμαρτημάτων
3664 3968 3961 4039 χαρίζεται

2370 4055 2565 4121 ἄφεσιν
2596 4053 2647 4108 ά.
2681 4052 2835 4107 Είπω
2856 4052 2948 4107 zeal
2974 4051 3292 4124 παραϐολὴν
3318 4052 3477 4106 τοῦτο
3503 4052 3634 4106 αὐτὸ
3662 4053 3952 4123 ἐγγυωμέ-

2370 4151 2465 4201 νην
2493 4136 2639 4204 ύμῖν.

2439 4220 2499 4272 δ’.
2532 4218 2636 4272 Δύο
2656 4217 2798 4283 τινες
2811 4214 2952 4289 ἦσαν
2968 4216 3205 4285 ἀδελφοί·
3229 4217 3634 4289 διανειμάμενοι
3651 4218 3708 4273 δέ
3724 4220 3821 4291 τὴν
3840 4236 3947 4275 πα-

2368 4304 2559 4374 τρικὴν
2586 4302 2901 4373 περιουσίαν
2934 4303 3206 4371 ἑκάτεροι,
3228 4303 3257 4354 6
3286 4303 3382 4371 μὲν
3405 4302 3585 4356 αὐτῶν
3608 4302 3823 4374 ἔμεινεν
3850 4306 3950 4359 ἐπὶ

2368 4387 2467 4456 τῆς
2503 4386 2678 4448 οἰκίας
2698 4402 2711 4417 ο
2742 4386 2771 4437 ό
2800 4384 2857 4437 δὲ
2890 4385 3067 4439 πάντα
3103 4383 3174 4436 τά
3209 4384 3429 4439 δοθέντα
3476 4386 3831 4456 καταφαγὼν,
3864 4389 3949 4453 εις

2366 4471 2465 4542 τὴν
2498 4469 2793 4541 ὑπερορίαν
2819 4468 3072 4540 μετέστη,
3098 4469 3198 4540 τὴν
3224 4469 3333 4523 ἀπὸ
3368 4471 3467 4541 τῆς
3494 4472 3683 4535 πενίας
3724 4471 3817 4526 οὒο
3848 4475 3947 4541 e96.

2368 4573 2478 4627 ρων
2525 4554 2801 4625 αἰσχύνην.
2837 4553 3052 4624 Ταύτην
3093 4553 3150 4607 δέ
3179 4553 3279 4625 τὴν
3314 4552 3633 4626 παραϐολὴν
3659 4555 3947 4627 προήχθην

2365 4639 2558 4701 εἰπεῖν,
2614 4638 2699 4691 ἴνα
2730 4636 2959 4707 μάθητε,
2989 4636 3072 4689 ὅτι
3120 4636 3213 4691 zeal
3240 4637 3349 4691 τῶν
3384 4637 3522 4708 μετά
3557 4638 3620 4691 τὸ
3657 4637 3945 4709 βάπτισμα

2366 4720 2773 4791 ἁμαρτημάτων
2811 4719 2959 4772 ἐστὶν
3002 4718 3214 4789 ἄφεσις,
3250 4718 3344 4773 ἐάν
3387 4719 3771 4791 προσέχωμεν·
3794 4720 3945 4787 λέγω

2364 4801 2418 4855 δὲ
2452 4804 2551 4873 οὐχ
2584 4804 2671 4855 ἵνα
2703 4804 2782 4865 είς
2824 4802 3095 4873 ρᾳθυμίαν
3132 4801 3374 4873 ἐμϐάλω,
3409 4802 3525 4857 ἀλλ’
3550 4804 3634 4857 ἰνα
3656 4803 3763 4857 ἀπὸ
3782 4802 3939 4878 [285]

2362 4884 2722 4954 ἀπογνώσεως
2752 4886 3023 4955 ἀπαγάγω
3044 4901 3063 4921 ο
3115 4889 3211 4940 zeal
3250 4886 3358 4957 γάρ
3386 4887 3610 4957 χείρονα
3640 4888 3742 4957 τῆς
3772 4889 3944 4959 ρᾳθυο

2364 4967 2492 5038 μίας
2509 4970 2654 5039 ἡμᾶς
2677 4970 2709 5038 ή
2739 4969 3049 5036 ἀπόγνωσις
3069 4968 3359 5039 ἐργάζεται
3382 4970 3556 5023 κιικά.⁴
3567 4963 3737 5034 Οὗτος
3754 4971 3938 5025 τοίνυν

2357 5058 2387 5109 6
2428 5055 2541 5119 υίὸς
2577 5054 2760 5107 είκόνα
2793 5053 2906 5107 τῶν
2933 5055 3070 5124 μετά
3097 5055 3157 5109 τὸ
3196 5055 3420 5124 λουτρὸν
3443 5057 3596 5127 φέρει
3624 5058 3933 5111 πεσόντων·

2358 5140 2439 5193 ὅτι
2467 5138 2524 5192 δὲ
2576 5138 2702 5201 τοὺς
2738 5136 2875 5207 μετά
2896 5136 2957 5189 τὸ
3004 5137 3288 5209 βάπτισμα
3316 5139 3734 5210 παραπεσόντας
3761 5138 3930 5211 δηλοῖ,

2357 5222 2516 5292 δῆλον
2544 5220 2751 5274 ἐκεέθεν
2769 5236 2784 5251 ⁸
2814 5220 2929 5283 υίὸς
2965 5220 3074 5292 γάρ
3119 5219 3334 5290 λέγεται
3356 5240 3369 5253 ·
3396 5222 3571 5287 ούδείς
3600 5222 3659 5276 δέ
3693 5225 3807 5288 υἱὸς
3835 5224 3930 5296 βα-

2358 5304 2660 5375 πτίσματος
2683 5302 2749 5357 ἂν
2780 5302 3002 5373 κληθείη
3034 5304 3220 5375 χωρίς.
3243 5304 3353 5357 Kal
3390 5305 3489 5375 τὴν
3510 5306 3689 5359 οἰκίαν
3712 5306 3768 5360 δέ
3797 5307 3928 5378 ᾤκει

2356 5388 2454 5459 τὴν
2479 5385 2755 5459 πατρῴαν,
2788 5387 2882 5440 zeal
2902 5385 2971 5439 τά
2996 5386 3225 5458 πατρῷα
3244 5387 3557 5459 διενείματο
3572 5388 3750 5444 πάντα
3771 5406 3786 5421 ·
3820 5390 3924 5462 πρὸ

2419 5618 2441 5645 ε
2470 5615 2561 5665 Alii
2583 5613 2667 5664 τοῦ
2690 5614 2936 5723 φάρυγγος.

2419 5676 2440 5714 ἀ
2465 5680 2602 5723 (ἴοιὶ).
2622 5678 2730 5723 παο’
2770 5678 2903 5723 .ιι.ὦν.
2926 5692 2936 5723 z

2417 5676 2440 5747 οξ
2465 5680 2602 5747 Coll).
2622 5676 2911 5747 παρ’ςίηιίὖνι
2926 5676 3002 5723 καὶ
3026 5678 3378 5747 πάνταόῳίησιν
3398 5679 3575 5747 ᾖμῖντὰ
3586 5682 3918 5747 ἁμαρτήματα.

2422 5744 2441 5769 ⁸⁸
2468 5739 2605 5788 ιλδιιι.
2627 5737 2846 5798 μετέστη
2876 5737 2975 5785 εἶτα
2994 5739 3076 5795 τήν
3095 5739 3189 5789 ἀπὸ
3214 5737 3293 5796 τῆς
3316 5741 3490 5796 πενίας.

3462 5822 3485 5859 /
