4190 6322
244 393 344 447 ⁸381

241 499 329 553 ιω
351 492 531 566 (Rom.
564 490 650 547 £2.
679 487 792 563 l5).
831 487 958 546 Ideo
1001 498 1057 543 et
1094 484 1388 542 Corinthiis
1425 482 1551 537 dicit
1587 502 1600 537 :
1631 480 1696 534 Et
1737 480 1834 532 nan

241 588 400 659 magis
428 585 640 655 ﬂevistis
659 626 672 647 ,
706 592 758 638 ut
788 581 1046 638 tolleratur
1075 578 1140 633 de
1170 578 1333 631 medio
1356 587 1569 630 uestrum
1595 574 1681 644 qui
1711 589 1836 642 Opus

241 681 293 731 id
320 685 509 749 fecerat
537 677 612 745 (l.
643 675 761 731 Cor.
787 675 842 730 5.
867 671 963 746 2)?
990 671 1106 728 Non
1128 671 1279 733 dixit,
1307 669 1371 723 Et
1399 685 1503 722 non
1530 667 1695 736 magis
1721 675 1834 717 stn-

241 770 432 825 duistis
465 769 596 824 :sed
624 767 791 837 quid?
839 765 961 821 Non
998 765 1158 836 magis
1182 763 1420 832 ﬂevistis,
1467 762 1616 830 quasi
1651 758 1836 813 morbo

240 862 512 914 communi
540 869 595 915 et
618 870 770 929 peste
801 858 1070 912 civitatem
1110 852 1600 923 compreltendente
1634 868 1646 902 :
1683 849 1835 920 quasi

242 955 469 1015 diceret,
501 950 754 1008 Oratione
784 965 917 1020 Opus
943 958 1025 1002 est
1052 956 1104 1002 et
1123 945 1458 1002 confessione
1486 953 1537 998 et
1567 944 1832 1012 precibus,

243 1060 350 1112 quo
379 1045 598 1099 morbus
627 1061 657 1098 e
689 1052 794 1097 tota
822 1042 1036 1096 civitate
1077 1040 1321 1109 pellatur.
1375 1038 1529 1091 Vides
1579 1044 1834 1106 quantum

245 1136 329 1190 his
358 1136 565 1190 timoris
593 1134 850 1188 incussit?
875 1132 1006 1187 Nam
1036 1131 1286 1201 quoniam
1315 1129 1569 1197 putabant
1593 1127 1657 1178 ad
1687 1126 1832 1180 illum

242 1227 522 1280 dumtaxat
554 1224 860 1294 pervenisse
885 1221 1079 1276 malum
1112 1235 1174 1274 ac
1199 1219 1502 1273 constitisse
1527 1259 1540 1278 ,
1571 1231 1664 1271 eos
1687 1215 1834 1268 solli-

243 1317 381 1370 citos
403 1315 598 1379 reddit,
622 1313 806 1369 dicens
835 1330 848 1365 :
883 1310 1099 1366 Nescitis
1116 1311 1250 1379 quod
1268 1311 1517 1361 modicum
1536 1311 1834 1377 fermentum

245 1418 402 1462 totam
440 1422 657 1460 massam
699 1405 975 1473 corrumpit
1013 1403 1064 1472 (ι
1102 1402 1218 1456 Cor.
1248 1402 1299 1456 5.
1335 1400 1429 1471 6)?
1475 1398 1626 1468 Quod
1657 1406 1832 1451 autem

243 1500 410 1562 dicit,
444 1499 551 1552 tale
582 1505 662 1552 est
690 1514 704 1551 :
735 1496 930 1549 malum
965 1495 1100 1548 ultra
1139 1491 1434 1561 procedens
1459 1532 1474 1554 ,
1520 1491 1721 1558 reliqua
1751 1499 1833 1539 at-

243 1593 413 1661 tinget
443 1589 682 1643 membra
719 1605 730 1641 :
773 1587 931 1640 veluti
963 1585 1030 1638 de
1064 1582 1334 1638 communi
1368 1582 1509 1635 malo
1553 1580 1838 1632 consulen-

244 1691 354 1743 tes,
401 1681 660 1733 sollicitos
683 1691 776 1738 vos
801 1691 920 1732 esse
949 1676 1121 1730 decet.
1167 1673 1349 1744 Neque
1372 1673 1421 1726 id
1453 1671 1582 1724 mihi
1612 1670 1832 1734 dixetis,

242 1771 384 1840 quod
416 1772 501 1824 ille
525 1770 671 1824 solus
718 1769 989 1838 peccavit,
1039 1765 1133 1820 sed
1169 1764 1299 1820 illud
1329 1762 1606 1818 considera
1629 1803 1644 1825 ,
1693 1760 1833 1830 quod

243 1864 425 1916 sanies
480 1860 726 1931 quaadam
777 1869 859 1914 est
913 1868 1226 1928 peccatum,
1282 1856 1543 1926 reliquum
1594 1853 1836 1921 corporis

235 1953 558 2022 depasceus.
581 1953 657 2006 Ac
678 1952 839 2006 veluti
864 1953 1026 2006 domo
1046 1950 1292 2012 ardente,
1315 1949 1405 2019 qui
1428 1945 1662 2000 nondum
1694 1943 1836 1998 malo

243 2044 530 2109 laeduntur,
565 2044 650 2108 iis,
683 2041 775 2114 qui
800 2045 854 2098 in
881 2043 1027 2098 malo
1057 2052 1200 2107 sunt,
1229 2040 1474 2095 molestia
1504 2054 1607 2094 non
1641 2036 1835 2092 minori

238 2146 582 2204 premuntur,
610 2147 768 2205 atque
796 2137 1045 2190 universa
1068 2135 1386 2200 conferunt,
1416 2148 1521 2202 quo
1548 2148 1615 2187 ne
1641 2144 1836 2200 urgens

243 2229 379 2296 ignis
405 2228 472 2283 ad
513 2222 756 2298 proprias
799 2228 1011 2283 invadat
1038 2229 1226 2283 domos
1252 2247 1265 2283 :
1293 2229 1370 2281 sic
1399 2236 1452 2282 ct
1477 2227 1611 2281 istos
1637 2225 1836 2279 Paulus

242 2321 476 2386 excitat,
528 2321 713 2376 dicens
746 2338 762 2376 :
793 2321 930 2393 Pyra
977 2320 1219 2390 quasdam
1271 2330 1392 2386 est,
1445 2318 1835 2389 prmveniamus

242 2413 440 2466 malum
477 2430 491 2466 :
519 2415 920 2483 exstinguamus
945 2413 1272 2478 incendium,
1306 2413 1613 2483 priusquam
1645 2411 1826 2466 Eccle-

238 2503 375 2556 siam
419 2504 668 2569 invadat;
715 2503 758 2557 si
801 2519 930 2559 vero
972 2505 1271 2574 neglexeris
1312 2511 1622 2573 peccatum,
1673 2500 1834 2556 veluti

243 2596 295 2648 in
347 2595 524 2649 alieno
580 2597 846 2650 exsistens
893 2611 1156 2664 corpore,
1208 2595 1441 2648 maxime
1484 2592 1698 2664 quidem
1752 2592 1834 2646 vel

239 2684 318 2738 sic
353 2684 513 2738 male.
567 2683 660 2740 Ille
686 2686 828 2741 enim
871 2685 1033 2739 homo
1064 2684 1362 2740 membrum
1403 2685 1568 2739 totius
1598 2691 1681 2738 est
1710 2697 1834 2735 cor-

235 2774 408 2842 poris.

311 2866 369 2919 3.
403 2865 599 2920 Verum
623 2876 674 2921 et
701 2867 754 2920 id
782 2868 1085 2935 considera,
1118 2867 1260 2938 quod
1292 2867 1334 2921 si
1363 2868 1643 2938 pigritatus
1671 2866 1835 2920 fueris

204 2971 305 3011 πλεο
332 2959 602 3024 spreveris
626 3000 641 3023 ,
685 2968 735 3012 te
764 2975 976 3028 quoque
1013 2960 1330 3029 quandoque
1369 2959 1786 3027 comprehendet
1817 2973 1830 3008 :

233 3063 409 3116 quare
436 3048 481 3102 si
512 3064 618 3103 non
650 3048 828 3103 fratris
850 3091 862 3112 ,
896 3057 982 3103 tua
1015 3059 1190 3105 tamen
1223 3065 1380 3104 eausa
1409 3049 1678 3104 exciteris.
1731 3047 1834 3101 Re-

233 3143 412 3210 prime
452 3155 688 3212 pestem,
721 3144 924 3198 saniem
953 3159 1177 3211 coerce,
1210 3144 1675 3212 depopulationem
1714 3157 1831 3195 am-

243 3244 389 3302 puta.
417 3235 541 3288 Haec
569 3245 623 3288 et
654 3235 736 3288 his
761 3235 907 3304 plura
934 3235 1137 3300 dicens,
1167 3244 1220 3289 et
1245 3235 1502 3288 mandans
1522 3234 1656 3287 tradi
1685 3234 1830 3286 illum

231 3335 461 3390 satana,
494 3326 724 3395 denique
747 3328 916 3395 inquit
940 3369 955 3393 ,
979 3325 1411 3395 quandoquidem
1434 3340 1747 3386 conversus,
1778 3332 1832 3379 et

236 3417 432 3471 melior
457 3417 628 3472 factus
655 3427 738 3472 est
761 3435 774 3469 :
808 3418 949 3472 Satis
983 3419 1100 3470 huic
1122 3434 1180 3472 ea
1208 3418 1306 3486 fuit
1333 3417 1619 3488 objurgatio
1645 3432 1676 3468 a
1712 3415 1831 3483 plu-

231 3507 376 3560 ribus
403 3523 422 3560 :
453 3508 749 3574 conﬁrmate
791 3509 944 3577 igitur
978 3507 1030 3560 in
1070 3524 1182 3560 eum
1223 3508 1480 3560 caritatem
1510 3506 1586 3579 (‘2.
1625 3505 1743 3559 Cor.
1772 3504 1825 3560 2.

233 3595 314 3667 8).
345 3598 629 3667 Postquam
657 3599 797 3652 enim
829 3613 951 3652 eum
986 3613 1326 3653 communem
1355 3598 1626 3652 inimicum
1659 3608 1709 3651 ct
1737 3597 1831 3651 ad-

229 3691 533 3745 versarium
573 3692 758 3745 statuit
789 3691 1051 3745 universis
1077 3699 1132 3744 et
1159 3705 1189 3744 a
1217 3706 1376 3760 grege
1412 3691 1636 3745 exclusit
1670 3700 1829 3758 atque

231 3797 262 3833 a
303 3797 534 3851 corpore
576 3783 803 3848 recidit,
831 3782 952 3837 vide
977 3793 1178 3851 quanto
1201 3783 1253 3835 in
1281 3799 1402 3835 eum
1433 3783 1598 3836 utitur
1629 3781 1824 3847 Sll‘diO,

229 3881 292 3925 ut
335 3887 458 3925 cum
503 3886 689 3926 rursus
732 3871 1019 3942 conjungat
1058 3882 1113 3930 et
1157 3882 1422 3927 annecmt.
1482 3873 1595 3927 Non
1645 3872 1824 3937 modo,

230 3965 426 4017 Amatc
455 3979 576 4015 cum
600 4007 613 4028 ,
655 3964 787 4019 dixit
819 3984 834 4020 :
867 3966 962 4021 sed
983 4007 998 4031 ,
1029 3963 1337 4033 Conﬁrmata
1363 3982 1516 4035 super
1552 3983 1665 4019 eum
1692 3965 1827 4019 cari-

230 4063 384 4107 tatem
411 4097 424 4118 ,
459 4055 510 4107 id
535 4062 635 4120 est,
667 4054 871 4110 flrtnam
904 4066 956 4109 et
985 4056 1310 4121 immobilem
1341 4057 1392 4110 in
1414 4073 1534 4112 eum
1559 4057 1828 4112 ostendite

239 4145 570 4209 amicitiam,
621 4146 883 4201 (alentem
933 4148 1216 4217 quamdaut
1268 4158 1323 4203 et
1373 4148 1625 4202 fervidam
1667 4159 1827 4218 atque

230 4238 453 4306 ignitum
481 4255 492 4288 :
525 4237 930 4305 :equivalentem
964 4224 1446 4308 priori'inimicitim
1479 4239 1824 4294 dilectionem

229 4328 446 4382 inferte.
468 4329 605 4394 Quid
627 4328 822 4384 factum
844 4339 944 4398 est,
967 4331 1193 4400 quaeso?
1223 4345 1398 4387 nonne
1423 4332 1680 4386 tradidisti
1703 4348 1824 4388 eum

229 4422 472 4475 satanac?
511 4421 609 4488 lta,
640 4422 830 4491 inquit,
858 4424 953 4479 sed
993 4441 1098 4480 non
1124 4442 1231 4497 quo
1263 4425 1316 4481 in
1345 4426 1594 4481 manibus
1620 4437 1820 4481 satana:

229 4525 543 4580 permaneat
568 4555 582 4578 ,
631 4514 722 4568 sed
752 4525 810 4568 ut
836 4517 903 4572 ab
931 4516 1048 4587 ejus
1091 4519 1373 4588 tyrannide
1411 4522 1516 4573 cito
1546 4521 1822 4575 liberetur.

230 4604 298 4657 Et
343 4605 794 4673 quemadmodum
848 4606 999 4674 dixi,
1047 4609 1328 4665 coasidera
1379 4626 1538 4681 quam
1588 4611 1823 4664 timuerit

225 4695 658 4762 desperationem
728 4698 921 4753 Paulus
996 4708 1264 4768 tamquam
1319 4717 1565 4771 magnam
1623 4701 1821 4755 diaboli

228 4799 556 4839 armaturam
603 4803 772 4842 :cum
817 4789 1040 4849 dixisset
1087 4792 1272 4845 enim:
1319 4792 1628 4861 Conﬁrmata
1673 4809 1824 4859 super

227 4892 340 4929 eum
367 4879 662 4943 caritatem;
685 4890 739 4934 et
761 4896 974 4936 causam
1001 4882 1179 4947 addit,
1206 4882 1290 4938 Ne
1315 4887 1443 4956 forte
1481 4887 1637 4938 nimia
1667 4887 1821 4939 tristi-

225 4969 296 5019 tia
319 4968 646 5023 absorbeatur
664 4972 751 5040 qui
777 4984 848 5025 est
878 4973 1124 5042 ejusmodi
1149 4973 1253 5045 (Ib.
1285 4992 1334 5030 υ.
1367 4977 1446 5046 7).
1484 4977 1540 5032 ltt
1570 4979 1678 5048 lupi
1709 4980 1821 5032 fau-

225 5059 378 5112 cibus
426 5072 507 5113 est
555 5063 668 5116 ovis
713 5082 726 5116 :
771 5067 1157 5132 praeveniamus
1206 5067 1395 5139 igitur,
1453 5073 1821 5140 prmripiamus

228 5159 513 5218 antequam
548 5153 830 5208 absorbeat
873 5169 965 5210 aut
1012 5170 1321 5230 corrumpat
1371 5172 1608 5218 uestrum
1652 5182 1821 5220 ntem-

230 5239 402 5292 bruat.
454 5241 785 5299 Periclitatur
826 5250 974 5302 navis
1004 5267 1017 5300 :
1050 5252 1357 5322 priusquam
1385 5255 1639 5309 obruatur
1661 5300 1674 5319 ,
1708 5259 1817 5313 eri—

227 5345 353 5398 pere
376 5331 648 5403 naufragio
667 5337 994 5393 Studeamus.
1027 5341 1482 5408 Quemadmodum
1513 5349 1653 5401 enim
1684 5351 1817 5404 mari

227 5436 348 5476 sese
379 5424 596 5478 tollente
627 5437 678 5480 et
710 5427 956 5485 fluctibus
1003 5448 1168 5502 usque
1210 5436 1274 5488 ad
1319 5453 1583 5491 summum
1613 5455 1672 5494 se
1701 5441 1814 5495 ele-

226 5514 474 5568 vantibus
495 5557 510 5580 ,
557 5519 750 5587 scapha
779 5521 1108 5593 demergitur
1140 5543 1153 5579 :
1183 5527 1261 5580 sic
1290 5538 1344 5584 et
1368 5530 1540 5583 anima
1583 5532 1816 5602 undique

225 5623 459 5663 maerore
489 5610 814 5667 circumdata
837 5656 850 5676 ,
892 5619 1144 5673 velociter
1170 5621 1460 5677 suffocatur
1483 5667 1497 5690 ,
1547 5627 1598 5679 ni
1631 5643 1815 5695 quem-

228 5703 364 5766 piam
393 5702 639 5758 habuerit
661 5707 746 5775 qui
777 5725 990 5762 manum
1023 5715 1252 5783 porrigat
1278 5734 1289 5768 :
1325 5725 1379 5770 et
1415 5733 1532 5787 quae.
1568 5720 1813 5776 salutaris

229 5790 278 5840 in
311 5796 537 5860 peccatis
563 5805 644 5852 est
674 5800 923 5854 atmstitia
950 5841 964 5869 ,
1008 5805 1230 5859 exitialis
1273 5816 1352 5861 Cal
1393 5809 1434 5862 si
1467 5807 1812 5867 immoderata

1410 369 1498 425 ne
1540 361 2007 424 recurremus.
2049 335 2276 422 ttoittt.
2322 367 2360 422 t.

3414 369 3524 425 28?.

1942 479 2029 530 sit.
2081 481 2154 533 Ac
2203 482 2322 535 vide
2368 482 2639 552 quomodo
2685 494 2934 540 accurate
2989 485 3239 558 loquutus
3288 486 3536 542 slt:non

1941 572 2081 627 enim
2108 572 2255 627 dixit~
2306 573 2383 628 Ne
2417 577 2558 629 hunc
2585 574 2827 631 diabolus
2862 577 3051 646 perdat
3081 597 3092 632 :
3125 578 3218 633 sed
3247 579 3420 648 quid?
3471 580 3538 636 Ut

1942 683 2042 720 non
2070 667 2521 720 circumveniamur
2547 685 2581 720 a
2607 678 2786 721 satana
2814 667 2871 738 (‘2
2895 669 3012 725 Cor.
3040 669 3096 724 9..
3133 668 3243 743 Η).
3297 671 3537 726 Circum-

1939 758 2124 813 veuire
2151 770 2326 812 autem
2357 759 2442 813 hic
2467 768 2547 813 est
2580 762 2751 815 aliena
2781 752 3160 830 concupiscere
3195 781 3209 818 :
3247 763 3539 819 ostendens

1943 850 2100 920 igitur
2139 851 2310 918 ipsum
2342 850 2574 904 alienum
2603 851 2671 905 ab
2700 866 2766 905 eo
2788 851 2855 906 de
2882 863 3077 907 ea-tcro
3106 853 3340 919 factum,
3377 863 3538 923 atque

1943 942 1992 994 in
2047 941 2242 995 Christi
2291 956 2506 1010 gregem
2563 957 2621 995 se
2673 958 2769 1010 per
2818 943 3183 1011 pmnitentiam
3232 945 3532 1009 reduxisse,

1939 1034 2011 1085 ait
2036 1073 2050 1098 ,
2082 1030 2166 1085 Ne
2201 1033 2648 1086 circumreniamur
2674 1051 2704 1086 α
2726 1044 2922 1087 satana.
2975 1035 3030 1088 Si
3072 1034 3213 1088 enim
3240 1035 3307 1091 de
3337 1044 3535 1089 autem

1939 1123 2352 1192 comprehendat
2379 1140 2497 1180 cum
2521 1167 2533 1188 ,
2582 1137 2819 1181 nostrum
2875 1128 3044 1196 rapiet
3093 1129 3426 1192 membrum,
3464 1128 3534 1184 de

1938 1231 2099 1284 grege
2154 1231 2307 1270 ovem
2360 1217 2656 1286 surripiet:
2706 1235 2825 1271 nam
2887 1220 3197 1286 paenitentia
3250 1230 3539 1290 peceatum-

1937 1307 2200 1374 deposuit.

2009 1401 2174 1453 Judas
2225 1399 2267 1455 si
2316 1417 2416 1453 non
2464 1402 2813 1469 desperasset,
2863 1400 3076 1454 salutem
3129 1411 3531 1466 conscquulurus

1939 1500 2064 1545 erat.
2114 1521 2186 1530 —
2227 1492 2413 1547 Sciens
2461 1494 2619 1562 igitur
2651 1493 2844 1547 Paulus
2877 1493 3000 1562 quid
3052 1493 3248 1548 fecerat
3292 1493 3536 1548 diabolus

1937 1584 2110 1652 Judtc,
2140 1584 2313 1638 timuit
2335 1600 2402 1640 ne
2425 1585 2510 1639 hic
2535 1586 2759 1640 fortasse
2787 1585 2926 1640 idem
2950 1587 3167 1640 faceret.
3191 1585 3326 1653 Quid
3354 1595 3533 1641 autem

1939 1675 2063 1731 fecit
2093 1676 2143 1729 itt
2173 1675 2344 1731 Jttda'!
2373 1677 2836 1731 PmttitttitJudam
2867 1695 2881 1731 :
2911 1676 3165 1744 Peccavi,
3201 1678 3390 1746 inquit,
3424 1687 3536 1730 tra-

1938 1767 2062 1821 dens
2106 1769 2402 1838 sanguine»:
2437 1777 2636 1837 justum
2667 1767 2879 1838 (Matth.
2903 1768 2994 1822 27.
3027 1769 3082 1841 4)
3125 1786 3138 1822 :
3177 1769 3376 1823 audivit
3419 1767 3536 1822 hac

1939 1859 2100 1913 verba
2129 1859 2392 1923 diabolus,
2423 1860 2571 1913 novit
2600 1876 2720 1913 cum
2749 1861 2800 1913 in
2832 1861 3021 1914 melitts
3047 1861 3185 1912 viam
3229 1859 3362 1914 inire
3388 1869 3440 1914 et
3466 1859 3534 1913 ad

1939 1950 2163 2006 salutem
2196 1951 2433 2017 tendere,
2463 1953 2740 2021 timuitque
2769 1954 3137 2006 mutationem.
3172 1952 3531 2017 Clementem,

1940 2043 2127 2111 inquit,
2155 2042 2428 2097 dominum
2454 2043 2610 2097 habet
2638 2063 2650 2097 :
2678 2045 2764 2113 qui
2795 2058 2914 2099 cum
2940 2061 2997 2100 se
3026 2045 3316 2101 traditurus
3339 2045 3533 2112 fuerat,

1939 2133 2168 2202 ploravit
2210 2151 2222 2186 :
2255 2143 2415 2204 atque
2457 2136 2625 2203 ipsum
2656 2136 2805 2190 miris
2835 2139 3144 2206 provocavit
3173 2138 3382 2202 modis;
3439 2155 3536 2192 an-

1940 2241 2046 2280 non
2087 2227 2255 2280 multo
2285 2229 2453 2297 magis
2491 2231 2838 2297 pmnitentem
2869 2231 3164 2301 suscipiet?
3194 2230 3533 2287 Obstinatum

1938 2329 1994 2375 et
2021 2322 2374 2375 incorrectum
2402 2321 2581 2376 allexit
2607 2332 2660 2376 et
2694 2323 2940 2388 vocavit;
2971 2340 3150 2379 nonne
3174 2325 3340 2378 multo
3367 2327 3537 2394 magis

1938 2422 2235 2466 correctum
2265 2421 2319 2465 et
2348 2424 2623 2481 peceatum
2667 2425 3044 2483 agnoscentem
3078 2415 3292 2468 trahet?
3338 2416 3536 2469 idcirco

1938 2504 2081 2558 enim
2125 2503 2517 2573 eruciilgendus
2562 2507 2721 2559 venit.
2772 2507 2908 2573 Quid
2951 2521 3080 2576 ergo
3131 2507 3293 2562 fecit?
3349 2507 3538 2562 Extere

1939 2596 2043 2648 ruit
2073 2611 2194 2650 cum
2223 2603 2276 2650 et
2299 2596 2672 2650 obtenebravit
2701 2597 2950 2652 mmroris
2979 2597 3337 2667 magnitudine
3364 2639 3376 2660 ,
3404 2611 3531 2666 pcr-

1936 2693 2192 2754 sequutus
2222 2693 2323 2750 est,
2358 2685 2564 2753 impulit
2598 2685 2770 2740 donec
2795 2685 2862 2740 ad
2894 2687 3140 2756 laqueum
3171 2686 3343 2750 duxit,
3375 2697 3538 2756 atquo

1939 2790 1969 2829 e
1997 2776 2248 2844 praesenti
2274 2775 2458 2831 eduxit
2485 2777 2590 2829 vita
2612 2816 2627 2841 ,
2661 2777 3094 2846 posuitentiaeque
3123 2776 3396 2846 proposito
3425 2791 3537 2845 prt-

1937 2867 2098 2922 vavit.
2134 2867 2285 2932 Quod
2312 2867 2455 2921 enim
2488 2868 2531 2920 si
2563 2867 2823 2932 vixisset,
2856 2877 2910 2922 et
2951 2869 3063 2936 ipse
3090 2868 3318 2922 salutem
3341 2881 3537 2922 conse-

1937 2967 2199 3026 quuturus
2227 2967 2402 3024 esset,
2444 2959 2618 3027 palam
2646 2969 2727 3014 est
2757 2975 2823 3013 ex
2853 2960 3277 3014 cruciﬁxoribus.
3312 2959 3366 3013 Si
3389 2959 3534 3014 enim

1939 3050 2036 3103 hos
2066 3051 2154 3119 qui
2183 3067 2305 3105 eum
2336 3053 2713 3106 crucifixerant
2739 3052 2908 3106 Salute
2934 3051 3150 3106 donavit
3170 3093 3184 3114 ,
3228 3061 3281 3106 et
3329 3053 3440 3121 ipse
3482 3053 3533 3107 itt

1935 3157 2095 3197 cruce
2151 3143 2416 3198 exsistens
2466 3145 2671 3212 rogavit
2730 3144 2982 3208 Patrem,
3043 3144 3534 3213 indulgentiaqu

1938 3241 2098 3286 tantae
2139 3233 2380 3287 audacia:
2417 3234 2705 3302 postulavit
2746 3251 2760 3288 :
2803 3243 3014 3288 constat
3065 3234 3208 3303 quod
3259 3244 3313 3289 et
3359 3235 3535 3306 ipsum

1935 3327 2262 3395 proditorem
2299 3327 2458 3396 digne
2496 3329 2843 3397 pmnitentem
2888 3343 3008 3381 cum
3046 3327 3190 3381 omni
3222 3337 3533 3383 mansuetu-

1934 3419 2059 3470 dine
2109 3420 2470 3489 suscepisset;
2519 3420 2612 3473 sed
2660 3419 2748 3474 ille
2791 3419 2842 3473 in
2891 3419 3131 3474 remedio
3161 3435 3380 3474 manere
3423 3435 3533 3475 non

1937 3509 2086 3570 tulit,
2136 3524 2369 3563 mmrore
2400 3510 2573 3562 nimio
2599 3509 2904 3577 absorptus.
2966 3509 3016 3563 ld
3069 3509 3227 3578 igitur
3257 3518 3312 3564 et
3337 3509 3533 3563 Paulus

1936 3603 2168 3667 timens,
2224 3601 2530 3656 Corinthios
2581 3602 2901 3657 sollicitabat
2955 3602 3166 3671 eripere
3209 3617 3237 3654 a
3289 3600 3534 3655 faucibus

1932 3692 2128 3745 diaboli
2163 3694 2454 3746 hominem.
2503 3693 2570 3746 Et
2596 3693 2719 3761 quid
2747 3707 2882 3762 Optts
2912 3701 2996 3746 est
3024 3693 3091 3747 de
3129 3692 3419 3747 Corinthiis
3446 3692 3531 3746 di-

1931 3788 2094 3839 cere?
2136 3785 2327 3840 Petrus
2355 3785 2495 3840 enim
2530 3795 2650 3852 post
2675 3785 3052 3855 mysteriorum
3093 3784 3526 3839 communionem

1934 3886 2014 3931 ter
2043 3887 2233 3946 negat,
2283 3885 2338 3932 et
2379 3877 2594 3945 plorans
2620 3875 2819 3930 delevit
2847 3877 3025 3930 omnia
3062 3893 3075 3931 :
3113 3874 3308 3930 Paulus
3337 3889 3525 3944 perse-

1903 3978 2162 4040 .quutor,
2213 3968 2557 4038 blasphemus
2584 3977 2638 4022 et
2683 3968 3140 4033 contumeliosus,
3195 3963 3332 4020 non”.
3347 3966 3524 4020 eruci-

1932 4061 2094 4114 ﬁxum
2121 4061 2280 4114 modo
2301 4059 2443 4124 ,'sed
2472 4060 2612 4114 illius
2652 4060 2932 4114 universos
2971 4073 3321 4129 pchequcns,
3357 4058 3528 4128 patui-

1932 4151 2094 4205 tentia
2148 4149 2378 4214 ductus,
2431 4151 2707 4219 apostolus
2753 4149 3006 4204 efﬁcitur.
3066 4149 3250 4205 Solum
3300 4165 3328 4201 a
3373 4150 3528 4203 nobis

1931 4242 2070 4296 Deus
2097 4242 2431 4296 occasionem
2455 4243 2538 4295 vel
2567 4256 2781 4310 parvam
2809 4239 3051 4311 requirit,
3097 4251 3256 4311 atque
3279 4244 3525 4296 universa

1929 4332 2148 4387 dimittit
2178 4334 2332 4386 nobis
2357 4345 2593 4402 peccata.
2652 4333 2830 4386 Dicam
2855 4333 3004 4386 vobis
3033 4339 3087 4386 ct
3116 4332 3421 4401 parabolam
3449 4333 3526 4386 id-

1928 4423 2103 4492 ipsum
2131 4424 2557 4477 conﬁrmantem.

1999 4517 2052 4570 4.
2073 4517 2186 4570 Duo
2206 4514 2420 4586 quidam
2440 4524 2593 4571 erant
2615 4515 2826 4582 fratres,
2853 4525 3178 4586 paternaque
3196 4515 3362 4569 divisa
3390 4515 3521 4570 sub-

1928 4608 2145 4672 stantia,
2183 4608 2372 4660 horum
2405 4622 2543 4661 unus
2580 4606 2794 4676 quidem
2826 4607 2970 4661 domi
3018 4608 3234 4669 mansit,
3266 4607 3404 4661 alter
3426 4622 3524 4661 au-

1928 4712 2032 4756 tem
2079 4711 2267 4756 cuncta
2316 4717 2435 4772 qua:
2483 4702 2835 4766 obvenerant,
2879 4702 3196 4765 comedens,
3232 4703 3399 4771 patria
3425 4717 3522 4757 ex-

1928 4795 2088 4849 torris
2128 4795 2300 4850 factus
2345 4804 2479 4860 erat,
2530 4795 2854 4865 paupertatis
2894 4811 2998 4848 non
3046 4794 3222 4849 ferens
3262 4794 3520 4864 pudorem

1928 4886 2076 4957 (Luc.
2110 4889 2195 4941 i5.
2227 4889 2311 4941 H.
2335 4888 2467 4960 sqq).
2493 4886 2641 4942 Hanc
2663 4898 2839 4942 autem
2867 4888 3173 4957 parabolam
3207 4888 3257 4941 in
3284 4888 3520 4942 medium

1925 4982 2124 5036 idcirco
2159 4983 2375 5051 protuli,
2406 4997 2512 5051 quo
2554 4981 2734 5035 sciatis
2771 4991 2826 5036 et
2869 4991 3208 5050 peccatorum
3250 4996 3368 5050 quae
3397 4990 3521 5050 post

1924 5073 2186 5142 baptisma
2215 5075 2626 5139 contrahuntur,
2669 5074 3040 5128 remissionem
3071 5087 3191 5126 esse
3211 5113 3227 5138 ,
3261 5074 3305 5126 si
3345 5081 3522 5126 atten-

1922 5163 2151 5218 damus:
2179 5163 2299 5217 dico
2342 5173 2517 5216 autem
2550 5177 2653 5217 non
2701 5164 2773 5219 uti
2800 5163 2866 5217 ad
2896 5165 2996 5218 inet
3017 5165 3140 5217 'iam
3167 5164 3520 5232 compellant,

1922 5255 2016 5310 sed
2037 5264 2143 5309 uta
2165 5255 2539 5326 deSperatione
2568 5272 2815 5311 rcvocem
2843 5273 2856 5314 :
2889 5273 2988 5310 nan
3033 5257 3333 5326 desperatio
3357 5271 3518 5326 quam

1922 5350 2113 5403 inertia
2158 5350 2362 5419 majora
2409 5349 2563 5402 nobis
2598 5347 2808 5402 confert
2843 5350 2976 5402 mala
3036 5349 3134 5402 Hic
3174 5349 3334 5418 igitur
3379 5348 3518 5404 ftlius

1920 5456 2129 5507 eorum,
2157 5442 2244 5510 qui
2277 5453 2392 5510 post
2425 5441 2685 5510 baptisma
2723 5442 2857 5510 lapsi
2898 5457 2974 5496 su'
3028 5485 3041 5503 ,
3076 5442 3362 5511 imaginem
3403 5456 3512 5511 pra:

1919 5546 1979 5586 se
2005 5531 2139 5598 fert;
2173 5548 2266 5588 eos
2293 5534 2432 5587 enim
2466 5535 2556 5604 qui
2587 5543 2707 5602 post
2727 5534 3052 5604 baptismum
3084 5534 3216 5605 lapsi
3244 5545 3367 5588 sunt
3394 5550 3515 5589 eum

1920 5627 2222 5696 significare
2267 5625 2391 5681 hinc
2434 5636 2678 5691 constat,
2727 5627 2870 5698 quod
2921 5629 2967 5680 ft}
3002 5642 3061 5681 .ts
3104 5627 3355 5682 dicatur:
3395 5643 3518 5683 nam

1921 5729 2070 5774 extra
2102 5720 2422 5790 baptismum
2463 5736 2622 5774 nemo
2664 5721 2754 5775 lilii
2784 5723 2956 5792 appel‘
3004 5722 3148 5776 tione
3187 5722 3511 5776 nominatur.

1923 5812 1985 5867 Et
2007 5811 2221 5868 domum
2251 5811 2581 5867 habitaverat
2607 5823 2903 5883 paternam,
2930 5831 2946 5864 ‹
3002 5824 3276 5884 paternam
3297 5828 3514 5874 omnem
