4190 6322
665 391 778 447 28$

664 502 1014 560 nausiantiam
1035 500 1321 573 diviserat;
1348 508 1475 556 ante
1498 499 1758 571 baptisma
1782 507 1960 555 autem
1991 515 2096 554 non
2126 497 2252 554 licet

665 605 883 661 paterna
924 591 1189 662 accipere,
1232 605 1406 661 neque
1444 589 1797 645 hereditatem
1842 587 2096 659 consequi
2127 605 2140 642 :
2178 586 2249 642 ita

664 684 725 737 ut
750 695 818 735 ex
862 680 945 736 his
987 680 1238 736 omnibus
1279 680 1514 735 ﬁdelium
1558 687 1728 734 status
1765 676 2128 734 adumbretur.
2180 675 2249 731 Et

666 772 820 843 probi
857 770 1022 827 frater
1046 781 1191 836 erat;
1223 770 1387 826 frater
1418 785 1551 826 vero
1594 770 1713 825 sine
1737 767 1998 839 spirituali
2022 780 2248 837 regene-

667 864 873 917 ratione
900 876 1232 932 nequaquam
1261 858 1543 916 fuerit.Hic
1571 860 1730 928 igitur
1752 858 1816 912 ad
1843 872 2106 913 summam
2130 872 2247 910 ma-

669 953 834 1007 litiam
852 953 1124 1022 delapsus,
1148 952 1273 1023 quid
1297 951 1501 1022 inquit?
1527 950 1767 1005 Revertar
1778 950 1850 1003 ad
1870 960 2063 1020 patrem
2084 965 2249 1003 meum

672 1043 823 1115 (Luc.
854 1046 940 1097 15.
968 1043 1077 1114 18).
1104 1044 1392 1112 Propterea
1418 1042 1559 1096 hunc
1585 1051 1735 1111 pater
1756 1040 2047 1106 dimiserat,
2077 1054 2251 1111 neque

675 1132 1361 1203 proltibucrat,iquominus
1406 1132 1457 1186 in
1487 1136 1758 1202 regionem
1801 1130 1975 1186 abiret
1996 1128 2247 1192 alienam,

671 1234 931 1292 quatenus
968 1224 1339 1293 experimento
1382 1222 1614 1277 disceret
1664 1230 1942 1287 accurate,
1991 1229 2250 1292 quantum

670 1314 986 1369 beneﬁcium
1009 1314 1302 1385 susceperit
1320 1314 1465 1369 domi
1481 1329 1721 1369 manens.
1745 1313 1900 1384 Saepe
1923 1312 2065 1367 enim
2088 1311 2248 1376 Deus,

670 1418 792 1459 cum
819 1404 977 1460 dictis
1019 1405 1195 1461 minus
1246 1404 1463 1469 suadet,
1496 1420 1675 1467 rerum
1722 1403 2106 1475 experimentis
2147 1402 2249 1458 do-

670 1496 898 1549 ctrinam
925 1496 1200 1564 permittit.
1232 1495 1382 1563 Quod
1419 1496 1559 1551 clad
1594 1496 1811 1551 Judaros
1834 1496 2048 1551 dicebat
2074 1513 2089 1549 :
2111 1509 2249 1567 quo-

670 1585 812 1639 niam
841 1585 1049 1654 quidem
1081 1585 1283 1642 infinita
1322 1604 1420 1657 per
1457 1587 1747 1658 pmphetas
1790 1587 1951 1643 verba
1981 1602 2103 1643 cum
2148 1587 2251 1641 im-

670 1676 965 1745 pcndisset,
992 1692 1097 1731 non
1142 1679 1310 1733 suasit
1352 1695 1527 1747 neque
1565 1681 1766 1743 illexit;
1799 1680 2112 1750 permittens
2154 1693 2251 1733 eos

670 1781 766 1835 per
818 1766 1022 1837 flagella
1072 1770 1313 1838 corrigi,
1371 1770 1501 1826 dicit
1538 1772 1642 1825 illis
1692 1790 1706 1825 :
1756 1771 2007 1838 Corripiet
2069 1781 2117 1825 te
2172 1786 2252 1826 re-

670 1857 817 1911 bellio
848 1867 955 1922 tua,
975 1868 1019 1910 et
1043 1861 1235 1912 malitia
1270 1871 1364 1913 tua
1388 1871 1564 1933 arguet
1608 1872 1655 1916 te
1680 1862 1811 1934 (λεν.
1844 1860 1899 1915 2.
1942 1850 2052 1933 19).
2076 1860 2249 1933 Opor-

670 1952 845 2003 tuerat
917 1938 1090 2019 ipsum
1170 1953 1384 2021 quidem
1461 1954 1566 2009 fide
1620 1954 1836 2024 dignum
1906 1952 2091 2009 haberi
2166 1952 2251 2008 vel

667 2049 792 2096 ante
822 2041 1054 2109 ipsarum
1081 2059 1258 2099 rerum
1280 2055 1527 2100 eventum
1550 2063 1563 2109 ;
1586 2046 1835 2116 quoniam
1861 2061 1989 2100 vero
2008 2053 2115 2099 tam
2142 2054 2255 2099 stu-

668 2129 778 2198 pidi
805 2130 1035 2195 fuerunt,
1064 2142 1121 2186 ut
1147 2149 1212 2188 eo
1234 2144 1485 2190 monente
1512 2146 1566 2190 et
1590 2137 1903 2190 consulente
1933 2150 2037 2191 non
2056 2135 2251 2190 crede-

666 2230 806 2289 rent,
836 2239 956 2277 cum
995 2239 1088 2279 eos
1131 2228 1278 2295 prius
1304 2229 1666 2297 repressisset,
1709 2244 1775 2284 ne
1798 2228 2017 2283 malitia:
2045 2228 2251 2284 obtem-

665 2323 937 2382 pcrarent,
969 2317 1209 2385 permisit
1236 2332 1329 2373 eos
1358 2334 1533 2373 rerum
1554 2328 1749 2375 eventu
1778 2322 1992 2391 corrigi,
2024 2335 2132 2391 quo
2166 2320 2249 2375 vel

666 2402 746 2458 sic
790 2418 882 2458 eos
922 2416 1281 2475 recuperaret.
1315 2408 1597 2478 Postquam
1631 2409 1787 2477 igitur
1814 2410 2115 2465 concedens
2162 2411 2250 2465 ille

666 2493 936 2563 prodigus,
988 2497 1039 2549 in
1080 2499 1304 2552 alienam
1344 2508 1536 2553 terram
1586 2500 1745 2555 rebus
1775 2501 1901 2570 ipsis
1947 2500 2246 2570 perdidicit,

665 2584 791 2653 quid
827 2587 948 2640 mali
976 2588 1044 2642 sit
1085 2598 1305 2658 paterna
1335 2590 1494 2645 domo
1540 2592 1819 2657 excidere,
1851 2603 1905 2647 et
1935 2594 2112 2660 rediit,
2142 2610 2247 2649 non

664 2674 763 2729 fuit
793 2691 997 2731 memor
1038 2680 1245 2748 injuria:
1290 2692 1474 2750 pater,
1518 2683 1610 2738 sed
1643 2686 1812 2753 passis
1850 2700 1973 2739 eum
2012 2688 2249 2755 suscepit

664 2766 927 2820 manibus.
954 2766 1091 2835 Quid
1140 2771 1248 2824 ita?
1277 2771 1411 2836 Quia
1454 2782 1633 2842 pater,
1669 2789 1773 2827 non
1813 2775 1973 2844 judex
2018 2787 2152 2831 erat.
2185 2778 2249 2832 Et

662 2853 1141 2937 chore'e.etepttl:e
1167 2870 1220 2915 et
1249 2861 1368 2916 festi
1399 2876 1692 2919 conventus
1718 2867 1909 2921 deinde
1940 2868 2061 2923 facti
2088 2878 2244 2935 sunt,

664 2944 888 3015 tntaque
917 2957 971 3002 et
995 2951 1231 3018 gaudens
1263 2964 1379 3007 erat
1403 2954 1612 3009 domus.
1652 2957 1787 3023 Quid
1815 2957 1985 3012 dicis?
2014 2958 2249 3015 haeccine

660 3042 785 3088 sunt
811 3036 1027 3091 malitia:
1055 3042 1270 3108 praemia
1292 3044 1314 3096 ?
1340 3043 1454 3097 Non
1495 3047 1731 3110 malitim,
1761 3063 1792 3102 ο
1815 3048 1996 3113 homo,
2034 3049 2127 3103 sed
2158 3065 2247 3104 re-

656 3124 802 3180 ditus
830 3144 843 3181 :
875 3143 979 3183 non
1006 3134 1231 3199 peccati,
1263 3135 1356 3189 sed
1389 3137 1717 3204 pmnitcntiae
1748 3156 1759 3190 :
1794 3149 1898 3192 nOn
1927 3140 2245 3209 improbita—

659 3216 748 3280 tis,
775 3218 867 3273 sed
895 3220 944 3273 in
973 3222 1165 3277 melius
1197 3228 1503 3281 mutationis
1532 3246 1546 3283 :
1586 3238 1641 3283 et
1669 3230 1809 3297 quod
1838 3241 1921 3285 est
1956 3231 2149 3299 majus,
2178 3231 2247 3287 de

658 3302 743 3358 his
773 3302 1073 3378 indignatus
1112 3322 1193 3368 est
1224 3314 1397 3383 major
1432 3316 1603 3381 filius;
1655 3318 1738 3372 hic
1766 3330 1943 3375 autem
1981 3331 2034 3374 et
2072 3321 2244 3389 ipsum

658 3408 932 3459 mansuete
961 3402 1251 3471 mitigavit,
1280 3405 1463 3461 dicens
1494 3424 1510 3461 :
1541 3408 1792 3473 Quoniam
1821 3421 1872 3463 tu
1896 3412 2095 3481 quidem
2118 3430 2239 3465 sem.

657 3503 747 3555 per
772 3505 963 3544 mecum
987 3510 1059 3558 es,
1091 3495 1171 3546 hic
1200 3512 1312 3548 vero
1341 3498 1576 3567 perierat,
1612 3509 1656 3552 el
1700 3501 1928 3555 inventus
1970 3513 2042 3556 est
2064 3518 2081 3556 :
2102 3519 2243 3555 mor-

657 3587 773 3630 tuus
794 3590 919 3645 erat,
937 3594 986 3633 et
999 3584 1173 3637 revixit
1189 3584 1337 3655 (Luc.
1349 3588 1370 3640 l
1382 3589 1433 3653 5,
1445 3590 1503 3644 5i
1518 3628 1531 3640 .
1558 3591 1667 3657 5‘2).
1691 3590 1821 3644 Cum
1837 3608 1965 3647 vero
1981 3594 2241 3663 perditum

654 3682 871 3723 servare
898 3682 1128 3739 oportet,
1165 3675 1351 3745 inquit,
1384 3687 1504 3733 non“
1526 3678 1709 3747 judicii
1762 3690 1972 3752 tempus
2000 3692 2101 3751 est,
2150 3701 2242 3741 ne-

655 3773 757 3829 que
803 3761 1095 3817 subtilioris
1146 3768 1437 3833 examinis,
1486 3769 1581 3825 sed
1620 3773 1919 3828 clementiae
1966 3777 2241 3846 venimque

656 3846 952 3905 dumtaxat.
1000 3852 1187 3910 Nullus
1217 3859 1359 3911 enim
1391 3860 1652 3926 medicus,
1686 3864 1851 3918 misso
1883 3866 2242 3921 medicamen-

654 3946 830 3993 torum
863 3956 979 4006 usu,
1028 3944 1425 4003 incontinentiae
1452 3965 1634 4019 poenas
1677 3954 1746 4008 ab
1775 3969 1840 4009 eo
1881 3958 2138 4027 exegerit.
2185 3959 2239 4013 Si

653 4038 781 4085 vero
812 4049 996 4101 pinnas
1023 4053 1143 4092 eum
1183 4041 1310 4095 dare
1339 4046 1592 4111 oportuit,
1634 4047 1762 4100 satis
1788 4062 2087 4114 poenarum,
2117 4064 2237 4105 cum

655 4120 706 4173 in
738 4123 909 4177 aliena
954 4132 1171 4195 regione
1206 4140 1449 4186 versatus
1480 4143 1583 4195 est.
1629 4134 1795 4189 dedit.
1835 4137 2005 4192 Tanto
2029 4140 2171 4194 enim
2207 4156 2237 4195 a

651 4210 807 4265 nobis
834 4222 1074 4285 tempore
1096 4228 1421 4288 segregatus,
1455 4222 1591 4278 fame
1618 4223 1985 4297 dedecorcque
2007 4242 2069 4284 ac
2098 4244 2239 4284 sum-

654 4303 755 4389 mis
780 4303 1116 4364 conﬂictatus
1158 4310 1332 4376 malis,
1359 4312 1676 4367 laborabat:
1720 4326 2001 4385 propterea
2043 4320 2232 4389 inquit,

652 4388 910 4459 Perierat,
938 4404 984 4447 et
1010 4396 1240 4454 inventus
1262 4410 1334 4454 est
1365 4417 1383 4455 :
1406 4414 1631 4458 mortuus
1657 4415 1784 4473 erat,
1815 4418 1861 4460 et
1888 4410 2084 4464 revixit.
2117 4388 2233 4466 Non

650 4483 815 4547 enim,
850 4482 1038 4553 inquit,
1081 4489 1298 4545 attende
1327 4496 1631 4560 praesentia,
1662 4497 1755 4551 sed
1796 4499 1988 4566 prioris
2015 4502 2235 4558 calami—

650 4572 774 4625 tatis
802 4575 1220 4643 magnitudinem
1250 4582 1531 4639 considera
1561 4603 1574 4640 :
1606 4585 1828 4643 fratrem
1854 4588 2097 4657 intueris,
2124 4608 2231 4648 non

647 4660 880 4718 alienum
908 4682 921 4716 :
950 4666 1015 4721 ad
1048 4679 1249 4734 patrem
1278 4686 1525 4727 reversus
1548 4683 1647 4739 est,
1681 4677 1769 4746 qui
1798 4678 2031 4747 priorum
2056 4695 2124 4736 ne
2149 4684 2231 4737 vel

649 4754 928 4811 minimum
952 4761 1220 4817 recordari
1254 4774 1463 4833 potest;
1497 4769 1666 4838 magis
1696 4786 1823 4826 vero
1843 4787 2027 4829 eorum
2055 4776 2229 4831 solum

1368 386 1426 445 3.
1465 382 1743 444 JOANNIS
1776 331 2252 443 εηῆῐεοὲτοὶίι
2290 379 2611 440 ARCHIEP.
2649 374 3184 437 CONSTANTINOP.

3840 373 3948 432 in

2356 495 2741 563 reminiscitur,
2769 510 2889 567 qua:
2908 494 2973 549 ad
3004 492 3454 565 compassionem,
3480 489 3911 547 miscricordiam
3929 530 3948 558 ,

2358 587 2697 644 clementiam
2722 629 2738 651 ,
2771 585 3152 657 indulgentiam
3189 583 3404 641 trahere
3440 590 3665 654 possunt
3690 579 3949 652 genitori-

2357 678 2457 733 bus
2484 675 2961 734 accommodatam.
2990 675 3284 746 Propterea
3308 689 3419 728 non
3440 690 3561 744 qua:
3601 672 3749 739 lecit,
3776 671 3950 736 dixit,

2358 768 2450 824 scd
2473 784 2592 839 qum
2627 782 2814 838 passus
2838 777 2919 824 est
2952 785 2967 822 :
2996 783 3105 821 non
3146 762 3288 837 quod
3314 765 3676 821 substantiam
3719 760 3952 833 dissipa-

2356 860 2514 924 verit,
2546 860 2810 922 meminit,
2859 860 2951 915 sed
2988 859 3130 930 quod
3175 858 3474 913 innumeris
3499 852 3837 912 conﬂictatus
3881 856 3956 908 sit

2357 953 2530 1008 malis.
2563 952 2651 1008 Sic
2677 960 2731 1007 et
2754 966 2907 1006 ovem
2949 960 3097 1006 tanto
3137 950 3315 1004 studio
3341 949 3617 1019 quaesivit,
3662 948 3750 1002 vel
3786 947 3952 1002 etiam

2357 1041 2550 1113 majori
2584 1060 2597 1095 :
2642 1041 2731 1098 hic
2762 1042 2906 1097 enim
2937 1043 3051 1109 ipse
3080 1036 3239 1096 rediit
3284 1039 3442 1104 filius,
3486 1038 3595 1093 illic
3621 1048 3802 1094 autem
3833 1037 3955 1109 ipso

2357 1136 2489 1191 abiit
2539 1144 2749 1206 pastor,
2798 1143 2855 1190 et
2899 1134 3177 1189 inveniens
3222 1132 3467 1197 reduxit,
3508 1140 3564 1186 et
3606 1130 3820 1185 laetatus
3868 1137 3956 1187 ω

2356 1242 2519 1297 super
2563 1240 2627 1281 ea
2675 1226 2877 1297 magis,
2928 1240 3087 1296 quam
3134 1239 3297 1294 super
3344 1222 3572 1288 ceteris,
3620 1234 3740 1292 qua
3786 1218 3957 1277 salva:

2357 1326 2528 1373 erant.
2562 1317 2698 1374 Vide
2719 1326 2898 1373 autem
2928 1316 3197 1389 quomodo
3227 1314 3473 1371 reduxit:
3505 1327 3613 1369 non
3638 1310 3954 1382 flagellavit,

2356 1409 2450 1464 sed
2494 1408 2674 1464 ferens
2721 1408 2961 1463 humeris
2987 1422 3177 1463 rursus
3214 1406 3362 1477 gregi
3397 1404 3632 1461 reddidit
3658 1402 3812 1475 (Luc.
3854 1403 3950 1458 15.

2357 1499 2411 1553 4.
2442 1498 2519 1569 6).
2545 1498 2672 1554 ιιωο
2696 1499 2855 1569 igitur
2885 1498 3246 1568 intelligentes
3265 1537 3282 1559 ,
3316 1512 3423 1550 non
3465 1496 3627 1550 modo
3659 1510 3688 1548 a
3711 1493 3955 1550 redeun-

2359 1590 2499 1645 tibus
2526 1605 2633 1645 non
2671 1591 2838 1645 averti
2874 1590 3063 1655 Deum,
3094 1589 3189 1644 sed
3229 1589 3331 1644 hoc
3356 1604 3461 1641 non
3496 1587 3688 1640 minori
3714 1601 3835 1640 eum
3862 1584 3959 1654 ju-

2357 1681 2665 1747 cunditate,
2706 1696 2865 1751 quam
2898 1681 3042 1750 ipsos
3070 1679 3161 1749 qui
3201 1688 3351 1733 recte
3387 1693 3446 1732 se
3481 1676 3768 1747 gesserint,
3811 1675 3947 1731 reci-

2358 1786 2515 1842 pere:
2540 1788 2638 1828 nec
2658 1772 2819 1827 modo
2836 1787 3023 1843 pinnas
3054 1786 3160 1826 non
3182 1771 3419 1840 exigere,
3441 1769 3535 1823 sed
3558 1767 3624 1821 ad
3647 1766 3957 1822 errantium

2357 1864 2752 1935 inquisitionem
2784 1864 3048 1935 proficisci
3082 1882 3096 1917 :
3129 1876 3191 1918 ac
3231 1862 3300 1917 de
3330 1861 3413 1916 his
3457 1860 3686 1930 repertis
3716 1858 3957 1928 amplius

2355 1956 2573 2025 gaudet,
2608 1971 2765 2027 quam
2785 1955 2856 2011 dc
2874 1956 3086 2011 cmteris
3110 1964 3223 2010 tuto
3240 1954 3292 2008 in
3314 1954 3433 2008 loco
3450 1952 3953 2023 perseverantibus;

2359 2047 2456 2117 ipsi
2503 2062 2680 2116 neque
2724 2048 2878 2101 malis
2926 2047 3123 2110 obruti,
3170 2061 3320 2116 spem
3366 2045 3719 2114 deponamus,
3774 2054 3957 2113 neque

2357 2138 2513 2193 bonis
2538 2139 2892 2202 abundantes,
2921 2138 3284 2203 confidamus;
3319 2132 3415 2191 sed
3441 2148 3495 2191 ct
3524 2150 3645 2190 cum
3675 2144 3824 2189 recte
3851 2150 3957 2188 nos

2356 2230 2719 2300 gesserimus,
2748 2230 3058 2296 timeamus,
3090 2237 3148 2283 ut
3174 2244 3244 2283 ne
3273 2243 3369 2297 per
3391 2224 3769 2282 conﬁdentiam
3804 2223 3958 2280 laba~

2358 2337 2498 2384 mur,
2532 2332 2585 2376 et
2612 2331 2667 2376 ut
2695 2322 2826 2392 lapsi
2851 2322 3219 2391 paenitentiam
3246 2335 3486 2391 agamus.
3514 2319 3668 2387 Quod
3698 2320 3841 2373 enim
3861 2319 3956 2372 iu-

2356 2413 2563 2482 cipiens
2592 2414 2719 2478 dixi,
2750 2423 2805 2469 et
2834 2430 2975 2469 nunc
2999 2415 3122 2469 dico
3143 2455 3159 2479 ,
3196 2415 3301 2469 duo
3329 2414 3444 2467 hare
3476 2427 3489 2467 :
3521 2422 3752 2466 Stantem
3780 2410 3958 2465 confi-

2356 2504 2519 2569 dere,
2571 2514 2629 2560 et
2682 2505 2970 2575 desperare
3011 2506 3304 2575 jaccntcm,
3350 2504 3711 2574 proditionem
3760 2500 3957 2556 salutis

2355 2606 2554 2651 nostra:
2582 2612 2723 2653 esse.
2755 2596 2932 2666 Quare
2961 2607 3165 2653 stantes
3192 2599 3462 2652 cautiores
3492 2594 3726 2651 reddens
3749 2594 3957 2650 Paulus

2354 2688 2509 2753 dicit,
2546 2688 2648 2753 Qui
2678 2705 2732 2743 se
2754 2700 2901 2760 putat
2926 2702 3079 2755 stare,
3112 2688 3276 2743 videat
3310 2689 3580 2743 ne~cadat.
3624 2689 3692 2742 Et
3731 2690 3950 2743 iterum.

2355 2779 2531 2835 Timeo
2580 2798 2641 2835 ne
2688 2785 2821 2853 forte
2873 2783 2989 2836 aliis
3037 2782 3322 2851 pradicant
3374 2782 3485 2851 ipse
3534 2779 3777 2851 reprobus
3825 2781 3957 2848 ﬁam

2361 2866 2411 2938 (l
2439 2864 2563 2920 Cor.
2593 2866 2678 2920 10.
2701 2867 2795 2933 l2;
2824 2868 2875 2923 9.
2898 2868 2989 2937 Ἦ)
3018 2886 3030 2922 :
3069 2871 3311 2941 jacentes
3338 2882 3516 2925 autem
3549 2871 3783 2941 erigens,
3803 2881 3858 2925 et
3880 2870 3953 2925 ad

2355 2957 2580 3014 ulterius
2621 2959 2863 3016 excitans
2907 2959 3178 3021 studium,
3227 2960 3614 3016 testiﬁcabatur
3657 2960 3955 3016 Corinthiis

2352 3048 2430 3103 sic
2460 3050 2724 3114 scribens,
2756 3050 2841 3106 Ne
2862 3056 2992 3122 forte
3021 3054 3208 3106 multos
3238 3053 3474 3123 deﬂeam,
3506 3055 3593 3123 qui
3621 3062 3739 3108 ante
3765 3070 3952 3121 pecca-

2352 3149 2548 3205 verunt,
2578 3151 2625 3194 et
2661 3143 3004 3210 paenitentiam
3032 3159 3133 3197 non
3164 3153 3372 3214 egerunt
3412 3145 3488 3212 (2.
3520 3143 3640 3197 Cor.
3685 3142 3771 3198 12.
3801 3142 3894 3212 21)
3934 3162 3951 3197 :

2351 3233 2639 3287 ostendens
2673 3249 2777 3287 non
2810 3242 2915 3287 tam
2944 3244 3260 3304 peccantes,
3294 3250 3451 3303 quam
3483 3250 3587 3289 non
3623 3235 3954 3304 pmnitenles

2351 3322 2539 3393 dignos
2566 3326 2815 3396 lacrymis
2844 3340 2982 3379 esse.
3017 3327 3082 3381 Et
3107 3329 3363 3396 propheta
3388 3328 3451 3380 ad
3482 3327 3699 3381 eosdem
3729 3345 3743 3383 :
3778 3328 3955 3381 Num-

2351 3416 2473 3483 quid
2500 3418 2584 3481 qui
2610 3418 2767 3479 cadit,
2799 3434 2897 3470 non
2928 3420 3175 3489 resurgit,
3204 3427 3292 3469 aut
3320 3435 3523 3471 aversus
3550 3436 3651 3470 non
3678 3420 3951 3472 revertitur

2352 3507 2565 3583 (Jer._8.
2601 3510 2691 3575 4)?
2718 3510 2895 3575 Quare
2936 3518 2991 3563 et
3018 3510 3235 3563 eosdem
3267 3510 3557 3563 exhortans
3597 3511 3760 3564 David
3788 3511 3950 3575 dicit,

2355 3597 2521 3652 Hodie
2556 3601 2599 3653 si
2628 3616 2797 3652 rorem
2824 3602 2935 3665 eius
2978 3600 3279 3662 audieritis,
3318 3602 3474 3654 nolite
3504 3601 3754 3654 obdurare
3790 3603 3952 3655 corda

2348 3696 2509 3741 vestra
2547 3688 2677 3741 sicut
2722 3690 2773 3740 in
2807 3690 3183 3743 exacerbatione
3221 3688 3394 3759 (Psal.
3438 3689 3524 3745 94.
3560 3691 3639 3759 8).
3680 3690 3949 3757 Quamdiu

2350 3777 2511 3847 igitur
2538 3779 2690 3832 hodie
2729 3778 2941 3841 dicitur,
2978 3795 3047 3835 ne
3079 3782 3315 3834 animum
3355 3780 3822 3847 despondeamus;
3851 3782 3948 3837 sed

2348 3869 2541 3923 bonam
2569 3869 2619 3924 in
2654 3870 2878 3925 Domino
2900 3886 3051 3942 spem
3074 3871 3352 3937 habentes,
3377 3882 3431 3924 et
3457 3872 3675 3941 pelagus
3697 3872 3819 3941 ejus
3838 3873 3950 3927 cle-

2348 3962 2561 4015 mentite
2586 3962 2940 4030 recogitantes
2962 4002 2977 4027 ,
3009 3949 3223 4015 omnEm
3254 3962 3638 4016 conscientiam
3669 3964 3948 4018 excutien-

2350 4058 2429 4106 tes
2456 4053 2647 4105 malum
2675 4053 2838 4106 multa
2881 4066 3002 4106 eum
3029 4067 3124 4122 spe
3152 4052 3535 4121 propositoque
3574 4051 3947 4107 adlucreamus

2348 4142 2565 4205 virtuti,
2600 4153 2653 4197 et
2682 4144 3049 4212 paenitentiam
3078 4144 3335 4213 majorem
3363 4144 3416 4197 in
3446 4142 3662 4197 modum
3689 4145 3948 4200 ostenda-

2350 4246 2489 4299 mus,
2520 4241 2578 4286 ut
2599 4232 2683 4288 hic
2706 4236 2949 4289 universa
2971 4233 3303 4303 deponentes
3326 4242 3543 4302 peccata
3566 4233 3732 4287 multa
3757 4234 3947 4289 fiducia

2345 4339 2524 4378 coram
2554 4324 2752 4381 ChriSti
2798 4326 3049 4381 tribunali
3080 4336 3222 4380 stare
3264 4328 3564 4394 possimus,
3609 4340 3946 4396 regnumque

2344 4415 2597 4469 cmlorum
2634 4418 2910 4486 consequi.
2946 4416 3111 4485 Cujus
3139 4431 3327 4471 omnes
3366 4431 3463 4471 nos
3507 4418 3795 4487 participes
3832 4418 3945 4473 fieri

2343 4507 2643 4577 contingat,
2696 4509 2869 4576 gratia
2913 4516 2967 4563 et
3004 4507 3287 4563 clementia
3337 4507 3550 4561 Domini
3594 4509 3765 4563 nostri
3816 4507 3945 4564 Jesu

2340 4594 2574 4663 Christi,
2628 4598 2719 4668 qui
2766 4614 2886 4654 cum
2931 4598 3116 4663 Patri,
3169 4597 3434 4667 simulque
3480 4609 3669 4653 sancto
3720 4598 3943 4669 Spiritui

2341 4685 2529 4755 gloria,
2572 4688 2881 4758 imperium,
2911 4697 2966 4743 et
3009 4690 3204 4755 honor,
3246 4702 3387 4742 nunc
3416 4698 3471 4743 ct
3512 4703 3756 4760 semper,
3800 4700 3859 4746 et
3893 4691 3944 4746 in

2342 4778 2535 4833 saecula
2562 4779 2902 4835 saeculorum.
2930 4781 3126 4835 Amen.

652 4862 3917 4904 Mm

1806 4954 1943 5024 DE
2010 4955 2715 5046 PCENITENTIA,

1244 5119 1321 5163 ετ
1347 5120 1431 5163 us:
1464 5118 1789 5167 possunt
1836 5124 2013 5170 REGIS
2055 5128 2328 5183 acaum,
2360 5129 2441 5174 er
2482 5132 2565 5174 ne
2607 5133 2763 5177 δοΝΑ
2807 5134 3137 5179 exornem
3185 5119 3293 5200 (α).

1437 5050 1469 5071 \

2039 5249 2509 5281 ἡ

1279 5345 1490 5387 ΙΙΟΜΙιΙᾹ
1534 5349 1589 5387 ll.

717 5414 771 5471 t.
802 5411 1021 5469 Vidistis
1064 5419 1325 5488 superiori
1379 5423 1652 5485 Dominiea
1696 5442 1923 5497 pugnam
1963 5439 2019 5485 et
2061 5434 2231 5490 victo-

647 5505 811 5568 riam,
860 5520 1089 5576 pugnam
1154 5510 1365 5579 quidem
1436 5514 1669 5583 diaboli,
1723 5519 1997 5577 victoriam
2050 5500 2226 5582 autem

641 5594 876 5649 Christi?
899 5599 1122 5661 vidistis,
1155 5610 1208 5653 ut
1228 5604 1535 5671 ptenitentia
1560 5608 1883 5681 laudaretur,
1910 5622 1961 5669 et
1983 5615 2249 5676 diabolus.

700 5729 985 5805 (aj'gcollat'a
1008 5748 1115 5805 cum
1140 5742 1245 5786 Mss.
1276 5746 1395 5805 pug.
1442 5742 1577 5799 1828,
1608 5746 1742 5803 l8'29,
1781 5750 1919 5805 2032,
1945 5751 2085 5801 212$.
2114 5760 2224 5805 Hec

639 5789 829 5841 “omni”
857 5798 1051 5843 WW1"
1074 5798 1225 5847 iocum
1245 5789 1433 5852 obtinet
1446 5789 1742 5859 inspuit—ii
1785 5789 1919 5809 'W"

2345 5346 2552 5417 plagam
2584 5364 2688 5403 non
2718 5347 2911 5413 ferret,
2940 5350 3035 5405 sed
3068 5351 3359 5420 trepidaret
3400 5360 3455 5407 et
3493 5350 3779 5409 horreret?
3804 5354 3935 5424 Quid

2339 5438 2516 5506 times,
2545 5454 2578 5495 ο
2604 5441 2845 5507 diabule,
2878 5442 3004 5496 dum
3033 5444 3343 5512 poenitentia
3375 5444 3657 5500 laudatur?
3683 5448 3814 5515 quid
3840 5464 3933 5518 ge-

2335 5530 2475 5585 mis?
2505 5532 2629 5601 quid
2659 5533 2883 5588 horres?
2913 5534 3100 5590 Merito
3131 5550 3280 5603 sane,
3314 5536 3502 5605 inquit,
3542 5551 3698 5605 gemo
3722 5546 3780 5592 et
3804 5539 3934 5593 aflli-

2296 5686 2303 5687 γ
2331 5638 2427 5693 gor
2450 5642 2463 5679 :
2490 5641 2676 5695 magna
2696 5626 2822 5680 mihi
2846 5643 2968 5681 vasa
2998 5630 3167 5699 rapuit
3192 5630 3501 5699 poenitentia
3531 5629 3650 5682 ista.
3677 5630 3930 5697 Quzrnam

2330 5716 2422 5770 illa
2475 5718 2731 5772 tandem?
2778 5720 3140 5785 Meretricem,
3202 5722 3579 5791 publicanum,
3629 5721 3925 5794 latronem,

2328 5807 2716 5871 blaSphetnum.
2750 5811 3036 5869 Enimvero
3072 5812 3235 5868 multa
3278 5827 3400 5867 vasa
3451 5812 3566 5882 ejus
3610 5811 3729 5871 sine
3768 5812 3933 5867 dubio
