4190 6322
224 390 327 444 935

226 508 404 575 rapuit
447 505 786 577 pmnitcntia,
828 508 882 555 et
930 501 1096 570 ipsam
1133 497 1246 567 ejns
1293 512 1470 551 arcem
1504 501 1728 563 evertit,
1773 513 1836 551 ac

224 600 370 653 letali
420 601 646 652 vulnere
687 606 768 649 est
802 611 828 646 a
875 591 1188 661 pmnitentia
1235 589 1515 642 confossus
1546 607 1559 642 :
1589 590 1728 656 quod
1770 605 1835 641 ex

226 685 290 737 iis
339 684 629 751 intelliges,
676 678 1043 763 dilegissime,
1097 690 1216 743 quae
1257 687 1426 740 nuper
1469 674 1835 740 experimento

223 784 506 842 comperta
554 780 697 826 sunt.
730 770 838 824 Cur
879 769 1040 838 igitur
1083 765 1358 834 ejusmodi.
1391 778 1682 831 congressu
1727 778 1831 815 non

211 850 480 927 fruimur,
511 878 611 916 nec
627 861 848 930 singulis
870 858 1056 911 diebus
1085 855 1150 908 ad
1178 855 1461 908 ecclesiam
1483 854 1829 919 ventitamus,

223 965 282 1008 ut
333 953 704 1023 paenitentiam
744 947 1202 1017 complectamur?
1233 945 1356 999 Sive
1400 945 1541 998 enim
1585 952 1832 1012 peccator

223 1047 320 1108 sis,
349 1045 631 1113 ingredere
661 1044 712 1095 in
737 1040 1040 1102 ecclesiam,
1069 1047 1126 1091 ut
1156 1045 1369 1106 peccata
1396 1045 1480 1087 tua
1500 1035 1645 1087 dicas
1670 1052 1682 1087 :
1713 1035 1830 1087 sive

221 1137 404 1203 justus
446 1136 540 1196 sis,
585 1131 893 1201 ingredere,
927 1145 995 1183 ne
1021 1145 1052 1181 a
1090 1127 1294 1197 justitia
1335 1125 1597 1180 excidas:
1645 1135 1828 1196 portus

225 1228 372 1280 enim
405 1233 489 1279 est
515 1223 727 1293 utrique
757 1221 1003 1277 ecclesia.
1028 1243 1034 1247 -

302 1437 488 1490 Prima
524 1437 834 1507 prenitentiaa
861 1437 941 1490 eia
981 1435 1232 1505 confessio
1280 1434 1492 1502 peccati.
1524 1431 1831 1501 Exemplum

227 1530 508 1596 peccatoris
531 1539 793 1597 peccatum
819 1544 918 1579 non
964 1525 1182 1594 confessi
1202 1535 1247 1578 et
1278 1525 1460 1592 puniti.
1485 1555 1554 1563 —
1575 1525 1830 1578 Peccator

223 1634 284 1670 es
304 1619 329 1670 ?
357 1619 435 1672 Ne
466 1619 801 1686 despondeas
828 1617 1064 1670 animum
1084 1657 1096 1678 ,
1132 1616 1226 1670 sed
1269 1617 1550 1684 ingredere
1569 1657 1582 1679 ,
1609 1631 1672 1669 ac
1709 1631 1827 1684 pm-

225 1711 510 1762 nitentiam
533 1708 784 1762 obtende.
819 1708 1096 1761 Peceasti‘!
1126 1707 1218 1759 Dic
1243 1707 1351 1760 Deo
1377 1725 1389 1757 :
1425 1706 1671 1760 Peccavi.
1698 1704 1829 1770 Quis

225 1801 314 1854 hic
344 1800 500 1853 labor
525 1799 644 1853 est?
671 1799 789 1867 quis
818 1798 1110 1851 circuitus?
1133 1813 1254 1866 qua:
1282 1797 1558 1866 fatigatio?
1584 1813 1701 1866 quae
1727 1812 1826 1850 an-

219 1894 414 1961 gustia:
453 1891 678 1945 verbum
723 1891 826 1944 hoc
872 1890 1154 1959 proferre:
1202 1889 1463 1943 Peccavi?
1503 1888 1638 1942 Num
1683 1889 1826 1942 enim

221 1995 302 2050 tu,
331 1984 434 2037 nisi
461 1993 514 2037 te
541 1984 715 2052 ipsum
752 1982 954 2036 dixeris
996 1991 1366 2050 peccatorent,
1398 1995 1428 2033 a
1469 1980 1684 2032 diabolo
1719 1994 1824 2032 non

219 2075 600 2128 accusabet‘is?
633 2074 953 2141 Prmoccupa
974 2113 990 2138 ,
1018 2082 1071 2126 et
1109 2072 1257 2139 eripe
1299 2071 1372 2123 illi
1404 2085 1553 2123 suam
1601 2071 1828 2139 dignita-

222 2176 328 2217 tem
353 2182 367 2228 ;
392 2166 509 2233 ejus
531 2164 672 2219 enim
691 2163 921 2234 dignitas
941 2173 1023 2217 est
1038 2178 1291 2216 accusare
1306 2163 1344 2214 ί.
1368 2161 1474 2216 Cur
1495 2161 1655 2231 igitur
1677 2163 1825 2215 illunt

218 2273 327 2309 non
358 2256 645 2325 praevenis,
679 2265 734 2310 et
770 2265 1046 2325 peccatum
1078 2255 1214 2308 dicis
1234 2297 1247 2318 ,
1281 2264 1337 2308 et
1362 2255 1566 2308 crimen
1597 2271 1822 2324 purgas,

218 2364 343 2402 cum
380 2348 545 2416 probe
590 2349 728 2402 scias
758 2348 918 2401 talem
969 2356 1335 2400 accus:ttorem
1369 2346 1482 2408 tibi,
1510 2346 1602 2411 qui
1650 2357 1824 2400 tacere

216 2445 475 2507 nequeat,
496 2437 814 2490 imminere?
833 2436 1110 2490 Peccasti?
1134 2435 1188 2487 .ln
1219 2436 1498 2488 ecclesiam
1522 2435 1821 2504 ingredere,

215 2527 305 2581 dic
337 2527 485 2581 Deo:
519 2527 768 2580 Peccavi.
796 2525 938 2579 Nihil
965 2524 1107 2578 aliud
1145 2526 1240 2578 abs
1272 2533 1322 2577 te
1352 2525 1452 2576 nisi
1479 2527 1653 2577 solum
1683 2525 1822 2579 istud

222 2618 406 2687 exigo.
439 2618 530 2670 Ait
563 2618 703 2670 enim
742 2616 1015 2684 Scriptura
1057 2631 1205 2670 sacra
1240 2632 1254 2668 :
1285 2614 1378 2667 Dic
1405 2624 1459 2666 tu
1489 2616 1682 2686 primus
1721 2618 1821 2669 ini-

218 2711 442 2780 quitates
465 2720 598 2773 tuas,
622 2719 674 2761 ut
682 2710 980 2778 justiﬁceris
1001 2706 1050 2778 (Ι
1057 2709 1152 2762 sai.
1172 2709 1263 2762 45.
1281 2708 1395 2777 26);
1414 2708 1499 2761 die
1520 2718 1818 2777 peccatum,

225 2813 286 2855 ut
305 2803 492 2855 solvas
511 2811 808 2869 peccatum.
829 2799 943 2853 Non
964 2801 1014 2852 in
1032 2798 1132 2852 hoc
1155 2799 1302 2852 labor
1319 2809 1420 2863 est,
1442 2815 1549 2854 non
1565 2799 1822 2852 circuitus

214 2894 529 2956 verborum,
565 2905 737 2961 neque
767 2892 1111 2957 pecuniarum
1135 2903 1415 2960 expensm,
1455 2903 1628 2957 neque
1670 2889 1818 2942 aliud

215 2985 511 3054 quidquam
555 2984 852 3052 ejusmodi;
886 2983 972 3038 dic
1019 2982 1276 3045 verbum,
1340 2977 1496 3035 bona:
1533 2983 1655 3036 fidei
1703 2992 1822 3038 esto

211 3079 361 3133 circa
382 3087 678 3148 peccatum,
695 3078 870 3143 etdic,
897 3078 1140 3133 Peccavi.
1156 3078 1308 3133 Unde
1322 3094 1449 3133 vero
1464 3080 1520 3132 lit
1539 3079 1658 3145 hoc,
1679 3079 1822 3135 dicet

211 3173 411 3242 aliquis
431 3213 446 3237 ,
479 3181 538 3226 ut
563 3173 605 3226 si
637 3165 838 3240 primus
861 3181 1138 3240 peccatum
1165 3171 1384 3237 dixero,
1411 3181 1691 3240 peccatum
1722 3172 1820 3227 de-

213 3261 392 3316 leam‘?
415 3263 594 3316 llabeo
624 3263 674 3314 in
692 3261 966 3330 Scriptura
994 3261 1288 3325 hominem,
1312 3263 1403 3332 qui
1433 3272 1706 3330 peccatum
1737 3264 1820 3317 di-

211 3354 313 3419 xit,
335 3362 389 3407 et
409 3354 608 3408 delevit
635 3371 647 3406 :
671 3363 726 3406 et
746 3355 838 3422 qui
867 3367 970 3406 non
994 3353 1147 3419 dixit,
1173 3363 1228 3408 et
1251 3354 1533 3408 damnatus
1555 3363 1653 3408 est.
1684 3353 1816 3409 Cain

209 3445 411 3498 occidit
432 3445 649 3498 fratrem
664 3460 818 3499 suum
836 3445 993 3511 Abel,
1017 3445 1211 3499 invidia
1229 3455 1527 3515 correptus,
1547 3448 1624 3502 sic
1643 3456 1817 3502 utcas-

208 3536 311 3590 dcs
341 3535 594 3589 invidiam
627 3547 980 3605 sequeretur:
1011 3525 1422 3606 siquidcm'eum
1452 3540 1731 3595 seductum
1763 3541 1816 3596 in

207 3643 460 3696 campum
507 3627 792 3682 interfecit.
820 3629 955 3697 Quid
988 3637 1164 3684 autem
1191 3631 1267 3684 ait
1297 3631 1370 3684 illi
1412 3632 1590 3686 Deus?
1621 3632 1716 3686 Ubi
1743 3644 1816 3688 est

208 3719 338 3771 Abel
357 3721 518 3788 frater
536 3730 648 3773 tuus
668 3719 819 3790 (Gen.
846 3721 898 3774 4.
929 3721 1025 3790 9)?
1047 3721 1147 3789 Qui
1165 3723 1528 3788 novitomnia,
1549 3740 1655 3777 non
1672 3725 1814 3794 quod

209 3811 442 3879 ignoret,
465 3811 778 3882 interrogat,
801 3813 894 3866 sed
925 3823 978 3867 ut
1001 3813 1321 3868 homicidam
1341 3815 1537 3870 alliciat
1556 3817 1621 3870 ad
1647 3819 1817 3886 poeni-

208 3901 455 3955 tentiarn.
501 3901 642 3956 Satis
692 3904 836 3957 enim
868 3905 1119 3958 indicavit
1152 3921 1211 3960 se
1239 3906 1653 3976 interrogantem
1704 3925 1811 3964 non

207 3991 494 4059 ignorare:
524 3989 624 4045 Ubi
644 4002 714 4047 est
731 3993 1028 4063 Abelfrater
1049 4004 1164 4048 tuus
1185 3994 1372 4066 (Ibid.)
1390 3995 1413 4049 ?
1433 3999 1503 4050 At
1529 3998 1618 4052 ille
1633 3999 1768 4052 dixit
1795 4019 1807 4053 :

207 4081 398 4136 Nescio
413 4099 431 4147 ;
449 4086 696 4149 numquid
714 4096 882 4140 custos
913 4088 1089 4158 fratris
1110 4089 1207 4141 mei
1236 4105 1350 4142 sum
1379 4106 1469 4160 ego
1487 4091 1512 4143 τ’
1533 4093 1681 4156 Esto,
1705 4110 1810 4150 non

203 4188 267 4226 es
288 4184 491 4238 custos,
515 4190 614 4228 cur
634 4177 794 4229 etiam
817 4176 1167 4256 interemptor
1186 4193 1246 4232 es
1263 4180 1287 4232 ?
1309 4195 1414 4234 non
1432 4183 1770 4239 custodiebas
1795 4203 1806 4238 :

203 4279 302 4319 cur
341 4265 501 4318 etiam
544 4267 898 4321 interfecisti?
925 4267 1125 4322 Tamen
1165 4269 1266 4323 ista
1305 4272 1621 4327 confiteris?
1666 4275 1809 4330 Reus

203 4374 264 4410 es
295 4374 508 4427 quoque
552 4368 711 4427 atque
755 4361 1020 4414 obnoxius
1046 4362 1321 4416 custodite.
1370 4363 1507 4431 Quid
1540 4367 1698 4436 igitur
1740 4369 1806 4423 ad

205 4450 356 4505 illum
392 4451 573 4504 Deus?
609 4450 719 4504 Vos:
752 4453 1015 4522 sanguinis
1042 4453 1219 4522 fratris
1263 4455 1336 4508 tui
1366 4456 1490 4510 Abel
1523 4459 1710 4512 clamat
1740 4462 1808 4514 ad

202 4559 284 4596 me
306 4543 372 4595 de
393 4541 652 4613 terran.
685 4558 731 4596 υ.
764 4542 876 4616 10).
897 4544 1087 4614 Arguit
1114 4545 1262 4598 illum
1291 4547 1491 4612 statim,
1515 4561 1569 4602 et
1592 4565 1802 4618 pcnnant

203 4636 386 4689 intulit
431 4652 537 4690 non
589 4645 694 4689 tam
725 4635 793 4691 ob
833 4635 1037 4696 cmdem
1067 4651 1226 4707 quam
1270 4639 1340 4694 ob
1377 4641 1800 4710 impudentiam:

201 4743 312 4782 non
344 4729 489 4783 enim
522 4729 592 4782 ita
647 4729 788 4784 Deus
813 4731 925 4784 odit
959 4747 1082 4785 eum
1107 4733 1197 4802 qui
1245 4743 1451 4802 peccat,
1479 4745 1534 4789 ut
1560 4754 1680 4792 eum
1712 4740 1802 4809 qui

199 4821 544 4891 impudenter
575 4837 633 4876 se
652 4823 815 4892 gerit.
858 4822 1016 4878 Certe
1057 4825 1187 4878 Cain
1216 4827 1280 4879 ad
1313 4829 1681 4896 paenitentiam
1714 4848 1804 4888 ac-

197 4915 483 4968 cedentem
524 4929 627 4967 non
654 4897 913 4979 admittit,
951 4917 1072 4984 quia
1123 4927 1397 4984 peccatum
1449 4922 1650 4989 primus
1695 4941 1798 4978 non

196 5007 355 5061 dixit.
385 5007 522 5073 Quid
549 5006 691 5062 enim
715 5007 825 5060 ait?
855 5007 1027 5078 Majas
1049 5020 1120 5062 est
1148 5021 1409 5078 peccatum
1436 5031 1620 5079 metuit,
1649 5033 1798 5086 quam

196 5109 253 5150 ut
280 5097 567 5149 remittatur
588 5098 713 5150 mihi
740 5096 845 5168 (Ib.
878 5116 925 5152 υ.
962 5100 1050 5167 15)
1079 5117 1092 5151 :
1126 5103 1276 5167 quasi
1298 5103 1503 5158 diceret
1533 5124 1547 5159 :
1577 5107 1795 5162 Multum

196 5188 441 5257 peccavi,
474 5190 588 5244 non
629 5206 749 5244 sum
797 5191 990 5262 dignus
1033 5203 1092 5246 ut
1132 5194 1329 5249 vivam.
1375 5198 1512 5263 Quid
1548 5214 1675 5271 ergo
1727 5201 1794 5256 ad

197 5280 348 5333 illum
399 5280 576 5334 Deus?
626 5279 842 5335 Gemens
885 5299 945 5334 ac
997 5294 1216 5339 tremens
1264 5287 1362 5340 eris
1408 5305 1560 5357 super
1610 5301 1795 5345 terram

195 5372 304 5440 Ub.
355 5389 401 5425 υ.
454 5372 542 5442 12)
572 5390 585 5424 :
616 5381 670 5428 et
719 5390 937 5444 gravem
990 5376 1064 5430 illi
1123 5378 1511 5450 molestamque
1577 5397 1792 5451 pmnam

195 5463 471 5532 imposuit.
523 5464 638 5519 Non
671 5465 933 5519 iuterlicio
973 5475 1058 5530 te,
1109 5468 1294 5538 inquit,
1326 5487 1393 5525 ne
1428 5473 1626 5528 veritas
1654 5475 1792 5530 obli-

194 5553 340 5608 vioui
369 5556 626 5618 tradatur,
651 5552 969 5622 sed'efllcio,
997 5569 1052 5611 ut
1083 5560 1157 5613 sis
1177 5562 1282 5624 lex,
1302 5578 1422 5632 quae
1446 5563 1514 5618 ab
1542 5567 1792 5622 omnibus

193 5647 420 5715 legatur,
449 5657 505 5701 ut
548 5649 826 5703 calamitas
873 5649 1220 5720 philosophia
1261 5665 1430 5709 mater
1456 5654 1564 5710 ﬁat.
1598 5657 1661 5713 Et
1686 5659 1791 5716 cir-

257 5805 276 5836 ¹
312 5803 384 5854 Sic
409 5813 511 5854 uss.
547 5811 659 5854 Hzec
683 5806 925 5857 Morellius
947 5822 1113 5859 manca
1141 5810 1380 5864 ediderat.

524 5897 791 5957 Parant.
838 5901 952 5961 (in.
1000 5908 1046 5966 Χ
1067 5906 1198 5970 LIX

1384 383 1470 436 DE
1514 383 1981 438 ΡΟΕΝΠΕΝΤΙΑ.
2025 385 2250 441 llOMlL.
2297 388 2388 443 ll.-

3427 406 3534 462 286

1943 500 2121 570 euibat
2145 502 2299 566 Cain,
2331 505 2413 558 lex
2444 508 2696 577 animata,
2730 513 2976 568 columna
3004 517 3230 571 motoria
3257 561 3268 582 ,
3299 536 3418 587 quae
3449 532 3531 578 ta-

1940 595 2127 656 cebat,
2179 605 2232 648 et
2282 607 2458 653 tamen
2505 616 2692 656 vocem
2741 606 2863 659 tuba
2905 608 3185 664 clariorem
3233 613 3531 667 emittebat.

1939 681 2128 748 Nemo,
2164 687 2509 775 inquit,.talia
2541 693 2731 760 faciat,
2767 713 2833 750 ne
2865 701 2987 753 talia
3023 703 3272 769 patiatur.
3309 706 3534 775 Pr0pter

1940 775 2320 843 impudentiam
2349 766 2614 850 supplicio
2635 798 2716 840 est
2743 789 2986 856 affectus,
3017 805 3067 846 ct
3089 810 3209 848 cum
3242 813 3344 850 non
3371 799 3535 853 dixis-

1937 875 2020 918 set
2046 878 2320 934 peccatum
2344 913 2358 937 ,
2391 874 2482 926 sed
2508 878 2787 933 convictus
2812 891 2990 946 esset,
3021 886 3088 937 oh
3117 887 3246 939 illud
3277 889 3531 942 eummis-

1937 971 2053 1010 sum
2101 960 2384 1018 damnatus
2433 976 2534 1020 est.
2584 968 2638 1022 Si
2695 972 2855 1024 enim
2884 988 2976 1027 sua
3021 989 3210 1044 sponte
3250 978 3533 1036 confessus

1935 1058 2098 1114 esset,
2133 1062 2406 1121 peccatum
2433 1072 2462 1110 a
2491 1073 2549 1112 se
2581 1060 2752 1126 primo
2775 1062 3045 1120 detectum
3080 1070 3383 1129 delcvisset.

2004 1143 2058 1191 2.
2093 1139 2229 1194 Laus
2255 1141 2465 1199 Davidis
2495 1156 2537 1199 et
2555 1152 2885 1215 psalmorum.
2915 1155 3187 1225 Con/ertur
3212 1165 3383 1216 anima
3418 1184 3532 1220 cum

1933 1245 2117 1294 curru;
2162 1232 2534 1290 demonstratur
2575 1243 2743 1308 quod,
2789 1245 2925 1299 circa
2969 1249 3200 1304 virtutem
3244 1265 3291 1306 et
3335 1258 3560 1322 citium,

1932 1323 2100 1376 minus
2134 1328 2297 1380 (etatis
2329 1346 2478 1397 quam
2509 1334 2779 1389 voluntatis
2815 1341 2945 1392 ratio
2983 1342 3214 1398 habenda
3253 1357 3344 1400 est.
3368 1377 3438 1390 -η
3467 1352 3529 1406 Ut

1930 1421 2108 1467 autem
2149 1415 2262 1470 haec
2305 1418 2376 1472 ita
2417 1435 2475 1474 se
2516 1421 2711 1479 habere
2753 1427 3049 1498 intelligas,
3093 1449 3394 1505 cognosce,
3424 1459 3529 1508 quo

1932 1511 2086 1569 pacto
2114 1506 2249 1561 alius
2287 1510 2547 1578 quispiam
2575 1529 2694 1568 cum
2735 1517 2956 1575 dixisset
2984 1525 3187 1592 primus
3211 1569 3226 1592 ,
3255 1506 3527 1597 peccatum

1929 1593 2205 1650 delcvcrit.
2255 1600 2542 1658 Veniamus
2571 1607 2635 1660 ad
2682 1609 2936 1666 Davidem
2959 1656 2974 1678 ,
3006 1593 3324 1686 prophetam
3355 1633 3409 1676 et
3440 1642 3528 1678 re-

1927 1697 2080 1750 gem;
2105 1687 2195 1740 sed
2220 1689 2485 1747 lubentius
2507 1710 2627 1749 cum
2651 1714 2714 1752 ex
2740 1705 2955 1758 nomine
2976 1708 3268 1776 prophetia:
3283 1716 3527 1783 appello:

1928 1774 2188 1853 siquidem
2221 1795 2440 1851 regnum
2470 1787 2585 1855 ejus
2617 1790 2668 1843 in
2697 1791 3063 1865 Palmstinam,
3097 1804 3374 1871 prophetia
3403 1824 3529 1861 vero

1929 1865 1980 1918 in
2031 1867 2164 1924 lines
2210 1872 2356 1928 orbis
2401 1886 2661 1935 terrarum
2717 1889 3150 1948 cxtendebatur:
3199 1905 3252 1948 ct
3304 1913 3525 1966 regnum

1926 1956 2140 2023 quidem
2182 1964 2394 2020 modico
2443 1977 2682 2038 tempore
2716 1977 3057 2034 terminatum
3102 1993 3220 2050 est,
3249 1989 3526 2058 prophetia

1927 2062 2054 2100 vero
2082 2051 2399 2111 immortalia
2431 2061 2592 2114 verba
2624 2069 2950 2130 pronuntiat.
2978 2071 3156 2126 Satius
3186 2087 3330 2131 esset
3358 2081 3525 2135 solem

1925 2142 2188 2212 exstingui
2214 2186 2228 2210 ,
2259 2163 2417 2215 quam
2448 2153 2607 2206 verba
2637 2156 2851 2212 Davidis
2879 2161 3133 2219 oblivioni
3167 2169 3322 2222 tradi.
3350 2171 3446 2226 llic
3475 2175 3525 2226 in

1925 2232 2241 2290 adulterium
2270 2249 2324 2293 et
2353 2241 2699 2301 homicidium
2729 2249 2907 2318 lapsus
2935 2263 3016 2308 est
3040 2273 3054 2308 :
3087 2257 3217 2313 vidit
3242 2261 3405 2328 enim,
3441 2265 3524 2318 in-

1925 2325 2039 2393 quit
2069 2327 2372 2400 Scriptura,
2407 2339 2687 2395 mulierem
2718 2344 2993 2411 pulchram
3034 2365 3093 2405 se
3125 2351 3388 2409 lavantem
3409 2396 3424 2421 ,
3472 2368 3526 2410 et

1924 2417 2190 2474 adamavit
2216 2437 2333 2477 eam
2365 2443 2378 2478 :
2404 2427 2598 2484 deinde
2624 2434 2766 2502 quod
2795 2439 2932 2505 apud
2964 2454 3023 2495 se
3052 2450 3330 2510 statuerat,
3366 2417 3518 2516 pere-

1923 2510 1998 2579 git
2141 2515 2270 2587 Reg.
2300 2520 2385 2574 ll.
2415 2521 2504 2589 2).
2533 2523 2600 2578 Et
2625 2536 2740 2580 erat
2771 2529 2821 2582 in
2850 2531 3111 2588 adulterio
3144 2510 3402 2606 propheta
3423 2581 3435 2599 .
3474 2543 3523 2594 in

1923 2604 2101 2659 medio
2128 2606 2238 2662 luto
2269 2615 2573 2682 margarita.
2605 2617 2983 2678 Verumtamen
3012 2641 3071 2680 se
3104 2643 3356 2696 peccasse
3385 2648 3516 2685 non-

1921 2698 2047 2753 dum
2076 2714 2334 2759 noverat:
2367 2709 2502 2763 adeo
2531 2715 2932 2780 perturbatione
2957 2721 3117 2774 animi
3151 2724 3356 2792 sopitus
3385 2739 3519 2780 erat.

1921 2790 2054 2845 Cum
2082 2797 2223 2850 enim
2255 2797 2433 2854 ebrius
2460 2813 2540 2856 est
2567 2807 2750 2876 auriga
2776 2850 2791 2874 ,
2825 2809 3178 2881 incomposite
3207 2815 3372 2870 fertur
3396 2833 3516 2874 cur-

1921 2896 2051 2936 rus:
2087 2900 2249 2954 porro
2273 2891 2414 2958 quod
2445 2894 2625 2964 auriga
2653 2907 2708 2950 et
2736 2913 2945 2966 currus,
2982 2902 3082 2957 hoc
3110 2906 3287 2959 anima
3316 2918 3440 2962 sunt
3469 2921 3524 2962 et

1920 2986 2136 3043 corpus.
2160 2978 2214 3030 Si
2240 2978 2379 3033 forte
2398 2981 2747 3040 obtenebrata
2770 2989 2841 3042 sit
2864 2990 3040 3044 anima
3061 3033 3076 3057 ,
3108 3003 3217 3047 tum
3245 3005 3297 3050 et
3328 3013 3524 3066 corpus

1921 3062 1974 3118 in
2000 3065 2113 3132 luto
2135 3071 2416 3126 volutatur.
2442 3074 2704 3142 Quamdiu
2729 3095 2955 3149 namque
2977 3092 3082 3138 stat
3107 3090 3310 3156 auriga,
3334 3062 3524 3144 currus

1918 3171 2131 3228 quoque
2160 3171 2308 3217 recte
2337 3164 2616 3235 dirigitur;
2662 3185 2784 3225 cum
2816 3188 2944 3228 vero
2987 3175 3295 3234 destituitur
3321 3183 3524 3238 viribus

1919 3247 2030 3314 ille,
2078 3267 2250 3322 neque
2296 3265 2471 3324 potest
2509 3258 2746 3316 habenas
2793 3274 2993 3333 tenere,
3026 3277 3137 3321 tum
3185 3286 3312 3325 vero
3361 3274 3523 3329 etiam

1918 3356 2106 3396 currus
2135 3347 2278 3401 malo
2306 3363 2427 3404 esse
2467 3351 2518 3405 itt
2560 3362 2699 3408 statu
2731 3356 2990 3412 cernitur.
3033 3358 3107 3413 lta
3138 3377 3352 3433 quoque
3383 3365 3439 3418 lit
3466 3367 3520 3420 in

1921 3427 2174 3486 homine:
2204 3435 2457 3501 quamdiu
2486 3437 2667 3494 sobria
2697 3451 2782 3496 est
2805 3451 2858 3496 et
2888 3445 3069 3512 vigilat
3095 3427 3294 3512 anima,
3325 3463 3521 3519 corpus

1920 3519 2090 3589 ipsum
2118 3524 2278 3579 etiam
2305 3538 2498 3596 puram
2531 3543 2847 3601 permanet;
2879 3536 2966 3591 ubi
3004 3553 3132 3592 vero
3172 3540 3521 3596 obtenebrata

1920 3618 2082 3675 fuerit
2107 3625 2308 3690 anima,
2341 3641 2538 3696 corpus
2565 3629 2724 3684 etiam
2757 3631 2926 3700 ipsum
2959 3633 3009 3688 in
3043 3634 3155 3689 luto
3184 3652 3248 3691 ac
3274 3637 3519 3707 volupta-

1920 3711 2056 3765 tibus
2085 3715 2370 3770 volutatur.
2406 3716 2544 3785 Qnid
2574 3719 2733 3789 igitur
2765 3721 2971 3777 David?
2999 3721 3278 3780 Commisit
3308 3729 3520 3783 adulta-

1917 3804 2053 3857 rium
2076 3821 2090 3866 ;
2120 3807 2212 3859 sed
2246 3809 2540 3874 nesciebat,
2565 3827 2738 3883 neque
2759 3815 2827 3869 ab
2857 3817 2964 3870 ullo
2989 3819 3331 3887 arguebatur,
3359 3820 3522 3892 idpte

1915 3909 2034 3948 cum
2063 3913 2224 3952 senex
2256 3899 2542 3957 admodum
2572 3914 2711 3959 esset
2737 3922 2751 3959 :
2781 3914 2840 3960 ut
2870 3908 3138 3979 intelligas
3159 3951 3173 3972 ,
3202 3911 3245 3966 si
3277 3909 3414 3966 forte
3444 3914 3521 3968 sis

1916 3990 2227 4060 negligens,
2293 4008 2468 4062 neque
2527 3997 2618 4052 tibi
2670 3999 2920 4055 canitiem
2984 4004 3280 4072 prodesse,
3342 4022 3519 4078 neque

1915 4097 2121 4147 rursus,
2153 4085 2197 4138 si
2230 4085 2501 4142 studiosus
2526 4091 2601 4144 sis
2625 4105 2689 4146 ac
2715 4091 2963 4164 diligens,
2989 4095 3330 4165 juventutetn
3360 4115 3520 4169 posse

1916 4182 1966 4228 te
1994 4174 2206 4230 laedere.
2239 4177 2420 4248 Neque
2445 4181 2587 4237 enim
2614 4184 2682 4238 ab
2709 4193 2865 4241 wtate
2895 4202 3104 4253 mores,
3138 4190 3231 4244 sed
3258 4191 3327 4245 ab
3351 4194 3514 4246 animi

1912 4269 2177 4321 sententia
2235 4279 2382 4325 recte
2433 4270 2569 4326 facta
2625 4287 2988 4343 promanant:
3040 4294 3162 4333 nam
3217 4289 3273 4336 et
3327 4282 3512 4338 Daniel

1912 4358 2191 4414 duodecim
2221 4378 2482 4417 annorutn
2509 4366 2526 4398 ⁸
2552 4376 2687 4428 erat,
2721 4378 2776 4422 et
2799 4368 3103 4436 judicabat;
3137 4373 3378 4428 seniores
3414 4390 3511 4427 au-

1913 4459 2046 4516 tent,
2079 4453 2357 4508 inveterati
2381 4456 2431 4510 in
2459 4455 2671 4530 diebus,
2701 4460 2954 4516 adulterii
2983 4463 3213 4518 fabulam
3232 4468 3508 4522 confinxe-

1910 4553 2064 4609 runt,
2093 4556 2146 4598 et
2193 4559 2292 4599 nec
2318 4547 2420 4601 illis
2449 4549 2673 4603 canities
2717 4551 2949 4620 profuit,
2994 4570 3094 4609 nec
3133 4555 3382 4624 juventus
3423 4561 3510 4615 isti

1910 4638 2093 4692 nocuit
2136 4639 2297 4708 (Dan.
2343 4641 2440 4707 15,
2474 4643 2545 4698 45
2570 4646 2755 4715 seqq.).
2805 4645 2874 4700 Et
2905 4658 2961 4702 ut
3003 4648 3263 4720 intelligas
3295 4662 3398 4706 nan
3446 4669 3510 4709 cx

1909 4738 2084 4794 :etate,
2110 4731 2201 4784 sed
2229 4746 2291 4785 ex
2320 4732 2484 4786 animi
2512 4735 2788 4805 proposito
2805 4735 2871 4792 de
2893 4739 3192 4794 actionibus
3207 4751 3512 4813 temperan—

1910 4822 1995 4874 ti:e
2025 4822 2285 4889 judicium
2329 4825 2480 4888 ferri.
2500 4822 2667 4883 David
2690 4830 2887 4884 cumin
2916 4834 3031 4904 ipsa
3057 4849 3189 4888 cana
3233 4847 3509 4892 senectute

1909 4925 2229 4977 versaretur,
2261 4923 2386 4970 tunc
2401 4917 2452 4970 in
2474 4917 2792 4974 adulterium
2825 4921 3006 4992 lapsus
3025 4929 3336 4990 csl,caedem
3358 4946 3508 4984 cont-

1908 5007 2084 5071 misit,
2109 5018 2163 5063 et
2187 5011 2265 5064 sic
2293 5011 2517 5066 affectus
2546 5023 2696 5080 erat;
2725 5024 2782 5068 ut
2808 5029 2865 5070 se
2892 5032 3145 5088 peccasse
3185 5022 3298 5089 ipse
3327 5027 3508 5080 nesci-

1907 5110 2018 5151 ret:
2051 5100 2315 5170 siquidem
2360 5105 2539 5173 auriga
2586 5121 2740 5161 mens
2783 5108 2900 5176 ejus
2942 5120 3059 5164 erat
3106 5111 3505 5172 incontinentize

1904 5189 2166 5246 ebrietate
2218 5203 2483 5261 correpta.
2560 5195 2742 5264 itaque
2793 5199 2956 5254 mittit
2999 5202 3064 5255 ad
3121 5219 3243 5258 eum
3297 5207 3504 5265 Nathau

1906 5281 2216 5350 prophetam
2251 5284 2392 5339 Deus
2422 5301 2435 5338 :
2471 5291 2728 5356 propheta
2755 5291 2899 5345 venit
2930 5293 2995 5346 ad
3030 5295 3370 5366 prophetam.
3414 5302 3503 5356 Sic

1902 5372 2044 5427 enim
2066 5388 2185 5428 cum
2214 5376 2433 5431 medicis
2458 5379 2631 5448 agitur
2660 5396 2675 5434 :
2704 5380 2746 5434 si
2769 5382 2981 5454 quando
2997 5384 3312 5460 fuerita-ger
3338 5392 3503 5444 ιιιρὼ-

1901 5483 1994 5522 cus
2014 5509 2029 5534 ,
2065 5478 2172 5525 ttttn
2204 5472 2372 5525 altero
2399 5472 2600 5545 indiget
2631 5475 2719 5532 ille
2743 5478 2972 5533 medico.
3001 5477 3146 5534 ldcm
3175 5480 3262 5536 hic
3287 5498 3499 5554 quoque

1901 5561 2096 5616 accidit
2122 5580 2134 5616 :
2165 5567 2508 5621 commiserat
2532 5559 2806 5637 peccatum
2839 5571 3097 5641 propheta
3118 5616 3134 5639 ,
3161 5585 3212 5627 et
3235 5575 3493 5643 prOpbeta

1901 5664 2042 5722 erat,
2077 5657 2166 5726 qui
2208 5658 2502 5714 remedium
2546 5661 2824 5717 afferebat.
2859 5663 3017 5719 Venit
3047 5665 3206 5737 igitur
3248 5666 3314 5721 ad
3345 5664 3494 5722 illum

1975 5823 1988 5851 ι
2016 5821 2063 5863 tn
2085 5812 2274 5875 Savilio,
2310 5815 2474 5867 decem
2500 5829 2750 5869 uariorum.

1913 5934 1935 5963 ο
3052 5924 3126 5983 ιδ
