4190 6322
741 403 848 458 287

747 518 986 581 Natban,
1016 527 1184 585 neque
1230 511 1407 581 statim
1450 511 1519 565 ab
1564 512 1678 580 ipso
1719 510 1900 565 limine
1934 508 2078 563 illum
2114 507 2321 579 arguit,

748 620 840 663 aut
861 608 1027 663 dicit:
1056 604 1293 661 Sceleste
1318 618 1381 658 ac
1409 592 1740 664 deliastande,
1769 598 1978 654 adulter
2006 608 2062 653 et
2102 596 2326 652 homici-

750 701 814 755 da
846 718 859 754 :
890 708 967 753 tot
998 696 1288 753 honoribus
1316 712 1345 748 a
1377 695 1488 750 Deo
1527 695 1825 749 cumulatus
1851 709 1910 747 es
1930 732 1946 758 ,
1977 701 2031 745 et
2059 700 2115 744 tu
2157 690 2324 758 ipsius

745 789 991 845 mandata
1036 786 1283 843 violasti?
1319 786 1459 841 Nihil
1515 785 1619 841 tale
1646 783 1781 840 dixit
1817 782 2060 848 Nathan,
2109 797 2178 836 ne
2219 782 2325 835 im-

743 882 1113 955 pudentiore’m
1151 880 1299 934 illum
1341 877 1624 942 redderet;
1652 891 1773 932 cum
1817 875 1957 931 enim
1994 882 2207 941 peccata
2245 872 2323 926 di-

743 972 1046 1041 vulgantur,
1098 980 1208 1025 tum
1252 968 1319 1024 ad
1373 968 1628 1037 majorem
1677 964 2059 1037 impudentiam
2107 962 2173 1028 is,
2232 962 2322 1031 qui

745 1071 1092 1132 peccaverat,
1113 1066 1447 1130 provocatur.
1477 1056 1631 1110 Venit
1656 1056 1813 1125 igitur
1836 1054 1900 1107 ad
1929 1055 2099 1118 illum,
2121 1061 2176 1107 et
2198 1066 2321 1105 con-

744 1151 919 1208 ﬁctam
951 1153 1056 1205 litis
1082 1150 1308 1204 fabulam
1335 1147 1498 1214 texit,
1536 1146 1713 1215 aitque
1739 1136 1763 1197 ί
1784 1143 1955 1199 Litem
1985 1142 2160 1198 habeo
2184 1142 2324 1212 apud

746 1256 798 1298 te
817 1284 833 1309 ,
855 1257 995 1297 ores
1018 1243 1031 1293 i
1055 1241 1209 1294 Dives
1237 1237 1603 1307 cratquidam,
1632 1245 1685 1291 et
1706 1250 1905 1306 pauper
1928 1233 2140 1304 quidam
2172 1243 2320 1287 erat:

744 1330 972 1386 habebat
994 1340 1169 1384 autem
1198 1328 1348 1383 dives
1373 1336 1612 1383 armenta
1638 1334 1691 1381 ct
1726 1338 1914 1395 greges
1944 1325 2157 1389 multos,
2190 1338 2324 1393 pau-

743 1436 839 1490 per
866 1435 994 1475 vero
1039 1434 1197 1473 unam
1240 1418 1468 1473 habebat
1510 1430 1662 1471 ovem
1682 1456 1698 1481 ,
1728 1430 1849 1484 quae
1875 1415 1944 1469 de
1964 1414 2132 1469 calice
2159 1414 2325 1483 ipsius

744 1513 986 1576 bibebat,
1010 1521 1063 1566 et
1082 1510 1151 1565 de
1176 1524 1356 1565 mensa
1376 1509 1494 1578 ejus
1513 1507 1724 1572 edebat,
1757 1507 1877 1561 etin
1909 1507 2028 1561 sinu
2054 1504 2170 1576 ejus
2195 1505 2325 1559 dor-

748 1602 963 1656 miebat.
991 1601 1103 1656 Hoc
1128 1600 1250 1656 loco
1272 1601 1367 1654 viri
1387 1614 1512 1670 erga
1536 1613 1753 1654 uxorem
1780 1613 2017 1652 amorem
2039 1597 2321 1667 signiﬁcat.

740 1692 875 1747 Cum
903 1702 1080 1747 autem
1112 1692 1423 1762 peregrinus
1442 1690 1703 1761 quispiam
1747 1690 2013 1756 venisset,
2060 1690 2171 1744 suis
2198 1704 2322 1755 par-

746 1797 876 1838 cens
905 1783 1053 1839 dives
1082 1792 1352 1851 acceptam
1383 1782 1626 1852 pauperis
1648 1796 1802 1835 ovem
1829 1780 2087 1850 iugulavit
2115 1778 2173 1851 (2
2192 1779 2321 1850 Reg.

743 1871 833 1927 12.
868 1873 1009 1938 1-5).
1037 1872 1195 1926 Vides
1220 1880 1277 1925 ut
1299 1870 1399 1925 hoc
1427 1870 1544 1924 loco
1566 1870 1796 1925 fabulam
1828 1879 2005 1935 texat,
2029 1879 2085 1925 et
2102 1870 2322 1940 spongia

742 1962 1009 2017 obtectum
1039 1963 1235 2015 ferrum
1272 1959 1487 2031 gestet?
1511 1960 1648 2027 Quid
1670 1976 1798 2030 ergo
1826 1962 1958 2017 rex?
1998 1960 2325 2016 Existimans

741 2066 802 2105 se
828 2051 1082 2105 adversus
1107 2050 1330 2104 alterum
1351 2050 1667 2105 sententiam
1689 2051 1846 2115 terre,
1860 2066 2017 2121 quam
2044 2050 2324 2106 celerrime

742 2140 1057 2195 sententiam
1085 2139 1341 2208 adjunxit.
1374 2136 1462 2194 Sic
1484 2141 1625 2194 enim
1648 2138 1821 2196 facere
1844 2141 2016 2195 solent
2037 2139 2319 2196 homines:

741 2228 996 2283 adversus
1021 2228 1154 2283 alios
1182 2228 1408 2283 libenter
1440 2240 1493 2284 et
1517 2244 1707 2285 severe
1741 2232 2031 2285 sententias
2058 2229 2237 2286 ferunt
2269 2240 2323 2286 et

746 2319 1105 2387 pronuntiant.
1138 2317 1208 2372 Et
1246 2318 1372 2389 quid
1401 2320 1475 2373 ait
1516 2317 1717 2373 David?
1754 2317 1881 2373 Vivit
1908 2318 2193 2387 Dominus,
2237 2322 2320 2375 di-

744 2424 875 2480 gnus
903 2419 1061 2463 morte
1094 2418 1167 2463 est
1198 2410 1342 2473 tatis,
1364 2418 1511 2479 atque
1535 2425 1674 2465 ovem
1692 2411 1743 2464 in
1783 2411 2122 2481 quadruplum
2147 2412 2319 2467 reddet

745 2497 857 2569 (Ib.
883 2514 931 2552 ν.
972 2498 1026 2554 5.
1066 2498 1146 2567 6).
1188 2498 1325 2566 Quid
1381 2500 1538 2569 igitur
1580 2499 1825 2555 Natban?
1876 2500 1991 2556 Non
2042 2503 2321 2572 interjecto

741 2587 1027 2641 multarum
1056 2586 1307 2642 horarum
1336 2589 1508 2658 spatio
1536 2589 1742 2660 plagam
1770 2590 2026 2658 emolliit,
2073 2590 2168 2646 sed
2208 2603 2322 2647 sta-

742 2680 833 2733 tim
865 2681 1131 2743 exseruit,
1168 2688 1223 2735 et
1265 2682 1593 2750 repentinam
1621 2680 1911 2737 sectionem
1939 2682 2205 2748 admovit,
2252 2698 2320 2738 ne

743 2770 942 2825 doloris
983 2772 1232 2827 sensum‘
1279 2772 1556 2827 eximeret.
1604 2769 1686 2826 Tn
1712 2789 1785 2837 es,
1815 2784 1849 2827 o
1889 2788 1981 2827 rex
2013 2772 2115 2846 (Ib.
2147 2789 2194 2827 υ.
2242 2776 2317 2844 7).

746 2855 881 2928 Quid
930 2875 1057 2931 ergo
1083 2875 1176 2916 rex
1200 2859 1316 2915 ait?
1365 2858 1579 2915 Peccavi
1619 2859 1837 2916 Domino
1862 2859 1967 2932 (Ib.
1997 2879 2046 2917 ο.
2080 2862 2168 2934 15)
2195 2906 2209 2929 ,
2241 2864 2321 2918 in-

738 2951 871 3019 quit.
900 2949 1012 3005 Non
1043 2950 1177 3005 dixit
1208 2968 1222 3004 :
1250 2950 1381 3017 Quis
1419 2954 1560 3006 enim
1585 2967 1644 3006 cs
1666 2962 1720 3006 tu
1740 2993 1757 3019 ,
1787 2954 1874 3022 qui
1904 2968 1989 3008 me
2032 2953 2319 3023 reprehen-

738 3041 862 3095 dis?
887 3044 1005 3110 quis
1032 3050 1081 3096 te
1101 3043 1272 3105 misit,
1300 3051 1358 3096 ut
1387 3054 1493 3096 tam
1518 3043 1683 3099 libere
1705 3043 2035 3113 loquereris?
2062 3060 2164 3115 qua
2190 3061 2320 3101 vero

736 3132 953 3186 audacia
1003 3133 1259 3201 impulsus
1292 3131 1393 3186 hoc
1420 3132 1627 3187 fecisti?
1672 3131 1814 3187 Nihil
1866 3134 1970 3187 tale
2017 3134 2183 3199 dixit,
2223 3135 2318 3190 sed

740 3231 1010 3291 peccatum
1050 3224 1260 3291 agnovit
1281 3264 1297 3288 ,
1326 3233 1383 3278 et
1410 3222 1531 3291 quid
1558 3226 1631 3277 ait
1664 3243 1676 3277 :
1721 3222 1937 3278 Peccavi
1962 3222 2181 3279 Domino
2208 3225 2315 3290 (Ib.

741 3330 788 3365 υ.
836 3314 945 3381 13).
976 3314 1113 3379 Quid
1158 3313 1318 3383 igitur
1345 3314 1413 3367 ad
1441 3329 1562 3368 eum
1592 3314 1835 3368 Nathan?
1866 3315 2033 3369 Etiam
2073 3314 2319 3371 Dominus

741 3404 927 3456 dimisit
965 3415 1220 3472 peccatum
1262 3414 1422 3457 tuum.
1475 3404 1725 3474 Teipsum
1764 3405 2167 3473 condemnasti,
2223 3410 2317 3463 tibi

736 3509 834 3563 ego
858 3507 1068 3563 penam
1094 3496 1337 3548 condono
1367 3513 1380 3548 :
1412 3496 1544 3549 bona
1575 3494 1678 3549 Ilde
1720 3505 1993 3564 peccatum
2045 3496 2319 3552 confessus

736 3598 824 3648 es,
856 3592 1127 3652 peccatum
1166 3583 1432 3638 delevisti.
1484 3583 1599 3639 Tibi
1643 3586 1739 3655 ipsi
1786 3587 2035 3639 mulctam
2090 3590 2319 3643 accersi-

737 3673 857 3727 vlsti
880 3714 895 3738 ,
926 3689 1024 3743 ego
1063 3678 1376 3728 sententiain
1410 3690 1579 3730 meam
1612 3675 1821 3731 rescidi.
1856 3676 2019 3732 Vides
2045 3688 2101 3731 ut
2130 3679 2315 3747 imple-

739 3773 850 3815 tum
891 3762 1047 3817 fuerit
1090 3764 1225 3832 quod
1257 3766 1509 3832 scriptum
1541 3776 1659 3819 est:
1701 3765 1796 3819 Dic
1826 3778 1877 3819 tu
1916 3769 2105 3834 primus
2136 3770 2318 3837 iniqui-

738 3860 863 3905 tates
900 3861 1045 3917 tuas,
1102 3863 1155 3905 ut
1188 3855 1478 3921 justi/iceris
1525 3853 1654 3924 (Isai
1698 3857 1784 3909 45.
1826 3856 1951 3927 26)?
1998 3859 2127 3924 Quis
2168 3859 2315 3913 labor

742 3943 968 4012 primum
1011 3954 1222 4011 peccata
1266 3944 1485 3998 dicere?

809 4034 861 4086 5.
892 4034 1061 4084 Altera
1092 4034 1391 4101 pauitantia:
1412 4034 1489 4086 via
1510 4034 1782 4104 lact-gmw:
1801 4036 1852 4089 in
1882 4037 2167 4106 exemplum
2195 4056 2315 4106 pro-

734 4124 893 4192 fertur
919 4125 1140 4177 ΛεΙιααίι.
1160 4155 1229 4163 —
1258 4126 1431 4179 Habes
1460 4137 1632 4179 autem
1664 4138 1717 4179 et
1741 4128 1958 4181 alteram
1991 4131 2314 4197 ptenitentite

737 4215 870 4267 viam
906 4233 917 4267 :
946 4231 1099 4283 quam
1158 4215 1368 4269 tandem
1402 4217 1578 4269 illaut?
1635 4218 1909 4271 PCCCnlttm
1942 4219 2086 4274 ﬂere.
2119 4221 2312 4274 Pecca—

735 4308 799 4358 sti
816 4306 838 4355 ‘I
862 4308 1004 4369 lleto,
1032 4317 1084 4360 ct
1107 4318 1375 4374 peccatum
1397 4310 1575 4359 solvis.
1597 4310 1846 4373 Quisnam
1870 4311 1954 4363 hic
1977 4312 2158 4364 labor?
2185 4314 2312 4366 nihil

734 4412 764 4448 a
796 4406 847 4449 te
871 4398 1095 4464 amplius
1136 4401 1376 4464 requiro,
1406 4414 1562 4467 qum]
1612 4409 1667 4451 ut
1693 4399 1819 4452 ﬂeas
1860 4414 2132 4469 peccatum
2162 4420 2173 4453 :
2207 4419 2310 4456 nou

732 4488 854 4541 dico
884 4488 972 4539 tibi
996 4528 1011 4551 ,
1045 4498 1099 4540 ut
1135 4489 1407 4541 emetiaris
1449 4490 1609 4541 maria
1635 4530 1649 4551 ,
1703 4501 1758 4540 ut
1788 4492 1835 4541 in
1884 4500 2069 4557 portus
2102 4503 2151 4546 te
2179 4496 2313 4548 reci-

735 4576 880 4643 pias,
916 4592 1085 4643 neque
1114 4586 1170 4629 ut
1211 4578 1309 4629 iter
1334 4580 1605 4642 coniicias,
1636 4596 1806 4647 neque
1849 4592 1905 4633 ut
1949 4582 2307 4651 longissimam

736 4664 1213 4732 peregrinationem
1244 4667 1525 4734 suscipias,
1554 4683 1726 4736 neque
1756 4679 1811 4727 ut
1842 4674 2090 4738 pecunias
2123 4691 2309 4729 nume—

734 4770 840 4819 res,
866 4764 954 4806 aut
976 4756 1130 4808 sawis
1160 4753 1405 4810 ﬂuctibus
1438 4766 1488 4811 te
1514 4760 1843 4823 Committas;
1873 4763 1964 4815 sed
1991 4765 2153 4831 quid?
2182 4767 2309 4819 Pro-

735 4852 851 4910 pter
879 4843 1167 4898 admissum
1190 4856 1459 4913 peccatum
1493 4849 1657 4914 plora.
1704 4847 1854 4903 Unde
1904 4866 2030 4907 vero
2084 4853 2187 4907 hoc
2231 4858 2307 4921 lit,

737 4931 923 5001 inquit,
946 4943 1002 4985 ut
1026 4935 1071 4987 si
1098 4936 1321 5002 plorem,
1355 4948 1625 5004 peccatum
1655 4938 1890 4991 solvam?
1919 4942 2083 5009 llnjus
2119 4946 2190 4995 rei
2219 4945 2311 4997 (Ιο-

734 5026 1170 5078 tnonstrationem
1217 5025 1377 5081 habes
1404 5030 1560 5080 etiam
1612 5045 1674 5081 ex
1733 5030 2024 5098 Scriptura.
2057 5034 2174 5087 Fuit
2217 5053 2305 5090 rex

735 5112 949 5180 quidam
983 5114 1036 5183 (ὃ
1066 5115 1188 5184 Iieg.
1221 5115 1312 5185 2|)
1364 5118 1615 5171 Achaab:
1666 5120 1749 5173 hic
1782 5135 1909 5174 vero
1948 5123 2120 5190 justus
2148 5125 2309 5179 fuisse

708 5214 711 5219 ‘
740 5204 1063 5273 perhibetur.
1108 5208 1367 5261 Caeterum
1400 5220 1612 5277 propter
1640 5210 1849 5273 Jezahel
1902 5229 2119 5267 uxorem
2156 5230 2305 5270 suam

735 5295 927 5363 injuste
971 5298 1239 5366 regnabat.
1274 5297 1366 5353 Hic
1412 5298 1653 5354 Nabuthe
1692 5302 1965 5371 cujusdam
2015 5303 2339 5360 Jesraelitm'

737 5386 945 5440 vineam
972 5390 1290 5459 concupivit,
1321 5399 1373 5444 et
1398 5392 1540 5444 misit
1566 5391 1630 5445 ad
1665 5408 1783 5446 eum
1812 5394 1996 5449 dicens
2026 5413 2038 5446 :
2070 5396 2143 5450 Da
2173 5398 2303 5450 mihi

732 5474 940 5531 vineam
972 5485 1133 5539 tuam.
1153 5495 1306 5546 quam
1338 5483 1633 5551 concupivi,
1666 5495 1717 5537 et
1747 5484 1831 5539 vel
1861 5485 2137 5554 pecuniam
2162 5500 2191 5538 a
2222 5504 2306 5543 me

734 5569 933 5635 accipe,
960 5568 1044 5621 vel
1086 5583 1204 5621 cum
1248 5571 1414 5624 altero
1438 5585 1703 5626 commuta
1734 5574 1870 5629 loco.
1918 5579 1988 5629 At
2016 5576 2105 5631 ille
2130 5577 2262 5631 dixit
2289 5595 2302 5631 :

735 5662 903 5717 Absit,
934 5668 990 5711 ut
1013 5660 1356 5715 hereditatem
1386 5671 1591 5730 patrum
1636 5681 1877 5723 meorum
1908 5667 2133 5725 vendam
2163 5669 2254 5726 tibi
2284 5671 2298 5724 l

796 5811 814 5841 ³
850 5816 976 5862 ωδε..
997 5810 1241 5863 homicidii
1260 5827 1463 5867 sensum.

1456 396 1512 452 S.
1552 393 1831 452 JOANNIS
1868 393 2341 452 CHRYSOSTOMI
2379 392 2695 449 ARCHIEI‘.
2737 373 3267 450 CONSTANTINOP.

3928 395 4037 450 233

2434 505 2651 561 Achaab
2678 517 2854 562 autem
2884 507 3128 577 cupiebat
3151 504 3365 577 quidem
3412 508 3645 575 vineam,
3688 507 3790 564 sed
3824 508 3908 562 illi
3930 511 4041 562 vim

2433 596 2610 653 facere
2649 598 2882 663 nolebat,
2907 596 2985 653 sic
3021 609 3078 653 ut
3115 600 3168 653 in
3196 600 3438 654 morbum
3488 601 3693 655 idcirco
3737 599 4038 655 incideret.

2432 690 2675 762 Ingresso
2707 701 2885 747 autem
2929 691 2995 746 ad
3042 692 3189 747 illum
3224 691 3472 755 Iezabel,
3504 692 3821 748 muliercula
3850 692 4042 759 impu—

2431 783 2585 847 dens,
2615 785 2915 853 desperata,
2950 783 3239 849 immunda,
3270 783 3601 849 detestanda,
3631 785 3809 856 inquit
3837 802 3853 839 :
3888 782 4043 851 Quid

2425 875 2796 942 contristaris,
2846 884 2903 930 et
2930 891 3035 929 non
3075 875 3353 931 comedis?
3400 889 3558 945 surge
3604 886 3661 931 et
3709 873 3992 929 manduca
4021 892 4040 927 :

2429 980 2529 1036 ego
2556 966 2803 1030 eﬂiciam,
2827 975 2886 1020 ut
2908 966 3183 1035 possideas
3203 966 3412 1021 vineam
3438 964 3681 1021 Nabutbe
3694 965 4037 1022 Jesraelitc.

2431 1056 2498 1110 Et
2524 1059 2788 1129 accipiens
2825 1057 3041 1127 scripsit
3065 1057 3347 1125 epistolam
3392 1071 3456 1112 ex
3487 1071 3716 1126 persona
3771 1056 3929 1127 regis
3966 1055 4039 1110 ad

2430 1141 2669 1196 seniores
2707 1140 2890 1194 dicens
2919 1157 2933 1191 :
2968 1138 3259 1194 Prmdicate
3282 1138 3568 1209 jejunium,
3600 1148 3656 1193 et
3693 1141 3929 1193 statuite
3957 1140 4040 1192 vi—

2429 1247 2507 1286 ros
2547 1231 2829 1287 mendaces
2848 1230 3101 1285 adversus
3116 1229 3382 1296 Nabuthe,
3407 1230 3531 1299 quia
3554 1228 3828 1283 benedixit
3854 1229 4035 1284 Deum

2429 1331 2487 1378 ct
2521 1336 2723 1391 regem,
2757 1322 2858 1376 hoc
2881 1330 2964 1375 est
2992 1320 3398 1390 hlaspbemavit.
3432 1318 3477 1373 0
3499 1318 3760 1388 jejunium
3810 1332 4038 1371 summa

2430 1414 2708 1482 iniquitate
2754 1414 2967 1481 plenum
2993 1413 3007 1465 l
3037 1410 3399 1466 Praedicarunt
3420 1409 3700 1479 jejunium,
3732 1420 3796 1463 ut
3818 1409 4038 1464 aedem

2430 1512 2721 1572 patrarent.
2750 1502 2883 1568 Quid
2906 1516 3034 1571 ergo
3056 1500 3286 1556 accidit?
3317 1499 3604 1568 Lapidatus
3623 1510 3707 1553 est
3734 1498 3998 1554 Nabutbe
4017 1539 4037 1563 ,

2428 1607 2492 1648 ac
2517 1602 2757 1647 mortuus
2779 1600 2882 1647 est.
2908 1591 3020 1647 Hoc
3046 1590 3135 1645 ubi
3160 1590 3345 1645 didicit
3359 1589 3594 1655 Jezabel,
3616 1589 3750 1643 dixit
3768 1588 3999 1643 Achaab
4016 1606 4035 1640 :

2427 1681 2596 1753 Surge
2613 1722 2629 1748 ,
2656 1682 3025 1753 possideamus
3047 1682 3295 1745 vineam;
3320 1680 3442 1748 quia
3470 1688 3710 1733 mortuus
3737 1689 3825 1733 est
3844 1677 4036 1733 Nabu-

2430 1775 2541 1828 the.
2566 1774 2743 1830 Atille
2772 1782 2883 1827 tum
2911 1773 3167 1841 temporis
3210 1771 3556 1826 contristatus
3583 1810 3598 1832 ,
3622 1770 3908 1838 ingressus
3950 1777 4037 1822 est

2430 1875 2605 1920 tamen
2624 1906 2640 1931 ,
2664 1874 2719 1920 et
2739 1866 2950 1920 vineam
2976 1863 3229 1933 possedit.
3259 1862 3417 1917 Mittit
3444 1862 3509 1916 ad
3541 1877 3663 1916 eum
3696 1862 3871 1917 Etiam
3902 1876 4035 1932 pro-

2428 1956 2644 2028 phetam
2684 1957 2846 2013 Deus.
2877 1955 3045 2021 Vade,
3094 1955 3291 2027 inquit,
3332 1954 3419 2010 dic
3447 1953 3709 2009 Achaah:
3754 1954 4034 2022 Quoniam

2431 2047 2710 2113 occidisti,
2750 2056 2805 2102 et
2834 2046 3153 2118 possedisti,
3191 2047 3268 2101 sic
3292 2045 3595 2102 elfundetur
3613 2047 3832 2116 sanguis
3864 2056 3994 2100 tuus
4013 2088 4031 2111 ,

2427 2149 2483 2194 et
2501 2154 2664 2195 canes
2691 2140 3004 2209 sanguinem
3036 2136 3183 2192 tuum
3235 2138 3466 2207 litigent,
3514 2146 3570 2192 et
3594 2136 3918 2191 meretrices
3945 2136 4031 2190 la-

2426 2229 2701 2284 vabuntin
2748 2229 3006 2299 sanguine
3047 2238 3137 2282 tuo
3189 2228 3269 2295 (3.
3300 2225 3427 2298 Reg.
3476 2224 3594 2299 2i).
3640 2227 3723 2281 Ira
3761 2226 4031 2283 divinitus

2423 2321 2656 2385 emissa,
2680 2320 2921 2374 absoluta
2953 2320 3233 2384 sententia,
3277 2318 3595 2390 supplicium
3636 2328 3722 2375 est
3749 2318 4025 2388 adimple-

2425 2421 2560 2466 tum.
2588 2414 2665 2468 Ac
2688 2411 2828 2478 vide,
2862 2426 2968 2481 quo
2992 2412 3137 2466 illum
3167 2412 3342 2466 mittat
3372 2428 3387 2466 :
3421 2413 3473 2466 in
3506 2411 3738 2466 vineam.
3778 2411 3883 2466 Ubi
3917 2412 4025 2466 ini-

2424 2504 2628 2573 quitas,
2670 2503 2741 2558 ibi
2779 2517 2993 2573 quoque
3021 2501 3360 2575 supplicium.
3390 2501 3461 2557 Et
3480 2502 3607 2573 quid
3636 2502 3747 2557 ait?
3773 2500 3915 2557 Cum
3944 2503 4028 2557 in-

2425 2594 2591 2648 tuitus
2616 2602 2698 2648 est
2726 2592 2923 2662 ipsum,
2954 2592 3169 2647 Acbaab
3197 2592 3332 2646 dixit
3360 2608 3374 2644 :
3404 2589 3648 2645 Inuenisti
3676 2608 3756 2646 me
3780 2593 4027 2646 inimicas

2425 2701 2597 2748 meus;
2625 2684 2775 2754 quasi
2802 2684 3006 2738 diceret
3034 2701 3049 2733 :
3082 2684 3252 2738 Reum
3292 2698 3378 2738 me
3415 2683 3852 2754 deprehendisti,
3895 2685 4024 2754 quia

2426 2776 2675 2846 peccavi:
2725 2790 2867 2830 nunc
2895 2776 2985 2830 tibi
3016 2775 3137 2830 data
3166 2787 3250 2831 est
3272 2776 3484 2830 occasio
3525 2776 3652 2830 mihi
3695 2776 4017 2831 insultandi.

2424 2865 2672 2922 Invenisti
2698 2868 3031 2922 minimictts
3050 2885 3209 2922 meus.
3244 2867 3377 2937 Quia
3407 2883 3619 2937 semper
3647 2868 3794 2923 Elias
3825 2883 4019 2940 reprc-

2423 2956 2690 3012 hendebat
2719 2957 2968 3023 Achaab,
3023 2959 3198 3013 sciens
3246 2958 3462 3013 Achaab
3491 2974 3550 3012 se
3596 2974 3884 3028 peccasse,
3936 2958 4019 3013 Tu

2422 3049 2637 3118 quidem
2664 3063 2897 3118 semper,
2924 3050 3114 3120 inquit,
3139 3065 3224 3105 me
3253 3050 3686 3120 reprehendebas
3715 3070 3729 3106 :
3756 3066 3901 3106 nunc
3922 3066 4019 3105 au-

2424 3149 2532 3195 tem
2577 3152 2874 3210 opportune
2903 3142 3031 3195 mihi
3064 3142 3306 3197 insultas.
3345 3141 3558 3197 Sciebat
3584 3144 3728 3198 enim
3776 3159 3836 3198 se
3882 3158 4017 3212 pec-

2422 3245 2593 3286 casse.
2624 3232 2703 3285 Ex
2747 3231 2972 3286 adverso
3002 3232 3189 3287 recitat
3218 3232 3288 3286 illi
3319 3234 3638 3287 sententiam
3677 3250 3692 3285 :
3732 3231 3858 3286 Han:
3888 3234 4019 3287 dicit

2422 3320 2672 3375 Dominus
2689 3338 2707 3375 :
2728 3324 2979 3387 Quoniam
3008 3324 3253 3387 occidisti,
3270 3334 3315 3376 et
3332 3324 3618 3392 possedisti,
3638 3335 3686 3377 et
3711 3325 4016 3393 sanguinem

2421 3414 2516 3467 viri
2529 3416 2659 3483 justi
2686 3412 2927 3480 effudisti,
2964 3415 3038 3467 sic
3062 3413 3346 3481 eﬂ'undetur
3382 3415 3590 3486 sanguis
3618 3426 3754 3477 tuus,
3782 3422 3829 3468 et
3857 3432 4016 3470 canes

2422 3503 2766 3573 tingenteum,
2814 3511 2858 3557 et
2903 3506 3181 3557 meretrices
3220 3504 3455 3557 lavabnnt
3513 3505 3566 3557 in
3610 3506 3852 3575 sanguine
3901 3515 4010 3559 tuo.

2422 3591 2547 3647 Haec
2576 3607 2695 3648 cum
2718 3594 2973 3650 audiisset
2999 3595 3234 3660 Achaab,
3261 3596 3606 3650 contristatus
3632 3606 3739 3661 est,
3788 3607 3838 3651 et
3870 3576 4010 3666 ⁸ιλιι-ι)-

2422 3693 2540 3750 pter
2564 3697 2835 3749 peccatum
2864 3702 3013 3749 suum
3047 3686 3302 3755 plorabat.
3325 3688 3545 3755 Agnovit
3569 3688 3924 3757 iniquitatem.
3958 3697 4013 3741 et

2422 3774 2579 3826 latam
2608 3776 2668 3853 in
2714 3790 2834 3828 eum
2863 3778 3181 3829 sententiam
3217 3777 3487 3830 revocavit
3533 3777 3694 3831 Deus.
3723 3778 3827 3832 Sed
3860 3778 4010 3844 prius

2422 3862 2554 3918 Elin:
2582 3856 2653 3917 se"
2668 3867 2941 3919 excusavit
2992 3866 3151 3929 Deus,
3186 3881 3250 3920 ne
3277 3868 3411 3920 forte
3440 3867 3666 3920 mendax
3717 3866 4005 3933 videretur,

2421 3956 2575 4024 eique
2605 3955 2889 4015 accideret,
2922 3956 3058 4022 quod
3085 3954 3233 4009 Iona:
3263 3956 3453 4009 accidit
3479 3956 3494 3985 ¹
3532 3975 3543 4008 :
3579 3958 3683 4008 tale
3708 3956 3830 4023 quid
3857 3957 4005 4010 enim

2421 4059 2608 4112 passus
2638 4054 2719 4097 est
2748 4056 2801 4097 ct
2826 4044 3009 4097 Jonas.
3042 4045 3180 4097 Dtxit
3208 4045 3281 4098 illi
3328 4046 3464 4098 Deus
3499 4063 3511 4097 :
3544 4046 3719 4108 Vade,
3776 4046 4008 4113 pra-dice

2421 4136 2472 4188 in
2498 4135 2684 4188 Ninive
2714 4136 2945 4197 civitate.
2986 4136 3036 4188 in
3081 4152 3184 4205 qua
3218 4136 3456 4190 habitant
3488 4150 3701 4191 centum
3731 4148 3785 4191 et
3817 4140 4006 4206 viginti

2418 4225 2577 4278 millia
2610 4225 2880 4277 hominum
2904 4226 3100 4294 alisque
3124 4224 3431 4280 mulieribus
3454 4238 3505 4279 et
3532 4229 3798 4295 parvulis:
3826 4230 4008 4282 Adhuc

2419 4325 2514 4368 tres
2538 4316 2679 4379 dies,
2728 4327 2774 4367 et
2822 4314 3007 4368 Ninive
3046 4319 3355 4369 subvertctur
3403 4316 3545 4385 (Jan.
3580 4320 3629 4370 1.
3661 4319 3739 4387 9.).
3780 4318 4007 4374 Nolehat

2418 4407 2565 4459 abire
2594 4406 2783 4469 Jonas,
2833 4414 3015 4472 utpote
3045 4410 3129 4459 cui
3161 4418 3281 4459 nota
3310 4418 3449 4462 esset
3480 4408 3568 4462 Dei
3603 4409 4002 4474 misericordia;

2418 4498 2509 4551 sed
2541 4498 2664 4564 quid
2693 4497 2852 4550 facit?
2880 4497 2932 4549 lu
2982 4499 3153 4565 fugam
3185 4503 3514 4554 convertitur
3543 4519 3556 4553 :
3589 4503 3663 4553 ait
3690 4504 3852 4566 enim,
3889 4501 4002 4571 Ego

2416 4588 2801 4655 pmalicaturus
2842 4590 2998 4642 abibo
3030 4608 3040 4641 :
3068 4604 3120 4642 tu
3147 4606 3266 4643 cum
3315 4590 3618 4644 miserieors
3648 4593 3720 4645 sis
3740 4635 3755 4654 ,
3782 4605 4003 4647 senten-

2418 4679 2539 4731 tiam
2568 4679 2827 4741 tnutztbis;
2872 4690 2925 4731 at
2954 4696 3049 4744 ego
3090 4690 3356 4749 tamquam
3392 4683 3559 4737 falsus
3585 4684 3843 4752 propheta
3889 4693 4002 4737 tru-

2415 4768 2651 4821 cidabor.
2690 4770 3057 4822 Verumtamen
3090 4783 3365 4839 exceptum
3398 4773 3548 4825 illum
3573 4790 3718 4827 mare
3745 4789 3851 4828 non
3872 4777 3999 4829 abs-

2415 4862 2630 4925 condit,
2684 4860 2778 4915 scd
2820 4871 2976 4915 terra:
3023 4863 3170 4915 illum
3221 4864 3485 4930 reddidit,
3518 4875 3573 4918 et
3598 4866 3801 4919 salvum
3847 4866 3996 4922 illum

2414 4950 2599 5004 Nmive
2651 4954 3075 5021 incolumemque
3116 4954 3379 5017 servavit,
3426 4964 3479 5009 ct
3510 4964 3757 5024 tanquam
3796 4958 3994 5025 optima

2415 5057 2669 5093 eonSurva
2697 5058 2847 5094 suum
2865 5058 3177 5095 Conservam
3196 5045 3501 5098 custodivit.
3539 5044 3804 5099 Descendit
3829 5049 3993 5110 enim,

2418 5132 2604 5197 inquit,
2649 5129 2811 5182 Jonas
2856 5142 2909 5183 ut
2956 5136 3167 5201 fugeret,
3194 5143 3239 5185 et
3265 5134 3448 5186 invenit
3491 5136 3657 5187 navim
3703 5147 3897 5189 euntem
3933 5140 3997 5192 ,ἑτι

2423 5217 2723 5284 Tliarsis,et
2743 5218 2884 5271 dedit
2914 5222 3133 5272 naulum
3146 5223 3258 5287 ejus
3281 5231 3327 5273 et
3352 5227 3586 5275 ascendit
3610 5226 3662 5277 in
3692 5242 3809 5279 eant
3837 5226 3965 5293 (Ion
3984 5267 3998 5281 .

2424 5311 2469 5363 1.
2503 5311 2554 5372 5)
2583 5314 2678 5379 (a).
2720 5309 2840 5377 Quo
2878 5311 3037 5380 fugis,
3072 5311 3299 5365 oJoua?
3332 5329 3459 5365 num
3491 5317 3653 5367 aliam
3694 5318 3748 5369 iu
3795 5331 3997 5375 terram

2484 5490 2497 5518 ¹
2536 5494 2667 5536 uuae
2710 5486 2865 5536 locum
2888 5488 2937 5535 in
2962 5484 3100 5535 savii.
3142 5495 3193 5536 et
3228 5486 3335 5537 aliis
3381 5489 3552 5549 partim
3584 5486 3891 5538 differenten)
3929 5493 3997 5541 sic

2414 5556 2552 5598 recte
2576 5550 2886 5618 interpretari
2932 5549 3272 5618 videmussed
3310 5550 3446 5618 prius
3469 5561 3579 5618 qui:
3611 5553 3677 5599 ad
3892 5564 3996 5618 φιτ

2412 5618 2539 5718 Stant
2562 5613 2770 5719 obserari},
2797 5623 2855 5659 ne
2870 5612 3079 5660 menda-.1:
3099 5611 3315 5662 videatur
3330 5611 3639 5674 Etias,eique
3661 5614 3852 5662 accidat
3874 5611 3996 5675 quod

2444 5685 2548 5720 ana:
2571 5685 2673 5720 acc:
2714 5688 2726 5719 ι
2756 5706 2767 5715 .

2480 5752 2552 5819 (τι)
2586 5759 2698 5819 Cum
2745 5754 2821 5800 his
2854 5750 3020 5819 confer
3054 5766 3113 5805 ea
3136 5767 3245 5817 quae
3269 5754 3491 5806 dicuntur
3515 5768 3662 5819 supra
3684 5755 3899 5807 ttonle
3933 5757 3995 5809 de

2421 5816 2720 5877 Ptenitentia,
2741 5825 2872 5861 num.
2896 5816 2943 5861 ΣΞ.
