  <div class='ocr_page' id='page_1' title='image "/cluster/home/n/w/nwhite01/storage/ocr_20150623/49/pst.000005712465/286.png"; bbox 0 0 4190 6322; ppageno 0'>
   <div class='ocr_carea' id='block_1_1' title="bbox 156 352 266 407">
    <p class='ocr_par' dir='ltr' id='par_1_1' title="bbox 156 352 266 407">
     <span class='ocr_line' id='line_1_1' title="bbox 156 352 266 407; baseline 0.018 -1"><span class='ocrx_word' id='word_1_1' title='bbox 156 352 266 407; x_wconf 60' lang='lat'><strong>989</strong></span> 
     </span>
    </p>
   </div>
   <div class='ocr_carea' id='block_1_2' title="bbox 155 460 1748 535">
    <p class='ocr_par' dir='ltr' id='par_1_2' title="bbox 155 460 1748 535">
     <span class='ocr_line' id='line_1_2' title="bbox 155 460 1748 535; baseline -0.004 -16"><span class='ocrx_word' id='word_1_2' title='bbox 155 461 554 535; x_wconf 73' lang='lat' dir='ltr'><strong>proficisceris?</strong></span> <span class='ocrx_word' id='word_1_3' title='bbox 579 463 738 532; x_wconf 85' lang='lat' dir='ltr'><strong>Atqui</strong></span> <span class='ocrx_word' id='word_1_4' title='bbox 777 461 980 516; x_wconf 87' lang='lat' dir='ltr'><strong>Domini</strong></span> <span class='ocrx_word' id='word_1_5' title='bbox 1005 471 1076 515; x_wconf 87' lang='lat' dir='ltr'><strong>est</strong></span> <span class='ocrx_word' id='word_1_6' title='bbox 1098 469 1229 514; x_wconf 86' lang='lat' dir='ltr'><strong>terra</strong></span> <span class='ocrx_word' id='word_1_7' title='bbox 1253 468 1298 513; x_wconf 75' lang='lat' dir='ltr'><strong>et</strong></span> <span class='ocrx_word' id='word_1_8' title='bbox 1334 460 1594 532; x_wconf 73' lang='lat' dir='ltr'><strong>plenitudo</strong></span> <span class='ocrx_word' id='word_1_9' title='bbox 1620 460 1748 530; x_wconf 79' lang='lat' dir='ltr'><strong>ejus.</strong></span> 
     </span>
    </p>
   </div>
   <div class='ocr_carea' id='block_1_3' title="bbox 154 553 1754 626">
    <p class='ocr_par' dir='ltr' id='par_1_3' title="bbox 154 553 1754 626">
     <span class='ocr_line' id='line_1_3' title="bbox 154 553 1754 626; baseline -0.004 -16"><span class='ocrx_word' id='word_1_10' title='bbox 154 562 289 616; x_wconf 84' lang='lat' dir='ltr'><strong>Num</strong></span> <span class='ocrx_word' id='word_1_11' title='bbox 324 560 376 611; x_wconf 89' lang='lat' dir='ltr'><strong>in</strong></span> <span class='ocrx_word' id='word_1_12' title='bbox 407 557 589 611; x_wconf 88' lang='lat' dir='ltr'><strong>mare?</strong></span> <span class='ocrx_word' id='word_1_13' title='bbox 617 555 805 611; x_wconf 83' lang='lat' dir='ltr'><strong>Nescis</strong></span> <span class='ocrx_word' id='word_1_14' title='bbox 834 554 995 626; x_wconf 89' lang='lat' dir='ltr'><strong>quod,</strong></span> <span class='ocrx_word' id='word_1_15' title='bbox 1029 553 1202 623; x_wconf 81' lang='lat' dir='ltr'><strong>Ipsius</strong></span> <span class='ocrx_word' id='word_1_16' title='bbox 1227 562 1298 608; x_wconf 82' lang='lat' dir='ltr'><strong>est</strong></span> <span class='ocrx_word' id='word_1_17' title='bbox 1335 569 1507 618; x_wconf 84' lang='lat' dir='ltr'><strong>mare,</strong></span> <span class='ocrx_word' id='word_1_18' title='bbox 1554 561 1601 606; x_wconf 85' lang='lat' dir='ltr'><strong>et</strong></span> <span class='ocrx_word' id='word_1_19' title='bbox 1643 553 1754 620; x_wconf 86' lang='lat' dir='ltr'><strong>ipse</strong></span> 
     </span>
    </p>
   </div>
   <div class='ocr_carea' id='block_1_4' title="bbox 154 644 1747 721">
    <p class='ocr_par' dir='ltr' id='par_1_4' title="bbox 154 644 1747 721">
     <span class='ocr_line' id='line_1_4' title="bbox 154 644 1747 721; baseline -0.002 -19"><span class='ocrx_word' id='word_1_20' title='bbox 154 651 273 721; x_wconf 73' lang='lat' dir='ltr'><strong>fecit</strong></span> <span class='ocrx_word' id='word_1_21' title='bbox 293 649 425 703; x_wconf 80' lang='lat' dir='ltr'><strong>illud</strong></span> <span class='ocrx_word' id='word_1_22' title='bbox 444 647 617 716; x_wconf 84' lang='lat' dir='ltr'><strong>(Psal.</strong></span> <span class='ocrx_word' id='word_1_23' title='bbox 647 649 737 703; x_wconf 73' lang='grc'><strong>25.</strong></span> <span class='ocrx_word' id='word_1_24' title='bbox 766 650 787 702; x_wconf 87' lang='lat'><strong>1</strong></span> <span class='ocrx_word' id='word_1_25' title='bbox 816 656 869 703; x_wconf 86' lang='lat' dir='ltr'><strong>et</strong></span> <span class='ocrx_word' id='word_1_26' title='bbox 897 646 985 701; x_wconf 73' lang='lat'><strong>91.</strong></span> <span class='ocrx_word' id='word_1_27' title='bbox 1014 646 1112 712; x_wconf 82' lang='lat'><strong>5)?</strong></span> <span class='ocrx_word' id='word_1_28' title='bbox 1141 646 1273 700; x_wconf 55' lang='lat' dir='ltr'><strong>Nam</strong></span> <span class='ocrx_word' id='word_1_29' title='bbox 1296 647 1345 699; x_wconf 89' lang='lat' dir='ltr'><strong>in</strong></span> <span class='ocrx_word' id='word_1_30' title='bbox 1366 645 1599 700; x_wconf 63' lang='lat' dir='ltr'><strong>caelum?</strong></span> <span class='ocrx_word' id='word_1_31' title='bbox 1629 644 1747 700; x_wconf 87' lang='lat' dir='ltr'><strong>Non</strong></span> 
     </span>
    </p>
   </div>
   <div class='ocr_carea' id='block_1_5' title="bbox 148 735 1750 806">
    <p class='ocr_par' dir='ltr' id='par_1_5' title="bbox 148 735 1750 806">
     <span class='ocr_line' id='line_1_5' title="bbox 148 735 1750 806; baseline -0.002 -14"><span class='ocrx_word' id='word_1_32' title='bbox 148 738 367 793; x_wconf 83' lang='lat' dir='ltr'><strong>audiisti</strong></span> <span class='ocrx_word' id='word_1_33' title='bbox 406 738 659 794; x_wconf 89' lang='lat' dir='ltr'><strong>Davidem</strong></span> <span class='ocrx_word' id='word_1_34' title='bbox 690 736 989 792; x_wconf 82' lang='lat' dir='ltr'><strong>dicentem:</strong></span> <span class='ocrx_word' id='word_1_35' title='bbox 1033 735 1219 790; x_wconf 74' lang='lat' dir='ltr'><strong>Videbo</strong></span> <span class='ocrx_word' id='word_1_36' title='bbox 1249 736 1399 790; x_wconf 69' lang='lat' dir='ltr'><strong>caelos</strong></span> <span class='ocrx_word' id='word_1_37' title='bbox 1443 746 1556 790; x_wconf 87' lang='lat' dir='ltr'><strong>tuos</strong></span> <span class='ocrx_word' id='word_1_38' title='bbox 1594 750 1750 806; x_wconf 83' lang='lat' dir='ltr'><strong><em>opera</em></strong></span> 
     </span>
    </p>
   </div>
   <div class='ocr_carea' id='block_1_6' title="bbox 146 824 1745 899">
    <p class='ocr_par' dir='ltr' id='par_1_6' title="bbox 146 824 1745 899">
     <span class='ocr_line' id='line_1_6' title="bbox 146 824 1745 899; baseline -0.002 -17"><span class='ocrx_word' id='word_1_39' title='bbox 146 830 428 899; x_wconf 78' lang='lat' dir='ltr'><strong>digitorum</strong></span> <span class='ocrx_word' id='word_1_40' title='bbox 454 838 658 883; x_wconf 87' lang='lat' dir='ltr'><strong>tuorum</strong></span> <span class='ocrx_word' id='word_1_41' title='bbox 704 828 875 897; x_wconf 83' lang='lat' dir='ltr'><strong>(Psal.</strong></span> <span class='ocrx_word' id='word_1_42' title='bbox 911 830 964 883; x_wconf 89' lang='lat'><strong>8.</strong></span> <span class='ocrx_word' id='word_1_43' title='bbox 1011 827 1105 897; x_wconf 69' lang='lat' dir='ltr'><strong>t)?</strong></span> <span class='ocrx_word' id='word_1_44' title='bbox 1134 826 1514 885; x_wconf 81' lang='lat' dir='ltr'><strong>Verumtamen</strong></span> <span class='ocrx_word' id='word_1_45' title='bbox 1548 824 1637 881; x_wconf 89' lang='lat' dir='ltr'><strong>ille</strong></span> <span class='ocrx_word' id='word_1_46' title='bbox 1677 825 1745 879; x_wconf 93' lang='lat' dir='ltr'><strong>ti-</strong></span> 
     </span>
    </p>
   </div>
   <div class='ocr_carea' id='block_1_7' title="bbox 147 917 1747 989">
    <p class='ocr_par' dir='ltr' id='par_1_7' title="bbox 147 917 1747 989">
     <span class='ocr_line' id='line_1_7' title="bbox 147 917 1747 989; baseline 0.001 -18"><span class='ocrx_word' id='word_1_47' title='bbox 147 935 301 975; x_wconf 87' lang='lat' dir='ltr'><strong>more</strong></span> <span class='ocrx_word' id='word_1_48' title='bbox 330 930 611 989; x_wconf 89' lang='lat' dir='ltr'><strong>correptus</strong></span> <span class='ocrx_word' id='word_1_49' title='bbox 653 918 839 989; x_wconf 79' lang='lat' dir='ltr'><strong>fugere</strong></span> <span class='ocrx_word' id='word_1_50' title='bbox 896 933 955 973; x_wconf 91' lang='lat' dir='ltr'><strong>se</strong></span> <span class='ocrx_word' id='word_1_51' title='bbox 993 917 1211 987; x_wconf 90' lang='lat' dir='ltr'><strong>putabat</strong></span> <span class='ocrx_word' id='word_1_52' title='bbox 1245 936 1257 971; x_wconf 94' lang='lat'>:</span> <span class='ocrx_word' id='word_1_53' title='bbox 1302 919 1467 972; x_wconf 84' lang='lat' dir='ltr'><strong>Deum</strong></span> <span class='ocrx_word' id='word_1_54' title='bbox 1516 933 1747 987; x_wconf 84' lang='lat' dir='ltr'><strong>namque</strong></span> 
     </span>
    </p>
   </div>
   <div class='ocr_carea' id='block_1_8' title="bbox 150 1009 1746 1084">
    <p class='ocr_par' dir='ltr' id='par_1_8' title="bbox 150 1009 1746 1084">
     <span class='ocr_line' id='line_1_8' title="bbox 150 1009 1746 1084; baseline -0.002 -19"><span class='ocrx_word' id='word_1_55' title='bbox 150 1028 277 1068; x_wconf 74' lang='lat' dir='ltr'><strong>vere</strong></span> <span class='ocrx_word' id='word_1_56' title='bbox 299 1014 487 1084; x_wconf 79' lang='lat' dir='ltr'><strong>fugere</strong></span> <span class='ocrx_word' id='word_1_57' title='bbox 515 1028 673 1067; x_wconf 87' lang='lat' dir='ltr'><strong>nemo</strong></span> <span class='ocrx_word' id='word_1_58' title='bbox 703 1020 894 1082; x_wconf 87' lang='lat' dir='ltr'><strong>potest.</strong></span> <span class='ocrx_word' id='word_1_59' title='bbox 929 1011 1028 1067; x_wconf 86' lang='lat' dir='ltr'><strong>Ubi</strong></span> <span class='ocrx_word' id='word_1_60' title='bbox 1060 1019 1239 1065; x_wconf 90' lang='lat' dir='ltr'><strong>tamen</strong></span> <span class='ocrx_word' id='word_1_61' title='bbox 1267 1027 1387 1064; x_wconf 82' lang='lat' dir='ltr'><strong>eum</strong></span> <span class='ocrx_word' id='word_1_62' title='bbox 1416 1026 1563 1064; x_wconf 89' lang='lat' dir='ltr'><strong>mare</strong></span> <span class='ocrx_word' id='word_1_63' title='bbox 1591 1009 1746 1064; x_wconf 90' lang='lat' dir='ltr'><strong>resti-</strong></span> 
     </span>
    </p>
   </div>
   <div class='ocr_carea' id='block_1_9' title="bbox 146 1103 1746 1174">
    <p class='ocr_par' dir='ltr' id='par_1_9' title="bbox 146 1103 1746 1174">
     <span class='ocr_line' id='line_1_9' title="bbox 146 1103 1746 1174; baseline -0.001 -16"><span class='ocrx_word' id='word_1_64' title='bbox 146 1107 247 1160; x_wconf 90' lang='lat' dir='ltr'><strong>tuit</strong></span> <span class='ocrx_word' id='word_1_65' title='bbox 267 1147 283 1173; x_wconf 94' lang='lat'><strong>,</strong></span> <span class='ocrx_word' id='word_1_66' title='bbox 316 1117 373 1162; x_wconf 88' lang='lat' dir='ltr'><strong>et</strong></span> <span class='ocrx_word' id='word_1_67' title='bbox 400 1107 545 1161; x_wconf 90' lang='lat' dir='ltr'><strong>venit</strong></span> <span class='ocrx_word' id='word_1_68' title='bbox 568 1105 791 1160; x_wconf 80' lang='lat' dir='ltr'><strong>Niniven</strong></span> <span class='ocrx_word' id='word_1_69' title='bbox 813 1147 828 1171; x_wconf 91' lang='lat'><strong>,</strong></span> <span class='ocrx_word' id='word_1_70' title='bbox 859 1104 1167 1174; x_wconf 80' lang='lat' dir='ltr'><strong>praedicavit</strong></span> <span class='ocrx_word' id='word_1_71' title='bbox 1188 1103 1373 1157; x_wconf 89' lang='lat' dir='ltr'><strong>dicens</strong></span> <span class='ocrx_word' id='word_1_72' title='bbox 1400 1121 1413 1156; x_wconf 89' lang='lat'><strong>:</strong></span> <span class='ocrx_word' id='word_1_73' title='bbox 1444 1103 1621 1157; x_wconf 84' lang='lat' dir='ltr'><strong>Adhuc</strong></span> <span class='ocrx_word' id='word_1_74' title='bbox 1648 1113 1746 1157; x_wconf 79' lang='lat' dir='ltr'><strong>tres</strong></span> 
     </span>
    </p>
   </div>
   <div class='ocr_carea' id='block_1_10' title="bbox 144 1193 1743 1265">
    <p class='ocr_par' dir='ltr' id='par_1_10' title="bbox 144 1193 1743 1265">
     <span class='ocr_line' id='line_1_10' title="bbox 144 1193 1743 1265; baseline -0.001 -17"><span class='ocrx_word' id='word_1_75' title='bbox 144 1197 279 1263; x_wconf 79' lang='lat' dir='ltr'><strong>dies,</strong></span> <span class='ocrx_word' id='word_1_76' title='bbox 308 1206 354 1250; x_wconf 82' lang='lat' dir='ltr'><strong>et</strong></span> <span class='ocrx_word' id='word_1_77' title='bbox 387 1195 572 1250; x_wconf 81' lang='lat' dir='ltr'><strong>Ninive</strong></span> <span class='ocrx_word' id='word_1_78' title='bbox 598 1196 909 1255; x_wconf 72' lang='lat' dir='ltr'><strong>subuertetur</strong></span> <span class='ocrx_word' id='word_1_79' title='bbox 937 1193 1082 1265; x_wconf 73' lang='lat' dir='ltr'><strong>(Ion.</strong></span> <span class='ocrx_word' id='word_1_80' title='bbox 1115 1194 1169 1248; x_wconf 83' lang='grc'><strong>5.</strong></span> <span class='ocrx_word' id='word_1_81' title='bbox 1199 1194 1275 1263; x_wconf 72' lang='grc'><strong>4).</strong></span> <span class='ocrx_word' id='word_1_82' title='bbox 1328 1194 1397 1249; x_wconf 89' lang='lat' dir='ltr'><strong>Ut</strong></span> <span class='ocrx_word' id='word_1_83' title='bbox 1436 1203 1613 1248; x_wconf 86' lang='lat' dir='ltr'><strong>autem</strong></span> <span class='ocrx_word' id='word_1_84' title='bbox 1657 1194 1743 1248; x_wconf 89' lang='lat' dir='ltr'><strong>itt-</strong></span> 
     </span>
    </p>
   </div>
   <div class='ocr_carea' id='block_1_11' title="bbox 144 1285 1743 1356">
    <p class='ocr_par' dir='ltr' id='par_1_11' title="bbox 144 1285 1743 1356">
     <span class='ocr_line' id='line_1_11' title="bbox 144 1285 1743 1356; baseline -0.001 -17"><span class='ocrx_word' id='word_1_85' title='bbox 144 1286 360 1356; x_wconf 84' lang='lat' dir='ltr'><strong>telligas</strong></span> <span class='ocrx_word' id='word_1_86' title='bbox 392 1285 495 1341; x_wconf 89' lang='lat' dir='ltr'><strong>hoc</strong></span> <span class='ocrx_word' id='word_1_87' title='bbox 531 1286 680 1340; x_wconf 90' lang='lat' dir='ltr'><strong>illum</strong></span> <span class='ocrx_word' id='word_1_88' title='bbox 734 1287 913 1340; x_wconf 88' lang='lat' dir='ltr'><strong>animo</strong></span> <span class='ocrx_word' id='word_1_89' title='bbox 943 1285 1247 1339; x_wconf 89' lang='lat' dir='ltr'><strong>volventem</strong></span> <span class='ocrx_word' id='word_1_90' title='bbox 1291 1299 1413 1340; x_wconf 87' lang='lat' dir='ltr'><strong>sese</strong></span> <span class='ocrx_word' id='word_1_91' title='bbox 1462 1286 1514 1339; x_wconf 92' lang='lat' dir='ltr'><strong>in</strong></span> <span class='ocrx_word' id='word_1_92' title='bbox 1564 1285 1743 1355; x_wconf 80' lang='lat' dir='ltr'><strong>fugam</strong></span> 
     </span>
    </p>
   </div>
   <div class='ocr_carea' id='block_1_12' title="bbox 142 1376 1740 1442">
    <p class='ocr_par' dir='ltr' id='par_1_12' title="bbox 142 1376 1740 1442">
     <span class='ocr_line' id='line_1_12' title="bbox 142 1376 1740 1442; baseline -0.001 -10"><span class='ocrx_word' id='word_1_93' title='bbox 142 1379 511 1442; x_wconf 85' lang='lat' dir='ltr'><strong>convertisse,</strong></span> <span class='ocrx_word' id='word_1_94' title='bbox 569 1378 735 1431; x_wconf 89' lang='lat' dir='ltr'><strong>Deum</strong></span> <span class='ocrx_word' id='word_1_95' title='bbox 784 1376 1074 1442; x_wconf 85' lang='lat' dir='ltr'><strong>nimirum,</strong></span> <span class='ocrx_word' id='word_1_96' title='bbox 1125 1391 1247 1430; x_wconf 88' lang='lat' dir='ltr'><strong>cum</strong></span> <span class='ocrx_word' id='word_1_97' title='bbox 1279 1377 1348 1430; x_wconf 90' lang='lat' dir='ltr'><strong>sit</strong></span> <span class='ocrx_word' id='word_1_98' title='bbox 1398 1377 1740 1441; x_wconf 84' lang='lat' dir='ltr'><strong>misericors,</strong></span> 
     </span>
    </p>
   </div>
   <div class='ocr_carea' id='block_1_13' title="bbox 149 1468 1743 1539">
    <p class='ocr_par' dir='ltr' id='par_1_13' title="bbox 149 1468 1743 1539">
     <span class='ocr_line' id='line_1_13' title="bbox 149 1468 1743 1539; baseline -0.001 -15"><span class='ocrx_word' id='word_1_99' title='bbox 149 1471 520 1539; x_wconf 68' lang='lat' dir='ltr'><strong>paenitentiam</strong></span> <span class='ocrx_word' id='word_1_100' title='bbox 572 1480 812 1523; x_wconf 90' lang='lat' dir='ltr'><strong>acturum</strong></span> <span class='ocrx_word' id='word_1_101' title='bbox 867 1484 1029 1537; x_wconf 88' lang='lat' dir='ltr'><strong>super</strong></span> <span class='ocrx_word' id='word_1_102' title='bbox 1075 1468 1297 1533; x_wconf 85' lang='lat' dir='ltr'><strong>malitia,</strong></span> <span class='ocrx_word' id='word_1_103' title='bbox 1329 1484 1487 1539; x_wconf 92' lang='lat' dir='ltr'><strong>quam</strong></span> <span class='ocrx_word' id='word_1_104' title='bbox 1534 1468 1600 1523; x_wconf 89' lang='lat' dir='ltr'><strong>de</strong></span> <span class='ocrx_word' id='word_1_105' title='bbox 1640 1470 1743 1525; x_wconf 89' lang='lat' dir='ltr'><strong>illis</strong></span> 
     </span>
    </p>
   </div>
   <div class='ocr_carea' id='block_1_14' title="bbox 144 1559 1741 1631">
    <p class='ocr_par' dir='ltr' id='par_1_14' title="bbox 144 1559 1741 1631">
     <span class='ocr_line' id='line_1_14' title="bbox 144 1559 1741 1631; baseline -0.001 -16"><span class='ocrx_word' id='word_1_106' title='bbox 144 1572 262 1616; x_wconf 88' lang='lat' dir='ltr'><strong>erat</strong></span> <span class='ocrx_word' id='word_1_107' title='bbox 290 1562 542 1631; x_wconf 84' lang='lat' dir='ltr'><strong>loquutus</strong></span> <span class='ocrx_word' id='word_1_108' title='bbox 566 1602 581 1626; x_wconf 90' lang='lat'><strong>,</strong></span> <span class='ocrx_word' id='word_1_109' title='bbox 606 1562 945 1630; x_wconf 81' lang='lat' dir='ltr'><strong>futurumque</strong></span> <span class='ocrx_word' id='word_1_110' title='bbox 985 1562 1155 1630; x_wconf 92' lang='lat' dir='ltr'><strong>ipsum</strong></span> <span class='ocrx_word' id='word_1_111' title='bbox 1186 1559 1377 1613; x_wconf 84' lang='lat' dir='ltr'><strong>falsum</strong></span> <span class='ocrx_word' id='word_1_112' title='bbox 1408 1562 1741 1630; x_wconf 79' lang='lat' dir='ltr'><strong>prophetam,</strong></span> 
     </span>
    </p>
   </div>
   <div class='ocr_carea' id='block_1_15' title="bbox 143 1652 1738 1723">
    <p class='ocr_par' dir='ltr' id='par_1_15' title="bbox 143 1652 1738 1723">
     <span class='ocr_line' id='line_1_15' title="bbox 143 1652 1738 1723; baseline 0.001 -17"><span class='ocrx_word' id='word_1_113' title='bbox 143 1654 263 1722; x_wconf 90' lang='lat' dir='ltr'><strong>ipse</strong></span> <span class='ocrx_word' id='word_1_114' title='bbox 290 1669 388 1723; x_wconf 90' lang='lat' dir='ltr'><strong>per</strong></span> <span class='ocrx_word' id='word_1_115' title='bbox 413 1669 472 1708; x_wconf 90' lang='lat' dir='ltr'><strong>se</strong></span> <span class='ocrx_word' id='word_1_116' title='bbox 508 1653 726 1707; x_wconf 78' lang='lat' dir='ltr'><strong>indicat.</strong></span> <span class='ocrx_word' id='word_1_117' title='bbox 753 1652 1039 1722; x_wconf 83' lang='lat' dir='ltr'><strong>Postquam</strong></span> <span class='ocrx_word' id='word_1_118' title='bbox 1079 1653 1221 1707; x_wconf 90' lang='lat' dir='ltr'><strong>enim</strong></span> <span class='ocrx_word' id='word_1_119' title='bbox 1254 1653 1307 1706; x_wconf 92' lang='lat' dir='ltr'><strong>in</strong></span> <span class='ocrx_word' id='word_1_120' title='bbox 1336 1652 1526 1707; x_wconf 88' lang='lat' dir='ltr'><strong>Ninive</strong></span> <span class='ocrx_word' id='word_1_121' title='bbox 1546 1654 1738 1722; x_wconf 71' lang='lat' dir='ltr'><strong>praedi-</strong></span> 
     </span>
    </p>
   </div>
   <div class='ocr_carea' id='block_1_16' title="bbox 143 1744 1742 1814">
    <p class='ocr_par' dir='ltr' id='par_1_16' title="bbox 143 1744 1742 1814">
     <span class='ocr_line' id='line_1_16' title="bbox 143 1744 1742 1814; baseline 0.001 -16"><span class='ocrx_word' id='word_1_122' title='bbox 143 1744 287 1798; x_wconf 77' lang='lat' dir='ltr'><strong>Cavit</strong></span> <span class='ocrx_word' id='word_1_123' title='bbox 308 1785 325 1809; x_wconf 86' lang='lat'><strong>,</strong></span> <span class='ocrx_word' id='word_1_124' title='bbox 357 1754 505 1799; x_wconf 85' lang='lat' dir='ltr'><strong>extra</strong></span> <span class='ocrx_word' id='word_1_125' title='bbox 528 1744 795 1798; x_wconf 82' lang='lat' dir='ltr'><strong>civitatem</strong></span> <span class='ocrx_word' id='word_1_126' title='bbox 827 1760 1075 1814; x_wconf 85' lang='lat' dir='ltr'><strong>egressus</strong></span> <span class='ocrx_word' id='word_1_127' title='bbox 1102 1754 1201 1809; x_wconf 89' lang='lat' dir='ltr'><strong>est,</strong></span> <span class='ocrx_word' id='word_1_128' title='bbox 1234 1754 1288 1798; x_wconf 88' lang='lat' dir='ltr'><strong>et</strong></span> <span class='ocrx_word' id='word_1_129' title='bbox 1314 1745 1437 1813; x_wconf 89' lang='lat' dir='ltr'><strong>quid</strong></span> <span class='ocrx_word' id='word_1_130' title='bbox 1474 1745 1742 1799; x_wconf 84' lang='lat' dir='ltr'><strong>accideret</strong></span> 
     </span>
    </p>
   </div>
   <div class='ocr_carea' id='block_1_17' title="bbox 140 1834 1737 1904">
    <p class='ocr_par' dir='ltr' id='par_1_17' title="bbox 140 1834 1737 1904">
     <span class='ocr_line' id='line_1_17' title="bbox 140 1834 1737 1904; baseline 0.003 -17"><span class='ocrx_word' id='word_1_131' title='bbox 140 1834 482 1888; x_wconf 75' lang='lat' dir='ltr'><strong>observabat.</strong></span> <span class='ocrx_word' id='word_1_132' title='bbox 518 1834 647 1889; x_wconf 89' lang='lat' dir='ltr'><strong>Cum</strong></span> <span class='ocrx_word' id='word_1_133' title='bbox 678 1845 856 1890; x_wconf 88' lang='lat' dir='ltr'><strong>autem</strong></span> <span class='ocrx_word' id='word_1_134' title='bbox 888 1838 1210 1904; x_wconf 69' lang='lat' dir='ltr'><strong>prmtcriisse</strong></span> <span class='ocrx_word' id='word_1_135' title='bbox 1242 1847 1351 1890; x_wconf 89' lang='lat' dir='ltr'><strong>tres</strong></span> <span class='ocrx_word' id='word_1_136' title='bbox 1400 1836 1518 1895; x_wconf 87' lang='lat' dir='ltr'><strong>dies</strong></span> <span class='ocrx_word' id='word_1_137' title='bbox 1572 1837 1737 1900; x_wconf 86' lang='lat' dir='ltr'><strong>vidit,</strong></span> 
     </span>
    </p>
   </div>
   <div class='ocr_carea' id='block_1_18' title="bbox 142 1924 1743 1995">
    <p class='ocr_par' dir='ltr' id='par_1_18' title="bbox 142 1924 1743 1995">
     <span class='ocr_line' id='line_1_18' title="bbox 142 1924 1743 1995; baseline 0.004 -18"><span class='ocrx_word' id='word_1_138' title='bbox 142 1940 321 1994; x_wconf 88' lang='lat' dir='ltr'><strong>neque</strong></span> <span class='ocrx_word' id='word_1_139' title='bbox 342 1924 630 1994; x_wconf 83' lang='lat' dir='ltr'><strong>quidquam</strong></span> <span class='ocrx_word' id='word_1_140' title='bbox 658 1942 865 1989; x_wconf 81' lang='lat' dir='ltr'><strong>eorum,</strong></span> <span class='ocrx_word' id='word_1_141' title='bbox 899 1942 1019 1995; x_wconf 78' lang='lat' dir='ltr'><strong>qua:</strong></span> <span class='ocrx_word' id='word_1_142' title='bbox 1048 1927 1403 1981; x_wconf 83' lang='lat' dir='ltr'><strong>comminatus</strong></span> <span class='ocrx_word' id='word_1_143' title='bbox 1430 1926 1626 1990; x_wconf 84' lang='lat' dir='ltr'><strong>fuerat,</strong></span> <span class='ocrx_word' id='word_1_144' title='bbox 1652 1946 1743 1983; x_wconf 84' lang='lat' dir='ltr'><strong>us-</strong></span> 
     </span>
    </p>
   </div>
   <div class='ocr_carea' id='block_1_19' title="bbox 141 2016 1753 2087">
    <p class='ocr_par' dir='ltr' id='par_1_19' title="bbox 141 2016 1753 2087">
     <span class='ocr_line' id='line_1_19' title="bbox 141 2016 1753 2087; baseline 0.006 -23"><span class='ocrx_word' id='word_1_145' title='bbox 141 2016 285 2084; x_wconf 81' lang='lat' dir='ltr'><strong>piam</strong></span> <span class='ocrx_word' id='word_1_146' title='bbox 318 2016 557 2083; x_wconf 88' lang='lat' dir='ltr'><strong>evenire,</strong></span> <span class='ocrx_word' id='word_1_147' title='bbox 615 2026 723 2070; x_wconf 93' lang='lat' dir='ltr'><strong>tum</strong></span> <span class='ocrx_word' id='word_1_148' title='bbox 776 2018 1007 2087; x_wconf 86' lang='lat' dir='ltr'><strong>priorem</strong></span> <span class='ocrx_word' id='word_1_149' title='bbox 1049 2032 1200 2071; x_wconf 88' lang='lat' dir='ltr'><strong>suam</strong></span> <span class='ocrx_word' id='word_1_150' title='bbox 1251 2018 1629 2087; x_wconf 81' lang='lat' dir='ltr'><strong>cogitationem</strong></span> <span class='ocrx_word' id='word_1_151' title='bbox 1685 2019 1753 2073; x_wconf 72' lang='lat' dir='ltr'><strong>in‘</strong></span> 
     </span>
    </p>
   </div>
   <div class='ocr_carea' id='block_1_20' title="bbox 141 2103 1737 2170">
    <p class='ocr_par' dir='ltr' id='par_1_20' title="bbox 141 2103 1737 2170">
     <span class='ocr_line' id='line_1_20' title="bbox 141 2103 1737 2170; baseline 0.003 -14"><span class='ocrx_word' id='word_1_152' title='bbox 141 2114 379 2159; x_wconf 88' lang='lat' dir='ltr'><strong>mentem</strong></span> <span class='ocrx_word' id='word_1_153' title='bbox 410 2114 657 2170; x_wconf 88' lang='lat' dir='ltr'><strong>revocat,</strong></span> <span class='ocrx_word' id='word_1_154' title='bbox 686 2115 740 2159; x_wconf 91' lang='lat' dir='ltr'><strong>et</strong></span> <span class='ocrx_word' id='word_1_155' title='bbox 759 2107 869 2160; x_wconf 90' lang='lat' dir='ltr'><strong>ait:</strong></span> <span class='ocrx_word' id='word_1_156' title='bbox 903 2103 1089 2159; x_wconf 85' lang='lat' dir='ltr'><strong>Nonne</strong></span> <span class='ocrx_word' id='word_1_157' title='bbox 1113 2107 1198 2160; x_wconf 81' lang='lat' dir='ltr'><strong>isti</strong></span> <span class='ocrx_word' id='word_1_158' title='bbox 1223 2116 1341 2161; x_wconf 87' lang='lat' dir='ltr'><strong>sunt</strong></span> <span class='ocrx_word' id='word_1_159' title='bbox 1365 2124 1619 2163; x_wconf 76' lang='lat' dir='ltr'><strong>sermones</strong></span> <span class='ocrx_word' id='word_1_160' title='bbox 1643 2109 1737 2162; x_wconf 88' lang='lat' dir='ltr'><strong>mei</strong></span> 
     </span>
    </p>
   </div>
   <div class='ocr_carea' id='block_1_21' title="bbox 138 2194 1736 2269">
    <p class='ocr_par' dir='ltr' id='par_1_21' title="bbox 138 2194 1736 2269">
     <span class='ocr_line' id='line_1_21' title="bbox 138 2194 1736 2269; baseline 0.004 -24"><span class='ocrx_word' id='word_1_161' title='bbox 138 2211 266 2260; x_wconf 86' lang='lat' dir='ltr'><strong>quos</strong></span> <span class='ocrx_word' id='word_1_162' title='bbox 297 2195 528 2247; x_wconf 83' lang='lat' dir='ltr'><strong>dicebam</strong></span> <span class='ocrx_word' id='word_1_163' title='bbox 557 2210 576 2248; x_wconf 90' lang='lat'><strong><em>:</em></strong></span> <span class='ocrx_word' id='word_1_164' title='bbox 605 2196 843 2263; x_wconf 85' lang='lat' dir='ltr'><strong>quoniam</strong></span> <span class='ocrx_word' id='word_1_165' title='bbox 880 2194 1019 2249; x_wconf 82' lang='lat' dir='ltr'><strong>Deus</strong></span> <span class='ocrx_word' id='word_1_166' title='bbox 1046 2197 1325 2250; x_wconf 76' lang='lat' dir='ltr'><strong>misericors</strong></span> <span class='ocrx_word' id='word_1_167' title='bbox 1356 2209 1449 2264; x_wconf 88' lang='lat' dir='ltr'><strong>est,</strong></span> <span class='ocrx_word' id='word_1_168' title='bbox 1482 2208 1526 2251; x_wconf 88' lang='lat' dir='ltr'><strong>et</strong></span> <span class='ocrx_word' id='word_1_169' title='bbox 1552 2199 1736 2269; x_wconf 79' lang='lat' dir='ltr'><strong>longa-</strong></span> 
     </span>
    </p>
   </div>
   <div class='ocr_carea' id='block_1_22' title="bbox 141 2285 1737 2355">
    <p class='ocr_par' dir='ltr' id='par_1_22' title="bbox 141 2285 1737 2355">
     <span class='ocr_line' id='line_1_22' title="bbox 141 2285 1737 2355; baseline 0.006 -20"><span class='ocrx_word' id='word_1_170' title='bbox 141 2286 315 2350; x_wconf 88' lang='lat' dir='ltr'><strong>nimis,</strong></span> <span class='ocrx_word' id='word_1_171' title='bbox 372 2294 418 2339; x_wconf 85' lang='lat' dir='ltr'><strong>et</strong></span> <span class='ocrx_word' id='word_1_172' title='bbox 449 2300 603 2355; x_wconf 84' lang='lat' dir='ltr'><strong>agens</strong></span> <span class='ocrx_word' id='word_1_173' title='bbox 643 2285 991 2351; x_wconf 67' lang='lat' dir='ltr'><strong>paenitentiam</strong></span> <span class='ocrx_word' id='word_1_174' title='bbox 1042 2303 1193 2355; x_wconf 82' lang='lat' dir='ltr'><strong>super</strong></span> <span class='ocrx_word' id='word_1_175' title='bbox 1241 2288 1451 2343; x_wconf 86' lang='lat' dir='ltr'><strong>malitiis</strong></span> <span class='ocrx_word' id='word_1_176' title='bbox 1477 2289 1737 2344; x_wconf 80' lang='lat' dir='ltr'><strong>hominum</strong></span> 
     </span>
    </p>
   </div>
   <div class='ocr_carea' id='block_1_23' title="bbox 139 2375 1737 2450">
    <p class='ocr_par' dir='ltr' id='par_1_23' title="bbox 139 2375 1737 2450">
     <span class='ocr_line' id='line_1_23' title="bbox 139 2375 1737 2450; baseline 0.005 -23"><span class='ocrx_word' id='word_1_177' title='bbox 139 2375 288 2428; x_wconf 83' lang='lat' dir='ltr'><strong>(Jan.</strong></span> <span class='ocrx_word' id='word_1_178' title='bbox 321 2376 378 2430; x_wconf 69' lang='grc'><strong>4.</strong></span> <span class='ocrx_word' id='word_1_179' title='bbox 410 2375 510 2445; x_wconf 71' lang='lat'><strong>2)?</strong></span> <span class='ocrx_word' id='word_1_180' title='bbox 541 2376 617 2429; x_wconf 82' lang='lat' dir='ltr'><strong>Ne</strong></span> <span class='ocrx_word' id='word_1_181' title='bbox 639 2378 795 2445; x_wconf 86' lang='lat' dir='ltr'><strong>igitur</strong></span> <span class='ocrx_word' id='word_1_182' title='bbox 816 2378 921 2431; x_wconf 89' lang='lat' dir='ltr'><strong>tale</strong></span> <span class='ocrx_word' id='word_1_183' title='bbox 950 2378 1077 2446; x_wconf 90' lang='lat' dir='ltr'><strong>quid</strong></span> <span class='ocrx_word' id='word_1_184' title='bbox 1102 2378 1367 2434; x_wconf 84' lang='lat' dir='ltr'><strong>accideret</strong></span> <span class='ocrx_word' id='word_1_185' title='bbox 1398 2380 1549 2446; x_wconf 71' lang='lat' dir='ltr'><strong>Elite,</strong></span> <span class='ocrx_word' id='word_1_186' title='bbox 1578 2382 1737 2450; x_wconf 87' lang='lat' dir='ltr'><strong>quale</strong></span> 
     </span>
    </p>
   </div>
   <div class='ocr_carea' id='block_1_24' title="bbox 137 2464 1737 2538">
    <p class='ocr_par' dir='ltr' id='par_1_24' title="bbox 137 2464 1737 2538">
     <span class='ocr_line' id='line_1_24' title="bbox 137 2464 1737 2538; baseline 0.006 -20"><span class='ocrx_word' id='word_1_187' title='bbox 137 2464 310 2531; x_wconf 64' lang='lat' dir='ltr'><strong>Jonas,</strong></span> <span class='ocrx_word' id='word_1_188' title='bbox 358 2480 574 2519; x_wconf 85' lang='lat' dir='ltr'><strong>causam</strong></span> <span class='ocrx_word' id='word_1_189' title='bbox 603 2468 823 2534; x_wconf 81' lang='lat' dir='ltr'><strong>exponit</strong></span> <span class='ocrx_word' id='word_1_190' title='bbox 862 2467 1038 2533; x_wconf 88' lang='lat' dir='ltr'><strong>Deus,</strong></span> <span class='ocrx_word' id='word_1_191' title='bbox 1074 2479 1290 2537; x_wconf 84' lang='lat' dir='ltr'><strong>propter</strong></span> <span class='ocrx_word' id='word_1_192' title='bbox 1329 2486 1488 2538; x_wconf 88' lang='lat' dir='ltr'><strong>quam</strong></span> <span class='ocrx_word' id='word_1_193' title='bbox 1519 2472 1737 2527; x_wconf 81' lang='lat' dir='ltr'><strong>Achaab</strong></span> 
     </span>
    </p>
   </div>
   <div class='ocr_carea' id='block_1_25' title="bbox 137 2555 1732 2633">
    <p class='ocr_par' dir='ltr' id='par_1_25' title="bbox 137 2555 1732 2633">
     <span class='ocr_line' id='line_1_25' title="bbox 137 2555 1732 2633; baseline 0.004 -24"><span class='ocrx_word' id='word_1_194' title='bbox 137 2555 488 2610; x_wconf 87' lang='lat' dir='ltr'><strong>condonavit.</strong></span> <span class='ocrx_word' id='word_1_195' title='bbox 514 2555 580 2609; x_wconf 86' lang='lat' dir='ltr'><strong>Et</strong></span> <span class='ocrx_word' id='word_1_196' title='bbox 603 2556 730 2626; x_wconf 90' lang='lat' dir='ltr'><strong>quid</strong></span> <span class='ocrx_word' id='word_1_197' title='bbox 761 2558 836 2610; x_wconf 89' lang='lat' dir='ltr'><strong>ait</strong></span> <span class='ocrx_word' id='word_1_198' title='bbox 874 2558 1003 2611; x_wconf 69' lang='lat' dir='ltr'><strong>Elim</strong></span> <span class='ocrx_word' id='word_1_199' title='bbox 1035 2559 1211 2611; x_wconf 64' lang='lat' dir='ltr'><strong>licus?</strong></span> <span class='ocrx_word' id='word_1_200' title='bbox 1253 2557 1450 2625; x_wconf 77' lang='lat' dir='ltr'><strong>Vidisti,</strong></span> <span class='ocrx_word' id='word_1_201' title='bbox 1483 2562 1732 2633; x_wconf 80' lang='lat' dir='ltr'><strong>quemad-</strong></span> 
     </span>
    </p>
   </div>
   <div class='ocr_carea' id='block_1_26' title="bbox 141 2647 1739 2716">
    <p class='ocr_par' dir='ltr' id='par_1_26' title="bbox 141 2647 1739 2716">
     <span class='ocr_line' id='line_1_26' title="bbox 141 2647 1739 2716; baseline 0.006 -20"><span class='ocrx_word' id='word_1_202' title='bbox 141 2650 346 2699; x_wconf 81' lang='lat' dir='ltr'><strong>modum</strong></span> <span class='ocrx_word' id='word_1_203' title='bbox 375 2649 628 2700; x_wconf 79' lang='lat' dir='ltr'><strong>incesserit</strong></span> <span class='ocrx_word' id='word_1_204' title='bbox 658 2650 866 2716; x_wconf 80' lang='lat' dir='ltr'><strong>plorans</strong></span> <span class='ocrx_word' id='word_1_205' title='bbox 892 2658 939 2701; x_wconf 87' lang='lat' dir='ltr'><strong>et</strong></span> <span class='ocrx_word' id='word_1_206' title='bbox 970 2649 1128 2702; x_wconf 83' lang='lat' dir='ltr'><strong>tristis</strong></span> <span class='ocrx_word' id='word_1_207' title='bbox 1154 2647 1360 2702; x_wconf 72' lang='lat' dir='ltr'><strong>Acha/tl)</strong></span> <span class='ocrx_word' id='word_1_208' title='bbox 1389 2667 1559 2704; x_wconf 89' lang='lat' dir='ltr'><strong>coram</strong></span> <span class='ocrx_word' id='word_1_209' title='bbox 1612 2670 1689 2705; x_wconf 84' lang='lat' dir='ltr'><strong>me</strong></span> <span class='ocrx_word' id='word_1_210' title='bbox 1712 2653 1739 2707; x_wconf 69' lang='lat'><strong>.9</strong></span> 
     </span>
    </p>
   </div>
   <div class='ocr_carea' id='block_1_27' title="bbox 148 2735 1729 2819">
    <p class='ocr_par' dir='ltr' id='par_1_27' title="bbox 148 2735 1729 2819">
     <span class='ocr_line' id='line_1_27' title="bbox 148 2735 1729 2819; baseline 0.006 -29"><span class='ocrx_word' id='word_1_211' title='bbox 148 2735 265 2790; x_wconf 72' lang='lat' dir='ltr'><strong>Non</strong></span> <span class='ocrx_word' id='word_1_212' title='bbox 298 2738 491 2807; x_wconf 81' lang='lat' dir='ltr'><strong>faciam</strong></span> <span class='ocrx_word' id='word_1_213' title='bbox 514 2738 790 2792; x_wconf 86' lang='lat' dir='ltr'><strong>secundum</strong></span> <span class='ocrx_word' id='word_1_214' title='bbox 816 2738 1062 2792; x_wconf 84' lang='lat' dir='ltr'><strong>malitiam</strong></span> <span class='ocrx_word' id='word_1_215' title='bbox 1084 2740 1192 2811; x_wconf 82' lang='lat' dir='ltr'><strong>ejus</strong></span> <span class='ocrx_word' id='word_1_216' title='bbox 1232 2742 1307 2819; x_wconf 75' lang='lat'><strong>(5.</strong></span> <span class='ocrx_word' id='word_1_217' title='bbox 1334 2740 1460 2813; x_wconf 80' lang='lat' dir='ltr'><strong>Reg.</strong></span> <span class='ocrx_word' id='word_1_218' title='bbox 1497 2743 1586 2797; x_wconf 75' lang='lat'><strong>21.</strong></span> <span class='ocrx_word' id='word_1_219' title='bbox 1616 2744 1729 2815; x_wconf 66' lang='lat'><strong>‘29).</strong></span> 
     </span>
    </p>
   </div>
   <div class='ocr_carea' id='block_1_28' title="bbox 138 2827 1735 2903">
    <p class='ocr_par' dir='ltr' id='par_1_28' title="bbox 138 2827 1735 2903">
     <span class='ocr_line' id='line_1_28' title="bbox 138 2827 1735 2903; baseline 0.006 -21"><span class='ocrx_word' id='word_1_220' title='bbox 138 2827 329 2896; x_wconf 71' lang='lat' dir='ltr'><strong>Papan</strong></span> <span class='ocrx_word' id='word_1_221' title='bbox 368 2829 625 2883; x_wconf 87' lang='lat' dir='ltr'><strong>Dominus</strong></span> <span class='ocrx_word' id='word_1_222' title='bbox 664 2830 805 2885; x_wconf 80' lang='lat' dir='ltr'><strong>Servi</strong></span> <span class='ocrx_word' id='word_1_223' title='bbox 850 2830 908 2883; x_wconf 83' lang='lat' dir='ltr'><strong>lit</strong></span> <span class='ocrx_word' id='word_1_224' title='bbox 934 2831 1259 2897; x_wconf 84' lang='lat' dir='ltr'><strong>advocatus,</strong></span> <span class='ocrx_word' id='word_1_225' title='bbox 1308 2843 1362 2889; x_wconf 81' lang='lat' dir='ltr'><strong>et</strong></span> <span class='ocrx_word' id='word_1_226' title='bbox 1387 2835 1524 2903; x_wconf 89' lang='lat' dir='ltr'><strong>apud</strong></span> <span class='ocrx_word' id='word_1_227' title='bbox 1558 2835 1735 2891; x_wconf 84' lang='lat' dir='ltr'><strong>homi-</strong></span> 
     </span>
    </p>
   </div>
   <div class='ocr_carea' id='block_1_29' title="bbox 138 2917 1735 2993">
    <p class='ocr_par' dir='ltr' id='par_1_29' title="bbox 138 2917 1735 2993">
     <span class='ocr_line' id='line_1_29' title="bbox 138 2917 1735 2993; baseline 0.008 -24"><span class='ocrx_word' id='word_1_228' title='bbox 138 2932 256 2970; x_wconf 90' lang='lat' dir='ltr'><strong>nem</strong></span> <span class='ocrx_word' id='word_1_229' title='bbox 286 2917 432 2972; x_wconf 88' lang='lat' dir='ltr'><strong>Deus</strong></span> <span class='ocrx_word' id='word_1_230' title='bbox 463 2918 663 2973; x_wconf 85' lang='lat' dir='ltr'><strong>homini</strong></span> <span class='ocrx_word' id='word_1_231' title='bbox 714 2921 1097 2991; x_wconf 85' lang='lat' dir='ltr'><strong>patrocinatur.</strong></span> <span class='ocrx_word' id='word_1_232' title='bbox 1141 2922 1259 2977; x_wconf 86' lang='lat' dir='ltr'><strong>Noli</strong></span> <span class='ocrx_word' id='word_1_233' title='bbox 1285 2924 1616 2993; x_wconf 72' lang='lat' dir='ltr'><strong>existimare,</strong></span> <span class='ocrx_word' id='word_1_234' title='bbox 1649 2928 1735 2983; x_wconf 84' lang='lat' dir='ltr'><strong>in~</strong></span> 
     </span>
    </p>
   </div>
   <div class='ocr_carea' id='block_1_30' title="bbox 135 3007 1730 3084">
    <p class='ocr_par' dir='ltr' id='par_1_30' title="bbox 135 3007 1730 3084">
     <span class='ocr_line' id='line_1_30' title="bbox 135 3007 1730 3084; baseline 0.011 -28"><span class='ocrx_word' id='word_1_235' title='bbox 135 3007 270 3075; x_wconf 85' lang='lat' dir='ltr'><strong>quit,</strong></span> <span class='ocrx_word' id='word_1_236' title='bbox 303 3009 425 3063; x_wconf 86' lang='lat' dir='ltr'><strong>sine</strong></span> <span class='ocrx_word' id='word_1_237' title='bbox 454 3024 611 3063; x_wconf 88' lang='lat' dir='ltr'><strong>cansa</strong></span> <span class='ocrx_word' id='word_1_238' title='bbox 643 3026 728 3063; x_wconf 90' lang='lat' dir='ltr'><strong>me</strong></span> <span class='ocrx_word' id='word_1_239' title='bbox 773 3011 843 3064; x_wconf 89' lang='lat' dir='ltr'><strong>illi</strong></span> <span class='ocrx_word' id='word_1_240' title='bbox 878 3012 1177 3082; x_wconf 86' lang='lat' dir='ltr'><strong>pepercisse</strong></span> <span class='ocrx_word' id='word_1_241' title='bbox 1207 3031 1220 3067; x_wconf 92' lang='lat'>:</span> <span class='ocrx_word' id='word_1_242' title='bbox 1255 3016 1480 3070; x_wconf 87' lang='lat' dir='ltr'><strong>mutavit</strong></span> <span class='ocrx_word' id='word_1_243' title='bbox 1519 3034 1730 3084; x_wconf 88' lang='lat' dir='ltr'><strong>mores,</strong></span> 
     </span>
    </p>
   </div>
   <div class='ocr_carea' id='block_1_31' title="bbox 135 3100 1734 3174">
    <p class='ocr_par' dir='ltr' id='par_1_31' title="bbox 135 3100 1734 3174">
     <span class='ocr_line' id='line_1_31' title="bbox 135 3100 1734 3174; baseline 0.009 -23"><span class='ocrx_word' id='word_1_244' title='bbox 135 3108 186 3151; x_wconf 90' lang='lat' dir='ltr'><strong>ct</strong></span> <span class='ocrx_word' id='word_1_245' title='bbox 215 3100 352 3153; x_wconf 86' lang='lat' dir='ltr'><strong>iram</strong></span> <span class='ocrx_word' id='word_1_246' title='bbox 386 3116 560 3156; x_wconf 85' lang='lat' dir='ltr'><strong>meam</strong></span> <span class='ocrx_word' id='word_1_247' title='bbox 601 3103 799 3156; x_wconf 83' lang='lat' dir='ltr'><strong>mutavi</strong></span> <span class='ocrx_word' id='word_1_248' title='bbox 823 3112 981 3172; x_wconf 87' lang='lat' dir='ltr'><strong>atque</strong></span> <span class='ocrx_word' id='word_1_249' title='bbox 1008 3105 1262 3174; x_wconf 88' lang='lat' dir='ltr'><strong>mitigavi.</strong></span> <span class='ocrx_word' id='word_1_250' title='bbox 1306 3104 1385 3160; x_wconf 84' lang='lat' dir='ltr'><strong>Ne</strong></span> <span class='ocrx_word' id='word_1_251' title='bbox 1412 3123 1539 3162; x_wconf 90' lang='lat' dir='ltr'><strong>vero</strong></span> <span class='ocrx_word' id='word_1_252' title='bbox 1569 3109 1734 3166; x_wconf 77' lang='lat' dir='ltr'><strong>falsus</strong></span> 
     </span>
    </p>
   </div>
   <div class='ocr_carea' id='block_1_32' title="bbox 138 3192 1732 3266">
    <p class='ocr_par' dir='ltr' id='par_1_32' title="bbox 138 3192 1732 3266">
     <span class='ocr_line' id='line_1_32' title="bbox 138 3192 1732 3266; baseline 0.009 -24"><span class='ocrx_word' id='word_1_253' title='bbox 138 3192 396 3260; x_wconf 82' lang='lat' dir='ltr'><strong>propheta</strong></span> <span class='ocrx_word' id='word_1_254' title='bbox 424 3196 716 3259; x_wconf 89' lang='lat' dir='ltr'><strong>censearis,</strong></span> <span class='ocrx_word' id='word_1_255' title='bbox 759 3194 1025 3265; x_wconf 81' lang='lat' dir='ltr'><strong>siquidem</strong></span> <span class='ocrx_word' id='word_1_256' title='bbox 1069 3212 1193 3251; x_wconf 89' lang='lat' dir='ltr'><strong>vera</strong></span> <span class='ocrx_word' id='word_1_257' title='bbox 1221 3200 1604 3266; x_wconf 82' lang='lat' dir='ltr'><strong>pronuntiasti;</strong></span> <span class='ocrx_word' id='word_1_258' title='bbox 1630 3203 1732 3258; x_wconf 89' lang='lat' dir='ltr'><strong>nisi</strong></span> 
     </span>
    </p>
   </div>
   <div class='ocr_carea' id='block_1_33' title="bbox 136 3292 1731 3359">
    <p class='ocr_par' dir='ltr' id='par_1_33' title="bbox 136 3292 1731 3359">
     <span class='ocr_line' id='line_1_33' title="bbox 136 3292 1731 3359; baseline 0.009 -25"><span class='ocrx_word' id='word_1_259' title='bbox 136 3297 311 3337; x_wconf 86' lang='lat' dir='ltr'><strong>mores</strong></span> <span class='ocrx_word' id='word_1_260' title='bbox 334 3292 613 3350; x_wconf 87' lang='lat' dir='ltr'><strong>mutasset,</strong></span> <span class='ocrx_word' id='word_1_261' title='bbox 646 3302 706 3340; x_wconf 88' lang='lat' dir='ltr'><strong>ea</strong></span> <span class='ocrx_word' id='word_1_262' title='bbox 738 3302 988 3355; x_wconf 88' lang='lat' dir='ltr'><strong>passurus</strong></span> <span class='ocrx_word' id='word_1_263' title='bbox 1022 3294 1160 3354; x_wconf 87' lang='lat' dir='ltr'><strong>erat,</strong></span> <span class='ocrx_word' id='word_1_264' title='bbox 1192 3305 1312 3359; x_wconf 67' lang='lat' dir='ltr'><strong>qum</strong></span> <span class='ocrx_word' id='word_1_265' title='bbox 1339 3294 1601 3348; x_wconf 86' lang='lat' dir='ltr'><strong>sententia</strong></span> <span class='ocrx_word' id='word_1_266' title='bbox 1631 3296 1731 3349; x_wconf 84' lang='lat' dir='ltr'><strong>mi-</strong></span> 
     </span>
    </p>
   </div>
   <div class='ocr_carea' id='block_1_34' title="bbox 139 3372 1728 3443">
    <p class='ocr_par' dir='ltr' id='par_1_34' title="bbox 139 3372 1728 3443">
     <span class='ocr_line' id='line_1_34' title="bbox 139 3372 1728 3443; baseline 0.009 -18"><span class='ocrx_word' id='word_1_267' title='bbox 139 3373 398 3437; x_wconf 82' lang='lat' dir='ltr'><strong>uabatur;</strong></span> <span class='ocrx_word' id='word_1_268' title='bbox 451 3391 636 3429; x_wconf 85' lang='lat' dir='ltr'><strong>verum</strong></span> <span class='ocrx_word' id='word_1_269' title='bbox 666 3372 767 3429; x_wconf 81' lang='lat' dir='ltr'><strong>iste</strong></span> <span class='ocrx_word' id='word_1_270' title='bbox 799 3392 976 3431; x_wconf 90' lang='lat' dir='ltr'><strong>mores</strong></span> <span class='ocrx_word' id='word_1_271' title='bbox 1021 3380 1262 3443; x_wconf 88' lang='lat' dir='ltr'><strong>mulavit,</strong></span> <span class='ocrx_word' id='word_1_272' title='bbox 1292 3387 1346 3434; x_wconf 92' lang='lat' dir='ltr'><strong>et</strong></span> <span class='ocrx_word' id='word_1_273' title='bbox 1388 3383 1523 3436; x_wconf 82' lang='lat' dir='ltr'><strong>iram</strong></span> <span class='ocrx_word' id='word_1_274' title='bbox 1556 3401 1728 3439; x_wconf 87' lang='lat' dir='ltr'><strong>meam</strong></span> 
     </span>
    </p>
   </div>
   <div class='ocr_carea' id='block_1_35' title="bbox 135 3466 1737 3540">
    <p class='ocr_par' dir='ltr' id='par_1_35' title="bbox 135 3466 1737 3540">
     <span class='ocr_line' id='line_1_35' title="bbox 135 3466 1737 3540; baseline 0.01 -25"><span class='ocrx_word' id='word_1_275' title='bbox 135 3479 232 3533; x_wconf 88' lang='lat' dir='ltr'><strong>ego</strong></span> <span class='ocrx_word' id='word_1_276' title='bbox 260 3466 518 3535; x_wconf 88' lang='lat' dir='ltr'><strong>mitigavi.</strong></span> <span class='ocrx_word' id='word_1_277' title='bbox 562 3466 627 3519; x_wconf 83' lang='lat' dir='ltr'><strong>Et</strong></span> <span class='ocrx_word' id='word_1_278' title='bbox 653 3468 727 3520; x_wconf 88' lang='lat' dir='ltr'><strong>ait</strong></span> <span class='ocrx_word' id='word_1_279' title='bbox 752 3467 890 3521; x_wconf 88' lang='lat' dir='ltr'><strong>Deus</strong></span> <span class='ocrx_word' id='word_1_280' title='bbox 909 3467 974 3520; x_wconf 91' lang='lat' dir='ltr'><strong>ad</strong></span> <span class='ocrx_word' id='word_1_281' title='bbox 1005 3468 1178 3522; x_wconf 85' lang='lat' dir='ltr'><strong>Eliam</strong></span> <span class='ocrx_word' id='word_1_282' title='bbox 1207 3487 1220 3523; x_wconf 93' lang='lat'><strong>:</strong></span> <span class='ocrx_word' id='word_1_283' title='bbox 1250 3469 1436 3524; x_wconf 77' lang='lat' dir='ltr'><strong>Vidisti</strong></span> <span class='ocrx_word' id='word_1_284' title='bbox 1477 3476 1737 3540; x_wconf 85' lang='lat' dir='ltr'><strong>quemad-</strong></span> 
     </span>
    </p>
   </div>
   <div class='ocr_carea' id='block_1_36' title="bbox 134 3554 1728 3627">
    <p class='ocr_par' dir='ltr' id='par_1_36' title="bbox 134 3554 1728 3627">
     <span class='ocr_line' id='line_1_36' title="bbox 134 3554 1728 3627; baseline 0.009 -21"><span class='ocrx_word' id='word_1_285' title='bbox 134 3554 346 3607; x_wconf 86' lang='lat' dir='ltr'><strong>modum</strong></span> <span class='ocrx_word' id='word_1_286' title='bbox 378 3556 661 3610; x_wconf 85' lang='lat' dir='ltr'><strong>incesserit</strong></span> <span class='ocrx_word' id='word_1_287' title='bbox 692 3556 907 3611; x_wconf 78' lang='lat' dir='ltr'><strong>Acbaab</strong></span> <span class='ocrx_word' id='word_1_288' title='bbox 951 3559 1167 3627; x_wconf 89' lang='lat' dir='ltr'><strong>plorans</strong></span> <span class='ocrx_word' id='word_1_289' title='bbox 1192 3572 1247 3614; x_wconf 89' lang='lat' dir='ltr'><strong>et</strong></span> <span class='ocrx_word' id='word_1_290' title='bbox 1273 3563 1478 3617; x_wconf 87' lang='lat' dir='ltr'><strong>tristis?</strong></span> <span class='ocrx_word' id='word_1_291' title='bbox 1506 3564 1622 3619; x_wconf 84' lang='lat' dir='ltr'><strong>Non</strong></span> <span class='ocrx_word' id='word_1_292' title='bbox 1648 3566 1728 3621; x_wconf 81' lang='lat' dir='ltr'><strong>ta-</strong></span> 
     </span>
    </p>
   </div>
   <div class='ocr_carea' id='block_1_37' title="bbox 133 3644 1730 3725">
    <p class='ocr_par' dir='ltr' id='par_1_37' title="bbox 133 3644 1730 3725">
     <span class='ocr_line' id='line_1_37' title="bbox 133 3644 1730 3725; baseline 0.013 -31"><span class='ocrx_word' id='word_1_293' title='bbox 133 3645 265 3697; x_wconf 91' lang='lat' dir='ltr'><strong>ciam</strong></span> <span class='ocrx_word' id='word_1_294' title='bbox 311 3644 608 3699; x_wconf 88' lang='lat' dir='ltr'><strong>secundum</strong></span> <span class='ocrx_word' id='word_1_295' title='bbox 660 3646 793 3701; x_wconf 89' lang='lat' dir='ltr'><strong>iram</strong></span> <span class='ocrx_word' id='word_1_296' title='bbox 834 3662 1031 3703; x_wconf 88' lang='lat' dir='ltr'><strong>meam.</strong></span> <span class='ocrx_word' id='word_1_297' title='bbox 1065 3649 1223 3705; x_wconf 87' lang='lat' dir='ltr'><strong>Vides</strong></span> <span class='ocrx_word' id='word_1_298' title='bbox 1253 3652 1463 3720; x_wconf 85' lang='lat' dir='ltr'><strong>ploratu</strong></span> <span class='ocrx_word' id='word_1_299' title='bbox 1510 3668 1730 3725; x_wconf 89' lang='lat' dir='ltr'><strong>peccata</strong></span> 
     </span>
    </p>
   </div>
   <div class='ocr_carea' id='block_1_38' title="bbox 133 3733 342 3789">
    <p class='ocr_par' dir='ltr' id='par_1_38' title="bbox 133 3733 342 3789">
     <span class='ocr_line' id='line_1_38' title="bbox 133 3733 342 3789; baseline 0.014 -3"><span class='ocrx_word' id='word_1_300' title='bbox 133 3733 293 3789; x_wconf 89' lang='lat' dir='ltr'><strong>deleri</strong></span> <span class='ocrx_word' id='word_1_301' title='bbox 317 3735 342 3789; x_wconf 70' lang='grc' dir='ltr'><strong><em>τ</em></strong></span> 
     </span>
    </p>
   </div>
   <div class='ocr_carea' id='block_1_39' title="bbox 200 3826 1730 3898">
    <p class='ocr_par' dir='ltr' id='par_1_39' title="bbox 200 3826 1730 3898">
     <span class='ocr_line' id='line_1_39' title="bbox 200 3826 1730 3898; baseline 0.01 -18"><span class='ocrx_word' id='word_1_302' title='bbox 200 3828 253 3881; x_wconf 72' lang='grc'><strong>4.</strong></span> <span class='ocrx_word' id='word_1_303' title='bbox 309 3826 489 3881; x_wconf 83' lang='lat' dir='ltr'><strong>Tertia</strong></span> <span class='ocrx_word' id='word_1_304' title='bbox 530 3830 834 3898; x_wconf 73' lang='lat' dir='ltr'><strong>paenitentia:</strong></span> <span class='ocrx_word' id='word_1_305' title='bbox 890 3832 970 3885; x_wconf 84' lang='lat' dir='ltr'><strong>via</strong></span> <span class='ocrx_word' id='word_1_306' title='bbox 1019 3833 1305 3888; x_wconf 85' lang='lat' dir='ltr'><strong>humilitas.</strong></span> <span class='ocrx_word' id='word_1_307' title='bbox 1352 3864 1424 3875; x_wconf 89' lang='lat'><strong>-—</strong></span> <span class='ocrx_word' id='word_1_308' title='bbox 1452 3836 1628 3893; x_wconf 86' lang='lat' dir='ltr'><strong>Habes</strong></span> <span class='ocrx_word' id='word_1_309' title='bbox 1676 3853 1730 3896; x_wconf 90' lang='lat' dir='ltr'><strong>et</strong></span> 
     </span>
    </p>
   </div>
   <div class='ocr_carea' id='block_1_40' title="bbox 135 3912 1731 3999">
    <p class='ocr_par' dir='ltr' id='par_1_40' title="bbox 135 3912 1731 3999">
     <span class='ocr_line' id='line_1_40' title="bbox 135 3912 1731 3999; baseline 0.012 -29"><span class='ocrx_word' id='word_1_310' title='bbox 135 3919 339 3972; x_wconf 84' lang='lat' dir='ltr'><strong>tertiam</strong></span> <span class='ocrx_word' id='word_1_311' title='bbox 385 3912 717 3990; x_wconf 60' lang='lat' dir='ltr'><strong>ptenitentiie</strong></span> <span class='ocrx_word' id='word_1_312' title='bbox 769 3924 928 3979; x_wconf 87' lang='lat' dir='ltr'><strong>viam.</strong></span> <span class='ocrx_word' id='word_1_313' title='bbox 982 3924 1150 3979; x_wconf 86' lang='lat' dir='ltr'><strong>Porro</strong></span> <span class='ocrx_word' id='word_1_314' title='bbox 1180 3926 1373 3982; x_wconf 86' lang='lat' dir='ltr'><strong>multas</strong></span> <span class='ocrx_word' id='word_1_315' title='bbox 1402 3932 1731 3999; x_wconf 68' lang='lat' dir='ltr'><strong>paenitentia:</strong></span> 
     </span>
    </p>
   </div>
   <div class='ocr_carea' id='block_1_41' title="bbox 134 4008 1728 4081">
    <p class='ocr_par' dir='ltr' id='par_1_41' title="bbox 134 4008 1728 4081">
     <span class='ocr_line' id='line_1_41' title="bbox 134 4008 1728 4081; baseline 0.014 -22"><span class='ocrx_word' id='word_1_316' title='bbox 134 4008 240 4061; x_wconf 84' lang='lat' dir='ltr'><strong>vias</strong></span> <span class='ocrx_word' id='word_1_317' title='bbox 267 4009 401 4075; x_wconf 88' lang='lat' dir='ltr'><strong>dixi,</strong></span> <span class='ocrx_word' id='word_1_318' title='bbox 433 4021 490 4065; x_wconf 91' lang='lat' dir='ltr'><strong>ut</strong></span> <span class='ocrx_word' id='word_1_319' title='bbox 535 4012 843 4069; x_wconf 86' lang='lat' dir='ltr'><strong>diversitate</strong></span> <span class='ocrx_word' id='word_1_320' title='bbox 897 4016 1103 4070; x_wconf 88' lang='lat' dir='ltr'><strong>viarum</strong></span> <span class='ocrx_word' id='word_1_321' title='bbox 1147 4018 1353 4073; x_wconf 79' lang='lat' dir='ltr'><strong>facilem</strong></span> <span class='ocrx_word' id='word_1_322' title='bbox 1383 4023 1473 4075; x_wconf 88' lang='lat' dir='ltr'><strong>tibi</strong></span> <span class='ocrx_word' id='word_1_323' title='bbox 1503 4026 1728 4081; x_wconf 88' lang='lat' dir='ltr'><strong>salutem</strong></span> 
     </span>
    </p>
   </div>
   <div class='ocr_carea' id='block_1_42' title="bbox 134 4098 1755 4172">
    <p class='ocr_par' dir='ltr' id='par_1_42' title="bbox 134 4098 1755 4172">
     <span class='ocr_line' id='line_1_42' title="bbox 134 4098 1755 4172; baseline 0.014 -21"><span class='ocrx_word' id='word_1_324' title='bbox 134 4098 369 4155; x_wconf 87' lang='lat' dir='ltr'><strong>reddam.</strong></span> <span class='ocrx_word' id='word_1_325' title='bbox 405 4100 659 4168; x_wconf 79' lang='lat' dir='ltr'><strong>Quantam</strong></span> <span class='ocrx_word' id='word_1_326' title='bbox 691 4113 773 4159; x_wconf 87' lang='lat' dir='ltr'><strong>est</strong></span> <span class='ocrx_word' id='word_1_327' title='bbox 820 4107 1030 4161; x_wconf 89' lang='lat' dir='ltr'><strong>tandem</strong></span> <span class='ocrx_word' id='word_1_328' title='bbox 1066 4109 1180 4163; x_wconf 70' lang='lat' dir='ltr'><strong>hmc</strong></span> <span class='ocrx_word' id='word_1_329' title='bbox 1207 4112 1361 4165; x_wconf 89' lang='lat' dir='ltr'><strong>tertia</strong></span> <span class='ocrx_word' id='word_1_330' title='bbox 1390 4112 1511 4167; x_wconf 85' lang='lat' dir='ltr'><strong>via?</strong></span> <span class='ocrx_word' id='word_1_331' title='bbox 1542 4108 1755 4172; x_wconf 53' lang='lat' dir='ltr'><strong>Humi-&#39;</strong></span> 
     </span>
    </p>
   </div>
   <div class='ocr_carea' id='block_1_43' title="bbox 136 4186 1724 4267">
    <p class='ocr_par' dir='ltr' id='par_1_43' title="bbox 136 4186 1724 4267">
     <span class='ocr_line' id='line_1_43' title="bbox 136 4186 1724 4267; baseline 0.015 -27"><span class='ocrx_word' id='word_1_332' title='bbox 136 4186 249 4243; x_wconf 87' lang='lat' dir='ltr'><strong>litas</strong></span> <span class='ocrx_word' id='word_1_333' title='bbox 280 4208 292 4243; x_wconf 91' lang='lat'><strong>:</strong></span> <span class='ocrx_word' id='word_1_334' title='bbox 322 4190 545 4248; x_wconf 83' lang='lat' dir='ltr'><strong>humilis</strong></span> <span class='ocrx_word' id='word_1_335' title='bbox 595 4205 733 4261; x_wconf 89' lang='lat' dir='ltr'><strong>esto,</strong></span> <span class='ocrx_word' id='word_1_336' title='bbox 777 4205 833 4251; x_wconf 89' lang='lat' dir='ltr'><strong>et</strong></span> <span class='ocrx_word' id='word_1_337' title='bbox 879 4211 1219 4267; x_wconf 90' lang='lat' dir='ltr'><strong>peccatorum</strong></span> <span class='ocrx_word' id='word_1_338' title='bbox 1251 4203 1462 4260; x_wconf 87' lang='lat' dir='ltr'><strong>vincula</strong></span> <span class='ocrx_word' id='word_1_339' title='bbox 1501 4209 1724 4265; x_wconf 88' lang='lat' dir='ltr'><strong>solvisti.</strong></span> 
     </span>
    </p>
   </div>
   <div class='ocr_carea' id='block_1_44' title="bbox 135 4281 1732 4367">
    <p class='ocr_par' dir='ltr' id='par_1_44' title="bbox 135 4281 1732 4367">
     <span class='ocr_line' id='line_1_44' title="bbox 135 4281 1732 4367; baseline 0.015 -33"><span class='ocrx_word' id='word_1_340' title='bbox 135 4281 294 4350; x_wconf 88' lang='lat' dir='ltr'><strong>Hujus</strong></span> <span class='ocrx_word' id='word_1_341' title='bbox 328 4299 548 4354; x_wconf 89' lang='lat' dir='ltr'><strong>quoque</strong></span> <span class='ocrx_word' id='word_1_342' title='bbox 574 4286 1085 4346; x_wconf 85' lang='lat' dir='ltr'><strong>demonstrationem</strong></span> <span class='ocrx_word' id='word_1_343' title='bbox 1112 4295 1330 4350; x_wconf 81' lang='lat' dir='ltr'><strong>exhibet</strong></span> <span class='ocrx_word' id='word_1_344' title='bbox 1359 4295 1651 4367; x_wconf 88' lang='lat' dir='ltr'><strong>Scriptura,</strong></span> <span class='ocrx_word' id='word_1_345' title='bbox 1679 4314 1732 4357; x_wconf 88' lang='lat' dir='ltr'><strong>et</strong></span> 
     </span>
    </p>
   </div>
   <div class='ocr_carea' id='block_1_45' title="bbox 135 4373 1725 4460">
    <p class='ocr_par' dir='ltr' id='par_1_45' title="bbox 135 4373 1725 4460">
     <span class='ocr_line' id='line_1_45' title="bbox 135 4373 1725 4460; baseline 0.013 -33"><span class='ocrx_word' id='word_1_346' title='bbox 135 4373 286 4429; x_wconf 87' lang='lat' dir='ltr'><strong>lectio</strong></span> <span class='ocrx_word' id='word_1_347' title='bbox 314 4378 639 4432; x_wconf 77' lang='lat' dir='ltr'><strong>narrationis</strong></span> <span class='ocrx_word' id='word_1_348' title='bbox 665 4380 731 4433; x_wconf 91' lang='lat' dir='ltr'><strong>de</strong></span> <span class='ocrx_word' id='word_1_349' title='bbox 762 4381 1045 4449; x_wconf 88' lang='lat' dir='ltr'><strong>publicano</strong></span> <span class='ocrx_word' id='word_1_350' title='bbox 1073 4396 1128 4439; x_wconf 90' lang='lat' dir='ltr'><strong>et</strong></span> <span class='ocrx_word' id='word_1_351' title='bbox 1159 4386 1433 4443; x_wconf 73' lang='lat' dir='ltr'><strong>Pliarismo</strong></span> <span class='ocrx_word' id='word_1_352' title='bbox 1464 4390 1613 4460; x_wconf 85' lang='lat' dir='ltr'><strong>(Luc.</strong></span> <span class='ocrx_word' id='word_1_353' title='bbox 1642 4394 1725 4448; x_wconf 82' lang='lat'><strong>18.</strong></span> 
     </span>
    </p>
   </div>
   <div class='ocr_carea' id='block_1_46' title="bbox 136 4465 1729 4549">
    <p class='ocr_par' dir='ltr' id='par_1_46' title="bbox 136 4465 1729 4549">
     <span class='ocr_line' id='line_1_46' title="bbox 136 4465 1729 4549; baseline 0.015 -30"><span class='ocrx_word' id='word_1_354' title='bbox 136 4465 214 4520; x_wconf 88' lang='lat'><strong>10.</strong></span> <span class='ocrx_word' id='word_1_355' title='bbox 234 4469 393 4539; x_wconf 60' lang='grc' dir='ltr'><strong>κιαι).</strong></span> <span class='ocrx_word' id='word_1_356' title='bbox 423 4470 817 4534; x_wconf 84' lang='lat' dir='ltr'><strong>Aseendebant,</strong></span> <span class='ocrx_word' id='word_1_357' title='bbox 849 4474 1109 4546; x_wconf 90' lang='lat' dir='ltr'><strong>inquit,in</strong></span> <span class='ocrx_word' id='word_1_358' title='bbox 1139 4481 1395 4549; x_wconf 87' lang='lat' dir='ltr'><strong>templum</strong></span> <span class='ocrx_word' id='word_1_359' title='bbox 1422 4484 1729 4543; x_wconf 63' lang='lat' dir='ltr'><strong>Pharisaaus</strong></span> 
     </span>
    </p>
   </div>
   <div class='ocr_carea' id='block_1_47' title="bbox 134 4561 1729 4640">
    <p class='ocr_par' dir='ltr' id='par_1_47' title="bbox 134 4561 1729 4640">
     <span class='ocr_line' id='line_1_47' title="bbox 134 4561 1729 4640; baseline 0.017 -29"><span class='ocrx_word' id='word_1_360' title='bbox 134 4567 183 4611; x_wconf 87' lang='lat' dir='ltr'><strong>et</strong></span> <span class='ocrx_word' id='word_1_361' title='bbox 211 4561 549 4627; x_wconf 83' lang='lat' dir='ltr'><strong>publicanus,</strong></span> <span class='ocrx_word' id='word_1_362' title='bbox 585 4573 641 4617; x_wconf 91' lang='lat' dir='ltr'><strong>ut</strong></span> <span class='ocrx_word' id='word_1_363' title='bbox 688 4578 926 4635; x_wconf 85' lang='lat' dir='ltr'><strong>orarent,</strong></span> <span class='ocrx_word' id='word_1_364' title='bbox 955 4579 1009 4623; x_wconf 89' lang='lat' dir='ltr'><strong>et</strong></span> <span class='ocrx_word' id='word_1_365' title='bbox 1038 4573 1203 4640; x_wconf 72' lang='lat' dir='ltr'><strong>cmpit</strong></span> <span class='ocrx_word' id='word_1_366' title='bbox 1248 4574 1553 4634; x_wconf 73' lang='lat' dir='ltr'><strong>Pharismus</strong></span> <span class='ocrx_word' id='word_1_367' title='bbox 1600 4596 1729 4638; x_wconf 83' lang='lat' dir='ltr'><strong>suas</strong></span> 
     </span>
    </p>
   </div>
   <div class='ocr_carea' id='block_1_48' title="bbox 134 4654 1728 4740">
    <p class='ocr_par' dir='ltr' id='par_1_48' title="bbox 134 4654 1728 4740">
     <span class='ocr_line' id='line_1_48' title="bbox 134 4654 1728 4740; baseline 0.019 -40"><span class='ocrx_word' id='word_1_368' title='bbox 134 4662 450 4706; x_wconf 86' lang='lat' dir='ltr'><strong>enumerare</strong></span> <span class='ocrx_word' id='word_1_369' title='bbox 471 4654 694 4709; x_wconf 89' lang='lat' dir='ltr'><strong>virtutes</strong></span> <span class='ocrx_word' id='word_1_370' title='bbox 734 4674 747 4710; x_wconf 92' lang='lat'>:</span> <span class='ocrx_word' id='word_1_371' title='bbox 797 4659 910 4713; x_wconf 79' lang='lat' dir='ltr'><strong>Non</strong></span> <span class='ocrx_word' id='word_1_372' title='bbox 961 4675 1077 4716; x_wconf 90' lang='lat' dir='ltr'><strong>sum</strong></span> <span class='ocrx_word' id='word_1_373' title='bbox 1104 4679 1225 4735; x_wconf 89' lang='lat' dir='ltr'><strong>ego,</strong></span> <span class='ocrx_word' id='word_1_374' title='bbox 1258 4667 1448 4737; x_wconf 89' lang='lat' dir='ltr'><strong>inquit,</strong></span> <span class='ocrx_word' id='word_1_375' title='bbox 1479 4684 1728 4740; x_wconf 87' lang='lat' dir='ltr'><strong>peccator</strong></span> 
     </span>
    </p>
   </div>
   <div class='ocr_carea' id='block_1_49' title="bbox 133 4740 1725 4827">
    <p class='ocr_par' dir='ltr' id='par_1_49' title="bbox 133 4740 1725 4827">
     <span class='ocr_line' id='line_1_49' title="bbox 133 4740 1725 4827; baseline 0.019 -36"><span class='ocrx_word' id='word_1_376' title='bbox 133 4740 260 4794; x_wconf 82' lang='lat' dir='ltr'><strong>sicut</strong></span> <span class='ocrx_word' id='word_1_377' title='bbox 284 4744 517 4798; x_wconf 89' lang='lat' dir='ltr'><strong>mundus</strong></span> <span class='ocrx_word' id='word_1_378' title='bbox 566 4753 729 4813; x_wconf 90' lang='lat' dir='ltr'><strong>totus,</strong></span> <span class='ocrx_word' id='word_1_379' title='bbox 761 4764 933 4819; x_wconf 87' lang='lat' dir='ltr'><strong>neque</strong></span> <span class='ocrx_word' id='word_1_380' title='bbox 959 4754 1096 4808; x_wconf 91' lang='lat' dir='ltr'><strong>sicut</strong></span> <span class='ocrx_word' id='word_1_381' title='bbox 1128 4757 1225 4811; x_wconf 88' lang='lat' dir='ltr'><strong>iste</strong></span> <span class='ocrx_word' id='word_1_382' title='bbox 1250 4760 1590 4827; x_wconf 85' lang='lat' dir='ltr'><strong>publicanus.</strong></span> <span class='ocrx_word' id='word_1_383' title='bbox 1627 4766 1725 4820; x_wconf 86' lang='lat' dir='ltr'><strong>Mi-</strong></span> 
     </span>
    </p>
   </div>
   <div class='ocr_carea' id='block_1_50' title="bbox 134 4835 1726 4913">
    <p class='ocr_par' dir='ltr' id='par_1_50' title="bbox 134 4835 1726 4913">
     <span class='ocr_line' id='line_1_50' title="bbox 134 4835 1726 4913; baseline 0.02 -30"><span class='ocrx_word' id='word_1_384' title='bbox 134 4845 243 4886; x_wconf 81' lang='lat' dir='ltr'><strong>sera</strong></span> <span class='ocrx_word' id='word_1_385' title='bbox 270 4844 323 4889; x_wconf 89' lang='lat' dir='ltr'><strong>et</strong></span> <span class='ocrx_word' id='word_1_386' title='bbox 350 4835 537 4891; x_wconf 76' lang='lat' dir='ltr'><strong>infelix</strong></span> <span class='ocrx_word' id='word_1_387' title='bbox 582 4840 763 4896; x_wconf 86' lang='lat' dir='ltr'><strong>anima</strong></span> <span class='ocrx_word' id='word_1_388' title='bbox 798 4842 837 4905; x_wconf 84' lang='grc'><strong>¹,</strong></span> <span class='ocrx_word' id='word_1_389' title='bbox 866 4851 1034 4897; x_wconf 90' lang='lat' dir='ltr'><strong>totum</strong></span> <span class='ocrx_word' id='word_1_390' title='bbox 1067 4848 1252 4904; x_wconf 91' lang='lat' dir='ltr'><strong>orbem</strong></span> <span class='ocrx_word' id='word_1_391' title='bbox 1305 4861 1567 4911; x_wconf 86' lang='lat' dir='ltr'><strong>terrarum</strong></span> <span class='ocrx_word' id='word_1_392' title='bbox 1597 4873 1726 4913; x_wconf 85' lang='lat' dir='ltr'><strong>con-</strong></span> 
     </span>
    </p>
   </div>
   <div class='ocr_carea' id='block_1_51' title="bbox 134 4922 1724 5006">
    <p class='ocr_par' dir='ltr' id='par_1_51' title="bbox 134 4922 1724 5006">
     <span class='ocr_line' id='line_1_51' title="bbox 134 4922 1724 5006; baseline 0.019 -30"><span class='ocrx_word' id='word_1_393' title='bbox 134 4922 384 4981; x_wconf 87' lang='lat' dir='ltr'><strong>denmasti</strong></span> <span class='ocrx_word' id='word_1_394' title='bbox 419 4946 432 4981; x_wconf 91' lang='lat'><strong>:</strong></span> <span class='ocrx_word' id='word_1_395' title='bbox 462 4944 558 4983; x_wconf 87' lang='lat' dir='ltr'><strong>cur</strong></span> <span class='ocrx_word' id='word_1_396' title='bbox 586 4933 744 4985; x_wconf 90' lang='lat' dir='ltr'><strong>etiam</strong></span> <span class='ocrx_word' id='word_1_397' title='bbox 795 4936 1098 5003; x_wconf 79' lang='lat' dir='ltr'><strong>proximum</strong></span> <span class='ocrx_word' id='word_1_398' title='bbox 1135 4950 1280 4996; x_wconf 93' lang='lat' dir='ltr'><strong>tuum</strong></span> <span class='ocrx_word' id='word_1_399' title='bbox 1310 4944 1545 5002; x_wconf 79' lang='lat' dir='ltr'><strong>alﬂixisti</strong></span> <span class='ocrx_word' id='word_1_400' title='bbox 1569 4950 1592 5001; x_wconf 87' lang='lat'><strong>?</strong></span> <span class='ocrx_word' id='word_1_401' title='bbox 1620 4967 1724 5006; x_wconf 87' lang='lat' dir='ltr'><strong>non</strong></span> 
     </span>
    </p>
   </div>
   <div class='ocr_carea' id='block_1_52' title="bbox 135 5015 1725 5111">
    <p class='ocr_par' dir='ltr' id='par_1_52' title="bbox 135 5015 1725 5111">
     <span class='ocr_line' id='line_1_52' title="bbox 135 5015 1725 5111; baseline 0.02 -46"><span class='ocrx_word' id='word_1_402' title='bbox 135 5015 424 5072; x_wconf 79' lang='lat' dir='ltr'><strong>sufﬁciebat</strong></span> <span class='ocrx_word' id='word_1_403' title='bbox 446 5019 534 5073; x_wconf 89' lang='lat' dir='ltr'><strong>tibi</strong></span> <span class='ocrx_word' id='word_1_404' title='bbox 570 5031 711 5075; x_wconf 86' lang='lat' dir='ltr'><strong>totus</strong></span> <span class='ocrx_word' id='word_1_405' title='bbox 751 5024 923 5092; x_wconf 88' lang='lat' dir='ltr'><strong>orbis,</strong></span> <span class='ocrx_word' id='word_1_406' title='bbox 971 5027 1070 5082; x_wconf 84' lang='lat' dir='ltr'><strong>nisi</strong></span> <span class='ocrx_word' id='word_1_407' title='bbox 1126 5031 1466 5100; x_wconf 89' lang='lat' dir='ltr'><strong>publicanum</strong></span> <span class='ocrx_word' id='word_1_408' title='bbox 1513 5056 1725 5111; x_wconf 86' lang='lat' dir='ltr'><strong>quoque</strong></span> 
     </span>
    </p>
   </div>
   <div class='ocr_carea' id='block_1_53' title="bbox 134 5104 1722 5195">
    <p class='ocr_par' dir='ltr' id='par_1_53' title="bbox 134 5104 1722 5195">
     <span class='ocr_line' id='line_1_53' title="bbox 134 5104 1722 5195; baseline 0.021 -39"><span class='ocrx_word' id='word_1_409' title='bbox 134 5104 445 5164; x_wconf 80' lang='lat' dir='ltr'><strong>damnares?</strong></span> <span class='ocrx_word' id='word_1_410' title='bbox 488 5126 678 5178; x_wconf 87' lang='lat' dir='ltr'><strong>omnes</strong></span> <span class='ocrx_word' id='word_1_411' title='bbox 704 5114 803 5170; x_wconf 90' lang='lat' dir='ltr'><strong>hac</strong></span> <span class='ocrx_word' id='word_1_412' title='bbox 831 5120 1039 5175; x_wconf 85' lang='lat' dir='ltr'><strong>ratione</strong></span> <span class='ocrx_word' id='word_1_413' title='bbox 1071 5122 1409 5195; x_wconf 88' lang='lat' dir='ltr'><strong>vituperasti,</strong></span> <span class='ocrx_word' id='word_1_414' title='bbox 1454 5140 1508 5185; x_wconf 88' lang='lat' dir='ltr'><strong>et</strong></span> <span class='ocrx_word' id='word_1_415' title='bbox 1537 5149 1604 5187; x_wconf 89' lang='lat' dir='ltr'><strong>ne</strong></span> <span class='ocrx_word' id='word_1_416' title='bbox 1636 5137 1722 5190; x_wconf 91' lang='lat' dir='ltr'><strong>uni</strong></span> 
     </span>
    </p>
   </div>
   <div class='ocr_carea' id='block_1_54' title="bbox 136 5197 1725 5286">
    <p class='ocr_par' dir='ltr' id='par_1_54' title="bbox 136 5197 1725 5286">
     <span class='ocr_line' id='line_1_54' title="bbox 136 5197 1725 5286; baseline 0.02 -37"><span class='ocrx_word' id='word_1_417' title='bbox 136 5197 339 5263; x_wconf 90' lang='lat' dir='ltr'><strong>quidem</strong></span> <span class='ocrx_word' id='word_1_418' title='bbox 371 5202 487 5255; x_wconf 89' lang='lat' dir='ltr'><strong>viro</strong></span> <span class='ocrx_word' id='word_1_419' title='bbox 515 5206 818 5275; x_wconf 85' lang='lat' dir='ltr'><strong>pepercisti.</strong></span> <span class='ocrx_word' id='word_1_420' title='bbox 856 5209 973 5265; x_wconf 86' lang='lat' dir='ltr'><strong>Non</strong></span> <span class='ocrx_word' id='word_1_421' title='bbox 1021 5228 1137 5267; x_wconf 90' lang='lat' dir='ltr'><strong>sum</strong></span> <span class='ocrx_word' id='word_1_422' title='bbox 1170 5231 1269 5286; x_wconf 81' lang='lat' dir='ltr'><strong>ego</strong></span> <span class='ocrx_word' id='word_1_423' title='bbox 1313 5219 1449 5274; x_wconf 90' lang='lat' dir='ltr'><strong>sicut</strong></span> <span class='ocrx_word' id='word_1_424' title='bbox 1494 5226 1725 5280; x_wconf 88' lang='lat' dir='ltr'><strong>mundus</strong></span> 
     </span>
    </p>
   </div>
   <div class='ocr_carea' id='block_1_55' title="bbox 138 5295 1722 5375">
    <p class='ocr_par' dir='ltr' id='par_1_55' title="bbox 138 5295 1722 5375">
     <span class='ocr_line' id='line_1_55' title="bbox 138 5295 1722 5375; baseline 0.02 -36"><span class='ocrx_word' id='word_1_425' title='bbox 138 5295 290 5356; x_wconf 84' lang='lat' dir='ltr'><strong>tutus,</strong></span> <span class='ocrx_word' id='word_1_426' title='bbox 320 5306 494 5362; x_wconf 88' lang='lat' dir='ltr'><strong>neque</strong></span> <span class='ocrx_word' id='word_1_427' title='bbox 524 5295 779 5352; x_wconf 87' lang='lat' dir='ltr'><strong>sicutiste</strong></span> <span class='ocrx_word' id='word_1_428' title='bbox 813 5300 1157 5367; x_wconf 86' lang='lat' dir='ltr'><strong>publicanus:</strong></span> <span class='ocrx_word' id='word_1_429' title='bbox 1189 5307 1371 5375; x_wconf 84' lang='lat' dir='ltr'><strong>jejuno</strong></span> <span class='ocrx_word' id='word_1_430' title='bbox 1401 5310 1480 5366; x_wconf 91' lang='lat' dir='ltr'><strong>bis</strong></span> <span class='ocrx_word' id='word_1_431' title='bbox 1503 5314 1554 5367; x_wconf 91' lang='lat' dir='ltr'><strong>in</strong></span> <span class='ocrx_word' id='word_1_432' title='bbox 1588 5314 1722 5370; x_wconf 80' lang='lat' dir='ltr'><strong>heb-</strong></span> 
     </span>
    </p>
   </div>
   <div class='ocr_carea' id='block_1_56' title="bbox 141 5376 1722 5474">
    <p class='ocr_par' dir='ltr' id='par_1_56' title="bbox 141 5376 1722 5474">
     <span class='ocr_line' id='line_1_56' title="bbox 141 5376 1722 5474; baseline 0.02 -45"><span class='ocrx_word' id='word_1_433' title='bbox 141 5376 374 5448; x_wconf 82' lang='lat' dir='ltr'><strong>domada,</strong></span> <span class='ocrx_word' id='word_1_434' title='bbox 404 5384 639 5442; x_wconf 87' lang='lat' dir='ltr'><strong>decimas</strong></span> <span class='ocrx_word' id='word_1_435' title='bbox 684 5404 892 5455; x_wconf 89' lang='lat' dir='ltr'><strong>eorum,</strong></span> <span class='ocrx_word' id='word_1_436' title='bbox 927 5409 1045 5460; x_wconf 80' lang='lat' dir='ltr'><strong>quae</strong></span> <span class='ocrx_word' id='word_1_437' title='bbox 1067 5398 1336 5464; x_wconf 79' lang='lat' dir='ltr'><strong>possideo,</strong></span> <span class='ocrx_word' id='word_1_438' title='bbox 1362 5400 1429 5454; x_wconf 88' lang='lat' dir='ltr'><strong>do</strong></span> <span class='ocrx_word' id='word_1_439' title='bbox 1474 5408 1722 5474; x_wconf 89' lang='lat' dir='ltr'><strong>pauperi-</strong></span> 
     </span>
    </p>
   </div>
   <div class='ocr_carea' id='block_1_57' title="bbox 142 5466 1725 5553">
    <p class='ocr_par' dir='ltr' id='par_1_57' title="bbox 142 5466 1725 5553">
     <span class='ocr_line' id='line_1_57' title="bbox 142 5466 1725 5553; baseline 0.021 -33"><span class='ocrx_word' id='word_1_440' title='bbox 142 5466 248 5523; x_wconf 79' lang='lat' dir='ltr'><strong>bus.</strong></span> <span class='ocrx_word' id='word_1_441' title='bbox 273 5473 606 5545; x_wconf 76' lang='lat' dir='ltr'><strong>Arrogantia:</strong></span> <span class='ocrx_word' id='word_1_442' title='bbox 636 5479 793 5534; x_wconf 83' lang='lat' dir='ltr'><strong>verba</strong></span> <span class='ocrx_word' id='word_1_443' title='bbox 842 5482 1189 5553; x_wconf 86' lang='lat' dir='ltr'><strong>proloquutus</strong></span> <span class='ocrx_word' id='word_1_444' title='bbox 1243 5501 1343 5544; x_wconf 89' lang='lat' dir='ltr'><strong>est.</strong></span> <span class='ocrx_word' id='word_1_445' title='bbox 1378 5466 1549 5549; x_wconf 85' lang='lat' dir='ltr'><strong>Homo</strong></span> <span class='ocrx_word' id='word_1_446' title='bbox 1580 5466 1725 5553; x_wconf 77' lang='lat' dir='ltr'><strong>iule-</strong></span> 
     </span>
    </p>
   </div>
   <div class='ocr_carea' id='block_1_58' title="bbox 141 5555 1721 5651">
    <p class='ocr_par' dir='ltr' id='par_1_58' title="bbox 141 5555 1721 5651">
     <span class='ocr_line' id='line_1_58' title="bbox 141 5555 1721 5651; baseline 0.022 -41"><span class='ocrx_word' id='word_1_447' title='bbox 141 5555 225 5621; x_wconf 86' lang='lat' dir='ltr'><strong>lix,</strong></span> <span class='ocrx_word' id='word_1_448' title='bbox 251 5574 386 5631; x_wconf 80' lang='lat' dir='ltr'><strong>esto,</strong></span> <span class='ocrx_word' id='word_1_449' title='bbox 435 5577 698 5625; x_wconf 88' lang='lat' dir='ltr'><strong>terrarum</strong></span> <span class='ocrx_word' id='word_1_450' title='bbox 742 5574 928 5629; x_wconf 87' lang='lat' dir='ltr'><strong>orbem</strong></span> <span class='ocrx_word' id='word_1_451' title='bbox 979 5580 1375 5651; x_wconf 85' lang='lat' dir='ltr'><strong>condemnasti,</strong></span> <span class='ocrx_word' id='word_1_452' title='bbox 1416 5600 1512 5640; x_wconf 92' lang='lat' dir='ltr'><strong>cur</strong></span> <span class='ocrx_word' id='word_1_453' title='bbox 1558 5590 1721 5648; x_wconf 87' lang='lat' dir='ltr'><strong>etiam</strong></span> 
     </span>
    </p>
   </div>
   <div class='ocr_carea' id='block_1_59' title="bbox 140 5655 1724 5741">
    <p class='ocr_par' dir='ltr' id='par_1_59' title="bbox 140 5655 1724 5741">
     <span class='ocr_line' id='line_1_59' title="bbox 140 5655 1724 5741; baseline 0.025 -40"><span class='ocrx_word' id='word_1_454' title='bbox 140 5655 425 5718; x_wconf 80' lang='lat' dir='ltr'><strong>proximum</strong></span> <span class='ocrx_word' id='word_1_455' title='bbox 449 5670 594 5715; x_wconf 90' lang='lat' dir='ltr'><strong>tuum</strong></span> <span class='ocrx_word' id='word_1_456' title='bbox 619 5663 958 5732; x_wconf 87' lang='lat' dir='ltr'><strong>publicanum</strong></span> <span class='ocrx_word' id='word_1_457' title='bbox 978 5674 1410 5741; x_wconf 89' lang='lat' dir='ltr'><strong>reprehendisti?</strong></span> <span class='ocrx_word' id='word_1_458' title='bbox 1438 5695 1543 5735; x_wconf 89' lang='lat' dir='ltr'><strong>non</strong></span> <span class='ocrx_word' id='word_1_459' title='bbox 1567 5697 1724 5738; x_wconf 82' lang='lat' dir='ltr'><strong>exsa-</strong></span> 
     </span>
    </p>
   </div>
   <div class='ocr_carea' id='block_1_60' title="bbox 200 5786 1216 5859">
    <p class='ocr_par' dir='ltr' id='par_1_60' title="bbox 200 5786 1216 5859">
     <span class='ocr_line' id='line_1_60' title="bbox 200 5786 1216 5859; baseline 0.029 -29"><span class='ocrx_word' id='word_1_460' title='bbox 200 5786 215 5814; x_wconf 79' lang='grc' dir='ltr'><strong><em>ι</em></strong></span> <span class='ocrx_word' id='word_1_461' title='bbox 251 5793 373 5839; x_wconf 74' lang='lat' dir='ltr'><strong>[Inus</strong></span> <span class='ocrx_word' id='word_1_462' title='bbox 387 5798 490 5854; x_wconf 65' lang='lat'><strong>315.,</strong></span> <span class='ocrx_word' id='word_1_463' title='bbox 519 5794 661 5846; x_wconf 64' lang='grc' dir='ltr'><strong>Μίδω-</strong></span> <span class='ocrx_word' id='word_1_464' title='bbox 680 5804 722 5848; x_wconf 73' lang='lat' dir='ltr'><strong>et</strong></span> <span class='ocrx_word' id='word_1_465' title='bbox 747 5799 1029 5855; x_wconf 51' lang='lat' dir='ltr'><strong>insatiabilis</strong></span> <span class='ocrx_word' id='word_1_466' title='bbox 1046 5803 1216 5859; x_wconf 79' lang='lat' dir='ltr'><strong>animo.</strong></span> 
     </span>
    </p>
   </div>
   <div class='ocr_carea' id='block_1_61' title="bbox 1308 342 2278 403">
    <p class='ocr_par' dir='ltr' id='par_1_61' title="bbox 1308 342 2278 403">
     <span class='ocr_line' id='line_1_61' title="bbox 1308 342 2278 403; baseline 0 -1"><span class='ocrx_word' id='word_1_467' title='bbox 1308 346 1393 402; x_wconf 85' lang='lat' dir='ltr'><strong>DE</strong></span> <span class='ocrx_word' id='word_1_468' title='bbox 1436 342 1904 401; x_wconf 68' lang='grc' dir='ltr'><strong>ΡῡΕΝΗἘΝΤιΑ.</strong></span> <span class='ocrx_word' id='word_1_469' title='bbox 1949 344 2175 401; x_wconf 74' lang='grc' dir='ltr'><strong>ΠΟΜΙΙ..</strong></span> <span class='ocrx_word' id='word_1_470' title='bbox 2220 348 2278 403; x_wconf 79' lang='lat' dir='ltr'><strong>ll’.</strong></span> 
     </span>
    </p>
   </div>
   <div class='ocr_carea' id='block_1_62' title="bbox 3359 359 3469 414">
    <p class='ocr_par' dir='ltr' id='par_1_62' title="bbox 3359 359 3469 414">
     <span class='ocr_line' id='line_1_62' title="bbox 3359 359 3469 414; baseline 0.036 -3"><span class='ocrx_word' id='word_1_471' title='bbox 3359 359 3469 414; x_wconf 72' lang='lat'><strong>290</strong></span> 
     </span>
    </p>
   </div>
   <div class='ocr_carea' id='block_1_63' title="bbox 1866 465 3463 535">
    <p class='ocr_par' dir='ltr' id='par_1_63' title="bbox 1866 465 3463 535">
     <span class='ocr_line' id='line_1_63' title="bbox 1866 465 3463 535; baseline 0.011 -24"><span class='ocrx_word' id='word_1_472' title='bbox 1866 466 2072 516; x_wconf 90' lang='lat' dir='ltr'><strong>turatus</strong></span> <span class='ocrx_word' id='word_1_473' title='bbox 2099 477 2157 517; x_wconf 90' lang='lat' dir='ltr'><strong>es</strong></span> <span class='ocrx_word' id='word_1_474' title='bbox 2186 465 2526 520; x_wconf 82' lang='lat' dir='ltr'><strong>accusatione</strong></span> <span class='ocrx_word' id='word_1_475' title='bbox 2571 466 2733 521; x_wconf 84' lang='lat' dir='ltr'><strong>totius</strong></span> <span class='ocrx_word' id='word_1_476' title='bbox 2773 467 2941 535; x_wconf 83' lang='lat' dir='ltr'><strong>orbis,</strong></span> <span class='ocrx_word' id='word_1_477' title='bbox 2994 471 3091 524; x_wconf 80' lang='lat' dir='ltr'><strong>nisi</strong></span> <span class='ocrx_word' id='word_1_478' title='bbox 3116 481 3168 526; x_wconf 86' lang='lat' dir='ltr'><strong>et</strong></span> <span class='ocrx_word' id='word_1_479' title='bbox 3212 476 3463 530; x_wconf 89' lang='lat' dir='ltr'><strong>comitem</strong></span> 
     </span>
    </p>
   </div>
   <div class='ocr_carea' id='block_1_64' title="bbox 1864 554 3466 628">
    <p class='ocr_par' dir='ltr' id='par_1_64' title="bbox 1864 554 3466 628">
     <span class='ocr_line' id='line_1_64' title="bbox 1864 554 3466 628; baseline 0.011 -24"><span class='ocrx_word' id='word_1_480' title='bbox 1864 559 2011 605; x_wconf 88' lang='lat' dir='ltr'><strong>tuum</strong></span> <span class='ocrx_word' id='word_1_481' title='bbox 2060 554 2383 609; x_wconf 85' lang='lat' dir='ltr'><strong>damuarcs‘!</strong></span> <span class='ocrx_word' id='word_1_482' title='bbox 2426 555 2561 624; x_wconf 86' lang='lat' dir='ltr'><strong>Quid</strong></span> <span class='ocrx_word' id='word_1_483' title='bbox 2593 559 2752 627; x_wconf 82' lang='lat' dir='ltr'><strong>igitur</strong></span> <span class='ocrx_word' id='word_1_484' title='bbox 2796 559 3295 628; x_wconf 84' lang='lat' dir='ltr'><strong>publicanus?llec</strong></span> <span class='ocrx_word' id='word_1_485' title='bbox 3343 581 3466 621; x_wconf 85' lang='lat' dir='ltr'><strong>cum</strong></span> 
     </span>
    </p>
   </div>
   <div class='ocr_carea' id='block_1_65' title="bbox 1861 643 3465 727">
    <p class='ocr_par' dir='ltr' id='par_1_65' title="bbox 1861 643 3465 727">
     <span class='ocr_line' id='line_1_65' title="bbox 1861 643 3465 727; baseline 0.011 -32"><span class='ocrx_word' id='word_1_486' title='bbox 1861 643 2101 698; x_wconf 90' lang='lat' dir='ltr'><strong>audisset</strong></span> <span class='ocrx_word' id='word_1_487' title='bbox 2128 645 2220 700; x_wconf 88' lang='lat' dir='ltr'><strong>ille</strong></span> <span class='ocrx_word' id='word_1_488' title='bbox 2246 686 2263 712; x_wconf 88' lang='lat'><strong>,</strong></span> <span class='ocrx_word' id='word_1_489' title='bbox 2294 662 2400 701; x_wconf 92' lang='lat' dir='ltr'><strong>non</strong></span> <span class='ocrx_word' id='word_1_490' title='bbox 2440 647 2576 703; x_wconf 88' lang='lat' dir='ltr'><strong>dixit</strong></span> <span class='ocrx_word' id='word_1_491' title='bbox 2626 668 2640 703; x_wconf 89' lang='lat'><strong>:</strong></span> <span class='ocrx_word' id='word_1_492' title='bbox 2685 649 2763 704; x_wconf 92' lang='lat' dir='ltr'><strong>Tu</strong></span> <span class='ocrx_word' id='word_1_493' title='bbox 2796 666 2922 706; x_wconf 88' lang='lat' dir='ltr'><strong>vero</strong></span> <span class='ocrx_word' id='word_1_494' title='bbox 2952 652 3198 723; x_wconf 86' lang='lat' dir='ltr'><strong>quisnam</strong></span> <span class='ocrx_word' id='word_1_495' title='bbox 3243 669 3303 710; x_wconf 85' lang='lat' dir='ltr'><strong>es</strong></span> <span class='ocrx_word' id='word_1_496' title='bbox 3327 700 3340 723; x_wconf 88' lang='lat'><strong>,</strong></span> <span class='ocrx_word' id='word_1_497' title='bbox 3374 658 3465 727; x_wconf 89' lang='lat' dir='ltr'><strong>qui</strong></span> 
     </span>
    </p>
   </div>
   <div class='ocr_carea' id='block_1_66' title="bbox 1862 734 3465 807">
    <p class='ocr_par' dir='ltr' id='par_1_66' title="bbox 1862 734 3465 807">
     <span class='ocr_line' id='line_1_66' title="bbox 1862 734 3465 807; baseline 0.011 -20"><span class='ocrx_word' id='word_1_498' title='bbox 1862 734 1992 789; x_wconf 88' lang='lat' dir='ltr'><strong>tnihi</strong></span> <span class='ocrx_word' id='word_1_499' title='bbox 2024 736 2139 790; x_wconf 82' lang='lat' dir='ltr'><strong>ha-c</strong></span> <span class='ocrx_word' id='word_1_500' title='bbox 2184 737 2418 807; x_wconf 88' lang='lat' dir='ltr'><strong>objicis?</strong></span> <span class='ocrx_word' id='word_1_501' title='bbox 2449 740 2590 794; x_wconf 91' lang='lat' dir='ltr'><strong>unde</strong></span> <span class='ocrx_word' id='word_1_502' title='bbox 2638 742 2732 796; x_wconf 88' lang='lat' dir='ltr'><strong>tibi</strong></span> <span class='ocrx_word' id='word_1_503' title='bbox 2761 744 2868 797; x_wconf 87' lang='lat' dir='ltr'><strong>vita</strong></span> <span class='ocrx_word' id='word_1_504' title='bbox 2899 760 3017 800; x_wconf 89' lang='lat' dir='ltr'><strong>mea</strong></span> <span class='ocrx_word' id='word_1_505' title='bbox 3047 747 3314 803; x_wconf 88' lang='lat' dir='ltr'><strong>innotuit?</strong></span> <span class='ocrx_word' id='word_1_506' title='bbox 3358 767 3465 804; x_wconf 91' lang='lat' dir='ltr'><strong>non</strong></span> 
     </span>
    </p>
   </div>
   <div class='ocr_carea' id='block_1_67' title="bbox 1857 836 3463 905">
    <p class='ocr_par' dir='ltr' id='par_1_67' title="bbox 1857 836 3463 905">
     <span class='ocr_line' id='line_1_67' title="bbox 1857 836 3463 905; baseline 0.013 -27"><span class='ocrx_word' id='word_1_507' title='bbox 1857 838 2205 881; x_wconf 87' lang='lat' dir='ltr'><strong>conversatus</strong></span> <span class='ocrx_word' id='word_1_508' title='bbox 2245 845 2302 883; x_wconf 92' lang='lat' dir='ltr'><strong>es</strong></span> <span class='ocrx_word' id='word_1_509' title='bbox 2352 846 2584 897; x_wconf 87' lang='lat' dir='ltr'><strong>mecum,</strong></span> <span class='ocrx_word' id='word_1_510' title='bbox 2629 849 2735 888; x_wconf 90' lang='lat' dir='ltr'><strong>non</strong></span> <span class='ocrx_word' id='word_1_511' title='bbox 2777 836 3037 892; x_wconf 83' lang='lat' dir='ltr'><strong>ltabitasti.</strong></span> <span class='ocrx_word' id='word_1_512' title='bbox 3079 855 3309 905; x_wconf 89' lang='lat' dir='ltr'><strong>mecum,</strong></span> <span class='ocrx_word' id='word_1_513' title='bbox 3357 859 3463 899; x_wconf 90' lang='lat' dir='ltr'><strong>non</strong></span> 
     </span>
    </p>
   </div>
   <div class='ocr_carea' id='block_1_68' title="bbox 1858 927 3465 1005">
    <p class='ocr_par' dir='ltr' id='par_1_68' title="bbox 1858 927 3465 1005">
     <span class='ocr_line' id='line_1_68' title="bbox 1858 927 3465 1005; baseline 0.012 -34"><span class='ocrx_word' id='word_1_514' title='bbox 1858 933 2066 973; x_wconf 91' lang='lat' dir='ltr'><strong>mecum</strong></span> <span class='ocrx_word' id='word_1_515' title='bbox 2094 930 2307 977; x_wconf 66' lang='lat' dir='ltr'><strong>aetatem</strong></span> <span class='ocrx_word' id='word_1_516' title='bbox 2352 927 2674 995; x_wconf 83' lang='lat' dir='ltr'><strong>transegisti.</strong></span> <span class='ocrx_word' id='word_1_517' title='bbox 2727 927 2833 982; x_wconf 90' lang='lat' dir='ltr'><strong>Cur</strong></span> <span class='ocrx_word' id='word_1_518' title='bbox 2858 930 2994 985; x_wconf 88' lang='lat' dir='ltr'><strong>adeo</strong></span> <span class='ocrx_word' id='word_1_519' title='bbox 3039 934 3318 1000; x_wconf 79' lang='lat' dir='ltr'><strong>snperbis?</strong></span> <span class='ocrx_word' id='word_1_520' title='bbox 3345 936 3465 1005; x_wconf 88' lang='lat' dir='ltr'><strong>quis</strong></span> 
     </span>
    </p>
   </div>
   <div class='ocr_carea' id='block_1_69' title="bbox 1858 1010 3463 1085">
    <p class='ocr_par' dir='ltr' id='par_1_69' title="bbox 1858 1010 3463 1085">
     <span class='ocr_line' id='line_1_69' title="bbox 1858 1010 3463 1085; baseline 0.014 -22"><span class='ocrx_word' id='word_1_521' title='bbox 1858 1010 1995 1066; x_wconf 90' lang='lat' dir='ltr'><strong>bona</strong></span> <span class='ocrx_word' id='word_1_522' title='bbox 2043 1028 2204 1082; x_wconf 80' lang='lat' dir='ltr'><strong>opera</strong></span> <span class='ocrx_word' id='word_1_523' title='bbox 2239 1026 2327 1069; x_wconf 88' lang='lat' dir='ltr'><strong>tua</strong></span> <span class='ocrx_word' id='word_1_524' title='bbox 2381 1033 2479 1071; x_wconf 90' lang='lat' dir='ltr'><strong>suo</strong></span> <span class='ocrx_word' id='word_1_525' title='bbox 2512 1021 2823 1076; x_wconf 88' lang='lat' dir='ltr'><strong>testimonio</strong></span> <span class='ocrx_word' id='word_1_526' title='bbox 2849 1026 3230 1081; x_wconf 86' lang='lat' dir='ltr'><strong>commendat?</strong></span> <span class='ocrx_word' id='word_1_527' title='bbox 3256 1044 3354 1084; x_wconf 87' lang='lat' dir='ltr'><strong>cur</strong></span> <span class='ocrx_word' id='word_1_528' title='bbox 3384 1039 3463 1085; x_wconf 88' lang='lat' dir='ltr'><strong>te-</strong></span> 
     </span>
    </p>
   </div>
   <div class='ocr_carea' id='block_1_70' title="bbox 1857 1103 3460 1182">
    <p class='ocr_par' dir='ltr' id='par_1_70' title="bbox 1857 1103 3460 1182">
     <span class='ocr_line' id='line_1_70' title="bbox 1857 1103 3460 1182; baseline 0.014 -27"><span class='ocrx_word' id='word_1_529' title='bbox 1857 1103 2029 1171; x_wconf 90' lang='lat' dir='ltr'><strong>ipsum</strong></span> <span class='ocrx_word' id='word_1_530' title='bbox 2053 1106 2281 1161; x_wconf 87' lang='lat' dir='ltr'><strong>laudas?</strong></span> <span class='ocrx_word' id='word_1_531' title='bbox 2307 1125 2403 1163; x_wconf 93' lang='lat' dir='ltr'><strong>cur</strong></span> <span class='ocrx_word' id='word_1_532' title='bbox 2421 1110 2513 1165; x_wconf 91' lang='lat' dir='ltr'><strong>tibi</strong></span> <span class='ocrx_word' id='word_1_533' title='bbox 2539 1113 2637 1182; x_wconf 89' lang='lat' dir='ltr'><strong>ipsi</strong></span> <span class='ocrx_word' id='word_1_534' title='bbox 2660 1113 2960 1171; x_wconf 89' lang='lat' dir='ltr'><strong>blandiris?</strong></span> <span class='ocrx_word' id='word_1_535' title='bbox 2986 1118 3092 1172; x_wconf 89' lang='lat' dir='ltr'><strong>Sed</strong></span> <span class='ocrx_word' id='word_1_536' title='bbox 3122 1120 3251 1174; x_wconf 88' lang='lat' dir='ltr'><strong>nihil</strong></span> <span class='ocrx_word' id='word_1_537' title='bbox 3268 1120 3460 1177; x_wconf 90' lang='lat' dir='ltr'><strong>horum</strong></span> 
     </span>
    </p>
   </div>
   <div class='ocr_carea' id='block_1_71' title="bbox 1855 1195 3450 1276">
    <p class='ocr_par' dir='ltr' id='par_1_71' title="bbox 1855 1195 3450 1276">
     <span class='ocr_line' id='line_1_71' title="bbox 1855 1195 3450 1276; baseline 0.014 -27"><span class='ocrx_word' id='word_1_538' title='bbox 1855 1195 1987 1249; x_wconf 85' lang='lat' dir='ltr'><strong>dixit</strong></span> <span class='ocrx_word' id='word_1_539' title='bbox 2028 1198 2363 1268; x_wconf 86' lang='lat' dir='ltr'><strong>publicanus,</strong></span> <span class='ocrx_word' id='word_1_540' title='bbox 2403 1219 2587 1258; x_wconf 86' lang='lat' dir='ltr'><strong>verum</strong></span> <span class='ocrx_word' id='word_1_541' title='bbox 2629 1208 2805 1276; x_wconf 87' lang='lat' dir='ltr'><strong>capite</strong></span> <span class='ocrx_word' id='word_1_542' title='bbox 2848 1208 2899 1262; x_wconf 92' lang='lat' dir='ltr'><strong>in</strong></span> <span class='ocrx_word' id='word_1_543' title='bbox 2947 1218 3143 1265; x_wconf 87' lang='lat' dir='ltr'><strong>terram</strong></span> <span class='ocrx_word' id='word_1_544' title='bbox 3195 1214 3450 1270; x_wconf 88' lang='lat' dir='ltr'><strong>inclinato</strong></span> 
     </span>
    </p>
   </div>
   <div class='ocr_carea' id='block_1_72' title="bbox 1853 1289 3460 1375">
    <p class='ocr_par' dir='ltr' id='par_1_72' title="bbox 1853 1289 3460 1375">
     <span class='ocr_line' id='line_1_72' title="bbox 1853 1289 3460 1375; baseline 0.014 -35"><span class='ocrx_word' id='word_1_545' title='bbox 1853 1289 2112 1355; x_wconf 83' lang='lat' dir='ltr'><strong>adoravit,</strong></span> <span class='ocrx_word' id='word_1_546' title='bbox 2145 1302 2198 1346; x_wconf 90' lang='lat' dir='ltr'><strong>et</strong></span> <span class='ocrx_word' id='word_1_547' title='bbox 2224 1294 2358 1347; x_wconf 74' lang='lat' dir='ltr'><strong>dixit</strong></span> <span class='ocrx_word' id='word_1_548' title='bbox 2388 1314 2399 1347; x_wconf 89' lang='lat'><strong>:</strong></span> <span class='ocrx_word' id='word_1_549' title='bbox 2432 1294 2569 1350; x_wconf 84' lang='lat' dir='ltr'><strong>Deus</strong></span> <span class='ocrx_word' id='word_1_550' title='bbox 2615 1301 2868 1370; x_wconf 79' lang='lat' dir='ltr'><strong>propitius</strong></span> <span class='ocrx_word' id='word_1_551' title='bbox 2900 1312 3002 1357; x_wconf 83' lang='lat' dir='ltr'><strong>esto</strong></span> <span class='ocrx_word' id='word_1_552' title='bbox 3025 1305 3147 1357; x_wconf 82' lang='lat' dir='ltr'><strong>mihi</strong></span> <span class='ocrx_word' id='word_1_553' title='bbox 3167 1310 3460 1375; x_wconf 84' lang='lat' dir='ltr'><strong>peccatori;</strong></span> 
     </span>
    </p>
   </div>
   <div class='ocr_carea' id='block_1_73' title="bbox 1853 1382 3453 1461">
    <p class='ocr_par' dir='ltr' id='par_1_73' title="bbox 1853 1382 3453 1461">
     <span class='ocr_line' id='line_1_73' title="bbox 1853 1382 3453 1461; baseline 0.014 -31"><span class='ocrx_word' id='word_1_554' title='bbox 1853 1387 1907 1430; x_wconf 90' lang='lat' dir='ltr'><strong>et</strong></span> <span class='ocrx_word' id='word_1_555' title='bbox 1936 1394 2056 1433; x_wconf 90' lang='lat' dir='ltr'><strong>cum</strong></span> <span class='ocrx_word' id='word_1_556' title='bbox 2090 1382 2442 1439; x_wconf 87' lang='lat' dir='ltr'><strong>humilitatem</strong></span> <span class='ocrx_word' id='word_1_557' title='bbox 2471 1403 2585 1456; x_wconf 85' lang='lat' dir='ltr'><strong>prae</strong></span> <span class='ocrx_word' id='word_1_558' title='bbox 2612 1403 2670 1443; x_wconf 92' lang='lat' dir='ltr'><strong>se</strong></span> <span class='ocrx_word' id='word_1_559' title='bbox 2697 1390 2927 1458; x_wconf 87' lang='lat' dir='ltr'><strong>tulisset,</strong></span> <span class='ocrx_word' id='word_1_560' title='bbox 2954 1394 3130 1461; x_wconf 89' lang='lat' dir='ltr'><strong>justus</strong></span> <span class='ocrx_word' id='word_1_561' title='bbox 3152 1405 3232 1450; x_wconf 89' lang='lat' dir='ltr'><strong>est</strong></span> <span class='ocrx_word' id='word_1_562' title='bbox 3261 1396 3453 1452; x_wconf 83' lang='lat' dir='ltr'><strong>laetus.</strong></span> 
     </span>
    </p>
   </div>
   <div class='ocr_carea' id='block_1_74' title="bbox 1859 1466 3455 1554">
    <p class='ocr_par' dir='ltr' id='par_1_74' title="bbox 1859 1466 3455 1554">
     <span class='ocr_line' id='line_1_74' title="bbox 1859 1466 3455 1554; baseline 0.014 -34"><span class='ocrx_word' id='word_1_563' title='bbox 1859 1466 2162 1525; x_wconf 70' lang='lat' dir='ltr'><strong>Pharisazus</strong></span> <span class='ocrx_word' id='word_1_564' title='bbox 2191 1485 2368 1529; x_wconf 90' lang='lat' dir='ltr'><strong>autem</strong></span> <span class='ocrx_word' id='word_1_565' title='bbox 2398 1478 2595 1531; x_wconf 87' lang='lat' dir='ltr'><strong>amissa</strong></span> <span class='ocrx_word' id='word_1_566' title='bbox 2620 1480 2824 1547; x_wconf 87' lang='lat' dir='ltr'><strong>justitia</strong></span> <span class='ocrx_word' id='word_1_567' title='bbox 2849 1498 2915 1537; x_wconf 81' lang='lat' dir='ltr'><strong>ex</strong></span> <span class='ocrx_word' id='word_1_568' title='bbox 2939 1486 3138 1554; x_wconf 85' lang='lat' dir='ltr'><strong>templo</strong></span> <span class='ocrx_word' id='word_1_569' title='bbox 3155 1487 3455 1554; x_wconf 88' lang='lat' dir='ltr'><strong>descendit,</strong></span> 
     </span>
    </p>
   </div>
   <div class='ocr_carea' id='block_1_75' title="bbox 1851 1561 3453 1642">
    <p class='ocr_par' dir='ltr' id='par_1_75' title="bbox 1851 1561 3453 1642">
     <span class='ocr_line' id='line_1_75' title="bbox 1851 1561 3453 1642; baseline 0.016 -30"><span class='ocrx_word' id='word_1_570' title='bbox 1851 1568 1904 1612; x_wconf 90' lang='lat' dir='ltr'><strong>et</strong></span> <span class='ocrx_word' id='word_1_571' title='bbox 1950 1561 2260 1628; x_wconf 84' lang='lat' dir='ltr'><strong>publicanus</strong></span> <span class='ocrx_word' id='word_1_572' title='bbox 2286 1566 2547 1635; x_wconf 84' lang='lat' dir='ltr'><strong>justitiam</strong></span> <span class='ocrx_word' id='word_1_573' title='bbox 2600 1571 2824 1639; x_wconf 87' lang='lat' dir='ltr'><strong>adeptus</strong></span> <span class='ocrx_word' id='word_1_574' title='bbox 2853 1573 3166 1642; x_wconf 88' lang='lat' dir='ltr'><strong>descendit;</strong></span> <span class='ocrx_word' id='word_1_575' title='bbox 3208 1588 3262 1633; x_wconf 90' lang='lat' dir='ltr'><strong>et</strong></span> <span class='ocrx_word' id='word_1_576' title='bbox 3290 1582 3453 1637; x_wconf 82' lang='lat' dir='ltr'><strong>verba</strong></span> 
     </span>
    </p>
   </div>
   <div class='ocr_carea' id='block_1_76' title="bbox 1851 1649 3455 1738">
    <p class='ocr_par' dir='ltr' id='par_1_76' title="bbox 1851 1649 3455 1738">
     <span class='ocr_line' id='line_1_76' title="bbox 1851 1649 3455 1738; baseline 0.014 -35"><span class='ocrx_word' id='word_1_577' title='bbox 1851 1649 1989 1704; x_wconf 81' lang='lat' dir='ltr'><strong>facta</strong></span> <span class='ocrx_word' id='word_1_578' title='bbox 2038 1654 2300 1709; x_wconf 88' lang='lat' dir='ltr'><strong>vicerunt.</strong></span> <span class='ocrx_word' id='word_1_579' title='bbox 2357 1657 2490 1712; x_wconf 91' lang='lat' dir='ltr'><strong>Nam</strong></span> <span class='ocrx_word' id='word_1_580' title='bbox 2542 1660 2629 1715; x_wconf 89' lang='lat' dir='ltr'><strong>ille</strong></span> <span class='ocrx_word' id='word_1_581' title='bbox 2658 1663 2871 1731; x_wconf 83' lang='lat' dir='ltr'><strong>quidem</strong></span> <span class='ocrx_word' id='word_1_582' title='bbox 2899 1667 3150 1735; x_wconf 84' lang='lat' dir='ltr'><strong>Operibus</strong></span> <span class='ocrx_word' id='word_1_583' title='bbox 3194 1670 3455 1738; x_wconf 82' lang='lat' dir='ltr'><strong>justitiam</strong></span> 
     </span>
    </p>
   </div>
   <div class='ocr_carea' id='block_1_77' title="bbox 1848 1745 3457 1836">
    <p class='ocr_par' dir='ltr' id='par_1_77' title="bbox 1848 1745 3457 1836">
     <span class='ocr_line' id='line_1_77' title="bbox 1848 1745 3457 1836; baseline 0.016 -41"><span class='ocrx_word' id='word_1_584' title='bbox 1848 1745 2055 1809; x_wconf 87' lang='lat' dir='ltr'><strong>amisit;</strong></span> <span class='ocrx_word' id='word_1_585' title='bbox 2083 1745 2169 1803; x_wconf 93' lang='lat' dir='ltr'><strong>hic</strong></span> <span class='ocrx_word' id='word_1_586' title='bbox 2198 1765 2324 1804; x_wconf 86' lang='lat' dir='ltr'><strong>vero</strong></span> <span class='ocrx_word' id='word_1_587' title='bbox 2370 1750 2679 1808; x_wconf 85' lang='lat' dir='ltr'><strong>humilitatis</strong></span> <span class='ocrx_word' id='word_1_588' title='bbox 2710 1771 2961 1815; x_wconf 88' lang='lat' dir='ltr'><strong>sermone</strong></span> <span class='ocrx_word' id='word_1_589' title='bbox 2985 1761 3245 1828; x_wconf 81' lang='lat' dir='ltr'><strong>justitiam</strong></span> <span class='ocrx_word' id='word_1_590' title='bbox 3274 1770 3457 1836; x_wconf 55' lang='lat' dir='ltr'><strong>arqui.</strong></span> 
     </span>
    </p>
   </div>
   <div class='ocr_carea' id='block_1_78' title="bbox 1848 1826 3453 1921">
    <p class='ocr_par' dir='ltr' id='par_1_78' title="bbox 1848 1826 3453 1921">
     <span class='ocr_line' id='line_1_78' title="bbox 1848 1826 3453 1921; baseline 0.017 -34"><span class='ocrx_word' id='word_1_591' title='bbox 1848 1826 2353 1910; x_wconf 37' lang='lat' dir='ltr'><strong>sivitlQuamquam</strong></span> <span class='ocrx_word' id='word_1_592' title='bbox 2386 1861 2451 1899; x_wconf 90' lang='lat' dir='ltr'><strong>ne</strong></span> <span class='ocrx_word' id='word_1_593' title='bbox 2482 1846 2755 1903; x_wconf 88' lang='lat' dir='ltr'><strong>humilitas</strong></span> <span class='ocrx_word' id='word_1_594' title='bbox 2788 1852 3001 1920; x_wconf 89' lang='lat' dir='ltr'><strong>quidem</strong></span> <span class='ocrx_word' id='word_1_595' title='bbox 3031 1868 3145 1911; x_wconf 90' lang='lat' dir='ltr'><strong>erat</strong></span> <span class='ocrx_word' id='word_1_596' title='bbox 3171 1858 3298 1913; x_wconf 88' lang='lat' dir='ltr'><strong>illud</strong></span> <span class='ocrx_word' id='word_1_597' title='bbox 3333 1878 3346 1921; x_wconf 85' lang='lat'>;</span> <span class='ocrx_word' id='word_1_598' title='bbox 3376 1862 3453 1915; x_wconf 81' lang='lat' dir='ltr'><strong>si-</strong></span> 
     </span>
    </p>
   </div>
   <div class='ocr_carea' id='block_1_79' title="bbox 1847 1928 3450 2020">
    <p class='ocr_par' dir='ltr' id='par_1_79' title="bbox 1847 1928 3450 2020">
     <span class='ocr_line' id='line_1_79' title="bbox 1847 1928 3450 2020; baseline 0.018 -42"><span class='ocrx_word' id='word_1_599' title='bbox 1847 1928 2065 1996; x_wconf 88' lang='lat' dir='ltr'><strong>quidem</strong></span> <span class='ocrx_word' id='word_1_600' title='bbox 2091 1932 2362 1990; x_wconf 87' lang='lat' dir='ltr'><strong>humilitas</strong></span> <span class='ocrx_word' id='word_1_601' title='bbox 2392 1939 2598 1993; x_wconf 86' lang='lat' dir='ltr'><strong>esthoc</strong></span> <span class='ocrx_word' id='word_1_602' title='bbox 2621 1982 2636 2007; x_wconf 96' lang='lat'><strong>,</strong></span> <span class='ocrx_word' id='word_1_603' title='bbox 2662 1956 2780 1995; x_wconf 91' lang='lat' dir='ltr'><strong>cum</strong></span> <span class='ocrx_word' id='word_1_604' title='bbox 2814 1944 2932 2013; x_wconf 90' lang='lat' dir='ltr'><strong>quis</strong></span> <span class='ocrx_word' id='word_1_605' title='bbox 2965 1962 3189 2017; x_wconf 88' lang='lat' dir='ltr'><strong>magnus</strong></span> <span class='ocrx_word' id='word_1_606' title='bbox 3216 1965 3335 2004; x_wconf 91' lang='lat' dir='ltr'><strong>cum</strong></span> <span class='ocrx_word' id='word_1_607' title='bbox 3359 1955 3450 2020; x_wconf 84' lang='lat' dir='ltr'><strong>sit,</strong></span> 
     </span>
    </p>
   </div>
   <div class='ocr_carea' id='block_1_80' title="bbox 1845 2022 3454 2103">
    <p class='ocr_par' dir='ltr' id='par_1_80' title="bbox 1845 2022 3454 2103">
     <span class='ocr_line' id='line_1_80' title="bbox 1845 2022 3454 2103; baseline 0.015 -28"><span class='ocrx_word' id='word_1_608' title='bbox 1845 2022 2080 2103; x_wconf 58' lang='lat' dir='ltr'><strong>seipath</strong></span> <span class='ocrx_word' id='word_1_609' title='bbox 2112 2024 2355 2083; x_wconf 86' lang='lat' dir='ltr'><strong>humiliat</strong></span> <span class='ocrx_word' id='word_1_610' title='bbox 2383 2046 2397 2094; x_wconf 90' lang='lat'><strong>;</strong></span> <span class='ocrx_word' id='word_1_611' title='bbox 2422 2032 2523 2085; x_wconf 92' lang='lat' dir='ltr'><strong>hoc</strong></span> <span class='ocrx_word' id='word_1_612' title='bbox 2553 2048 2680 2088; x_wconf 85' lang='lat' dir='ltr'><strong>vero</strong></span> <span class='ocrx_word' id='word_1_613' title='bbox 2709 2036 2973 2103; x_wconf 82' lang='lat' dir='ltr'><strong>publicani</strong></span> <span class='ocrx_word' id='word_1_614' title='bbox 3001 2038 3198 2095; x_wconf 84' lang='lat' dir='ltr'><strong>factum</strong></span> <span class='ocrx_word' id='word_1_615' title='bbox 3222 2059 3324 2097; x_wconf 91' lang='lat' dir='ltr'><strong>non</strong></span> <span class='ocrx_word' id='word_1_616' title='bbox 3350 2044 3454 2099; x_wconf 84' lang='lat' dir='ltr'><strong>hu-</strong></span> 
     </span>
    </p>
   </div>
   <div class='ocr_carea' id='block_1_81' title="bbox 1846 2113 3447 2207">
    <p class='ocr_par' dir='ltr' id='par_1_81' title="bbox 1846 2113 3447 2207">
     <span class='ocr_line' id='line_1_81' title="bbox 1846 2113 3447 2207; baseline 0.014 -40"><span class='ocrx_word' id='word_1_617' title='bbox 1846 2113 2044 2170; x_wconf 87' lang='lat' dir='ltr'><strong>militas</strong></span> <span class='ocrx_word' id='word_1_618' title='bbox 2067 2117 2181 2183; x_wconf 81' lang='lat' dir='ltr'><strong>fuit,</strong></span> <span class='ocrx_word' id='word_1_619' title='bbox 2216 2119 2310 2174; x_wconf 89' lang='lat' dir='ltr'><strong>sed</strong></span> <span class='ocrx_word' id='word_1_620' title='bbox 2352 2124 2588 2180; x_wconf 88' lang='lat' dir='ltr'><strong>veritas:</strong></span> <span class='ocrx_word' id='word_1_621' title='bbox 2618 2142 2743 2181; x_wconf 88' lang='lat' dir='ltr'><strong>vera</strong></span> <span class='ocrx_word' id='word_1_622' title='bbox 2790 2131 2932 2185; x_wconf 89' lang='lat' dir='ltr'><strong>enim</strong></span> <span class='ocrx_word' id='word_1_623' title='bbox 2961 2144 3113 2188; x_wconf 87' lang='lat' dir='ltr'><strong>erant</strong></span> <span class='ocrx_word' id='word_1_624' title='bbox 3147 2136 3233 2189; x_wconf 89' lang='lat' dir='ltr'><strong>illa</strong></span> <span class='ocrx_word' id='word_1_625' title='bbox 3264 2140 3447 2207; x_wconf 82' lang='lat' dir='ltr'><strong>verba,</strong></span> 
     </span>
    </p>
   </div>
   <div class='ocr_carea' id='block_1_82' title="bbox 1844 2212 2547 2279">
    <p class='ocr_par' dir='ltr' id='par_1_82' title="bbox 1844 2212 2547 2279">
     <span class='ocr_line' id='line_1_82' title="bbox 1844 2212 2547 2279; baseline 0.013 -19"><span class='ocrx_word' id='word_1_626' title='bbox 1844 2221 1965 2261; x_wconf 92' lang='lat' dir='ltr'><strong>cum</strong></span> <span class='ocrx_word' id='word_1_627' title='bbox 1996 2212 2252 2279; x_wconf 84' lang='lat' dir='ltr'><strong>peccator</strong></span> <span class='ocrx_word' id='word_1_628' title='bbox 2272 2224 2413 2270; x_wconf 88' lang='lat' dir='ltr'><strong>esset</strong></span> <span class='ocrx_word' id='word_1_629' title='bbox 2440 2216 2547 2271; x_wconf 92' lang='lat' dir='ltr'><strong>illc.</strong></span> 
     </span>
    </p>
   </div>
   <div class='ocr_carea' id='block_1_83' title="bbox 1916 2311 3449 2412">
    <p class='ocr_par' dir='ltr' id='par_1_83' title="bbox 1916 2311 3449 2412">
     <span class='ocr_line' id='line_1_83' title="bbox 1916 2311 3449 2412; baseline 0.016 -37"><span class='ocrx_word' id='word_1_630' title='bbox 1916 2321 1970 2376; x_wconf 79' lang='lat'><strong>5.</strong></span> <span class='ocrx_word' id='word_1_631' title='bbox 2017 2311 2429 2389; x_wconf 15' lang='lat' dir='ltr'><strong>Publicanorum,</strong></span> <span class='ocrx_word' id='word_1_632' title='bbox 2462 2332 2684 2386; x_wconf 85' lang='lat' dir='ltr'><strong>conditio</strong></span> <span class='ocrx_word' id='word_1_633' title='bbox 2724 2337 2910 2403; x_wconf 80' lang='lat' dir='ltr'><strong>qualis.</strong></span> <span class='ocrx_word' id='word_1_634' title='bbox 2962 2369 3033 2379; x_wconf 94' lang='lat'><strong><em>—</em></strong></span> <span class='ocrx_word' id='word_1_635' title='bbox 3078 2340 3213 2409; x_wconf 85' lang='lat' dir='ltr'><strong>Quid</strong></span> <span class='ocrx_word' id='word_1_636' title='bbox 3266 2345 3449 2412; x_wconf 89' lang='lat' dir='ltr'><strong>enim,</strong></span> 
     </span>
    </p>
   </div>
   <div class='ocr_carea' id='block_1_84' title="bbox 1844 2416 3449 2495">
    <p class='ocr_par' dir='ltr' id='par_1_84' title="bbox 1844 2416 3449 2495">
     <span class='ocr_line' id='line_1_84' title="bbox 1844 2416 3449 2495; baseline 0.018 -32"><span class='ocrx_word' id='word_1_637' title='bbox 1844 2424 2047 2479; x_wconf 71' lang='lat' dir='ltr'><strong>quaeso,</strong></span> <span class='ocrx_word' id='word_1_638' title='bbox 2069 2416 2220 2484; x_wconf 81' lang='lat' dir='ltr'><strong>pejus</strong></span> <span class='ocrx_word' id='word_1_639' title='bbox 2242 2419 2524 2495; x_wconf 81' lang='lat' dir='ltr'><strong>publicano</strong></span> <span class='ocrx_word' id='word_1_640' title='bbox 2542 2423 2563 2477; x_wconf 87' lang='lat'><strong>?</strong></span> <span class='ocrx_word' id='word_1_641' title='bbox 2584 2425 2633 2477; x_wconf 91' lang='lat' dir='ltr'><strong>in</strong></span> <span class='ocrx_word' id='word_1_642' title='bbox 2663 2424 2854 2481; x_wconf 88' lang='lat' dir='ltr'><strong>alienis</strong></span> <span class='ocrx_word' id='word_1_643' title='bbox 2871 2430 3272 2489; x_wconf 86' lang='lat' dir='ltr'><strong>calamitatibus</strong></span> <span class='ocrx_word' id='word_1_644' title='bbox 3303 2436 3449 2492; x_wconf 88' lang='lat' dir='ltr'><strong>lucra</strong></span> 
     </span>
    </p>
   </div>
   <div class='ocr_carea' id='block_1_85' title="bbox 1845 2502 3449 2593">
    <p class='ocr_par' dir='ltr' id='par_1_85' title="bbox 1845 2502 3449 2593">
     <span class='ocr_line' id='line_1_85' title="bbox 1845 2502 3449 2593; baseline 0.019 -39"><span class='ocrx_word' id='word_1_645' title='bbox 1845 2502 2103 2569; x_wconf 86' lang='lat' dir='ltr'><strong>seetatus,</strong></span> <span class='ocrx_word' id='word_1_646' title='bbox 2127 2507 2421 2571; x_wconf 79' lang='lat' dir='ltr'><strong>alienorum</strong></span> <span class='ocrx_word' id='word_1_647' title='bbox 2462 2513 2703 2570; x_wconf 91' lang='lat' dir='ltr'><strong>laborum</strong></span> <span class='ocrx_word' id='word_1_648' title='bbox 2744 2516 2804 2570; x_wconf 88' lang='lat' dir='ltr'><strong>lit</strong></span> <span class='ocrx_word' id='word_1_649' title='bbox 2854 2522 3119 2593; x_wconf 76' lang='lat' dir='ltr'><strong>particeps</strong></span> <span class='ocrx_word' id='word_1_650' title='bbox 3149 2542 3162 2578; x_wconf 88' lang='lat'>:</span> <span class='ocrx_word' id='word_1_651' title='bbox 3196 2536 3249 2579; x_wconf 91' lang='lat' dir='ltr'><strong>et</strong></span> <span class='ocrx_word' id='word_1_652' title='bbox 3279 2530 3449 2583; x_wconf 64' lang='lat' dir='ltr'><strong>maleo</strong></span> 
     </span>
    </p>
   </div>
   <div class='ocr_carea' id='block_1_86' title="bbox 1844 2592 3445 2675">
    <p class='ocr_par' dir='ltr' id='par_1_86' title="bbox 1844 2592 3445 2675">
     <span class='ocr_line' id='line_1_86' title="bbox 1844 2592 3445 2675; baseline 0.019 -32"><span class='ocrx_word' id='word_1_653' title='bbox 1844 2592 1999 2646; x_wconf 85' lang='lat' dir='ltr'><strong>stiam</strong></span> <span class='ocrx_word' id='word_1_654' title='bbox 2022 2596 2236 2664; x_wconf 89' lang='lat' dir='ltr'><strong>quidem</strong></span> <span class='ocrx_word' id='word_1_655' title='bbox 2261 2614 2363 2654; x_wconf 90' lang='lat' dir='ltr'><strong>non</strong></span> <span class='ocrx_word' id='word_1_656' title='bbox 2391 2604 2624 2670; x_wconf 87' lang='lat' dir='ltr'><strong>respicit,</strong></span> <span class='ocrx_word' id='word_1_657' title='bbox 2658 2616 2893 2675; x_wconf 69' lang='lat' dir='ltr'><strong>quaestus</strong></span> <span class='ocrx_word' id='word_1_658' title='bbox 2923 2592 3101 2666; x_wconf 86' lang='lat' dir='ltr'><strong>autem</strong></span> <span class='ocrx_word' id='word_1_659' title='bbox 3137 2615 3188 2668; x_wconf 93' lang='lat' dir='ltr'><strong>in</strong></span> <span class='ocrx_word' id='word_1_660' title='bbox 3215 2631 3445 2672; x_wconf 85' lang='lat' dir='ltr'><strong>consor-</strong></span> 
     </span>
    </p>
   </div>
   <div class='ocr_carea' id='block_1_87' title="bbox 1844 2682 3444 2777">
    <p class='ocr_par' dir='ltr' id='par_1_87' title="bbox 1844 2682 3444 2777">
     <span class='ocr_line' id='line_1_87' title="bbox 1844 2682 3444 2777; baseline 0.02 -43"><span class='ocrx_word' id='word_1_661' title='bbox 1844 2682 1973 2736; x_wconf 89' lang='lat' dir='ltr'><strong>tium</strong></span> <span class='ocrx_word' id='word_1_662' title='bbox 1996 2688 2143 2742; x_wconf 89' lang='lat' dir='ltr'><strong>venit</strong></span> <span class='ocrx_word' id='word_1_663' title='bbox 2173 2706 2186 2742; x_wconf 93' lang='lat'><strong>:</strong></span> <span class='ocrx_word' id='word_1_664' title='bbox 2230 2689 2410 2761; x_wconf 88' lang='lat' dir='ltr'><strong>itaque</strong></span> <span class='ocrx_word' id='word_1_665' title='bbox 2440 2708 2709 2752; x_wconf 91' lang='lat' dir='ltr'><strong>summum</strong></span> <span class='ocrx_word' id='word_1_666' title='bbox 2737 2710 2818 2754; x_wconf 89' lang='lat' dir='ltr'><strong>est</strong></span> <span class='ocrx_word' id='word_1_667' title='bbox 2846 2703 3111 2771; x_wconf 85' lang='lat' dir='ltr'><strong>publicani</strong></span> <span class='ocrx_word' id='word_1_668' title='bbox 3144 2720 3444 2777; x_wconf 88' lang='lat' dir='ltr'><strong>peccatum.</strong></span> 
     </span>
    </p>
   </div>
   <div class='ocr_carea' id='block_1_88' title="bbox 1841 2772 3451 2865">
    <p class='ocr_par' dir='ltr' id='par_1_88' title="bbox 1841 2772 3451 2865">
     <span class='ocr_line' id='line_1_88' title="bbox 1841 2772 3451 2865; baseline 0.02 -40"><span class='ocrx_word' id='word_1_669' title='bbox 1841 2772 1981 2828; x_wconf 87' lang='lat' dir='ltr'><strong>Nihil</strong></span> <span class='ocrx_word' id='word_1_670' title='bbox 2010 2779 2207 2848; x_wconf 88' lang='lat' dir='ltr'><strong>quippe</strong></span> <span class='ocrx_word' id='word_1_671' title='bbox 2232 2784 2373 2837; x_wconf 85' lang='lat' dir='ltr'><strong>aliud</strong></span> <span class='ocrx_word' id='word_1_672' title='bbox 2401 2795 2482 2839; x_wconf 89' lang='lat' dir='ltr'><strong>est</strong></span> <span class='ocrx_word' id='word_1_673' title='bbox 2503 2789 2844 2860; x_wconf 84' lang='lat' dir='ltr'><strong>publicanus,</strong></span> <span class='ocrx_word' id='word_1_674' title='bbox 2876 2810 3034 2865; x_wconf 87' lang='lat' dir='ltr'><strong>quam</strong></span> <span class='ocrx_word' id='word_1_675' title='bbox 3063 2772 3237 2857; x_wconf 83' lang='lat' dir='ltr'><strong>audax</strong></span> <span class='ocrx_word' id='word_1_676' title='bbox 3269 2813 3323 2857; x_wconf 88' lang='lat' dir='ltr'><strong>et</strong></span> <span class='ocrx_word' id='word_1_677' title='bbox 3353 2803 3451 2857; x_wconf 87' lang='lat' dir='ltr'><strong>ho-</strong></span> 
     </span>
    </p>
   </div>
   <div class='ocr_carea' id='block_1_89' title="bbox 1841 2872 3447 2965">
    <p class='ocr_par' dir='ltr' id='par_1_89' title="bbox 1841 2872 3447 2965">
     <span class='ocr_line' id='line_1_89' title="bbox 1841 2872 3447 2965; baseline 0.021 -47"><span class='ocrx_word' id='word_1_678' title='bbox 1841 2876 1993 2922; x_wconf 88' lang='lat' dir='ltr'><strong>nesta</strong></span> <span class='ocrx_word' id='word_1_679' title='bbox 2022 2872 2263 2937; x_wconf 73' lang='lat' dir='ltr'><strong>qnzcdam</strong></span> <span class='ocrx_word' id='word_1_680' title='bbox 2312 2876 2562 2933; x_wconf 86' lang='lat' dir='ltr'><strong>violentia</strong></span> <span class='ocrx_word' id='word_1_681' title='bbox 2590 2923 2604 2947; x_wconf 91' lang='lat'><strong>,</strong></span> <span class='ocrx_word' id='word_1_682' title='bbox 2639 2888 2915 2951; x_wconf 84' lang='lat' dir='ltr'><strong>peccatum</strong></span> <span class='ocrx_word' id='word_1_683' title='bbox 2947 2889 3066 2959; x_wconf 84' lang='lat' dir='ltr'><strong>lege</strong></span> <span class='ocrx_word' id='word_1_684' title='bbox 3104 2906 3447 2965; x_wconf 88' lang='lat' dir='ltr'><strong>concessum,</strong></span> 
     </span>
    </p>
   </div>
   <div class='ocr_carea' id='block_1_90' title="bbox 1840 2961 3447 3059">
    <p class='ocr_par' dir='ltr' id='par_1_90' title="bbox 1840 2961 3447 3059">
     <span class='ocr_line' id='line_1_90' title="bbox 1840 2961 3447 3059; baseline 0.021 -49"><span class='ocrx_word' id='word_1_685' title='bbox 1840 2961 2080 3026; x_wconf 86' lang='lat' dir='ltr'><strong>Speciosa</strong></span> <span class='ocrx_word' id='word_1_686' title='bbox 2108 2965 2351 3033; x_wconf 67' lang='lat' dir='ltr'><strong>quaedam</strong></span> <span class='ocrx_word' id='word_1_687' title='bbox 2385 2971 2590 3037; x_wconf 87' lang='lat' dir='ltr'><strong>rapina.</strong></span> <span class='ocrx_word' id='word_1_688' title='bbox 2623 2974 2755 3041; x_wconf 86' lang='lat' dir='ltr'><strong>Quid</strong></span> <span class='ocrx_word' id='word_1_689' title='bbox 2789 2979 2931 3032; x_wconf 91' lang='lat' dir='ltr'><strong>enim</strong></span> <span class='ocrx_word' id='word_1_690' title='bbox 2961 2983 3247 3051; x_wconf 87' lang='lat' dir='ltr'><strong>publicano</strong></span> <span class='ocrx_word' id='word_1_691' title='bbox 3272 2988 3447 3059; x_wconf 87' lang='lat' dir='ltr'><strong>pejus,</strong></span> 
     </span>
    </p>
   </div>
   <div class='ocr_carea' id='block_1_91' title="bbox 1838 3052 3447 3139">
    <p class='ocr_par' dir='ltr' id='par_1_91' title="bbox 1838 3052 3447 3139">
     <span class='ocr_line' id='line_1_91' title="bbox 1838 3052 3447 3139; baseline 0.023 -36"><span class='ocrx_word' id='word_1_692' title='bbox 1838 3052 1929 3120; x_wconf 92' lang='lat' dir='ltr'><strong>qui</strong></span> <span class='ocrx_word' id='word_1_693' title='bbox 1968 3054 2119 3122; x_wconf 81' lang='lat' dir='ltr'><strong>juxta</strong></span> <span class='ocrx_word' id='word_1_694' title='bbox 2169 3058 2308 3114; x_wconf 88' lang='lat' dir='ltr'><strong>viam</strong></span> <span class='ocrx_word' id='word_1_695' title='bbox 2350 3062 2538 3128; x_wconf 83' lang='lat' dir='ltr'><strong>sedet,</strong></span> <span class='ocrx_word' id='word_1_696' title='bbox 2587 3076 2642 3121; x_wconf 89' lang='lat' dir='ltr'><strong>et</strong></span> <span class='ocrx_word' id='word_1_697' title='bbox 2692 3071 2991 3128; x_wconf 88' lang='lat' dir='ltr'><strong>alienorum</strong></span> <span class='ocrx_word' id='word_1_698' title='bbox 3036 3075 3243 3136; x_wconf 81' lang='lat' dir='ltr'><strong>fruetus</strong></span> <span class='ocrx_word' id='word_1_699' title='bbox 3298 3083 3447 3139; x_wconf 83' lang='lat' dir='ltr'><strong>labo-</strong></span> 
     </span>
    </p>
   </div>
   <div class='ocr_carea' id='block_1_92' title="bbox 1838 3147 3447 3241">
    <p class='ocr_par' dir='ltr' id='par_1_92' title="bbox 1838 3147 3447 3241">
     <span class='ocr_line' id='line_1_92' title="bbox 1838 3147 3447 3241; baseline 0.024 -47"><span class='ocrx_word' id='word_1_700' title='bbox 1838 3156 1956 3195; x_wconf 86' lang='lat' dir='ltr'><strong>rum</strong></span> <span class='ocrx_word' id='word_1_701' title='bbox 2009 3147 2182 3213; x_wconf 89' lang='lat' dir='ltr'><strong>metit,</strong></span> <span class='ocrx_word' id='word_1_702' title='bbox 2224 3159 2281 3205; x_wconf 88' lang='lat' dir='ltr'><strong>et</strong></span> <span class='ocrx_word' id='word_1_703' title='bbox 2327 3168 2448 3206; x_wconf 90' lang='lat' dir='ltr'><strong>eum</strong></span> <span class='ocrx_word' id='word_1_704' title='bbox 2491 3155 2699 3213; x_wconf 86' lang='lat' dir='ltr'><strong>labores</strong></span> <span class='ocrx_word' id='word_1_705' title='bbox 2740 3163 2955 3232; x_wconf 88' lang='lat' dir='ltr'><strong>quidem</strong></span> <span class='ocrx_word' id='word_1_706' title='bbox 3000 3169 3260 3226; x_wconf 88' lang='lat' dir='ltr'><strong>subeundi</strong></span> <span class='ocrx_word' id='word_1_707' title='bbox 3299 3186 3447 3241; x_wconf 88' lang='lat' dir='ltr'><strong>sunt,</strong></span> 
     </span>
    </p>
   </div>
   <div class='ocr_carea' id='block_1_93' title="bbox 1839 3232 3450 3333">
    <p class='ocr_par' dir='ltr' id='par_1_93' title="bbox 1839 3232 3450 3333">
     <span class='ocr_line' id='line_1_93' title="bbox 1839 3232 3450 3333; baseline 0.024 -49"><span class='ocrx_word' id='word_1_708' title='bbox 1839 3232 1969 3288; x_wconf 90' lang='lat' dir='ltr'><strong>nihil</strong></span> <span class='ocrx_word' id='word_1_709' title='bbox 1997 3249 2167 3305; x_wconf 89' lang='lat' dir='ltr'><strong>curat,</strong></span> <span class='ocrx_word' id='word_1_710' title='bbox 2195 3256 2315 3296; x_wconf 91' lang='lat' dir='ltr'><strong>cum</strong></span> <span class='ocrx_word' id='word_1_711' title='bbox 2338 3260 2468 3299; x_wconf 87' lang='lat' dir='ltr'><strong>vero</strong></span> <span class='ocrx_word' id='word_1_712' title='bbox 2496 3248 2698 3304; x_wconf 89' lang='lat' dir='ltr'><strong>lucrum</strong></span> <span class='ocrx_word' id='word_1_713' title='bbox 2727 3255 2965 3321; x_wconf 86' lang='lat' dir='ltr'><strong>obvenit,</strong></span> <span class='ocrx_word' id='word_1_714' title='bbox 3000 3260 3051 3312; x_wconf 93' lang='lat' dir='ltr'><strong>in</strong></span> <span class='ocrx_word' id='word_1_715' title='bbox 3084 3265 3450 3333; x_wconf 72' lang='lat' dir='ltr'><strong>partit&#39;itmlio-</strong></span> 
     </span>
    </p>
   </div>
   <div class='ocr_carea' id='block_1_94' title="bbox 1838 3328 3450 3429">
    <p class='ocr_par' dir='ltr' id='par_1_94' title="bbox 1838 3328 3450 3429">
     <span class='ocr_line' id='line_1_94' title="bbox 1838 3328 3450 3429; baseline 0.026 -52"><span class='ocrx_word' id='word_1_716' title='bbox 1838 3328 1961 3380; x_wconf 86' lang='lat' dir='ltr'><strong>nem</strong></span> <span class='ocrx_word' id='word_1_717' title='bbox 1983 3332 2129 3385; x_wconf 88' lang='lat' dir='ltr'><strong>venit</strong></span> <span class='ocrx_word' id='word_1_718' title='bbox 2154 3348 2364 3403; x_wconf 85' lang='lat' dir='ltr'><strong>eorum,</strong></span> <span class='ocrx_word' id='word_1_719' title='bbox 2399 3339 2450 3391; x_wconf 92' lang='lat' dir='ltr'><strong>in</strong></span> <span class='ocrx_word' id='word_1_720' title='bbox 2476 3342 2668 3408; x_wconf 89' lang='lat' dir='ltr'><strong>quibus</strong></span> <span class='ocrx_word' id='word_1_721' title='bbox 2696 3346 2916 3402; x_wconf 85' lang='lat' dir='ltr'><strong>minime</strong></span> <span class='ocrx_word' id='word_1_722' title='bbox 2944 3351 3237 3409; x_wconf 82' lang='lat' dir='ltr'><strong>laboravit?</strong></span> <span class='ocrx_word' id='word_1_723' title='bbox 3268 3357 3450 3429; x_wconf 80' lang='lat' dir='ltr'><strong>Itaque</strong></span> 
     </span>
    </p>
   </div>
   <div class='ocr_carea' id='block_1_95' title="bbox 1837 3417 3450 3517">
    <p class='ocr_par' dir='ltr' id='par_1_95' title="bbox 1837 3417 3450 3517">
     <span class='ocr_line' id='line_1_95' title="bbox 1837 3417 3450 3517; baseline 0.024 -48"><span class='ocrx_word' id='word_1_724' title='bbox 1837 3417 1880 3469; x_wconf 91' lang='lat' dir='ltr'><strong>si</strong></span> <span class='ocrx_word' id='word_1_725' title='bbox 1911 3433 2030 3473; x_wconf 87' lang='lat' dir='ltr'><strong>cum</strong></span> <span class='ocrx_word' id='word_1_726' title='bbox 2056 3433 2305 3490; x_wconf 89' lang='lat' dir='ltr'><strong>peccator</strong></span> <span class='ocrx_word' id='word_1_727' title='bbox 2334 3439 2477 3483; x_wconf 89' lang='lat' dir='ltr'><strong>esset</strong></span> <span class='ocrx_word' id='word_1_728' title='bbox 2500 3433 2835 3504; x_wconf 87' lang='lat' dir='ltr'><strong>publicanus,</strong></span> <span class='ocrx_word' id='word_1_729' title='bbox 2879 3448 3082 3497; x_wconf 89' lang='lat' dir='ltr'><strong>tantum</strong></span> <span class='ocrx_word' id='word_1_730' title='bbox 3116 3446 3338 3517; x_wconf 84' lang='lat' dir='ltr'><strong>adeptus</strong></span> <span class='ocrx_word' id='word_1_731' title='bbox 3364 3417 3450 3508; x_wconf 68' lang='lat' dir='ltr'><strong>est</strong></span> 
     </span>
    </p>
   </div>
   <div class='ocr_carea' id='block_1_96' title="bbox 1834 3506 3449 3611">
    <p class='ocr_par' dir='ltr' id='par_1_96' title="bbox 1834 3506 3449 3611">
     <span class='ocr_line' id='line_1_96' title="bbox 1834 3506 3449 3611; baseline 0.023 -50"><span class='ocrx_word' id='word_1_732' title='bbox 1834 3506 2035 3564; x_wconf 85' lang='lat' dir='ltr'><strong>donum</strong></span> <span class='ocrx_word' id='word_1_733' title='bbox 2060 3552 2076 3579; x_wconf 94' lang='lat'><strong>,</strong></span> <span class='ocrx_word' id='word_1_734' title='bbox 2106 3530 2228 3595; x_wconf 87' lang='lat' dir='ltr'><strong>cum</strong></span> <span class='ocrx_word' id='word_1_735' title='bbox 2259 3517 2615 3579; x_wconf 87' lang='lat' dir='ltr'><strong>humilitatem</strong></span> <span class='ocrx_word' id='word_1_736' title='bbox 2645 3527 2981 3587; x_wconf 83' lang='lat' dir='ltr'><strong>exhibuisset</strong></span> <span class='ocrx_word' id='word_1_737' title='bbox 3007 3551 3021 3588; x_wconf 90' lang='lat'><strong>:</strong></span> <span class='ocrx_word' id='word_1_738' title='bbox 3049 3548 3249 3606; x_wconf 85' lang='lat' dir='ltr'><strong>quanto</strong></span> <span class='ocrx_word' id='word_1_739' title='bbox 3280 3536 3449 3611; x_wconf 83' lang='lat' dir='ltr'><strong>magis</strong></span> 
     </span>
    </p>
   </div>
   <div class='ocr_carea' id='block_1_97' title="bbox 1835 3602 3448 3690">
    <p class='ocr_par' dir='ltr' id='par_1_97' title="bbox 1835 3602 3448 3690">
     <span class='ocr_line' id='line_1_97' title="bbox 1835 3602 3448 3690; baseline 0.023 -38"><span class='ocrx_word' id='word_1_740' title='bbox 1835 3602 1923 3669; x_wconf 90' lang='lat' dir='ltr'><strong>qui</strong></span> <span class='ocrx_word' id='word_1_741' title='bbox 1976 3604 2174 3661; x_wconf 86' lang='lat' dir='ltr'><strong>virtute</strong></span> <span class='ocrx_word' id='word_1_742' title='bbox 2225 3612 2476 3677; x_wconf 59' lang='lat' dir='ltr'><strong>praeditus</strong></span> <span class='ocrx_word' id='word_1_743' title='bbox 2516 3616 2605 3683; x_wconf 88' lang='lat' dir='ltr'><strong>sit,</strong></span> <span class='ocrx_word' id='word_1_744' title='bbox 2634 3628 2688 3673; x_wconf 90' lang='lat' dir='ltr'><strong>et</strong></span> <span class='ocrx_word' id='word_1_745' title='bbox 2745 3602 3099 3681; x_wconf 81' lang='lat' dir='ltr'><strong>humilitatem</strong></span> <span class='ocrx_word' id='word_1_746' title='bbox 3156 3602 3448 3690; x_wconf 74' lang='lat' dir='ltr'><strong>exhibeat?</strong></span> 
     </span>
    </p>
   </div>
   <div class='ocr_carea' id='block_1_98' title="bbox 1837 3691 3449 3793">
    <p class='ocr_par' dir='ltr' id='par_1_98' title="bbox 1837 3691 3449 3793">
     <span class='ocr_line' id='line_1_98' title="bbox 1837 3691 3449 3793; baseline 0.024 -48"><span class='ocrx_word' id='word_1_747' title='bbox 1837 3691 1976 3762; x_wconf 86' lang='lat' dir='ltr'><strong>Ergo</strong></span> <span class='ocrx_word' id='word_1_748' title='bbox 1998 3696 2043 3748; x_wconf 93' lang='lat' dir='ltr'><strong>si</strong></span> <span class='ocrx_word' id='word_1_749' title='bbox 2074 3711 2290 3765; x_wconf 86' lang='lat' dir='ltr'><strong>peccata</strong></span> <span class='ocrx_word' id='word_1_750' title='bbox 2333 3712 2419 3757; x_wconf 92' lang='lat' dir='ltr'><strong>tua</strong></span> <span class='ocrx_word' id='word_1_751' title='bbox 2451 3709 2780 3775; x_wconf 75' lang='lat' dir='ltr'><strong>conﬁtearis,</strong></span> <span class='ocrx_word' id='word_1_752' title='bbox 2810 3722 2864 3767; x_wconf 91' lang='lat' dir='ltr'><strong>et</strong></span> <span class='ocrx_word' id='word_1_753' title='bbox 2888 3714 3101 3773; x_wconf 92' lang='lat' dir='ltr'><strong>humilis</strong></span> <span class='ocrx_word' id='word_1_754' title='bbox 3130 3721 3226 3787; x_wconf 90' lang='lat' dir='ltr'><strong>sis,</strong></span> <span class='ocrx_word' id='word_1_755' title='bbox 3270 3725 3449 3793; x_wconf 85' lang='lat' dir='ltr'><strong>justus</strong></span> 
     </span>
    </p>
   </div>
   <div class='ocr_carea' id='block_1_99' title="bbox 1836 3785 3446 3873">
    <p class='ocr_par' dir='ltr' id='par_1_99' title="bbox 1836 3785 3446 3873">
     <span class='ocr_line' id='line_1_99' title="bbox 1836 3785 3446 3873; baseline 0.023 -38"><span class='ocrx_word' id='word_1_756' title='bbox 1836 3785 2234 3845; x_wconf 85' lang='lat' dir='ltr'><strong>evadis._Scire</strong></span> <span class='ocrx_word' id='word_1_757' title='bbox 2280 3796 2431 3863; x_wconf 90' lang='lat' dir='ltr'><strong>cupis</strong></span> <span class='ocrx_word' id='word_1_758' title='bbox 2473 3800 2591 3866; x_wconf 87' lang='lat' dir='ltr'><strong>quis</strong></span> <span class='ocrx_word' id='word_1_759' title='bbox 2630 3816 2755 3855; x_wconf 86' lang='lat' dir='ltr'><strong>vere</strong></span> <span class='ocrx_word' id='word_1_760' title='bbox 2795 3804 2863 3857; x_wconf 84' lang='lat' dir='ltr'><strong>sit</strong></span> <span class='ocrx_word' id='word_1_761' title='bbox 2918 3806 3178 3866; x_wconf 87' lang='lat' dir='ltr'><strong>humilis?</strong></span> <span class='ocrx_word' id='word_1_762' title='bbox 3222 3796 3446 3873; x_wconf 72' lang='lat' dir='ltr'><strong>Paulum</strong></span> 
     </span>
    </p>
   </div>
   <div class='ocr_carea' id='block_1_100' title="bbox 1838 3880 3445 3964">
    <p class='ocr_par' dir='ltr' id='par_1_100' title="bbox 1838 3880 3445 3964">
     <span class='ocr_line' id='line_1_100' title="bbox 1838 3880 3445 3964; baseline 0.021 -34"><span class='ocrx_word' id='word_1_763' title='bbox 1838 3880 2044 3948; x_wconf 85' lang='lat' dir='ltr'><strong>respice</strong></span> <span class='ocrx_word' id='word_1_764' title='bbox 2070 3882 2161 3952; x_wconf 90' lang='lat' dir='ltr'><strong>qui</strong></span> <span class='ocrx_word' id='word_1_765' title='bbox 2191 3900 2313 3940; x_wconf 85' lang='lat' dir='ltr'><strong>vere</strong></span> <span class='ocrx_word' id='word_1_766' title='bbox 2345 3887 2561 3946; x_wconf 89' lang='lat' dir='ltr'><strong>humilis</strong></span> <span class='ocrx_word' id='word_1_767' title='bbox 2598 3904 2712 3948; x_wconf 89' lang='lat' dir='ltr'><strong>erat</strong></span> <span class='ocrx_word' id='word_1_768' title='bbox 2741 3937 2757 3961; x_wconf 94' lang='lat'><strong>,</strong></span> <span class='ocrx_word' id='word_1_769' title='bbox 2790 3897 3009 3953; x_wconf 82' lang='lat' dir='ltr'><strong>Paulum</strong></span> <span class='ocrx_word' id='word_1_770' title='bbox 3056 3903 3329 3961; x_wconf 88' lang='lat' dir='ltr'><strong>doctorem</strong></span> <span class='ocrx_word' id='word_1_771' title='bbox 3352 3926 3445 3964; x_wconf 89' lang='lat' dir='ltr'><strong>or-</strong></span> 
     </span>
    </p>
   </div>
   <div class='ocr_carea' id='block_1_101' title="bbox 1836 3967 3446 4062">
    <p class='ocr_par' dir='ltr' id='par_1_101' title="bbox 1836 3967 3446 4062">
     <span class='ocr_line' id='line_1_101' title="bbox 1836 3967 3446 4062; baseline 0.021 -39"><span class='ocrx_word' id='word_1_772' title='bbox 1836 3967 1919 4023; x_wconf 88' lang='lat' dir='ltr'><strong>bis</strong></span> <span class='ocrx_word' id='word_1_773' title='bbox 1965 3981 2253 4055; x_wconf 61' lang='lat' dir='ltr'><strong>terrarum,</strong></span> <span class='ocrx_word' id='word_1_774' title='bbox 2274 3979 2606 4047; x_wconf 86' lang='lat' dir='ltr'><strong>spiritualem</strong></span> <span class='ocrx_word' id='word_1_775' title='bbox 2678 3996 2946 4044; x_wconf 86' lang='lat' dir='ltr'><strong>oratorem</strong></span> <span class='ocrx_word' id='word_1_776' title='bbox 2970 4032 2985 4057; x_wconf 89' lang='lat'><strong>,</strong></span> <span class='ocrx_word' id='word_1_777' title='bbox 3016 4011 3113 4051; x_wconf 84' lang='lat' dir='ltr'><strong>vas</strong></span> <span class='ocrx_word' id='word_1_778' title='bbox 3136 3999 3446 4062; x_wconf 88' lang='lat' dir='ltr'><strong>electionis.</strong></span> 
     </span>
    </p>
   </div>
   <div class='ocr_carea' id='block_1_102' title="bbox 1840 4073 3445 4158">
    <p class='ocr_par' dir='ltr' id='par_1_102' title="bbox 1840 4073 3445 4158">
     <span class='ocr_line' id='line_1_102' title="bbox 1840 4073 3445 4158; baseline 0.022 -44"><span class='ocrx_word' id='word_1_779' title='bbox 1840 4078 2051 4133; x_wconf 87' lang='lat' dir='ltr'><strong>portum</strong></span> <span class='ocrx_word' id='word_1_780' title='bbox 2078 4073 2443 4141; x_wconf 88' lang='lat' dir='ltr'><strong>tranquillum,</strong></span> <span class='ocrx_word' id='word_1_781' title='bbox 2472 4077 3079 4153; x_wconf 88' lang='lat' dir='ltr'><strong>turriminconcussam,</strong></span> <span class='ocrx_word' id='word_1_782' title='bbox 3111 4090 3200 4158; x_wconf 90' lang='lat' dir='ltr'><strong>qui</strong></span> <span class='ocrx_word' id='word_1_783' title='bbox 3233 4092 3445 4150; x_wconf 89' lang='lat' dir='ltr'><strong>modico</strong></span> 
     </span>
    </p>
   </div>
   <div class='ocr_carea' id='block_1_103' title="bbox 1836 4171 3442 4251">
    <p class='ocr_par' dir='ltr' id='par_1_103' title="bbox 1836 4171 3442 4251">
     <span class='ocr_line' id='line_1_103' title="bbox 1836 4171 3442 4251; baseline 0.019 -40"><span class='ocrx_word' id='word_1_784' title='bbox 1836 4174 1959 4213; x_wconf 90' lang='lat' dir='ltr'><strong>cum</strong></span> <span class='ocrx_word' id='word_1_785' title='bbox 1985 4171 2122 4215; x_wconf 72' lang='lat' dir='ltr'><strong>esset</strong></span> <span class='ocrx_word' id='word_1_786' title='bbox 2162 4178 2406 4234; x_wconf 85' lang='lat' dir='ltr'><strong>corpore,</strong></span> <span class='ocrx_word' id='word_1_787' title='bbox 2454 4177 2623 4226; x_wconf 90' lang='lat' dir='ltr'><strong>totum</strong></span> <span class='ocrx_word' id='word_1_788' title='bbox 2660 4174 2846 4228; x_wconf 88' lang='lat' dir='ltr'><strong>orbem</strong></span> <span class='ocrx_word' id='word_1_789' title='bbox 2882 4186 3144 4234; x_wconf 87' lang='lat' dir='ltr'><strong>terrarum</strong></span> <span class='ocrx_word' id='word_1_790' title='bbox 3179 4183 3442 4251; x_wconf 81' lang='lat' dir='ltr'><strong>circumt,</strong></span> 
     </span>
    </p>
   </div>
   <div class='ocr_carea' id='block_1_104' title="bbox 1836 4253 3445 4333">
    <p class='ocr_par' dir='ltr' id='par_1_104' title="bbox 1836 4253 3445 4333">
     <span class='ocr_line' id='line_1_104' title="bbox 1836 4253 3445 4333; baseline 0.019 -31"><span class='ocrx_word' id='word_1_791' title='bbox 1836 4260 1888 4303; x_wconf 90' lang='lat' dir='ltr'><strong>et</strong></span> <span class='ocrx_word' id='word_1_792' title='bbox 1915 4253 2065 4319; x_wconf 81' lang='lat' dir='ltr'><strong>quasi</strong></span> <span class='ocrx_word' id='word_1_793' title='bbox 2102 4256 2274 4310; x_wconf 86' lang='lat' dir='ltr'><strong>alatus</strong></span> <span class='ocrx_word' id='word_1_794' title='bbox 2301 4270 2442 4313; x_wconf 77' lang='lat' dir='ltr'><strong>esset</strong></span> <span class='ocrx_word' id='word_1_795' title='bbox 2475 4262 2621 4316; x_wconf 90' lang='lat' dir='ltr'><strong>illum</strong></span> <span class='ocrx_word' id='word_1_796' title='bbox 2645 4267 2925 4333; x_wconf 83' lang='lat' dir='ltr'><strong>percurrit.</strong></span> <span class='ocrx_word' id='word_1_797' title='bbox 2961 4268 3134 4326; x_wconf 85' lang='lat' dir='ltr'><strong>Cerne</strong></span> <span class='ocrx_word' id='word_1_798' title='bbox 3160 4274 3309 4328; x_wconf 91' lang='lat' dir='ltr'><strong>illum</strong></span> <span class='ocrx_word' id='word_1_799' title='bbox 3339 4276 3445 4332; x_wconf 88' lang='lat' dir='ltr'><strong>hu-</strong></span> 
     </span>
    </p>
   </div>
   <div class='ocr_carea' id='block_1_105' title="bbox 1837 4342 3443 4437">
    <p class='ocr_par' dir='ltr' id='par_1_105' title="bbox 1837 4342 3443 4437">
     <span class='ocr_line' id='line_1_105' title="bbox 1837 4342 3443 4437; baseline 0.019 -42"><span class='ocrx_word' id='word_1_800' title='bbox 1837 4342 2109 4400; x_wconf 84' lang='lat' dir='ltr'><strong>militerac</strong></span> <span class='ocrx_word' id='word_1_801' title='bbox 2140 4348 2379 4404; x_wconf 81' lang='lat' dir='ltr'><strong>modeste</strong></span> <span class='ocrx_word' id='word_1_802' title='bbox 2406 4353 2727 4409; x_wconf 80' lang='lat' dir='ltr'><strong>sentientem</strong></span> <span class='ocrx_word' id='word_1_803' title='bbox 2747 4358 2813 4411; x_wconf 86' lang='lat' dir='ltr'><strong>de</strong></span> <span class='ocrx_word' id='word_1_804' title='bbox 2843 4374 2921 4426; x_wconf 91' lang='lat' dir='ltr'><strong>se,</strong></span> <span class='ocrx_word' id='word_1_805' title='bbox 2947 4362 3161 4417; x_wconf 80' lang='lat' dir='ltr'><strong>itliotam</strong></span> <span class='ocrx_word' id='word_1_806' title='bbox 3185 4378 3236 4421; x_wconf 92' lang='lat' dir='ltr'><strong>et</strong></span> <span class='ocrx_word' id='word_1_807' title='bbox 3264 4367 3443 4437; x_wconf 90' lang='lat' dir='ltr'><strong>philo-</strong></span> 
     </span>
    </p>
   </div>
   <div class='ocr_carea' id='block_1_106' title="bbox 1838 4438 3439 4530">
    <p class='ocr_par' dir='ltr' id='par_1_106' title="bbox 1838 4438 3439 4530">
     <span class='ocr_line' id='line_1_106' title="bbox 1838 4438 3439 4530; baseline 0.018 -41"><span class='ocrx_word' id='word_1_808' title='bbox 1838 4438 2086 4506; x_wconf 77' lang='lat' dir='ltr'><strong>sophum.</strong></span> <span class='ocrx_word' id='word_1_809' title='bbox 2130 4456 2354 4500; x_wconf 68' lang='lat' dir='ltr'><strong>egenum</strong></span> <span class='ocrx_word' id='word_1_810' title='bbox 2373 4454 2425 4498; x_wconf 89' lang='lat' dir='ltr'><strong>et</strong></span> <span class='ocrx_word' id='word_1_811' title='bbox 2444 4446 2676 4501; x_wconf 83' lang='lat' dir='ltr'><strong>Jivitem.</strong></span> <span class='ocrx_word' id='word_1_812' title='bbox 2710 4449 2859 4505; x_wconf 86' lang='lat' dir='ltr'><strong>illum</strong></span> <span class='ocrx_word' id='word_1_813' title='bbox 2882 4470 3006 4509; x_wconf 89' lang='lat' dir='ltr'><strong>vere</strong></span> <span class='ocrx_word' id='word_1_814' title='bbox 3026 4458 3279 4514; x_wconf 89' lang='lat' dir='ltr'><strong>humilem</strong></span> <span class='ocrx_word' id='word_1_815' title='bbox 3299 4463 3439 4530; x_wconf 87' lang='lat' dir='ltr'><strong>dico,</strong></span> 
     </span>
    </p>
   </div>
   <div class='ocr_carea' id='block_1_107' title="bbox 1834 4532 3442 4623">
    <p class='ocr_par' dir='ltr' id='par_1_107' title="bbox 1834 4532 3442 4623">
     <span class='ocr_line' id='line_1_107' title="bbox 1834 4532 3442 4623; baseline 0.019 -42"><span class='ocrx_word' id='word_1_816' title='bbox 1834 4532 1921 4600; x_wconf 90' lang='lat' dir='ltr'><strong>qui</strong></span> <span class='ocrx_word' id='word_1_817' title='bbox 1942 4532 2153 4587; x_wconf 84' lang='lat' dir='ltr'><strong>labores</strong></span> <span class='ocrx_word' id='word_1_818' title='bbox 2171 4535 2485 4593; x_wconf 87' lang='lat' dir='ltr'><strong>innumeros</strong></span> <span class='ocrx_word' id='word_1_819' title='bbox 2505 4544 2819 4609; x_wconf 86' lang='lat' dir='ltr'><strong>exanllarat,</strong></span> <span class='ocrx_word' id='word_1_820' title='bbox 2839 4549 2933 4616; x_wconf 86' lang='lat' dir='ltr'><strong>qui</strong></span> <span class='ocrx_word' id='word_1_821' title='bbox 2969 4552 3113 4606; x_wconf 90' lang='lat' dir='ltr'><strong>mille</strong></span> <span class='ocrx_word' id='word_1_822' title='bbox 3132 4562 3327 4623; x_wconf 76' lang='lat' dir='ltr'><strong>tropzna</strong></span> <span class='ocrx_word' id='word_1_823' title='bbox 3349 4558 3442 4612; x_wconf 82' lang='lat' dir='ltr'><strong>atl-</strong></span> 
     </span>
    </p>
   </div>
   <div class='ocr_carea' id='block_1_108' title="bbox 1834 4624 3438 4710">
    <p class='ocr_par' dir='ltr' id='par_1_108' title="bbox 1834 4624 3438 4710">
     <span class='ocr_line' id='line_1_108' title="bbox 1834 4624 3438 4710; baseline 0.021 -36"><span class='ocrx_word' id='word_1_824' title='bbox 1834 4636 2023 4676; x_wconf 90' lang='lat' dir='ltr'><strong>versus</strong></span> <span class='ocrx_word' id='word_1_825' title='bbox 2037 4624 2586 4695; x_wconf 79' lang='lat' dir='ltr'><strong>diabolumercxerat,</strong></span> <span class='ocrx_word' id='word_1_826' title='bbox 2607 4638 2694 4706; x_wconf 91' lang='lat' dir='ltr'><strong>qui</strong></span> <span class='ocrx_word' id='word_1_827' title='bbox 2732 4641 3074 4710; x_wconf 62' lang='lat' dir='ltr'><strong>praedicabat,</strong></span> <span class='ocrx_word' id='word_1_828' title='bbox 3107 4660 3169 4699; x_wconf 91' lang='lat' dir='ltr'><strong>ac</strong></span> <span class='ocrx_word' id='word_1_829' title='bbox 3189 4647 3397 4703; x_wconf 82' lang='lat' dir='ltr'><strong>dicebat</strong></span> <span class='ocrx_word' id='word_1_830' title='bbox 3424 4668 3438 4707; x_wconf 91' lang='lat'>:</span> 
     </span>
    </p>
   </div>
   <div class='ocr_carea' id='block_1_109' title="bbox 1836 4709 3439 4801">
    <p class='ocr_par' dir='ltr' id='par_1_109' title="bbox 1836 4709 3439 4801">
     <span class='ocr_line' id='line_1_109' title="bbox 1836 4709 3439 4801; baseline 0.018 -37"><span class='ocrx_word' id='word_1_831' title='bbox 1836 4709 2011 4771; x_wconf 76' lang='lat' dir='ltr'><strong>Gratia</strong></span> <span class='ocrx_word' id='word_1_832' title='bbox 2039 4716 2151 4785; x_wconf 85' lang='lat' dir='ltr'><strong>ejus</strong></span> <span class='ocrx_word' id='word_1_833' title='bbox 2172 4717 2223 4769; x_wconf 85' lang='lat' dir='ltr'><strong>in</strong></span> <span class='ocrx_word' id='word_1_834' title='bbox 2253 4736 2330 4771; x_wconf 90' lang='lat' dir='ltr'><strong>nte</strong></span> <span class='ocrx_word' id='word_1_835' title='bbox 2353 4736 2508 4774; x_wconf 81' lang='lat' dir='ltr'><strong>vacua</strong></span> <span class='ocrx_word' id='word_1_836' title='bbox 2530 4740 2628 4777; x_wconf 83' lang='lat' dir='ltr'><strong>non</strong></span> <span class='ocrx_word' id='word_1_837' title='bbox 2658 4728 2775 4795; x_wconf 80' lang='lat' dir='ltr'><strong>fuit,</strong></span> <span class='ocrx_word' id='word_1_838' title='bbox 2802 4726 2889 4782; x_wconf 82' lang='lat' dir='ltr'><strong>sed</strong></span> <span class='ocrx_word' id='word_1_839' title='bbox 2910 4730 3025 4801; x_wconf 84' lang='lat' dir='ltr'><strong>plus</strong></span> <span class='ocrx_word' id='word_1_840' title='bbox 3044 4735 3273 4791; x_wconf 85' lang='lat' dir='ltr'><strong>omnibus</strong></span> <span class='ocrx_word' id='word_1_841' title='bbox 3295 4739 3439 4792; x_wconf 87' lang='lat' dir='ltr'><strong>labo-</strong></span> 
     </span>
    </p>
   </div>
   <div class='ocr_carea' id='block_1_110' title="bbox 1832 4804 3489 4899">
    <p class='ocr_par' dir='ltr' id='par_1_110' title="bbox 1832 4804 3489 4899">
     <span class='ocr_line' id='line_1_110' title="bbox 1832 4804 3489 4899; baseline 0.018 -45"><span class='ocrx_word' id='word_1_842' title='bbox 1832 4804 1941 4856; x_wconf 86' lang='lat' dir='ltr'><strong>ravi</strong></span> <span class='ocrx_word' id='word_1_843' title='bbox 1963 4804 2037 4874; x_wconf 94' lang='lat' dir='ltr'><strong>(l.</strong></span> <span class='ocrx_word' id='word_1_844' title='bbox 2062 4804 2180 4862; x_wconf 85' lang='lat' dir='ltr'><strong>Cor.</strong></span> <span class='ocrx_word' id='word_1_845' title='bbox 2208 4808 2294 4862; x_wconf 84' lang='lat'><strong>15.</strong></span> <span class='ocrx_word' id='word_1_846' title='bbox 2324 4810 2411 4881; x_wconf 84' lang='lat'><strong>10)</strong></span> <span class='ocrx_word' id='word_1_847' title='bbox 2437 4814 2556 4882; x_wconf 90' lang='lat' dir='ltr'><strong>:qui</strong></span> <span class='ocrx_word' id='word_1_848' title='bbox 2583 4831 2826 4872; x_wconf 87' lang='lat' dir='ltr'><strong>carceres</strong></span> <span class='ocrx_word' id='word_1_849' title='bbox 2848 4824 3119 4890; x_wconf 87' lang='lat' dir='ltr'><strong>sustinuit,</strong></span> <span class='ocrx_word' id='word_1_850' title='bbox 3149 4838 3201 4880; x_wconf 88' lang='lat' dir='ltr'><strong>et</strong></span> <span class='ocrx_word' id='word_1_851' title='bbox 3233 4829 3435 4899; x_wconf 85' lang='lat' dir='ltr'><strong>plagas,</strong></span> <span class='ocrx_word' id='word_1_852' title='bbox 3482 4858 3489 4861; x_wconf 63' lang='grc' dir='ltr'><strong>τ</strong></span> 
     </span>
    </p>
   </div>
   <div class='ocr_carea' id='block_1_111' title="bbox 1830 4897 3436 4986">
    <p class='ocr_par' dir='ltr' id='par_1_111' title="bbox 1830 4897 3436 4986">
     <span class='ocr_line' id='line_1_111' title="bbox 1830 4897 3436 4986; baseline 0.017 -39"><span class='ocrx_word' id='word_1_853' title='bbox 1830 4902 1887 4948; x_wconf 88' lang='lat' dir='ltr'><strong>et</strong></span> <span class='ocrx_word' id='word_1_854' title='bbox 1913 4897 2154 4959; x_wconf 86' lang='lat' dir='ltr'><strong>verbera,</strong></span> <span class='ocrx_word' id='word_1_855' title='bbox 2178 4899 2264 4968; x_wconf 90' lang='lat' dir='ltr'><strong>qui</strong></span> <span class='ocrx_word' id='word_1_856' title='bbox 2298 4901 2482 4957; x_wconf 90' lang='lat' dir='ltr'><strong>orbem</strong></span> <span class='ocrx_word' id='word_1_857' title='bbox 2518 4914 2777 4962; x_wconf 89' lang='lat' dir='ltr'><strong>terrarum</strong></span> <span class='ocrx_word' id='word_1_858' title='bbox 2820 4913 3058 4981; x_wconf 83' lang='lat' dir='ltr'><strong>epistolis</strong></span> <span class='ocrx_word' id='word_1_859' title='bbox 3082 4927 3303 4973; x_wconf 84' lang='lat' dir='ltr'><strong>venatus</strong></span> <span class='ocrx_word' id='word_1_860' title='bbox 3326 4897 3436 4986; x_wconf 79' lang='lat' dir='ltr'><strong>eSt,</strong></span> 
     </span>
    </p>
   </div>
   <div class='ocr_carea' id='block_1_112' title="bbox 1832 4988 3436 5075">
    <p class='ocr_par' dir='ltr' id='par_1_112' title="bbox 1832 4988 3436 5075">
     <span class='ocr_line' id='line_1_112' title="bbox 1832 4988 3436 5075; baseline 0.017 -36"><span class='ocrx_word' id='word_1_861' title='bbox 1832 4988 1920 5057; x_wconf 91' lang='lat' dir='ltr'><strong>qui</strong></span> <span class='ocrx_word' id='word_1_862' title='bbox 1962 4990 2162 5044; x_wconf 61' lang='lat' dir='ltr'><strong>etelesti</strong></span> <span class='ocrx_word' id='word_1_863' title='bbox 2216 5008 2345 5048; x_wconf 90' lang='lat' dir='ltr'><strong>voce</strong></span> <span class='ocrx_word' id='word_1_864' title='bbox 2371 5007 2591 5052; x_wconf 87' lang='lat' dir='ltr'><strong>vocatus</strong></span> <span class='ocrx_word' id='word_1_865' title='bbox 2614 5009 2713 5065; x_wconf 85' lang='lat' dir='ltr'><strong>est,</strong></span> <span class='ocrx_word' id='word_1_866' title='bbox 2752 5001 2839 5055; x_wconf 90' lang='lat' dir='ltr'><strong>ille</strong></span> <span class='ocrx_word' id='word_1_867' title='bbox 2874 5002 3087 5059; x_wconf 89' lang='lat' dir='ltr'><strong>humilis</strong></span> <span class='ocrx_word' id='word_1_868' title='bbox 3140 5018 3273 5075; x_wconf 77' lang='lat' dir='ltr'><strong>emt,</strong></span> <span class='ocrx_word' id='word_1_869' title='bbox 3315 5028 3436 5066; x_wconf 87' lang='lat' dir='ltr'><strong>cum</strong></span> 
     </span>
    </p>
   </div>
   <div class='ocr_carea' id='block_1_113' title="bbox 1832 5083 3433 5167">
    <p class='ocr_par' dir='ltr' id='par_1_113' title="bbox 1832 5083 3433 5167">
     <span class='ocr_line' id='line_1_113' title="bbox 1832 5083 3433 5167; baseline 0.011 -28"><span class='ocrx_word' id='word_1_870' title='bbox 1832 5085 2035 5142; x_wconf 88' lang='lat' dir='ltr'><strong>diceret</strong></span> <span class='ocrx_word' id='word_1_871' title='bbox 2067 5106 2078 5141; x_wconf 94' lang='lat'>:</span> <span class='ocrx_word' id='word_1_872' title='bbox 2111 5083 2221 5157; x_wconf 83' lang='lat' dir='ltr'><strong>Ego</strong></span> <span class='ocrx_word' id='word_1_873' title='bbox 2246 5106 2357 5143; x_wconf 88' lang='lat' dir='ltr'><strong>sum</strong></span> <span class='ocrx_word' id='word_1_874' title='bbox 2385 5091 2625 5145; x_wconf 83' lang='lat' dir='ltr'><strong>minimus</strong></span> <span class='ocrx_word' id='word_1_875' title='bbox 2656 5093 3032 5163; x_wconf 73' lang='lat' dir='ltr'><strong>apostolorum,</strong></span> <span class='ocrx_word' id='word_1_876' title='bbox 3067 5101 3152 5167; x_wconf 79' lang='lat' dir='ltr'><strong>qui</strong></span> <span class='ocrx_word' id='word_1_877' title='bbox 3178 5118 3279 5154; x_wconf 86' lang='lat' dir='ltr'><strong>non</strong></span> <span class='ocrx_word' id='word_1_878' title='bbox 3321 5122 3433 5157; x_wconf 85' lang='lat' dir='ltr'><strong>sunt</strong></span> 
     </span>
    </p>
   </div>
   <div class='ocr_carea' id='block_1_114' title="bbox 1831 5180 3436 5261">
    <p class='ocr_par' dir='ltr' id='par_1_114' title="bbox 1831 5180 3436 5261">
     <span class='ocr_line' id='line_1_114' title="bbox 1831 5180 3436 5261; baseline 0.013 -32"><span class='ocrx_word' id='word_1_879' title='bbox 1831 5180 2013 5249; x_wconf 80' lang='lat' dir='ltr'><strong>dignus</strong></span> <span class='ocrx_word' id='word_1_880' title='bbox 2053 5184 2219 5235; x_wconf 78' lang='lat' dir='ltr'><strong>vocari</strong></span> <span class='ocrx_word' id='word_1_881' title='bbox 2255 5186 2515 5253; x_wconf 81' lang='lat' dir='ltr'><strong>apostolus</strong></span> <span class='ocrx_word' id='word_1_882' title='bbox 2555 5184 2611 5253; x_wconf 90' lang='grc'><strong>(1</strong></span> <span class='ocrx_word' id='word_1_883' title='bbox 2655 5187 2771 5240; x_wconf 83' lang='lat' dir='ltr'><strong>Cor.</strong></span> <span class='ocrx_word' id='word_1_884' title='bbox 2824 5189 2910 5243; x_wconf 82' lang='lat'><strong>15.</strong></span> <span class='ocrx_word' id='word_1_885' title='bbox 2944 5188 3029 5261; x_wconf 88' lang='lat'><strong>9).</strong></span> <span class='ocrx_word' id='word_1_886' title='bbox 3077 5192 3235 5249; x_wconf 76' lang='lat' dir='ltr'><strong>Vides</strong></span> <span class='ocrx_word' id='word_1_887' title='bbox 3259 5195 3436 5249; x_wconf 82' lang='lat' dir='ltr'><strong>humi—</strong></span> 
     </span>
    </p>
   </div>
   <div class='ocr_carea' id='block_1_115' title="bbox 1833 5270 3433 5343">
    <p class='ocr_par' dir='ltr' id='par_1_115' title="bbox 1833 5270 3433 5343">
     <span class='ocr_line' id='line_1_115' title="bbox 1833 5270 3433 5343; baseline 0.012 -20"><span class='ocrx_word' id='word_1_888' title='bbox 1833 5270 1996 5323; x_wconf 83' lang='lat' dir='ltr'><strong>litatis</strong></span> <span class='ocrx_word' id='word_1_889' title='bbox 2023 5274 2476 5343; x_wconf 86' lang='lat' dir='ltr'><strong>magnitudinem?</strong></span> <span class='ocrx_word' id='word_1_890' title='bbox 2507 5278 2655 5331; x_wconf 87' lang='lat' dir='ltr'><strong>vides</strong></span> <span class='ocrx_word' id='word_1_891' title='bbox 2697 5278 2969 5334; x_wconf 88' lang='lat' dir='ltr'><strong>hnmilitcr</strong></span> <span class='ocrx_word' id='word_1_892' title='bbox 3008 5286 3326 5340; x_wconf 85' lang='lat' dir='ltr'><strong>sentientem</strong></span> <span class='ocrx_word' id='word_1_893' title='bbox 3364 5289 3433 5343; x_wconf 89' lang='lat' dir='ltr'><strong>de</strong></span> 
     </span>
    </p>
   </div>
   <div class='ocr_carea' id='block_1_116' title="bbox 1831 5365 3434 5449">
    <p class='ocr_par' dir='ltr' id='par_1_116' title="bbox 1831 5365 3434 5449">
     <span class='ocr_line' id='line_1_116' title="bbox 1831 5365 3434 5449; baseline 0.012 -34"><span class='ocrx_word' id='word_1_894' title='bbox 1831 5377 1889 5416; x_wconf 87' lang='lat' dir='ltr'><strong>se</strong></span> <span class='ocrx_word' id='word_1_895' title='bbox 1934 5365 2185 5433; x_wconf 89' lang='lat' dir='ltr'><strong>Paulum,</strong></span> <span class='ocrx_word' id='word_1_896' title='bbox 2216 5370 2300 5437; x_wconf 90' lang='lat' dir='ltr'><strong>qui</strong></span> <span class='ocrx_word' id='word_1_897' title='bbox 2343 5370 2576 5439; x_wconf 89' lang='lat' dir='ltr'><strong>seipsum</strong></span> <span class='ocrx_word' id='word_1_898' title='bbox 2607 5373 2883 5428; x_wconf 89' lang='lat' dir='ltr'><strong>minimum</strong></span> <span class='ocrx_word' id='word_1_899' title='bbox 2933 5378 3257 5449; x_wconf 83' lang='lat' dir='ltr'><strong>vocet?Ego</strong></span> <span class='ocrx_word' id='word_1_900' title='bbox 3301 5383 3434 5435; x_wconf 79' lang='lat' dir='ltr'><strong>enim</strong></span> 
     </span>
    </p>
   </div>
   <div class='ocr_carea' id='block_1_117' title="bbox 1832 5458 3438 5537">
    <p class='ocr_par' dir='ltr' id='par_1_117' title="bbox 1832 5458 3438 5537">
     <span class='ocr_line' id='line_1_117' title="bbox 1832 5458 3438 5537; baseline 0.012 -30"><span class='ocrx_word' id='word_1_901' title='bbox 1832 5474 1944 5508; x_wconf 87' lang='lat' dir='ltr'><strong>sum</strong></span> <span class='ocrx_word' id='word_1_902' title='bbox 1977 5501 1987 5519; x_wconf 86' lang='lat'><strong>,</strong></span> <span class='ocrx_word' id='word_1_903' title='bbox 2020 5458 2189 5527; x_wconf 90' lang='lat' dir='ltr'><strong>inquit</strong></span> <span class='ocrx_word' id='word_1_904' title='bbox 2215 5500 2227 5522; x_wconf 91' lang='lat'><strong>,</strong></span> <span class='ocrx_word' id='word_1_905' title='bbox 2252 5462 2496 5515; x_wconf 85' lang='lat' dir='ltr'><strong>minimus</strong></span> <span class='ocrx_word' id='word_1_906' title='bbox 2538 5466 2906 5531; x_wconf 85' lang='lat' dir='ltr'><strong>apostolorum,</strong></span> <span class='ocrx_word' id='word_1_907' title='bbox 2938 5470 3023 5537; x_wconf 87' lang='lat' dir='ltr'><strong>qui</strong></span> <span class='ocrx_word' id='word_1_908' title='bbox 3066 5487 3164 5524; x_wconf 85' lang='lat' dir='ltr'><strong>non</strong></span> <span class='ocrx_word' id='word_1_909' title='bbox 3196 5489 3309 5525; x_wconf 87' lang='lat' dir='ltr'><strong>sunt</strong></span> <span class='ocrx_word' id='word_1_910' title='bbox 3356 5474 3438 5526; x_wconf 85' lang='lat' dir='ltr'><strong>dt-</strong></span> 
     </span>
    </p>
   </div>
   <div class='ocr_carea' id='block_1_118' title="bbox 1831 5552 3433 5630">
    <p class='ocr_par' dir='ltr' id='par_1_118' title="bbox 1831 5552 3433 5630">
     <span class='ocr_line' id='line_1_118' title="bbox 1831 5552 3433 5630; baseline 0.013 -30"><span class='ocrx_word' id='word_1_911' title='bbox 1831 5567 1959 5619; x_wconf 85' lang='lat' dir='ltr'><strong>gnus</strong></span> <span class='ocrx_word' id='word_1_912' title='bbox 2001 5552 2166 5604; x_wconf 86' lang='lat' dir='ltr'><strong>vocari</strong></span> <span class='ocrx_word' id='word_1_913' title='bbox 2209 5553 2487 5621; x_wconf 86' lang='lat' dir='ltr'><strong>apostolus.</strong></span> <span class='ocrx_word' id='word_1_914' title='bbox 2541 5556 2653 5611; x_wconf 88' lang='lat' dir='ltr'><strong>Hoc</strong></span> <span class='ocrx_word' id='word_1_915' title='bbox 2700 5560 2841 5613; x_wconf 88' lang='lat' dir='ltr'><strong>enim</strong></span> <span class='ocrx_word' id='word_1_916' title='bbox 2879 5576 3005 5616; x_wconf 85' lang='lat' dir='ltr'><strong>vere</strong></span> <span class='ocrx_word' id='word_1_917' title='bbox 3039 5562 3305 5620; x_wconf 79' lang='lat' dir='ltr'><strong>humilitas</strong></span> <span class='ocrx_word' id='word_1_918' title='bbox 3332 5578 3433 5630; x_wconf 84' lang='lat' dir='ltr'><strong>est,</strong></span> 
     </span>
    </p>
   </div>
   <div class='ocr_carea' id='block_1_119' title="bbox 1831 5643 3437 5727">
    <p class='ocr_par' dir='ltr' id='par_1_119' title="bbox 1831 5643 3437 5727">
     <span class='ocr_line' id='line_1_119' title="bbox 1831 5643 3437 5727; baseline 0.012 -33"><span class='ocrx_word' id='word_1_919' title='bbox 1831 5643 1882 5695; x_wconf 90' lang='lat' dir='ltr'><strong>in</strong></span> <span class='ocrx_word' id='word_1_920' title='bbox 1911 5645 2157 5698; x_wconf 86' lang='lat' dir='ltr'><strong>omnibus</strong></span> <span class='ocrx_word' id='word_1_921' title='bbox 2192 5646 2428 5714; x_wconf 88' lang='lat' dir='ltr'><strong>seipsmn</strong></span> <span class='ocrx_word' id='word_1_922' title='bbox 2460 5648 2692 5717; x_wconf 87' lang='lat' dir='ltr'><strong>abjicere</strong></span> <span class='ocrx_word' id='word_1_923' title='bbox 2713 5694 2726 5715; x_wconf 91' lang='lat'><strong>,</strong></span> <span class='ocrx_word' id='word_1_924' title='bbox 2755 5668 2817 5705; x_wconf 88' lang='lat' dir='ltr'><strong>ac</strong></span> <span class='ocrx_word' id='word_1_925' title='bbox 2845 5668 2903 5708; x_wconf 90' lang='lat' dir='ltr'><strong>se</strong></span> <span class='ocrx_word' id='word_1_926' title='bbox 2931 5657 3209 5712; x_wconf 88' lang='lat' dir='ltr'><strong>minimum</strong></span> <span class='ocrx_word' id='word_1_927' title='bbox 3253 5660 3437 5727; x_wconf 84' lang='lat' dir='ltr'><strong>appel-</strong></span> 
     </span>
    </p>
   </div>
   <div class='ocr_carea' id='block_1_120' title="bbox 1830 5732 3437 5817">
    <p class='ocr_par' dir='ltr' id='par_1_120' title="bbox 1830 5732 3437 5817">
     <span class='ocr_line' id='line_1_120' title="bbox 1830 5732 3437 5817; baseline 0.012 -30"><span class='ocrx_word' id='word_1_928' title='bbox 1830 5733 1959 5789; x_wconf 85' lang='lat' dir='ltr'><strong>lare.</strong></span> <span class='ocrx_word' id='word_1_929' title='bbox 1992 5732 2175 5805; x_wconf 85' lang='lat' dir='ltr'><strong>Cogita</strong></span> <span class='ocrx_word' id='word_1_930' title='bbox 2206 5739 2449 5806; x_wconf 89' lang='lat' dir='ltr'><strong>quisnam</strong></span> <span class='ocrx_word' id='word_1_931' title='bbox 2483 5750 2623 5795; x_wconf 87' lang='lat' dir='ltr'><strong>esset</strong></span> <span class='ocrx_word' id='word_1_932' title='bbox 2652 5742 2715 5807; x_wconf 90' lang='lat' dir='ltr'><strong>is,</strong></span> <span class='ocrx_word' id='word_1_933' title='bbox 2745 5745 2831 5812; x_wconf 89' lang='lat' dir='ltr'><strong>qui</strong></span> <span class='ocrx_word' id='word_1_934' title='bbox 2864 5744 2977 5799; x_wconf 54' lang='lat' dir='ltr'><strong>hare</strong></span> <span class='ocrx_word' id='word_1_935' title='bbox 3011 5749 3168 5801; x_wconf 79' lang='lat' dir='ltr'><strong>verba</strong></span> <span class='ocrx_word' id='word_1_936' title='bbox 3199 5750 3437 5817; x_wconf 59' lang='lat' dir='ltr'><strong>profere-</strong></span> 
     </span>
    </p>
   </div>
   <div class='ocr_carea' id='block_1_121' title="bbox 1837 5827 3437 5910">
    <p class='ocr_par' dir='ltr' id='par_1_121' title="bbox 1837 5827 3437 5910">
     <span class='ocr_line' id='line_1_121' title="bbox 1837 5827 3437 5910; baseline 0.013 -31"><span class='ocrx_word' id='word_1_937' title='bbox 1837 5827 1923 5883; x_wconf 88' lang='lat' dir='ltr'><strong>hat</strong></span> <span class='ocrx_word' id='word_1_938' title='bbox 1959 5847 1968 5880; x_wconf 92' lang='lat'><strong>:</strong></span> <span class='ocrx_word' id='word_1_939' title='bbox 2002 5829 2193 5885; x_wconf 65' lang='lat' dir='ltr'><strong>Paulus</strong></span> <span class='ocrx_word' id='word_1_940' title='bbox 2221 5832 2473 5888; x_wconf 69' lang='lat' dir='ltr'><strong>canorum</strong></span> <span class='ocrx_word' id='word_1_941' title='bbox 2521 5834 2672 5904; x_wconf 85' lang='lat' dir='ltr'><strong>civis,</strong></span> <span class='ocrx_word' id='word_1_942' title='bbox 2708 5837 2795 5904; x_wconf 87' lang='lat' dir='ltr'><strong>qui</strong></span> <span class='ocrx_word' id='word_1_943' title='bbox 2828 5853 3052 5910; x_wconf 70' lang='lat' dir='ltr'><strong>CCt‘put&#39;C</strong></span> <span class='ocrx_word' id='word_1_944' title='bbox 3083 5854 3200 5898; x_wconf 87' lang='lat' dir='ltr'><strong>erat</strong></span> <span class='ocrx_word' id='word_1_945' title='bbox 3230 5856 3437 5901; x_wconf 82' lang='lat' dir='ltr'><strong>utcum-</strong></span> 
     </span>
    </p>
   </div>
  </div>
