4190 6322
732 182 829 237 231

736 320 838 377 quo
885 303 1273 371 circumdatus,
1311 302 1668 358 Ecclesiarum
1712 306 1989 368 columna,
2035 307 2301 362 terrestris

726 395 978 466 angelus,
1008 395 1165 447 homo
1205 396 1450 450 Caelestis.
1482 397 1685 449 Etenim
1718 396 1875 465 hujus
1919 397 2015 450 viri
2053 400 2307 453 utentioni

724 486 955 539 libenter
982 486 1256 550 immoror,
1292 487 1417 540 dum
1462 487 1668 540 virtutis
1706 488 1821 555 ejus
1860 488 2305 559 pulchritudinem

722 588 933 647 specto.
954 575 1069 632 Non
1101 578 1169 632 ita
1210 579 1289 633 sol
1316 579 1563 633 exoriens
1602 589 1658 634 et
1706 578 2014 647 splendidos
2057 582 2306 637 amittens

720 667 901 723 radios
926 669 1108 724 oculos
1137 685 1285 725 meos
1310 669 1588 732 exhilarat.
1619 681 1676 724 ut
1704 672 1851 726 Pauli
1882 673 2045 725 virtus
2071 682 2302 727 mentem

717 775 893 815 meam
926 761 1211 817 illuminat.
1247 762 1378 817 Nam
1405 761 1487 816 sol
1516 763 1730 831 quidem
1762 764 1991 818 illustrat
2019 764 2225 827 oculos,
2250 773 2304 817 at

721 850 917 907 Paulus
955 853 1020 907 ad
1067 853 1209 923 ipsos
1241 853 1471 907 fornices
1508 854 1764 910 ca-lornm
1808 865 1915 909 'nos
1943 855 2160 910 evehit:
2188 856 2304 909 aui-

717 956 856 995 mam
875 945 1015 997 enim
1036 943 1397 999 sublimiorem
1414 944 1548 1008 sole,
1574 959 1636 998 ac
1658 946 1778 999 luna
1809 946 2295 1002 redditcelsiorem.

714 1029 859 1086 Talis
887 1034 1079 1101 quippe
1109 1032 1319 1087 virtutis
1347 1043 1428 1088 est
1453 1036 1710 1104 potentia,
1738 1046 1794 1088 ut
1820 1036 2088 1090 hominem
2121 1036 2173 1090 in
2204 1052 2299 1089 an-

713 1123 888 1192 gelum
915 1131 1211 1189 convertat,
1254 1124 1550 1194 efficiatquc
1597 1135 1653 1179 ut
1700 1126 1877 1180 anima
1918 1127 2063 1181 velut
2113 1126 2300 1196 pennis

712 1214 933 1279 pratdita
972 1214 1024 1269 in
1059 1215 1247 1269 caelum
1278 1216 1457 1270 tendat
1491 1234 1504 1270 :
1549 1216 1685 1269 hanc
1717 1215 1963 1271 virtutem
2014 1231 2112 1271 nos
2144 1218 2301 1271 docet

712 1304 911 1359 Paulus
954 1322 967 1359 :
1008 1304 1166 1372 hujus
1202 1306 1413 1359 virtutis
1466 1307 1762 1359 imitatores
1803 1307 1914 1360 lteri
1966 1306 2295 1362 Studeamus.

713 1394 818 1451 Sed
858 1410 961 1448 non
991 1405 1202 1465 oportet
1229 1412 1325 1451 nos
1353 1413 1382 1450 a
1413 1399 1686 1466 proposito
1716 1398 1919 1467 digredi
1950 1408 2287 1468 argumento.

706 1486 804 1541 llic.
830 1488 972 1541 enim
991 1502 1183 1558 scOpus
1211 1488 1466 1543 orationis
1488 1501 1684 1543 nostra:
1710 1489 1829 1549 fuit.
1858 1498 1914 1542 ut
1936 1491 2146 1544 tertiam
2176 1504 2293 1559 po:-

1431 188 1484 246 S.
1520 188 1798 246 JOANNIS
1835 189 2304 247 CllRYSOSTOMl
2341 193 2662 255 ARCﬂlEP.
2702 200 3238 264 CONSTANTINOP.

3899 222 3999 274 ’ἐξ

2414 311 2652 369 nitenti-e
2696 319 2832 372 viam
2871 335 2990 375 esse
3036 324 3382 381 humilitatem
3426 331 3859 402 ostenderemus,
3908 356 3999 408 pu-

2415 404 2683 462 blicanum
2708 426 2811 463 non
2840 413 3073 480 seipsum
3104 418 3238 489 ultra
3268 419 3483 475 modum
3523 423 3880 493 depressisse,

2412 500 2692 556 veritatem
2716 518 2835 559 esse
2855 506 3180 575 confessum,
3198 526 3319 587 cum
3346 530 3438 568 sua
3468 530 3684 584 peccata
3702 520 4001 592 detegeret,

2412 606 2476 646 ac
2492 594 2695 663 justum
2718 611 2837 651 esse
2852 598 3070 665 factum,
3100 617 3204 657 non
3222 618 3342 658 cum
3363 608 3616 675 pecunias
3642 618 4001 681 numerasset,

2413 701 2519 740 non
2561 703 2682 744 cum
2727 691 2895 746 maria
2927 702 3178 751 emensus
3212 709 3377 766 esset,
3406 718 3579 771 neque
3606 720 3728 759 cum
3778 710 4002 764 multum

2412 777 2516 833 iter
2541 780 2764 848 pedibus
2786 784 3126 852 confecisset,
3151 805 3323 861 neque
3346 809 3469 848 cum
3497 795 3761 854 immensa
3784 816 4003 870 mquora

2410 885 2766 943 peragrasset,
2793 892 2970 947 neque
2996 893 3119 934 cum
3139 883 3343 937 amicos
3369 898 3637 956 rogasset,
3670 906 3853 959 neque
3881 907 4003 948 cum

2408 964 2631 1019 multum
2681 970 2937 1036 temporis
2976 969 3347 1040 impendisset,
3391 976 3485 1031 sed
3517 977 3835 1036 humilitatis
3880 998 4001 1038 eum

2407 1072 2569 1125 Opera
2604 1059 2704 1114 sibi
2728 1060 2987 1129 jusutiam
3037 1078 3398 1135 comparasse,
3446 1085 3511 1124 ac
3552 1089 3717 1142 regno
3739 1076 3999 1132 coriorum

2406 1162 2527 1203 esse
2555 1148 2856 1205 donatum:
2900 1154 3053 1223 cujus
3090 1171 3191 1210 nos
3235 1173 3423 1214 omnes
3471 1162 3671 1218 utinam
3719 1177 3999 1236 compotes

2408 1241 2523 1294 fieri
2554 1243 2845 1313 contingat,
2888 1250 3060 1315 gratia
3086 1256 3141 1301 et
3170 1250 3535 1307 misericordia
3577 1254 3789 1310 Domini
3833 1260 3997 1313 nostri

2406 1331 2533 1387 Jesu
2563 1332 2780 1400 Christi,
2803 1337 2885 1390 cui
2920 1339 3088 1408 gratia
3115 1348 3169 1394 et
3199 1340 3482 1411 imperium
3526 1345 3578 1398 in
3606 1348 3806 1401 saecula
3830 1364 3996 1404 saecu-

2402 1422 2594 1477 lorum.
2625 1427 2813 1479 Amen.

1848 1731 2390 1814 EJUSDEM
2431 1731 2876 1819 ORATIO

1553 1931 1634 1971 ne
1678 1929 2119 1983 ELEEMOSYNA,
2166 1930 2247 1972 ET
2289 1930 2354 1973 IN
2396 1932 2612 1977 necem
2656 1933 2951 1980 vmcmns
2998 1920 3106 1998 (a).

2021 2052 2653 2108 «om

1323 2223 1537 2263 HOMILIA
1576 2222 1652 2261 Ill.

778 2305 826 2353 l.
858 2298 938 2353 De
966 2298 1172 2353 humilia
1209 2298 1513 2366 prwcedenti
1549 2298 1789 2368 loquitur.
1832 2327 1904 2337 —-
1945 2300 2027 2351 An
2064 2297 2284 2354 novistis

697 2391 839 2445 unde
861 2390 1012 2445 nobis
1036 2404 1203 2459 nuper
1229 2402 1406 2444 sermo
1436 2388 1739 2457 inceperat,
1771 2397 1862 2440 aut
1885 2402 1991 2453 quo
2016 2387 2247 2443 desierat
2267 2429 2281 2451 ,

695 2490 787 2534 aut
820 2495 885 2535 ex
915 2494 1021 2549 quo
1050 2488 1392 2548 argumento,
1424 2478 1476 2531 in
1506 2476 1647 2547 quod
1676 2478 1945 2539 desierant
1970 2478 2159 2547 prioris
2186 2478 2285 2531 ho-

697 2572 859 2626 milia:
884 2570 1083 2625 verba?
1111 2569 1215 2624 Sed
1259 2584 1354 2623 vos
1382 2568 1579 2622 oblitos
1623 2568 1873 2623 existimo
1897 2609 1911 2630 ,
1958 2584 2065 2637 quo
2094 2568 2213 2624 loco
2253 2582 2283 2621 a

699 2662 853 2719 nobis
875 2664 963 2717 ille
989 2676 1166 2715 sermo
1197 2661 1375 2715 llnitus
1404 2660 1501 2724 sit;
1534 2675 1633 2731 ego
1660 2675 1790 2715 vero
1819 2661 1960 2725 novi,
1987 2677 2161 2730 neque
2190 2676 2284 2717 vos

628 2814 631 2815 ν
693 2768 889 2809 accuso
916 2764 1007 2821 aut
1034 2750 1314 2821 redarguo.
1346 2751 1579 2820 Quisque
1604 2750 1747 2805 enim
1790 2761 2023 2805 vestrum
2064 2766 2282 2805 uxorem

696 2819 921 2898 habens
955 2819 1450 2912 parvulis—studet,
1502 2819 1556 2896 et
1604 2856 1724 2910 quae
1768 2840 1914 2895 domi
1966 2851 2091 2895 sunt
2136 2851 2287 2896 curat

696 2936 872 2990 omnia
900 2952 915 2989 :
944 2932 1035 2987 alii
1060 2933 1300 2986 militiam
1328 2941 1601 2987 sectantur
1621 2973 1637 2997 ,
1661 2932 1749 2986 alii
1778 2930 2007 2988 artifices
2036 2943 2194 2998 sunt,
2220 2949 2285 2989 ac

695 3036 933 3081 vestrum
966 3026 1187 3094 quisque
1215 3024 1440 3079 diversis
1466 3024 1680 3080 insudat
1717 3026 1989 3096 operibus.
2021 3026 2128 3082 Nos
2156 3042 2286 3082 vero

697 3117 751 3174 in
791 3117 873 3172 bis
904 3132 1209 3181 versamur,
1242 3116 1293 3169 in
1337 3115 1417 3169 his
1446 3116 1775 3184 cogitamus,
1798 3124 1956 3187 atque
1982 3118 2035 3171 in
2078 3116 2158 3171 his
2184 3133 2286 3171 no-

694 3214 865 3262 strum
918 3206 1137 3260 terimus
1172 3214 1400 3275 tempus.
1430 3205 1611 3276 Itaque
1654 3222 1712 3261 ea
1758 3208 1810 3260 in
1855 3224 1913 3262 re
1952 3207 2092 3261 haud
2128 3222 2287 3262 accu-

696 3299 847 3354 sandi
881 3299 1044 3364 estis,
1073 3299 1240 3369 magis
1284 3314 1378 3367 pro
1423 3300 1601 3354 studio
1642 3299 1925 3365 laudandi,
1972 3299 2112 3369 quod
2143 3300 2285 3355 nulla

695 3406 796 3447 nos
820 3392 1127 3461 relinquatis
1161 3391 1428 3445 Dominica
1468 3392 1588 3457 die,
1617 3391 1710 3445 sed
1740 3392 1987 3446 omnibus
2027 3393 2286 3463 neglectis

698 3482 765 3538 ad
779 3482 1056 3539 ecclesiam
1088 3483 1329 3539 veniatis.
1349 3483 1398 3537 ls
1425 3484 1566 3538 enim
1598 3484 1811 3538 laudum
1830 3494 1914 3539 est
1940 3487 2185 3540 cumulus
2208 3486 2287 3541 ci-

695 3574 844 3629 vitati
871 3584 1066 3629 nostrae
1085 3616 1101 3639 ,
1133 3590 1237 3629 non
1265 3575 1545 3630 tumultum
1573 3586 1626 3631 et
1655 3576 1932 3643 suburbia,
1966 3594 2070 3632 non
2096 3577 2285 3633 domos

695 3667 966 3724 deauratis
1006 3667 1264 3731 trabibus,
1292 3676 1348 3723 et
1378 3668 1626 3733 triclinia,
1654 3667 1750 3723 sed
1778 3669 2084 3737 diligentem
2119 3684 2285 3738 popu-

694 3759 805 3814 lum
852 3758 1047 3814 habere
1086 3767 1242 3828 atque
1268 3759 1574 3813 excitatum.
1597 3757 1781 3829 Neque
1820 3758 1962 3813 enim
1989 3774 2055 3813 cx
2085 3758 2288 3812 frondi-

695 3850 853 3905 dibus
878 3863 1189 3919 generosam
1219 3850 1498 3915 arborem,
1530 3848 1622 3904 sed
1648 3865 1715 3903 ex
1755 3848 2012 3904 fructibus
2041 3849 2287 3919 agnosci-

696 3957 834 3997 mus.
863 3941 1063 3997 Idcirco
1105 3942 1248 3997 enim
1292 3940 1454 3996 mutis
1483 3940 1799 3995 animalibus
1832 3942 2034 4010 pnelati
2061 3956 2282 4007 sumus,

694 4036 835 4104 quod
864 4049 1164 4089 sermonem
1194 4032 1505 4097 habeamus,
1535 4046 1781 4107 sermone
1809 4043 1992 4087 mutuo
2023 4034 2288 4103 colloqua-

693 4140 834 4189 mur,
868 4139 1168 4179 sermonem
1198 4137 1456 4178 amemus.
1494 4122 1662 4177 llomo
1692 4124 1833 4177 enim
1860 4125 1950 4194 qui
1976 4140 2006 4177 a
2038 4139 2285 4180 sermone

692 4215 977 4275 abhorret,
1015 4213 1269 4282 jumentis
1318 4223 1401 4267 est
1449 4215 1622 4268 minus
1668 4216 1967 4279 rationalis,
2001 4232 2106 4270 non
2154 4218 2284 4271 satis

693 4309 867 4361 sciens
893 4307 1044 4368 cujus
1072 4307 1238 4375 gratia
1286 4304 1610 4365 honoratur,
1640 4314 1799 4376 atque
1844 4306 1981 4360 unde
2020 4306 2278 4361 honorem

690 4398 917 4464 accepit.
946 4395 1122 4463 Quare
1154 4396 1287 4451 bene
1315 4395 1593 4464 prollheta,
1623 4394 1826 4462 Homo,
1858 4398 2059 4468 inquit,
2090 4415 2201 4452 rwn
2228 4400 2282 4455 iu

692 4488 883 4541 honore
917 4497 1042 4541 esset
1062 4528 1078 4554 ,
1107 4504 1207 4541 non
1248 4486 1530 4553 intellexit,
1564 4497 1884 4556 comparatus
1927 4500 2001 4543 est
2032 4491 2280 4560 jumentis

690 4577 1072 4647 insipientibus,
1100 4586 1147 4629 et
1171 4577 1349 4631 sinu'lir
1378 4579 1543 4645 [actus
1570 4586 1640 4632 est
1682 4579 1786 4631 illis
1810 4578 1829 4649 (
1850 4577 1992 4633 Psal.
2023 4581 2112 4635 48.
2142 4583 2203 4639 l3
2230 4581 2273 4653 ).

692 4670 795 4730 En.
828 4670 1008 4733 homo,
1040 4671 1124 4723 cui
1154 4670 1423 4738 proprium
1452 4669 1617 4739 loqui,
1643 4684 1943 4725 sermonem
1974 4688 2080 4727 non
2106 4689 2276 4740 amas,

690 4770 741 4816 et
772 4777 997 4832 quanam
1031 4761 1351 4831 indulgentia
1392 4761 1947 4831 dignaberis?ltaque
1991 4765 2120 4819 mihi
2168 4782 2277 4835 pne

691 4852 939 4907 onmibus
970 4850 1136 4922 magis
1181 4853 1466 4907 necessarii
1502 4854 1631 4906 estis
1677 4865 1936 4923 quotquot
1976 4857 2040 4908 ad
2071 4858 2277 4911 virtutis

690 4959 993 4998 sermonem
1020 4943 1378 5007 advolavistis,
1408 4954 1461 4999 et
1486 4945 1665 4998 omnia
1697 4945 1876 4998 divino
1901 4952 2065 5001 Verbo
2093 4960 2274 5018 poste-

691 5037 832 5091 riora
864 5037 1111 5090 duxistis.
1153 5038 1264 5106 Age
1291 5051 1417 5106 ergo
1467 5052 1566 5093 nos
1600 5053 1811 5108 quoque
1856 5055 1965 5092 rem
1999 5042 2276 5108 aggredia-

688 5144 844 5192 mur,
873 5138 1031 5198 atque
1059 5128 1120 5180 iis
1142 5170 1157 5193 ,
1187 5143 1301 5198 qnze
1330 5145 1500 5198 nuper
1525 5129 1754 5184 diximus
1777 5171 1791 5194 ,
1824 5132 2098 5200 sequentia
2142 5147 2276 5186 con-

689 5231 983 5277 nectanms.
1016 5222 1195 5279 Debeo
1220 5222 1361 5278 enim
1386 5223 1535 5279 vobis
1557 5264 1573 5289 ,
1605 5234 1765 5295 atque
1806 5225 1922 5294 ipse
1970 5225 2095 5281 laeto
2121 5227 2276 5282 vobis

751 5355 826 5417 (a)
855 5354 1031 5406 collata
1064 5368 1175 5406 eum
1198 5362 1305 5417 Mss.
1349 5356 1509 5417 Regiis
1543 5356 1686 5416 2027,
1724 5367 1776 5408 et
1808 5357 1950 5415 2424,
1976 5361 2057 5417 qui
2080 5359 2273 5411 mendis

688 5416 862 5484 scatet.
886 5425 1038 5484 Atque
1056 5419 1123 5467 ita
1162 5416 1323 5484 dili‘ert
1338 5417 1404 5484 ab_
1422 5416 1646 5484 editione,
1664 5419 1862 5484 Morelli,
1884 5429 1936 5471 ut
1958 5416 2049 5472 alia
2074 5436 2273 5484 prorsus

688 5480 846 5529 series
889 5478 1124 5545 videatur.
1160 5478 1354 5529 Multum
1394 5480 1513 5545 item
1553 5480 1922 5545 variatyavilius
1945 5478 2094 5545 {quae
2118 5498 2276 5545 magis

689 5541 962 5589 newssaria
984 5540 1271 5590 videbantur
1292 5542 1579 5592 notavimus.
1605 5541 1741 5593 savil.
1768 5544 1840 5593 sic
1868 5540 2058 5595 titulum
2084 5540 2227 5596 ρι’ρεῖ
2251 5556 2265 5594 :

694 5608 761 5651 ue
774 5600 1047 5663 mutantia
1067 5608 1112 5653 et
1128 5601 1186 5653 de
1202 5601 1498 5669 elemosyna
1521 5604 1715 5656 limmtia
1731 5611 1888 5657 serta.

2388 2209 2570 2262 animo
2598 2210 2834 2266 debitum
2877 2217 3123 2282 persolvo
3152 2235 3163 2268 :
3201 2235 3304 2272 non
3335 2222 3476 2275 enim
3510 2222 3559 2276 id
3598 2226 3724 2280 mihi
3755 2228 3987 2299 inopiam

2390 2298 2563 2361 affert,
2596 2300 2691 2355 sed
2716 2301 2928 2358 divitias
2964 2307 3184 2376 colligit.
3210 2308 3264 2362 ln
3296 2313 3531 2367 eneruis
3557 2318 3787 2385 negotiis
3816 2298 3987 2375 acre-

2388 2389 2648 2446 ditoribus
2676 2393 2945 2449 debitores
2975 2397 3180 2469 fugiunt
3203 2442 3218 2466 ,
3242 2417 3348 2470 quo
3387 2404 3561 2459 minus
3592 2409 3857 2477 reddant;
3892 2431 3986 2484 ego

2388 2495 2515 2535 vero
2569 2497 2881 2555 persequor,
2913 2498 2969 2542 ut
3010 2491 3229 2547 reddam
3254 2511 3267 2547 :
3298 2504 3352 2549 et
3376 2498 3567 2553 merito
3594 2502 3831 2570 quidem.
3858 2506 3983 2561 Nam

2387 2574 2585 2627 exteris
2613 2575 2664 2628 iu
2696 2578 2855 2633 rebus
2899 2582 3167 2639 restitutio
3212 2586 3443 2655 inopiam
3477 2593 3652 2658 parit;
3701 2594 3815 2665 ipsa
3861 2613 3983 2654 vero

2388 2667 2652 2721 sermonis
2675 2668 3001 2739 dispensatio
3029 2676 3195 2746 gignit
3236 2680 3464 2736 divitias.
3499 2683 3737 2754 Exempli
3777 2705 3981 2748 causa:

2387 2753 2559 2812 debeo
2579 2759 2787 2814 cuidam
2809 2767 3085 2829 pecuniam
3114 2785 3127 2821 :
3150 2769 3193 2822 si
3217 2772 3545 2839 persolvero,
3571 2753 3749 2847 nequit
3768 2790 3823 2832 et
3846 2781 3986 2851 apud

2388 2844 2537 2900 illum
2565 2863 2683 2904 esse
2710 2862 2870 2921 atque
2903 2854 3063 2909 etiam
3087 2858 3227 2927 apud
3256 2876 3370 2926 me,
3402 2862 3495 2917 sed
3525 2878 3555 2916 a
3581 2844 3667 2922 me
3693 2844 3984 2939 deﬁcit-ns,

2388 2934 2463 2988 illi
2492 2938 2756 3004 adluesit;
2788 2957 3089 2998 sermonem
3118 2962 3247 3001 vero
3272 2950 3315 3003 si
3340 2953 3665 3022 persolvero,
3692 2966 3746 3011 et
3771 2975 3984 3017 mecum

2386 3038 2654 3098 est,atque
2674 3047 2769 3086 vos
2794 3047 2983 3089 omnes
3012 3036 3255 3095 habetis:
3280 3038 3325 3096 si
3362 3058 3666 3102 sermonem
3692 3052 3986 3121 retinuere,

2389 3130 2561 3184 neque
2607 3123 3107 3191 eommunicavero,
3144 3137 3271 3184 tunc
3310 3131 3464 3203 inops
3511 3149 3666 3191 sum:
3699 3139 3743 3194 si
3774 3144 3983 3209 persol-

2388 3217 2547 3273 vero,’
2570 3217 2693 3264 tunc
2720 3211 2882 3267 ditior
2911 3214 3067 3281 llam;
3097 3218 3140 3272 si
3177 3236 3281 3274 non
3314 3224 3623 3291 persolvero
3648 3244 3982 3299 sermonem,

2388 3299 2678 3379 solusipse
2705 3302 2910 3358 diteseo
2940 3323 2955 3359 :
2987 3308 3032 3361 si
3065 3313 3373 3377 persolvero
3394 3356 3408 3381 ,
3440 3331 3561 3371 cum
3605 3323 3855 3378 omnibus
3885 3340 3981 3381 vo-

2388 3387 2469 3442 bis
2495 3387 2725 3445 fructum
2758 3393 2955 3450 refero.
2986 3392 2996 3407 ’

2459 3480 2642 3536 Mulae
2669 3486 2764 3539 vice
2790 3489 3109 3554 pandentia.
3142 3490 3393 3565 Exempla
3420 3513 3868 3570 praponuntur.—
3890 3506 3983 3564 Eia

2386 3586 2514 3641 ergo
2538 3572 2774 3630 debitum
2815 3578 3122 3637 reddamus.
3148 3584 3411 3650 Quidnam
3453 3588 3505 3643 id
3542 3602 3626 3645 est
3650 3594 3673 3646 ἲ
3701 3594 3776 3649 De
3806 3599 3981 3665 peni-

2389 3663 2552 3716 tentia
2596 3678 2899 3723 sermonem
2930 3670 3255 3729 instituimus
3296 3692 3466 3746 nuper
3491 3694 3555 3736 ac
3582 3663 3817 3739 dixinius
3841 3690 3979 3758 quod

2386 3753 2567 3808 multa:
2598 3757 2863 3827 variaeque
2898 3772 3022 3815 sunt
3048 3764 3378 3830 paenitentia:
3411 3768 3544 3834 vim,
3579 3774 3771 3842 quibus
3816 3753 3982 3835 facilis

2387 3844 2542 3898 nobis
2585 3848 2731 3901 salus
2770 3850 2881 3904 ﬁat.
2914 3850 3046 3905 Nam
3087 3855 3132 3906 si
3173 3870 3332 3910 unam
3376 3860 3530 3915 nobis
3556 3863 3790 3920 dedisset
3842 3869 3979 3927 Deus

2387 3936 2525 3988 viam
2552 3938 2894 4004 ρωιιίιθηιῐω,
2924 3944 3304 4009 repulissemus
3324 3962 3443 4003 eam
3470 3952 3672 4022 utique,
3698 3955 3936 4014 dicentes
3961 3978 3976 4015 :

2386 4024 2677 4097 Nequinms
2736 4029 2874 4085 hanc
2923 4035 3166 4103 ingredi,
3226 4040 3421 4096 salvari
3475 4047 3776 4113 nequimus.
3834 4052 3978 4108 Nunc

2388 4120 2555 4188 ipsam
2604 4121 2739 4177 hanc
2781 4134 2922 4177 tuam
2952 4138 3232 4196 amputans
3261 4132 3650 4201 objectionem,
3684 4156 3789 4195 non
3822 4159 3975 4198 unam

2388 4213 2477 4265 tibi
2504 4253 2520 4279 ,
2551 4230 2722 4285 neque
2750 4221 3038 4275 secundam
3064 4262 3078 4284 ,
3111 4237 3282 4294 neque
3314 4228 3521 4281 tertiam
3543 4272 3559 4294 ,
3583 4233 3677 4286 sed
3708 4234 3891 4303 plures
3916 4252 3977 4292 ac

2383 4302 2627 4359 diversas
2656 4305 2839 4367 dedit,
2871 4326 2976 4379 quo
3003 4314 3341 4370 multitudine
3368 4318 3459 4371 tibi
3489 4320 3554 4374 ad
3580 4302 3768 4377 etclam
3809 4326 3974 4382 facilis

2383 4410 2640 4452 ascensus
2668 4401 2874 4461 liat._Et
2900 4402 3210 4461 dicebamus
3234 4406 3439 4462 facilem
3468 4414 3855 4481 pmnitentiam,
3883 4433 3974 4473 nec

2382 4505 2486 4556 que
2529 4506 2665 4546 onus
2709 4494 2761 4547 in
2792 4510 2854 4549 ea
2870 4510 3023 4550 .csse.
3054 4497 3311 4553 Peccator
3335 4516 3394 4555 es
3420 4503 3444 4551 *ἐ
3480 4505 3761 4562 ecclesiam
3800 4510 3972 4580 ingre-

2380 4578 2511 4635 dere
2538 4599 2551 4632 :
2580 4580 2683 4646 dic,
2714 4582 2957 4652 Peccavi,
2983 4589 3267 4644 et'solvisti
3294 4604 3589 4660 peccatum.
3617 4578 3970 4654 Produxinius

2381 4671 2523 4725 enim
2555 4683 2863 4741 peccantem
2895 4676 3084 4745 David,
3118 4689 3173 4734 et
3192 4681 3485 4737 solventem
3517 4696 3816 4753 peceatum.
3842 4690 3971 4746 Hinc

2380 4768 2670 4819 secundum
2702 4768 3026 4837 subjecimus
3056 4772 3213 4835 viam,
3240 4786 3401 4841 super
3431 4789 3703 4844 peccatum
3735 4780 3889 4846 ﬂere,
3919 4792 3971 4835 et

2378 4856 2615 4911 diximus
2640 4875 2653 4913 :
2681 4858 2938 4926 Quisnam
2969 4862 3054 4917 hic
3082 4863 3270 4919 labor?
3299 4882 3403 4920 non
3432 4871 3709 4937 pecuniam
3739 4889 3870 4942 opus
3895 4873 3971 4929 ef-

2378 4946 2617 5016 fundere,
2648 4966 2753 5004 non
2785 4952 2969 5027 longas
2998 4954 3075 5009 ire
3099 4955 3231 5020 vias,
3263 4973 3435 5027 neque
3464 4962 3607 5016 aliud
3631 4965 3755 5034 quid
3778 4981 3964 5035 agere,

2377 5039 2472 5125 sed
2502 5052 2774 5107 peccatum
2821 5044 2951 5100 ﬂere
2992 5046 3290 5103 dumtaxat.
3327 5051 3439 5107 Hoc
3468 5054 3534 5108 de
3572 5054 3841 5125 Scriptura
3888 5060 3966 5113 in-

2376 5115 2805 5205 duiimus,quod
2838 5136 2891 5191 in
2919 5138 3136 5193 Achaab
3170 5140 3312 5196 Deus
3339 5144 3623 5201 consilium
3651 5159 3882 5211 mutarit,
3902 5166 3964 5204 eu

2376 5223 2516 5291 quod
2545 5224 2783 5291 ﬂeverit,
2818 5230 2962 5298 quod
3006 5242 3228 5287 mlestus
3278 5235 3471 5297 fuerit;
3499 5249 3659 5307 atque
3706 5241 3805 5295 hoc
3857 5241 3963 5307 ipso

2375 5312 2588 5369 dicebat
2607 5315 2736 5372 Elia:
2756 5317 2965 5374 :Vidisli
2984 5331 3035 5374 ut
3051 5322 3305 5377 incesserit
3323 5326 3522 5380 Aclmab
3541 5344 3711 5383 coram
3726 5348 3803 5386 me
3819 5331 3961 5400 ﬁcus.

2375 5409 2810 5465 “contristatae?
2838 5413 2959 5468 Non
3012 5416 3202 5480 faciam
3230 5418 3503 5473 secundant
3550 5422 3680 5475 iram
3730 5441 3883 5477 meum
3921 5424 3954 5485 ',

2441 5608 2456 5643 ³
2491 5615 2540 5658 tn
2562 5607 2724 5670 savil.,
2750 5611 3012 5664 secundum
3037 5614 3162 5665 iram
3174 5628 3337 5697 incum
3355 5629 3497 5681 quam
3522 5619 3652 5671 dixi.
