4190 6322
257 405 369 458 8.03

277 509 294 565 t_
314 501 364 554 5.
427 494 630 565 Regum
695 489 788 546 21.
868 482 984 552 29).
1017 478 1151 535 [line
1173 476 1384 530 tertiam
1412 474 1656 565 dedimus
1683 473 1852 541 μωιιί-

269 561 447 639 lentim
476 561 618 635 viam
642 578 690 644 ',
741 593 804 632 ac
829 575 897 630 de
941 573 1214 639 Scriptura
1251 566 1579 621 Pharisaeum
1609 563 1857 618 duximus

269 678 326 730 in
351 674 583 730 medium
606 713 621 734 ,
669 669 826 724 simul
855 676 909 723 et
945 663 1288 735 publicanum
1328 674 1345 712 :
1373 656 1514 726 quod
1548 656 1848 710 Pbarisaaus

273 765 486 834 quidem
513 760 742 830 superbe
772 759 941 813 elatus
963 796 979 819 ,
1003 770 1030 806 a
1057 751 1261 819 iustitia
1283 747 1544 802 exciderit
1570 764 1586 810 ;
1615 743 1858 814 publica-

277 871 377 910 nus
403 868 531 908 vero
569 851 841 904 lnttniliter
872 845 1136 908 sentiens,
1167 843 1393 896 fructum
1430 837 1650 908 justitite
1679 850 1858 889 susce-

276 946 435 1013 perit,
489 958 662 1012 neque
710 941 816 993 ullo
859 944 1108 1004 suscepto
1170 933 1352 987 labore
1390 927 1710 998 justiﬁeatus
1745 927 1858 980 sit:

276 1038 440 1091 verba
466 1035 611 1090 dedit
641 1074 658 1099 ,
688 1046 775 1086 res
817 1028 1044 1098 accepit.
1079 1027 1190 1094 Age
1234 1037 1362 1092 ergo
1389 1030 1625 1088 coeptum
1666 1032 1860 1086 sequao

280 1143 419 1187 nmr.
450 1135 506 1180 et
549 1132 790 1194 quartam
836 1118 1170 1188 proferamus
1212 1112 1539 1184 poenitentia:
1596 1111 1762 1163 viam.
1795 1107 1866 1161 Et

279 1233 526 1288 qmeuam
553 1231 617 1270 ea
645 1225 727 1269 est
751 1213 776 1266 ?
805 1213 1159 1280 Eleemosyna
1187 1248 1202 1272 ,
1236 1206 1421 1274 regina
1445 1204 1727 1266 virtutum,
1745 1214 1863 1268 qua:

279 1301 526 1365 homines
553 1304 833 1360 celerrime
869 1302 1102 1369 ipsorum
1135 1298 1189 1352 in
1233 1296 1488 1350 ca-lorum
1530 1306 1659 1346 axes
1694 1289 1864 1344 addu-

280 1401 354 1453 cit
382 1402 405 1434 ⁸
447 1396 687 1450 advocati
740 1393 924 1462 optimi
969 1391 1087 1444 loco
1115 1388 1358 1457 fungens.
1387 1385 1573 1453 Magna
1609 1399 1697 1436 res
1721 1381 1867 1436 elee~

283 1503 508 1560 niosyna
538 1506 553 1552 ;
577 1495 857 1557 propterea
876 1482 1139 1538 clamabat
1167 1490 1223 1534 et
1246 1478 1506 1535 Salomon
1529 1493 1544 1530 :
1569 1475 1763 1546 Magna
1787 1492 1868 1528 res

281 1581 457 1642 homo,
486 1588 533 1632 et
559 1577 777 1647 pretiosa
798 1575 874 1628 uir
901 1573 1184 1626 misericors
1216 1567 1523 1642 (Prov.20.
1554 1567 1639 1635 6).
1667 1566 1867 1634 Magum

286 1679 416 1722 sunt
437 1668 533 1721 alae
551 1667 907 1734 eleemosyna:
927 1679 942 1716 :
966 1660 1203 1732 praecidit
1223 1675 1426 1723 aerem,
1457 1659 1648 1712 transit
1667 1657 1867 1722 lunam,

285 1759 418 1812 solis
445 1756 623 1810 radios
655 1753 888 1818 excedit,
907 1752 972 1805 ad
1000 1752 1170 1820 ipsum
1197 1749 1343 1804 venit
1361 1749 1616 1802 czelorum
1635 1747 1870 1803 culmen.

285 1849 395 1905 Sed
425 1863 524 1902 nec
548 1847 659 1900 illic
687 1845 931 1899 subsistit
959 1885 974 1909 ,
1008 1843 1156 1913 ipsos
1195 1841 1559 1912 pertransiens
1594 1841 1757 1918 carlos
1777 1880 1792 1903 ,
1818 1849 1874 1894 et

284 1937 598 2007 angelorum
625 1945 828 1988 turmas
843 1933 1156 1996 decurrens,
1182 1931 1728 2001 archangelorumque
1747 1929 1877 1983 cbo-

284 2044 402 2093 ros,
428 2036 484 2082 et
510 2039 700 2080 omnes
729 2024 1034 2092 superiores
1059 2028 1376 2090 potestates,
1411 2019 1511 2088 ipsi
1555 2019 1760 2073 assistit
1784 2035 1874 2074 re—

283 2119 394 2188 gali
417 2117 614 2171 throno
643 2133 657 2170 :
683 2113 828 2184 quod
855 2128 922 2168 ex
947 2113 1061 2182 ipsa
1106 2110 1254 2166 disce
1282 2109 1557 2180 Scriptura
1584 2125 1600 2164 :
1627 2108 1829 2164 Corneli
1857 2151 1872 2173 ,

286 2212 650 2279 eleemosynar,
700 2207 904 2276 inquit,
949 2215 996 2258 et
1044 2204 1294 2258 orationes
1324 2213 1426 2256 tua:
1465 2201 1797 2264 ascenderunt
1824 2201 1878 2255 in

286 2297 677 2370 conspectu'Dei
691 2296 918 2368 (ActJO.
932 2295 1008 2363 4).
1023 2293 1152 2349 Illud
1167 2305 1368 2358 autem,
1388 2290 1457 2346 In
1474 2302 1742 2359 conspectu
1760 2290 1875 2356 Dei,

287 2399 394 2456 est,
417 2389 630 2444 tametsi
683 2388 848 2441 multa
879 2384 1132 2439 habueris
1181 2393 1422 2452 peccata,
1475 2383 1521 2436 si
1568 2381 1877 2436 advocati-ix

287 2482 636 2550 eieemosyna
670 2479 760 2543 sit,
800 2491 869 2530 ne
913 2476 1119 2529 timeas.
1171 2473 1321 2528 Nulla
1353 2475 1496 2527 enim
1531 2487 1600 2526 ex
1632 2473 1880 2541 supernis

289 2570 646 2640 potestatibus
697 2567 821 2621 huic
870 2565 1110 2620 resistit:
1138 2564 1372 2618 debitum
1406 2564 1674 2632 reposcit,
1705 2561 1882 2617 chiro—

288 2660 551 2731 graphum
573 2673 729 2712 suum
757 2655 1001 2710 manibus
1028 2663 1264 2724 gestans.
1295 2653 1473 2722 Ipsius
1499 2653 1642 2706 enim
1671 2651 1877 2706 Domini

290 2765 375 2808 est
402 2769 506 2806 vox
525 2761 575 2806 8:
610 2752 672 2806 Si
698 2751 811 2820 quis
842 2749 1017 2820 fecerit
1035 2748 1120 2800 uni
1149 2763 1214 2800 ea:
1237 2746 1457 2799 minimis
1487 2746 1586 2811 his,
1611 2745 1732 2798 mihi
1761 2745 1882 2816 fecit

292 2845 507 2915 (Matth.
530 2843 749 2911 25.40).
782 2840 854 2894 ιω
886 2855 1019 2910 ergo
1047 2847 1306 2908 quotquot
1341 2837 1443 2890 alia
1475 2836 1724 2891 habueris
1751 2850 1883 2906 pec-

290 2947 434 3002 eata,
461 2935 797 3004 eleemosyna
824 2942 909 2985 tua
934 2932 1186 2985 omnibus
1205 2939 1288 2984 est
1315 2930 1550 2999 gravior.

363 3026 420 3078 2.
455 3026 634 3078 Oleum
660 3034 731 3077 est
751 3024 1070 3091 eleemosyna
1097 3035 1212 3090 qua
1235 3020 1455 3090 quinque
1478 3019 1760 3089 virginibus
1788 3020 1874 3090 fa-

291 3119 398 3172 tuis
415 3116 698 3184 deficiebat.
718 3144 786 3154 —
805 3115 994 3168 Annon
1011 3111 1316 3166 intellexisti
1337 3113 1388 3164 ii.
1403 3111 1680 3180 evangelio
1694 3111 1881 3166 decem

303 3209 567 3279 virginum
583 3207 919 3282 parabolam,
941 3204 1081 3274 quod
1114 3203 1508 3272 eleemosyuam
1541 3219 1646 3256 non
1679 3201 1883 3256 haben-

296 3313 400 3364 tes,
431 3302 791 3370 virginitatem
817 3300 936 3352 licet
960 3305 1258 3360 servarent,
1289 3304 1438 3350 extra
1469 3295 1761 3349 thalamum
1785 3311 1884 3347 nu-

298 3396 516 3465 ptialem
539 3390 889 3447 manserunt?
918 3389 1078 3443 Erant
1104 3389 1267 3452 enim,
1303 3388 1494 3455 inquit,
1524 3388 1693 3440 decem
1724 3387 1882 3456 virgi-

294 3489 642 3557 nes,quinqne
670 3489 827 3557 fatuae
854 3491 902 3537 et
936 3482 1168 3552 quinque
1211 3479 1479 3550 prudentes
1509 3477 1528 3552 (
1561 3477 1694 3532 Ibid.
1742 3497 1792 3534 υ.
1827 3480 1880 3533 2.

294 3580 331 3635 5
363 3578 383 3650 )
417 3577 739 3646 :prndentes
777 3572 990 3642 quidem
1015 3573 1190 3626 oleum
1219 3570 1485 3625 habebant
1504 3612 1519 3632 ,
1549 3571 1728 3624 stulta:
1755 3585 1884 3623 vero

294 3684 404 3723 non
432 3667 700 3721 habebant
718 3665 914 3726 oleum,
947 3661 1040 3716 sed
1069 3676 1250 3714 earttm
1276 3660 1549 3729 lampades
1576 3661 1885 3728 exstingue-

295 3760 512 3813 bantur.
549 3755 879 3810 Aceedeutes
913 3764 1089 3805 autem
1118 3751 1292 3804 stulta:
1317 3751 1381 3803 ad
1416 3750 1702 3818 prudentes
1732 3751 1885 3805 dixe-

293 3858 422 3902 runt
445 3864 459 3900 :
486 3846 620 3899 Date
650 3844 792 3897 nobis
825 3842 988 3895 oleum
1017 3842 1079 3893 de
1122 3841 1254 3894 vasis
1287 3842 1461 3893 vestris
1483 3838 1590 3909 (Ib.
1620 3857 1666 3894 υ.
1688 3840 1886 3908 8).Ριι-

293 3939 392 4012 det
434 3953 518 3990 me
569 3945 625 3989 et
658 3936 857 3988 rubore
894 3932 1191 3986 confundor
1238 3945 1292 3986 et
1327 3933 1594 4003 lacrymor
1623 3934 1882 4002 virginem

295 4017 516 4082 sinitaut
559 4026 803 4079 audiens.
854 4024 1125 4078 Erubesco
1154 4039 1274 4076 cum
1302 4024 1461 4078 audio
1496 4040 1686 4077 nomen
1718 4066 1732 4090 ,
1767 4038 1887 4092 post

295 4117 462 4170 talem
493 4117 836 4179 virtutem,et
857 4114 1172 4183 virginitatis
1199 4113 1456 4178 studium,
1491 4115 1582 4168 ubi
1609 4131 1806 4184 Corpus
1835 4118 1884 4169 in

294 4211 489 4265 celum
528 4217 828 4268 erexerant,
864 4206 951 4259 ubi
982 4221 1102 4259 cum
1142 4207 1269 4272 ipsis
1308 4209 1553 4275 supernis
1605 4208 1887 4260 virtutibus

294 4312 571 4356 certamen
630 4298 921 4350 habuerant
953 4337 967 4357 .
1009 4303 1303 4363 mstmnque
1364 4296 1720 4350 toleraverant
1751 4341 1764 4362 ,
1801 4299 1886 4350 tibi

295 4394 470 4460 ipSam
492 4388 784 4455 voluptatis
815 4387 1083 4440 ﬂammam
1117 4385 1616 4446 conculcaverant‘.
1653 4398 1777 4441 tunc
1809 4387 1887 4440 fa-

298 4495 428 4542 tum,
457 4489 510 4534 et
538 4481 658 4546 jure
690 4477 863 4531 ‘l'atuaa
915 4477 1259 4540 vocabantur,
1292 4477 1430 4544 quod
1463 4479 1633 4543 majus
1663 4496 1782 4531 eum
1825 4481 1890 4533 fe-

296 4573 528 4637 cissent,
557 4586 586 4623 a
606 4569 815 4622 minore
837 4567 988 4621 victa:
1014 4568 1137 4621 sint.
1157 4566 1226 4620 Et
1251 4567 1540 4622 accedentes
1563 4568 1720 4637 fatute
1745 4571 1890 4624 dixe-

352 4737 369 4765 ⁸
417 4741 580 4803 Savil.,
600 4740 711 4790 huic
735 4739 1100 4803 monstravimus
1115 4738 1305 4803 tertiam
1324 4739 1615 4803 paenitentia:
1633 4741 1775 4792 riam.

352 4806 372 4833 ε
416 4800 558 4854 Savil.
593 4809 645 4851 et
685 4810 820 4863 tteg.,
848 4812 958 4862 qua:
1001 4798 1223 4850 celeriter
1260 4798 1416 4864 aperit
1455 4817 1574 4852 axes
1612 4805 1844 4854 caelorum
1873 4820 1891 4857 :

352 4877 505 4910 mane
525 4863 672 4910 lectio
694 4861 915 4910 quadrat.
1517 4895 1520 4898 η

487 4877 505 4910 3
525 4876 672 4910 IBCUO
694 4876 915 4910 αιιιιατειι.
1517 4895 1520 4898 ~

292 4874 505 4928 utraque
525 4871 672 4912 lectio
694 4871 915 4924 quadrat.
939 4921 950 4931 η
1517 4895 1520 4898 .

358 4926 380 4954 ³
416 4936 545 4984 δρινκ,
572 4923 912 4987 Ascendernnt,
932 4935 983 4972 tn
1006 4922 1397 4987 memorat-tilum,
1422 4923 1473 4972 in
1497 4933 1749 4987 conspectu
1787 4937 1890 4978 Dei.

296 4988 438 5053 illud
457 4983 584 5042 vero,
616 5004 636 5028 (ι
654 4983 706 5033 in
727 4992 981 5053 conspectu
1009 4983 1093 5034 Dei
1111 5001 1132 5026 ι
1165 4983 1253 5053 hoc
1277 4995 1379 5053 est;
1411 4994 1533 5053 iam.
1552 4983 1620 5053 tsi
1637 4989 1786 5053 multa
1809 4993 1894 5040 ha-

296 5049 463 5099 bueris
485 5055 698 5108 peccata.
724 5045 768 5094 si
782 5045 1134 5108 elcemosynam
1163 5052 1319 5108 tecum
1354 5046 1500 5108 habes
1536 5049 1890 5101 arlvocatricem

292 5123 355 5160 ne
377 5105 564 5178 linteas.
590 5108 728 5178 nulla
747 5106 875 5178 enim
897 5118 961 5155 ea:
984 5105 1207 5178 supernis
1234 5107 1539 5178 potestatibus
1563 5111 1676 5159 huic
1698 5113 1889 5162 resistit.

299 5191 321 5216 σ
352 5166 686 5234 stisizricoraiu
702 5167 947 5229 judicium
970 5166 1157 5234 deridet
1178 5166 1240 5234 ,-_.*
1260 5175 1330 5234 _et._
1362 5186 1383 5213 ι
1397 5169 1581 5234 redime
1597 5181 1790 5234 peccatu
1811 5182 1895 5224 tua

293 5234 345 5284 in
368 5227 714 5296 eleeritosynis;
739 5245 776 5296 ιε.
793 5235 861 5296 et1
883 5227 1157 5296 agtttttttdiu
1177 5229 1355 5289 fecistis
1380 5230 1460 5296 imi
1478 5244 1541 5296 e._i_:
1565 5227 1640 5282 his
1661 5235 1893 5296 fratribus

293 5287 665 5360 "tristitiniritis,
691 5287 815 5360 mihi
830 5287 1028 5360 fecistis.
1051 5307 1079 5360 nA
1100 5287 1212 5360 ttaéc
1234 5297 1279 5339 et
1297 5290 1565 5360 multa_alia
1591 5287 1804 5360 reperire
1827 5307 1896 5348 est

294 5363 359 5406 de
382 5355 683 5412 eleemosynu
716 5351 1081 5416 803.ipia_,---icl.1
1119 5351 1326 5416 loquitur
1359 5355 1622 5416 scriptura.
1646 5351 1654 5356 ’
1674 5358 1890 5408 Debituu-t

293 5419 424 5466 m'm
447 5410 832 5476 suiturreposrit',
859 5410 1233 5476 chirographum
1265 5410 1473 5476 gestans
1493 5425 1711 5468 sanctum
1745 5429 1895 5468 Erim-

291 5478 680 5541 yclium._tpstus
717 5473 848 5541 enim
885 5474 1070 5541 nomini
1089 5473 1180 5541 est
1209 5473 1318 5541 υοέσ,
1345 5485 1440 5525 etc.
1483 5483 1531 5526 la
1568 5483 1897 5541 sequentibus

299 5534 420 5588 item
445 5535 575 5585 nulla
600 5547 730 5597 pene
754 5534 968 5602 clausula
994 5542 1088 5602 est.
1111 5537 1160 5602 in
1181 5551 1274 5599 qua
1298 5538 1428 5602 inter
1453 5534 1708 5602 utramque
1733 5543 1897 5593 discri-

299 5603 430 5649 mina
455 5611 552 5647 non
569 5596 841 5646 oecurrant.
865 5596 957 5645 sed
981 5596 1214 5645 sincerior
1235 5600 1425 5647 videtur
1451 5596 1742 5652 stuielli'aaze
1779 5618 1894 5653 eoa-

295 5669 480 5710 textus.
507 5670 618 5708 tum
643 5670 763 5705 vero
786 5658 976 5705 nonnisi
1002 5661 1324 5708 exscribenda
1344 5668 1494 5709 totum
1519 5662 1764 5713 saviliaua:
1781 5681 1898 5715 cou-

295 5730 504 5774 textum.
523 5721 682 5768 omnia
700 5720 935 5778 possimus
958 5727 1209 5770 annotare.
1229 5721 1273 5768 id
1300 5726 1544 5771 intonuisse
1565 5727 1684 5774 satis
1708 5737 1832 5778 esto.

357 5791 375 5812 δ
413 5783 485 5833 sic
506 5783 657 5830 habet
672 5790 779 5845 sav.
800 5781 1087 5841 Legebatur.
1112 5779 1414 5845 laboremque.
1438 5793 1651 5845 egerant.
1679 5795 1776 5837 atas
1804 5791 1896 5840 de-

296 5861 314 5896 t
330 5854 400 5895 rat
421 5859 531 5906 rex,
553 5844 857 5901 τοι-(ιξηςιιιιιν,
882 5855 1024 5905 quam
1047 5855 1106 5891 ex
1135 5850 1210 5893 Sat
1225 5843 1304 5893 ille
1331 5843 1646 5897 t-t-stititimus.

1451 381 1540 438 DE
1572 376 2056 435 ELEEMOSYNA.
2089 377 2318 434 llOMlL.
2361 375 2448 431 Ill.

3439 369 3547 429 9.94

1964 480 2078 522 runt
2107 469 2412 537 sapientibus
2439 481 2457 519 :
2484 464 2612 518 Date
2640 463 2781 517 nobis
2811 462 2975 517 oleum
2989 461 3056 515 de
3069 463 3200 516 rasis
3228 462 3418 515 vestris.
3453 461 3499 513 11
3508 481 3551 517 .t.’

1962 570 2127 614 autem
2172 560 2407 614 dixerunt
2439 574 2458 612 :
2486 555 2607 610 Non
2659 572 2926 626 possumus
2975 556 3110 608 vobis
3159 556 3298 617 dare,
3330 553 3551 622 nefarie

1963 668 2062 704 non
2089 651 2301 720 sufﬁciat
2335 648 2477 701 nobis
2503 656 2548 698 et
2571 647 2707 723 vobis
2732 647 2750 716 (
2779 645 2960 698 Matth.
2993 645 3082 698 ‘25.
3118 644 3168 698 8.
3199 646 3232 698 9
3259 649 3274 712 )
3305 662 3317 696 :
3349 659 3451 696 non
3484 660 3548 697 ex

1963 742 2301 796 inelementia
2346 742 2430 794 vel
2479 737 2815 808 improbitate
2847 737 2896 790 id
2924 747 3142 805 agentes
3165 777 3180 798 .
3209 735 3304 790 sed
3333 747 3547 803 propter

1963 835 2219 902 temporis
2265 830 2536 900 angustias
2579 845 2592 882 :
2642 837 2900 882 venturus
2941 829 3084 882 enim
3134 836 3248 881 erat
3293 841 3542 902 sponsus.

1965 901 2236 978 llabehant
2259 933 2313 977 et
2340 924 2469 990 ipsa:
2495 921 2800 989 lampades;
2828 919 2920 973 sed
2951 919 3158 972 illarum
3184 917 3396 988 quidem
3425 901 3550 970 vasa

1967 1015 2142 1068 oleum
2175 1014 2460 1077 habebant,
2489 999 2836 1064 harumivero
2859 1025 2964 1064 non
2997 1009 3279 1064 habebant.
3312 1007 3450 1076 Ignis
3475 1017 3557 1060 est

1966 1103 2280 1173 virginitas.
2326 1103 2502 1156 oleum
2552 1111 2729 1155 autem
2775 1111 2855 1154 est
2902 1100 3244 1170 eleemasyna
3275 1115 3290 1164 ;
3323 1113 3444 1152 nam
3499 1110 3553 1150 ιιι

1970 1194 2139 1262 ignis,
2167 1193 2268 1246 nisi
2297 1192 2472 1245 oleum
2505 1189 2778 1244 destillans
2814 1188 3038 1251 habent,
3074 1190 3210 1258 perit
3242 1204 3258 1252 ;
3289 1190 3366 1242 sic
3391 1187 3555 1256 virgi-

1969 1287 2107 1339 nitas
2126 1327 2140 1350 ,
2171 1285 2272 1338 nisi
2298 1283 2634 1352 conjunctam
2675 1281 2867 1337 habeat
2892 1283 3283 1352 eleemosynam
3304 1321 3318 1342 .
3351 1280 3556 1335 exstin—
3585 1274 3588 1278 ’

1969 1377 2165 1446 guitur.
2199 1375 2325 1429 Date
2363 1375 2503 1428 nobis
2536 1375 2703 1429 oleum
2731 1375 2794 1426 de
2821 1374 2953 1427 uasis
2987 1374 3181 1427 vestris.
3214 1375 3282 1426 At
3309 1372 3413 1425 illie
3464 1386 3552 1425 res

1971 1467 2301 1535 Sponderunt
2342 1467 2472 1535 ipsis
2502 1483 2515 1518 :
2549 1464 2661 1518 Non
2695 1478 2978 1534 possumus
3011 1462 3324 1518 Vobisdare.
3354 1463 3421 1517 Et
3455 1478 3561 1516 non

1973 1558 2187 1612 malitia:
2215 1557 2341 1610 illu‘d
2365 1558 2619 1619 verbum,
2648 1556 2741 1610 sed
2770 1555 2974 1608 timoris
3007 1573 3020 1607 :
3058 1552 3141 1607 Ne
3161 1559 3291 1626 forte
3319 1570 3421 1607 non
3445 1557 3560 1621 suf-

1974 1649 2113 1717 ficiat
2152 1648 2292 1700 nobis
2318 1657 2365 1700 et
2403 1648 2540 1700 vobis
2570 1661 2676 1700 :ne
2721 1645 2856 1700 forte
2883 1645 3330 1714 quemadmodum
3375 1659 3565 1698 omnes

1977 1738 2176 1792 intrare
2214 1739 2500 1805 quaarintus
2519 1778 2534 1800 ,
2563 1751 2751 1789 omnes
2782 1748 3188 1799 remaneamus;
3215 1735 3303 1788 sed
3326 1735 3566 1787 abeuntes

1977 1829 2124 1882 emite
2169 1829 2305 1881 vobis
2345 1843 2378 1879 a
2414 1826 2760 1880 vendentibus.
2787 1825 3011 1893 Quinam
3068 1835 3191 1879 sunt
3241 1835 3568 1880 mercatores

1977 1919 2080 1974 olei
2130 1918 2616 1988 hujus?Pauperes
2661 1919 2725 1970 ad
2771 1918 3164 1988 eleemosyuam
3217 1931 3315 1986 pro
3365 1915 3570 1972 foribus

1979 2009 2218 2064 ecclesia:
2239 2009 2506 2062 sedentes.
2538 2009 2604 2061 Et
2631 2008 2814 2077 quanti
2841 2007 3075 2061 emitur?
3103 2006 3295 2074 Quanti
3318 2006 3565 2061 libuerit:

1980 2103 2208 2170 pretium
2241 2115 2344 2154 non
2368 2115 2598 2170 appono,
2623 2115 2689 2152 ne
2719 2097 2940 2166 objicias
2973 2097 3228 2167 inopiam.
3251 2096 3445 2165 Quanti
3477 2113 3569 2166 po.

1981 2203 2085 2258 tes,
2114 2193 2250 2266 tanti
2270 2207 2410 2247 eme.
2438 2191 2612 2246 Habes
2635 2191 2884 2244 obolum?
2907 2206 3026 2245 eme
3053 2191 3265 2254 (uelum,
3296 2206 3400 2244 non
3427 2189 3569 2260 quod

1981 2286 2069 2339 vili
2098 2286 2267 2353 pretio
2294 2285 2480 2338 venale
2527 2283 2596 2338 sit
2632 2286 2858 2348 caelum,
2901 2282 2997 2337 sed
3033 2283 3174 2353 quod
3220 2283 3458 2337 clemens
3502 2283 3572 2337 sit

1985 2374 2259 2428 Dominus.
2303 2374 2416 2426 Non
2469 2373 2634 2426 hach
2673 2373 2939 2427 obolum?
2987 2373 3051 2427 da
3103 2374 3320 2427 calicem
3370 2375 3574 2442 frigidm

1983 2479 2135 2533 aqua:
2165 2481 2178 2517 :
2211 2464 2382 2534 inquit
2409 2465 2551 2518 enim
2582 2484 2594 2518 :
2626 2464 2936 2534 Quicumque
2972 2465 3167 2518 dederit
3196 2466 3285 2518 uni
3322 2482 3384 2519 ea:
3425 2466 3565 2518 mini-

1985 2557 2080 2609 mis
2117 2556 2225 2609 istis
2254 2557 2462 2608 calicem
2487 2570 2632 2624 aqua:
2658 2555 2862 2626 frigidae
2888 2565 3094 2624 propter
3133 2572 3240 2621 me,
3271 2573 3371 2610 non
3406 2556 3576 2626 perdet

1984 2645 2262 2699 mercedem
2306 2663 2453 2700 suam
2497 2646 2714 2720 (Matth.
2741 2645 2828 2700 10.
2851 2644 2964 2712 42).
3004 2646 3298 2701 Mercatura
3329 2647 3572 2717 negotia-

1987 2733 2163 2804 tioque
2189 2736 2375 2789 ca-lum
2414 2746 2529 2800 est,
2559 2745 2615 2791 et
2653 2751 2751 2790 nos
2777 2736 3111 2806 pigritamur.
3149 2739 3221 2792 Da
3264 2753 3455 2808 panem
3478 2780 3493 2803 ,
3521 2745 3578 2790 et

1984 2828 2166 2896 accipe
2206 2827 2508 2896 paradisum
2543 2846 2557 2883 :
2603 2845 2760 2898 parva
2791 2830 2877 2894 da,
2909 2839 2962 2882 et
3003 2845 3192 2900 magna
3222 2834 3433 2901 suscipe
3462 2853 3477 2889 :
3507 2835 3576 2890 da

1986 2916 2229 2970 mortalia
2255 2957 2269 2981 ,
2317 2917 2632 2972 immortalia
2686 2919 2864 2987 recipe
2897 2937 2908 2973 :
2944 2919 3009 2974 da
3051 2923 3412 2990 corruptibilia
3435 2964 3452 2989 ,
3479 2926 3579 2983 ,in-

1986 3009 2348 3078 corruptibilia
2378 2997 2582 3077 accipe.
2613 3009 2666 3064 Si
2696 3020 2876 3064 essent
2906 3012 3156 3065 nuudinm
3201 3023 3361 3082 atque
3409 3016 3462 3070 in
3515 3017 3579 3071 iis

1988 3113 2214 3153 annona:
2243 3100 2418 3154 vilitas
2455 3110 2509 3155 et
2555 3101 2878 3155 abundantia
2898 3142 2914 3166 ,
2942 3103 3210 3172 multaque
3241 3120 3404 3174 parvo
3433 3122 3581 3162 eme-

1989 3201 2213 3254 rentur,
2254 3205 2431 3243 annon
2485 3190 2837 3244 substantiam
2892 3193 3223 3259 vendentes,
3281 3206 3580 3266 cunctaque

1989 3289 2391 3350 postponentes,
2417 3281 2469 3334 iii
2505 3292 2705 3349 partem
2737 3282 2852 3351 ejus
2881 3284 3254 3350 negotiationis
3285 3288 3579 3342 veniretis?

1989 3369 2089 3426 Ubi
2120 3371 2477 3440 corruptibilia
2523 3382 2667 3434 sunt,
2694 3383 2842 3428 tanto
2881 3375 3056 3427 studio
3088 3375 3335 3430 laboratis
3363 3395 3376 3428 :
3408 3388 3464 3430 et
3489 3379 3579 3432 ubi

1989 3463 2303 3519 immortalis
2349 3475 2432 3520 est
2472 3466 2795 3534 negotiatio,
2848 3467 3201 3536 pigritatniui,
3244 3479 3403 3538 atque
3445 3470 3580 3524 adeo

1989 3558 2310 3613 conciditis?
2341 3558 2413 3611 Da
2439 3543 2606 3627 inopi
2634 3599 2648 3623 ,
2675 3567 2764 3622 ut,
2800 3561 3040 3628 quamvis
3086 3570 3137 3614 ιιι
3181 3563 3444 3628 tacueris,
3485 3579 3579 3617 ora

1992 3667 2088 3719 pro
2139 3661 2190 3704 te
2233 3652 2590 3720 respondeant
2635 3653 2856 3715 infinita,
2893 3654 3232 3723 eleemosyna
3277 3663 3362 3706 tua
3407 3663 3582 3709 stante

1990 3757 2052 3796 ac
2084 3744 2452 3811 patrocinante
2485 3759 2497 3794 :
2532 3743 2757 3810 pretium
2798 3743 3178 3811 redemptionis
3210 3744 3401 3797 animae
3437 3745 3578 3800 eleeo

1993 3850 2213 3906 inosyna
2256 3843 2358 3889 est.
2411 3835 2537 3889 Ideo
2563 3834 3011 3903 quemadmodum
3053 3851 3176 3888 vasa
3219 3851 3370 3904 aqua:
3423 3837 3581 3905 plena

1993 3941 2089 3994 pro
2116 3925 2314 3979 foribus
2337 3925 2576 3979 ecclesia:
2608 3932 2622 3956 ‘
2653 3937 2809 3988 sunt,
2843 3941 2947 3994 quo
2978 3941 3166 3979 manus
3209 3926 3354 3980 laves
3378 3969 3392 3991 ,
3425 3928 3503 3982 sic
3530 3938 3586 3982 et

1994 4031 2253 4084 pauperes
2281 4032 2375 4085 pro
2393 4004 2623 4070 ecclesia
2643 4017 2850 4078 sedent,
2870 4028 2924 4070 ut
2942 4019 3132 4071 anitum
3164 4034 3352 4073 manus
3372 4019 3578 4073 abluas.

1992 4109 2140 4176 Aqua
2191 4123 2378 4161 manus
2425 4124 2712 4175 corporeus
2757 4109 2928 4163 lavisti
2955 4109 2976 4162 ?
3005 4110 3344 4180 eleemosyna
3391 4129 3584 4167 manus

1993 4201 2182 4250 anima:
2225 4197 2360 4250 lava.
2407 4197 2484 4252 Ne
2536 4199 2766 4267 inopiam
2819 4200 3156 4267 pra-lendas:
3191 4201 3345 4252 vidua
3392 4203 3442 4254 in
3481 4219 3580 4256 ex-

1996 4298 2161 4342 trema
2192 4299 2498 4359 paupertate
2523 4290 2693 4344 Ellam
2727 4291 3092 4357 hoSpitabatur
3122 4293 3197 4363 (5.
3224 4292 3352 4364 Reg.
3375 4295 3487 4364 l7).
3521 4311 3584 4350 ac

1995 4389 2279 4448 paupertas
2325 4396 2429 4433 non
2485 4380 2582 4434 fuit
2628 4382 3044 4450 impedimento,
3075 4384 3167 4436 sed
3220 4384 3419 4438 eximio
3460 4402 3582 4439 cum

1997 4471 2185 4538 gaudio
2212 4473 2444 4537 Susrepit
2467 4489 2588 4526 eum
2614 4490 2624 4520 :
2655 4489 2819 4542 quare
2845 4484 2896 4527 et
2921 4474 3109 4542 dignos
3137 4477 3336 4544 recepit
3360 4476 3584 4540 fructus,

1994 4573 2049 4615 et
2070 4569 2275 4615 metens
2303 4563 2658 4634 eleeinosynre
2689 4565 2888 4632 spicam
2923 4566 3064 4634 legit.
3096 4565 3200 4620 Sed
3242 4565 3467 4621 fortasse
3493 4583 3589 4620 au-

1995 4650 2137 4703 d-tor
2163 4652 2323 4717 deet,
2357 4653 2429 4706 Da
2469 4663 2524 4707 et
2569 4654 2695 4707 mihi
2736 4656 2926 4709 Eliam.
2967 4657 3102 4721 Quid
3142 4660 3336 4726 quieris
3377 4659 3589 4713 Eliatn?

2001 4741 2281 4797 hominum
2315 4743 2440 4796 Elia:
2467 4743 2536 4797 do
2565 4745 2677 4810 tibi,
2704 4761 2802 4799 nec
2834 4747 3002 4812 ipsum
3030 4747 3177 4800 cibas
3209 4767 3219 4800 :
3255 4748 3423 4803 Eliam
3446 4751 3487 4802 si
3512 4752 3594 4804 iti-

1999 4833 2224 4897 veneris,
2250 4835 2518 4902 quomodo
2553 4836 2948 4905 hospitaberis?
2977 4835 3173 4892 Christi
3219 4840 3590 4896 universorum

2000 4924 2205 4977 Domini
2248 4928 2506 4980 sententia
2538 4937 2620 4981 est
2647 4970 2662 4991 ,
2695 4929 3007 4997 Quicumque
3037 4932 3124 4982 imi
3159 4948 3222 4984 ea:
3263 4933 3484 4987 minimis
3515 4938 3590 5004 fc-

1998 5016 2142 5080 cerit,
2175 5016 2297 5068 mihi
2337 5018 2455 5086 fecit
2485 5017 2712 5087 (Matth.
2743 5019 2832 5074 9.5.
2865 5020 2933 5073 4-0
2954 5025 2995 5089 ).
3030 5021 3084 5074 Si
3119 5023 3251 5075 l'orte
3281 5038 3372 5076 rex
3401 5040 3593 5092 quem-

2000 5108 2139 5176 piam
2168 5107 2233 5160 ad
2260 5123 2468 5163 cwnani
2499 5111 2880 5179 appellaverit,
2913 5120 3072 5180 atque
3091 5153 3106 5175 ,
3135 5110 3348 5167 lanuuiis
3373 5116 3594 5170 adstan-

2066 5306 2088 5374 ι.
2112 5303 2368 5374 _tllud,_pro
2405 5304 2584 5374 foribus
2621 5306 2856 5374 adesim
2897 5309 3040 5359 deest
3063 5312 3109 5358 in
3134 5309 3305 5374 Savilio
3330 5321 3382 5362 et
3407 5316 3453 5362 in
3475 5321 3594 5374 Reg.

1999 5365 2140 5411 Codd.
2163 5372 2210 5410 rt
2235 5365 2304 5433 sic
2328 5369 2637 5428 prosequitur
2658 5368 2886 5418 savilius:
2917 5378 2968 5419 Et
2993 5379 3222 5431 quantum
3240 5373 3263 5420 Υ
3285 5380 3470 5424 tamam
3495 5365 3595 5426 etiis

2001 5435 2230 5486 quantum
2252 5440 2336 5482 vis.
2380 5438 2607 5485 quantum
2631 5437 2778 5520 potes,
2806 5443 2898 5499 non
2942 5441 3172 5492 quantum
3207 5433 3334 5484 alias
3374 5437 3595 5514 ινιιιίζδριι

2002 5499 2230 5520 ηιιιιηηηη
2254 5496 2383 5520 νηιρο
2407 5496 2454 5520 In
2477 5502 2487 5512 -
2513 5502 2568 5520 nm
2601 5503 2740 5520 Ausona
2762 5506 2796 5520 η-
2814 5493 3025 5520 omnm-.1":
3096 5493 3251 5520 ιιι-ΛΗ..
3303 5505 3409 5520 nn..-
3439 5498 3577 5520 l...s..._

2001 5499 2230 5559 lfttttttltttlt
2254 5496 2383 5545 potes
2406 5496 2487 5546 tu;
2512 5502 2578 5559 ne
2600 5490 2796 5559 olriit‘its
2814 5490 3044 5559 inanium.
3094 5493 3270 5559 tibolis,
3297 5505 3409 5557 quot
3434 5490 3596 5558 lintres,

2003 5549 2173 5620 (a'lam
2198 5561 2318 5620 tunc,
2343 5552 2578 5617 nou-quod
2602 5551 2682 5601 rili
2707 5554 2859 5620 pretio
2884 5549 3045 5620 uenale
3068 5555 3127 5604 sit
3151 5549 3342 5612 aviaui.
3361 5559 3445 5606 διά
3471 5549 3598 5618 quod

2003 5615 2210 5682 exuras
2231 5615 2290 5659 sit
2319 5615 2562 5682 [gemini-ts.
2595 5622 2691 5682 .\'on_
2713 5615 2858 5662 habes
2882 5617 3009 5682 unde
3031 5631 3204 5682 aurum
3231 5620 3397 5672 dones.
3422 5615 3599 5682 argen-

2005 5678 2104 5720 tmn
2127 5681 2284 5740 nona;
2317 5672 2384 5721 ria
2407 5671 2614 5740 obolum,
2660 5677 2724 5740 da
2768 5678 2991 5740 poculum
3034 5678 3233 5740 frigida:
3261 5692 3278 5727 :
3309 5671 3434 5729 bras
3473 5671 3599 5731 Enim

2003 5732 2370 5799 amplitudinem
2393 5741 2474 5782 ant
2499 5732 2815 5799 eriguitatciit
2838 5732 3146 5799 tle/utit,'noit
3173 5741 3437 5789 secundum
3467 5756 3596 5791 nam.

2006 5807 2171 5865 suram
2196 5795 2436 5852 datorum,
2462 5797 2547 5865 seti
2570 5795 3134 5865 secundumfacultatem
3177 5809 3326 5850 status
3359 5805 3594 5857 donantis.

2010 5861 2063 5905 Et
2087 5859 2190 5906 alia:
2214 5868 2485 5918 sciuuntut‘
2511 5859 2556 5908 in
2581 5859 2751 5910 Sat'tlio
2776 5859 2916 5924 hujus
2942 5864 3144 5922 gva-L'ris
3162 5865 3441 5911 varietates.
