4190 6322
558 264 667 321 995

552 377 721 436 tibus.
764 371 831 427 ad
878 385 972 425 eos
1018 368 1212 424 dixerit
1250 384 1263 421 :
1311 365 1533 420 Reddite
1580 366 1779 435 gratias
1828 365 1947 419 huic
2000 378 2120 419 meo

549 466 761 519 nomine
789 448 1128 531 quamplures
1149 500 1161 520 ,
1189 458 1276 527 qui
1316 472 1400 510 me
1452 453 1978 525 inepia'laborantem
2016 469 2119 508 nu-

550 556 691 609 trivit
729 564 782 608 et
822 551 1050 622 hospitio
1075 549 1316 617 excepit,
1340 548 1429 618 qui
1461 548 1589 601 mihi
1623 545 1874 601 beneﬁcia
1901 547 1951 599 in
1984 557 2119 599 tem-

549 661 678 717 pore
726 645 979 715 angustia:
1043 642 1305 713 permulta
1360 641 1582 693 contulit
1614 656 1628 691 :
1660 653 1834 691 annon
1879 638 2119 691 certatim

546 738 771 809 quisque
815 749 1098 791 accurrens
1140 732 1389 801 pecunias
1418 744 1603 783 omnes
1646 744 1769 782 suas
1811 727 2123 797 expenderit

547 830 665 899 ejus
693 842 873 887 causa.
907 826 989 879 cui
1018 840 1107 878 rex
1133 826 1327 892 gratias
1348 822 1561 890 egerit?
1583 835 1757 875 annon
1790 817 1903 873 ba-c
1932 819 2001 871 illi
2030 832 2115 873 ac-

545 934 697 991 cepta
728 918 943 975 tulerit?
971 931 1147 969 annon
1188 929 1246 968 se
1288 913 1362 966 illi
1396 915 1620 981 quisque
1648 911 2020 965 commendare
2042 919 2121 963 at-

547 1029 651 1085 que
678 1011 906 1066 amicitia
931 1008 1157 1076 jungere
1186 1002 1491 1058 studuerit?

615 1103 667 1159 3.
698 1098 1042 1167 Eleemosyme
1085 1100 1298 1167 fructus.
1322 1123 1396 1135 —
1424 1092 1637 1147 Vidistis
1666 1092 1933 1147 sermonis
1959 1090 2122 1143 virtu-

546 1193 694 1248 tem?
723 1192 778 1247 Si
826 1206 955 1258 ergo
979 1188 1117 1257 apud
1150 1186 1416 1240 hominem
1462 1200 1642 1254 regem
1675 1194 1875 1259 tantum
1906 1182 2125 1236 honoris

544 1299 632 1338 res
682 1283 793 1353 ipsa
837 1280 1038 1345 tribuit,
1084 1280 1256 1347 cogita
1285 1275 1550 1330 Christum
1595 1276 1645 1327 iu
1698 1274 1785 1327 illa
1826 1273 1912 1326 die
1941 1287 2123 1327 coram

544 1372 743 1442 angelis
762 1370 1111 1439 omnibusque
1131 1367 1425 1421 Virtutibus
1453 1375 1725 1419 vocantem
1751 1379 1814 1417 ac
1838 1364 2122 1419 dicentem:

546 1461 642 1516 Hic
670 1476 756 1516 nte
785 1462 837 1514 in
866 1470 1007 1514 terra
1032 1457 1260 1525 suscepit
1288 1455 1535 1523 hospitio,
1582 1453 1665 1508 hic
1695 1454 1821 1507 mihi
1852 1454 2125 1509 innumera

542 1552 769 1607 contulit
813 1550 1091 1613 beneficia,
1139 1548 1224 1602 hic
1253 1562 1339 1601 me
1388 1546 1718 1614 peregrinum
1750 1543 1957 1611 excepit
1985 1560 1998 1595 :
2029 1558 2124 1597 eo-

543 1644 647 1711 gita
674 1642 741 1696 de
766 1650 961 1695 eretero
992 1639 1233 1692 fiduciam
1265 1637 1401 1691 inter
1437 1634 1675 1703 angelos,
1707 1632 1843 1687 inter
1883 1633 2125 1687 caelestes

543 1735 735 1787 choros
759 1727 1029 1799 gaudium.
1059 1727 1220 1797 igitur
1243 1726 1325 1779 cui
1354 1723 1710 1778 testimonium
1736 1720 1976 1776 Christus
2008 1736 2125 1790 per-

543 1824 708 1886 bibet,
742 1837 861 1875 non
907 1818 1149 1873 fiduciam
1196 1831 1357 1882 super
1384 1814 1598 1884 angelos
1627 1812 1911 1867 habuerit?
1941 1803 2124 1880 Magna

542 1912 699 1981 igitur
742 1925 830 1965 res
870 1909 1226 1978 eleemosyna,
1258 1906 1467 1961 fratres.
1519 1892 1667 1959 Hanc
1705 1904 2122 1973 amplectamur,

541 2002 627 2056 cui
667 2001 798 2054 nihil
841 1999 1290 2069 a-qualezpotens
1335 2005 1416 2050 est
1463 1996 1604 2049 enim
1651 2006 1863 2064 peccata
1904 1996 2007 2048 alia
2033 1994 2127 2049 de-

542 2095 695 2158 lere,
735 2092 1095 2161 judiciumque
1145 2089 1455 2159 propulsare
1498 2104 1513 2140 :
1561 2096 1612 2141 te
1665 2094 1871 2140 tacente
1920 2094 2024 2139 stat
2071 2096 2127 2140 et

543 2185 940 2253 patrocinatur;
973 2181 1082 2235 imo
1128 2194 1255 2233 vero
1319 2188 1372 2232 te
1434 2186 1640 2233 tacente
1707 2178 1981 2230 innumera
2029 2190 2122 2231 ora

544 2287 639 2341 pro
686 2282 739 2325 te
778 2271 973 2340 gratias
1001 2268 1248 2323 reddunt.
1293 2266 1394 2321 Tot
1430 2286 1497 2325 ex
1529 2266 1866 2337 eleemosyna
1916 2265 2125 2334 proficio

540 2371 759 2414 senatur
787 2360 943 2420 bona,
992 2366 1044 2413 et
1094 2358 1190 2427 ipsi
1223 2357 1535 2426 pigritamur
1562 2364 1616 2410 et
1658 2356 2007 2409 concidimus.
2049 2355 2123 2408 Da

540 2465 729 2521 panem
779 2464 871 2518 pro
914 2448 1247 2503 facultatibus
1280 2447 1382 2501 tuis
1414 2463 1426 2499 :
1459 2461 1560 2499 non
1604 2444 1767 2498 habes
1807 2446 2032 2513 panem?
2058 2444 2124 2499 da

542 2543 755 2597 obolum
787 2560 800 2593 :
828 2556 932 2593 non
960 2540 1124 2595 habes
1144 2539 1401 2593 obolum?
1429 2538 1493 2591 da
1517 2539 1601 2591 vel
1630 2538 1829 2607 frigida:
1853 2551 2003 2606 aqua:
2030 2551 2123 2590 ea-

541 2632 743 2687 lieem:
793 2631 936 2698 atqui
992 2643 1167 2698 neque
1218 2628 1269 2681 id
1315 2627 1624 2681 babes?vel
1671 2627 1822 2680 malis
1868 2641 2123 2696 Oppresso

543 2730 865 2790 competere,
912 2730 1070 2787 atque
1113 2732 1400 2787 appenSam
1449 2717 1747 2771 mercedem
1795 2716 1976 2769 habes.
2008 2714 2123 2770 Non

539 2812 683 2867 enim
698 2810 1044 2872 necessitatis,
1064 2808 1155 2863 sed
1183 2808 1488 2862 intentionis
1512 2816 1595 2861 est
1621 2795 1845 2861 merces.
1871 2806 1974 2863 Sed
2001 2822 2124 2861 ecce

541 2905 667 2959 dum
698 2904 764 2957 de
792 2902 877 2956 his
899 2900 1230 2963 disserimus,
1262 2899 1524 2969 virginum
1552 2913 1675 2951 cura
1709 2900 1860 2952 nobis
1886 2898 2083 2953 excidit
2106 2914 2120 2963 ;

541 3010 638 3065 age
662 3009 789 3063 ergo
815 2993 883 3047 ad
909 2995 1235 3061 propositum
1277 2990 1575 3046 redeamus.
1610 2989 1740 3044 Date
1782 2990 1923 3043 nobis
1955 2991 2123 3043 oleum
2160 2982 2167 2985 ’

545 3088 612 3139 de
647 3085 777 3139 vasis
805 3084 999 3137 vestris.
1028 3082 1145 3137 Non
1196 3096 1477 3151 possumus
1523 3082 1673 3135 Vobis
1701 3081 1850 3145 dare,
1881 3079 1963 3134 Ne
1991 3084 2123 3152 forte

541 3184 641 3230 non
678 3175 886 3244 sufﬁciat
928 3173 1067 3227 nobis
1091 3183 1135 3227 et
1176 3173 1333 3235 vobis,
1362 3173 1449 3227 sed
1478 3183 1646 3226 euntes
1675 3174 1819 3224 emite
1842 3189 1875 3224 a
1904 3172 2121 3225 venden-

543 3264 693 3317 tibus.
737 3263 1042 3316 Abeuntibus
1089 3272 1257 3315 autem
1307 3262 1449 3329 ipsis,
1499 3262 1626 3314 venit
1662 3276 1894 3330 sponsus,
1923 3270 1970 3313 et
2015 3276 2128 3329 quae

544 3351 788 3417 habebant
827 3352 1087 3421 tantpades
1123 3352 1441 3421 splendidas,
1477 3351 1784 3403 intraverunt
1820 3368 1935 3404 eum
1964 3368 2039 3415 eo,
2080 3362 2125 3405 et

543 3442 714 3496 clausa
738 3451 809 3495 est
829 3442 995 3512 janua
1023 3440 1232 3493 thalami
1262 3439 1469 3512 (Matth.
1501 3439 1591 3495 25.
1619 3439 1733 3509 £0).
1759 3440 2001 3510 Quinque
2025 3457 2124 3495 au-

544 3545 651 3589 tem
681 3533 836 3588 fatuae
862 3533 1176 3587 accedentes
1199 3530 1415 3601 januam
1446 3530 1661 3585 thalami
1706 3533 1986 3601 pulsabant
2014 3533 2124 3585 cla-

546 3635 756 3680 mantes
783 3638 798 3681 :
831 3624 978 3689 Aperi
1010 3623 1149 3675 nobis
1178 3620 1286 3692 (Ib.
1315 3638 1363 3675 ι’.
1398 3621 1512 3689 ﬂ).
1557 3608 1673 3675 Vox
1718 3631 1893 3677 autem
1942 3622 2124 3691 sponsi

545 3714 615 3769 ah
662 3715 796 3767 intra
839 3713 905 3766 ad
932 3729 1022 3767 eas
1057 3731 1068 3765 :
1102 3710 1334 3766 Recedt'te
1359 3728 1392 3765 a
1432 3728 1530 3776 me,
1559 3712 1724 3765 nescio
1770 3730 1855 3766 vos
1885 3711 2043 3783 (Ibid.
2074 3728 2122 3767 υ.

547 3804 659 3875 ﬁ).
709 3804 776 3858 Et
817 3814 933 3872 post
962 3813 1140 3858 tantos
1183 3805 1392 3859 labores
1426 3804 1552 3873 quid
1594 3804 1914 3859 audierunt?
1942 3804 2126 3858 Nescio

544 3911 652 3950 eos.
708 3896 759 3949 Id
788 3907 869 3949 eat
912 3896 1049 3965 quod
1101 3896 1233 3960 dixi,
1284 3896 1477 3951 frustra
1502 3906 1554 3951 et
1585 3896 1851 3951 incassum
1882 3912 2125 3966 magnam

546 3985 861 4054 virginitatis
917 3988 1301 4055 possessionem
1357 3988 1728 4056 possederunt.
1767 3989 1946 4058 Cogita
1995 4002 2128 4057 quo-'-

552 4078 711 4132 modo
768 4086 886 4145 post
950 4086 1024 4130 tot
1089 4078 1297 4130 labores
1348 4078 1576 4131 exclusa:
1631 4090 1786 4143 sunt,
1848 4087 2124 4147 postquam

554 4168 823 4221 frenarent
867 4167 1299 4220 incontinentiam
1326 4207 1339 4228 ,
1385 4180 1661 4235 p05tquant
1710 4168 1956 4236 supernis
2004 4182 2127 4220 cum

557 4256 843 4310 Virtutibus
867 4265 1135 4309 certamen
1166 4255 1479 4321 habuerant,
1529 4265 1803 4327 postquam
1852 4256 1972 4310 vitae
2026 4256 2126 4309 htt-

547 4348 633 4417 jus
686 4364 772 4401 res
826 4356 1151 4418 spreverant,
1202 4340 1476 4416 postquam
1534 4357 1722 4402 aestum
1777 4349 2129 4404 toleraverant

556 4452 820 4506 maguum,
852 4448 1125 4506 postquam
1166 4449 1312 4507 septa
1341 4439 1714 4505 transilicrant,
1755 4449 2033 4510 postquam
2063 4441 2130 4494 de

555 4538 692 4581 terra
733 4526 799 4580 ad
841 4526 1024 4581 cazlum
1070 4528 1428 4592 evolaverant,
1476 4538 1750 4598 postquam
1797 4531 2036 4599 corporis
2061 4532 2132 4583 si-

550 4617 832 4685 gnaculum
889 4633 994 4670 non
1051 4617 1357 4681 solverant,
1408 4633 1471 4673 ac
1526 4635 1771 4687 magnum
1819 4620 2132 4691 virginitatis

552 4706 818 4774 specimen
850 4707 1258 4776 acquisiverant,
1284 4718 1559 4777 postquam
1588 4719 1855 4765 certamen
1883 4727 2001 4765 cum
2032 4728 2131 4765 an-

554 4798 683 4866 gelis
713 4798 959 4863 inierant,
1007 4808 1281 4867 postquam
1312 4801 1560 4873 corporis
1596 4800 1937 4857 neceSsitates
1976 4817 2133 4871 supe-

555 4898 825 4948 raverant.
858 4899 1130 4957 postquam
1165 4901 1363 4942 naturre
1389 4892 1567 4945 oblitae
1598 4890 1822 4953 fuerant,
1853 4902 2134 4961 postquam

555 4978 608 5031 in
640 4992 884 5046 corpore,
928 4994 1045 5046 quae
1092 4980 1524 5047 incorporeorum
1574 4990 1716 5047 sunt,
1771 4984 2134 5050 perfecerant,

558 5081 834 5139 postquam
864 5086 1109 5141 magnum
1136 5082 1295 5140 atque
1323 5073 1574 5128 invictum
1597 5076 1910 5143 virginitatis
1938 5076 2135 5129 bonum

558 5163 922 5230 possederant,
971 5173 1092 5219 tunc
1135 5165 1459 5219 audierunt:
1494 5166 1727 5221 Recedite
1758 5184 1789 5220 a
1832 5184 1930 5233 me,
1972 5170 2136 5222 nescio

558 5270 661 5307 eos.
694 5253 877 5323 Neque
896 5257 1034 5309 enim
1067 5257 1194 5310 mihi
1219 5258 1603 5312 existimaveris
1631 5261 1885 5313 tautillam
1918 5260 2134 5330 virgini-

560 5344 681 5399 tatis
706 5358 828 5399 esse
858 5346 1268 5415 magnitudinem
1298 5363 1313 5401 :
1346 5348 1463 5404 talis
1484 5350 1625 5404 enim
1651 5351 1921 5419 virginitas
1946 5363 2044 5414 est,
2082 5359 2136 5403 ut

560 5452 675 5491 cam
708 5437 939 5505 potuerit
981 5452 1137 5491 nemo
1181 5450 1417 5494 veterum
1464 5455 1803 5495 conservare.
1853 5442 2137 5511 Propterea

560 5526 702 5580 enim
732 5528 899 5596 gratia
951 5529 1327 5599 magna,un
1374 5545 1494 5600 qute
1544 5533 1816 5587 tremenda
1868 5532 2138 5601 prophetis

563 5614 779 5671 fuerunt
823 5628 875 5674 et
922 5619 1220 5685 veteribus,
1269 5620 1454 5676 eadem
1500 5636 1639 5677 nunc
1688 5619 1853 5677 faciiia
1902 5621 2139 5693 levisque

1294 254 1350 311 S.
1390 252 1666 311 JOANNIS
1703 252 2173 310 ειιῐιῖεοετοδιι
2212 252 2532 309 AliClllEP.
2564 250 3098 311 CONSTANTINUP.

3628 150 3655 169 ο

3702 263 3811 320 996

2214 366 2616 418 existimantur.
2666 368 2918 433 Qumnam
2964 367 3107 419 enim
3151 365 3359 423 fuerant
3400 373 3711 439 gravissima
3757 387 3815 430 et

2227 454 2498 509 violenta?
2528 454 2825 524 Virginitas,
2856 457 3143 525 mortisque
3163 457 3481 527 despectus;
3510 472 3564 516 at
3583 477 3645 517 ea
3674 480 3819 519 nunc

2226 545 2306 597 vel
2336 556 2530 598 tenera:
2575 546 2761 612 puella:
2806 547 2949 613 parvi
2989 546 3243 615 pendunt.
3277 549 3428 604 Adeo
3455 552 3597 606 enim
3634 556 3818 623 gravis

2229 643 2345 688 erat
2370 635 2681 703 virginitatis
2723 636 3009 703 possessio,
3056 646 3114 690 ut
3158 638 3255 692 hac
3280 654 3340 693 se
3369 656 3527 693 nemo
3570 652 3816 699 veterum

2226 724 2494 793 religaret.
2514 722 2624 777 Noe
2649 724 2827 792 justus
2850 736 2984 787 erat,
3002 734 3056 779 et
3080 740 3110 779 a
3141 726 3251 782 Deo
3272 730 3630 785 testimonium
3658 748 3815 788 acce-

2229 814 2323 883 pit,
2354 814 2447 867 sed
2475 812 2680 867 nmlicri
2709 815 2931 869 adhazsit
2959 833 2974 871 :
3001 817 3244 871 similiter
3267 818 3533 875 Abraham
3562 834 3618 875 et
3643 821 3809 890 Isaae,

2229 905 2467 974 ejusdem
2513 919 2575 958 ac
2624 903 2711 957 ille
2753 907 3119 974 promissionis
3163 908 3408 976 heredes,
3439 924 3560 963 cum
3591 912 3814 968 muliere

2227 994 2665 1049 Consuetudinem
2695 994 3007 1050 habuerant.
3034 996 3233 1065 Joseph
3260 1008 3440 1053 castus
3471 1000 3710 1056 adulterii
3734 1001 3813 1056 fa-
3900 1042 3905 1049 .

2226 1087 2379 1141 ciuus
2422 1102 2482 1142 se
2509 1097 2831 1155 patraturum
2859 1090 3066 1157 negavit
3096 1088 3245 1160 (Gen.
3288 1088 3403 1161 59),
3454 1092 3547 1145 sed
3574 1092 3658 1147 hic
3687 1110 3811 1148 eum

2228 1179 2449 1233 muliere
2486 1180 2919 1234 censuctndinetu
2970 1182 3151 1233 habuit
3183 1200 3196 1235 :
3228 1185 3409 1251 gravis
3454 1185 3650 1239 etenim
3698 1195 3813 1241 erat

2228 1268 2547 1337 virginitatis
2574 1269 2853 1337 professio.
2886 1268 2962 1323 Ex
3007 1286 3071 1323 eo
3103 1277 3341 1339 tempore
3372 1274 3521 1325 tirma
3568 1272 3702 1330 facta
3730 1283 3815 1331 ess

2228 1359 2520 1428 virginitas,
2561 1374 2625 1412 ex
2653 1373 2760 1428 quo
2793 1357 2909 1413 .fios
2939 1358 3255 1428 virginitatis
3283 1364 3613 1432 germinavit.
3645 1363 3817 1419 Nemo

2230 1448 2389 1517 igitur
2412 1459 2647 1503 veterum
2674 1460 2877 1517 poterat
2901 1450 3251 1518 virginitatem
3279 1466 3493 1506 servare
3522 1471 3535 1505 :
3565 1468 3817 1523 magnum

2228 1539 2426 1592 etenim
2454 1548 2536 1592 est
2561 1553 2753 1607 corpus
2775 1538 3004 1594 frenare.
3042 1540 3200 1610 Pinge
3228 1541 3355 1595 mihi
3382 1558 3627 1597 sermone
3656 1544 3820 1614 virgi-

2229 1631 2408 1685 nitatis
2437 1631 2742 1699 specimen;
2773 1638 2935 1701 atque
2958 1632 3171 1685 virtutis
3192 1634 3603 1702 magnitudinem
3625 1635 3773 1691 disce
3796 1654 3813 1690 :

2228 1721 2370 1792 quod
2418 1722 2613 1777 bellum
2643 1722 2835 1777 habeat
2862 1722 3095 1792 quotidie
3141 1724 3441 1778 nullatenus
3469 1725 3815 1791 sedandum,

2230 1814 2343 1883 ipso
2362 1814 2635 1868 barbarico
2654 1813 2794 1867 bello
2811 1813 3063 1868 deterius.
3093 1813 3225 1869 Nam
3249 1815 3595 1870 barbarorum
3616 1816 3817 1873 bellum

2229 1904 2314 1956 vel
2343 1913 2547 1971 tempus
2582 1903 2774 1973 quietis
2806 1903 2980 1969 habet,
3010 1919 3129 1958 eum
3160 1900 3533 1973 paciscuntur;
3562 1915 3615 1961 et
3643 1922 3816 1976 quan-

2228 1992 2403 2062 doque
2441 1995 2653 2062 quidem
2706 2005 2956 2065 pugnant,
2999 1996 3311 2064 quamloque
3343 2012 3486 2062 non;
3518 2008 3573 2052 et
3601 2000 3819 2052 ordines

2228 2094 2281 2139 et
2305 2093 2496 2138 statuta
2545 2096 2784 2155 tempora
2813 2097 2937 2141 sunt
2967 2103 2979 2138 :
3013 2088 3135 2141 belli
3186 2101 3311 2141 vero
3357 2104 3477 2141 cum
3517 2089 3819 2157 virginitate

2226 2178 2357 2244 gesti
2403 2176 2550 2231 nulla
2592 2177 2747 2251 datur
2791 2178 2961 2245 quies.
2996 2177 3242 2232 Diabolus
3288 2187 3371 2231 est
3413 2180 3555 2233 enim
3604 2194 3821 2248 semper

2228 2266 2423 2321 bellum
2453 2267 2704 2332 inferens,
2732 2269 2821 2338 qui
2851 2269 3102 2337 temporis
3130 2268 3554 2322 observationem
3586 2284 3693 2322 non
3723 2286 3820 2323 no-

2226 2360 2321 2422 vit,
2355 2374 2459 2412 non
2504 2368 2709 2427 tempus
2751 2367 3025 2428 exspectat
3050 2359 3116 2412 ad
3146 2359 3469 2422 conﬂictum,
3506 2359 3599 2413 sed
3628 2360 3819 2427 qumrit

2228 2464 2438 2517 semper
2465 2450 2718 2517 virginem
2750 2451 2942 2503 nudam
2975 2449 3243 2511 invenire,
3273 2464 3377 2517 quo
3420 2452 3645 2503 mortale
3674 2451 3817 2504 inﬂi-

2225 2550 2315 2609 gat
2343 2540 2564 2598 vulnus;
2595 2554 2767 2609 neque
2790 2539 2857 2593 ab
2879 2538 2979 2593 hoc
2998 2539 3136 2593 bello
3164 2554 3411 2607 umquam
3432 2539 3581 2609 virgo
3606 2554 3819 2594 cessare

2230 2638 2426 2699 potest,
2458 2629 2551 2683 sed
2580 2630 2629 2682 in
2660 2643 2719 2684 se
2748 2629 3029 2682 tumultum
3057 2630 3367 2698 hostemque
3396 2630 3727 2698 circumagit.
3752 2628 3819 2693 Et

2226 2719 2457 2793 damnati
2488 2719 2699 2789 quidem
2728 2718 2936 2773 etiamsi
2960 2719 3026 2772 ad
3060 2729 3267 2788 tempus
3308 2718 3539 2788 judicem
3583 2718 3814 2782 videant,

2228 2827 2333 2866 non
2366 2811 2578 2880 paribus
2621 2819 2797 2863 tamen
2844 2810 3102 2865 molestiis
3148 2820 3494 2876 premuntur;
3542 2809 3691 2879 virgo
3718 2825 3815 2863 au-

2233 2913 2339 2959 tem
2367 2918 2699 2972 quocumque
2725 2903 2936 2967 abierit,
2960 2912 3013 2956 et
3029 2902 3261 2969 judicem
3283 2903 3592 2972 circumagit
3610 2917 3815 2968 secum,

2226 3006 2280 3051 et
2306 2996 2509 3050 lmstem
2537 3009 2715 3050 secum
2745 3003 2937 3063 portat,
2968 2994 3058 3063 qui
3105 3009 3277 3063 neque
3304 2994 3513 3064 vesperi
3558 2994 3814 3063 pemiittit

2226 3088 2513 3156 respirare,
2558 3100 2662 3140 non
2691 3095 2867 3149 nocte,
2892 3101 2999 3139 non
3028 3084 3281 3150 diluculo,
3314 3100 3419 3137 non
3452 3084 3692 3149 meridie,
3724 3083 3818 3140 sed

2226 3179 2423 3233 bellum
2447 3178 2585 3250 gerit
2605 3192 2835 3245 semper,
2861 3176 3285 3243 voluptatemque
3304 3175 3585 3239 submittit,
3610 3176 3817 3244 nuptias

2228 3268 2281 3322 in
2306 3267 2616 3322 memoriam
2644 3265 2934 3330 adducens,
2962 3280 3069 3335 quo
3106 3265 3351 3319 virtutem
3377 3266 3640 3326 excludat,
3669 3265 3815 3318 mali.

2230 3358 2461 3426 tiamque
2492 3356 2543 3410 in
2573 3372 2634 3410 ea
2658 3364 2895 3425 generet,
2941 3356 3320 3409 continentiam
3350 3356 3601 3422 expellat,
3649 3354 3812 3408 forni-

2229 3447 2491 3502 cationem
2521 3449 2708 3502 infeiat
2739 3463 2754 3500 :
2782 3446 3083 3502 incenditur
3106 3447 3330 3515 singulis
3355 3446 3501 3500 boris
3527 3447 3809 3517 voluptatis

2228 3541 2411 3595 fornax
2439 3542 2670 3595 suaviter
2695 3554 2975 3596 succensa.
3020 3540 3203 3609 Cogita
3238 3548 3468 3608 quantus
3498 3541 3617 3594 talis
3658 3539 3816 3594 oftieii

2230 3631 2377 3684 labor
2401 3634 2486 3683 sit.
2531 3631 2600 3685 At
2627 3630 2732 3684 illa:
2771 3638 2891 3699 post
2929 3630 3043 3685 haec
3071 3629 3245 3684 omnia
3272 3629 3585 3683 audiverunt
3614 3644 3630 3684 :
3660 3628 3818 3683 Rece-

2229 3724 2333 3777 dite
2362 3740 2392 3775 α
2412 3739 2509 3787 me,
2553 3723 2719 3776 nescio
2755 3739 2860 3776 ros.
2899 3722 3027 3777 Vide
3054 3738 3213 3791 quam
3242 3736 3426 3791 magna
3457 3736 3544 3776 res
3568 3721 3635 3774 sit
3658 3722 3821 3791 virgi-

2231 3816 2404 3879 nitas;
2452 3829 2571 3868 eum
2617 3828 2859 3868 sororem
2902 3812 3146 3867 habuerit
3176 3812 3590 3882 eleemosynam,
3621 3813 3671 3864 in
3699 3826 3819 3865 eam

2232 3905 2373 3960 nulla
2420 3904 2639 3959 adversa
2669 3913 2933 3972 poterunt,
2970 3903 3063 3959 sed
3107 3903 3352 3957 omnibus
3397 3903 3643 3971 superior
3671 3903 3813 3956 erit:

2233 4002 2511 4064 propterea
2538 4011 2640 4049 non
2673 3994 3021 4048 introiverunt
3048 3993 3169 4056 illm,
3199 3992 3337 4062 quod
3367 4006 3488 4045 eum
3517 3991 3818 4061 virginitate

2233 4086 2627 4154 elecmosynam
2660 4101 2761 4137 non
2794 4084 3092 4138 habuerint.
3135 4082 3301 4136 Multo
3336 4083 3530 4136 rubore
3552 4082 3706 4151 digna
3732 4096 3817 4135 res

2232 4184 2315 4229 est
2341 4192 2355 4229 :
2390 4175 2709 4242 voluptatem
2730 4189 2848 4228 cum
2876 4173 3215 4231 debellasses.
3242 4174 3515 4241 pecuniam
3539 4190 3641 4226 non
3666 4188 3820 4241 spre-

2234 4268 2393 4333 visti;
2426 4267 2519 4321 sed
2543 4268 2689 4337 virgo
2718 4283 2834 4336 quae
2862 4267 2981 4320 vita:
3014 4268 3345 4333 renuntiasti,
3378 4266 3626 4321 crueifixa
3660 4281 3817 4335 pecu-

2236 4358 2376 4421 niam
2405 4373 2572 4410 amas.
2605 4357 2812 4411 Utinam
2845 4357 3012 4410 virum
3043 4357 3428 4421 desiderasses,
3459 4367 3615 4425 atque
3645 4358 3817 4411 minus

2235 4448 2623 4502 criminandum
2671 4447 2841 4501 fuerat
2873 4465 2885 4501 :
2920 4463 3039 4501 nam
3086 4447 3321 4515 rjualem
3365 4448 3674 4501 substantia:
3702 4462 3817 4501 rem

2234 4555 2298 4594 ac
2340 4542 2610 4595 materiam
2641 4541 3039 4605 desiderasses;
3067 4541 3174 4607 jam
3208 4556 3333 4593 vero
3380 4540 3549 4609 majus
3594 4550 3674 4593 est
3714 4541 3819 4594 cri-

2235 4648 2382 4697 men,
2431 4632 2569 4700 quod
2617 4632 2887 4684 materiam
2937 4631 3162 4684 alienam
3207 4631 3612 4685 desideraveris.
3647 4631 3816 4696 Esto,

2235 4740 2353 4792 quae
2379 4725 2477 4777 sub
2504 4724 2615 4776 viro
2661 4736 2782 4776 sunt
2810 4725 3064 4777 srevitiam
3098 4726 3235 4776 male
3260 4724 3545 4776 ostendunt
3591 4722 3815 4777 ﬁliorum

2238 4822 2491 4883 praetextu
2517 4831 2531 4868 :
2557 4813 2696 4883 quod
2721 4815 2763 4869 si
2789 4814 2837 4868 ei
2859 4814 3077 4873 dixeris.
3100 4813 3170 4866 Da
3198 4814 3607 4883 eleemosyuam,
3634 4812 3816 4875 Filios,

2240 4908 2427 4975 inquit,
2459 4910 2648 4971 habeo,
2682 4918 2733 4960 et
2764 4921 2987 4974 nequeo.
3036 4906 3173 4959 Deus
3217 4905 3350 4959 ﬁlios
3382 4906 3471 4959 tibi
3512 4905 3675 4967 dedit.
3709 4906 3817 4960 fru-

2238 5010 2380 5050 t'iillll
2429 5000 2627 5051 ventris
2679 4997 2948 5065 accepisti,
2997 5012 3101 5050 non
3142 5014 3247 5067 quo
3288 5013 3449 5063 satia,
3484 4997 3574 5052 sed
3602 5012 3709 5067 quo
3738 4997 3820 5067 pia

2241 5088 2646 5156 misericorsque
2676 5090 2789 5140 tias.
2822 5087 2900 5142 Ne
2930 5088 3085 5157 igitur
3101 5102 3310 5141 causam
3339 5088 3635 5141 clementiae
3659 5089 3827 5157 pieta-

2244 5178 2410 5245 lisque
2441 5180 2654 5231 SﬂNilitie
2683 5192 2895 5231 causam
2927 5178 3133 5231 feceris.
3166 5179 3326 5247 Cupis
3354 5178 3698 5233 hereditatem
3733 5179 3817 5232 bo~

2244 5285 2363 5322 nam
2390 5270 2506 5323 liliis
2531 5270 2631 5323 tuis
2659 5268 2996 5338 relinquere?
3023 5270 3409 5340 eleetnosynam
3438 5269 3696 5337 relinque,
3720 5285 3821 5338 quo

2246 5371 2295 5414 te
2324 5375 2511 5413 omnes
2552 5359 2793 5414 laudibus
2836 5358 3079 5423 eti'erant,
3108 5359 3481 5429 celebremque
3507 5362 3580 5414 tui
3622 5375 3820 5413 memo-

2244 5452 2374 5506 riam
2397 5451 2686 5519 relinquas.
2708 5450 2789 5504 Tu
2815 5464 2942 5504 vero
2966 5464 3069 5504 non
3092 5450 3293 5504 habens
3319 5450 3475 5516 tilios,
3509 5452 3603 5503 sed
3626 5447 3820 5504 mendo

2245 5540 2516 5609 crucifixa,
2563 5541 2685 5612 quid
2718 5542 2966 5610 pecunias
2992 5542 3320 5612 congregas?
