4190 6322
366 426 470 479 297

433 545 492 597 4.
519 540 841 596 Ρωηὶιεηήιε
867 540 959 594 viae
979 539 1148 601 varia’,
1184 552 1374 607 preces,
1406 535 1645 602 lact-gina:
1664 532 1835 600 (a).—
1853 529 1959 583 Sed

360 633 521 687 vivus
548 631 707 684 nobis
755 645 934 684 sermo
965 638 1046 682 est
1086 636 1139 681 et
1184 628 1323 680 circa
1367 624 1692 692 pcenitentia:
1722 630 1775 674 et
1820 622 1961 674 circa

362 725 724 793 eleemosynte
776 722 934 775 viam.
996 720 1237 789 Diximus
1284 719 1678 783 eleemosynam
1715 725 1961 780 magnam

367 814 766 884 possessionem
785 811 803 843 ³
823 828 836 865 :
858 812 980 864 inde
1005 809 1239 876 suscepit
1264 820 1364 861 nos
1380 803 1694 873 virginitatis
1724 803 1959 871 pelagus.

365 907 543 963 Habes
593 898 753 975 igitur
804 902 1171 973 pmnitentiam
1224 897 1566 967 principalem
1614 905 1669 948 et
1710 908 1961 960 magnam

368 1000 793 1067 clecmosyuam,
823 997 1089 1048 valentem
1124 989 1323 1058 peccati
1354 999 1594 1041 catenam
1625 982 1919 1037 dissolvere
1944 997 1958 1032 :

368 1090 535 1143 habes
582 1097 634 1143 ct
680 1088 818 1140 viam
865 1086 1021 1137 aliam
1068 1081 1395 1151 paenitentia:
1437 1089 1812 1147 opportunam,
1858 1088 1961 1141 qua

368 1180 569 1247 poteris
599 1194 625 1229 a
662 1177 893 1244 peccatis
923 1183 975 1227 te
1002 1172 1291 1245 vindicare.
1336 1169 1441 1223 Ora
1473 1183 1569 1238 per
1592 1165 1829 1231 singulas
1869 1163 1963 1216 bo-

366 1285 477 1335 ras,
510 1284 684 1338 neque
732 1282 892 1320 orans
920 1263 1137 1319 deficias
1165 1278 1338 1329 neque
1382 1260 1712 1329 negligenter
1738 1256 1829 1309 Dei
1859 1255 1968 1307 cle-

365 1361 624 1415 mentiam
648 1359 874 1426 implora
897 1374 911 1419 ;
946 1371 1050 1408 non
1071 1354 1295 1422 repellet
1317 1361 1370 1405 te
1395 1356 1845 1419 perseverantem,
1871 1343 1965 1398 sed

367 1459 585 1518 peccata
613 1448 863 1511 dimittet,
901 1454 954 1498 et
980 1446 1139 1514 petita
1168 1441 1445 1496 concedet.
1478 1439 1649 1493 Orans
1678 1434 1891 1505 quidem
1918 1434 1963 1487 si

367 1538 654 1592 exauditus
679 1538 863 1598 fueris,
895 1549 1151 1604 permane
1177 1533 1373 1601 gratias
1401 1544 1560 1598 agens
1590 1529 1643 1581 in
1684 1527 1925 1582 oratione
1950 1539 1964 1575 :

368 1644 474 1683 nan
501 1628 803 1690 exauditus,
845 1640 999 1679 mane
1044 1639 1202 1678 orans
1241 1635 1291 1675 ut
1326 1620 1645 1675 exaudiaris.
1678 1618 1859 1686 Neque
1887 1615 1968 1669 di-

368 1719 536 1783 xeris,
588 1718 815 1771 multum
864 1716 1031 1780 oravi,
1082 1722 1240 1782 atque
1286 1711 1426 1764 haud
1469 1709 1749 1764 exauditus
1799 1720 1965 1758 sum:

371 1808 573 1862 etenim
607 1807 691 1859 vel
742 1806 796 1860 id
840 1822 983 1875 sa-pe
1030 1814 1131 1857 tua:
1178 1802 1418 1855 utilitatis
1466 1798 1524 1853 fit
1567 1799 1756 1868 gratia.
1813 1795 1970 1849 Novit

366 1899 511 1952 enim
541 1897 683 1966 quod
724 1899 871 1965 piger
901 1897 994 1956 sis,
1024 1906 1079 1949 et
1108 1894 1286 1947 animo
1313 1892 1530 1946 deﬁcias
1555 1907 1568 1955 ;
1597 1900 1649 1943 et
1678 1890 1721 1943 si
1747 1902 1969 1956 compos

366 1992 477 2043 voti
523 1989 709 2055 fueris,
743 1991 903 2041 abeas
932 1987 1177 2039 oratione
1219 1984 1437 2038 dimissa
1471 2000 1484 2034 :
1514 1990 1567 2034 et
1595 1995 1693 2048 per
1719 1978 1959 2031 occasio-

369 2096 491 2133 nem
522 2079 863 2132 necessitatis
903 2077 1076 2130 difl'ert
1111 2085 1183 2142 te,
1217 2073 1324 2143 quo
1368 2072 1609 2127 crebrius
1641 2070 1805 2123 Deum
1833 2068 1970 2121 allo-

370 2170 574 2239 quaris,
603 2168 938 2236 orationique
986 2181 1163 2219 vaces.
1210 2163 1341 2217 Nam
1382 2163 1423 2215 si
1455 2176 1515 2215 ea
1562 2162 1612 2214 in
1657 2159 1973 2213 necessitate

373 2262 663 2323 exsistens,
714 2268 876 2326 atque
923 2257 1165 2324 indigens
1211 2254 1497 2324 pigritaris,
1531 2266 1702 2318 neque
1744 2248 1974 2303 orationi

378 2351 585 2404 insistis
618 2368 629 2401 :
663 2349 916 2416 quidnam
945 2349 1140 2416 egeris.
1173 2346 1361 2399 borum
1389 2345 1432 2397 si
1466 2343 1611 2396 nullo
1641 2339 1973 2409 indigneris?

372 2440 559 2508 itaque
591 2438 640 2493 id
676 2439 765 2491 tibi
814 2438 935 2490 facit
965 2436 1031 2489 ad
1062 2436 1343 2489 utilitatem
1378 2444 1541 2494 tuam,
1575 2430 1764 2484 nolens
1795 2440 1846 2483 te
1875 2429 1973 2483 ab-

370 2529 566 2581 sistere
590 2528 657 2581 ab
682 2528 942 2581 oratione.
973 2526 1127 2579 Mane
1154 2539 1282 2593 ergo
1308 2534 1361 2577 ct
1388 2538 1504 2587 ora,
1536 2522 1753 2599 dilecte,
1802 2535 1974 2587 neque

370 2619 555 2687 segnis
586 2627 702 2670 esto
735 2635 747 2669 :
781 2617 1003 2670 multum
1036 2616 1178 2669 enim
1206 2615 1379 2667 oratio
1412 2622 1605 2681 potest,
1637 2626 1809 2679 neque
1837 2621 1975 2663 tam-

373 2726 537 2777 quam
584 2725 696 2763 rcm
725 2725 939 2777 parvam
985 2707 1319 2775 aggrediens,
1362 2704 1586 2758 oratiOni
1617 2718 1788 2755 vaces.
1821 2700 1974 2766 Quod

372 2812 554 2854 autem
621 2801 793 2852 oratio
851 2811 1127 2868 peccatum
1194 2796 1467 2862 dimittat,
1526 2796 1603 2848 vel
1660 2810 1723 2847 ex
1782 2794 1976 2846 divinis

374 2892 673 2957 evangeliis
728 2892 874 2944 disce
930 2909 942 2943 :
994 2889 1121 2959 quid
1186 2890 1328 2943 enim
1397 2886 1608 2953 inquit?
1661 2876 1844 2937 Simile
1894 2891 1978 2937 est

379 2997 605 3051 regnum
643 2981 895 3035 (sclorum
939 2980 1174 3040 homini.
1232 2978 1321 3047 qui
1369 2992 1519 3029 suam
1588 2976 1798 3041 ianuam
1826 2975 1977 3028 clau-

377 3074 470 3134 sit,
502 3080 558 3126 et
611 3072 850 3125 recubuit
900 3088 1021 3125 cum
1078 3070 1199 3123 filiis
1255 3068 1579 3123 suis:veuit
1636 3077 1812 3119 autem
1855 3064 1977 3132 qui-

376 3164 501 3216 dam
544 3178 781 3230 vespere,
811 3165 1052 3232 accipere
1091 3163 1276 3215 volens
1317 3161 1384 3213 ab
1429 3176 1493 3214 eo
1539 3174 1733 3228 panes,
1760 3166 1812 3210 et
1861 3155 1978 3224 pul-

380 3262 467 3307 sat
512 3253 700 3307 dicens
728 3270 741 3304 :
773 3254 933 3320 Aperi
982 3270 1011 3303 ιι
1039 3251 1108 3304 ilti
1131 3293 1145 3317 ,
1179 3252 1429 3318 quoniam
1477 3250 1711 3316 indigeo.
1735 3248 1976 3315 panibus.

381 3344 484 3399 Hic
502 3342 568 3396 ad
594 3358 715 3397 eum
742 3360 755 3395 :
785 3343 902 3396 Non
930 3358 1145 3410 possum
1168 3342 1295 3394 dare
1321 3340 1411 3392 tibi
1438 3358 1450 3391 :
1476 3340 1817 3401 recubuintus
1839 3338 1980 3389 enim

380 3443 440 3489 et
482 3449 581 3488 nos
611 3444 666 3488 et
698 3434 847 3503 pueri
888 3435 1075 3485 nostri.
1110 3435 1178 3484 At
1221 3431 1307 3484 ille
1338 3430 1727 3499 aperseverabat
1766 3434 1981 3496 jauuam

384 3524 625 3593 pulsans.
653 3523 719 3577 Et
742 3524 817 3576 ait
844 3537 1027 3576 rursus
1048 3520 1114 3574 ad
1135 3535 1255 3574 eum
1281 3537 1294 3572 :
1327 3518 1437 3572 Non
1470 3532 1680 3586 possunt
1705 3518 1795 3570 tibi
1822 3515 1979 3571 dare:

387 3616 731 3670 recubuimus
776 3615 919 3669 enim
948 3622 1002 3668 et
1037 3627 1134 3666 nos
1160 3620 1215 3665 et
1252 3611 1395 3680 pueri
1435 3609 1623 3664 nostri.
1668 3607 1759 3662 llle
1805 3618 1981 3660 autem

389 3709 473 3761 his
494 3705 692 3760 auditis
720 3704 1001 3760 insiStebat
1029 3702 1264 3767 pulsans,
1287 3715 1458 3771 neque
1486 3699 1789 3761 recedebat,
1813 3698 1985 3752 donec

388 3796 523 3851 dixit
551 3794 932 3865 paterfamilias
962 3810 975 3844 :
1005 3792 1238 3861 Surgite,
1262 3800 1315 3845 et
1335 3791 1456 3845 date
1480 3789 1550 3851 ei,
1584 3798 1637 3843 et
1662 3789 1817 3842 sinite
1837 3788 1986 3842 abire

394 3886 545 3959 (Luc.
570 3887 658 3940 tt.
682 3886 736 3939 5.
769 3882 925 3953 sqq.).
951 3882 1115 3937 Docet
1141 3895 1268 3951 ergo
1294 3890 1345 3935 te
1370 3894 1524 3933 orare
1551 3893 1782 3946 semper.
1814 3892 1987 3948 neque

390 3978 773 4045 obtorpescere
801 3992 815 4030 :
848 3985 902 4028 et
949 3973 993 4027 si
1038 3974 1213 4025 minus
1263 3971 1574 4040 acceperis,
1631 3982 1982 4038 permanere,

390 4067 565 4138 quoad
594 4066 888 4135 acceperis.
914 4065 1097 4119 Plures
1124 4063 1258 4118 alias
1290 4061 1614 4131 paenitentiae
1644 4061 1755 4113 vias
1780 4062 1832 4113 in
1853 4060 1988 4114 Scri-

395 4160 564 4230 pturis
594 4160 849 4213 invenies.
884 4158 998 4227 Ipsa
1028 4156 1332 4225 pmuitentia
1378 4163 1432 4209 et
1479 4162 1602 4207 ante
1649 4152 1844 4206 Christi
1888 4150 1986 4205 ad-

394 4262 611 4308 ventum
643 4268 735 4321 per
762 4252 877 4321 ejus
910 4250 1221 4320 prophetam
1265 4247 1552 4303 Jeremiam
1600 4245 1989 4315 pra-dicabatur

393 4347 661 4403 dicentem
688 4362 701 4398 :
729 4344 991 4415 Numquid
1015 4344 1200 4398 cadens
1227 4361 1326 4397 non
1362 4343 1579 4413 resurgit
1604 4383 1620 4409 ,
1646 4352 1732 4395 aut
1761 4350 1987 4395 avertens

394 4456 450 4493 se
477 4456 579 4492 non
606 4440 867 4492 revertitur
887 4437 1016 4509 (Jer.
1040 4437 1094 4492 8.
1117 4438 1211 4505 4)ῒ
1235 4447 1287 4492 et
1317 4438 1529 4500 iterum,
1562 4435 1746 4489 Postea
1772 4436 1879 4489 diri
1905 4436 1990 4490 ei:

398 4530 691 4605 Postquam
706 4530 953 4600 fornicata
981 4546 1033 4582 es
1051 4570 1066 4593 ,
1095 4528 1277 4582 accede
1296 4570 1312 4594 ,
1343 4538 1625 4581 convertere
1648 4528 1716 4578 ad
1754 4543 1831 4579 me
1854 4526 1986 4587 (Jer.

398 4623 454 4676 3.
482 4625 559 4693 Ἰ).
586 4622 872 4695 Propterea
903 4630 957 4675 et
984 4621 1176 4675 multas
1213 4622 1325 4673 vias
1355 4622 1487 4675 alias
1524 4620 1849 4689 pteuitcntim
1889 4620 1986 4674 de-

399 4714 500 4777 dit,
530 4728 639 4783 quo
665 4712 821 4767 uobis
850 4729 1062 4767 onmem
1091 4713 1312 4769 desidia:
1337 4714 1672 4767 occasiOnem
1710 4721 1948 4779 amputet
1972 4730 1985 4766 :

401 4822 525 4861 nam
552 4807 595 4860 si
625 4820 781 4863 unam
816 4804 1131 4859 haberemus
1157 4806 1348 4870 solam,
1382 4807 1478 4858 hac
1507 4803 1702 4858 vadere
1748 4803 1993 4873 nequire-

402 4915 545 4953 mus.
574 4898 879 4953 Mucronem
910 4898 1048 4951 hunc
1062 4896 1303 4951 diabolus
1319 4912 1529 4965 semper
1550 4896 1698 4965 fugit.
1720 4897 1991 4950 Peccasti?

402 4988 687 5044 ecclesiam
740 4987 1059 5058 ingredere,
1110 4997 1269 5056 atque
1317 4996 1463 5041 tuum
1517 4987 1636 5042 dele
1691 4996 1988 5055 peccatum.

402 5080 624 5147 Quoties
648 5079 903 5133 cecideris
932 5078 984 5133 in
1015 5080 1129 5133 foro
1149 5122 1161 5139 .
1192 5080 1346 5132 toties
1373 5079 1613 5147 exsurgis
1637 5096 1650 5132 :
1678 5080 1756 5133 sic
1784 5080 1990 5155 quoties

403 5172 730 5240 peccaveris,
756 5170 954 5243 peccati
986 5170 1260 5237 pteniteat,
1282 5184 1451 5238 neque
1468 5168 1722 5237 desperes
1747 5186 1759 5221 :
1780 5158 1989 5222 tametsi

404 5262 641 5319 secundo
675 5261 997 5330 peccaveris,
1034 5262 1269 5316 secundo
1293 5262 1565 5330 paeniteat,
1603 5277 1777 5331 neque
1815 5263 1992 5317 animo

405 5364 773 5411 consternatus
794 5369 821 5407 a
840 5369 934 5424 spe
954 5355 1308 5423 repositorum
1331 5355 1588 5408 bonorum
1612 5353 1993 5420 cadas.Quam-

408 5446 487 5502 vis
513 5446 567 5502 in
592 5453 830 5500 extrema
854 5442 1045 5499 canitie
1072 5445 1392 5514 peccaveris,
1413 5434 1708 5514 ingredere,
1732 5446 1993 5513 peniten-

471 5643 488 5671 ί
513 5645 618 5689 sar.
633 5645 688 5701 et
701 5645 819 5701 Reg.
836 5650 985 5687 unus:
999 5640 1091 5690 Sed
1114 5653 1244 5691 trtius
1261 5640 1395 5691 nobis
1408 5640 1568 5691 adhuc
1584 5655 1740 5693 sermo
1750 5648 1819 5693 est
1843 5646 1904 5694 de
1918 5648 1995 5697 via

415 5700 717 5810 immergite.
747 5700 817 5749 De
832 5701 1129 5765 eleemosyna
1151 5702 1277 5753 enim
1301 5702 1669 5767 dta‘innts,qttod
1693 5717 1867 5768 magna
1890 5722 1983 5769 pos-

415 5773 550 5809 nemo
565 5775 591 5810 e
608 5778 616 5786 -
641 5797 654 5809 .

409 5773 550 5809 888³10
565 5773 654 5810 est.

442 5828 519 5886 (α)
554 5828 667 5877 \‘iue
682 5828 776 5878 sub
794 5827 937 5879 finem
958 5830 1283 5889 praecedentis
1304 5832 1512 5885 homilize
1524 5866 1536 5883 .

1547 416 1633 470 DE
1667 410 2146 469 ἶῦίιΕΕἩΟΒΥΝΑ.
2187 408 2415 464 ΙΙΟΜΗΑ.
2461 407 2547 461 Ill.

3553 408 3655 461 ειη

2068 529 2191 581 tiam
2221 540 2317 595 age
2346 543 2359 579 :
2383 522 2656 578 medicina;
2685 524 2832 578 locus
2852 533 2934 579 est
2968 524 3073 588 hic,
3120 540 3223 579 non
3262 525 3446 596 jndicii
3475 530 3485 557 ¹
3510 545 3523 590 ;
3549 545 3656 580 non

2065 628 2250 682 pcenas
2262 614 2504 681 exigens,
2527 613 2621 667 sed
2651 624 2985 682 peccatorum
3005 612 3377 669 remissionem
3394 616 3652 671 tribuens.

2066 705 2176 757 Deo
2194 703 2290 756 soli
2309 704 2393 756 die
2417 712 2688 771 peccatum
2720 715 2861 756 tuum
2881 720 2896 758 :
2919 703 3029 757 Tibi
3044 706 3140 758 soli
3154 706 3375 774 peccavi,
3398 716 3445 759 et
3465 711 3652 762 malum

2064 811 2235 847 coram
2261 806 2306 847 te
2330 795 2427 864 feci
2450 796 2465 862 (
2490 793 2634 847 Psaf.
2666 794 2753 849 50.
2782 796 2854 863 6)
2882 812 2897 861 ;
2930 804 2983 849 et
3006 796 3288 850 dimittitur
3329 798 3419 850 tibi
3464 812 3654 864 pecca-

2065 896 2196 938 tum.
2230 885 2401 939 Habes
2426 897 2481 939 et
2507 886 2660 939 aliatn
2684 887 3012 955 pmnitentim
3036 888 3169 939 viam
3197 886 3337 940 haud
3359 886 3654 952 difficilem,

2065 979 2156 1031 sed
2186 980 2404 1032 omnino
2424 979 3051 1033 accommodatissimam.
3070 980 3289 1045 Qualem
3316 980 3489 1032 hanc?
3515 978 3659 1032 Deflc

2064 1083 2225 1135 super
2270 1077 2541 1134 peccatmu
2589 1070 2799 1132 tuum’,
2842 1070 2998 1137 idque
3028 1084 3091 1121 ex
3124 1070 3289 1122 sacris
3316 1069 3463 1122 disce
3491 1084 3655 1122 evan-

2062 1158 2234 1225 geliis.
2270 1158 2457 1213 Petrus
2487 1159 2575 1213 ille
2611 1160 2970 1227 apostolorum
3000 1160 3277 1228 princeps,
3327 1162 3379 1214 in
3420 1161 3659 1215 Ecclesia

2068 1251 2289 1317 primus,
2316 1251 2519 1303 amicus
2545 1248 2741 1303 Christi
2764 1292 2778 1313 ,
2806 1251 2897 1318 qui
2930 1251 3311 1305 revelationem
3341 1252 3408 1303 ab
3432 1252 3656 1305 homini-

2066 1341 2164 1395 bus
2196 1357 2299 1394 uon
2326 1342 2571 1409 accepit,
2602 1343 2696 1397 sed
2724 1358 2753 1396 a
2783 1344 2940 1398 Patre
2960 1385 2975 1408 ,
3005 1344 3143 1399 sicut
3171 1346 3269 1413 ipsi
3296 1346 3659 1399 testimonium

2066 1433 2320 1485 Dominus
2343 1433 2518 1487 reddit
2542 1451 2553 1483 :
2582 1432 2771 1486 Beatus
2798 1450 2849 1487 es
2872 1435 3052 1487 Simon
3082 1434 3373 1502 Bar—Jona,
3397 1438 3513 1504 quia
3544 1453 3662 1489 caro

2066 1533 2111 1574 et
2139 1524 2342 1590 sanguis
2372 1540 2471 1575 non
2500 1524 2734 1576 revelavit
2765 1523 2873 1585 tibi,
2901 1526 2991 1576 sed
3018 1523 3173 1576 Pater
3198 1542 3338 1578 meus
3362 1527 3448 1594 qui
3477 1526 3530 1577 in
3557 1542 3661 1579 εαξ-

2064 1614 2128 1667 lis
2157 1623 2225 1666 est
2255 1612 2467 1679 (Matth.
2494 1614 2580 1666 io".
2612 1614 2700 1681 17)
2736 1631 2748 1665 :
2784 1615 2869 1668 hic
2894 1615 3083 1669 Petrus
3106 1616 3341 1685 (Petrum
3368 1632 3489 1669 cmn
3518 1617 3659 1678 dico,

2071 1716 2274 1771 petram
2308 1704 2525 1756 nomino
2558 1703 2885 1774 iufragilem,
2924 1708 3249 1774 crepidinem
3299 1708 3623 1763 immobilem
3646 1751 3661 1771 ,

2065 1795 2363 1862 apostolum
2408 1808 2682 1862 maguum,
2720 1798 2948 1864 primum
2980 1798 3387 1866 discipulorum,
3434 1801 3661 1867 primum

2066 1893 2341 1949 vocatum,
2369 1897 2421 1940 et
2448 1891 2678 1957 primum
2719 1887 3080 1956 obedientem)
3117 1889 3246 1942 :ille
3288 1905 3392 1943 nou
3441 1905 3663 1957 parvum

2068 1973 2274 2031 facinus
2295 1977 2530 2045 admisit,
2555 1980 2649 2033 sed
2673 1981 2983 2046 maximum,
3007 1981 3095 2049 qui
3118 1980 3393 2033 Dominqu
3417 1981 3661 2049 negavit:

2068 2066 2171 2120 hoc
2214 2068 2334 2121 dico
2354 2111 2368 2133 ,
2410 2085 2514 2123 nou
2553 2070 2755 2138 justum
2786 2085 3066 2131 accusans,
3096 2070 3188 2124 sed
3218 2071 3307 2124 tibi
3339 2071 3667 2139 ptenitentize

2070 2159 2315 2228 praebens
2343 2162 2680 2215 occasionem
2707 2180 2720 2215 :
2752 2163 2923 2229 ipsum
2950 2162 3097 2215 orbis
3122 2162 3397 2215 Dominum
3430 2163 3663 2231 negavit,

2071 2261 2495 2321 procuratorem,
2524 2254 2851 2308 Salvatorem
2879 2254 3138 2307 omnium.
3170 2253 3237 2308 Ut
3262 2268 3390 2308 vero
3411 2253 3566 2305 altius
3591 2271 3669 2306 re-

2072 2352 2333 2410 petamus,
2352 2343 2484 2394 vidit
2505 2344 2751 2397 Salvator
2768 2345 3022 2411 qnosdam
3046 2344 3302 2398 abeuntes
3322 2353 3464 2396 retro
3486 2330 3668 2414 (ἐρωὴ.

2071 2435 2124 2484 ti.
2154 2433 2223 2486 67
2241 2434 2277 2501 ).
2307 2442 2362 2486 et
2389 2433 2521 2486 dixit
2552 2434 2709 2487 Petro
2742 2453 2755 2488 :
2792 2434 3056 2503 Numquid
3087 2446 3132 2488 et
3164 2446 3216 2487 tu
3242 2436 3379 2487 abire
3416 2435 3531 2488 vis?
3566 2434 3667 2488 Pe-

2069 2531 2176 2574 trus
2203 2532 2369 2574 autem
2401 2524 2576 2577 dixit:
2606 2523 2819 2578 Etiamsi
2860 2526 3135 2594 aportnerit
3176 2541 3253 2578 me
3294 2525 3424 2577 mori
3470 2535 3667 2589 tet-tun,

2071 2630 2171 2664 non
2202 2625 2248 2667 te
2277 2615 2467 2684 negabo
2496 2615 2709 2685 (Matth.
2730 2617 2820 2669 26.
2847 2617 2961 2687 55).
2986 2616 3122 2681 Quid
3142 2616 3294 2679 dicis,
3318 2614 3508 2669 l’etre?
3532 2615 3672 2670 Deus

2070 2712 2151 2756 est
2178 2698 2266 2771 qui
2290 2705 2590 2769 denuntiat,
2614 2706 2738 2774 quid
2765 2708 2877 2775 ipse
2902 2706 3217 2761 reluctaris?
3240 2708 3342 2760 Sed
3374 2716 3549 2759 tamen
3582 2705 3669 2759 itt-

2075 2796 2262 2861 tentio,
2294 2796 2431 2863 quod
2463 2811 2616 2849 suum
2647 2808 2761 2873 era‘t
2791 2797 3043 2859 ostendit,
3074 2805 3274 2849 naturze
3297 2812 3423 2849 vero
3452 2796 3675 2849 inﬁrmi-

2075 2896 2154 2937 tas
2181 2886 2534 2952 l't'dﬂl'gllillll‘.
2560 2886 2685 2939 ll.t-c
2713 2903 2841 2939 vero
2871 2886 3119 2954 quando?
3138 2886 3303 2940 Nocte
3324 2901 3427 2955 qua
3452 2888 3676 2941 traditus

2073 2990 2149 3028 t-st
2177 2976 2423 3030 Christus
2454 2994 2467 3030 :
2500 2986 2624 3030 tmte
2652 2976 2829 3046 igitur,
2881 2977 3084 3046 inquit,
3136 2978 3281 3031 stetit
3322 2978 3514 3032 Petrus
3551 2987 3677 3033 ante

2075 3083 2270 3135 prunas
2297 3067 2616 3121 calefaciens
2638 3084 2717 3131 se,
2746 3068 2918 3137 puella
2942 3068 3185 3136 quaedam
3204 3069 3448 3129 accessit,
3468 3078 3525 3123 et
3543 3069 3677 3124 dixit

2073 3159 2119 3210 ei
2154 3176 2165 3208 :
2206 3156 2333 3210 fleri
2357 3168 2401 3211 et
2429 3170 2481 3211 tu
2514 3176 2626 3213 cum
2669 3161 2869 3212 homine
2898 3160 2994 3211 ista
3027 3175 3139 3211 eras
3171 3157 3394 3231 (.llatth.
3427 3158 3517 3215 26.
3551 3159 3675 3230 69).

2079 3250 2176 3304 Ille
2203 3260 2372 3303 autem
2400 3267 2419 3304 :
2451 3250 2569 3305 Non
2602 3253 2717 3304 novi
2743 3252 2996 3304 hominem
3028 3252 3160 3304 [tunc
3187 3254 3204 3319 (
3229 3250 3393 3304 Marc.
3428 3252 3514 3305 14.
3549 3253 3618 3308 68
3633 3254 3677 3323 ).

2080 3342 2278 3394 Deinde
2314 3343 2551 3396 secundo
2578 3353 2632 3396 et
2660 3344 2848 3404 tertio,
2885 3352 2939 3395 et
2966 3342 3181 3411 impleta
3212 3350 3296 3397 est
3321 3342 3676 3397 denuntiatio.

2080 3432 2213 3486 llinc
2230 3431 2475 3486 Christus
2498 3433 2790 3501 respiciens
2813 3432 2863 3485 in
2888 3432 3125 3496 Petrum,
3151 3448 3335 3487 vocent
3357 3433 3559 3487 dimisit
3584 3449 3675 3503 per

2077 3525 2250 3593 ipsum
2284 3524 2528 3576 intuitum
2560 3521 2818 3593 (Lucii.
2850 3523 2946 3592 61)
2972 3540 2985 3575 :
3011 3538 3120 3577 non
3141 3524 3282 3578 enim
3306 3538 3400 3579 ore
3427 3524 3675 3593 loquutus

2078 3627 2180 3678 est,
2215 3629 2281 3668 ne
2306 3615 2475 3683 ipsum
2505 3629 2685 3668 coram
2711 3613 2911 3668 iudicis
2936 3613 3298 3683 redargueret,
3326 3627 3378 3668 et
3404 3617 3674 3685 proprium

2080 3707 2428 3761 confunderet
2473 3706 2830 3776 discipulum,
2877 3707 2970 3762 sed
3015 3723 3111 3779 per
3154 3710 3365 3763 oculum
3403 3710 3678 3765 dimittens

2081 3814 2299 3862 vocem,
2331 3798 2480 3868 quasi
2512 3798 2748 3863 diceret,
2781 3797 2941 3853 Petre
2960 3838 2975 3861 ,
3001 3799 3142 3867 quod
3170 3799 3315 3864 dixi,
3345 3800 3541 3855 factum
3571 3812 3676 3857 est.

2084 3888 2245 3957 Igitur
2274 3888 2463 3941 Petrus
2487 3898 2614 3943 tunc
2636 3888 2873 3943 sentiens
2908 3890 3071 3957 erepit
3108 3889 3275 3945 flere:
3302 3900 3357 3945 et
3398 3907 3502 3945 non
3535 3892 3679 3946 flevit

2084 3978 2242 4033 modo
2262 4019 2277 4042 ,
2310 3978 2401 4031 sed
2429 3994 2644 4044 amare,
2676 3979 2968 4033 secundum
3003 3980 3260 4049 baptisma
3290 3997 3386 4050 per
3415 3981 3679 4053 lacrymas

2083 4088 2144 4125 ex
2188 4072 2355 4125 oculis
2394 4070 2631 4126 efficiens
2656 4089 2669 4123 ε
2694 4088 2921 4142 cumque
2950 4071 3185 4128 ﬂevisset
3228 4089 3437 4140 amare,
3483 4074 3679 4129 delevit

2084 4174 2360 4233 peccatum
2387 4182 2399 4217 :
2432 4174 2552 4233 post
2575 4163 2690 4218 haec
2709 4164 2851 4219 enim
2873 4163 3052 4218 claves
3076 4164 3150 4217 illi
3178 4167 3429 4219 caelorum
3451 4165 3680 4220 credun-

2088 4267 2189 4308 tur.
2213 4254 2365 4322 Quod
2401 4255 2444 4308 si
2486 4254 2629 4309 Petri
2674 4254 2831 4308 fletus
2878 4263 3081 4308 tantum
3124 4255 3321 4310 delevit
3358 4267 3677 4325 peccatum,

2084 4348 2172 4415 qui
2198 4345 2311 4400 fieri
2342 4345 2555 4414 poterit.
2590 4355 2644 4399 ut
2675 4346 2719 4398 si
2752 4344 2982 4408 fleveris,
3018 4358 3291 4415 peccatum
3320 4363 3423 4400 non
3450 4347 3632 4404 deleas
3651 4351 3678 4405 .’

2086 4436 2198 4491 Non
2226 4440 2367 4491 enim
2401 4452 2594 4506 parvus
2617 4435 2713 4490 fuit
2741 4444 2936 4496 reatus.
2965 4437 3236 4505 proprium
3268 4438 3547 4492 Dominum
3578 4455 3675 4494 ne-

2085 4543 2259 4598 gasse,
2284 4526 2375 4582 sed
2400 4542 2620 4595 magnus
2646 4535 2700 4581 et
2724 4529 2936 4596 gravis;
2961 4542 3083 4581 eum
3108 4536 3280 4581 tamen
3306 4527 3557 4601 lacrymm
3582 4530 3680 4584 de-

2089 4622 2287 4676 levere.
2336 4619 2481 4675 Defle
2530 4620 2690 4688 igitur
2733 4629 2786 4673 et
2830 4619 2944 4689 ipse
2983 4634 3144 4687 super
3173 4631 3681 4692 peccatum,neque

2088 4727 2300 4782 quoquo
2327 4711 2484 4766 modo
2509 4712 2647 4766 defle
2673 4721 2765 4765 aut
2794 4712 2971 4779 specie
2990 4710 3199 4766 tantum
3218 4755 3233 4779 ,
3258 4713 3352 4769 sed
3375 4713 3513 4769 deﬂe
3534 4731 3682 4769 ama-

2089 4818 2167 4864 re.
2192 4803 2639 4876 quemadmodum
2661 4814 2713 4857 et
2737 4803 2927 4858 Petrus
2953 4822 2965 4856 :
2993 4819 3057 4860 ex
3084 4806 3198 4873 ipso
3227 4805 3487 4873 profundo
3508 4805 3680 4862 deduc

2090 4896 2263 4951 fontes
2290 4897 2664 4967 lacrymarum,
2688 4910 2794 4967 quo
2817 4895 3069 4952 Dominus
3094 4899 3455 4953 misericordia
3479 4910 3682 4969 motus,

2092 4990 2183 5043 tibi
2206 4999 2477 5058 peccatmn
2500 4989 2730 5042 dimittat
2754 4989 3019 5042 :clemens
3040 4990 3236 5044 etenim
3257 4999 3341 5044 est
3363 5008 3375 5043 :
3398 4990 3511 5059 ipse
3536 4994 3680 5047 enim

2091 5079 2260 5133 dixit:
2288 5077 2426 5133 Nolo
2451 5090 2659 5133 mortem
2686 5080 2981 5149 peccatoris,
3007 5080 3137 5133 sicut
3166 5083 3384 5135 converti
3414 5084 3602 5152 ipsum,
3633 5095 3682 5137 et

2093 5172 2433 5242 paenitentiam
2454 5188 2620 5241 agere,
2644 5182 2689 5225 et
2716 5172 2875 5224 vivere
2902 5170 3124 5242 (Ezeclt.
3153 5174 3239 5228 18.
3266 5172 3389 5245 25).
3420 5175 3683 5245 Exiguum

2092 5265 2293 5333 expetit
2321 5279 2350 5317 a
2382 5273 2432 5318 te
2462 5263 2696 5318 laborent
2717 5303 2732 5326 ,
2791 5273 2843 5316 et
2872 5278 3058 5332 magna
3088 5264 3201 5331 ipse
3228 5264 3445 5332 largitur
3474 5282 3485 5316 :
3519 5281 3680 5321 occa-

2094 5355 2297 5409 sionem
2330 5369 2358 5406 a
2391 5364 2441 5408 te
2471 5353 2677 5422 qurerit,
2709 5362 2767 5405 ut
2793 5352 2883 5406 tibi
2914 5354 3101 5407 salutis
3133 5355 3437 5409 thesaurum
3461 5356 3681 5415 tribuat.

2094 5447 2280 5504 Profer
2323 5447 2618 5519 lacrymas,
2666 5456 2721 5501 et
2764 5446 2878 5516 ipse
2927 5445 3303 5518 indulgentiam
3340 5448 3682 5518 impertitur:

2158 5647 2169 5676 ¹
2207 5652 2257 5694 tu
2279 5644 2450 5695 Savilio
2476 5660 2487 5694 :
2512 5652 2557 5694 et
2581 5645 2772 5704 indicit,
2800 5662 2904 5708 pro.
2930 5662 3022 5697 non
3029 5648 3228 5707 jndicir'.

2152 5737 2189 5817 Ἀ
2210 5747 2259 5817 In
2284 5740 2448 5817 Savil.,
2475 5740 2605 5817 Delie
2627 5755 2784 5817 stt-per.
2809 5752 3066 5817 peremunt
3089 5752 3238 5796 tuum.
3282 5749 3521 5811 Deﬂevtsti
3546 5761 3571 5815 9
3593 5764 3685 5817 ms.

2092 5812 2316 5870 quttatstn
2339 5810 2469 5853 tuan
2493 5804 2707 5854 deleri.;ti
2736 5804 2929 5865 :idqne,
2949 5814 3046 5855 etc.
