4190 6322
279 351 378 408 301
427 361 546 384 “"-

279 467 592 526 iaborantes
639 474 992 542 respicerent,
1050 488 1082 529 a
1125 473 1241 530 solo
1291 473 1482 531 intuitu
1531 474 1780 533 eumdem
1833 476 1884 530 in

285 559 532 618 morbum
564 562 908 644 inciderunt;
937 566 990 622 in
1021 567 1198 622 anima
1227 583 1356 644 vero
1385 583 1489 624 non
1521 570 1771 640 idipsum,
1793 569 1890 626 sed

279 654 614 710 contrarium
643 639 867 726 prorsus
893 658 1113 714 evenit:
1141 659 1186 713 si
1230 639 1375 715 enim
1420 660 1638 717 assidue
1661 661 1886 732 cogite-

282 757 402 798 mus
427 758 543 810 eos,
573 745 663 816 qui
693 745 882 806 eadem
911 750 1022 820 ipsa
1045 750 1285 820 perpessi
1311 758 1456 816 sunt,
1479 751 1601 806 hinc
1623 751 1886 806 maiorum

279 838 820 914 nostrorumlenitur
845 841 1020 898 dolor.
1051 841 1175 898 Ideo
1199 842 1396 898 Paulus
1425 843 1610 900 ﬁdeles
1629 844 1730 898 hoe
1757 844 1882 898 hor-

277 933 425 982 tatur
452 927 636 994 modo,
669 945 779 986 non
809 932 983 988 solum
1007 943 1226 990 sanctos
1254 935 1342 1005 qui
1376 935 1428 990 in
1461 936 1596 990 vivis
1621 947 1764 997 sunt,
1789 937 1882 992 sed

275 1017 442 1072 etiam
474 1030 716 1076 mortuos
753 1021 806 1076 in
853 1022 1090 1079 medium
1119 1025 1408 1081 adducens.
1443 1027 1696 1082 Hebro-os
1739 1031 1882 1083 enim

271 1105 579 1189 alloquens,
611 1111 700 1182 qui
741 1113 1004 1170 nutabant
1045 1107 1278 1187 mosque
1307 1117 1509 1189 lapsuri
1554 1130 1726 1186 erant,
1777 1122 1880 1174 Da-

275 1187 478 1254 nielem
507 1200 562 1255 in
590 1201 828 1270 medium
859 1203 1098 1272 adducit,
1144 1215 1254 1264 tres
1286 1187 1500 1278 pueros,
1535 1199 1726 1274 Eliam,
1767 1211 1878 1266 Eli-

275 1301 468 1354 sieum,
495 1290 580 1346 his
607 1293 789 1350 verbis
821 1311 835 1348 :
871 1294 1244 1354 Obturaeerunt
1287 1315 1377 1355 ora
1417 1302 1637 1368 leonum,
1684 1305 1876 1358 exstiti-

267 1389 460 1436 xerunt
501 1383 734 1439 uirtutem
777 1386 930 1458 ignis,
965 1388 1252 1462 effugerunt
1297 1407 1388 1446 ora
1431 1395 1612 1463 gladii,
1664 1395 1879 1464 lap‘idati

267 1477 412 1536 sunt,
439 1469 726 1548 ludibria.“
749 1477 952 1532 verbera
978 1481 1174 1550 experti
1211 1489 1349 1550 sunt,
1381 1481 1682 1554 insuperque
1705 1496 1876 1539 custo-

268 1560 414 1618 diant
443 1577 722 1621 carcerum.
751 1565 1070 1628 Circuierunt
1095 1573 1149 1627 in
1174 1571 1370 1630 metatis
1394 1583 1445 1630 et
1467 1577 1688 1646 caprinis
1725 1578 1876 1648 pelli-

267 1650 388 1721 bus,
416 1665 636 1726 egentes,
669 1662 966 1732 angustiati,
995 1665 1186 1736 amicti,
1215 1665 1394 1736 quibus
1435 1669 1618 1740 dignus
1643 1685 1742 1722 non
1768 1679 1877 1724 erat

266 1745 495 1800 inundat:
521 1745 706 1816 (Hebr.
735 1751 824 1806 Η.
840 1752 908 1809 54
923 1761 972 1810 et
996 1755 1160 1828 seqq.)
1176 1797 1192 1811 .

345 1833 726 1894 ﬁnitimarum
753 1845 1042 1899 communio
1072 1847 1310 1902 solatium
1337 1847 1526 1918 praebet
1561 1851 1773 1922 afﬂictis.
1797 1881 1870 1892 —-

265 1921 654 1985 Erumnarum
693 1941 873 1990 autem
901 1937 1206 1994 communio
1231 1939 1479 1995 solatium
1508 1921 1708 2010 praebet
1731 1942 1870 1997 aiili-

267 2017 374 2073 etis
401 2035 416 2072 :
447 2033 512 2076 ac
535 2024 982 2092 quemadmodum
1008 2029 1054 2084 si
1081 2029 1202 2100 quis
1240 2031 1384 2086 solus
1411 2047 1578 2102 grave
1601 2033 1871 2104 quidpiam

267 2109 527 2178 patiatur,
556 2113 757 2169 nullam
787 2115 946 2174 habet
985 2119 1040 2175 in
1080 2121 1222 2177 malo
1239 2122 1656 2180 consolationem
1683 2141 1695 2188 ;
1733 2125 1800 2178 ita
1825 2129 1872 2180 si

265 2200 392 2270 quis
423 2201 660 2260 inveniat
689 2207 850 2263 alium
883 2210 934 2266 in
971 2213 1110 2268 mala
1139 2211 1434 2286 delapsum,
1463 2214 1588 2271 hinc
1619 2217 1868 2272 leviorum

265 2294 548 2364 experitur
569 2297 800 2370 plagam.

336 2383 392 2438 2.
425 2384 494 2442 Ut
521 2387 677 2458 igitur
713 2392 769 2446 in
799 2385 1066 2462 omnibus,
1122 2401 1433 2468 quainobis
1461 2403 1685 2458 molesta
1715 2406 1858 2460 arci-

259 2472 532 2542 dunt,non
551 2481 1316 2558 concidamus,Scripturarum
1335 2493 1568 2548 historiis
1589 2495 1868 2566 diligenter

259 2569 604 2628 attendamus
653 2591 668 2628 :
711 2577 936 2632 multam
976 2581 1118 2636 enim
1164 2583 1288 2639 hinc
1327 2587 1596 2655 patientia.-
1625 2583 1864 2644 occasio-

265 2673 395 2714 nem
427 2665 809 2733 mutuabimur,
840 2685 944 2724 non
971 2673 1146 2727 solum
1163 2689 1228 2728 ex
1255 2678 1509 2733 societate
1535 2679 1719 2734 eadem
1747 2697 1864 2750 pas-

259 2765 448 2810 sorum
473 2758 890 2816 consolationem
921 2766 1082 2830 nacti,
1115 2767 1208 2822 sed
1231 2767 1403 2824 edocti
1432 2771 1592 2826 etiam
1623 2773 1860 2842 modum,

259 2857 373 2912 quo
395 2847 464 2899 ab
483 2849 736 2906 aerumnis
761 2851 866 2906 illis
889 2853 1198 2925 liberemur,
1221 2867 1275 2914 et
1293 2859 1478 2930 adepti
1508 2863 1756 2933 tranquill
1765 2865 1862 2920 ita-

263 2943 376 2990 tem
404 2937 612 3020 eodenr
639 2941 691 2996 in
738 2953 878 2998 statu
908 2961 1240 3018 maneamus,
1271 2967 1371 3008 nec
1396 2955 1476 3010 vel
1509 2955 1560 3009 in
1603 2957 1860 3012 desidiam

261 3025 531 3094 labamur,
573 3033 656 3088 vel
703 3037 1008 3108 arrogantia
1059 3040 1363 3100 ell’eramur.
1407 3045 1539 3102 Nam
1567 3047 1708 3118 quod
1739 3066 1860 3105 cum

260 3118 424 3173 malis
443 3119 748 3193 afﬂigimur,
768 3126 988 3184 demissi
1015 3129 1349 3205 humilesque
1378 3137 1566 3204 simus,
1593 3155 1862 3210 magnam-

256 3222 370 3276 que
401 3211 646 3278 pietatem
673 3216 1040 3285 exbibeamus,
1079 3223 1212 3278 nihil
1240 3226 1430 3282 mirum
1464 3247 1476 3281 :
1523 3229 1636 3285 hanc
1665 3233 1861 3302 quippe

259 3307 349 3353 est
374 3304 743 3372 tentationum,
771 3319 978 3378 natura,
1007 3323 1064 3370 ut
1085 3317 1164 3371 vel
1191 3331 1306 3385 eos,
1347 3322 1434 3390 qui
1461 3321 1669 3390 lapideo
1697 3329 1860 3380 corde

257 3400 408 3458 sunt,
436 3394 502 3449 ad
547 3395 691 3456 hunc
733 3409 928 3458 statum
959 3419 1071 3474 pra:
1108 3405 1396 3466 afﬂictione
1427 3411 1688 3472 deducant
1721 3437 1734 3472 :
1763 3421 1854 3476 sed

227 3484 456 3540 animai
491 3497 572 3544 est
599 3491 891 3564 religiosa,
930 3495 1204 3568 Deumque
1243 3503 1496 3560 continuo
1542 3522 1649 3576 pne
1689 3512 1858 3566 oculis

257 3573 531 3646 habentis,
559 3581 722 3638 etiam
771 3594 1055 3658 postquam
1099 3589 1322 3649 liberata
1363 3605 1446 3650 est
1471 3611 1516 3650 .a
1542 3573 1856 3656 tentatinni-

255 3667 388 3735 bus,
421 3669 473 3724 in
499 3672 824 3733 oblivionem
853 3681 1076 3738 minime
1101 3685 1296 3742 cadere
1325 3689 1504 3758 :quod
1533 3689 1854 3750 Judmist‘rc-

255 3769 489 3850 quenter
511 3764 724 3821 accidit.
748 3767 924 3837 Quare
948 3771 1182 3836 irridens
1197 3790 1289 3832 eos
1318 3780 1580 3850 praphcta
1607 3782 1852 3839 dicebat:

253 3845 388 3903 Cum
413 3853 658 3910 occideret
686 3873 792 3926 eos,
817 3861 1110 3929 quwrebant
1157 3881 1292 3930 eum,
1318 3845 1372 3922 et
1391 3873 1777 3940 revertebantur,
1811 3887 1855 3930 rt

255 3937 488 3997 diluculo
507 3946 766 4004 veniebant
789 3949 858 4006 ad
893 3950 1058 4007 Deum
1082 3953 1248 4027 (Psal.
1277 3959 1364 4012 77.
1393 3959 1504 4032 si).
1539 3963 1600 4015 Et
1645 3937 1853 4038 Moyses

255 4031 452 4088 horum
481 4037 729 4096 conscius
756 4082 772 4108 ,
812 4040 1120 4114 frequenter
1161 4031 1469 4106 hortabatur
1519 4053 1599 4108 his
1627 4031 1802 4112 verbis
1836 4076 1848 4111 :

257 4122 388 4177 Cum
425 4129 725 4198 comederis,
750 4141 796 4188 et
835 4133 1034 4204 biberis,
1067 4145 1113 4192 et
1152 4150 1410 4195 saturatas
1445 4143 1624 4212 [tier-is,
1654 4151 1854 4203 attende

255 4214 369 4282 tibi,
413 4233 476 4271 ne
518 4219 830 4280 obliviscaris
863 4224 1072 4282 Domini
1100 4227 1198 4285 Dei
1219 4233 1291 4285 tui
1320 4233 1494 4303 (De-ut.
1524 4237 1574 4290 6.
1617 4239 1704 4292 19..
1740 4243 1846 4312 l5).

253 4307 394 4364 illud
439 4311 597 4382 igitur
635 4317 858 4373 evenit:
907 4317 1137 4376 Consedit
1183 4325 1350 4391 enim,
1377 4325 1568 4396 inquit,
1589 4328 1770 4392 Iacob,
1805 4307 1852 4388 ct

249 4397 602 4472 impinguatus
629 4415 722 4472 est,
747 4416 796 4462 et
815 4407 1126 4468 incrassattts
1144 4422 1236 4482 est,
1267 4424 1312 4468 et
1337 4419 1671 4474 recalcitravit
1715 4423 1846 4476 dile-

249 4499 367 4544 ctus
391 4489 568 4561 (Deut.
599 4495 690 4552 32.
715 4495 828 4568 i5).
859 4498 1217 4568 Quamobrem
1243 4516 1456 4562 sanctos
1481 4525 1585 4565 non
1613 4511 1732 4567 ideo
1751 4517 1850 4568 mi~

253 4581 365 4635 rari
395 4597 491 4652 par
513 4595 616 4655 est,
644 4588 784 4658 quod
816 4601 1040 4662 urgente
1072 4593 1432 4666 tribulatione,
1460 4599 1528 4653 ita
1555 4602 1626 4670 pii
1653 4613 1706 4658 et
1735 4605 1848 4674 phi-

249 4671 463 4743 losophi
493 4673 725 4744 iuerint;
771 4679 866 4735 sed
891 4683 1032 4752 quod
1055 4693 1320 4742 transacta
1347 4689 1560 4759 hyeme,
1587 4703 1640 4746 et
1679 4671 1843 4750 adve-

248 4763 436 4820 niente
457 4765 863 4840 tranquillitate,
893 4773 947 4828 in
969 4775 1156 4832 eadem
1175 4778 1437 4835 modestia
1463 4782 1844 4854 diligentiaimc

249 4861 565 4915 manserint.
598 4861 807 4933 Equum
835 4876 982 4922 certe
1012 4869 1158 4924 illum
1199 4875 1430 4929 maxime
1469 4876 1650 4931 mirari
1681 4893 1841 4946 opor-

247 4958 348 5010 tet,
372 4951 460 5018 qui
505 4953 622 5007 sine
651 4953 802 5010 freno
829 4959 1090 5015 concinne
1117 4962 1217 5016 iter
1252 4961 1427 5020 facere
1458 4975 1631 5035 potest
1659 4985 1674 5032 ;
1699 4969 1841 5038 quod

244 5039 298 5094 si
345 5039 496 5096 freno
523 5043 854 5116 habenisque
881 5053 1192 5120 cogentibus
1223 5055 1409 5112 ordine
1449 5057 1679 5124 incedat,
1709 5061 1840 5116 nihil

245 5129 444 5185 mirum
471 5149 484 5186 :
519 5149 624 5210 non
657 5138 798 5192 enim
837 5143 1180 5210 generositati
1227 5147 1492 5216 animalis,
1525 5151 1617 5205 sed
1647 5167 1839 5206 ncces-

243 5223 390 5278 sitati
416 5241 446 5277 a
475 5224 626 5280 Frena
649 5229 877 5286 inducta:
905 5233 989 5289 illa
1012 5251 1226 5303 gressus
1257 5243 1588 5298 concinnitas
1607 5245 1838 5300 tribuen-

242 5313 312 5366 da
340 5323 442 5368 est.
473 5315 704 5384 ldiiisum
736 5320 993 5378 dcanima
1020 5327 1324 5395 dicendum,
1358 5332 1404 5384 si
1439 5333 1668 5389 instante
1694 5345 1834 5390 metu

243 5404 522 5461 moderate
551 5420 692 5480 agat,
727 5413 854 5466 nihil
883 5417 1072 5470 mirum
1107 5435 1224 5475 esse
1253 5437 1264 5484 ;
1300 5439 1418 5478 cum
1451 5433 1626 5479 autem
1661 5437 1836 5482 tenta-

243 5495 420 5551 tiones
448 5501 778 5566 transierint,
803 5513 855 5557 et
885 5510 1088 5560 timoris
1121 5509 1326 5565 frcnun'i
1357 5529 1616 5570 remotum:
1653 5519 1828 5586 fuerit,

242 5595 370 5642 tunc
391 5588 520 5644 mihi
541 5591 706 5644 animi
738 5592 1126 5666 philosophiam
1146 5603 1338 5658 exhibe
1358 5647 1370 5670 ,
1397 5620 1716 5676 nuntiarique
1751 5610 1834 5662 αλ..-

241 5681 548 5752 scipliuam.
607 5683 712 5738 Sed
759 5701 947 5742 vereor
998 5709 1060 5746 ne
1107 5693 1318 5750 Judams
1347 5713 1596 5754 accuiare
1629 5703 1830 5766 mirans,

251 5787 488 5831 nostrum
520 5793 770 5830 aer-nsum
804 5783 918 5832 ι.ἱι;ι⁵
953 5785 1246 5838 institutum
1285 5807 1294 5840 :
1325 5793 1662 5859 quintio-quisi
1687 5811 1751 5846 :.-n
1783 5805 1832 5848 ri

545 5863 815 5920 Vatinii“
1285 5835 1292 5840 ’
1561 5835 1572 5862 ι

1377 359 1470 418 DE
1509 357 1980 419 ιναςΝιτεΝτιΑ.
2019 359 2251 419 IIOMIL.
2295 363 2382 422 ιν.

3485 373 3595 433 ΒΜ

1969 545 1972 550 η
2001 489 2099 531 nos
2123 490 2245 532 cum
2271 475 2690 548 exagitabamur,
2720 481 2894 536 vexati
2921 480 3082 546 fame,
3114 493 3281 552 peste,
3307 486 3590 554 grandine,

1995 565 2255 632 siccitate,
2303 566 2584 634 incendiis,
2615 569 2850 624 hostium
2883 571 3122 639 incursu,
3157 589 3332 627 nonne
3353 576 3592 644 quotidie

1993 655 2218 710 ecclesia
2269 656 2607 716 multitudine
2663 662 3098 717 convenientium
3153 665 3590 734 angustabatur?

1995 753 2124 802 tunc
2167 761 2360 820 magna
2389 748 2544 806 nobis
2583 750 2756 808 inerat
2782 751 3144 824 philosophia,
3167 765 3223 810 et
3249 755 3587 814 smcularium

1991 853 2172 894 rerum
2220 849 2558 914 contemptus
2606 861 2621 898 :
2667 859 2774 901 non
2816 848 3164 917 pecuniarum
3206 849 3424 920 cupido,
3481 868 3586 905 non

1989 929 2174 998 gloria:
2199 931 2548 1002 desiderium,
2593 950 2698 990 non
2739 937 3007 1007 appetitus
3032 947 3087 994 et
3127 953 3282 994 amor
3330 939 3584 1004 lasciviat.

1989 1035 2163 1090 neque
2207 1021 2346 1078 alius
2379 1039 2575 1095 pravus
2605 1027 2870 1098 cogitatus
2893 1035 3019 1084 tunc
3045 1045 3145 1084 nos
3191 1029 3463 1100 agitabat;
3487 1032 3585 1088 sed

1991 1113 2220 1168 universi
2246 1129 2343 1170 vos
2369 1115 2438 1170 ad
2481 1115 2579 1173 Dei
2627 1119 2830 1174 cultum
2868 1119 3170 1176 contulistis
3193 1135 3314 1176 cum
3341 1123 3586 1178 oratione

1985 1213 2035 1258 et
2067 1205 2334 1279 lacrymis.
2369 1207 2520 1266 Tunc
2548 1209 2846 1268 fornicator
2875 1219 3242 1282 temperanter
3261 1213 3472 1284 agebat,
3502 1214 3587 1282 in.—

1981 1297 2240 1365 juriarum
2305 1315 2514 1357 memor
2565 1301 2632 1357 ad
2678 1303 3170 1358 reconciliationem
3217 1304 3570 1374 properabat,

1985 1405 2176 1446 avarus
2207 1391 2270 1446 ad
2299 1391 2696 1465 eleemosynam
2721 1393 3054 1462 flectebatur,
3083 1395 3369 1452 iracundus
3394 1405 3448 1451 et
3472 1405 3582 1450 tru-

1985 1482 2227 1537 culentus
2248 1483 2314 1538 ad
2343 1483 2696 1540 humilitatem
2717 1495 2772 1542 et
2797 1487 3260 1544 mansuetudinem
3293 1495 3580 1544 converte.

1983 1574 2160 1630 batur.
2189 1574 2474 1645 Postquam
2503 1587 2680 1634 autem
2715 1579 2854 1636 Deus
2883 1579 3018 1636 iram
3049 1580 3192 1636 illam
3217 1580 3486 1648 deposuit,
3515 1597 3580 1637 ac

1975 1665 2270 1732 procellam
2291 1666 2487 1738 abegit,
2513 1678 2675 1740 atque
2703 1679 2824 1740 post
2845 1678 3024 1728 tantos
3049 1671 3244 1728 ﬂuctus
3267 1673 3578 1744 tranquilli-

1985 1761 2148 1810 tatem
2179 1757 2382 1824 paravit
2407 1800 2420 1821 ,
2443 1759 2510 1813 ad
2539 1761 2797 1829 pristinos
2831 1761 3022 1818 iterum
3049 1778 3232 1820 mores
3253 1765 3454 1819 reversi
3483 1779 3578 1818 su-

1983 1861 2122 1900 mus.
2159 1849 2318 1918 Atqui
2349 1850 2402 1904 in
2435 1851 2554 1920 ipso
2579 1855 2932 1910 tentationum
2967 1867 3209 1925 tempore
3235 1857 3350 1912 hinc
3383 1859 3576 1926 pra-di-

1979 1953 2101 1994 cere
2123 1949 2178 1994 ct
2205 1940 2478 1998 testificari
2508 1959 2614 1998 non
2637 1945 2958 2002 desistebam
2987 1965 3001 2002 :
3029 1957 3269 2004 attamen
3291 1947 3420 2002 nihil
3451 1964 3576 2018 pro—
3627 1989 3630 1992 .

1981 2029 2240 2096 fecimus;
2287 2033 2378 2094 sed
2410 2035 2552 2090 velut
2592 2037 2859 2092 somnium
2890 2047 2944 2093 et
2993 2038 3236 2094 umbram
3292 2049 3575 2096 transeun-

1981 2134 2104 2188 tem,
2133 2125 2210 2180 sic
2235 2126 2322 2180 illa
2346 2129 2521 2182 omnia
2543 2129 2608 2184 ab
2635 2130 2826 2186 animis
2861 2133 3054 2187 vestris
3075 2135 3396 2188 removistis.
3443 2134 3576 2189 Pro-

1977 2226 2158 2284 ptcrca
2183 2234 2320 2272 nunc
2339 2221 2498 2276 timeo
2515 2223 2652 2290 plus,
2671 2239 2828 2294 quam
2856 2235 2980 2280 tunc
3005 2227 3328 2294 metuebam,
3351 2236 3406 2282 et
3431 2228 3573 2298 quod

1977 2315 2103 2360 tunc
2133 2305 2395 2376 dicebam,
2433 2325 2572 2365 nunc
2592 2315 2760 2382 magis
2777 2313 3028 2380 formido,
3063 2332 3130 2372 ne
3159 2317 3406 2386 graviora
3429 2319 3575 2388 prio-

1975 2397 2124 2450 ribus
2175 2399 2328 2453 nobis
2355 2401 2684 2458 attrahamus
2713 2403 2847 2458 mala
2879 2447 2892 2474 ,
2929 2415 3156 2476 tuncque
3187 2409 3396 2478 plagam
3423 2409 3573 2464 incu-

1973 2487 2194 2542 rabilem
2221 2503 2249 2542 a
2281 2489 2388 2564 Deo
2415 2491 2760 2560 accipiamus.
2789 2493 3088 2558 Cumcniiu
3117 2498 3236 2566 quis
3263 2497 3572 2568 frequenter

1973 2594 2202 2648 peccans
2223 2595 2250 2633 a
2283 2582 2390 2636 Dco
2421 2585 2627 2638 veniam
2655 2587 3018 2656 consequitur,
3049 2598 3102 2642 et
3135 2597 3318 2657 postea
3341 2591 3471 2644 nihil
3496 2591 3564 2646 ab

1971 2671 2234 2739 ejusmodi
2279 2675 2558 2729 tolerantia
2595 2676 2684 2732 Dei
2719 2677 2954 2734 literatur
2981 2681 3044 2734 ad
3077 2682 3366 2750 nequitiam
3398 2683 3565 2752 depo-

1972 2763 2222 2827 nendam,
2257 2763 2470 2818 demum
2506 2765 2575 2818 ita
2603 2782 2723 2821 cum
2756 2769 2843 2822 illo
2873 2771 2980 2840 agit
3019 2771 3181 2836 Deus,
3213 2781 3270 2826 ut
3299 2775 3380 2828 vel
3403 2774 3567 2829 invito

1973 2853 2048 2907 illi
2079 2856 2342 2910 malorum
2375 2859 2732 2928 COiOpilonem
2779 2863 3050 2928 immittat,
3079 2879 3309 2934 eumque
3353 2865 3568 2935 penitus

1968 2957 2228 3014 conterat,
2283 2967 2456 3020 neque
2503 2953 2640 3007 ultra
2695 2955 2768 3008 illi
2814 2954 3052 3010 inducias
3099 2955 3164 3010 ad
3197 2951 3566 3025 paenitentiam

1969 3039 2244 3102 concedat,
2275 3041 2414 3110 quod
2447 3051 2500 3096 et
2545 3043 2643 3112 ipsi
2692 3044 2954 3098 PlriraOni
3005 3047 3244 3114 Contigit.
3281 3047 3379 3103 Ubi
3423 3051 3564 3104 cnim

1971 3129 2154 3196 priori,
2212 3130 2466 3195 secunda,
2501 3133 2672 3196 tertia,
2707 3145 2896 3201 quarta
2941 3137 3164 3206 aliisque
3211 3141 3562 3206 sequentibus

1971 3221 2157 3290 piagis,
2193 3222 2281 3275 Dei
2321 3223 2776 3292 longaniinitatem
2821 3237 3071 3295 expertus
3098 3271 3111 3294 ,
3145 3229 3276 3284 nihil
3309 3231 3432 3285 hinc
3459 3231 3566 3284 uti-

1969 3311 2132 3366 litatis
2161 3315 2474 3382 accepisset,
2511 3312 2724 3370 attritus
2771 3315 2985 3384 demum
3031 3327 3114 3372 est
3140 3335 3260 3374 cum
3285 3329 3392 3374 tota
3437 3321 3564 3376 civi-

1967 3417 2092 3468 tate,
2133 3407 2473 3476 {auditusque
2524 3408 2752 3464 deletus.
2813 3409 3044 3480 ldipsum
3099 3423 3152 3465 et
3199 3411 3369 3466 iudici
3419 3415 3562 3482 passi

1965 3509 2108 3554 sunt.
2141 3500 2498 3566 QiiaiiiObreiii
2533 3499 2780 3556 Christus
2807 3518 2926 3558 cum
2955 3518 3046 3558 eos
3073 3504 3374 3573 perditurus
3401 3507 3562 3559 vastiv

1965 3601 2234 3663 talemque
2275 3593 2404 3661 ipsis
2451 3602 2760 3663 perpetuam
2785 3595 3096 3651 inducturus
3126 3607 3288 3661 esset,
3313 3597 3390 3652 sic
3409 3597 3558 3652 dice-

1967 3685 2054 3736 bat
2083 3701 2093 3734 :
2141 3685 2344 3750 Quoties
2391 3685 2527 3738 volui
2569 3701 2874 3756 congregare
2891 3687 3024 3754 ﬁlios
3047 3695 3181 3754 tuos,
3203 3696 3250 3740 et
3277 3689 3515 3744 noluistis
3535 3691 3563 3742 .9

1967 3774 2098 3828 Erro
2123 3777 2430 3846 rriinquetur
2459 3777 2638 3831 domus
2667 3785 2828 3832 vestra
2873 3779 3070 3834 deserta
3099 3778 3247 3852 (Luc.
3299 3782 3388 3842 15.
3440 3781 3553 3850 54).

1963 3867 2148 3920 Timeo
2195 3867 2352 3936 igitur
2399 3883 2465 3922 ne
2519 3884 2616 3923 nos
2655 3884 2866 3940 quoque
2911 3871 3098 3925 eadem
3129 3871 3240 3940 ipsa
3273 3872 3556 3941 patiamur,

1963 3959 2082 4026 quia
2113 3973 2208 4012 net:
2239 3959 2446 4024 alienis,
2477 3975 2575 4014 nec
2617 3960 2816 4016 nostris
2853 3961 3009 4017 malis
3031 3961 3098 4016 ad
3131 3961 3407 4017 meliorem
3442 3963 3556 4020 fru-.

1961 4064 2080 4116 gem
2135 4051 2457 4104 traducimur.
2507 4049 2624 4105 Non
2650 4050 2804 4106 vobis
2833 4053 3006 4107 solum
3037 4068 3178 4108 nunc
3207 4055 3560 4125 prmsentibns

1963 4141 2076 4194 haec
2107 4141 2136 4193 d
2161 4157 2243 4206 co,
2279 4141 2372 4196 sed
2421 4142 2484 4195 iis
2521 4143 2704 4208 etiam,
2733 4145 2820 4214 qui
2852 4161 2880 4198 a
2923 4145 3228 4214 quotidiana
3276 4147 3554 4218 diligentia

1963 4233 2211 4286 abetracti
2263 4241 2404 4302 sunt,
2438 4243 2490 4288 et
2529 4235 2766 4304 priorum
2797 4236 3158 4291 calamitatum
3191 4237 3341 4292 obliti
3374 4255 3388 4291 :
3419 4255 3555 4310 quos

1961 4339 2064 4386 non
2095 4325 2366 4380 r.:=.~.::',-abam
2412 4341 2644 4396 semper,
2671 4343 2756 4382 me
2802 4329 2974 4398 ipsum
3007 4329 3156 4398 quasi
3187 4331 3551 4401 disrumpens,

1959 4417 2036 4468 sic
2065 4417 2260 4486 alioqui
2293 4435 2310 4473 :
2363 4419 2584 4474 Etiamsi
2615 4421 2934 4476 tcntationes
2961 4423 3288 4490 transierint,
3339 4437 3554 4481 maneat

1959 4507 2008 4560 in
2041 4511 2228 4562 animis
2259 4511 2450 4564 vestris
2479 4513 2828 4566 tentationnm
2882 4515 3164 4580 memoria,
3207 4523 3266 4570 ut
3307 4513 3552 4573 beneficii

1959 4600 2262 4666 is‘i-tiiix-ttlt‘t‘
2317 4601 2684 4667 recordantes,
2735 4605 2932 4673 gratias
2973 4617 3232 4676 perpetuo
3257 4608 3552 4684 referamus

1955 4693 2078 4746 iliird
2111 4695 2400 4748 commenti
2433 4697 2560 4750 Deo.
3187 4723 3190 4726 ·

2125 4785 2300 4838 .Snnrti
2321 4803 2480 4856 neque
2507 4791 2765 4852 (rt'umnis,
2787 4807 2946 4868 neque
2973 4795 3202 4848 secundis
3228 4795 3376 4849 rebus
3403 4795 3550 4862 fran-

1952 4889 2156 4946 gmrtnr.
2187 4909 2256 4920 κ-
2283 4878 2406 4932 Ηςιεο
2436 4889 2488 4932 et
2519 4889 2642 4934 tunc
2677 4881 2941 4948 dicebam,
2973 4894 3026 4938 et
3057 4901 3196 4940 nunc
3225 4885 3346 4941 dico
3371 4888 3545 4957 vobis,

1951 4983 2012 5022 ac
2047 4985 2138 5036 per
2173 4987 2262 5023 vos
2309 4971 2426 5024 illis.
2463 4970 2738 5027 Imitemur
2765 4983 2996 5038 sanctos,
3029 4977 3118 5046 qui
3146 4993 3320 5048 neque
3345 4993 3374 5032 a
3399 4981 3545 5036 cala-

1953 5063 2220 5115 mitatibus
2245 5063 2476 5131 frirsftipli
2501 5073 2642 5130 sunt,
2675 5080 2844 5134 neque
2873 5067 3119 5122 secundis
3147 5070 3306 5124 rebus
3337 5071 3547 5127 mollioc

1951 5167 2034 5202 πμ.
2067 5167 2202 5206 eras»
2229 5169 2302 5214 ira,
2351 5165 2402 5205 ιιι
2434 5155 2733 5222 compitires
2787 5156 3058 5210 hominum
3103 5175 3245 5215 nunc
3285 5159 3544 5228 facimus;

2376 5245 2598 5313 cymba},
2637 5231 2756 5316 quae
2801 5248 3034 5318 qualibet
3073 5251 3426 5318 procellarum
3461 5255 3544 5308 in-

1947 5345 2169 5400 gsiiisiire
2223 5351 2268 5384 ιι
2313 5337 2688 5388 circumventa
2737 5337 3138 5408 demerguntur.
3203 5341 3332 5396 Nam
3398 5359 3542 5414 smpe

1948 5243 2086 5294 sicut
2113 5243 2334 5296 ἐριὲιῖικικς

1949 5441 2098 5492 ρξιιξμ-
2125 5437 2228 5480 ius
2263 5429 2509 5494 ingruens
2539 5443 2635 5483 nos
2667 5430 2719 5484 in
2763 5433 3078 5500 profundum
3119 5417 3404 5504 deiecit-ac
3445 5437 3542 5490 de-

1947 5521 2128 5570 mersit
2160 5559 2170 5569 .
2205 5535 2496 5588 lit‘i‘;llttt!llﬂ
2527 5520 2806 5576 afﬂuentes
2835 5524 3030 5580 divitia:
3073 5541 3168 5580 nos
3197 5525 3534 5592 illii-H'Cl‘uui,

1945 5621 1994 5662 at
2029 5633 2074 5662 ιιι
2125 5631 2411 5666 ,κίιι-ίξκιςιξει
2455 5615 2724 5668 deduxere
2763 5618 3156 5687 negligentiam.
3207 5621 3542 5688 Quapropter

1947 5719 2092 5772 Mign.
2129 5707 2300 5756 minii
2337 5709 2714 5774 idinqucntcs,
2751 5711 2954 5764 animas
2979 5723 3186 5766 τιθείης
3213 5711 3276 5765 ad
3307 5711 3536 5765 salutem

2767 5807 2904 5856 enim
2951 5802 3084 5858 bene
3127 5817 3246 5856 sese
3287 5799 3534 5866 habente,

3129 5893 3200 5948 1‘.)

1943 5798 2130 5866 διν-,ςιιεί
2175 5813 2554 5866 (ξίιῖιιςιιιιιιηξεις
2587 5819 2596 5850 ;
2633 5803 2726 5854 init.
