4190 6322
702 441 803 496 ἲ,ὓό
1400 437 1453 492 S.
1496 434 1773 492 JO.\NNIS
1813 432 2282 492 CHRYSUSTOMI
2326 431 2641 497 ABCIHEP.
2683 433 3223 496 CUNSTAN'I'l-NOP.

694 551 1066 621 quodcumque
1107 550 1313 621 iugruct
1339 549 1485 616 mali,
1527 551 1640 605 sive
1682 551 1870 613 fames,
1901 563 1994 604 seu
2032 549 2270 612 morbus,

696 655 789 694 seu
819 638 1186 711 sycophantia,
1216 654 1310 694 seu
1342 639 1680 708 pecuniarum
1725 637 1951 708 direptio
1971 679 1985 704 ,
2015 652 2107 691 seu
2138 633 2278 690 aliud

695 729 928 798 quidvis,
959 728 1232 783 tolerabile
1259 728 1361 783 erit
1405 742 1468 783 ac
1510 727 1626 783 leve
1666 735 1883 797 propter
1908 726 2118 780 Doinini
2150 740 2284 794 prte-

696 831 914 890 ceptum
942 835 1005 876 ac
1030 835 1201 890 spem,
1229 835 1385 892 quam
1429 821 1481 874 in
1514 820 1660 874 illum
1692 819 1948 872 habemus
2027 813 2284 887 quemad-

700 910 919 965 modum
946 925 1128 965 rursus
1154 912 1327 966 anima
1357 926 1480 979 erga
1513 911 1675 964 Deum
1701 924 1805 963 non
1834 916 1979 962 recte
2007 905 2282 976 disposita,

695 1001 797 1055 ctsi
827 1000 1023 1056 divitiae
1055 1001 1295 1067 afﬂuant,
1327 1001 1502 1055 adsint
1531 999 1704 1065 liberi,
1736 1000 2098 1068 immensaque
2129 1011 2288 1066 pecu-

701 1091 811 1158 nia,
862 1107 1082 1162 magnos
1121 1092 1218 1144 sibi
1257 1105 1518 1146 maerores
1551 1099 1605 1144 et
1641 1088 2022 1144 sollicitudines
2059 1085 2290 1141 attrahct

701 1184 788 1252 is,
841 1185 930 1255 qui
980 1185 1188 1238 illorum
1237 1183 1454 1253 potitur.
1497 1181 1574 1236 Ne
1610 1182 1790 1252 itaque
1831 1179 2041 1234 divitias
2083 1193 2291 1247 quiera-

705 1290 844 1342 mus,
872 1289 940 1330 ne
968 1283 1332 1344 paupertatem
1360 1273 1653 1344 fugiamus;
1678 1273 1771 1328 sed
1794 1289 1899 1342 pne
1921 1271 2167 1326 omnibus
2195 1284 2292 1324 no-

707 1379 870 1422 stram
899 1367 1088 1438 singuli
1119 1382 1366 1422 curemus
1389 1367 1642 1430 animam,
1672 1379 1895 1433 eamque
1918 1364 2160 1416 idoneam
2193 1378 2289 1433 pa-

710 1476 888 1515 remus
917 1471 1025 1514 tum
1050 1462 1114 1514 ad
1140 1459 1415 1529 pricscntis
1439 1461 1560 1513 vita:
1588 1459 2060 1528 dispensationem,
2086 1467 2192 1510 tum
2225 1456 2290 1509 ad

708 1549 1004 1622 profectum
1031 1569 1096 1607 ex
1129 1552 1226 1606 hac
1248 1552 1351 1605 vita
1393 1551 1458 1605 ad
1488 1551 1733 1605 futuram.
1782 1549 1969 1602 Adhuc
1997 1548 2136 1602 enim
2182 1562 2296 1600 mo-

710 1645 994 1709 dicum,-ct
1024 1644 1261 1712 probatio
1291 1642 1703 1711 uniuscujusque
1744 1651 1983 1695 nostrum
2027 1640 2134 1703 fiet,
2174 1655 2295 1692 cum

714 1746 901 1788 omnes
947 1733 1275 1787 adstabimus
1331 1743 1455 1787 ante
1509 1733 1831 1787 horrendum
1890 1730 2019 1784 illud
2071 1731 2296 1784 tribunal

718 1823 921 1878 Christi
949 1825 1175 1892 prepriis
1200 1825 1494 1878 actionibus
1520 1823 1851 1888 circumdati,
1881 1831 1936 1876 et
1971 1822 2195 1890 propriis
2219 1824 2298 1874 vi-

715 1917 903 1968 dentes
941 1914 1108 1968 oculis
1134 1955 1149 1976 ,
1172 1914 1296 1969 hinc
1331 1915 1593 1985 lacrymas
1620 1914 1959 1982 pupillorum,
1980 1913 2100 1967 inde
2122 1922 2299 1979 turpes

721 2005 986 2070 lascivias,
1009 2005 1200 2073 quibus
1230 2007 1432 2059 animas
1473 2013 1682 2059 nostras
1710 2005 2129 2074 inquinavimus;
2153 2007 2302 2058 item-

718 2111 822 2164 que
865 2094 1144 2150 viduarum
1197 2099 1445 2165 gemitus,
1499 2097 1714 2166 inepum
1763 2097 2034 2165 colaphos,
2093 2099 2304 2166 rapinas

721 2200 1041 2254 pauperum;
1075 2201 1177 2239 non
1208 2185 1321 2239 luce
1347 2197 1520 2240 autem
1554 2187 1722 2238 soimn
1752 2195 1808 2240 ct
1849 2188 1930 2240 his
1966 2188 2178 2253 similia,
2211 2189 2302 2240 sed

719 2276 879 2328 etiam
907 2276 950 2329 si
979 2277 1103 2346 quid
1146 2292 1364 2345 pravum
1398 2287 1574 2331 mente
1615 2277 1830 2331 fecimus
1866 2297 1878 2331 :
1909 2279 2156 2348 quoniam
2194 2281 2306 2347 ipse

721 2376 802 2417 est
826 2365 1196 2435 Cogitatiouum
1221 2367 1484 2428 discretor,
1516 2377 1560 2420 et
1586 2369 1914 2420 intentionmn
1930 2369 2096 2437 judcx
2119 2368 2300 2439 (Hebr.

723 2458 777 2509 4.
806 2457 932 2526 12);
984 2475 1045 2512 ac
1079 2474 1310 2520 rursum,
1346 2459 1594 2512 Scrutans
1624 2460 1777 2511 corda
1807 2470 1852 2511 et
1883 2477 2022 2512 rencs
2055 2459 2224 2532 (Psal.
2253 2461 2305 2514 7.

726 2547 838 2618 {9),
867 2557 939 2611 et,
962 2547 1194 2602 Reddens
1213 2550 1481 2619 unicuique
1496 2551 1764 2603 secundum
1789 2567 1913 2620 opus
1928 2568 2074 2604 suum
2095 2549 2305 2623 (Matth.

726 2640 813 2692 ie.
844 2638 957 2708 27).

809 2727 937 2782 Vera
963 2730 1222 2799 virginitas
1250 2744 1382 2798 quae.
1441 2760 1514 2770 -—
1546 2731 1640 2786 llic
1667 2748 1825 2802 porro
1864 2748 2040 2786 sermo
2078 2749 2181 2788 non
2220 2749 2314 2789 eos

727 2820 901 2874 solum
931 2821 1166 2888 respicit,
1187 2822 1272 2890 qui
1299 2821 1351 2874 in
1368 2823 1560 2876 sacculo
1573 2823 1773 2885 vivunt,
1793 2824 1884 2877 sed
1911 2826 2068 2877 etiam
2091 2840 2202 2888 eos,
2226 2825 2313 2892 qui

733 2909 1041 2974 monasticze
1083 2911 1202 2964 vita:
1233 2925 1387 2964 causa
1421 2913 1627 2980 tuguria
1655 2912 1752 2966 sibi
1786 2914 1836 2965 in
1869 2915 2134 2967 montibus
2170 2923 2313 2968 stru-

731 3008 924 3052 xerunt
955 3018 967 3053 :
996 3001 1116 3068 quia
1146 3016 1248 3054 non
1280 3002 1438 3055 modo
1465 3018 1686 3071 corpora
1729 3018 1819 3056 sua
1865 3005 1930 3058 ab
1959 3006 2103 3058 omni
2147 3005 2316 3059 forni-

730 3090 955 3143 catir-wis
982 3091 1098 3144 labe
1126 3107 1251 3159 pura
1285 3102 1498 3146 servent
1536 3102 1762 3160 oportet,
1798 3095 1888 3147 scd
1916 3105 1968 3148 ct
1996 3097 2223 3148 animam
2251 3098 2319 3152 ab

732 3179 877 3231 omni
909 3181 1138 3233 satanica
1167 3179 1394 3234 habendi
1425 3184 1732 3250 cupiditate.
1762 3183 1876 3238 Non
1903 3185 2042 3238 enim
2072 3167 2319 3241 mulieres

735 3278 939 3322 tantum
971 3271 1257 3338 alloquitur
1297 3272 1490 3326 Paulus
1517 3275 1808 3341 aposmlus,
1848 3275 1939 3330 sed
1981 3278 2138 3329 etiam
2179 3279 2320 3332 viros

738 3360 1143 3430 universamque
1177 3363 1488 3429 Eeclesiam,
1533 3381 1650 3419 cum
1683 3367 1808 3419 dicit
1848 3367 2078 3432 animam
2125 3369 2174 3420 in
2213 3370 2322 3421 vir-

735 3451 952 3517 ginitate
986 3465 1406 3518 perseverantem
1432 3465 1676 3523 oportere
1698 3468 1932 3509 sanetam
1957 3474 2072 3510 esse
2098 3474 2321 3526 corpore

737 3550 788 3593 et
813 3542 993 3607 spiritu
1025 3543 1098 3609 (l.
1123 3542 1237 3593 (.‘or.
1269 3546 1318 3596 7.
1343 3544 1436 3612 51)
1458 3561 1470 3608 ;
1495 3560 1553 3597 ac
1586 3561 1814 3609 rursum,
1852 3546 2092 3601 Exliibete
2115 3566 2328 3616 corpora

741 3641 904 3687 castra
928 3633 1165 3700 virginem
1194 3645 1381 3686 castam
1409 3636 1465 3702 ('2
1494 3635 1640 3690 Cor-.1
1661 3638 1675 3689 Ι
1694 3676 1704 3687 .
1724 3639 1778 3705 ‘2}
1806 3638 2011 3690 Castam
2035 3641 2327 3708 quomodo?

740 3719 864 3774 Non
922 3724 1183 3776 habentem
1226 3728 1474 3778 maculam
1523 3729 1595 3780 vel
1634 3745 1808 3786 manu
1845 3729 2037 3780 v’i'fn’ics
2210 3731 2326 3801 Ξῖ).

743 3813 1178 3883 Quandoquidem
1212 3817 1438 3885 virgines
1472 3818 1592 3881 ill-i3,
1618 3837 1726 3886 (μιςι
1757 3857 1766 3870 ..
1855 3835 1863 3870 l
1896 3833 2039 3876 ,μηδ
2064 3823 2330 3879 habebant

741 3901 1014 3971 lampades
1041 3903 1251 3971 (Matth.
1284 3907 1374 3960 ‘25.
1415 3909 1465 3961 8.
1498 3917 1540 3962 et
1564 3909 1714 3978 ειμι.)
1753 3888 1984 3979 vigith
2017 3923 2168 3967 erant
2210 3930 2329 3968 cor-

742 4007 894 4062 pore,
937 3995 1031 4050 sed
1076 4013 1178 4051 non
1210 3999 1369 4053 corde
1410 4015 1592 4068 purae;
1640 4017 1802 4054 vernn.
1988 4007 2075 4058 ,..δί
2125 4007 2204 4059 vir
2243 4024 2334 4061 eas

749 4097 856 4136 non
907 4094 1252 4155 corruperat,
1308 4097 1361 4166 at
1417 4091 1756 4158 pecuniarum
1805 4109 1956 4146 amor
2002 4105 2328 4162 corruperat.

748 4173 956 4244 Corpus
983 4192 1164 4231 earum
1209 4195 1399 4248 purum
1426 4177 1562 4244 erat;
1605 4182 1698 4236 sed
1729 4185 1902 4237 anima
1941 4185 2199 4240 adulterio
2241 4187 2336 4240 ad-

748 4265 965 4320 modum
994 4267 1170 4336 pleua,
1202 4271 1376 4336 pravis
1397 4272 1801 4340 cogitationibus
1820 4289 1911 4328 eas
1934 4277 2333 4344 occupantibus,

759 4356 998 4422 pecunia:
1027 4357 1150 4411 item
1179 4372 1382 4426 amore,
1420 4361 1824 4428 inhumanitate,
1876 4365 1972 4431 ira,
2012 4365 2221 4429 invidia,
2247 4367 2340 4420 de-

755 4444 915 4512 sidia,
960 4446 1260 4516 oblivione,
1305 4452 1571 4519 superbia,
1615 4454 1860 4507 omnibus
1901 4457 2096 4523 pariter
2125 4458 2339 4525 virgini-

755 4538 880 4592 tatis
921 4551 1101 4593 earum
1145 4540 1453 4612 dignitatem
1484 4543 1940 4601 labefactantibus.
1985 4548 2107 4602 Ideo
2134 4549 2340 4604 dicebat

755 4624 952 4682 Paulus
977 4647 989 4681 :
1022 4629 1087 4684 Ut
1126 4632 1264 4701 virgo
1291 4633 1354 4686 sit
1391 4645 1565 4688 sancta
1593 4652 1803 4707 corpore
1843 4648 1889 4691 et
1915 4641 2096 4708 spiritu
2121 4640 2193 4711 (l.
2221 4642 2337 4695 Cor.

761 4719 814 4772 7.
845 4719 969 4789 Si);
997 4729 1051 4775 et
1081 4722 1292 4788 iterum,-
1345 4723 1597 4796 Virginem
1637 4739 1826 4781 castam
1870 4731 2099 4784 exhibere
2142 4733 2340 4787 Clu-isto

761 4811 838 4880 (9..
867 4811 982 4868 Cor.
1015 4816 1099 4869 Η.
1126 4815 1204 4885 2).
1235 4816 1690 4883 Quemadmodum
1719 4824 1859 4876 enim
1881 4838 2073 4893 corpus
2115 4824 2340 4880 fornica-

761 4904 906 4960 tione
945 4909 1322 4977 corrumpitur,
1372 4911 1440 4965 ita
1483 4921 1537 4967 et
1579 4912 1754 4967 anima
1798 4930 1827 4966 a
1869 4917 2116 4971 satanicis
2143 4921 2343 4986 cogita-

762 4994 997 5051 tionibus
1028 4997 1274 5064 ftedatur,
1315 5016 1343 5054 a
1370 5005 1632 5072 corruptis
1661 5004 2015 5074 dogmatibus,
2049 5007 2115 5060 ab
2155 5009 2343 5060 absur-

762 5087 845 5140 dis
862 5090 1290 5158 cogitationibus.
1318 5093 1447 5146 Nam
1475 5096 1564 5163 qui
1595 5093 1743 5161 dicit,
1777 5096 1936 5165 Virgo
1956 5112 2070 5150 sum
2102 5114 2344 5167 corpore,

768 5179 942 5232 anima
968 5196 1096 5235 vero
1123 5182 1326 5237 invidet
1357 5183 1526 5249 fratri,
1559 5186 1644 5240 hic
1674 5188 1821 5256 virgo
1850 5203 1953 5241 non
1982 5199 2064 5242 est
2089 5207 2102 5243 :
2130 5192 2344 5260 virgini-

767 5279 929 5325 tatem
955 5273 1093 5327 enim
1124 5273 1237 5343 ejus
1274 5276 1479 5330 vitiavit
1505 5275 1689 5332 livoris
1717 5279 2044 5334 commixtio.
2081 5279 2206 5334 ltem
2239 5284 2322 5335 ina

769 5362 853 5414 uis
905 5363 1083 5430 gloriae
1130 5375 1404 5434 appetens,
1452 5381 1557 5422 non
1609 5379 1692 5423 est
1745 5370 1893 5439 virgo
1937 5389 1949 5425 :
1996 5373 2345 5441 virginitatem

769 5455 968 5523 quippe
997 5455 1111 5522 ejus
1145 5459 1383 5526 corrupit
1429 5458 1606 5514 livoris
1635 5462 1824 5529 cupido
1856 5479 1867 5514 :
1901 5463 2096 5516 etenim
2134 5465 2350 5519 morbus

772 5543 860 5598 ille
907 5545 1068 5598 animi
1124 5545 1411 5616 ingressus,
1462 5549 1578 5618 ejus
1626 5551 1981 5622 virginitatem
2021 5553 2201 5607 solvit.
2252 5557 2350 5620 Qui

773 5649 901 5688 vero
926 5635 1037 5690 odit
1066 5636 1284 5693 fratrem
1311 5655 1487 5708 suum,
1518 5641 1607 5696 ille
1649 5642 1912 5699 homicida
1959 5646 2153 5713 potius,
2194 5662 2349 5716 quam

771 5727 922 5795 virgo
949 5739 1050 5783 est.
1080 5727 1252 5798 thue
1295 5731 1594 5786 summatim
1623 5731 1817 5799 dicam,
1858 5736 2083 5805 quisque
2119 5751 2208 5801 eo,
2247 5753 2352 5806 quo

774 5824 986 5874 tenetur
1014 5821 1173 5875 animi
1215 5822 1399 5880 morbo
1419 5865 1435 5889 ,
1461 5823 1812 5896 virginitatem
1853 5840 2002 5884 suam
2027 5831 2342 5897 corrumpit.

3869 429 3985 482 305

2389 543 2592 600 Idcirco
2637 545 2832 602 Paulus
2879 546 3040 602 hasce
3089 559 3277 614 pravas
3328 557 3513 598 omnes
3565 540 3992 597 commixtione:

2385 636 2568 706 abigit,
2619 649 2776 708 atque
2818 638 2964 707 jubet
3013 652 3111 691 nos
3165 638 3233 690 ita
3283 636 3513 705 virgines
3557 649 3700 699 esse,
3748 643 3807 687 ut
3858 633 3990 686 nul-

2387 725 2491 779 lam
2519 729 2838 782 contrariam
2866 729 3241 798 cogitationem
3271 727 3325 780 in
3353 725 3528 780 anima
3566 735 3760 795 Sponte
3800 725 3996 778 susci-

2392 831 2616 886 piamus.

2462 899 2515 962 4.
2544 907 2678 974 Quid
2707 908 2865 979 igitur
2889 909 2955 964 ad
3004 910 3117 964 haec
3149 908 3427 963 dicemus?
3470 907 3737 977 quomodo
3773 905 4004 960 miseri.

2392 997 2626 1050 cordiam
2670 999 3101 1066 consequemur?
3128 998 3397 1067 quomodo
3437 997 3700 1052 salutem?
3746 997 3863 1066 Ego
3913 995 4007 1048 di-

2396 1104 2512 1144 cam
2538 1107 2551 1142 :
2583 1088 2875 1142 orationem
2922 1088 2972 1141 in
3003 1088 3164 1143 corde
3188 1103 3402 1156 semper
3436 1086 3809 1156 suscipiamus,
3837 1085 4007 1155 ejus-

2395 1195 2499 1248 que
2525 1178 2746 1242 fructus,
2784 1193 2976 1247 nempe
3018 1179 3392 1245 humilitatem,
3415 1189 3470 1234 et
3497 1178 4006 1241 mansuetudinem;

2397 1269 2587 1322 Discite
2618 1268 2782 1332 enim,
2812 1268 2999 1338 inquit,
3026 1285 3058 1321 a
3084 1285 3163 1322 me
3205 1271 3322 1339 quia
3368 1267 3504 1324 mitis
3541 1285 3654 1324 sum
3695 1278 3743 1322 et
3782 1267 4012 1320 humilis

2397 1361 2565 1426 corde,
2596 1367 2642 1414 et
2669 1359 2926 1413 invenietis
2941 1361 3158 1428 requiem
3178 1360 3443 1413 animabus
3469 1360 3638 1412 vestris
3664 1357 3886 1426 (Matth.
3918 1359 3980 1411 Η
3996 1396 4011 1409 .

2400 1450 2525 1517 29);
2557 1466 2874 1520 rursumque
2897 1450 3064 1504 David
3090 1469 3102 1503 :
3132 1450 3458 1517 Sacri/icium
3499 1450 3606 1504 Deo
3630 1451 3841 1520 spiritus
3873 1467 4015 1502 con-

2401 1542 2666 1596 tribulatus
2695 1559 2713 1596 .'
2741 1559 2830 1596 car
2853 1544 3122 1596 contritum
3149 1553 3197 1599 et
3223 1544 3543 1596 humiliatum
3573 1542 3711 1597 Deus
3756 1560 3864 1597 non
3912 1544 4017 1596 dc-

2401 1636 2575 1703 spiciet
2597 1634 2714 1704 (Ps.
2745 1634 2834 1689 50.
2867 1635 2980 1705 19).
3009 1634 3149 1688 Nihil
3176 1635 3320 1689 enim
3361 1635 3430 1688 ita
3475 1634 3616 1687 Dcus
3649 1634 4019 1702 amplectitur

2402 1736 2455 1780 ct
2491 1738 2654 1791 amat,
2694 1735 2750 1779 ut
2795 1727 3028 1780 animam
3071 1728 3252 1780 mitem
3303 1734 3357 1780 et
3402 1725 3655 1779 humilem
3683 1734 3737 1779 et
3766 1736 4013 1794 gratam.

2408 1816 2639 1870 Advertc
2672 1817 2830 1884 igitur
2849 1806 2902 1870 ei
2929 1826 3004 1880 tu,
3035 1815 3230 1880 frater;
3260 1832 3380 1870 cum
3413 1817 3537 1884 quid
3567 1815 4018 1884 inexspectatum

2411 1907 2505 1960 tibi
2537 1906 2788 1961 acciderit
2832 1907 3236 1977 molestiamque
3279 1909 3495 1973 crearit,
3541 1923 3609 1962 ne
3645 1910 3709 1960 ad
3752 1909 4024 1962 homines

2409 1999 2703 2068 confugias,
2732 2015 2797 2053 ne
2826 1998 2889 2052 ad
2919 2001 3142 2053 mortale
3169 2001 3429 2053 auxilium
3457 2002 3745 2069 respicias;
3771 2001 3868 2054 sed
3901 2015 4028 2054 om-

2411 2102 2913 2156 nestrauscurrens,
2942 2101 3123 2147 mente
3162 2100 3252 2146 tua
3293 2091 3359 2145 ad
3396 2094 3691 2146 animarum
3732 2093 4025 2146 medicum

2413 2191 2464 2234 te
2493 2180 2696 2235 confer.
2726 2180 2856 2234 Nam
2893 2181 3008 2250 ipse
3037 2182 3183 2235 solus
3209 2181 3356 2235 cordi
3389 2181 3650 2235 medelam
3682 2181 3883 2235 am-rre
3916 2197 4026 2250 po-

2413 2279 2534 2334 test,
2565 2272 2653 2340 qui
2701 2272 2851 2325 linxit
2895 2271 3204 2340 singillatim
3247 2272 3410 2326 corda
3449 2281 3628 2325 nostra
3670 2282 3723 2326 et
3755 2271 4026 2340 intelligit

2413 2366 2588 2417 omnia
2619 2379 2781 2433 opera
2814 2375 2992 2418 nostra
3024 2363 3138 2434 (Ps.
3173 2363 3261 2418 39..
3293 2363 3380 2434 15)
3407 2382 3420 2417 :
3452 2365 3565 2431 ipse
3589 2372 3764 2431 potest
3793 2363 3846 2416 in
3877 2377 4026 2416 cou-

2414 2457 2690 2510 scientiam
2719 2465 2953 2508 nostram
2979 2455 3206 2520 ingredi,
3239 2464 3468 2508 mentem
3503 2462 3717 2522 tangere
3744 2453 4028 2506 animam-

2415 2560 2518 2612 que
2545 2543 2832 2597 cohortari.
2862 2543 3013 2609 Quod
3043 2546 3085 2596 si
3114 2545 3226 2612 ipse
3249 2558 3352 2596 non
3379 2543 3688 2596 coliortetur
3709 2543 3881 2596 corda
3909 2559 4019 2595 no-

2418 2644 2549 2699 stra,
2585 2651 2701 2703 qute
2729 2635 2795 2686 ab
2825 2634 3127 2688 hominibus
3162 2632 3439 2699 accedent,
3471 2634 3732 2701 superflua
3761 2641 3819 2685 et
3851 2633 4031 2685 inuti-

2418 2725 2484 2779 lia
2511 2735 2665 2779 erunt
2695 2743 2706 2778 :
2734 2723 3182 2794 quemadmodum
3213 2724 3446 2777 vicissim
3475 2723 3584 2778 Deo
3613 2722 3945 2777 coliortante
3973 2733 4032 2776 et

2421 2816 2754 2878 consolante,
2779 2815 2984 2869 etiamsi
3015 2823 3294 2869 sescentas
3325 2813 3568 2867 homines
3595 2814 3875 2866 molestias
3894 2828 4030 2866 cre-

2422 2907 2646 2974 averiut,
2679 2921 2745 2959 uc
2773 2905 3050 2959 minimum
3077 2905 3291 2975 quidem
3316 2904 3470 2958 nobis
3501 2919 3693 2958 nocere
3716 2913 3987 2971 poterunt
4013 2921 4029 2954 :

2423 3013 2542 3053 cum
2592 2997 2733 3051 enim
2781 2996 2870 3050 ille
2913 3010 3006 3050 cor
3050 3003 3291 3050 nostrum
3340 2995 3650 3061 firmavcrit,
3684 3008 3846 3046 neruo
3889 2992 4034 3046 illud

2423 3086 2688 3156 exagitare
2714 3085 2929 3140 valebit.

2501 3180 2664 3246 Quam
2695 3178 2862 3246 facilis
2883 3177 2950 3230 ad
2977 3174 3139 3231 Deum
3163 3177 3350 3230 aditus.
3369 3205 3438 3216 —
3465 3176 3592 3230 Haec
3615 3192 3732 3230 cum
3756 3175 4035 3238 sciamus,

2427 3271 2626 3333 dilecti,
2659 3271 2726 3324 ad
2753 3271 2918 3325 Deum
2950 3284 3161 3339 semper
3177 3268 3566 3338 confugiamus,
3598 3269 3686 3336 qui
3713 3268 3832 3320 vult
3859 3277 3921 3321 et
3943 3282 4041 3337 po-

2431 3373 2534 3417 test
2557 3365 2886 3416 calamitates
2916 3361 3125 3416 solvere
3155 3371 3384 3416 nostras.
3416 3362 3482 3413 At
3509 3361 3649 3414 enim
3678 3360 3902 3427 quando
3937 3362 4045 3412 ho-

2431 3456 2599 3508 mines
2625 3469 2848 3508 exorare
2872 3463 3100 3520 oportet,
3129 3453 3370 3506 ostiarios
3406 3454 3549 3521 prius
3570 3450 3766 3518 alloqui
3804 3465 4045 3504 necesse

2435 3547 2587 3601 nobis
2613 3555 2714 3611 est,
2746 3547 3001 3612 parasitos
3032 3547 3153 3598 item
3180 3546 3589 3613 adulatoresque
3620 3543 3846 3612 precari,
3887 3545 4046 3595 mul-

2435 3647 2652 3706 tumque
2678 3637 2882 3690 itineris
2906 3651 3186 3703 capessere
3215 3654 3226 3687 :
3256 3634 3393 3703 apud
3423 3634 3590 3687 Deum
3618 3648 3737 3686 vero
3789 3633 3934 3687 nihil
3970 3635 4044 3686 si-

2437 3729 2583 3796 mile,
2612 3728 2705 3783 sed
2731 3728 2847 3782 sine
2876 3730 3224 3782 intercessore
3256 3725 3539 3780 exorabilis
3581 3735 3680 3789 est,
3711 3725 3834 3778 sine
3865 3741 4044 3794 pecu-

2437 3823 2557 3886 niis,
2607 3821 2720 3875 sine
2768 3822 3063 3890 sumptibus
3103 3818 3341 3888 petitioni
3388 3818 3574 3872 annnit
3611 3835 3624 3870 :
3662 3816 3862 3870 sufficit
3919 3818 4046 3872 solo

2438 3913 2598 3965 corde
2620 3915 2871 3977 clamare,
2899 3920 2953 3965 ct
2979 3913 3238 3981 laci-ymas
3264 3910 3479 3973 otl‘erre,
3508 3918 3563 3962 et
3603 3908 3778 3961 statim
3821 3908 4044 3977 ingres-

2440 4018 2554 4068 sus,
2576 4018 2696 4056 eum
2719 3991 3019 4057 attraxeris.
3046 4004 3114 4057 At
3135 4002 3404 4055 hominem
3431 4017 3552 4054 cum
3588 4015 3863 4066 rogamus,
3891 4015 4047 4070 sape

2441 4096 2748 4158 metuimus,
2785 4111 2848 4147 ne
2883 4095 3000 4163 quis
3030 4109 3094 4148 ex
3149 4094 3394 4158 inimicis,
3445 4104 3536 4147 aut
3573 4096 3774 4146 amicus
3819 4109 4043 4156 eorum,

2442 4196 2532 4238 aut
2561 4185 2896 4238 adversarius
2925 4185 3184 4254 quispiam
3215 4199 3326 4238 rem
3367 4183 3567 4248 audiat,
3595 4182 3806 4236 aliusve
3834 4184 4046 4237 referat

2441 4290 2524 4338 ea,
2557 4290 2674 4344 qua:
2704 4275 2839 4327 dicta
2869 4282 3012 4338 sunt,
3045 4284 3096 4327 et
3139 4274 3227 4342 jus
3271 4283 3539 4344 pervertat
3577 4292 3591 4327 :
3633 4273 3683 4326 in
3712 4273 3826 4326 Deo
3855 4283 4049 4329 autem

2445 4370 2572 4423 nihil
2603 4371 2703 4423 tale
2734 4368 2992 4436 suspicari
3025 4368 3168 4421 licet.
3195 4367 3327 4420 Cum
3359 4367 3502 4421 enim
3535 4381 3622 4422 me
3649 4366 3895 4421 volueris
3918 4383 4050 4436 pre-

2443 4461 2572 4524 cari,
2617 4460 2804 4528 inquit,
2838 4459 2984 4511 solus
3012 4457 3230 4523 accede,
3256 4456 3470 4512 nemine
3510 4465 3815 4526 pnesente;
3852 4457 3910 4510 id
3942 4469 4050 4519 est.

2443 4551 2814 4613 coraleclama,
2851 4565 3019 4617 neque
3047 4549 3181 4602 labia
3199 4562 3421 4602 movens
3446 4567 3458 4600 :
3482 4562 3604 4601 nam
3641 4546 3813 4611 Intra,
3844 4547 4050 4617 inquit,

2445 4643 2496 4694 in
2526 4642 2804 4694 cubicularii
2828 4651 2987 4706 tuum,
3016 4640 3195 4694 claude
3223 4643 3404 4694 ostium
3434 4650 3592 4702 tuum,
3633 4649 3680 4692 et
3704 4655 3797 4691 ora
3830 4637 4053 4692 Patrem

2449 4742 2606 4794 tuum,
2635 4732 2721 4800 qui
2750 4741 2819 4784 est
2847 4732 2898 4783 in
2928 4730 3216 4784 abscondito
3242 4746 3262 4784 :
3287 4739 3332 4783 et
3365 4729 3520 4783 Pater
3543 4738 3678 4793 tuus,
3708 4729 3797 4797 qui
3830 4729 3971 4783 videt
3999 4730 4050 4782 in

2448 4823 2758 4885 abscondito,
2789 4821 2960 4874 reddet
3002 4821 3084 4874 tibi
3120 4823 3171 4874 in
3203 4821 3402 4888 publica
3450 4819 3664 4888 (Matth.
3693 4821 3743 4871 6.
3776 4818 3864 4888 6).
3914 4820 4052 4874 Vide

2451 4915 2666 4966 honoris
2694 4912 3080 4967 excellentiam.
3109 4914 3238 4968 Cum
3287 4926 3371 4966 me
3420 4925 3595 4979 rogas,
3638 4908 3831 4976 inquit,
3884 4926 4055 4964 nemo

2450 5006 2655 5068 videat;
2691 5020 2811 5058 eum
2848 5015 3026 5059 autem
3067 5014 3117 5058 te
3165 5004 3367 5057 honore
3411 5001 3606 5062 aflicio,
3641 4999 3830 5054 orbem
3873 5016 4053 5055 evoco

2450 5095 2690 5150 beneficii
2715 5104 2923 5149 testem.
2948 5095 3386 5161 Obtcmperemus
3405 5105 3553 5159 ergo,
3579 5102 3748 5158 neque
3768 5090 3838 5140 ad
3863 5099 4056 5144 osten-

2453 5187 2705 5240 tationem
2738 5200 3036 5254 prccemur,
3079 5197 3249 5251 neque
3289 5191 3471 5236 contra
3517 5180 3761 5236 inimicos
3799 5191 4053 5246 nostros,

2453 5292 2554 5330 neu
2586 5275 2797 5329 modum
2829 5275 3006 5328 auxilii
3030 5273 3314 5327 doceamus
3341 5287 3484 5327 eum.
3528 5271 3659 5325 Nam
3687 5270 3731 5324 si
3754 5273 4051 5326 causidicis

2454 5378 2506 5422 ct
2533 5369 2832 5420 rhetoribus
2862 5366 3001 5435 apud
3033 5366 3271 5419 forenses
3297 5365 3502 5434 judicos
3530 5361 3803 5418 tractanda
3837 5365 4053 5433 negotia

2453 5468 2634 5513 nostra
2651 5458 2877 5512 dicimus
2899 5467 3123 5519 tantum,
3140 5455 3355 5510 modum
3378 5463 3551 5508 autem
3569 5451 3902 5507 defensionis
3924 5455 4055 5523 ipsis

2453 5552 2823 5622 relinquimus,
2858 5561 2914 5605 ut
2967 5564 3063 5620 pro
3116 5549 3282 5604 lubito
3328 5562 3418 5602 res
3461 5553 3669 5600 nostras
3707 5543 4052 5611 disponant:

2456 5645 2623 5698 multo
2653 5643 2819 5713 magis
2842 5657 2968 5711 erga
3002 5641 3167 5695 Deum
3209 5639 3277 5693 ita
3318 5636 3615 5691 faciendum
3642 5644 3742 5689 est.
3778 5633 3984 5690 Dixisti
4007 5635 4056 5688 ei

2456 5752 2670 5791 causam
2703 5747 2868 5800 tuam,
2902 5725 3079 5788 dixisti
3108 5748 3227 5802 quae
3269 5732 3455 5800 passus
3490 5728 3587 5784 es?
3620 5742 3748 5782 cave
3785 5724 3952 5781 dicas
3979 5727 4054 5781 ilii

2460 5841 2565 5898 quo
2585 5837 2736 5897 pacto
2765 5827 2854 5882 tibi
2879 5823 3129 5879 auxilium
3161 5822 3229 5878 sit
3256 5819 3528 5878 ferendum
3555 5837 3568 5850 -
3603 5817 3692 5873 ille
3726 5815 3933 5890 quippe
3960 5832 4030 5871 no

3419 3131 3450 3144 ⁵η..
