4190 6322
225 494 306 548 vit
330 492 455 565 quid
490 493 581 548 tibi
607 500 896 565 competat.
928 492 1063 549 Sunt
1085 499 1265 549 autem
1293 487 1528 562 plurimi,
1559 490 1650 561 qui
1677 487 1823 543 mille

226 599 418 660 versus
443 585 582 639 inter
599 583 861 640 orandum
891 583 1186 655 proferunt,
1213 582 1504 652 dicuntque
1529 596 1542 634 :
1573 578 1820 645 Domine,

229 673 300 730 da
325 672 456 727 mihi
494 674 736 744 corporis
764 674 1066 740 sanitatem,
1097 671 1262 743 duplo
1305 671 1505 743 plures,
1546 684 1704 740 quam
1731 667 1826 723 ba-

232 763 358 832 beo,
381 764 681 830 facultates,
706 765 965 820 ulciscere
998 764 1271 818 inimicum
1315 776 1494 817 meum
1526 778 1540 814 :
1571 759 1715 830 quod
1743 768 1827 815 est

229 855 436 927 ingenti
462 855 676 925 plenum
702 853 1052 910 absurditate.
1079 850 1440 920 Quamobrem
1468 849 1551 905 his
1574 847 1826 904 omnibus

229 949 450 1004 omissis
474 947 544 1003 ita
573 946 833 1002 orandum
853 945 1287 1017 precandumque
1307 952 1409 1009 est,
1433 952 1491 998 ut
1512 940 1829 1013 publicanus

230 1042 321 1098 ille
345 1041 436 1112 qui
476 1039 734 1096 dicebat:
780 1039 920 1094 Deus
956 1038 1208 1110 prapititts
1247 1045 1353 1092 esto
1399 1035 1524 1090 mihi
1575 1033 1830 1106 peccaturi

230 1130 383 1202 (an.
421 1130 506 1186 l8.
540 1131 644 1200 l3);
675 1139 730 1185 et
755 1130 868 1200 ipse
893 1129 1038 1184 novit
1073 1143 1179 1199 quo
1202 1135 1360 1198 pacto
1402 1125 1500 1180 tibi
1547 1126 1618 1180 sit
1655 1124 1829 1194 opitu-

230 1226 450 1282 landum
479 1245 493 1281 :
522 1242 643 1281 nam
675 1225 915 1290 Quwrite,
944 1223 1136 1294 inquit,
1168 1223 1388 1292 primum
1409 1236 1617 1292 regnum
1641 1218 1759 1283 Dei,
1783 1228 1827 1272 ct

230 1317 341 1372 hac
369 1317 540 1372 omtu'a
557 1318 861 1386 adficientur
890 1315 1024 1370 vobis
1053 1312 1267 1385 (Hatth.
1287 1311 1342 1368 6.
1368 1311 1485 1382 53).
1517 1311 1607 1366 Sic
1627 1311 1827 1380 itaque,

229 1407 435 1475 dilecti,
459 1423 578 1462 cum
607 1408 788 1462 labore
811 1416 865 1462 et
892 1405 1194 1460 humilitate
1220 1402 1685 1474 philosOphemur,
1707 1416 1835 1472 per-

231 1500 493 1556 cutientes
529 1509 743 1571 pectora
769 1509 971 1565 nostra,
1011 1496 1463 1567 quemadmodum
1492 1495 1599 1559 ille,
1633 1504 1686 1549 et
1711 1508 1831 1564 qua:

233 1595 464 1666 petimus
502 1606 896 1662 consequemur
933 1609 947 1644 :
993 1590 1076 1646 sin
1110 1591 1188 1644 ira
1217 1589 1504 1657 furoreque
1532 1586 1675 1658 pleni
1703 1601 1827 1656 pre-

232 1701 440 1748 cemur,
471 1680 860 1739 abominabiles
899 1691 955 1737 et
993 1680 1164 1736 odiosi
1202 1679 1342 1751 apud
1387 1679 1554 1734 Deum
1597 1675 1830 1747 reperie-

233 1789 375 1832 tnur.
405 1775 760 1832 Conteramus
790 1773 948 1844 igitur
990 1781 1226 1826 mentem
1266 1778 1526 1834 nostram,
1583 1766 1831 1822 humilieo

233 1882 355 1921 ntus
381 1865 590 1920 animas
615 1873 849 1929 nostras,
876 1876 1264 1933 precemurque
1300 1876 1399 1932 pro
1425 1861 1600 1926 nobis,
1633 1875 1833 1929 proque

231 1954 299 2010 iis
326 1955 415 2026 qui
446 1969 542 2009 nos
568 1954 808 2009 molestia
835 1953 1149 2010 aliecerunt.
1193 1951 1250 2008 Si
1278 1966 1507 2022 namque
1537 1951 1669 2006 velis
1693 1949 1836 2018 judi-

231 2063 354 2102 rem
388 2047 453 2101 ad
499 2047 758 2100 auxilium
787 2046 982 2100 anima:
1029 2054 1134 2100 tute
1162 2045 1487 2108 demulcere,
1523 2053 1577 2098 et
1615 2043 1680 2096 ad
1719 2052 1834 2096 tuas

231 2146 415 2209 partes
443 2136 734 2203 attrahere,
776 2151 1064 2206 numquam
1095 2152 1218 2191 eum
1257 2148 1442 2191 contra
1469 2135 1834 2190 adversarium

231 2240 385 2285 tuum
429 2228 876 2299 compellaveris..
906 2229 1113 2282 Etenim
1157 2227 1354 2298 judicis
1398 2227 1537 2281 illius
1588 2226 1707 2280 talis
1754 2234 1837 2281 est

234 2337 393 2378 mos:
423 2323 526 2376 illis
557 2323 787 2376 maxime
817 2321 1004 2374 annuit
1039 2330 1094 2376 et
1131 2320 1396 2390 postulata
1437 2317 1703 2383 concedit,
1745 2316 1834 2388 qui

235 2429 336 2483 pro
368 2412 599 2468 inimicis
634 2421 805 2474 arant,
839 2413 925 2481 qui
967 2402 1072 2466 non
1122 2419 1247 2465 sunt
1291 2408 1501 2478 injuri-.e
1545 2423 1832 2473 memores,

231 2505 325 2576 qui
348 2513 534 2559 contra
566 2504 813 2559 inimicos
857 2517 985 2559 suos
1023 2518 1129 2556 non
1174 2500 1498 2558 efferuntur.
1526 2499 1594 2555 Et
1637 2509 1838 2571 quanto

231 2596 405 2665 magis
437 2595 490 2649 bi
545 2610 603 2650 se
650 2595 724 2648 ita
772 2605 982 2665 gerunt,
1039 2601 1186 2648 tanto
1237 2593 1405 2662 magis
1457 2593 1596 2646 Deus
1649 2605 1838 2645 eorum

233 2686 485 2741 inimicos
509 2687 780 2741 ulciscitur
803 2727 817 2752 ,
847 2686 946 2740 nisi
961 2687 1028 2740 ad
1057 2686 1422 2754 pmnitentiam
1435 2691 1834 2739 convertantur.

305 2777 359 2830 5.
393 2773 498 2830 Cur
523 2775 661 2830 Deus
699 2793 790 2830 nos
813 2776 1019 2830 assidue
1045 2778 1216 2832 vexari
1243 2777 1519 2845 permittat.
1547 2805 1620 2815 â€”
1652 2773 1839 2829 Videte

233 2883 365 2937 ergo
393 2908 409 2933 ,
444 2866 667 2931 fratres,
703 2882 773 2921 ne
811 2867 1004 2936 injuria
1033 2883 1064 2922 a
1093 2865 1343 2937 quopiam
1381 2865 1614 2921 lacessiti
1658 2866 1838 2920 statim

236 2958 581 3028 indignemur
595 2965 650 3012 et
669 2959 719 3012 in
749 2959 1017 3013 tristitiam
1047 2959 1308 3023 labatnur,
1340 2958 1434 3013 sed
1457 2957 1838 3029 phil050phan-

236 3060 315 3103 tes
360 3050 565 3119 gratias
610 3063 847 3119 agamus,
891 3058 1264 3118 exspectantes
1294 3048 1550 3103 auxilium
1587 3050 1817 3104 Domini.

235 3140 434 3193 Annon
479 3148 692 3210 poterat
733 3140 874 3195 Deus
922 3149 1047 3196 ante
1093 3141 1458 3210 precationem
1503 3141 1638 3196 bona
1681 3141 1838 3196 nobis

232 3230 525 3285 conferre?
552 3247 730 3285 annon
757 3231 917 3285 vitam
948 3231 1136 3287 dolore
1163 3246 1384 3290 vacuam
1412 3231 1730 3297 concedere,
1763 3241 1841 3286 at-

233 3337 338 3391 que
390 3337 426 3376 a
474 3324 660 3392 quavis
698 3339 935 3379 aerumna
988 3325 1296 3380 remotam?
1334 3326 1440 3382 Sed
1480 3337 1703 3397 utraque
1751 3327 1839 3383 ille

234 3429 666 3489 summoamore
695 3417 839 3471 iacit.
873 3418 981 3471 Cur
1011 3418 1155 3473 enim
1187 3432 1287 3472 nos
1328 3432 1511 3475 vexari
1553 3419 1834 3488 permittit,

235 3523 335 3563 nec
364 3508 514 3564 illico
533 3509 786 3563 auxilium
810 3509 1100 3565 admovet?
1127 3510 1244 3577 Qua
1257 3510 1322 3565 de
1348 3512 1547 3567 causa?
1578 3511 1644 3567 Ut
1663 3512 1836 3582 ipsum

233 3599 453 3654 assidue
473 3598 759 3665 adeamus,
785 3600 900 3670 ejus
930 3602 1260 3670 postulantes
1289 3617 1446 3672 opem
1477 3645 1492 3668 ,
1522 3602 1589 3657 ad
1631 3603 1831 3673 ipsum-

232 3705 337 3760 que
363 3689 755 3761 coni'ugiamus,
781 3700 836 3746 et
859 3690 1167 3762 frequenter
1188 3695 1360 3763 ipsum
1377 3694 1445 3749 ad
1465 3694 1720 3749 auxilium
1737 3710 1805 3750 vo
1821 3725 1834 3733 -

233 3795 440 3836 camus.
467 3779 596 3836 Ideo
609 3783 852 3853 corporis
873 3783 1105 3850 dolores,
1127 3785 1247 3840 ideo
1265 3786 1501 3855 penuria:
1533 3785 1796 3842 fructuum
1816 3829 1832 3854 ,

237 3872 356 3929 ideo
379 3873 586 3928 fames:
618 3883 673 3928 Î¹Î¹Î¹
699 3891 767 3930 ex
789 3876 871 3930 his
883 3878 1136 3931 aerumnis
1163 3877 1341 3932 abillo
1363 3891 1576 3948 semper
1599 3879 1833 3948 pendea-

236 3980 353 4019 ntus
378 4005 394 4024 .
427 3973 592 4034 atque
620 3966 698 4019 sic
726 3982 821 4036 per
851 3968 1174 4038 temporales
1198 3983 1466 4023 {erumnas
1490 3971 1651 4024 vitam
1680 3979 1836 4024 teter-

234 4073 356 4112 nam
407 4058 460 4111 in
511 4057 877 4115 hzereditatem
934 4075 1345 4132 consequamur.
1395 4060 1578 4132 Itaque
1616 4077 1713 4132 pro
1751 4065 1835 4119 his

237 4152 396 4205 etiam
430 4152 546 4206 Deo
573 4154 772 4222 gratias
800 4169 959 4225 agere
1001 4155 1258 4211 debemus
1283 4198 1298 4222 ,
1326 4158 1416 4226 qui
1453 4157 1636 4212 multis
1660 4158 1835 4213 modis

240 4244 530 4298 sanitatem
557 4254 608 4298 et
631 4244 856 4299 salutem
881 4246 1088 4315 confert
1116 4247 1394 4303 animabus
1411 4251 1628 4304 nostris.
1658 4249 1836 4304 llomi-

234 4349 327 4390 nes
353 4336 503 4391 enim
546 4337 590 4390 si
635 4337 913 4392 minimum
945 4339 1214 4409 quidpiam
1245 4341 1399 4396 nobis
1423 4343 1667 4399 beneficii
1695 4360 1828 4400 con-

237 4426 452 4481 tulerint
478 4467 493 4491 ,
525 4427 694 4498 iisque
721 4442 904 4498 postea
925 4431 1010 4486 vel
1035 4431 1184 4486 inviti
1215 4434 1603 4503 aliquantulum
1663 4439 1833 4494 mole-

233 4519 346 4572 athe
376 4519 665 4574 all'eramus
687 4562 712 4585 ,.
730 4521 910 4576 statim
946 4525 1276 4592 exprobrant
1304 4526 1645 4596 beneï¬cium,
1676 4531 1746 4584 ita
1775 4540 1834 4588 ut

234 4611 381 4665 multi
409 4612 520 4666 sibi
549 4612 681 4681 ipsis
717 4615 1036 4671 maledicam
1069 4659 1084 4684 ,
1113 4619 1254 4688 quod
1290 4620 1357 4674 ab
1399 4621 1465 4675 iis
1508 4623 1826 4679 beneï¬cium

233 4702 456 4770 quodvis
483 4706 821 4773 acceperint:
858 4707 995 4762 Dens
1036 4725 1165 4765 vero
1195 4727 1301 4766 non
1348 4713 1424 4767 sic
1444 4732 1471 4778 ;.
1488 4715 1583 4769 sed
1634 4718 1826 4772 ctiam-

747 4831 1054 4850 â€”.L..__.______

283 4839 472 4846 ~â€”

1113 4846 1282 4853 â€”â€”â€”â€”â€”_.

1440 376 1527 433 DE
1567 371 2035 432 Î¹â€™(Î•ÎÎ¹Ï„Î•ÎÏ„Î¹Î‘.
2079 372 2306 431 llOMlL.
2351 374 2418 432 '-I.

3415 376 3519 431 306

1931 486 1977 543 si
2006 487 2184 543 statim
2230 494 2353 558 post
2390 488 2584 544 collata
2620 485 2878 544 beneï¬cia
2919 496 3291 545 contemnatur
3319 486 3522 543 alticin-

1932 589 2125 648 turque
2171 579 2494 636 contumelia
2515 620 2531 647 ,
2561 578 2738 636 adhuc
2765 593 2885 635 sese
2911 589 3101 650 purgat
3129 621 3143 643 ,
3181 580 3523 648 rationesque

1933 669 2032 728 init
2058 687 2179 728 cum
2209 673 2272 728 iis
2296 714 2311 738 ,
2340 672 2430 743 qui
2475 687 2536 728 se
2582 672 2776 742 injuria
2820 671 3113 728 aï¬‚ecerunt
3139 714 3152 736 ,
3183 672 3264 726 bis
3307 671 3520 726 verbis:

1935 762 2136 835 Papute
2154 779 2314 829 atem,
2337 762 2460 836 quid
2479 763 2578 834 feci
2603 761 2691 816 tibi
2717 761 2903 834 (mea.
2936 763 2989 818 6.
3014 763 3110 833 3)?
3139 763 3238 833 Ipsi
3269 763 3519 818 nolebant

1935 871 2057 912 eum
2089 871 2284 911 vocare
2316 855 2482 911 Deum
2513 895 2528 922 ,
2559 854 2650 911 ille
2683 870 2813 910 vero
2839 870 2945 909 non
2975 854 3218 910 cessabat
3248 855 3392 923 ipsos
3423 869 3518 925 po-

1933 947 2115 1016 pulum
2145 961 2300 1001 suum
2324 945 2636 1002 nominare:
2668 945 2767 1016 ipsi
2792 944 3085 1000 dominium
3117 946 3484 1002 detrectabant
3507 987 3522 1010 ,

1934 1039 2023 1095 ille
2053 1054 2183 1094 vero
2209 1054 2314 1094 non
2342 1038 2570 1104 negabat
2603 1053 2700 1095 eos
2728 1080 2746 1105 ,
2774 1038 2869 1095 sed
2901 1047 2957 1094 ut
2983 1039 3397 1094 suos-tractabat
3424 1080 3439 1100 .
3468 1047 3527 1095 et

1932 1131 1998 1186 ad
2026 1147 2083 1186 se
2111 1129 2356 1187 trahebat
2374 1129 2578 1195 dicens,
2602 1128 2802 1202 Papule
2823 1145 2986 1196 meus,
3015 1131 3139 1201 quid
3165 1131 3264 1203 feci
3291 1129 3380 1184 tibi
3390 1131 3417 1184 .â€™
3441 1133 3521 1184 An

1935 1223 2028 1278 tibi
2057 1238 2320 1279 onerosus
2345 1222 2416 1278 fui
2437 1265 2453 1291 ,
2488 1223 2660 1294 inquit
2689 1264 2705 1290 ,
2733 1239 2805 1278 an
2825 1224 3005 1294 gravis
3048 1231 3101 1278 et
3131 1223 3427 1279 molestus?
3458 1224 3529 1280 At
3582 1252 3585 1254 Î‡

1935 1312 2038 1369 hoc
2065 1328 2169 1369 non
2195 1324 2345 1382 potes
2375 1313 2556 1369 dicere
2581 1331 2594 1367 :
2627 1313 2755 1382 quin
2784 1313 2993 1369 etiamsi
3025 1311 3126 1368 hoc
3155 1323 3320 1380 esset,
3354 1329 3527 1383 neque

1933 1405 2013 1462 sic
2033 1405 2267 1475 oportuit
2292 1405 2500 1460 resilire
2529 1422 2542 1458 :
2578 1402 2704 1474 Qui:
2728 1406 2863 1460 enim
2896 1415 2981 1463 est.
2997 1406 3136 1474 ï¬lius
3160 1447 3174 1470 ,
3204 1422 3350 1476 quem
3387 1415 3534 1476 pater

1936 1513 2036 1552 non
2066 1494 2504 1566 corrigat-(Hebr.
2537 1494 2624 1551 l2.
2655 1495 2708 1570 7)
2727 1494 3013 1552 Mttamen
3040 1495 3142 1552 hoc
3173 1511 3277 1550 non
3307 1499 3528 1567 potestis

1935 1587 2133 1643 dicere.
2167 1589 2246 1642 Et.
2273 1589 2464 1642 iterum
2494 1587 2656 1642 alibi:
2690 1587 2839 1654 Quod
2864 1588 3159 1642 invenerunt
3187 1598 3356 1657 patres
3381 1588 3534 1641 uestri

1934 1679 1988 1731 in
2019 1694 2095 1731 me
2123 1679 2360 1732 delictum
2386 1674 2517 1745 (Ier.
2549 1677 2602 1730 2.
2632 1677 2732 1747 5)?
2761 1677 3005 1748 Magnum
3048 1686 3103 1732 et
3141 1677 3386 1732 mirabile
3439 1679 3524 1733 di-

1935 1771 2280 1840 ctumzquod
2335 1771 2477 1826 enim
2536 1772 2664 1835 dicit
2709 1770 3013 1840 huiusmodi
3069 1782 3181 1825 est:
3215 1769 3352 1840 Quid
3406 1786 3536 1841 pec-

1937 1867 2104 1922 cavi?
2156 1867 2328 1936 inquit
2367 1866 2508 1922 Deus
2548 1864 2889 1920 hominibus:
2916 1862 3052 1931 Quid
3099 1863 3351 1934 peccavi?
3394 1863 3539 1934 quod

1903 1973 2111 2028 .neque
2149 1958 2306 2013 servi-
2333 1974 2363 2012 a
2411 1957 2644 2013 dominis
2673 1957 2777 2012 dici
2801 1957 3123 2012 concedunt.
3159 1957 3338 2026 Neque
3383 1956 3534 2022 dicit,

1939 2049 2074 2116 Quid
2117 2049 2327 2118 peccavi
2374 2049 2424 2102 in
2455 2064 2589 2110 vos;
2634 2047 2766 2113 sed,
2807 2047 2861 2100 lu
2911 2058 3088 2117 patres
3145 2056 3369 2102 vestros.
3419 2046 3528 2102 Ve-

1942 2158 2057 2196 rum
2091 2158 2264 2211 neque
2297 2144 2429 2207 hoc,
2462 2143 2571 2208 ait,
2605 2142 2828 2211 potestis
2855 2141 3056 2206 dicere,
3086 2141 3226 2212 quod
3260 2152 3536 2212 paternam

1940 2246 2067 2303 erga
2094 2249 2180 2287 me
2209 2231 2540 2286 inimicitiam
2565 2233 2808 2288 servetis.
2849 2230 3032 2303 Neque
3069 2232 3211 2288 enim
3234 2233 3540 2303 progenito-

1943 2338 2031 2379 res
2051 2332 2264 2378 vestros
2285 2323 2500 2392 permisi
2523 2338 2778 2392 umquam
2807 2324 3198 2394 providentiam
3231 2339 3403 2379 meam
3455 2326 3540 2378 in-

1942 2431 2151 2481 cusarc,
2180 2416 2231 2470 in
2279 2430 2443 2486 parvo
2480 2427 2575 2471 aut
2625 2429 2820 2486 magno
2862 2416 3163 2488 despicitns
3203 2433 3315 2474 eos.
3359 2417 3544 2488 Neque

1943 2513 2254 2582 simpliciter
2280 2513 2414 2568 dixit
2455 2530 2468 2565 :
2507 2512 2646 2580 Quid
2675 2512 2978 2569 habuerunt
3008 2524 3187 2582 patres
3217 2512 3395 2577 vestri,
3422 2510 3538 2575 sed.

1945 2603 2082 2670 Quid
2119 2605 2457 2660 inuenerunt?
2509 2604 2765 2674 Quamvis
2804 2605 2970 2659 multa
3012 2603 3342 2673 quzcsicrinl,
3372 2602 3539 2656 multa

1941 2696 2358 2766 circumquaque
2410 2698 2676 2752 moverint
2722 2705 2799 2750 tot
2843 2695 2996 2749 annis
3027 2709 3147 2748 meo
3187 2693 3286 2747 sub
3317 2693 3544 2761 imperio

1943 2787 2216 2857 degentes,
2250 2787 2453 2842 nullum
2486 2787 2805 2844 invenerunt
2845 2787 2897 2841 in
2938 2800 3026 2840 me
3064 2784 3341 2840 delictum.
3384 2782 3532 2851 lgitut

1944 2876 2134 2934 horum
2153 2880 2391 2934 omnium
2408 2891 2566 2934 causa
2596 2877 2904 2947 frequenter
2929 2875 2993 2931 ad
3012 2891 3134 2931 eum
3151 2874 3541 2943 confugiamus,

1943 2982 1997 3028 et
2023 2973 2075 3027 in
2103 2973 2250 3029 omni
2277 2985 2510 3028 mcerore
2531 2970 2949 3027 consolationem
2980 2968 3097 3038 ejus
3125 2982 3459 3036 qumramus,
3491 2966 3543 3020 in

1943 3065 2089 3120 omni
2118 3065 2422 3122 calamitate
2450 3064 2568 3135 ejus
2592 3062 2934 3129 solutionem,
2959 3060 3075 3131 ejus
3096 3057 3541 3122 misericordiam,

1946 3156 1998 3211 in
2024 3156 2168 3212 omni
2213 3155 2507 3211 tentatione
2550 3154 2670 3225 ejus
2716 3152 2970 3207 auxilium
3013 3159 3545 3227 :quantumcumque

1943 3248 2084 3303 enim
2113 3248 2313 3302 malum
2344 3245 2522 3312 fuerit,
2571 3253 3002 3316 quantacumque
3052 3238 3372 3295 calamitatis
3426 3255 3543 3293 ma-

1942 3339 2184 3412 gnitudo,
2211 3342 2391 3395 omnia
2421 3338 2511 3392 ille
2539 3337 2749 3392 solvere
2774 3344 2828 3389 ct
2847 3348 3097 3389 amovere
3128 3341 3333 3401 potest:
3370 3346 3544 3400 neque

1944 3432 2047 3488 hoc
2074 3439 2294 3494 tantum,
2327 3430 2418 3485 sed
2446 3420 2660 3484 omnem
2681 3426 3040 3488 Securitatem,
3063 3424 3334 3489 virtutem,
3361 3437 3540 3477 veram

1942 3522 2189 3592 gloriam,
2224 3520 2643 3576 incolumitatem
2675 3518 2916 3587 corporis
2938 3558 2952 3581 ,
2983 3513 3376 3586 philosophiam
3427 3514 3545 3567 ani-

1943 3628 2066 3680 mae,
2093 3628 2244 3682 spem
2271 3613 2485 3677 bonam,
2518 3619 2573 3667 et
2591 3621 2648 3664 ut
2672 3625 2776 3666 non
2806 3608 2960 3664 facile
2989 3621 3288 3677 peccemus,
3311 3606 3361 3660 id
3387 3605 3543 3662 nobis

1942 3703 2059 3771 ejus
2085 3702 2294 3757 bonitas
2322 3699 2584 3756 conferet.
2625 3700 2705 3754 Ne
2754 3700 2933 3762 itaque
2987 3697 3314 3767 ingratorum
3355 3712 3562 3772 ÎµÎµÎ¹-Ï„Î¿Î¿,

1943 3809 2059 3849 rum
2087 3809 2238 3848 more
2254 3807 2672 3858 murmuremtts,
2694 3805 2867 3862 neque
2886 3789 3168 3845 Dominum
3197 3789 3500 3844 incuscmus
3524 3805 3538 3854 ;

1941 3887 2034 3942 sed
2058 3887 2111 3940 in
2142 3885 2391 3940 omnibus
2415 3884 2614 3954 gratias
2643 3896 2896 3953 agamus,
2930 3889 2984 3936 et
3018 3896 3180 3934 unum
3210 3880 3380 3935 solum
3415 3895 3540 3953 \ma-

1941 3979 2051 4033 lum
2081 3992 2203 4033 esse
2236 3984 2504 4046 putemus,
2547 3989 2740 4044 nempe
2771 3973 2824 4027 in
2855 3987 2976 4028 eum
3008 3987 3254 4044 peccare.
3299 3974 3474 4041 Atque
3495 3971 3541 4026 si

1940 4072 2010 4126 ita
2036 4086 2160 4141 erga
2204 4070 2370 4125 Deum
2421 4067 2598 4123 ail'ecti
2655 4068 2844 4132 simus,
2874 4082 2977 4120 non
3004 4066 3241 4130 morbus,
3275 4080 3378 4118 non
3409 4079 3542 4133 pau-

1941 4173 2123 4233 pertas
2145 4203 2158 4227 ,
2192 4177 2296 4216 non
2329 4160 2614 4233 ignominia
2639 4201 2653 4226 ,
2687 4175 2790 4213 non
2820 4159 3071 4212 sterilitas
3113 4157 3399 4220 fructuum,
3435 4172 3540 4210 non

1941 4254 2084 4309 aliud
2107 4253 2381 4325 quidpiam
2403 4268 2614 4318 eorum,
2638 4268 2757 4322 qua:
2787 4251 2926 4305 inter
2956 4251 3095 4303 mala
3124 4258 3504 4317 computantur
3524 4289 3539 4314 ,

1941 4363 2040 4403 nos
2068 4348 2331 4416 excipiet;
2364 4346 2455 4402 sed
2488 4361 2674 4416 puram
2704 4354 3014 4414 castamque
3037 4341 3361 4411 voluptatem
3395 4357 3540 4397 sem-

1941 4455 2036 4509 per
2066 4439 2228 4506 nacti,
2263 4439 2423 4493 etiam
2457 4437 2630 4492 futura
2657 4436 2795 4491 bona
2824 4450 3218 4504 consequentur
3257 4452 3267 4485 :
3294 4435 3458 4504 gratia
3492 4441 3546 4487 ct

1939 4532 2266 4602 benignitate
2307 4531 2516 4585 Domini
2546 4529 2712 4583 nostri
2741 4529 2866 4583 Jesu
2900 4526 3134 4592 Christi,
3159 4527 3370 4595 quicum
3400 4524 3542 4579 Patri

1938 4625 2126 4693 gloria,
2157 4639 2258 4677 una
2289 4638 2409 4679 cum
2432 4632 2617 4676 sancto
2640 4621 2861 4690 Spiritu.
2889 4636 3028 4675 nunc
3059 4631 3111 4674 et
3147 4635 3379 4688 semper,
3413 4618 3543 4672 etin

1941 4718 2134 4772 saecula
2163 4717 2502 4771 smrulorum.
2533 4714 2724 4770 Amen.

2675 4849 3070 4858 -wâ€----.___..
3085 4848 3494 4855 v..__â€”_â€”-__.â€”â€”â€”
3509 4847 3546 4857 Ï‚

2281 4850 2670 4859 m

235 4931 516 4976 EIUSDEM
577 4932 847 4977 HOMILIA
897 4937 978 4977 DE
1008 4938 1270 4981 JEJUNIO
1318 4942 1396 4982 Î•Î¤
1440 4942 1504 4983 IN
1549 4943 1757 4987 JONAM
1803 4944 1831 4986 P

1938 4945 2212 4994 Î¡Î—Î•Î¤Î›Îœ,
2261 4945 2342 4986 Î•Î¤
2386 4943 2739 4995 Î¿Î”ÎÎ¹Î•Î¹Î•Îœ,
2789 4942 2868 4985 ET
2911 4942 3068 4984 TllliS
3128 4941 3403 4995 PUEROS,
3469 4940 3546 4982 ÎµÎ¹Î½

595 5034 672 5074 DE
720 5035 1156 5080 POENITENTIA.
1205 5040 1393 5082 DICTA
1441 5043 1552 5085 EST
1598 5044 1812 5086 AUTEM
1858 5045 1923 5087 IN
1950 5042 2286 5088 SACRORUM
2329 5042 2732 5085 JEJUNIORUM
2778 5041 3156 5085 lNGllESSUM.

1635 5190 1865 5202 â€”â€”â€”.

821 5327 1036 5365 IltullLtA
1077 5328 1106 5364 v
1155 5312 1255 5381 (Î¹Î¹).

306 5403 356 5456 l.
389 5401 536 5455 Lmta
567 5402 720 5453 nobis
748 5402 905 5455 hodie
932 5417 993 5456 ac
1021 5403 1206 5457 festiva
1235 5404 1534 5465 celebritas.
1566 5405 1829 5475 solitoque

239 5489 488 5546 tliustrior
516 5504 710 5546 cattus.
741 5493 995 5558 Qumnam
1019 5509 1148 5562 ergo
1170 5495 1365 5548 causa?
1389 5495 1582 5564 Jt-junii
1613 5499 1830 5564 pra-cla-

240 5597 346 5637 I'llttl
375 5601 511 5652 opus
544 5586 644 5638 hoc
673 5599 791 5638 esse
821 5586 978 5649 novi,
1011 5585 1199 5654 jejunii
1243 5601 1345 5639 non
1396 5588 1702 5656 praesentis,
1740 5589 1832 5642 sed

237 5678 556 5746 exspectati.
592 5676 725 5730 lllud
765 5691 993 5747 namque
1029 5692 1127 5731 nos
1167 5677 1272 5732 huc
1299 5677 1362 5732 ad
1392 5688 1666 5749 paternam
1701 5693 1830 5736 con-

302 5814 368 5873 Î¾Î±)
392 5814 576 5865 Collata
600 5828 710 5865 cum
735 5815 1172 5880 )tss.negii51828,
1203 5817 1338 5882 l829,
1362 5817 1482 5869 2i?â€œ
1499 5850 1514 5868 .

1870 5170 1946 5219 Îµ).

1965 5191 2166 5202 _.____â€”

1944 5313 2180 5382 gregavit
2200 5310 2415 5366 domum
2441 5330 2451 5364 :
2478 5311 2605 5365 illud
2629 5313 2786 5365 etiam
2811 5325 2901 5363 cos
2925 5311 3011 5380 qui
3035 5309 3261 5363 antehac
3288 5311 3546 5379 pigriores

1943 5405 2154 5458 fuerunt
2180 5444 2193 5468 ,
2224 5403 2288 5455 ad
2323 5403 2628 5456 maternas1
2661 5401 2872 5455 reduxit
2902 5415 3110 5452 manus.
3159 5399 3214 5455 Si
3245 5415 3371 5454 vero
3404 5399 3544 5468 quod

1942 5505 2284 5566 exspectetur
2312 5495 2504 5559 solum,
2540 5503 2744 5548 tantum
2773 5494 2930 5548 studii
2960 5494 3112 5547 nobis
3144 5492 3386 5562 ingessit,
3421 5508 3543 5546 cum

1942 5591 2248 5660 apparuerit
2276 5589 2678 5657 adventat-itque,
2702 5597 2953 5657 quantam
2980 5588 3029 5641 in
3065 5589 3217 5643 nobis
3244 5597 3544 5642 veneratio-

1944 5677 2066 5737 nem
2097 5681 2330 5737 efï¬ciet?
2355 5680 2440 5736 Sic
2464 5690 2517 5734 et
2542 5681 2751 5746 civitas,
2779 5680 3013 5749 principe
3041 5678 3318 5736 tremendo
3340 5679 3542 5747 ingres-

2014 5819 2024 5848 '
2057 5820 2168 5868 Î´á½³Î·,
2199 5822 2247 5866 et
2273 5827 2399 5868 unus
2422 5821 2557 5878 Reg,
2588 5820 2831 5878 paternas.
