4190 6322
645 363 749 420 307

649 492 796 544 sum,
823 489 1033 530 omnem
1073 469 1268 527 omittit
1303 466 1583 531 desidiam,
1629 464 1922 535 majorique
1969 462 2232 516 excitatur

645 565 845 621 studio.

720 653 984 709 Dtemones
1024 649 1275 721 jejunium
1320 647 1721 703 Christianorum
1760 655 2004 698 metuunt.
2032 674 2099 683 —
2127 641 2233 697 Sed

649 747 787 802 haud
820 746 1001 798 timete
1032 741 1363 796 tremendum
1394 739 1685 808 principem
1714 737 1973 807 jejunium
2011 734 2234 790 audien-

651 849 731 891 tes
763 852 775 887 :
806 850 909 887 non
945 833 1086 888 enim
1118 829 1289 897 vobis,
1319 829 1412 883 sed
1454 828 1838 881 daemoniorum
1881 834 2083 878 naturae
2124 834 2235 877 tre-

652 926 903 982 utendum
925 934 1025 978 est.
1057 922 1265 976 Etenim
1288 922 1331 976 si
1354 920 1613 974 lunaticus
1636 916 1791 971 fuerit
1814 918 1953 986 quis,
1974 916 2159 985 jejunii
2186 913 2235 968 ei

652 1016 836 1070 faciem
864 1013 1108 1077 ostende,
1138 1022 1294 1079 atque
1322 1010 1582 1078 lapidibus
1615 1008 1741 1077 ipsis
1769 1007 2091 1061 immobilior
2116 1020 2235 1058 ma-

654 1119 744 1159 net
787 1107 977 1158 timore
1014 1102 1348 1163 constrictus,
1378 1109 1431 1153 et
1457 1099 1615 1153 veluti
1649 1097 1856 1151 vinculo
1882 1097 2107 1166 quodam
2139 1096 2237 1149 de-

654 1207 832 1251 tentus
865 1214 877 1248 :
908 1196 1061 1263 idque
1093 1193 1445 1261 potissimum,
1470 1206 1588 1244 cum
1611 1190 1794 1242 viderit
1823 1189 2025 1257 jejunio
2055 1186 2240 1256 adjun-

650 1299 791 1340 etam
834 1300 1069 1339 sororem
1088 1282 1629 1349 contubernalemquc
1650 1279 1862 1348 jojunii,
1895 1280 2190 1332 orationem
2222 1292 2235 1330 :

656 1376 775 1433 idco
801 1376 1040 1432 Christus
1063 1373 1190 1427 dicit
1214 1390 1226 1427 :
1255 1372 1367 1426 Hoc
1386 1388 1543 1442 genus
1569 1388 1669 1425 non
1698 1370 1897 1439 ejicitur
1922 1371 2017 1423 nisi
2046 1371 2098 1423 in
2126 1385 2243 1423 ora-

652 1471 786 1522 tione
825 1476 869 1521 et
904 1467 1103 1538 jejunio
1132 1464 1344 1538 (Matth.
1375 1466 1461 1519 l7.
1492 1461 1607 1535 20).
1650 1464 1782 1518 Cum
1826 1465 2001 1533 itaque
2045 1469 2243 1517 nostra:

654 1559 837 1612 salutis
868 1557 1049 1611 hostes
1068 1557 1144 1610 sic
1167 1564 1532 1626 persequatur,
1556 1562 1714 1624 atque
1742 1553 1967 1608 inimicis
1994 1554 2112 1607 vita:
2138 1567 2242 1607 no—

654 1659 781 1703 stra:
813 1658 916 1701 tam
949 1649 1018 1701 sit
1047 1646 1339 1701 timendum
1361 1688 1375 1708 ,
1405 1660 1585 1699 amare
1616 1654 1668 1699 et
1688 1644 1908 1713 diligere
1934 1644 1985 1697 id
2012 1652 2241 1711 oportet,

657 1753 760 1793 non
792 1738 981 1791 timere
1014 1754 1024 1787 :
1055 1739 1099 1790 si
1129 1737 1269 1790 enim
1301 1735 1591 1789 timendum
1619 1744 1700 1789 est
1726 1777 1739 1801 ,
1784 1736 2012 1789 ebrietas
2042 1742 2096 1787 et
2123 1748 2243 1788 era-

655 1829 800 1898 pula,
820 1844 927 1882 non
948 1827 1205 1896 jejunium
1232 1826 1405 1881 timeri
1432 1826 1610 1881 debet.
1639 1826 1729 1880 llla
1752 1826 2010 1895 siquidem
2032 1834 2243 1881 nostras

660 1927 778 1986 post
823 1927 965 1989 terga
1014 1918 1180 1987 ligans
1222 1932 1431 1983 manus,
1471 1917 1721 1971 vitiorum
1767 1917 2051 1987 tyrannidi,
2084 1915 2245 1971 veluti

657 2010 866 2063 cuidam
888 2023 1059 2079 prava:
1080 2008 1330 2073 dominas,
1350 2021 1538 2061 servos
1562 2022 1660 2061 nos
1679 2008 2017 2076 captivosque
2034 2006 2207 2062 reddit
2230 2023 2245 2060 :

655 2101 915 2172 jejunium
946 2113 1071 2153 vero
1096 2112 1282 2153 servos
1309 2098 1609 2152 existentes
1633 2111 1731 2151 nos
1760 2107 1918 2166 atque
1950 2097 2137 2165 ligatos
2164 2097 2243 2151 iu—

661 2192 903 2259 veniens,
921 2190 1130 2245 vincula
1152 2190 1311 2244 solvit
1335 2197 1388 2244 et
1409 2188 1688 2259 tyrannide
1710 2189 1915 2253 liberat,
1944 2188 2248 2259 pristinam-

660 2297 763 2350 que
789 2282 843 2335 in
870 2282 1164 2353 libertatem
1194 2280 1418 2334 reducit.
1451 2279 1611 2348 lgitur
1641 2279 1853 2348 quando
1880 2279 2121 2333 inimicos
2142 2293 2245 2334 no-

658 2383 799 2428 stros
846 2381 1131 2442 expugnat,
1172 2370 1530 2440 servituteque
1574 2385 1671 2426 nos
1712 2371 2136 2444 liberat,_atque
2180 2369 2248 2424 ad

658 2465 890 2534 priorem
915 2463 1118 2518 reducit
1140 2462 1461 2529 libertatem,
1480 2478 1636 2533 quam
1667 2463 1824 2518 aliam
1849 2463 2102 2534 majorem
2128 2463 2247 2533 eius

658 2539 783 2625 erga
816 2564 1054 2609 nostrum
1077 2568 1245 2624 genus
1271 2554 1521 2609 amicitia:
1550 2556 1812 2609 rationem
1844 2556 2116 2626 exquiris?
2144 2555 2244 2611 Et-

662 2650 805 2701 enim
848 2646 1135 2700 maximum
1181 2647 1380 2701 amoris
1417 2646 1669 2701 indicium
1708 2647 1759 2700 id
1800 2661 1921 2702 esse
1949 2647 2177 2711 videtur,
2204 2647 2249 2702 si

661 2740 875 2794 eosdem
908 2740 1182 2793 nobiscum
1210 2748 1353 2793 amet
1377 2740 1517 2808 quis,
1547 2748 1599 2794 et
1619 2740 1743 2794 odio
1770 2750 2137 2810 prosequatur.

734 2830 1103 2884 Monachorum
1130 2831 1261 2884 (aut.
1286 2858 1360 2869 —
1392 2830 1481 2883 Vis
1508 2830 1734 2895 discere,
1762 2840 1989 2901 quantus
2016 2832 2245 2887 homini-

665 2923 763 2976 bus
786 2930 1007 2976 ornatus
1034 2922 1105 2975 sit
1130 2920 1411 2991 jejunium,
1441 2930 1697 2992 quantum
1726 2931 1959 2979 tutamen
1991 2938 2051 2978 ac
2080 2932 2252 2978 custo-

661 3016 781 3072 dia?
806 3014 1085 3071 considera
1110 3016 1319 3070 beatum
1350 3023 1510 3086 atque
1534 3014 1846 3070 admirabile
1867 3016 2249 3071 monachorum

663 3123 850 3176 genus.
891 3107 953 3161 lli
997 3122 1226 3178 namque
1262 3107 1546 3163 tumultum
1573 3108 1752 3163 saeculi
1784 3107 2063 3178 fugientes,
2092 3119 2250 3179 atque

662 3201 729 3255 ad
757 3200 869 3269 ipsa
892 3200 1149 3254 montium
1175 3200 1447 3254 cacumina
1466 3209 1763 3265 currentes,
1785 3202 1990 3268 tuguria
2015 3201 2063 3253 in
2082 3199 2250 3256 eremi

663 3291 843 3358 quiete
891 3289 1051 3345 veluti
1098 3290 1150 3344 in
1196 3289 1483 3359 tranquillo
1526 3289 1755 3360 quodam
1800 3301 1955 3360 portu
2008 3290 2247 3360 ﬁgentes,

664 3382 923 3451 jejunium
946 3396 1044 3436 ceu
1070 3382 1379 3436 commercii
1406 3381 1632 3450 vitzeque
1655 3381 1856 3435 socium
1882 3391 2249 3451 susceperunt.

666 3478 845 3542 Quare,
881 3475 1099 3544 angelos
1146 3489 1214 3528 ex
1261 3474 1562 3529 hominibus
1605 3473 1723 3527 illos
1769 3473 1892 3528 fecit
1933 3492 1943 3526 :
1986 3489 2093 3528 non
2134 3475 2253 3529 illos

665 3567 853 3631 modo,
882 3568 975 3622 sed
1000 3576 1051 3621 et
1082 3566 1134 3620 in
1162 3566 1379 3621 urbibus
1414 3576 1673 3636 quotquot
1700 3581 1757 3621 se
1786 3566 2073 3620 tolerantes
2102 3552 2251 3621 inve;

666 3660 766 3724 nit,
811 3658 878 3713 ad
923 3659 1094 3728 ipsum
1140 3657 1491 3728 philosophia:
1535 3659 1743 3713 culmen
1788 3657 1985 3713 evehit.
2025 3657 2156 3712 Nam
2201 3668 2255 3713 et

667 3748 840 3804 Moses
885 3760 939 3804 et
984 3748 1146 3811 Elius,
1189 3746 1572 3819 pmphetarum
1608 3750 1661 3803 in
1694 3749 1872 3804 Veteri
1910 3748 2255 3805 Testamento

664 3851 863 3903 turres,
895 3838 1102 3894 tametsi
1121 3854 1185 3894 ex
1207 3838 1325 3895 aliis
1350 3840 1583 3893 illustres
1602 3840 1882 3909 magnique
1908 3839 2251 3908 haberentur,

669 3946 734 3984 ac
761 3932 925 3984 multa
958 3929 1149 3984 ﬁducia
1178 3929 1495 3999 gauderent;
1540 3938 1717 3984 tamen
1759 3929 1803 3983 si
1842 3929 2053 3999 quando
2086 3930 2253 3985 Deum

672 4021 918 4076 volebant
962 4020 1111 4076 adire
1134 4006 1203 4075 et
1245 4020 1462 4090 alloqui,
1494 4028 1747 4089 quantum
1776 4018 1974 4074 homini
2005 4020 2256 4089 possibile

671 4122 809 4179 erat,
840 4112 905 4167 ad
937 4112 1037 4167 hoc
1063 4111 1454 4182 confugiebant,
1482 4121 1639 4180 atque
1670 4125 1763 4179 per
1790 4110 1947 4179 hujus
1971 4125 2160 4164 manus
2187 4110 2254 4165 ad

672 4206 837 4257 Deum
859 4204 1206 4258 ducebantur.
1241 4202 1447 4257 Idcirco
1474 4202 1612 4255 Deus
1646 4200 1916 4255 hominem
1941 4216 1971 4254 a
1998 4201 2256 4270 principio

672 4294 890 4359 faciens,
922 4294 1061 4348 illico
1089 4293 1320 4347 delatum
1350 4308 1473 4347 eum
1500 4290 1689 4361 jejunii
1715 4291 1959 4347 manibus
1985 4306 2259 4347 commen-

675 4382 838 4449 davit,
862 4382 1021 4437 veluti
1052 4383 1151 4452 pia;
1171 4382 1489 4452 amabilique
1508 4382 1666 4437 matri
1686 4389 1740 4436 et
1760 4382 2025 4451 magistras
2041 4381 2256 4451 optima:

674 4476 1031 4530 committens.
1060 4474 1190 4529 Nam
1218 4473 1294 4528 Ab
1320 4475 1454 4528 omni
1487 4474 1625 4545 ligno
1660 4475 1886 4543 paradisi
1921 4473 2171 4537 comedes,
2194 4473 2257 4528 de

669 4566 809 4635 ligno
844 4579 959 4619 vero
996 4563 1216 4617 scientia
1239 4563 1355 4617 boni
1375 4574 1420 4617 et
1447 4563 1568 4617 mali
1598 4580 1696 4617 non
1721 4564 1984 4618 comedetis
2018 4565 2176 4634 (Gen.
2196 4567 2251 4623 2.

673 4656 761 4711 16.
798 4654 885 4726 17)
912 4674 926 4710 :
952 4652 1008 4709 id
1030 4653 1239 4724 species
1264 4653 1455 4724 jejunii
1488 4663 1589 4710 est.
1629 4658 1684 4711 Si
1734 4664 1907 4710 autem
1936 4656 1986 4710 in
2010 4656 2257 4726 paradiso

670 4745 926 4814 jejunium
969 4745 1333 4800 necessarium
1381 4745 1495 4809 fuit,
1548 4756 1696 4800 extra
1742 4746 2043 4816 paradisum
2091 4747 2257 4803 multo

674 4836 839 4905 magis
871 4837 953 4890 :si
994 4844 1116 4891 ante
1154 4836 1362 4907 plagam
1405 4838 1547 4891 utilis
1580 4837 1844 4892 medicina
1872 4837 2063 4905 fuerat,
2093 4838 2258 4894 multo

673 4930 845 4999 magis
879 4938 999 4997 post
1024 4929 1230 4999 plagam
1264 4947 1276 4982 :
1310 4929 1353 4995 si
1386 4930 1610 4985 necdum
1639 4931 1777 4985 bello
1804 4932 2145 5001 cupiditatum
2180 4933 2257 4985 in-

672 5030 923 5092 surgentc
946 5021 1097 5076 nobis
1129 5037 1274 5076 arma
1303 5022 1512 5077 fuerant
1540 5034 1860 5093 Opportuna,
1892 5026 2062 5078 multo
2089 5025 2257 5094 magis

675 5123 795 5183 post
826 5122 1025 5169 tantum
1055 5114 1398 5184 cupiditatum
1428 5118 1667 5185 prmlium
1694 5134 1721 5169 a
1750 5117 2081 5171 dmmonibus
2108 5118 2259 5172 nobis

676 5206 898 5269 illatum,
930 5208 1285 5261 necessarium
1329 5209 1482 5263 nobis
1529 5218 1609 5262 est
1654 5208 1838 5276 jejunii
1868 5210 2255 5264 commilitium.

677 5297 729 5350 Si
760 5297 895 5352 hanc
916 5298 1151 5353 audisset
1171 5314 1352 5354 vocem
1384 5300 1574 5365 Adam,
1610 5314 1938 5370 nequaquam
1972 5301 2256 5355 secundam

676 5389 910 5445 audisset
941 5410 952 5443 :
984 5390 1146 5444 Terra
1169 5407 1240 5455 cs,
1264 5402 1308 5444 et
1330 5393 1381 5445 in
1404 5402 1585 5445 terram
1611 5395 1866 5447 reverteris
1889 5392 2036 5462 (Gen.
2067 5395 2118 5448 5.
2147 5395 2256 5463 19).

677 5480 780 5537 Sed
807 5485 1054 5553 quoniam
1078 5485 1212 5538 hanc
1234 5484 1443 5553 quidem
1470 5495 1827 5553 transgressus
1850 5496 1950 5547 cst,
1976 5496 2256 5556 propterea

676 5590 821 5627 mors
851 5583 905 5629 et
934 5592 1074 5629 rurae
1116 5588 1169 5630 et
1206 5592 1456 5629 a'rumnae
1501 5586 1553 5631 et
1597 5578 1825 5630 tristitia:
1870 5586 1924 5631 et
1965 5578 2068 5630 vita
2114 5579 2255 5632 omni

677 5678 848 5722 morte
876 5666 1084 5735 gravior
1118 5688 1128 5720 :
1163 5678 1439 5737 propterea
1472 5669 1639 5737 spinzc
1668 5678 1716 5722 et
1752 5669 1946 5733 tribuli,
1978 5680 2255 5740 propterea

674 5757 881 5813 labores
911 5770 959 5813 et
989 5759 1216 5831 dolores,
1244 5762 1452 5831 vitaque
1479 5762 1732 5831 angusdis
1760 5762 1931 5830 plena.

1352 356 1408 411 S.
1450 348 1727 411 JOANNIS
1763 344 2239 405 CHRYSOSTOMI
2278 343 2592 401 ARCHIEP.
2632 344 3174 403 CUNSTANTINOP.

3838 338 3938 396 308

2413 459 2491 515 De
2521 462 2723 531 jejunio
2762 464 2957 515 la'tatur
3008 461 3164 513 Deus.
3228 457 3534 513 Paenitentia
3580 457 3798 527 ferum,
3828 460 3939 510 licet

2340 553 2519 618 brevis,
2553 556 2711 607 multa
2738 563 2941 622 peccata
2969 553 3117 607 deiet.
3141 580 3182 591 —
3241 549 3429 605 Vidisti
3455 549 3725 621 quomodo
3749 549 3936 603 irasci-

2342 657 2427 701 tur
2456 646 2597 701 Deus
2627 646 2829 716 jcjunio
2867 645 3089 715 spreto?
3131 643 3279 698 disce
3319 653 3371 698 et
3413 644 3685 713 quomodo
3728 640 3941 695 ltetatur

2336 738 2539 809 jejunio
2565 736 2845 791 honorato.
2874 734 3334 801 Quemadmodum
3350 732 3491 788 enim
3513 732 3717 803 jejunio
3734 742 3937 801 spreto,

2342 829 2613 900 spernenti
2641 828 2959 897 supplicium
2991 825 3181 879 inﬂixit
3207 834 3433 879 mortem
3462 841 3475 877 :
3507 824 3587 877 sic
3624 824 3819 878 iterum
3850 838 3942 876 eo-

2343 922 2465 976 dem
2506 920 2788 984 honorato,
2821 919 2887 973 de
2930 926 3102 972 morte
3134 923 3368 971 revocat.
3396 914 3527 969 Nam
3555 924 3609 969 et
3630 914 3819 969 volens
3848 912 3943 968 tibi

2342 1011 2627 1067 ostendere
2651 1012 2728 1064 rei
2753 1012 3021 1074 virtutem,
3048 1018 3363 1077 potestatem
3391 1006 3487 1076 ipsi
3510 1005 3656 1060 dedit
3677 1014 3802 1073 post
3821 1018 3943 1059 sen-

2346 1107 2589 1170 tentiam,
2619 1113 2738 1173 post
2766 1103 3161 1165 abductionem,
3192 1101 3449 1155 abductos
3475 1099 3542 1153 ad
3573 1109 3803 1153 mortem
3832 1114 3945 1153 me-

2344 1196 2429 1250 dia
2455 1195 2521 1249 de
2552 1196 2634 1249 via
2666 1210 2885 1264 rapere,
2928 1202 3087 1261 atque
3130 1191 3388 1246 reducere
3427 1190 3495 1245 ad
3538 1192 3737 1256 vitam;
3787 1189 3945 1258 idque

2345 1302 2451 1342 non
2482 1287 2533 1341 in
2564 1286 2770 1340 duobus
2803 1285 3057 1347 tribusve,
3086 1292 3178 1337 aut
3199 1284 3382 1353 viginti
3412 1282 3738 1348 hominibus,
3767 1282 3865 1338 sed
3893 1284 3943 1337 in

2346 1379 2594 1431 universo
2625 1376 2968 1431 Ninivitarum
2996 1375 3193 1445 populo
3218 1391 3232 1439 ;
3261 1385 3315 1431 et
3352 1375 3539 1430 urbem
3571 1391 3819 1446 magnam
3848 1375 3945 1430 ad-

2350 1475 2749 1543 mirabilemque
2785 1488 2850 1527 ac
2891 1474 3118 1544 genibus
3162 1474 3316 1528 ﬂexis
3348 1472 3640 1542 jacentem,
3672 1470 3738 1524 ad
3772 1470 3947 1540 ipsum

2349 1566 2656 1621 barathrum
2684 1565 2794 1636 jam
2824 1566 3167 1621 inclinantem
3186 1574 3365 1634 caput,
3388 1565 3693 1619 venientem
3716 1564 3949 1630 desuper

2350 1656 2555 1727 plagam
2582 1665 2940 1725 accepturam,
2966 1656 3127 1711 veluti
3152 1656 3394 1726 quazdam
3415 1656 3581 1710 virtus
3607 1655 3847 1722 desuper
3864 1653 3951 1707 ad-

2314 1762 2317 1763 '
2349 1748 2533 1803 volans
2578 1764 2643 1801 ex
2693 1758 2842 1817 porta
2888 1749 3078 1802 mortis
3120 1748 3335 1817 eripuit,
3375 1758 3534 1816 atque
3568 1746 3636 1799 ad
3667 1746 3831 1800 vitam
3861 1760 3948 1801 re-

2353 1838 2522 1893 duxit.
2569 1838 2672 1893 Sed
2720 1840 2763 1892 si
2795 1838 3021 1897 videtur,
3058 1847 3112 1893 et
3135 1840 3303 1908 ipsam
3334 1838 3614 1891 audiamus
3645 1836 3946 1891 historiam.

2358 1930 2571 1985 Factum
2604 1942 2695 1997 est,
2726 1932 2913 2001 inquit,
2944 1933 3144 1985 verbum
3173 1930 3382 1984 Domini
3406 1932 3473 1983 ad
3502 1929 3714 1995 Ionam,
3738 1930 3911 1983 dicent
3932 1945 3952 1984 :

2354 2024 2519 2095 Surge
2543 2036 2590 2077 et
2616 2025 2742 2079 vade
2769 2027 2821 2078 in
2845 2023 3065 2079 Niniven
3091 2025 3341 2077 civitatem
3364 2024 3607 2095 grandem
3635 2022 3785 2089 (Ion.
3818 2025 3871 2078 ί.
3896 2022 3947 2079 l.

2352 2114 2429 2185 2).
2475 2114 2664 2170 Statim
2695 2131 2761 2170 ex
2792 2117 2906 2187 ipsa
2949 2115 3093 2169 urbis
3134 2114 3498 2184 magnitudine
3528 2115 3641 2169 vult
3669 2115 3817 2167 illum
3852 2114 3950 2170 ﬂe-

2352 2220 2496 2265 ctere
2515 2253 2530 2275 ,
2563 2210 2792 2264 futuram
2823 2209 3119 2279 praevidens
3150 2209 3423 2279 prophetae
3452 2206 3649 2279 fugam.
3678 2208 3785 2262 Sed
3815 2223 3952 2278 pne-

2353 2302 2670 2357 dieationem
2699 2300 2977 2357 audiamus
3000 2301 3216 2355 :Adlzuc
3236 2312 3335 2355 tres
3352 2301 3457 2354 dies
3478 2303 3517 2364 ί,
3545 2312 3591 2353 et
3622 2298 3810 2353 Nim'ue
3832 2299 3951 2352 sub-

2353 2404 2565 2448 vertetur
2592 2390 2740 2462 (Jon.
2763 2388 2817 2443 3.
2837 2388 2913 2459 4).
2956 2393 3020 2447 Et
3050 2392 3201 2463 cujus
3226 2393 3304 2446 rei
3333 2392 3500 2462 gratia
3523 2432 3537 2456 ,
3568 2406 3686 2459 qua:
3714 2388 3952 2443 facturus

2353 2500 2411 2540 es
2434 2485 2570 2539 mala
2597 2485 2873 2553 pnedicis?
2920 2484 2985 2541 Ut
3022 2498 3126 2537 non
3165 2481 3355 2537 faciam
3381 2497 3500 2552 qua:
3529 2481 3783 2550 prmdico.
3819 2479 3954 2533 Pro-

2353 2588 2533 2646 pterea
2553 2585 2607 2631 et
2627 2577 2924 2646 gehennam
2947 2575 3178 2629 minatus
3198 2584 3299 2639 est,
3318 2574 3501 2644 quoad
3522 2573 3823 2642 gehennam
3846 2585 3953 2625 non

2354 2669 2597 2724 abducat.
2620 2669 2902 2736 Terreant,
2920 2670 3209 2738 inquit,vos
3225 2668 3406 2733 verba,
3427 2683 3492 2721 ne
3506 2681 3594 2720 res
3604 2666 3950 2721 conturbent.

2352 2761 2516 2830 Cujus
2542 2771 2718 2815 autem
2760 2762 2833 2815 rei
2874 2761 3039 2830 gratia
3086 2759 3402 2829 prmiinitum
3457 2758 3686 2828 spatium
3729 2758 3796 2811 ad
3843 2766 3951 2811 tam

2355 2853 2514 2908 breve
2542 2862 2749 2922 tempus
2776 2852 3015 2924 redegit?
3040 2854 3156 2920 Quo
3186 2860 3240 2906 et
3260 2851 3608 2906 barbarorum
3636 2852 3815 2905 discas
3844 2852 3953 2904 vir-

2354 2953 2543 3010 tutem,
2573 2945 2692 2999 dico
2711 2953 2887 2999 autem
2914 2943 3291 3008 Ninivitarum,
3316 2941 3404 3011 qui
3434 2941 3602 2996 tribus
3627 2942 3815 2996 diebus
3838 2951 3955 2995 tan-

2357 3046 2461 3089 tam
2496 3045 2831 3103 peceatorum
2878 3035 3011 3089 iram
3055 3035 3263 3089 solvere
3292 3043 3578 3104 potuerunt
3612 3052 3624 3087 :
3657 3044 3817 3103 atque
3856 3034 3952 3089 Dei

2355 3128 2693 3182 clementiam
2720 3128 3021 3193 admireris,
3055 3127 3211 3181 trium
3240 3126 3446 3181 dierum
3478 3126 3790 3196 paenitentia
3819 3140 3954 3181 con-

2356 3219 2485 3274 tenti
2516 3228 2591 3273 tot
2621 3233 2715 3289 pro
2746 3219 2977 3287 peccatis
3009 3236 3021 3272 :
3054 3229 3215 3286 tuque
3259 3217 3634 3285 desperatione
3675 3231 3781 3269 non
3823 3228 3954 3270 eor-

2358 3326 2515 3376 ruas,
2558 3313 2657 3365 etsi
2701 3310 2895 3364 millies
2935 3309 3261 3378 peccaveris.
3304 3306 3766 3375 Quemadmodum
3804 3307 3953 3361 enim

2357 3403 2532 3456 anima
2560 3401 2817 3471 pigritans
2854 3409 3014 3469 atque
3056 3401 3346 3469 negligens,
3376 3410 3696 3469 quamquam
3722 3398 3954 3455 multum

2358 3497 2425 3552 ad
2452 3496 2816 3567 paenitentiam
2848 3496 3103 3565 temporis
3130 3495 3372 3564 accipiat,
3393 3492 3525 3547 nihil
3555 3502 3810 3562 operatur
3838 3506 3957 3545 ma-

2356 3605 2541 3659 gnum,
2575 3604 2744 3658 neque
2773 3588 2873 3642 sibi
2917 3587 3016 3656 ipsi
3062 3587 3229 3642 Deum
3270 3586 3517 3641 conciliat
3547 3585 3616 3638 ob
3643 3584 3903 3639 desidiam
3937 3602 3952 3637 :

2359 3683 2436 3736 sic
2479 3683 2568 3750 qui
2617 3681 2888 3750 proposito
2929 3679 3116 3745 fervet,
3148 3688 3310 3750 atque
3348 3680 3513 3733 multa
3556 3694 3678 3733 cum
3720 3678 3955 3748 diligen-

2360 3774 2429 3825 tia
2478 3770 2845 3841 paenitentiam
2883 3771 3159 3837 ostendit,
3190 3770 3336 3826 brevi
3380 3770 3633 3839 temporis
3670 3779 3949 3825 momento

2360 3865 2583 3935 longaevi
2651 3866 2905 3935 temporis
2969 3874 3184 3935 peccata
3252 3863 3435 3919 delere
3486 3864 3701 3934 poterit.
3760 3864 3953 3920 Nonne

2360 3959 2519 4013 tertio
2554 3958 2743 4013 Petrus
2782 3958 3026 4028 negavit?
3066 3971 3244 4011 nonne
3274 3957 3431 4011 tertio
3457 3972 3577 4011 cum
3607 3957 3957 4025 juramento?

2358 4064 2536 4104 nonne
2563 4048 2679 4102 vilis
2708 4047 2982 4118 cujusdam
3023 4047 3231 4102 ancilla:
3273 4046 3435 4103 verba
3484 4047 3681 4103 timens
3738 4047 3957 4118 (Matth.

2357 4142 2448 4209 26.
2496 4140 2584 4196 69.
2626 4140 2772 4209 70)?
2816 4139 2952 4207 Quid
2996 4140 3160 4209 ergo?
3199 4139 3505 4210 oportuitne
3540 4140 3687 4195 illum
3731 4140 3798 4194 ad
3840 4156 3960 4209 pn-

2360 4232 2635 4286 nitentiam
2691 4230 2887 4285 multos
2941 4245 3111 4284 annos
3169 4230 3382 4286 terere?
3422 4228 3808 4299 Nequaquam,
3856 4230 3958 4286 sed

2360 4322 2546 4376 eadem
2574 4330 2728 4375 nocte
2753 4320 2933 4390 lapsus
2962 4327 3045 4374 est
3072 4328 3126 4373 et
3149 4329 3361 4375 erectus
3383 4361 3399 4387 ,
3431 4318 3731 4389 vulnusque
3756 4328 3812 4375 et
3834 4335 3957 4375 me-

2360 4411 2589 4467 dicinam
2624 4412 2830 4480 accepit
2865 4429 2878 4465 :
2908 4411 3187 4481 :ngrotavit
3208 4452 3222 4477 ,
3253 4420 3419 4483 atque
3438 4411 3503 4464 ad
3533 4411 3765 4480 priorem
3794 4411 3964 4467 rediit

2360 4502 2663 4558 sanitatem.
2709 4502 2948 4570 Qualiter
2992 4513 3047 4557 et
3086 4501 3394 4572 quomodo?
3441 4502 3600 4557 Flens
3641 4511 3695 4556 et
3743 4502 3960 4573 lugens,

2360 4593 2470 4649 imo
2492 4609 2597 4649 non
2619 4594 2779 4649 modo
2804 4592 2960 4659 ﬂens,
2984 4594 3077 4650 sed
3101 4594 3265 4649 multo
3289 4608 3409 4648 cum
3433 4591 3608 4647 studio
3630 4601 3687 4647 et
3713 4592 3905 4647 aﬂ‘ectu
3940 4609 3959 4649 :

2360 4695 2640 4757 propterea
2663 4686 2986 4757 evangelista
3015 4700 3119 4739 non
3146 4686 3278 4739 dixit
3299 4685 3549 4753 quoniam
3580 4685 3751 4739 solum
3773 4683 3961 4751 ﬂevit;

2358 4780 2452 4835 sed
2479 4821 2494 4844 ,
2549 4778 2711 4834 Flevit
2776 4796 2950 4833 amare
3004 4778 3162 4852 (Ibid.
3196 4796 3246 4833 υ.
3288 4778 3415 4849 75
3446 4778 3511 4833 Ει
3535 4778 3728 4849 qualis,
3759 4777 3963 4847 inquit,

2361 4884 2667 4945 quantaque
2692 4874 2849 4929 fuerit
2879 4875 3229 4943 lacrymarum
3254 4872 3353 4937 vis,
3386 4886 3567 4927 sermo
3598 4870 3772 4927 nullus
3800 4878 3964 4939 pote-

2360 4969 2428 5021 rit
2480 4968 2748 5036 explicare
2787 4985 2800 5021 :
2838 4967 2950 5036 ipse
3000 4976 3178 5020 autem
3225 4980 3405 5019 rerum
3447 4965 3627 5019 exitus
3673 4961 3967 5018 manifeste

2360 5060 2609 5113 ostendit.
2642 5059 2850 5113 Etenim
2875 5073 3090 5129 gravem
3120 5067 3238 5127 post
3267 5057 3415 5111 illum
3439 5071 3650 5120 casum;
3680 5070 3801 5109 nam
3831 5055 3965 5109 nul-

2361 5153 2469 5205 lum
2518 5152 2783 5220 ncgationi
2830 5167 2925 5219 par
2970 5150 3164 5202 malum
3200 5149 3335 5204 :sed
3370 5158 3543 5201 tamen
3587 5156 3707 5215 post
3750 5154 3963 5200 tantum

2365 5244 2579 5305 malum,
2616 5244 2803 5296 iteiunt
2827 5258 2947 5297 eum
2971 5241 3034 5295 ad
3060 5242 3289 5310 priorem
3322 5241 3576 5295 honorem
3599 5239 3822 5301 revexit,
3853 5236 3969 5292 Ec-

2362 5339 2539 5391 clesia:
2571 5334 2939 5406 prasfecturam
2978 5336 3075 5404 ipsi
3106 5350 3200 5403 Per
3222 5335 3526 5388 universum
3560 5330 3814 5385 mundum
3844 5340 3967 5383 tra—

2361 5430 2495 5485 didit
2530 5447 2542 5482 :
2572 5429 2818 5499 quodque
2843 5428 3078 5481 omnium
3111 5434 3192 5480 est
3218 5410 3518 5486 sublimius,
3549 5422 3781 5475 ostendit
3803 5421 3967 5477 nobis

2428 5589 2442 5617 ²
2481 5582 2746 5646 siclcgitur
2770 5596 2795 5631 a
2820 5582 2987 5646 jrimis
3008 5576 3444 5646 Ecclesiasteculis
3461 5579 3511 5646 in
3534 5583 3652 5646 ως(Δ
3679 5578 3969 5646 Interpret‘i-

2364 5650 2474 5698 bus.
2499 5637 2716 5709 Vulgata,
2741 5653 2796 5693 ut
2825 5637 2875 5693 in
2900 5645 3123 5709 Helirteo,
3172 5640 3339 5709 ,{dhnc
3363 5637 3832 5709 quadraginutdirs,

2361 5700 2672 5772 urigenesvin
2706 5700 2837 5755 sum.
2860 5707 2991 5772 dicit
3022 5703 3292 5772 secundum
3330 5700 3559 5753 Hebraeos
3590 5700 3755 5761 scribi,
3798 5700 3973 5751 αὲΙεαε

2364 5765 2686 5838 qtttidrttgiztta
2712 5776 2811 5821 Hes
2834 5767 2939 5820 dies
2956 5780 2975 5829 ,'
3000 5765 3086 5816 scd
3107 5765 3302 5816 labitur.
