  <div class='ocr_page' id='page_1' title='image "/cluster/home/n/w/nwhite01/storage/ocr_20150623/49/pst.000005712465/306.png"; bbox 0 0 4190 6322; ppageno 0'>
   <div class='ocr_carea' id='block_1_1' title="bbox 269 395 376 462">
    <p class='ocr_par' dir='ltr' id='par_1_1' title="bbox 269 395 376 462">
     <span class='ocr_line' id='line_1_1' title="bbox 269 395 376 462; baseline -0.075 0"><span class='ocrx_word' id='word_1_1' title='bbox 269 395 376 462; x_wconf 79' lang='lat'><strong>.509</strong></span> 
     </span>
    </p>
   </div>
   <div class='ocr_carea' id='block_1_2' title="bbox 272 512 1868 585">
    <p class='ocr_par' dir='ltr' id='par_1_2' title="bbox 272 512 1868 585">
     <span class='ocr_line' id='line_1_2' title="bbox 272 512 1868 585; baseline 0.003 -21"><span class='ocrx_word' id='word_1_2' title='bbox 272 527 398 565; x_wconf 79' lang='lat' dir='ltr'><strong>eum</strong></span> <span class='ocrx_word' id='word_1_3' title='bbox 424 526 546 582; x_wconf 83' lang='lat' dir='ltr'><strong>erga</strong></span> <span class='ocrx_word' id='word_1_4' title='bbox 581 512 862 568; x_wconf 88' lang='lat' dir='ltr'><strong>Dominum</strong></span> <span class='ocrx_word' id='word_1_5' title='bbox 897 512 1152 585; x_wconf 80' lang='lat' dir='ltr'><strong>majorem</strong></span> <span class='ocrx_word' id='word_1_6' title='bbox 1184 528 1339 584; x_wconf 90' lang='lat' dir='ltr'><strong>quam</strong></span> <span class='ocrx_word' id='word_1_7' title='bbox 1369 528 1556 570; x_wconf 86' lang='lat' dir='ltr'><strong>omnes</strong></span> <span class='ocrx_word' id='word_1_8' title='bbox 1594 512 1868 584; x_wconf 75' lang='lat' dir='ltr'><strong>apostolos</strong></span> 
     </span>
    </p>
   </div>
   <div class='ocr_carea' id='block_1_3' title="bbox 270 602 1868 676">
    <p class='ocr_par' dir='ltr' id='par_1_3' title="bbox 270 602 1868 676">
     <span class='ocr_line' id='line_1_3' title="bbox 270 602 1868 676; baseline 0.001 -20"><span class='ocrx_word' id='word_1_9' title='bbox 270 602 551 658; x_wconf 88' lang='lat' dir='ltr'><strong>caritatetu</strong></span> <span class='ocrx_word' id='word_1_10' title='bbox 591 604 861 660; x_wconf 77' lang='lat' dir='ltr'><strong>habuisse.</strong></span> <span class='ocrx_word' id='word_1_11' title='bbox 909 605 1076 673; x_wconf 65' lang='lat' dir='ltr'><strong>Petra,</strong></span> <span class='ocrx_word' id='word_1_12' title='bbox 1113 605 1316 676; x_wconf 92' lang='lat' dir='ltr'><strong>inquit,</strong></span> <span class='ocrx_word' id='word_1_13' title='bbox 1345 605 1516 676; x_wconf 88' lang='lat' dir='ltr'><strong>diligis</strong></span> <span class='ocrx_word' id='word_1_14' title='bbox 1545 621 1624 659; x_wconf 88' lang='lat' dir='ltr'><strong>me</strong></span> <span class='ocrx_word' id='word_1_15' title='bbox 1649 603 1764 676; x_wconf 86' lang='lat' dir='ltr'><strong>plus</strong></span> <span class='ocrx_word' id='word_1_16' title='bbox 1791 604 1868 658; x_wconf 84' lang='lat' dir='ltr'><strong>Itis</strong></span> 
     </span>
    </p>
   </div>
   <div class='ocr_carea' id='block_1_4' title="bbox 277 692 1866 763">
    <p class='ocr_par' dir='ltr' id='par_1_4' title="bbox 277 692 1866 763">
     <span class='ocr_line' id='line_1_4' title="bbox 277 692 1866 763; baseline 0.001 -17"><span class='ocrx_word' id='word_1_17' title='bbox 277 692 458 763; x_wconf 86' lang='lat' dir='ltr'><strong>(Joan.</strong></span> <span class='ocrx_word' id='word_1_18' title='bbox 485 693 576 748; x_wconf 86' lang='grc'><strong>21.</strong></span> <span class='ocrx_word' id='word_1_19' title='bbox 605 693 884 763; x_wconf 78' lang='lat' dir='ltr'><strong>l5)?lluic</strong></span> <span class='ocrx_word' id='word_1_20' title='bbox 909 706 1084 752; x_wconf 88' lang='lat' dir='ltr'><strong>autem</strong></span> <span class='ocrx_word' id='word_1_21' title='bbox 1113 696 1178 751; x_wconf 88' lang='lat' dir='ltr'><strong>ad</strong></span> <span class='ocrx_word' id='word_1_22' title='bbox 1208 696 1419 751; x_wconf 90' lang='lat' dir='ltr'><strong>virtutis</strong></span> <span class='ocrx_word' id='word_1_23' title='bbox 1448 696 1710 750; x_wconf 88' lang='lat' dir='ltr'><strong>rationem</strong></span> <span class='ocrx_word' id='word_1_24' title='bbox 1737 693 1866 748; x_wconf 86' lang='lat' dir='ltr'><strong>nihil</strong></span> 
     </span>
    </p>
   </div>
   <div class='ocr_carea' id='block_1_5' title="bbox 273 785 1866 857">
    <p class='ocr_par' dir='ltr' id='par_1_5' title="bbox 273 785 1866 857">
     <span class='ocr_line' id='line_1_5' title="bbox 273 785 1866 857; baseline -0.004 -15"><span class='ocrx_word' id='word_1_25' title='bbox 273 801 406 844; x_wconf 81' lang='lat' dir='ltr'><strong>sane</strong></span> <span class='ocrx_word' id='word_1_26' title='bbox 435 802 530 856; x_wconf 88' lang='lat' dir='ltr'><strong>par</strong></span> <span class='ocrx_word' id='word_1_27' title='bbox 557 786 736 842; x_wconf 88' lang='lat' dir='ltr'><strong>fuerit.</strong></span> <span class='ocrx_word' id='word_1_28' title='bbox 769 789 886 857; x_wconf 89' lang='lat' dir='ltr'><strong>Quo</strong></span> <span class='ocrx_word' id='word_1_29' title='bbox 906 803 1034 843; x_wconf 91' lang='lat' dir='ltr'><strong>vero</strong></span> <span class='ocrx_word' id='word_1_30' title='bbox 1059 789 1278 842; x_wconf 90' lang='lat' dir='ltr'><strong>minime</strong></span> <span class='ocrx_word' id='word_1_31' title='bbox 1307 786 1454 842; x_wconf 87' lang='lat' dir='ltr'><strong>dicas</strong></span> <span class='ocrx_word' id='word_1_32' title='bbox 1479 786 1670 840; x_wconf 91' lang='lat' dir='ltr'><strong>merito</strong></span> <span class='ocrx_word' id='word_1_33' title='bbox 1700 785 1866 840; x_wconf 89' lang='lat' dir='ltr'><strong>Deum</strong></span> 
     </span>
    </p>
   </div>
   <div class='ocr_carea' id='block_1_6' title="bbox 273 876 1870 950">
    <p class='ocr_par' dir='ltr' id='par_1_6' title="bbox 273 876 1870 950">
     <span class='ocr_line' id='line_1_6' title="bbox 273 876 1870 950; baseline -0.003 -18"><span class='ocrx_word' id='word_1_34' title='bbox 273 879 524 932; x_wconf 68' lang='lat' dir='ltr'><strong>Ninivitis</strong></span> <span class='ocrx_word' id='word_1_35' title='bbox 554 878 838 950; x_wconf 90' lang='lat' dir='ltr'><strong>ignovisse,</strong></span> <span class='ocrx_word' id='word_1_36' title='bbox 869 879 1110 933; x_wconf 89' lang='lat' dir='ltr'><strong>barbaris</strong></span> <span class='ocrx_word' id='word_1_37' title='bbox 1138 878 1439 933; x_wconf 90' lang='lat' dir='ltr'><strong>hominibus</strong></span> <span class='ocrx_word' id='word_1_38' title='bbox 1482 887 1536 933; x_wconf 89' lang='lat' dir='ltr'><strong>et</strong></span> <span class='ocrx_word' id='word_1_39' title='bbox 1575 876 1870 946; x_wconf 89' lang='lat' dir='ltr'><strong>insipienti-</strong></span> 
     </span>
    </p>
   </div>
   <div class='ocr_carea' id='block_1_7' title="bbox 276 967 1865 1038">
    <p class='ocr_par' dir='ltr' id='par_1_7' title="bbox 276 967 1865 1038">
     <span class='ocr_line' id='line_1_7' title="bbox 276 967 1865 1038; baseline -0.003 -16"><span class='ocrx_word' id='word_1_40' title='bbox 276 969 378 1023; x_wconf 89' lang='lat' dir='ltr'><strong>bus</strong></span> <span class='ocrx_word' id='word_1_41' title='bbox 408 985 422 1021; x_wconf 92' lang='lat'><strong>:</strong></span> <span class='ocrx_word' id='word_1_42' title='bbox 453 968 643 1024; x_wconf 77' lang='lat' dir='ltr'><strong>Servus</strong></span> <span class='ocrx_word' id='word_1_43' title='bbox 667 970 819 1032; x_wconf 84' lang='lat' dir='ltr'><strong>enim,</strong></span> <span class='ocrx_word' id='word_1_44' title='bbox 851 970 1040 1038; x_wconf 92' lang='lat' dir='ltr'><strong>inquit,</strong></span> <span class='ocrx_word' id='word_1_45' title='bbox 1073 972 1296 1024; x_wconf 77' lang='lat' dir='ltr'><strong>nesciens</strong></span> <span class='ocrx_word' id='word_1_46' title='bbox 1321 971 1628 1023; x_wconf 73' lang='lat' dir='ltr'><strong>voluntatem</strong></span> <span class='ocrx_word' id='word_1_47' title='bbox 1653 967 1865 1032; x_wconf 80' lang='lat' dir='ltr'><strong>domini,</strong></span> 
     </span>
    </p>
   </div>
   <div class='ocr_carea' id='block_1_8' title="bbox 273 1058 1870 1131">
    <p class='ocr_par' dir='ltr' id='par_1_8' title="bbox 273 1058 1870 1131">
     <span class='ocr_line' id='line_1_8' title="bbox 273 1058 1870 1131; baseline -0.002 -18"><span class='ocrx_word' id='word_1_48' title='bbox 273 1069 318 1113; x_wconf 84' lang='lat' dir='ltr'><strong>et</strong></span> <span class='ocrx_word' id='word_1_49' title='bbox 350 1075 452 1112; x_wconf 88' lang='lat' dir='ltr'><strong>non</strong></span> <span class='ocrx_word' id='word_1_50' title='bbox 483 1061 693 1130; x_wconf 75' lang='lat' dir='ltr'><strong>faciens,</strong></span> <span class='ocrx_word' id='word_1_51' title='bbox 723 1059 978 1128; x_wconf 81' lang='lat' dir='ltr'><strong>vapulabit</strong></span> <span class='ocrx_word' id='word_1_52' title='bbox 1005 1060 1179 1128; x_wconf 83' lang='lat' dir='ltr'><strong>paucis</strong></span> <span class='ocrx_word' id='word_1_53' title='bbox 1202 1058 1348 1131; x_wconf 88' lang='lat' dir='ltr'><strong>(Luc.</strong></span> <span class='ocrx_word' id='word_1_54' title='bbox 1381 1058 1468 1114; x_wconf 78' lang='grc'><strong>12.</strong></span> <span class='ocrx_word' id='word_1_55' title='bbox 1496 1058 1624 1127; x_wconf 69' lang='grc' dir='ltr'><strong>48)ε</strong></span> <span class='ocrx_word' id='word_1_56' title='bbox 1655 1065 1714 1112; x_wconf 80' lang='grc' dir='ltr'><strong>ιιι</strong></span> <span class='ocrx_word' id='word_1_57' title='bbox 1740 1071 1870 1127; x_wconf 76' lang='lat' dir='ltr'><strong>ergo</strong></span> 
     </span>
    </p>
   </div>
   <div class='ocr_carea' id='block_1_9' title="bbox 275 1148 1869 1219">
    <p class='ocr_par' dir='ltr' id='par_1_9' title="bbox 275 1148 1869 1219">
     <span class='ocr_line' id='line_1_9' title="bbox 275 1148 1869 1219; baseline 0.001 -19"><span class='ocrx_word' id='word_1_58' title='bbox 275 1148 380 1202; x_wconf 87' lang='lat' dir='ltr'><strong>hoc</strong></span> <span class='ocrx_word' id='word_1_59' title='bbox 432 1164 537 1204; x_wconf 91' lang='lat' dir='ltr'><strong>non</strong></span> <span class='ocrx_word' id='word_1_60' title='bbox 591 1150 758 1216; x_wconf 88' lang='lat' dir='ltr'><strong>dicas,</strong></span> <span class='ocrx_word' id='word_1_61' title='bbox 804 1149 1015 1204; x_wconf 82' lang='lat' dir='ltr'><strong>Petrum</strong></span> <span class='ocrx_word' id='word_1_62' title='bbox 1064 1151 1156 1205; x_wconf 88' lang='lat' dir='ltr'><strong>tibi</strong></span> <span class='ocrx_word' id='word_1_63' title='bbox 1202 1151 1255 1206; x_wconf 91' lang='lat' dir='ltr'><strong>in</strong></span> <span class='ocrx_word' id='word_1_64' title='bbox 1299 1151 1534 1206; x_wconf 89' lang='lat' dir='ltr'><strong>medium</strong></span> <span class='ocrx_word' id='word_1_65' title='bbox 1585 1151 1869 1219; x_wconf 83' lang='lat' dir='ltr'><strong>propterea</strong></span> 
     </span>
    </p>
   </div>
   <div class='ocr_carea' id='block_1_10' title="bbox 272 1237 1865 1302">
    <p class='ocr_par' dir='ltr' id='par_1_10' title="bbox 272 1237 1865 1302">
     <span class='ocr_line' id='line_1_10' title="bbox 272 1237 1865 1302; baseline -0.001 -10"><span class='ocrx_word' id='word_1_66' title='bbox 272 1239 426 1293; x_wconf 83' lang='lat' dir='ltr'><strong>duxit</strong></span> <span class='ocrx_word' id='word_1_67' title='bbox 446 1241 486 1302; x_wconf 85' lang='lat'><strong>‘,</strong></span> <span class='ocrx_word' id='word_1_68' title='bbox 511 1255 721 1294; x_wconf 84' lang='lat' dir='ltr'><strong>servum</strong></span> <span class='ocrx_word' id='word_1_69' title='bbox 749 1240 1074 1296; x_wconf 72' lang='lat' dir='ltr'><strong>voluntatem</strong></span> <span class='ocrx_word' id='word_1_70' title='bbox 1103 1239 1563 1296; x_wconf 75' lang='lat' dir='ltr'><strong>Dominisnaxime</strong></span> <span class='ocrx_word' id='word_1_71' title='bbox 1584 1237 1865 1293; x_wconf 84' lang='lat' dir='ltr'><strong>scientem.</strong></span> 
     </span>
    </p>
   </div>
   <div class='ocr_carea' id='block_1_11' title="bbox 271 1327 1871 1400">
    <p class='ocr_par' dir='ltr' id='par_1_11' title="bbox 271 1327 1871 1400">
     <span class='ocr_line' id='line_1_11' title="bbox 271 1327 1871 1400; baseline -0.002 -16"><span class='ocrx_word' id='word_1_72' title='bbox 271 1327 385 1384; x_wconf 87' lang='lat' dir='ltr'><strong>Sed</strong></span> <span class='ocrx_word' id='word_1_73' title='bbox 417 1339 594 1384; x_wconf 88' lang='lat' dir='ltr'><strong>tamen</strong></span> <span class='ocrx_word' id='word_1_74' title='bbox 623 1328 710 1384; x_wconf 89' lang='lat' dir='ltr'><strong>hic</strong></span> <span class='ocrx_word' id='word_1_75' title='bbox 731 1329 871 1384; x_wconf 90' lang='lat' dir='ltr'><strong>idem</strong></span> <span class='ocrx_word' id='word_1_76' title='bbox 895 1345 1120 1399; x_wconf 82' lang='lat' dir='ltr'><strong>peccans</strong></span> <span class='ocrx_word' id='word_1_77' title='bbox 1142 1331 1374 1384; x_wconf 85' lang='lat' dir='ltr'><strong>maximo</strong></span> <span class='ocrx_word' id='word_1_78' title='bbox 1398 1337 1640 1400; x_wconf 89' lang='lat' dir='ltr'><strong>peccato,</strong></span> <span class='ocrx_word' id='word_1_79' title='bbox 1665 1327 1871 1398; x_wconf 82' lang='lat' dir='ltr'><strong>respice</strong></span> 
     </span>
    </p>
   </div>
   <div class='ocr_carea' id='block_1_12' title="bbox 275 1420 1311 1491">
    <p class='ocr_par' dir='ltr' id='par_1_12' title="bbox 275 1420 1311 1491">
     <span class='ocr_line' id='line_1_12' title="bbox 275 1420 1311 1491; baseline -0.001 -16"><span class='ocrx_word' id='word_1_80' title='bbox 275 1432 536 1491; x_wconf 85' lang='lat' dir='ltr'><strong>quantum</strong></span> <span class='ocrx_word' id='word_1_81' title='bbox 559 1421 626 1475; x_wconf 87' lang='lat' dir='ltr'><strong>ad</strong></span> <span class='ocrx_word' id='word_1_82' title='bbox 652 1420 858 1476; x_wconf 70' lang='lat' dir='ltr'><strong>fiducia:</strong></span> <span class='ocrx_word' id='word_1_83' title='bbox 893 1423 1104 1476; x_wconf 90' lang='lat' dir='ltr'><strong>culmen</strong></span> <span class='ocrx_word' id='word_1_84' title='bbox 1134 1421 1311 1477; x_wconf 89' lang='lat' dir='ltr'><strong>rediit.</strong></span> 
     </span>
    </p>
   </div>
   <div class='ocr_carea' id='block_1_13' title="bbox 351 1532 1871 1606">
    <p class='ocr_par' dir='ltr' id='par_1_13' title="bbox 351 1532 1871 1606">
     <span class='ocr_line' id='line_1_13' title="bbox 351 1532 1871 1606; baseline -0.001 -18"><span class='ocrx_word' id='word_1_85' title='bbox 351 1533 429 1589; x_wconf 83' lang='lat' dir='ltr'><strong>Ob</strong></span> <span class='ocrx_word' id='word_1_86' title='bbox 452 1543 656 1604; x_wconf 87' lang='lat' dir='ltr'><strong>peccata</strong></span> <span class='ocrx_word' id='word_1_87' title='bbox 675 1552 948 1605; x_wconf 76' lang='lat' dir='ltr'><strong>numquam</strong></span> <span class='ocrx_word' id='word_1_88' title='bbox 977 1533 1368 1606; x_wconf 70' lang='lat' dir='ltr'><strong>desperandum.</strong></span> <span class='ocrx_word' id='word_1_89' title='bbox 1399 1532 1651 1606; x_wconf 85' lang='lat' dir='ltr'><strong>—lgitur</strong></span> <span class='ocrx_word' id='word_1_90' title='bbox 1678 1539 1732 1588; x_wconf 86' lang='lat' dir='ltr'><strong>et</strong></span> <span class='ocrx_word' id='word_1_91' title='bbox 1757 1532 1871 1602; x_wconf 75' lang='lat' dir='ltr'><strong>ipse</strong></span> 
     </span>
    </p>
   </div>
   <div class='ocr_carea' id='block_1_14' title="bbox 274 1623 1868 1699">
    <p class='ocr_par' dir='ltr' id='par_1_14' title="bbox 274 1623 1868 1699">
     <span class='ocr_line' id='line_1_14' title="bbox 274 1623 1868 1699; baseline -0.003 -18"><span class='ocrx_word' id='word_1_92' title='bbox 274 1628 512 1699; x_wconf 65' lang='lat' dir='ltr'><strong>pacatis</strong></span> <span class='ocrx_word' id='word_1_93' title='bbox 531 1626 783 1682; x_wconf 80' lang='lat' dir='ltr'><strong>admissis</strong></span> <span class='ocrx_word' id='word_1_94' title='bbox 817 1643 887 1682; x_wconf 87' lang='lat' dir='ltr'><strong>ne</strong></span> <span class='ocrx_word' id='word_1_95' title='bbox 907 1628 1142 1682; x_wconf 86' lang='lat' dir='ltr'><strong>animum</strong></span> <span class='ocrx_word' id='word_1_96' title='bbox 1165 1625 1517 1696; x_wconf 81' lang='lat' dir='ltr'><strong>despondeas.</strong></span> <span class='ocrx_word' id='word_1_97' title='bbox 1551 1625 1705 1693; x_wconf 86' lang='lat' dir='ltr'><strong>Quod</strong></span> <span class='ocrx_word' id='word_1_98' title='bbox 1727 1623 1868 1679; x_wconf 87' lang='lat' dir='ltr'><strong>enim</strong></span> 
     </span>
    </p>
   </div>
   <div class='ocr_carea' id='block_1_15' title="bbox 274 1717 1871 1792">
    <p class='ocr_par' dir='ltr' id='par_1_15' title="bbox 274 1717 1871 1792">
     <span class='ocr_line' id='line_1_15' title="bbox 274 1717 1871 1792; baseline -0.001 -19"><span class='ocrx_word' id='word_1_99' title='bbox 274 1719 329 1774; x_wconf 90' lang='lat' dir='ltr'><strong>in</strong></span> <span class='ocrx_word' id='word_1_100' title='bbox 356 1729 578 1790; x_wconf 82' lang='lat' dir='ltr'><strong>peccato</strong></span> <span class='ocrx_word' id='word_1_101' title='bbox 602 1720 837 1792; x_wconf 77' lang='lat' dir='ltr'><strong>gravius,</strong></span> <span class='ocrx_word' id='word_1_102' title='bbox 861 1730 942 1774; x_wconf 88' lang='lat' dir='ltr'><strong>est</strong></span> <span class='ocrx_word' id='word_1_103' title='bbox 969 1720 1022 1774; x_wconf 92' lang='lat' dir='ltr'><strong>in</strong></span> <span class='ocrx_word' id='word_1_104' title='bbox 1054 1730 1273 1790; x_wconf 88' lang='lat' dir='ltr'><strong>peccato</strong></span> <span class='ocrx_word' id='word_1_105' title='bbox 1301 1729 1444 1773; x_wconf 89' lang='lat' dir='ltr'><strong>stare</strong></span> <span class='ocrx_word' id='word_1_106' title='bbox 1477 1736 1490 1772; x_wconf 87' lang='lat'><strong>:</strong></span> <span class='ocrx_word' id='word_1_107' title='bbox 1521 1726 1576 1773; x_wconf 90' lang='lat' dir='ltr'><strong>et</strong></span> <span class='ocrx_word' id='word_1_108' title='bbox 1610 1717 1749 1787; x_wconf 86' lang='lat' dir='ltr'><strong>quod</strong></span> <span class='ocrx_word' id='word_1_109' title='bbox 1779 1732 1871 1786; x_wconf 90' lang='lat' dir='ltr'><strong>pe-</strong></span> 
     </span>
    </p>
   </div>
   <div class='ocr_carea' id='block_1_16' title="bbox 268 1809 1873 1882">
    <p class='ocr_par' dir='ltr' id='par_1_16' title="bbox 268 1809 1873 1882">
     <span class='ocr_line' id='line_1_16' title="bbox 268 1809 1873 1882; baseline -0.001 -18"><span class='ocrx_word' id='word_1_110' title='bbox 268 1810 362 1881; x_wconf 86' lang='lat' dir='ltr'><strong>jus</strong></span> <span class='ocrx_word' id='word_1_111' title='bbox 385 1812 440 1865; x_wconf 88' lang='lat' dir='ltr'><strong>in</strong></span> <span class='ocrx_word' id='word_1_112' title='bbox 467 1826 592 1867; x_wconf 92' lang='lat' dir='ltr'><strong>casu</strong></span> <span class='ocrx_word' id='word_1_113' title='bbox 611 1853 626 1879; x_wconf 97' lang='lat'><strong>,</strong></span> <span class='ocrx_word' id='word_1_114' title='bbox 655 1820 738 1866; x_wconf 90' lang='lat' dir='ltr'><strong>est</strong></span> <span class='ocrx_word' id='word_1_115' title='bbox 759 1811 940 1882; x_wconf 86' lang='lat' dir='ltr'><strong>jacere</strong></span> <span class='ocrx_word' id='word_1_116' title='bbox 961 1812 1012 1865; x_wconf 92' lang='lat' dir='ltr'><strong>in</strong></span> <span class='ocrx_word' id='word_1_117' title='bbox 1040 1827 1126 1867; x_wconf 89' lang='lat' dir='ltr'><strong>eo.</strong></span> <span class='ocrx_word' id='word_1_118' title='bbox 1167 1811 1279 1866; x_wconf 86' lang='lat' dir='ltr'><strong>Hoc</strong></span> <span class='ocrx_word' id='word_1_119' title='bbox 1307 1819 1362 1867; x_wconf 91' lang='lat' dir='ltr'><strong>et</strong></span> <span class='ocrx_word' id='word_1_120' title='bbox 1390 1809 1585 1866; x_wconf 81' lang='lat' dir='ltr'><strong>Paulus</strong></span> <span class='ocrx_word' id='word_1_121' title='bbox 1621 1809 1782 1864; x_wconf 80' lang='lat' dir='ltr'><strong>deﬂet</strong></span> <span class='ocrx_word' id='word_1_122' title='bbox 1818 1817 1873 1863; x_wconf 92' lang='lat' dir='ltr'><strong>et</strong></span> 
     </span>
    </p>
   </div>
   <div class='ocr_carea' id='block_1_17' title="bbox 274 1897 1868 1973">
    <p class='ocr_par' dir='ltr' id='par_1_17' title="bbox 274 1897 1868 1973">
     <span class='ocr_line' id='line_1_17' title="bbox 274 1897 1868 1973; baseline -0.003 -16"><span class='ocrx_word' id='word_1_123' title='bbox 274 1903 616 1973; x_wconf 86' lang='lat' dir='ltr'><strong>ingemiseit,</strong></span> <span class='ocrx_word' id='word_1_124' title='bbox 652 1903 755 1957; x_wconf 88' lang='lat' dir='ltr'><strong>hoc</strong></span> <span class='ocrx_word' id='word_1_125' title='bbox 791 1901 922 1958; x_wconf 80' lang='lat' dir='ltr'><strong>fietu</strong></span> <span class='ocrx_word' id='word_1_126' title='bbox 969 1901 1186 1972; x_wconf 86' lang='lat' dir='ltr'><strong>dignum</strong></span> <span class='ocrx_word' id='word_1_127' title='bbox 1223 1916 1345 1957; x_wconf 87' lang='lat' dir='ltr'><strong>esse</strong></span> <span class='ocrx_word' id='word_1_128' title='bbox 1391 1901 1521 1956; x_wconf 90' lang='lat' dir='ltr'><strong>dicit</strong></span> <span class='ocrx_word' id='word_1_129' title='bbox 1551 1918 1564 1954; x_wconf 88' lang='lat'><strong>:</strong></span> <span class='ocrx_word' id='word_1_130' title='bbox 1596 1897 1680 1954; x_wconf 86' lang='lat' dir='ltr'><strong>Ne</strong></span> <span class='ocrx_word' id='word_1_131' title='bbox 1699 1903 1828 1969; x_wconf 83' lang='lat' dir='ltr'><strong>forte</strong></span> <span class='ocrx_word' id='word_1_132' title='bbox 1851 1938 1868 1964; x_wconf 97' lang='lat'><strong>,</strong></span> 
     </span>
    </p>
   </div>
   <div class='ocr_carea' id='block_1_18' title="bbox 275 1991 1870 2066">
    <p class='ocr_par' dir='ltr' id='par_1_18' title="bbox 275 1991 1870 2066">
     <span class='ocr_line' id='line_1_18' title="bbox 275 1991 1870 2066; baseline -0.006 -16"><span class='ocrx_word' id='word_1_133' title='bbox 275 1996 468 2066; x_wconf 86' lang='lat' dir='ltr'><strong>inquit,</strong></span> <span class='ocrx_word' id='word_1_134' title='bbox 497 2011 611 2049; x_wconf 89' lang='lat' dir='ltr'><strong>cum</strong></span> <span class='ocrx_word' id='word_1_135' title='bbox 641 2011 819 2050; x_wconf 76' lang='lat' dir='ltr'><strong>venero</strong></span> <span class='ocrx_word' id='word_1_136' title='bbox 843 1994 910 2047; x_wconf 86' lang='lat' dir='ltr'><strong>ad</strong></span> <span class='ocrx_word' id='word_1_137' title='bbox 934 2010 1038 2059; x_wconf 74' lang='lat' dir='ltr'><strong>nos,</strong></span> <span class='ocrx_word' id='word_1_138' title='bbox 1060 1993 1286 2048; x_wconf 81' lang='lat' dir='ltr'><strong>humiliet</strong></span> <span class='ocrx_word' id='word_1_139' title='bbox 1316 2009 1395 2046; x_wconf 86' lang='lat' dir='ltr'><strong>me</strong></span> <span class='ocrx_word' id='word_1_140' title='bbox 1421 1991 1578 2058; x_wconf 79' lang='lat' dir='ltr'><strong>Deus,</strong></span> <span class='ocrx_word' id='word_1_141' title='bbox 1609 2001 1655 2044; x_wconf 89' lang='lat' dir='ltr'><strong>et</strong></span> <span class='ocrx_word' id='word_1_142' title='bbox 1673 1992 1870 2060; x_wconf 80' lang='lat' dir='ltr'><strong>lugeant</strong></span> 
     </span>
    </p>
   </div>
   <div class='ocr_carea' id='block_1_19' title="bbox 275 2082 1872 2159">
    <p class='ocr_par' dir='ltr' id='par_1_19' title="bbox 275 2082 1872 2159">
     <span class='ocr_line' id='line_1_19' title="bbox 275 2082 1872 2159; baseline -0.004 -17"><span class='ocrx_word' id='word_1_143' title='bbox 275 2091 467 2142; x_wconf 84' lang='lat' dir='ltr'><strong>multos</strong></span> <span class='ocrx_word' id='word_1_144' title='bbox 492 2104 555 2142; x_wconf 83' lang='lat' dir='ltr'><strong>ea:</strong></span> <span class='ocrx_word' id='word_1_145' title='bbox 594 2089 656 2142; x_wconf 90' lang='lat' dir='ltr'><strong>iis</strong></span> <span class='ocrx_word' id='word_1_146' title='bbox 686 2087 773 2159; x_wconf 87' lang='lat' dir='ltr'><strong>qui</strong></span> <span class='ocrx_word' id='word_1_147' title='bbox 809 2101 913 2141; x_wconf 89' lang='lat' dir='ltr'><strong>non</strong></span> <span class='ocrx_word' id='word_1_148' title='bbox 961 2087 1135 2142; x_wconf 86' lang='lat' dir='ltr'><strong>solum</strong></span> <span class='ocrx_word' id='word_1_149' title='bbox 1176 2096 1559 2156; x_wconf 90' lang='lat' dir='ltr'><strong>peccaverunt,</strong></span> <span class='ocrx_word' id='word_1_150' title='bbox 1588 2082 1682 2136; x_wconf 90' lang='lat' dir='ltr'><strong>sed</strong></span> <span class='ocrx_word' id='word_1_151' title='bbox 1713 2098 1780 2137; x_wconf 87' lang='lat' dir='ltr'><strong>ex</strong></span> <span class='ocrx_word' id='word_1_152' title='bbox 1807 2083 1872 2136; x_wconf 88' lang='lat' dir='ltr'><strong>iis</strong></span> 
     </span>
    </p>
   </div>
   <div class='ocr_carea' id='block_1_20' title="bbox 269 2172 1872 2250">
    <p class='ocr_par' dir='ltr' id='par_1_20' title="bbox 269 2172 1872 2250">
     <span class='ocr_line' id='line_1_20' title="bbox 269 2172 1872 2250; baseline -0.006 -16"><span class='ocrx_word' id='word_1_153' title='bbox 269 2179 367 2250; x_wconf 90' lang='lat' dir='ltr'><strong>qui</strong></span> <span class='ocrx_word' id='word_1_154' title='bbox 413 2179 755 2250; x_wconf 70' lang='lat' dir='ltr'><strong>penitentiam</strong></span> <span class='ocrx_word' id='word_1_155' title='bbox 791 2193 891 2232; x_wconf 90' lang='lat' dir='ltr'><strong>non</strong></span> <span class='ocrx_word' id='word_1_156' title='bbox 929 2184 1137 2249; x_wconf 86' lang='lat' dir='ltr'><strong>egerunt</strong></span> <span class='ocrx_word' id='word_1_157' title='bbox 1170 2192 1321 2247; x_wconf 86' lang='lat' dir='ltr'><strong>super</strong></span> <span class='ocrx_word' id='word_1_158' title='bbox 1358 2175 1676 2244; x_wconf 81' lang='lat' dir='ltr'><strong>impudicitia</strong></span> <span class='ocrx_word' id='word_1_159' title='bbox 1704 2182 1749 2227; x_wconf 88' lang='lat' dir='ltr'><strong>et</strong></span> <span class='ocrx_word' id='word_1_160' title='bbox 1775 2172 1872 2226; x_wconf 88' lang='lat' dir='ltr'><strong>int-</strong></span> 
     </span>
    </p>
   </div>
   <div class='ocr_carea' id='block_1_21' title="bbox 270 2262 1868 2340">
    <p class='ocr_par' dir='ltr' id='par_1_21' title="bbox 270 2262 1868 2340">
     <span class='ocr_line' id='line_1_21' title="bbox 270 2262 1868 2340; baseline -0.006 -16"><span class='ocrx_word' id='word_1_161' title='bbox 270 2272 529 2325; x_wconf 78' lang='lat' dir='ltr'><strong>ntunditia</strong></span> <span class='ocrx_word' id='word_1_162' title='bbox 555 2280 603 2324; x_wconf 85' lang='lat' dir='ltr'><strong>et</strong></span> <span class='ocrx_word' id='word_1_163' title='bbox 625 2270 977 2340; x_wconf 75' lang='lat' dir='ltr'><strong>fornicatione,</strong></span> <span class='ocrx_word' id='word_1_164' title='bbox 995 2284 1148 2339; x_wconf 88' lang='lat' dir='ltr'><strong>quant</strong></span> <span class='ocrx_word' id='word_1_165' title='bbox 1175 2269 1400 2338; x_wconf 75' lang='lat' dir='ltr'><strong>fecerunt</strong></span> <span class='ocrx_word' id='word_1_166' title='bbox 1425 2265 1481 2337; x_wconf 79' lang='grc'><strong>(2</strong></span> <span class='ocrx_word' id='word_1_167' title='bbox 1496 2264 1613 2320; x_wconf 89' lang='lat' dir='ltr'><strong>Cor.</strong></span> <span class='ocrx_word' id='word_1_168' title='bbox 1634 2262 1719 2319; x_wconf 82' lang='grc'><strong>12.</strong></span> <span class='ocrx_word' id='word_1_169' title='bbox 1753 2262 1868 2332; x_wconf 90' lang='grc'><strong>21).</strong></span> 
     </span>
    </p>
   </div>
   <div class='ocr_carea' id='block_1_22' title="bbox 270 2356 1872 2432">
    <p class='ocr_par' dir='ltr' id='par_1_22' title="bbox 270 2356 1872 2432">
     <span class='ocr_line' id='line_1_22' title="bbox 270 2356 1872 2432; baseline -0.006 -15"><span class='ocrx_word' id='word_1_170' title='bbox 270 2362 358 2417; x_wconf 81' lang='lat' dir='ltr'><strong>Ad</strong></span> <span class='ocrx_word' id='word_1_171' title='bbox 408 2362 776 2432; x_wconf 69' lang='lat' dir='ltr'><strong>pmnilentiam</strong></span> <span class='ocrx_word' id='word_1_172' title='bbox 830 2375 960 2416; x_wconf 87' lang='lat' dir='ltr'><strong>vero</strong></span> <span class='ocrx_word' id='word_1_173' title='bbox 1025 2359 1182 2430; x_wconf 90' lang='lat' dir='ltr'><strong>quale</strong></span> <span class='ocrx_word' id='word_1_174' title='bbox 1226 2356 1606 2429; x_wconf 79' lang='lat' dir='ltr'><strong>congruentius</strong></span> <span class='ocrx_word' id='word_1_175' title='bbox 1659 2363 1872 2425; x_wconf 89' lang='lat' dir='ltr'><strong>tempus</strong></span> 
     </span>
    </p>
   </div>
   <div class='ocr_carea' id='block_1_23' title="bbox 270 2449 1265 2522">
    <p class='ocr_par' dir='ltr' id='par_1_23' title="bbox 270 2449 1265 2522">
     <span class='ocr_line' id='line_1_23' title="bbox 270 2449 1265 2522; baseline -0.004 -16"><span class='ocrx_word' id='word_1_176' title='bbox 270 2461 460 2522; x_wconf 79' lang='lat' dir='ltr'><strong>posset</strong></span> <span class='ocrx_word' id='word_1_177' title='bbox 482 2450 740 2506; x_wconf 88' lang='lat' dir='ltr'><strong>accedere</strong></span> <span class='ocrx_word' id='word_1_178' title='bbox 759 2450 945 2521; x_wconf 89' lang='lat' dir='ltr'><strong>jejunii</strong></span> <span class='ocrx_word' id='word_1_179' title='bbox 977 2459 1217 2520; x_wconf 88' lang='lat' dir='ltr'><strong>tempore</strong></span> <span class='ocrx_word' id='word_1_180' title='bbox 1241 2449 1265 2502; x_wconf 82' lang='lat'><strong>?</strong></span> 
     </span>
    </p>
   </div>
   <div class='ocr_carea' id='block_1_24' title="bbox 345 2560 1871 2619">
    <p class='ocr_par' dir='ltr' id='par_1_24' title="bbox 345 2560 1871 2619">
     <span class='ocr_line' id='line_1_24' title="bbox 345 2560 1871 2619; baseline -0.004 0"><span class='ocrx_word' id='word_1_181' title='bbox 345 2565 398 2619; x_wconf 78' lang='lat'><strong>3.</strong></span> <span class='ocrx_word' id='word_1_182' title='bbox 448 2561 554 2618; x_wconf 88' lang='lat' dir='ltr'><strong>Sed</strong></span> <span class='ocrx_word' id='word_1_183' title='bbox 597 2561 664 2618; x_wconf 91' lang='lat' dir='ltr'><strong>ad</strong></span> <span class='ocrx_word' id='word_1_184' title='bbox 712 2561 990 2619; x_wconf 89' lang='lat' dir='ltr'><strong>historiam</strong></span> <span class='ocrx_word' id='word_1_185' title='bbox 1037 2571 1386 2618; x_wconf 87' lang='lat' dir='ltr'><strong>revertamur.</strong></span> <span class='ocrx_word' id='word_1_186' title='bbox 1438 2560 1662 2615; x_wconf 81' lang='lat' dir='ltr'><strong>Audiens</strong></span> <span class='ocrx_word' id='word_1_187' title='bbox 1703 2568 1871 2615; x_wconf 87' lang='lat' dir='ltr'><strong>autem</strong></span> 
     </span>
    </p>
   </div>
   <div class='ocr_carea' id='block_1_25' title="bbox 271 2652 1871 2724">
    <p class='ocr_par' dir='ltr' id='par_1_25' title="bbox 271 2652 1871 2724">
     <span class='ocr_line' id='line_1_25' title="bbox 271 2652 1871 2724; baseline 0 -18"><span class='ocrx_word' id='word_1_188' title='bbox 271 2655 524 2724; x_wconf 80' lang='lat' dir='ltr'><strong>propheta</strong></span> <span class='ocrx_word' id='word_1_189' title='bbox 545 2655 694 2707; x_wconf 75' lang='lat' dir='ltr'><strong>verba</strong></span> <span class='ocrx_word' id='word_1_190' title='bbox 724 2654 863 2720; x_wconf 70' lang='lat' dir='ltr'><strong>lucc,</strong></span> <span class='ocrx_word' id='word_1_191' title='bbox 906 2654 1158 2708; x_wconf 85' lang='lat' dir='ltr'><strong>descendit</strong></span> <span class='ocrx_word' id='word_1_192' title='bbox 1181 2653 1234 2706; x_wconf 91' lang='lat' dir='ltr'><strong>in</strong></span> <span class='ocrx_word' id='word_1_193' title='bbox 1261 2652 1486 2724; x_wconf 82' lang='lat' dir='ltr'><strong>Joppen,</strong></span> <span class='ocrx_word' id='word_1_194' title='bbox 1515 2662 1568 2706; x_wconf 86' lang='lat' dir='ltr'><strong>ut</strong></span> <span class='ocrx_word' id='word_1_195' title='bbox 1599 2655 1794 2723; x_wconf 77' lang='lat' dir='ltr'><strong>fugeret</strong></span> <span class='ocrx_word' id='word_1_196' title='bbox 1818 2654 1871 2706; x_wconf 87' lang='lat' dir='ltr'><strong>in</strong></span> 
     </span>
    </p>
   </div>
   <div class='ocr_carea' id='block_1_26' title="bbox 269 2742 1868 2816">
    <p class='ocr_par' dir='ltr' id='par_1_26' title="bbox 269 2742 1868 2816">
     <span class='ocr_line' id='line_1_26' title="bbox 269 2742 1868 2816; baseline -0.002 -17"><span class='ocrx_word' id='word_1_197' title='bbox 269 2744 488 2816; x_wconf 82' lang='lat' dir='ltr'><strong>Tharsis</strong></span> <span class='ocrx_word' id='word_1_198' title='bbox 531 2762 563 2798; x_wconf 92' lang='lat' dir='ltr'><strong>a</strong></span> <span class='ocrx_word' id='word_1_199' title='bbox 589 2745 723 2816; x_wconf 77' lang='lat' dir='ltr'><strong>facie</strong></span> <span class='ocrx_word' id='word_1_200' title='bbox 756 2743 962 2798; x_wconf 88' lang='lat' dir='ltr'><strong>Domini</strong></span> <span class='ocrx_word' id='word_1_201' title='bbox 1011 2743 1156 2815; x_wconf 80' lang='lat' dir='ltr'><strong>(Jan.</strong></span> <span class='ocrx_word' id='word_1_202' title='bbox 1197 2744 1248 2799; x_wconf 93' lang='grc'><strong>1.</strong></span> <span class='ocrx_word' id='word_1_203' title='bbox 1292 2744 1371 2814; x_wconf 77' lang='lat'><strong>3).</strong></span> <span class='ocrx_word' id='word_1_204' title='bbox 1403 2742 1645 2811; x_wconf 87' lang='lat' dir='ltr'><strong>Quonam</strong></span> <span class='ocrx_word' id='word_1_205' title='bbox 1696 2742 1868 2812; x_wconf 80' lang='lat' dir='ltr'><strong>fugis,</strong></span> 
     </span>
    </p>
   </div>
   <div class='ocr_carea' id='block_1_27' title="bbox 271 2833 1872 2906">
    <p class='ocr_par' dir='ltr' id='par_1_27' title="bbox 271 2833 1872 2906">
     <span class='ocr_line' id='line_1_27' title="bbox 271 2833 1872 2906; baseline -0.002 -17"><span class='ocrx_word' id='word_1_206' title='bbox 271 2835 478 2890; x_wconf 85' lang='lat' dir='ltr'><strong>homo?</strong></span> <span class='ocrx_word' id='word_1_207' title='bbox 505 2835 763 2906; x_wconf 88' lang='lat' dir='ltr'><strong>numquid</strong></span> <span class='ocrx_word' id='word_1_208' title='bbox 790 2836 1038 2890; x_wconf 83' lang='lat' dir='ltr'><strong>audivisti</strong></span> <span class='ocrx_word' id='word_1_209' title='bbox 1067 2835 1384 2905; x_wconf 88' lang='lat' dir='ltr'><strong>prophetam</strong></span> <span class='ocrx_word' id='word_1_210' title='bbox 1409 2833 1681 2888; x_wconf 88' lang='lat' dir='ltr'><strong>dicentem</strong></span> <span class='ocrx_word' id='word_1_211' title='bbox 1716 2851 1729 2886; x_wconf 91' lang='lat'>:</span> <span class='ocrx_word' id='word_1_212' title='bbox 1757 2833 1872 2899; x_wconf 85' lang='lat' dir='ltr'><strong>Quo</strong></span> 
     </span>
    </p>
   </div>
   <div class='ocr_carea' id='block_1_28' title="bbox 270 2921 1870 2996">
    <p class='ocr_par' dir='ltr' id='par_1_28' title="bbox 270 2921 1870 2996">
     <span class='ocr_line' id='line_1_28' title="bbox 270 2921 1870 2996; baseline -0.005 -14"><span class='ocrx_word' id='word_1_213' title='bbox 270 2926 356 2984; x_wconf 79' lang='lat' dir='ltr'><strong>ibo</strong></span> <span class='ocrx_word' id='word_1_214' title='bbox 372 2942 403 2978; x_wconf 90' lang='lat' dir='ltr'><strong>a</strong></span> <span class='ocrx_word' id='word_1_215' title='bbox 419 2926 600 2994; x_wconf 86' lang='lat' dir='ltr'><strong>spiritu</strong></span> <span class='ocrx_word' id='word_1_216' title='bbox 618 2936 724 2988; x_wconf 89' lang='lat' dir='ltr'><strong>tuo,</strong></span> <span class='ocrx_word' id='word_1_217' title='bbox 739 2935 786 2979; x_wconf 81' lang='lat' dir='ltr'><strong>et</strong></span> <span class='ocrx_word' id='word_1_218' title='bbox 812 2941 910 2995; x_wconf 87' lang='lat' dir='ltr'><strong>quo</strong></span> <span class='ocrx_word' id='word_1_219' title='bbox 929 2942 962 2978; x_wconf 91' lang='lat' dir='ltr'><strong>a</strong></span> <span class='ocrx_word' id='word_1_220' title='bbox 989 2925 1120 2996; x_wconf 81' lang='lat' dir='ltr'><strong>{acie</strong></span> <span class='ocrx_word' id='word_1_221' title='bbox 1140 2933 1226 2978; x_wconf 87' lang='lat' dir='ltr'><strong>tua</strong></span> <span class='ocrx_word' id='word_1_222' title='bbox 1241 2926 1437 2996; x_wconf 77' lang='lat' dir='ltr'><strong>fugiam</strong></span> <span class='ocrx_word' id='word_1_223' title='bbox 1455 2921 1617 2993; x_wconf 82' lang='lat' dir='ltr'><strong>(Psal.</strong></span> <span class='ocrx_word' id='word_1_224' title='bbox 1642 2923 1764 2977; x_wconf 78' lang='grc'><strong>158.</strong></span> <span class='ocrx_word' id='word_1_225' title='bbox 1786 2922 1870 2992; x_wconf 86' lang='lat'><strong>7)?</strong></span> 
     </span>
    </p>
   </div>
   <div class='ocr_carea' id='block_1_29' title="bbox 272 3014 1867 3090">
    <p class='ocr_par' dir='ltr' id='par_1_29' title="bbox 272 3014 1867 3090">
     <span class='ocr_line' id='line_1_29' title="bbox 272 3014 1867 3090; baseline -0.004 -16"><span class='ocrx_word' id='word_1_226' title='bbox 272 3021 332 3074; x_wconf 86' lang='lat' dir='ltr'><strong>In</strong></span> <span class='ocrx_word' id='word_1_227' title='bbox 359 3021 582 3075; x_wconf 86' lang='lat' dir='ltr'><strong>terram?</strong></span> <span class='ocrx_word' id='word_1_228' title='bbox 605 3020 711 3075; x_wconf 85' lang='lat' dir='ltr'><strong>Sed</strong></span> <span class='ocrx_word' id='word_1_229' title='bbox 742 3018 948 3073; x_wconf 83' lang='lat' dir='ltr'><strong>Domini</strong></span> <span class='ocrx_word' id='word_1_230' title='bbox 973 3028 1048 3074; x_wconf 84' lang='lat' dir='ltr'><strong>est</strong></span> <span class='ocrx_word' id='word_1_231' title='bbox 1069 3029 1203 3073; x_wconf 84' lang='lat' dir='ltr'><strong>terra</strong></span> <span class='ocrx_word' id='word_1_232' title='bbox 1214 3028 1260 3072; x_wconf 91' lang='lat' dir='ltr'><strong>et</strong></span> <span class='ocrx_word' id='word_1_233' title='bbox 1286 3017 1548 3088; x_wconf 80' lang='lat' dir='ltr'><strong>plenitudo</strong></span> <span class='ocrx_word' id='word_1_234' title='bbox 1565 3017 1674 3090; x_wconf 86' lang='lat' dir='ltr'><strong>ejus</strong></span> <span class='ocrx_word' id='word_1_235' title='bbox 1694 3014 1867 3087; x_wconf 81' lang='lat' dir='ltr'><strong>(Psal.</strong></span> 
     </span>
    </p>
   </div>
   <div class='ocr_carea' id='block_1_30' title="bbox 268 3107 1866 3181">
    <p class='ocr_par' dir='ltr' id='par_1_30' title="bbox 268 3107 1866 3181">
     <span class='ocr_line' id='line_1_30' title="bbox 268 3107 1866 3181; baseline -0.004 -15"><span class='ocrx_word' id='word_1_236' title='bbox 268 3112 366 3166; x_wconf 79' lang='grc'><strong>25.</strong></span> <span class='ocrx_word' id='word_1_237' title='bbox 393 3113 466 3181; x_wconf 91' lang='grc'><strong>1).</strong></span> <span class='ocrx_word' id='word_1_238' title='bbox 493 3112 573 3166; x_wconf 85' lang='lat' dir='ltr'><strong>Ad</strong></span> <span class='ocrx_word' id='word_1_239' title='bbox 601 3111 907 3166; x_wconf 82' lang='lat' dir='ltr'><strong>infernum?</strong></span> <span class='ocrx_word' id='word_1_240' title='bbox 939 3110 1000 3164; x_wconf 80' lang='lat' dir='ltr'><strong>Si</strong></span> <span class='ocrx_word' id='word_1_241' title='bbox 1029 3110 1364 3179; x_wconf 75' lang='lat' dir='ltr'><strong>descendere,</strong></span> <span class='ocrx_word' id='word_1_242' title='bbox 1394 3110 1586 3178; x_wconf 90' lang='lat' dir='ltr'><strong>inquit,</strong></span> <span class='ocrx_word' id='word_1_243' title='bbox 1621 3109 1675 3161; x_wconf 88' lang='lat' dir='ltr'><strong>in</strong></span> <span class='ocrx_word' id='word_1_244' title='bbox 1702 3107 1866 3179; x_wconf 77' lang='lat' dir='ltr'><strong>infer-</strong></span> 
     </span>
    </p>
   </div>
   <div class='ocr_carea' id='block_1_31' title="bbox 271 3199 1867 3271">
    <p class='ocr_par' dir='ltr' id='par_1_31' title="bbox 271 3199 1867 3271">
     <span class='ocr_line' id='line_1_31' title="bbox 271 3199 1867 3271; baseline -0.004 -15"><span class='ocrx_word' id='word_1_245' title='bbox 271 3221 422 3271; x_wconf 86' lang='lat' dir='ltr'><strong>num,</strong></span> <span class='ocrx_word' id='word_1_246' title='bbox 457 3205 597 3257; x_wconf 81' lang='lat' dir='ltr'><strong>ades.</strong></span> <span class='ocrx_word' id='word_1_247' title='bbox 633 3204 686 3258; x_wconf 89' lang='lat' dir='ltr'><strong>lu</strong></span> <span class='ocrx_word' id='word_1_248' title='bbox 715 3202 1012 3258; x_wconf 74' lang='lat' dir='ltr'><strong>caelumne?</strong></span> <span class='ocrx_word' id='word_1_249' title='bbox 1036 3201 1097 3257; x_wconf 90' lang='lat' dir='ltr'><strong>Si</strong></span> <span class='ocrx_word' id='word_1_250' title='bbox 1119 3201 1391 3256; x_wconf 84' lang='lat' dir='ltr'><strong>ascendere</strong></span> <span class='ocrx_word' id='word_1_251' title='bbox 1420 3202 1474 3254; x_wconf 90' lang='lat' dir='ltr'><strong>in</strong></span> <span class='ocrx_word' id='word_1_252' title='bbox 1497 3199 1700 3267; x_wconf 70' lang='lat' dir='ltr'><strong>cazlum,</strong></span> <span class='ocrx_word' id='word_1_253' title='bbox 1732 3212 1784 3251; x_wconf 88' lang='lat' dir='ltr'><strong>tu</strong></span> <span class='ocrx_word' id='word_1_254' title='bbox 1801 3199 1867 3251; x_wconf 85' lang='lat' dir='ltr'><strong>il-</strong></span> 
     </span>
    </p>
   </div>
   <div class='ocr_carea' id='block_1_32' title="bbox 271 3291 1871 3368">
    <p class='ocr_par' dir='ltr' id='par_1_32' title="bbox 271 3291 1871 3368">
     <span class='ocr_line' id='line_1_32' title="bbox 271 3291 1871 3368; baseline -0.004 -17"><span class='ocrx_word' id='word_1_255' title='bbox 271 3299 409 3352; x_wconf 73' lang='lat' dir='ltr'><strong>lices</strong></span> <span class='ocrx_word' id='word_1_256' title='bbox 427 3297 597 3368; x_wconf 77' lang='lat' dir='ltr'><strong>(Psal.</strong></span> <span class='ocrx_word' id='word_1_257' title='bbox 618 3296 740 3351; x_wconf 76' lang='grc'><strong>158.</strong></span> <span class='ocrx_word' id='word_1_258' title='bbox 767 3297 843 3368; x_wconf 89' lang='grc'><strong>8).</strong></span> <span class='ocrx_word' id='word_1_259' title='bbox 863 3297 941 3351; x_wconf 83' lang='lat' dir='ltr'><strong>An</strong></span> <span class='ocrx_word' id='word_1_260' title='bbox 969 3299 1019 3350; x_wconf 89' lang='lat' dir='ltr'><strong>in</strong></span> <span class='ocrx_word' id='word_1_261' title='bbox 1051 3295 1239 3350; x_wconf 85' lang='lat' dir='ltr'><strong>mare?</strong></span> <span class='ocrx_word' id='word_1_262' title='bbox 1269 3293 1338 3347; x_wconf 85' lang='lat' dir='ltr'><strong>Et</strong></span> <span class='ocrx_word' id='word_1_263' title='bbox 1357 3293 1486 3359; x_wconf 85' lang='lat' dir='ltr'><strong>illic,</strong></span> <span class='ocrx_word' id='word_1_264' title='bbox 1515 3291 1706 3363; x_wconf 89' lang='lat' dir='ltr'><strong>inquit,</strong></span> <span class='ocrx_word' id='word_1_265' title='bbox 1734 3301 1871 3344; x_wconf 87' lang='lat' dir='ltr'><strong>tene-</strong></span> 
     </span>
    </p>
   </div>
   <div class='ocr_carea' id='block_1_33' title="bbox 268 3383 1864 3459">
    <p class='ocr_par' dir='ltr' id='par_1_33' title="bbox 268 3383 1864 3459">
     <span class='ocr_line' id='line_1_33' title="bbox 268 3383 1864 3459; baseline -0.004 -17"><span class='ocrx_word' id='word_1_266' title='bbox 268 3389 345 3442; x_wconf 72' lang='lat' dir='ltr'><strong>bit</strong></span> <span class='ocrx_word' id='word_1_267' title='bbox 375 3405 454 3442; x_wconf 89' lang='lat' dir='ltr'><strong>me</strong></span> <span class='ocrx_word' id='word_1_268' title='bbox 481 3389 684 3442; x_wconf 69' lang='lat' dir='ltr'><strong>dextera</strong></span> <span class='ocrx_word' id='word_1_269' title='bbox 727 3398 813 3440; x_wconf 89' lang='lat' dir='ltr'><strong>tua</strong></span> <span class='ocrx_word' id='word_1_270' title='bbox 841 3386 946 3459; x_wconf 87' lang='lat' dir='ltr'><strong>(Ib.</strong></span> <span class='ocrx_word' id='word_1_271' title='bbox 996 3403 1042 3441; x_wconf 82' lang='grc' dir='ltr'><strong>υ.</strong></span> <span class='ocrx_word' id='word_1_272' title='bbox 1071 3388 1180 3456; x_wconf 83' lang='grc'><strong>10).</strong></span> <span class='ocrx_word' id='word_1_273' title='bbox 1224 3385 1382 3453; x_wconf 85' lang='lat' dir='ltr'><strong>Quod</strong></span> <span class='ocrx_word' id='word_1_274' title='bbox 1425 3394 1478 3438; x_wconf 93' lang='lat' dir='ltr'><strong>et</strong></span> <span class='ocrx_word' id='word_1_275' title='bbox 1504 3383 1627 3437; x_wconf 86' lang='lat' dir='ltr'><strong>huic</strong></span> <span class='ocrx_word' id='word_1_276' title='bbox 1667 3383 1864 3437; x_wconf 89' lang='lat' dir='ltr'><strong>evenit.</strong></span> 
     </span>
    </p>
   </div>
   <div class='ocr_carea' id='block_1_34' title="bbox 270 3471 1872 3548">
    <p class='ocr_par' dir='ltr' id='par_1_34' title="bbox 270 3471 1872 3548">
     <span class='ocr_line' id='line_1_34' title="bbox 270 3471 1872 3548; baseline -0.006 -14"><span class='ocrx_word' id='word_1_277' title='bbox 270 3479 383 3534; x_wconf 82' lang='lat' dir='ltr'><strong>Sed</strong></span> <span class='ocrx_word' id='word_1_278' title='bbox 411 3480 512 3534; x_wconf 87' lang='lat' dir='ltr'><strong>tale</strong></span> <span class='ocrx_word' id='word_1_279' title='bbox 537 3489 619 3533; x_wconf 89' lang='lat' dir='ltr'><strong>est</strong></span> <span class='ocrx_word' id='word_1_280' title='bbox 649 3487 942 3548; x_wconf 89' lang='lat' dir='ltr'><strong>peccatum,</strong></span> <span class='ocrx_word' id='word_1_281' title='bbox 971 3487 1026 3531; x_wconf 92' lang='lat' dir='ltr'><strong>ut</strong></span> <span class='ocrx_word' id='word_1_282' title='bbox 1049 3477 1114 3532; x_wconf 89' lang='lat' dir='ltr'><strong>ad</strong></span> <span class='ocrx_word' id='word_1_283' title='bbox 1138 3476 1492 3546; x_wconf 79' lang='lat' dir='ltr'><strong>ignorantiam</strong></span> <span class='ocrx_word' id='word_1_284' title='bbox 1512 3473 1731 3528; x_wconf 90' lang='lat' dir='ltr'><strong>multam</strong></span> <span class='ocrx_word' id='word_1_285' title='bbox 1754 3471 1872 3526; x_wconf 85' lang='lat' dir='ltr'><strong>red-</strong></span> 
     </span>
    </p>
   </div>
   <div class='ocr_carea' id='block_1_35' title="bbox 271 3565 1868 3640">
    <p class='ocr_par' dir='ltr' id='par_1_35' title="bbox 271 3565 1868 3640">
     <span class='ocr_line' id='line_1_35' title="bbox 271 3565 1868 3640; baseline -0.003 -15"><span class='ocrx_word' id='word_1_286' title='bbox 271 3571 384 3640; x_wconf 83' lang='lat' dir='ltr'><strong>igat</strong></span> <span class='ocrx_word' id='word_1_287' title='bbox 424 3571 680 3625; x_wconf 87' lang='lat' dir='ltr'><strong>animam.</strong></span> <span class='ocrx_word' id='word_1_288' title='bbox 721 3569 851 3624; x_wconf 83' lang='lat' dir='ltr'><strong>Nam</strong></span> <span class='ocrx_word' id='word_1_289' title='bbox 893 3571 1030 3623; x_wconf 90' lang='lat' dir='ltr'><strong>sicut</strong></span> <span class='ocrx_word' id='word_1_290' title='bbox 1053 3571 1140 3638; x_wconf 89' lang='lat' dir='ltr'><strong>qui</strong></span> <span class='ocrx_word' id='word_1_291' title='bbox 1169 3567 1429 3638; x_wconf 78' lang='lat' dir='ltr'><strong>gravitate</strong></span> <span class='ocrx_word' id='word_1_292' title='bbox 1473 3566 1663 3635; x_wconf 83' lang='lat' dir='ltr'><strong>capitis</strong></span> <span class='ocrx_word' id='word_1_293' title='bbox 1689 3565 1868 3620; x_wconf 86' lang='lat' dir='ltr'><strong>ebrie-</strong></span> 
     </span>
    </p>
   </div>
   <div class='ocr_carea' id='block_1_36' title="bbox 271 3659 1871 3732">
    <p class='ocr_par' dir='ltr' id='par_1_36' title="bbox 271 3659 1871 3732">
     <span class='ocr_line' id='line_1_36' title="bbox 271 3659 1871 3732; baseline 0 -17"><span class='ocrx_word' id='word_1_294' title='bbox 271 3671 489 3732; x_wconf 88' lang='lat' dir='ltr'><strong>tateque</strong></span> <span class='ocrx_word' id='word_1_295' title='bbox 519 3671 784 3728; x_wconf 89' lang='lat' dir='ltr'><strong>tenentur,</strong></span> <span class='ocrx_word' id='word_1_296' title='bbox 815 3660 976 3714; x_wconf 76' lang='lat' dir='ltr'><strong>Stulte</strong></span> <span class='ocrx_word' id='word_1_297' title='bbox 1004 3674 1068 3714; x_wconf 90' lang='lat' dir='ltr'><strong>ac</strong></span> <span class='ocrx_word' id='word_1_298' title='bbox 1099 3670 1297 3714; x_wconf 89' lang='lat' dir='ltr'><strong>temere</strong></span> <span class='ocrx_word' id='word_1_299' title='bbox 1338 3659 1603 3724; x_wconf 83' lang='lat' dir='ltr'><strong>feruntur,</strong></span> <span class='ocrx_word' id='word_1_300' title='bbox 1626 3659 1871 3728; x_wconf 85' lang='lat' dir='ltr'><strong>quamvis</strong></span> 
     </span>
    </p>
   </div>
   <div class='ocr_carea' id='block_1_37' title="bbox 273 3751 1870 3824">
    <p class='ocr_par' dir='ltr' id='par_1_37' title="bbox 273 3751 1870 3824">
     <span class='ocr_line' id='line_1_37' title="bbox 273 3751 1870 3824; baseline 0 -17"><span class='ocrx_word' id='word_1_301' title='bbox 273 3754 650 3824; x_wconf 72' lang='lat' dir='ltr'><strong>prmcipitium,</strong></span> <span class='ocrx_word' id='word_1_302' title='bbox 681 3755 922 3824; x_wconf 84' lang='lat' dir='ltr'><strong>quamvis</strong></span> <span class='ocrx_word' id='word_1_303' title='bbox 945 3752 1280 3819; x_wconf 87' lang='lat' dir='ltr'><strong>barathrum,</strong></span> <span class='ocrx_word' id='word_1_304' title='bbox 1303 3761 1357 3806; x_wconf 89' lang='lat' dir='ltr'><strong>et</strong></span> <span class='ocrx_word' id='word_1_305' title='bbox 1381 3751 1522 3806; x_wconf 90' lang='lat' dir='ltr'><strong>aliud</strong></span> <span class='ocrx_word' id='word_1_306' title='bbox 1544 3752 1670 3823; x_wconf 90' lang='lat' dir='ltr'><strong>quid</strong></span> <span class='ocrx_word' id='word_1_307' title='bbox 1695 3753 1870 3808; x_wconf 85' lang='lat' dir='ltr'><strong>simile</strong></span> 
     </span>
    </p>
   </div>
   <div class='ocr_carea' id='block_1_38' title="bbox 269 3844 1870 3916">
    <p class='ocr_par' dir='ltr' id='par_1_38' title="bbox 269 3844 1870 3916">
     <span class='ocr_line' id='line_1_38' title="bbox 269 3844 1870 3916; baseline 0.001 -18"><span class='ocrx_word' id='word_1_308' title='bbox 269 3846 468 3910; x_wconf 85' lang='lat' dir='ltr'><strong>subsit,</strong></span> <span class='ocrx_word' id='word_1_309' title='bbox 486 3845 774 3898; x_wconf 89' lang='lat' dir='ltr'><strong>concidunt</strong></span> <span class='ocrx_word' id='word_1_310' title='bbox 797 3846 1003 3898; x_wconf 90' lang='lat' dir='ltr'><strong>incaute</strong></span> <span class='ocrx_word' id='word_1_311' title='bbox 1036 3861 1049 3897; x_wconf 92' lang='lat'>:</span> <span class='ocrx_word' id='word_1_312' title='bbox 1083 3844 1160 3897; x_wconf 87' lang='lat' dir='ltr'><strong>sic</strong></span> <span class='ocrx_word' id='word_1_313' title='bbox 1190 3844 1276 3913; x_wconf 88' lang='lat' dir='ltr'><strong>qui</strong></span> <span class='ocrx_word' id='word_1_314' title='bbox 1299 3855 1555 3898; x_wconf 90' lang='lat' dir='ltr'><strong>corruunt</strong></span> <span class='ocrx_word' id='word_1_315' title='bbox 1595 3846 1650 3899; x_wconf 91' lang='lat' dir='ltr'><strong>in</strong></span> <span class='ocrx_word' id='word_1_316' title='bbox 1680 3860 1870 3916; x_wconf 90' lang='lat' dir='ltr'><strong>pecca-</strong></span> 
     </span>
    </p>
   </div>
   <div class='ocr_carea' id='block_1_39' title="bbox 273 3934 1871 4002">
    <p class='ocr_par' dir='ltr' id='par_1_39' title="bbox 273 3934 1871 4002">
     <span class='ocr_line' id='line_1_39' title="bbox 273 3934 1871 4002; baseline 0.003 -14"><span class='ocrx_word' id='word_1_317' title='bbox 273 3943 390 3988; x_wconf 87' lang='lat' dir='ltr'><strong>tum</strong></span> <span class='ocrx_word' id='word_1_318' title='bbox 411 3975 428 4000; x_wconf 91' lang='lat'><strong>,</strong></span> <span class='ocrx_word' id='word_1_319' title='bbox 450 3934 609 3988; x_wconf 90' lang='lat' dir='ltr'><strong>veluti</strong></span> <span class='ocrx_word' id='word_1_320' title='bbox 641 3935 899 3989; x_wconf 86' lang='lat' dir='ltr'><strong>ebrietate</strong></span> <span class='ocrx_word' id='word_1_321' title='bbox 932 3935 1159 3988; x_wconf 87' lang='lat' dir='ltr'><strong>actionis</strong></span> <span class='ocrx_word' id='word_1_322' title='bbox 1202 3934 1470 3988; x_wconf 85' lang='lat' dir='ltr'><strong>desiderio</strong></span> <span class='ocrx_word' id='word_1_323' title='bbox 1496 3934 1739 4002; x_wconf 88' lang='lat' dir='ltr'><strong>detenti,</strong></span> <span class='ocrx_word' id='word_1_324' title='bbox 1772 3952 1871 3992; x_wconf 85' lang='lat' dir='ltr'><strong>ne-</strong></span> 
     </span>
    </p>
   </div>
   <div class='ocr_carea' id='block_1_40' title="bbox 270 4025 1868 4098">
    <p class='ocr_par' dir='ltr' id='par_1_40' title="bbox 270 4025 1868 4098">
     <span class='ocr_line' id='line_1_40' title="bbox 270 4025 1868 4098; baseline 0.001 -18"><span class='ocrx_word' id='word_1_325' title='bbox 270 4025 449 4080; x_wconf 85' lang='lat' dir='ltr'><strong>sciunt</strong></span> <span class='ocrx_word' id='word_1_326' title='bbox 476 4025 601 4094; x_wconf 89' lang='lat' dir='ltr'><strong>quid</strong></span> <span class='ocrx_word' id='word_1_327' title='bbox 627 4026 846 4092; x_wconf 82' lang='lat' dir='ltr'><strong>iaciunt,</strong></span> <span class='ocrx_word' id='word_1_328' title='bbox 880 4041 986 4080; x_wconf 88' lang='lat' dir='ltr'><strong>non</strong></span> <span class='ocrx_word' id='word_1_329' title='bbox 1007 4026 1311 4096; x_wconf 71' lang='lat' dir='ltr'><strong>prtesentia,</strong></span> <span class='ocrx_word' id='word_1_330' title='bbox 1341 4040 1446 4081; x_wconf 92' lang='lat' dir='ltr'><strong>non</strong></span> <span class='ocrx_word' id='word_1_331' title='bbox 1475 4025 1649 4082; x_wconf 89' lang='lat' dir='ltr'><strong>futura</strong></span> <span class='ocrx_word' id='word_1_332' title='bbox 1671 4029 1868 4098; x_wconf 74' lang='lat' dir='ltr'><strong>praevi-</strong></span> 
     </span>
    </p>
   </div>
   <div class='ocr_carea' id='block_1_41' title="bbox 269 4117 481 4172">
    <p class='ocr_par' dir='ltr' id='par_1_41' title="bbox 269 4117 481 4172">
     <span class='ocr_line' id='line_1_41' title="bbox 269 4117 481 4172; baseline -0.005 -1"><span class='ocrx_word' id='word_1_333' title='bbox 269 4117 481 4172; x_wconf 81' lang='lat' dir='ltr'><strong>dentes.</strong></span> 
     </span>
    </p>
   </div>
   <div class='ocr_carea' id='block_1_42' title="bbox 371 4232 1867 4302">
    <p class='ocr_par' dir='ltr' id='par_1_42' title="bbox 371 4232 1867 4302">
     <span class='ocr_line' id='line_1_42' title="bbox 371 4232 1867 4302; baseline 0.001 -15"><span class='ocrx_word' id='word_1_334' title='bbox 371 4232 667 4287; x_wconf 84' lang='lat' dir='ltr'><strong>Similitudo</strong></span> <span class='ocrx_word' id='word_1_335' title='bbox 707 4234 1068 4302; x_wconf 82' lang='lat' dir='ltr'><strong>pulcherrima.</strong></span> <span class='ocrx_word' id='word_1_336' title='bbox 1111 4265 1182 4274; x_wconf 93' lang='lat'><strong>—</strong></span> <span class='ocrx_word' id='word_1_337' title='bbox 1209 4235 1530 4302; x_wconf 90' lang='lat' dir='ltr'><strong>Dominum,</strong></span> <span class='ocrx_word' id='word_1_338' title='bbox 1569 4234 1655 4291; x_wconf 87' lang='lat' dir='ltr'><strong>dic</strong></span> <span class='ocrx_word' id='word_1_339' title='bbox 1695 4235 1826 4291; x_wconf 86' lang='lat' dir='ltr'><strong>mihi</strong></span> <span class='ocrx_word' id='word_1_340' title='bbox 1853 4278 1867 4302; x_wconf 92' lang='lat'><strong>,</strong></span> 
     </span>
    </p>
   </div>
   <div class='ocr_carea' id='block_1_43' title="bbox 268 4323 1870 4396">
    <p class='ocr_par' dir='ltr' id='par_1_43' title="bbox 268 4323 1870 4396">
     <span class='ocr_line' id='line_1_43' title="bbox 268 4323 1870 4396; baseline 0.004 -20"><span class='ocrx_word' id='word_1_341' title='bbox 268 4323 450 4393; x_wconf 86' lang='lat' dir='ltr'><strong>fugis?</strong></span> <span class='ocrx_word' id='word_1_342' title='bbox 478 4323 770 4392; x_wconf 85' lang='lat' dir='ltr'><strong>Parumper</strong></span> <span class='ocrx_word' id='word_1_343' title='bbox 799 4325 956 4394; x_wconf 85' lang='lat' dir='ltr'><strong>igitur</strong></span> <span class='ocrx_word' id='word_1_344' title='bbox 983 4340 1158 4391; x_wconf 90' lang='lat' dir='ltr'><strong>mane,</strong></span> <span class='ocrx_word' id='word_1_345' title='bbox 1183 4337 1342 4395; x_wconf 89' lang='lat' dir='ltr'><strong>atque</strong></span> <span class='ocrx_word' id='word_1_346' title='bbox 1365 4341 1460 4396; x_wconf 91' lang='lat' dir='ltr'><strong>per</strong></span> <span class='ocrx_word' id='word_1_347' title='bbox 1484 4342 1663 4381; x_wconf 92' lang='lat' dir='ltr'><strong>rerum</strong></span> <span class='ocrx_word' id='word_1_348' title='bbox 1693 4325 1870 4382; x_wconf 87' lang='lat' dir='ltr'><strong>disces</strong></span> 
     </span>
    </p>
   </div>
   <div class='ocr_carea' id='block_1_44' title="bbox 271 4419 1870 4489">
    <p class='ocr_par' dir='ltr' id='par_1_44' title="bbox 271 4419 1870 4489">
     <span class='ocr_line' id='line_1_44' title="bbox 271 4419 1870 4489; baseline 0.004 -19"><span class='ocrx_word' id='word_1_349' title='bbox 271 4424 530 4470; x_wconf 79' lang='lat' dir='ltr'><strong>eventum</strong></span> <span class='ocrx_word' id='word_1_350' title='bbox 551 4458 567 4477; x_wconf 85' lang='lat'><strong>,</strong></span> <span class='ocrx_word' id='word_1_351' title='bbox 598 4427 648 4470; x_wconf 90' lang='lat' dir='ltr'><strong>te</strong></span> <span class='ocrx_word' id='word_1_352' title='bbox 675 4432 848 4487; x_wconf 87' lang='lat' dir='ltr'><strong>neque</strong></span> <span class='ocrx_word' id='word_1_353' title='bbox 883 4420 1046 4473; x_wconf 88' lang='lat' dir='ltr'><strong>maris</strong></span> <span class='ocrx_word' id='word_1_354' title='bbox 1066 4459 1080 4484; x_wconf 93' lang='lat'><strong>,</strong></span> <span class='ocrx_word' id='word_1_355' title='bbox 1113 4420 1254 4473; x_wconf 88' lang='lat' dir='ltr'><strong>servi</strong></span> <span class='ocrx_word' id='word_1_356' title='bbox 1280 4419 1397 4489; x_wconf 91' lang='lat' dir='ltr'><strong>ejus</strong></span> <span class='ocrx_word' id='word_1_357' title='bbox 1423 4461 1437 4487; x_wconf 91' lang='lat'><strong>,</strong></span> <span class='ocrx_word' id='word_1_358' title='bbox 1476 4435 1632 4489; x_wconf 86' lang='lat' dir='ltr'><strong>posse</strong></span> <span class='ocrx_word' id='word_1_359' title='bbox 1681 4435 1870 4476; x_wconf 89' lang='lat' dir='ltr'><strong>manus</strong></span> 
     </span>
    </p>
   </div>
   <div class='ocr_carea' id='block_1_45' title="bbox 269 4509 1869 4579">
    <p class='ocr_par' dir='ltr' id='par_1_45' title="bbox 269 4509 1869 4579">
     <span class='ocr_line' id='line_1_45' title="bbox 269 4509 1869 4579; baseline 0.003 -16"><span class='ocrx_word' id='word_1_360' title='bbox 269 4509 528 4579; x_wconf 79' lang='lat' dir='ltr'><strong>effugere.</strong></span> <span class='ocrx_word' id='word_1_361' title='bbox 558 4509 650 4562; x_wconf 75' lang='lat' dir='ltr'><strong>Vix</strong></span> <span class='ocrx_word' id='word_1_362' title='bbox 690 4511 830 4564; x_wconf 91' lang='lat' dir='ltr'><strong>enim</strong></span> <span class='ocrx_word' id='word_1_363' title='bbox 865 4515 1039 4564; x_wconf 86' lang='lat' dir='ltr'><strong>navim</strong></span> <span class='ocrx_word' id='word_1_364' title='bbox 1072 4513 1171 4565; x_wconf 86' lang='lat' dir='ltr'><strong>iste</strong></span> <span class='ocrx_word' id='word_1_365' title='bbox 1192 4512 1612 4578; x_wconf 88' lang='lat' dir='ltr'><strong>conscenderat,</strong></span> <span class='ocrx_word' id='word_1_366' title='bbox 1652 4529 1773 4568; x_wconf 91' lang='lat' dir='ltr'><strong>cum</strong></span> <span class='ocrx_word' id='word_1_367' title='bbox 1806 4513 1869 4567; x_wconf 88' lang='lat' dir='ltr'><strong>il-</strong></span> 
     </span>
    </p>
   </div>
   <div class='ocr_carea' id='block_1_46' title="bbox 270 4600 1863 4672">
    <p class='ocr_par' dir='ltr' id='par_1_46' title="bbox 270 4600 1863 4672">
     <span class='ocr_line' id='line_1_46' title="bbox 270 4600 1863 4672; baseline 0.003 -16"><span class='ocrx_word' id='word_1_368' title='bbox 270 4603 362 4658; x_wconf 88' lang='lat' dir='ltr'><strong>luc</strong></span> <span class='ocrx_word' id='word_1_369' title='bbox 394 4600 588 4654; x_wconf 80' lang='lat' dir='ltr'><strong>ﬂuctus</strong></span> <span class='ocrx_word' id='word_1_370' title='bbox 609 4603 815 4665; x_wconf 78' lang='lat' dir='ltr'><strong>extulit,</strong></span> <span class='ocrx_word' id='word_1_371' title='bbox 849 4603 898 4655; x_wconf 93' lang='lat' dir='ltr'><strong>in</strong></span> <span class='ocrx_word' id='word_1_372' title='bbox 926 4602 1197 4672; x_wconf 87' lang='lat' dir='ltr'><strong>altumque</strong></span> <span class='ocrx_word' id='word_1_373' title='bbox 1219 4603 1430 4669; x_wconf 89' lang='lat' dir='ltr'><strong>levavit,</strong></span> <span class='ocrx_word' id='word_1_374' title='bbox 1463 4613 1518 4657; x_wconf 86' lang='lat' dir='ltr'><strong>et</strong></span> <span class='ocrx_word' id='word_1_375' title='bbox 1547 4605 1706 4660; x_wconf 83' lang='lat' dir='ltr'><strong>veluti</strong></span> <span class='ocrx_word' id='word_1_376' title='bbox 1734 4605 1863 4660; x_wconf 86' lang='lat' dir='ltr'><strong>ﬁde-</strong></span> 
     </span>
    </p>
   </div>
   <div class='ocr_carea' id='block_1_47' title="bbox 272 4692 1866 4765">
    <p class='ocr_par' dir='ltr' id='par_1_47' title="bbox 272 4692 1866 4765">
     <span class='ocr_line' id='line_1_47' title="bbox 272 4692 1866 4765; baseline 0.004 -20"><span class='ocrx_word' id='word_1_377' title='bbox 272 4693 342 4746; x_wconf 83' lang='lat' dir='ltr'><strong>lis</strong></span> <span class='ocrx_word' id='word_1_378' title='bbox 390 4692 586 4745; x_wconf 90' lang='lat' dir='ltr'><strong>ancilla</strong></span> <span class='ocrx_word' id='word_1_379' title='bbox 627 4706 950 4746; x_wconf 88' lang='lat' dir='ltr'><strong>conservum</strong></span> <span class='ocrx_word' id='word_1_380' title='bbox 998 4693 1275 4748; x_wconf 84' lang='lat' dir='ltr'><strong>inveniens</strong></span> <span class='ocrx_word' id='word_1_381' title='bbox 1314 4694 1640 4764; x_wconf 87' lang='lat' dir='ltr'><strong>fugientem,</strong></span> <span class='ocrx_word' id='word_1_382' title='bbox 1669 4697 1759 4765; x_wconf 88' lang='lat' dir='ltr'><strong>qui</strong></span> <span class='ocrx_word' id='word_1_383' title='bbox 1801 4713 1866 4751; x_wconf 88' lang='lat' dir='ltr'><strong>ex</strong></span> 
     </span>
    </p>
   </div>
   <div class='ocr_carea' id='block_1_48' title="bbox 268 4783 1867 4855">
    <p class='ocr_par' dir='ltr' id='par_1_48' title="bbox 268 4783 1867 4855">
     <span class='ocr_line' id='line_1_48' title="bbox 268 4783 1867 4855; baseline 0.001 -18"><span class='ocrx_word' id='word_1_384' title='bbox 268 4783 477 4837; x_wconf 91' lang='lat' dir='ltr'><strong>domini</strong></span> <span class='ocrx_word' id='word_1_385' title='bbox 508 4783 660 4836; x_wconf 89' lang='lat' dir='ltr'><strong>bonis</strong></span> <span class='ocrx_word' id='word_1_386' title='bbox 705 4783 973 4852; x_wconf 89' lang='lat' dir='ltr'><strong>quidpiam</strong></span> <span class='ocrx_word' id='word_1_387' title='bbox 1015 4786 1367 4853; x_wconf 85' lang='lat' dir='ltr'><strong>surripuerit,</strong></span> <span class='ocrx_word' id='word_1_388' title='bbox 1397 4801 1656 4855; x_wconf 65' lang='lat' dir='ltr'><strong>nustlnam</strong></span> <span class='ocrx_word' id='word_1_389' title='bbox 1705 4786 1771 4840; x_wconf 88' lang='lat' dir='ltr'><strong>ab</strong></span> <span class='ocrx_word' id='word_1_390' title='bbox 1803 4803 1867 4840; x_wconf 86' lang='lat' dir='ltr'><strong>cu</strong></span> 
     </span>
    </p>
   </div>
   <div class='ocr_carea' id='block_1_49' title="bbox 271 4873 1867 4946">
    <p class='ocr_par' dir='ltr' id='par_1_49' title="bbox 271 4873 1867 4946">
     <span class='ocr_line' id='line_1_49' title="bbox 271 4873 1867 4946; baseline 0 -17"><span class='ocrx_word' id='word_1_391' title='bbox 271 4873 514 4940; x_wconf 89' lang='lat' dir='ltr'><strong>recedit,</strong></span> <span class='ocrx_word' id='word_1_392' title='bbox 539 4873 794 4941; x_wconf 85' lang='lat' dir='ltr'><strong>tnillcque</strong></span> <span class='ocrx_word' id='word_1_393' title='bbox 824 4874 1216 4943; x_wconf 68' lang='lat' dir='ltr'><strong>‘impedimenta</strong></span> <span class='ocrx_word' id='word_1_394' title='bbox 1264 4877 1458 4946; x_wconf 85' lang='lat' dir='ltr'><strong>ingerit</strong></span> <span class='ocrx_word' id='word_1_395' title='bbox 1485 4877 1867 4946; x_wconf 82' lang='lat' dir='ltr'><strong>recipientibus</strong></span> 
     </span>
    </p>
   </div>
   <div class='ocr_carea' id='block_1_50' title="bbox 267 4967 1867 5037">
    <p class='ocr_par' dir='ltr' id='par_1_50' title="bbox 267 4967 1867 5037">
     <span class='ocr_line' id='line_1_50' title="bbox 267 4967 1867 5037; baseline 0 -12"><span class='ocrx_word' id='word_1_396' title='bbox 267 4969 457 5033; x_wconf 85' lang='lat' dir='ltr'><strong>illum,</strong></span> <span class='ocrx_word' id='word_1_397' title='bbox 485 4967 660 5037; x_wconf 88' lang='lat' dir='ltr'><strong>quoad</strong></span> <span class='ocrx_word' id='word_1_398' title='bbox 697 4968 867 5036; x_wconf 89' lang='lat' dir='ltr'><strong>ipsmn</strong></span> <span class='ocrx_word' id='word_1_399' title='bbox 907 4968 1181 5022; x_wconf 86' lang='lat' dir='ltr'><strong>vindicans</strong></span> <span class='ocrx_word' id='word_1_400' title='bbox 1212 4970 1431 5023; x_wconf 89' lang='lat' dir='ltr'><strong>reducat</strong></span> <span class='ocrx_word' id='word_1_401' title='bbox 1463 4971 1576 5023; x_wconf 89' lang='lat' dir='ltr'><strong>:sic</strong></span> <span class='ocrx_word' id='word_1_402' title='bbox 1620 4979 1676 5024; x_wconf 91' lang='lat' dir='ltr'><strong>et</strong></span> <span class='ocrx_word' id='word_1_403' title='bbox 1720 4985 1867 5025; x_wconf 88' lang='lat' dir='ltr'><strong>mare</strong></span> 
     </span>
    </p>
   </div>
   <div class='ocr_carea' id='block_1_51' title="bbox 267 5063 1867 5133">
    <p class='ocr_par' dir='ltr' id='par_1_51' title="bbox 267 5063 1867 5133">
     <span class='ocr_line' id='line_1_51' title="bbox 267 5063 1867 5133; baseline -0.001 -16"><span class='ocrx_word' id='word_1_404' title='bbox 267 5076 593 5117; x_wconf 89' lang='lat' dir='ltr'><strong>conservum</strong></span> <span class='ocrx_word' id='word_1_405' title='bbox 639 5063 915 5116; x_wconf 88' lang='lat' dir='ltr'><strong>inveniens</strong></span> <span class='ocrx_word' id='word_1_406' title='bbox 964 5071 1018 5116; x_wconf 89' lang='lat' dir='ltr'><strong>et</strong></span> <span class='ocrx_word' id='word_1_407' title='bbox 1060 5077 1386 5131; x_wconf 88' lang='lat' dir='ltr'><strong>agnoscens,</strong></span> <span class='ocrx_word' id='word_1_408' title='bbox 1438 5063 1587 5118; x_wconf 90' lang='lat' dir='ltr'><strong>mille</strong></span> <span class='ocrx_word' id='word_1_409' title='bbox 1640 5064 1867 5133; x_wconf 90' lang='lat' dir='ltr'><strong>impedi-</strong></span> 
     </span>
    </p>
   </div>
   <div class='ocr_carea' id='block_1_52' title="bbox 266 5153 1863 5222">
    <p class='ocr_par' dir='ltr' id='par_1_52' title="bbox 266 5153 1863 5222">
     <span class='ocr_line' id='line_1_52' title="bbox 266 5153 1863 5222; baseline -0.002 -13"><span class='ocrx_word' id='word_1_410' title='bbox 266 5162 453 5209; x_wconf 87' lang='lat' dir='ltr'><strong>menta</strong></span> <span class='ocrx_word' id='word_1_411' title='bbox 485 5153 662 5206; x_wconf 88' lang='lat' dir='ltr'><strong>nautis</strong></span> <span class='ocrx_word' id='word_1_412' title='bbox 690 5154 914 5216; x_wconf 82' lang='lat' dir='ltr'><strong>excitat,</strong></span> <span class='ocrx_word' id='word_1_413' title='bbox 947 5153 1165 5207; x_wconf 89' lang='lat' dir='ltr'><strong>turbans</strong></span> <span class='ocrx_word' id='word_1_414' title='bbox 1186 5195 1199 5218; x_wconf 97' lang='lat'><strong>,</strong></span> <span class='ocrx_word' id='word_1_415' title='bbox 1227 5153 1492 5218; x_wconf 87' lang='lat' dir='ltr'><strong>clamans,</strong></span> <span class='ocrx_word' id='word_1_416' title='bbox 1522 5169 1626 5208; x_wconf 93' lang='lat' dir='ltr'><strong>non</strong></span> <span class='ocrx_word' id='word_1_417' title='bbox 1657 5155 1708 5208; x_wconf 91' lang='lat' dir='ltr'><strong>in</strong></span> <span class='ocrx_word' id='word_1_418' title='bbox 1729 5154 1863 5222; x_wconf 87' lang='lat' dir='ltr'><strong>judi-</strong></span> 
     </span>
    </p>
   </div>
   <div class='ocr_carea' id='block_1_53' title="bbox 267 5230 1864 5317">
    <p class='ocr_par' dir='ltr' id='par_1_53' title="bbox 267 5230 1864 5317">
     <span class='ocr_line' id='line_1_53' title="bbox 267 5230 1864 5317; baseline 0 -17"><span class='ocrx_word' id='word_1_419' title='bbox 267 5245 416 5300; x_wconf 89' lang='lat' dir='ltr'><strong>cium</strong></span> <span class='ocrx_word' id='word_1_420' title='bbox 447 5244 695 5308; x_wconf 90' lang='lat' dir='ltr'><strong>trahens,</strong></span> <span class='ocrx_word' id='word_1_421' title='bbox 726 5244 819 5297; x_wconf 88' lang='lat' dir='ltr'><strong>sed</strong></span> <span class='ocrx_word' id='word_1_422' title='bbox 843 5246 1174 5298; x_wconf 87' lang='lat' dir='ltr'><strong>comminans</strong></span> <span class='ocrx_word' id='word_1_423' title='bbox 1201 5230 1387 5299; x_wconf 85' lang='lat' dir='ltr'><strong>navem</strong></span> <span class='ocrx_word' id='word_1_424' title='bbox 1415 5246 1727 5317; x_wconf 87' lang='lat' dir='ltr'><strong>demergere</strong></span> <span class='ocrx_word' id='word_1_425' title='bbox 1744 5263 1864 5302; x_wconf 90' lang='lat' dir='ltr'><strong>cum</strong></span> 
     </span>
    </p>
   </div>
   <div class='ocr_carea' id='block_1_54' title="bbox 269 5339 1866 5405">
    <p class='ocr_par' dir='ltr' id='par_1_54' title="bbox 269 5339 1866 5405">
     <span class='ocr_line' id='line_1_54' title="bbox 269 5339 1866 5405; baseline 0 -11"><span class='ocrx_word' id='word_1_426' title='bbox 269 5340 486 5403; x_wconf 90' lang='lat' dir='ltr'><strong>nautis,</strong></span> <span class='ocrx_word' id='word_1_427' title='bbox 517 5339 616 5391; x_wconf 87' lang='lat' dir='ltr'><strong>nisi</strong></span> <span class='ocrx_word' id='word_1_428' title='bbox 654 5352 972 5392; x_wconf 79' lang='lat' dir='ltr'><strong>conservum</strong></span> <span class='ocrx_word' id='word_1_429' title='bbox 1013 5354 1166 5392; x_wconf 90' lang='lat' dir='ltr'><strong>suum</strong></span> <span class='ocrx_word' id='word_1_430' title='bbox 1206 5339 1305 5392; x_wconf 89' lang='lat' dir='ltr'><strong>sibi</strong></span> <span class='ocrx_word' id='word_1_431' title='bbox 1350 5339 1697 5393; x_wconf 88' lang='lat' dir='ltr'><strong>reddiderint.</strong></span> <span class='ocrx_word' id='word_1_432' title='bbox 1732 5341 1866 5405; x_wconf 86' lang='lat' dir='ltr'><strong>Quid</strong></span> 
     </span>
    </p>
   </div>
   <div class='ocr_carea' id='block_1_55' title="bbox 268 5428 1866 5502">
    <p class='ocr_par' dir='ltr' id='par_1_55' title="bbox 268 5428 1866 5502">
     <span class='ocr_line' id='line_1_55' title="bbox 268 5428 1866 5502; baseline -0.005 -16"><span class='ocrx_word' id='word_1_433' title='bbox 268 5447 401 5502; x_wconf 86' lang='lat' dir='ltr'><strong>ergo</strong></span> <span class='ocrx_word' id='word_1_434' title='bbox 431 5441 628 5492; x_wconf 71' lang='lat' dir='ltr'><strong>nantm,</strong></span> <span class='ocrx_word' id='word_1_435' title='bbox 661 5428 743 5481; x_wconf 88' lang='lat' dir='ltr'><strong>his</strong></span> <span class='ocrx_word' id='word_1_436' title='bbox 761 5429 1212 5498; x_wconf 81' lang='lat' dir='ltr'><strong>Contingentibus?</strong></span> <span class='ocrx_word' id='word_1_437' title='bbox 1233 5431 1438 5481; x_wconf 86' lang='lat' dir='ltr'><strong>Jactum</strong></span> <span class='ocrx_word' id='word_1_438' title='bbox 1463 5471 1475 5491; x_wconf 94' lang='lat'><strong>,</strong></span> <span class='ocrx_word' id='word_1_439' title='bbox 1511 5430 1698 5498; x_wconf 77' lang='lat' dir='ltr'><strong>inquit,</strong></span> <span class='ocrx_word' id='word_1_440' title='bbox 1721 5446 1866 5483; x_wconf 82' lang='lat' dir='ltr'><strong>vaso.</strong></span> 
     </span>
    </p>
   </div>
   <div class='ocr_carea' id='block_1_56' title="bbox 270 5520 1865 5591">
    <p class='ocr_par' dir='ltr' id='par_1_56' title="bbox 270 5520 1865 5591">
     <span class='ocr_line' id='line_1_56' title="bbox 270 5520 1865 5591; baseline -0.001 -16"><span class='ocrx_word' id='word_1_441' title='bbox 270 5539 382 5575; x_wconf 83' lang='lat' dir='ltr'><strong>runt</strong></span> <span class='ocrx_word' id='word_1_442' title='bbox 416 5525 674 5589; x_wconf 71' lang='lat' dir='ltr'><strong>fecerunt,</strong></span> <span class='ocrx_word' id='word_1_443' title='bbox 702 5520 842 5570; x_wconf 75' lang='lat' dir='ltr'><strong>navis</strong></span> <span class='ocrx_word' id='word_1_444' title='bbox 886 5534 999 5572; x_wconf 76' lang='lat' dir='ltr'><strong>vero</strong></span> <span class='ocrx_word' id='word_1_445' title='bbox 1030 5535 1346 5588; x_wconf 81' lang='lat' dir='ltr'><strong>nequaquam</strong></span> <span class='ocrx_word' id='word_1_446' title='bbox 1369 5520 1696 5573; x_wconf 77' lang='lat' dir='ltr'><strong>alleviabatur</strong></span> <span class='ocrx_word' id='word_1_447' title='bbox 1720 5520 1865 5591; x_wconf 85' lang='lat' dir='ltr'><strong>(Jan.</strong></span> 
     </span>
    </p>
   </div>
   <div class='ocr_carea' id='block_1_57' title="bbox 274 5612 1866 5684">
    <p class='ocr_par' dir='ltr' id='par_1_57' title="bbox 274 5612 1866 5684">
     <span class='ocr_line' id='line_1_57' title="bbox 274 5612 1866 5684; baseline -0.001 -13"><span class='ocrx_word' id='word_1_448' title='bbox 274 5617 328 5671; x_wconf 83' lang='grc'><strong>1.</strong></span> <span class='ocrx_word' id='word_1_449' title='bbox 352 5616 406 5684; x_wconf 87' lang='grc'><strong>5)</strong></span> <span class='ocrx_word' id='word_1_450' title='bbox 439 5625 645 5669; x_wconf 81' lang='lat' dir='ltr'><strong>:totutn</strong></span> <span class='ocrx_word' id='word_1_451' title='bbox 695 5616 835 5667; x_wconf 81' lang='lat' dir='ltr'><strong>enim</strong></span> <span class='ocrx_word' id='word_1_452' title='bbox 875 5612 1048 5667; x_wconf 88' lang='lat' dir='ltr'><strong>adhuc</strong></span> <span class='ocrx_word' id='word_1_453' title='bbox 1089 5626 1226 5668; x_wconf 89' lang='lat' dir='ltr'><strong>onus</strong></span> <span class='ocrx_word' id='word_1_454' title='bbox 1265 5614 1556 5681; x_wconf 89' lang='lat' dir='ltr'><strong>manebat,</strong></span> <span class='ocrx_word' id='word_1_455' title='bbox 1588 5614 1866 5683; x_wconf 61' lang='lat' dir='ltr'><strong>prophetae</strong></span> 
     </span>
    </p>
   </div>
   <div class='ocr_carea' id='block_1_58' title="bbox 335 5810 874 5873">
    <p class='ocr_par' dir='ltr' id='par_1_58' title="bbox 335 5810 874 5873">
     <span class='ocr_line' id='line_1_58' title="bbox 335 5810 874 5873; baseline -0.007 -9"><span class='ocrx_word' id='word_1_456' title='bbox 335 5816 351 5847; x_wconf 68' lang='grc'>³</span> <span class='ocrx_word' id='word_1_457' title='bbox 391 5814 540 5870; x_wconf 69' lang='lat' dir='ltr'><strong>Inui,</strong></span> <span class='ocrx_word' id='word_1_458' title='bbox 564 5811 706 5873; x_wconf 82' lang='lat' dir='ltr'><strong>juxta</strong></span> <span class='ocrx_word' id='word_1_459' title='bbox 726 5810 874 5860; x_wconf 80' lang='lat' dir='ltr'><strong>Savil.</strong></span> 
     </span>
    </p>
   </div>
   <div class='ocr_carea' id='block_1_59' title="bbox 1491 393 2479 456">
    <p class='ocr_par' dir='ltr' id='par_1_59' title="bbox 1491 393 2479 456">
     <span class='ocr_line' id='line_1_59' title="bbox 1491 393 2479 456; baseline -0.007 -1"><span class='ocrx_word' id='word_1_460' title='bbox 1491 397 1581 455; x_wconf 80' lang='lat' dir='ltr'><strong>DE</strong></span> <span class='ocrx_word' id='word_1_461' title='bbox 1617 395 2095 456; x_wconf 75' lang='lat' dir='ltr'><strong>PCENITENTIA.</strong></span> <span class='ocrx_word' id='word_1_462' title='bbox 2139 393 2372 452; x_wconf 78' lang='lat' dir='ltr'><strong>HOMIL.</strong></span> <span class='ocrx_word' id='word_1_463' title='bbox 2420 393 2479 449; x_wconf 73' lang='grc' dir='ltr'><strong>ν.</strong></span> 
     </span>
    </p>
   </div>
   <div class='ocr_carea' id='block_1_60' title="bbox 3469 387 3573 442">
    <p class='ocr_par' dir='ltr' id='par_1_60' title="bbox 3469 387 3573 442">
     <span class='ocr_line' id='line_1_60' title="bbox 3469 387 3573 442; baseline 0 0"><span class='ocrx_word' id='word_1_464' title='bbox 3469 387 3573 442; x_wconf 61' lang='grc'><strong>310</strong></span> 
     </span>
    </p>
   </div>
   <div class='ocr_carea' id='block_1_61' title="bbox 1984 509 3566 582">
    <p class='ocr_par' dir='ltr' id='par_1_61' title="bbox 1984 509 3566 582">
     <span class='ocr_line' id='line_1_61' title="bbox 1984 509 3566 582; baseline -0.006 -14"><span class='ocrx_word' id='word_1_465' title='bbox 1984 527 2183 582; x_wconf 89' lang='lat' dir='ltr'><strong>corpus</strong></span> <span class='ocrx_word' id='word_1_466' title='bbox 2211 510 2447 576; x_wconf 88' lang='lat' dir='ltr'><strong>scilicet,</strong></span> <span class='ocrx_word' id='word_1_467' title='bbox 2467 522 2604 564; x_wconf 90' lang='lat' dir='ltr'><strong>onus</strong></span> <span class='ocrx_word' id='word_1_468' title='bbox 2623 522 2816 580; x_wconf 85' lang='lat' dir='ltr'><strong>grave,</strong></span> <span class='ocrx_word' id='word_1_469' title='bbox 2848 522 2954 563; x_wconf 91' lang='lat' dir='ltr'><strong>non</strong></span> <span class='ocrx_word' id='word_1_470' title='bbox 2984 523 3049 563; x_wconf 86' lang='lat' dir='ltr'><strong>ex</strong></span> <span class='ocrx_word' id='word_1_471' title='bbox 3078 515 3267 563; x_wconf 81' lang='lat' dir='ltr'><strong>natura</strong></span> <span class='ocrx_word' id='word_1_472' title='bbox 3294 509 3566 578; x_wconf 69' lang='lat' dir='ltr'><strong>corporis,</strong></span> 
     </span>
    </p>
   </div>
   <div class='ocr_carea' id='block_1_62' title="bbox 1976 599 3572 673">
    <p class='ocr_par' dir='ltr' id='par_1_62' title="bbox 1976 599 3572 673">
     <span class='ocr_line' id='line_1_62' title="bbox 1976 599 3572 673; baseline -0.005 -14"><span class='ocrx_word' id='word_1_473' title='bbox 1976 602 2073 659; x_wconf 87' lang='lat' dir='ltr'><strong>sed</strong></span> <span class='ocrx_word' id='word_1_474' title='bbox 2099 603 2170 658; x_wconf 93' lang='lat' dir='ltr'><strong>ob</strong></span> <span class='ocrx_word' id='word_1_475' title='bbox 2210 599 2418 673; x_wconf 89' lang='lat' dir='ltr'><strong>pondus</strong></span> <span class='ocrx_word' id='word_1_476' title='bbox 2444 601 2681 671; x_wconf 89' lang='lat' dir='ltr'><strong>peccati;</strong></span> <span class='ocrx_word' id='word_1_477' title='bbox 2711 599 2846 654; x_wconf 87' lang='lat' dir='ltr'><strong>nihil</strong></span> <span class='ocrx_word' id='word_1_478' title='bbox 2886 599 3028 655; x_wconf 89' lang='lat' dir='ltr'><strong>enim</strong></span> <span class='ocrx_word' id='word_1_479' title='bbox 3053 609 3159 654; x_wconf 90' lang='lat' dir='ltr'><strong>tam</strong></span> <span class='ocrx_word' id='word_1_480' title='bbox 3186 614 3476 656; x_wconf 86' lang='lat' dir='ltr'><strong>onerosum</strong></span> <span class='ocrx_word' id='word_1_481' title='bbox 3521 611 3572 652; x_wconf 79' lang='lat' dir='ltr'><strong>et</strong></span> 
     </span>
    </p>
   </div>
   <div class='ocr_carea' id='block_1_63' title="bbox 1975 692 3576 765">
    <p class='ocr_par' dir='ltr' id='par_1_63' title="bbox 1975 692 3576 765">
     <span class='ocr_line' id='line_1_63' title="bbox 1975 692 3576 765; baseline 0 -18"><span class='ocrx_word' id='word_1_482' title='bbox 1975 710 2155 765; x_wconf 85' lang='lat' dir='ltr'><strong>grave,</strong></span> <span class='ocrx_word' id='word_1_483' title='bbox 2187 710 2347 765; x_wconf 88' lang='lat' dir='ltr'><strong>quam</strong></span> <span class='ocrx_word' id='word_1_484' title='bbox 2382 701 2659 763; x_wconf 90' lang='lat' dir='ltr'><strong>peccatum</strong></span> <span class='ocrx_word' id='word_1_485' title='bbox 2691 703 2744 748; x_wconf 89' lang='lat' dir='ltr'><strong>et</strong></span> <span class='ocrx_word' id='word_1_486' title='bbox 2775 692 3155 747; x_wconf 88' lang='lat' dir='ltr'><strong>inobedientia.</strong></span> <span class='ocrx_word' id='word_1_487' title='bbox 3188 693 3473 763; x_wconf 86' lang='lat' dir='ltr'><strong>Propterea</strong></span> <span class='ocrx_word' id='word_1_488' title='bbox 3525 703 3576 747; x_wconf 88' lang='lat' dir='ltr'><strong>et</strong></span> 
     </span>
    </p>
   </div>
   <div class='ocr_carea' id='block_1_64' title="bbox 1977 782 3577 855">
    <p class='ocr_par' dir='ltr' id='par_1_64' title="bbox 1977 782 3577 855">
     <span class='ocr_line' id='line_1_64' title="bbox 1977 782 3577 855; baseline -0.002 -16"><span class='ocrx_word' id='word_1_489' title='bbox 1977 785 2263 840; x_wconf 85' lang='lat' dir='ltr'><strong>Zacharias</strong></span> <span class='ocrx_word' id='word_1_490' title='bbox 2293 784 2345 838; x_wconf 95' lang='lat' dir='ltr'><strong>id</strong></span> <span class='ocrx_word' id='word_1_491' title='bbox 2379 784 2576 853; x_wconf 83' lang='lat' dir='ltr'><strong>plumbi</strong></span> <span class='ocrx_word' id='word_1_492' title='bbox 2621 782 2865 854; x_wconf 81' lang='lat' dir='ltr'><strong>figuravit</strong></span> <span class='ocrx_word' id='word_1_493' title='bbox 2910 782 3258 838; x_wconf 77' lang='lat' dir='ltr'><strong>similitudine</strong></span> <span class='ocrx_word' id='word_1_494' title='bbox 3291 782 3487 855; x_wconf 78' lang='lat' dir='ltr'><strong>(lacti.</strong></span> <span class='ocrx_word' id='word_1_495' title='bbox 3523 784 3577 838; x_wconf 71' lang='grc' dir='ltr'><strong>ὅ.</strong></span> 
     </span>
    </p>
   </div>
   <div class='ocr_carea' id='block_1_65' title="bbox 1978 874 3577 950">
    <p class='ocr_par' dir='ltr' id='par_1_65' title="bbox 1978 874 3577 950">
     <span class='ocr_line' id='line_1_65' title="bbox 1978 874 3577 950; baseline -0.002 -18"><span class='ocrx_word' id='word_1_496' title='bbox 1978 878 2032 950; x_wconf 89' lang='lat'><strong>7)</strong></span> <span class='ocrx_word' id='word_1_497' title='bbox 2057 898 2071 934; x_wconf 87' lang='lat'><strong>:</strong></span> <span class='ocrx_word' id='word_1_498' title='bbox 2099 879 2265 934; x_wconf 89' lang='lat' dir='ltr'><strong>David</strong></span> <span class='ocrx_word' id='word_1_499' title='bbox 2295 892 2425 934; x_wconf 89' lang='lat' dir='ltr'><strong>vero</strong></span> <span class='ocrx_word' id='word_1_500' title='bbox 2454 877 2710 932; x_wconf 90' lang='lat' dir='ltr'><strong>describit</strong></span> <span class='ocrx_word' id='word_1_501' title='bbox 2734 876 2850 946; x_wconf 89' lang='lat' dir='ltr'><strong>ejus</strong></span> <span class='ocrx_word' id='word_1_502' title='bbox 2891 884 3169 941; x_wconf 87' lang='lat' dir='ltr'><strong>naturam,</strong></span> <span class='ocrx_word' id='word_1_503' title='bbox 3196 875 3384 931; x_wconf 86' lang='lat' dir='ltr'><strong>dicens</strong></span> <span class='ocrx_word' id='word_1_504' title='bbox 3419 893 3431 929; x_wconf 96' lang='lat'><strong>:</strong></span> <span class='ocrx_word' id='word_1_505' title='bbox 3461 874 3577 930; x_wconf 86' lang='lat' dir='ltr'><strong>Ini-</strong></span> 
     </span>
    </p>
   </div>
   <div class='ocr_carea' id='block_1_66' title="bbox 1975 969 3576 1041">
    <p class='ocr_par' dir='ltr' id='par_1_66' title="bbox 1975 969 3576 1041">
     <span class='ocr_line' id='line_1_66' title="bbox 1975 969 3576 1041; baseline -0.001 -18"><span class='ocrx_word' id='word_1_506' title='bbox 1975 970 2190 1041; x_wconf 85' lang='lat' dir='ltr'><strong>quitates</strong></span> <span class='ocrx_word' id='word_1_507' title='bbox 2236 985 2364 1023; x_wconf 74' lang='lat' dir='ltr'><strong>mea:</strong></span> <span class='ocrx_word' id='word_1_508' title='bbox 2409 984 2751 1041; x_wconf 69' lang='lat' dir='ltr'><strong>supergressa</strong></span> <span class='ocrx_word' id='word_1_509' title='bbox 2787 976 2903 1021; x_wconf 87' lang='lat' dir='ltr'><strong>sunt</strong></span> <span class='ocrx_word' id='word_1_510' title='bbox 2932 976 3087 1036; x_wconf 85' lang='lat' dir='ltr'><strong>caput</strong></span> <span class='ocrx_word' id='word_1_511' title='bbox 3124 983 3324 1032; x_wconf 85' lang='lat' dir='ltr'><strong>meum,</strong></span> <span class='ocrx_word' id='word_1_512' title='bbox 3355 976 3403 1020; x_wconf 84' lang='lat' dir='ltr'><strong>et</strong></span> <span class='ocrx_word' id='word_1_513' title='bbox 3447 969 3576 1021; x_wconf 72' lang='lat' dir='ltr'><strong>sicut</strong></span> 
     </span>
    </p>
   </div>
   <div class='ocr_carea' id='block_1_67' title="bbox 1976 1056 3576 1134">
    <p class='ocr_par' dir='ltr' id='par_1_67' title="bbox 1976 1056 3576 1134">
     <span class='ocr_line' id='line_1_67' title="bbox 1976 1056 3576 1134; baseline -0.003 -18"><span class='ocrx_word' id='word_1_514' title='bbox 1976 1078 2105 1116; x_wconf 88' lang='lat' dir='ltr'><strong>onus</strong></span> <span class='ocrx_word' id='word_1_515' title='bbox 2125 1077 2276 1134; x_wconf 82' lang='lat' dir='ltr'><strong>grave</strong></span> <span class='ocrx_word' id='word_1_516' title='bbox 2300 1070 2525 1133; x_wconf 77' lang='lat' dir='ltr'><strong>gravata:</strong></span> <span class='ocrx_word' id='word_1_517' title='bbox 2549 1068 2667 1114; x_wconf 90' lang='lat' dir='ltr'><strong>sunt</strong></span> <span class='ocrx_word' id='word_1_518' title='bbox 2690 1075 2847 1128; x_wconf 87' lang='lat' dir='ltr'><strong>super</strong></span> <span class='ocrx_word' id='word_1_519' title='bbox 2872 1075 2951 1112; x_wconf 89' lang='lat' dir='ltr'><strong>me</strong></span> <span class='ocrx_word' id='word_1_520' title='bbox 2987 1056 3160 1128; x_wconf 78' lang='lat' dir='ltr'><strong>(Psal.</strong></span> <span class='ocrx_word' id='word_1_521' title='bbox 3195 1058 3283 1111; x_wconf 78' lang='lat'><strong>37.</strong></span> <span class='ocrx_word' id='word_1_522' title='bbox 3316 1056 3392 1127; x_wconf 87' lang='lat'><strong>5).</strong></span> <span class='ocrx_word' id='word_1_523' title='bbox 3417 1056 3576 1112; x_wconf 85' lang='lat' dir='ltr'><strong>Chri-</strong></span> 
     </span>
    </p>
   </div>
   <div class='ocr_carea' id='block_1_68' title="bbox 1975 1145 3575 1224">
    <p class='ocr_par' dir='ltr' id='par_1_68' title="bbox 1975 1145 3575 1224">
     <span class='ocr_line' id='line_1_68' title="bbox 1975 1145 3575 1224; baseline -0.003 -15"><span class='ocrx_word' id='word_1_524' title='bbox 1975 1162 2092 1210; x_wconf 90' lang='lat' dir='ltr'><strong>stus</strong></span> <span class='ocrx_word' id='word_1_525' title='bbox 2139 1163 2316 1209; x_wconf 89' lang='lat' dir='ltr'><strong>autem</strong></span> <span class='ocrx_word' id='word_1_526' title='bbox 2364 1155 2428 1209; x_wconf 85' lang='lat' dir='ltr'><strong>iis</strong></span> <span class='ocrx_word' id='word_1_527' title='bbox 2457 1155 2547 1224; x_wconf 92' lang='lat' dir='ltr'><strong>qui</strong></span> <span class='ocrx_word' id='word_1_528' title='bbox 2586 1154 2640 1208; x_wconf 92' lang='lat' dir='ltr'><strong>in</strong></span> <span class='ocrx_word' id='word_1_529' title='bbox 2672 1152 2908 1224; x_wconf 86' lang='lat' dir='ltr'><strong>peccatis</strong></span> <span class='ocrx_word' id='word_1_530' title='bbox 2934 1145 3128 1206; x_wconf 86' lang='lat' dir='ltr'><strong>multis</strong></span> <span class='ocrx_word' id='word_1_531' title='bbox 3153 1152 3430 1218; x_wconf 75' lang='lat' dir='ltr'><strong>vixerant,</strong></span> <span class='ocrx_word' id='word_1_532' title='bbox 3462 1152 3575 1206; x_wconf 89' lang='lat' dir='ltr'><strong>cla-</strong></span> 
     </span>
    </p>
   </div>
   <div class='ocr_carea' id='block_1_69' title="bbox 1977 1243 3577 1316">
    <p class='ocr_par' dir='ltr' id='par_1_69' title="bbox 1977 1243 3577 1316">
     <span class='ocr_line' id='line_1_69' title="bbox 1977 1243 3577 1316; baseline -0.002 -15"><span class='ocrx_word' id='word_1_533' title='bbox 1977 1246 2156 1301; x_wconf 88' lang='lat' dir='ltr'><strong>mabat</strong></span> <span class='ocrx_word' id='word_1_534' title='bbox 2187 1264 2200 1300; x_wconf 88' lang='lat'><strong>:</strong></span> <span class='ocrx_word' id='word_1_535' title='bbox 2233 1245 2407 1301; x_wconf 87' lang='lat' dir='ltr'><strong>Venite</strong></span> <span class='ocrx_word' id='word_1_536' title='bbox 2454 1245 2523 1300; x_wconf 89' lang='lat' dir='ltr'><strong>ad</strong></span> <span class='ocrx_word' id='word_1_537' title='bbox 2565 1262 2646 1300; x_wconf 84' lang='lat' dir='ltr'><strong>me</strong></span> <span class='ocrx_word' id='word_1_538' title='bbox 2685 1261 2858 1300; x_wconf 88' lang='lat' dir='ltr'><strong>omnes</strong></span> <span class='ocrx_word' id='word_1_539' title='bbox 2896 1245 2983 1316; x_wconf 88' lang='lat' dir='ltr'><strong>qui</strong></span> <span class='ocrx_word' id='word_1_540' title='bbox 3027 1243 3269 1298; x_wconf 84' lang='lat' dir='ltr'><strong>laboratis</strong></span> <span class='ocrx_word' id='word_1_541' title='bbox 3291 1253 3336 1299; x_wconf 87' lang='lat' dir='ltr'><strong>et</strong></span> <span class='ocrx_word' id='word_1_542' title='bbox 3380 1245 3577 1298; x_wconf 88' lang='lat' dir='ltr'><strong>onerati</strong></span> 
     </span>
    </p>
   </div>
   <div class='ocr_carea' id='block_1_70' title="bbox 1977 1336 3575 1412">
    <p class='ocr_par' dir='ltr' id='par_1_70' title="bbox 1977 1336 3575 1412">
     <span class='ocr_line' id='line_1_70' title="bbox 1977 1336 3575 1412; baseline -0.004 -17"><span class='ocrx_word' id='word_1_543' title='bbox 1977 1341 2114 1405; x_wconf 86' lang='lat' dir='ltr'><strong>estis,</strong></span> <span class='ocrx_word' id='word_1_544' title='bbox 2155 1349 2199 1394; x_wconf 79' lang='lat' dir='ltr'><strong>et</strong></span> <span class='ocrx_word' id='word_1_545' title='bbox 2225 1356 2316 1412; x_wconf 82' lang='lat' dir='ltr'><strong>ego</strong></span> <span class='ocrx_word' id='word_1_546' title='bbox 2345 1340 2573 1408; x_wconf 85' lang='lat' dir='ltr'><strong>reﬁciam</strong></span> <span class='ocrx_word' id='word_1_547' title='bbox 2594 1355 2681 1394; x_wconf 83' lang='lat' dir='ltr'><strong>vos</strong></span> <span class='ocrx_word' id='word_1_548' title='bbox 2703 1337 2917 1410; x_wconf 77' lang='lat' dir='ltr'><strong>(Matth.</strong></span> <span class='ocrx_word' id='word_1_549' title='bbox 2954 1338 3042 1393; x_wconf 90' lang='grc'><strong>11.</strong></span> <span class='ocrx_word' id='word_1_550' title='bbox 3069 1337 3187 1409; x_wconf 87' lang='grc'><strong>28).</strong></span> <span class='ocrx_word' id='word_1_551' title='bbox 3225 1336 3401 1406; x_wconf 89' lang='lat' dir='ltr'><strong>Ipsum</strong></span> <span class='ocrx_word' id='word_1_552' title='bbox 3445 1351 3575 1406; x_wconf 91' lang='lat' dir='ltr'><strong>ergo</strong></span> 
     </span>
    </p>
   </div>
   <div class='ocr_carea' id='block_1_71' title="bbox 1978 1427 3572 1500">
    <p class='ocr_par' dir='ltr' id='par_1_71' title="bbox 1978 1427 3572 1500">
     <span class='ocr_line' id='line_1_71' title="bbox 1978 1427 3572 1500; baseline -0.004 -14"><span class='ocrx_word' id='word_1_553' title='bbox 1978 1438 2251 1500; x_wconf 84' lang='lat' dir='ltr'><strong>peccatum</strong></span> <span class='ocrx_word' id='word_1_554' title='bbox 2272 1430 2522 1500; x_wconf 87' lang='lat' dir='ltr'><strong>scapham</strong></span> <span class='ocrx_word' id='word_1_555' title='bbox 2541 1439 2666 1484; x_wconf 91' lang='lat' dir='ltr'><strong>tunc</strong></span> <span class='ocrx_word' id='word_1_556' title='bbox 2681 1428 2955 1500; x_wconf 87' lang='lat' dir='ltr'><strong>gravabat,</strong></span> <span class='ocrx_word' id='word_1_557' title='bbox 2974 1437 3030 1484; x_wconf 91' lang='lat' dir='ltr'><strong>et</strong></span> <span class='ocrx_word' id='word_1_558' title='bbox 3043 1427 3416 1482; x_wconf 88' lang='lat' dir='ltr'><strong>demersurum</strong></span> <span class='ocrx_word' id='word_1_559' title='bbox 3432 1436 3572 1482; x_wconf 88' lang='lat' dir='ltr'><strong>erat:</strong></span> 
     </span>
    </p>
   </div>
   <div class='ocr_carea' id='block_1_72' title="bbox 1975 1516 3574 1581">
    <p class='ocr_par' dir='ltr' id='par_1_72' title="bbox 1975 1516 3574 1581">
     <span class='ocr_line' id='line_1_72' title="bbox 1975 1516 3574 1581; baseline -0.003 -5"><span class='ocrx_word' id='word_1_560' title='bbox 1975 1519 2140 1576; x_wconf 82' lang='lat' dir='ltr'><strong>Jonas</strong></span> <span class='ocrx_word' id='word_1_561' title='bbox 2184 1535 2313 1576; x_wconf 90' lang='lat' dir='ltr'><strong>vero</strong></span> <span class='ocrx_word' id='word_1_562' title='bbox 2350 1520 2652 1576; x_wconf 89' lang='lat' dir='ltr'><strong>dormiebat</strong></span> <span class='ocrx_word' id='word_1_563' title='bbox 2689 1529 2746 1575; x_wconf 90' lang='lat' dir='ltr'><strong>et</strong></span> <span class='ocrx_word' id='word_1_564' title='bbox 2773 1518 3051 1574; x_wconf 88' lang='lat' dir='ltr'><strong>stertebat.</strong></span> <span class='ocrx_word' id='word_1_565' title='bbox 3104 1516 3294 1581; x_wconf 87' lang='lat' dir='ltr'><strong>Gravis</strong></span> <span class='ocrx_word' id='word_1_566' title='bbox 3339 1517 3430 1572; x_wconf 91' lang='lat' dir='ltr'><strong>ille</strong></span> <span class='ocrx_word' id='word_1_567' title='bbox 3467 1531 3574 1572; x_wconf 91' lang='lat' dir='ltr'><strong>non</strong></span> 
     </span>
    </p>
   </div>
   <div class='ocr_carea' id='block_1_73' title="bbox 1975 1607 3570 1682">
    <p class='ocr_par' dir='ltr' id='par_1_73' title="bbox 1975 1607 3570 1682">
     <span class='ocr_line' id='line_1_73' title="bbox 1975 1607 3570 1682; baseline -0.003 -16"><span class='ocrx_word' id='word_1_568' title='bbox 1975 1613 2263 1682; x_wconf 85' lang='lat' dir='ltr'><strong>voluptatis</strong></span> <span class='ocrx_word' id='word_1_569' title='bbox 2287 1621 2404 1668; x_wconf 87' lang='lat' dir='ltr'><strong>erat</strong></span> <span class='ocrx_word' id='word_1_570' title='bbox 2431 1625 2652 1666; x_wconf 90' lang='lat' dir='ltr'><strong>somnus</strong></span> <span class='ocrx_word' id='word_1_571' title='bbox 2673 1651 2686 1675; x_wconf 90' lang='lat'><strong>,</strong></span> <span class='ocrx_word' id='word_1_572' title='bbox 2717 1609 2813 1666; x_wconf 90' lang='lat' dir='ltr'><strong>sed</strong></span> <span class='ocrx_word' id='word_1_573' title='bbox 2860 1608 3111 1664; x_wconf 60' lang='lat' dir='ltr'><strong>maeroris</strong></span> <span class='ocrx_word' id='word_1_574' title='bbox 3129 1649 3144 1672; x_wconf 92' lang='lat'><strong>,</strong></span> <span class='ocrx_word' id='word_1_575' title='bbox 3177 1621 3281 1662; x_wconf 89' lang='lat' dir='ltr'><strong>non</strong></span> <span class='ocrx_word' id='word_1_576' title='bbox 3309 1607 3534 1677; x_wconf 64' lang='lat' dir='ltr'><strong>pigritiae</strong></span> <span class='ocrx_word' id='word_1_577' title='bbox 3555 1649 3570 1671; x_wconf 92' lang='lat'><strong>,</strong></span> 
     </span>
    </p>
   </div>
   <div class='ocr_carea' id='block_1_74' title="bbox 1976 1697 3576 1771">
    <p class='ocr_par' dir='ltr' id='par_1_74' title="bbox 1976 1697 3576 1771">
     <span class='ocr_line' id='line_1_74' title="bbox 1976 1697 3576 1771; baseline -0.004 -14"><span class='ocrx_word' id='word_1_578' title='bbox 1976 1703 2070 1758; x_wconf 88' lang='lat' dir='ltr'><strong>sed</strong></span> <span class='ocrx_word' id='word_1_579' title='bbox 2092 1703 2415 1757; x_wconf 73' lang='lat' dir='ltr'><strong>afﬂictionis.</strong></span> <span class='ocrx_word' id='word_1_580' title='bbox 2459 1701 2592 1757; x_wconf 84' lang='lat' dir='ltr'><strong>Nam</strong></span> <span class='ocrx_word' id='word_1_581' title='bbox 2634 1701 2725 1771; x_wconf 91' lang='lat' dir='ltr'><strong>qui</strong></span> <span class='ocrx_word' id='word_1_582' title='bbox 2766 1716 2834 1755; x_wconf 90' lang='lat' dir='ltr'><strong>ex</strong></span> <span class='ocrx_word' id='word_1_583' title='bbox 2863 1699 3177 1754; x_wconf 89' lang='lat' dir='ltr'><strong>domesticis</strong></span> <span class='ocrx_word' id='word_1_584' title='bbox 3222 1699 3362 1754; x_wconf 88' lang='lat' dir='ltr'><strong>bene</strong></span> <span class='ocrx_word' id='word_1_585' title='bbox 3398 1697 3576 1752; x_wconf 85' lang='lat' dir='ltr'><strong>atTecti</strong></span> 
     </span>
    </p>
   </div>
   <div class='ocr_carea' id='block_1_75' title="bbox 1976 1788 3577 1864">
    <p class='ocr_par' dir='ltr' id='par_1_75' title="bbox 1976 1788 3577 1864">
     <span class='ocr_line' id='line_1_75' title="bbox 1976 1788 3577 1864; baseline -0.004 -15"><span class='ocrx_word' id='word_1_586' title='bbox 1976 1805 2119 1861; x_wconf 90' lang='lat' dir='ltr'><strong>sunt,</strong></span> <span class='ocrx_word' id='word_1_587' title='bbox 2149 1796 2258 1850; x_wconf 91' lang='lat' dir='ltr'><strong>cito</strong></span> <span class='ocrx_word' id='word_1_588' title='bbox 2285 1801 2500 1864; x_wconf 89' lang='lat' dir='ltr'><strong>peccata</strong></span> <span class='ocrx_word' id='word_1_589' title='bbox 2539 1793 2773 1847; x_wconf 90' lang='lat' dir='ltr'><strong>sentiunt</strong></span> <span class='ocrx_word' id='word_1_590' title='bbox 2799 1809 2811 1846; x_wconf 94' lang='lat'>:</span> <span class='ocrx_word' id='word_1_591' title='bbox 2838 1791 2981 1861; x_wconf 89' lang='lat' dir='ltr'><strong>quod</strong></span> <span class='ocrx_word' id='word_1_592' title='bbox 3019 1800 3074 1845; x_wconf 92' lang='lat' dir='ltr'><strong>et</strong></span> <span class='ocrx_word' id='word_1_593' title='bbox 3099 1790 3175 1844; x_wconf 92' lang='lat' dir='ltr'><strong>illi</strong></span> <span class='ocrx_word' id='word_1_594' title='bbox 3205 1790 3414 1844; x_wconf 89' lang='lat' dir='ltr'><strong>accidit.</strong></span> <span class='ocrx_word' id='word_1_595' title='bbox 3448 1788 3577 1843; x_wconf 88' lang='lat' dir='ltr'><strong>Post</strong></span> 
     </span>
    </p>
   </div>
   <div class='ocr_carea' id='block_1_76' title="bbox 1976 1879 3578 1954">
    <p class='ocr_par' dir='ltr' id='par_1_76' title="bbox 1976 1879 3578 1954">
     <span class='ocr_line' id='line_1_76' title="bbox 1976 1879 3578 1954; baseline -0.006 -13"><span class='ocrx_word' id='word_1_596' title='bbox 1976 1887 2321 1942; x_wconf 90' lang='lat' dir='ltr'><strong>commissum</strong></span> <span class='ocrx_word' id='word_1_597' title='bbox 2361 1885 2504 1941; x_wconf 90' lang='lat' dir='ltr'><strong>enim</strong></span> <span class='ocrx_word' id='word_1_598' title='bbox 2546 1895 2825 1954; x_wconf 88' lang='lat' dir='ltr'><strong>peceatum</strong></span> <span class='ocrx_word' id='word_1_599' title='bbox 2849 1924 2864 1950; x_wconf 92' lang='lat'><strong>,</strong></span> <span class='ocrx_word' id='word_1_600' title='bbox 2909 1881 3116 1952; x_wconf 89' lang='lat' dir='ltr'><strong>peccati</strong></span> <span class='ocrx_word' id='word_1_601' title='bbox 3155 1881 3302 1934; x_wconf 88' lang='lat' dir='ltr'><strong>novit</strong></span> <span class='ocrx_word' id='word_1_602' title='bbox 3343 1879 3578 1950; x_wconf 75' lang='lat' dir='ltr'><strong>gravita-</strong></span> 
     </span>
    </p>
   </div>
   <div class='ocr_carea' id='block_1_77' title="bbox 1978 1968 3576 2046">
    <p class='ocr_par' dir='ltr' id='par_1_77' title="bbox 1978 1968 3576 2046">
     <span class='ocr_line' id='line_1_77' title="bbox 1978 1968 3576 2046; baseline -0.008 -12"><span class='ocrx_word' id='word_1_603' title='bbox 1978 1986 2122 2034; x_wconf 88' lang='lat' dir='ltr'><strong>tem:</strong></span> <span class='ocrx_word' id='word_1_604' title='bbox 2158 1993 2279 2032; x_wconf 90' lang='lat' dir='ltr'><strong>nam</strong></span> <span class='ocrx_word' id='word_1_605' title='bbox 2322 1974 2582 2046; x_wconf 92' lang='lat' dir='ltr'><strong>ejusmodi</strong></span> <span class='ocrx_word' id='word_1_606' title='bbox 2613 1983 2717 2029; x_wconf 89' lang='lat' dir='ltr'><strong>est.</strong></span> <span class='ocrx_word' id='word_1_607' title='bbox 2769 1974 2904 2028; x_wconf 87' lang='lat' dir='ltr'><strong>Cum</strong></span> <span class='ocrx_word' id='word_1_608' title='bbox 2961 1973 3104 2027; x_wconf 91' lang='lat' dir='ltr'><strong>enim</strong></span> <span class='ocrx_word' id='word_1_609' title='bbox 3143 1970 3343 2026; x_wconf 85' lang='lat' dir='ltr'><strong>factum</strong></span> <span class='ocrx_word' id='word_1_610' title='bbox 3382 1968 3576 2036; x_wconf 71' lang='lat' dir='ltr'><strong>fuerit,</strong></span> 
     </span>
    </p>
   </div>
   <div class='ocr_carea' id='block_1_78' title="bbox 1978 2061 3578 2136">
    <p class='ocr_par' dir='ltr' id='par_1_78' title="bbox 1978 2061 3578 2136">
     <span class='ocr_line' id='line_1_78' title="bbox 1978 2061 3578 2136; baseline -0.004 -13"><span class='ocrx_word' id='word_1_611' title='bbox 1978 2078 2104 2124; x_wconf 90' lang='lat' dir='ltr'><strong>tunc</strong></span> <span class='ocrx_word' id='word_1_612' title='bbox 2133 2069 2347 2124; x_wconf 89' lang='lat' dir='ltr'><strong>dolores</strong></span> <span class='ocrx_word' id='word_1_613' title='bbox 2379 2065 2695 2136; x_wconf 85' lang='lat' dir='ltr'><strong>parturienti</strong></span> <span class='ocrx_word' id='word_1_614' title='bbox 2736 2065 2929 2119; x_wconf 70' lang='lat' dir='ltr'><strong>anima:</strong></span> <span class='ocrx_word' id='word_1_615' title='bbox 2979 2065 3177 2120; x_wconf 85' lang='lat' dir='ltr'><strong>excitat</strong></span> <span class='ocrx_word' id='word_1_616' title='bbox 3218 2071 3404 2117; x_wconf 88' lang='lat' dir='ltr'><strong>contra</strong></span> <span class='ocrx_word' id='word_1_617' title='bbox 3433 2061 3578 2130; x_wconf 82' lang='lat' dir='ltr'><strong>leges</strong></span> 
     </span>
    </p>
   </div>
   <div class='ocr_carea' id='block_1_79' title="bbox 1976 2155 3579 2226">
    <p class='ocr_par' dir='ltr' id='par_1_79' title="bbox 1976 2155 3579 2226">
     <span class='ocr_line' id='line_1_79' title="bbox 1976 2155 3579 2226; baseline -0.006 -9"><span class='ocrx_word' id='word_1_618' title='bbox 1976 2170 2173 2217; x_wconf 67' lang='lat' dir='ltr'><strong>nostra:</strong></span> <span class='ocrx_word' id='word_1_619' title='bbox 2221 2160 2534 2216; x_wconf 85' lang='lat' dir='ltr'><strong>nativitatis.</strong></span> <span class='ocrx_word' id='word_1_620' title='bbox 2566 2159 2676 2214; x_wconf 87' lang='lat' dir='ltr'><strong>Nos</strong></span> <span class='ocrx_word' id='word_1_621' title='bbox 2719 2159 2863 2214; x_wconf 92' lang='lat' dir='ltr'><strong>enim</strong></span> <span class='ocrx_word' id='word_1_622' title='bbox 2908 2172 3030 2213; x_wconf 93' lang='lat' dir='ltr'><strong>cum</strong></span> <span class='ocrx_word' id='word_1_623' title='bbox 3072 2156 3303 2226; x_wconf 89' lang='lat' dir='ltr'><strong>primum</strong></span> <span class='ocrx_word' id='word_1_624' title='bbox 3348 2155 3457 2208; x_wconf 90' lang='lat' dir='ltr'><strong>nati</strong></span> <span class='ocrx_word' id='word_1_625' title='bbox 3489 2170 3579 2208; x_wconf 87' lang='lat' dir='ltr'><strong>su-</strong></span> 
     </span>
    </p>
   </div>
   <div class='ocr_carea' id='block_1_80' title="bbox 1976 2247 3578 2324">
    <p class='ocr_par' dir='ltr' id='par_1_80' title="bbox 1976 2247 3578 2324">
     <span class='ocr_line' id='line_1_80' title="bbox 1976 2247 3578 2324; baseline -0.006 -15"><span class='ocrx_word' id='word_1_626' title='bbox 1976 2269 2117 2321; x_wconf 88' lang='lat' dir='ltr'><strong>mus,</strong></span> <span class='ocrx_word' id='word_1_627' title='bbox 2151 2254 2468 2324; x_wconf 90' lang='lat' dir='ltr'><strong>parturienti</strong></span> <span class='ocrx_word' id='word_1_628' title='bbox 2519 2252 2734 2308; x_wconf 89' lang='lat' dir='ltr'><strong>dolores</strong></span> <span class='ocrx_word' id='word_1_629' title='bbox 2779 2251 3037 2305; x_wconf 82' lang='lat' dir='ltr'><strong>solvimus</strong></span> <span class='ocrx_word' id='word_1_630' title='bbox 3067 2269 3080 2302; x_wconf 89' lang='lat'>:</span> <span class='ocrx_word' id='word_1_631' title='bbox 3113 2248 3242 2302; x_wconf 90' lang='lat' dir='ltr'><strong>illud</strong></span> <span class='ocrx_word' id='word_1_632' title='bbox 3274 2256 3454 2301; x_wconf 91' lang='lat' dir='ltr'><strong>autem</strong></span> <span class='ocrx_word' id='word_1_633' title='bbox 3505 2247 3578 2301; x_wconf 77' lang='lat' dir='ltr'><strong>si-</strong></span> 
     </span>
    </p>
   </div>
   <div class='ocr_carea' id='block_1_81' title="bbox 1976 2340 3575 2411">
    <p class='ocr_par' dir='ltr' id='par_1_81' title="bbox 1976 2340 3575 2411">
     <span class='ocr_line' id='line_1_81' title="bbox 1976 2340 3575 2411; baseline -0.004 -11"><span class='ocrx_word' id='word_1_634' title='bbox 1976 2345 2085 2401; x_wconf 91' lang='lat' dir='ltr'><strong>mul</strong></span> <span class='ocrx_word' id='word_1_635' title='bbox 2131 2344 2332 2400; x_wconf 91' lang='lat' dir='ltr'><strong>editum</strong></span> <span class='ocrx_word' id='word_1_636' title='bbox 2377 2343 2629 2399; x_wconf 87' lang='lat' dir='ltr'><strong>distrahit</strong></span> <span class='ocrx_word' id='word_1_637' title='bbox 2667 2343 2944 2398; x_wconf 89' lang='lat' dir='ltr'><strong>doloribus</strong></span> <span class='ocrx_word' id='word_1_638' title='bbox 2971 2341 3242 2411; x_wconf 89' lang='lat' dir='ltr'><strong>parientes</strong></span> <span class='ocrx_word' id='word_1_639' title='bbox 3273 2340 3446 2410; x_wconf 89' lang='lat' dir='ltr'><strong>ipsum</strong></span> <span class='ocrx_word' id='word_1_640' title='bbox 3478 2353 3575 2394; x_wconf 89' lang='lat' dir='ltr'><strong>co-</strong></span> 
     </span>
    </p>
   </div>
   <div class='ocr_carea' id='block_1_82' title="bbox 1975 2430 3580 2508">
    <p class='ocr_par' dir='ltr' id='par_1_82' title="bbox 1975 2430 3580 2508">
     <span class='ocr_line' id='line_1_82' title="bbox 1975 2430 3580 2508; baseline -0.006 -17"><span class='ocrx_word' id='word_1_641' title='bbox 1975 2437 2282 2508; x_wconf 85' lang='lat' dir='ltr'><strong>gitationes.</strong></span> <span class='ocrx_word' id='word_1_642' title='bbox 2345 2434 2484 2502; x_wconf 84' lang='lat' dir='ltr'><strong>Quid</strong></span> <span class='ocrx_word' id='word_1_643' title='bbox 2552 2451 2716 2506; x_wconf 90' lang='lat' dir='ltr'><strong>porro</strong></span> <span class='ocrx_word' id='word_1_644' title='bbox 2775 2432 3150 2502; x_wconf 83' lang='lat' dir='ltr'><strong>gubernator?</strong></span> <span class='ocrx_word' id='word_1_645' title='bbox 3203 2430 3476 2496; x_wconf 82' lang='lat' dir='ltr'><strong>Accessit,</strong></span> <span class='ocrx_word' id='word_1_646' title='bbox 3526 2437 3580 2484; x_wconf 92' lang='lat' dir='ltr'><strong>et</strong></span> 
     </span>
    </p>
   </div>
   <div class='ocr_carea' id='block_1_83' title="bbox 1974 2519 3574 2599">
    <p class='ocr_par' dir='ltr' id='par_1_83' title="bbox 1974 2519 3574 2599">
     <span class='ocr_line' id='line_1_83' title="bbox 1974 2519 3574 2599; baseline -0.006 -15"><span class='ocrx_word' id='word_1_647' title='bbox 1974 2529 2086 2584; x_wconf 89' lang='lat' dir='ltr'><strong>ait:</strong></span> <span class='ocrx_word' id='word_1_648' title='bbox 2115 2528 2316 2599; x_wconf 89' lang='lat' dir='ltr'><strong>Surge,</strong></span> <span class='ocrx_word' id='word_1_649' title='bbox 2339 2537 2384 2582; x_wconf 89' lang='lat' dir='ltr'><strong>et</strong></span> <span class='ocrx_word' id='word_1_650' title='bbox 2422 2527 2598 2580; x_wconf 75' lang='lat' dir='ltr'><strong>invoca</strong></span> <span class='ocrx_word' id='word_1_651' title='bbox 2643 2525 2917 2579; x_wconf 89' lang='lat' dir='ltr'><strong>Dominum</strong></span> <span class='ocrx_word' id='word_1_652' title='bbox 2964 2523 3129 2576; x_wconf 88' lang='lat' dir='ltr'><strong>Deum</strong></span> <span class='ocrx_word' id='word_1_653' title='bbox 3178 2532 3320 2575; x_wconf 87' lang='lat' dir='ltr'><strong>tuum</strong></span> <span class='ocrx_word' id='word_1_654' title='bbox 3349 2519 3496 2592; x_wconf 75' lang='lat' dir='ltr'><strong>(Ion.</strong></span> <span class='ocrx_word' id='word_1_655' title='bbox 3522 2521 3574 2574; x_wconf 85' lang='grc'><strong>1.</strong></span> 
     </span>
    </p>
   </div>
   <div class='ocr_carea' id='block_1_84' title="bbox 1975 2614 3579 2692">
    <p class='ocr_par' dir='ltr' id='par_1_84' title="bbox 1975 2614 3579 2692">
     <span class='ocr_line' id='line_1_84' title="bbox 1975 2614 3579 2692; baseline -0.006 -14"><span class='ocrx_word' id='word_1_656' title='bbox 1975 2623 2056 2692; x_wconf 83' lang='lat'><strong>6).</strong></span> <span class='ocrx_word' id='word_1_657' title='bbox 2084 2620 2222 2676; x_wconf 89' lang='lat' dir='ltr'><strong>Novi</strong></span> <span class='ocrx_word' id='word_1_658' title='bbox 2250 2620 2465 2675; x_wconf 90' lang='lat' dir='ltr'><strong>demum</strong></span> <span class='ocrx_word' id='word_1_659' title='bbox 2494 2619 2605 2688; x_wconf 89' lang='lat' dir='ltr'><strong>ipsa</strong></span> <span class='ocrx_word' id='word_1_660' title='bbox 2628 2616 2956 2686; x_wconf 84' lang='lat' dir='ltr'><strong>experientia</strong></span> <span class='ocrx_word' id='word_1_661' title='bbox 2985 2616 3251 2670; x_wconf 89' lang='lat' dir='ltr'><strong>insuetam</strong></span> <span class='ocrx_word' id='word_1_662' title='bbox 3285 2614 3432 2667; x_wconf 89' lang='lat' dir='ltr'><strong>illam</strong></span> <span class='ocrx_word' id='word_1_663' title='bbox 3455 2627 3579 2668; x_wconf 87' lang='lat' dir='ltr'><strong>esse</strong></span> 
     </span>
    </p>
   </div>
   <div class='ocr_carea' id='block_1_85' title="bbox 1977 2702 3579 2784">
    <p class='ocr_par' dir='ltr' id='par_1_85' title="bbox 1977 2702 3579 2784">
     <span class='ocr_line' id='line_1_85' title="bbox 1977 2702 3579 2784; baseline -0.008 -16"><span class='ocrx_word' id='word_1_664' title='bbox 1977 2713 2265 2784; x_wconf 85' lang='lat' dir='ltr'><strong>procellam</strong></span> <span class='ocrx_word' id='word_1_665' title='bbox 2293 2753 2308 2777; x_wconf 96' lang='lat'><strong>,</strong></span> <span class='ocrx_word' id='word_1_666' title='bbox 2353 2721 2514 2779; x_wconf 90' lang='lat' dir='ltr'><strong>atque</strong></span> <span class='ocrx_word' id='word_1_667' title='bbox 2543 2709 2678 2764; x_wconf 89' lang='lat' dir='ltr'><strong>adeo</strong></span> <span class='ocrx_word' id='word_1_668' title='bbox 2714 2709 2914 2762; x_wconf 91' lang='lat' dir='ltr'><strong>illatam</strong></span> <span class='ocrx_word' id='word_1_669' title='bbox 2943 2707 3150 2776; x_wconf 83' lang='lat' dir='ltr'><strong>plagam</strong></span> <span class='ocrx_word' id='word_1_670' title='bbox 3203 2704 3434 2772; x_wconf 89' lang='lat' dir='ltr'><strong>majores</strong></span> <span class='ocrx_word' id='word_1_671' title='bbox 3473 2702 3579 2755; x_wconf 85' lang='lat' dir='ltr'><strong>ltu-</strong></span> 
     </span>
    </p>
   </div>
   <div class='ocr_carea' id='block_1_86' title="bbox 1976 2798 3577 2871">
    <p class='ocr_par' dir='ltr' id='par_1_86' title="bbox 1976 2798 3577 2871">
     <span class='ocr_line' id='line_1_86' title="bbox 1976 2798 3577 2871; baseline -0.006 -12"><span class='ocrx_word' id='word_1_672' title='bbox 1976 2820 2130 2860; x_wconf 87' lang='lat' dir='ltr'><strong>mana</strong></span> <span class='ocrx_word' id='word_1_673' title='bbox 2176 2804 2438 2858; x_wconf 90' lang='lat' dir='ltr'><strong>industria</strong></span> <span class='ocrx_word' id='word_1_674' title='bbox 2482 2801 2693 2865; x_wconf 85' lang='lat' dir='ltr'><strong>ﬂuctus,</strong></span> <span class='ocrx_word' id='word_1_675' title='bbox 2728 2801 2818 2855; x_wconf 91' lang='lat' dir='ltr'><strong>ubi</strong></span> <span class='ocrx_word' id='word_1_676' title='bbox 2844 2798 3222 2871; x_wconf 87' lang='lat' dir='ltr'><strong>gubernatoris</strong></span> <span class='ocrx_word' id='word_1_677' title='bbox 3255 2811 3446 2851; x_wconf 89' lang='lat' dir='ltr'><strong>manus</strong></span> <span class='ocrx_word' id='word_1_678' title='bbox 3471 2811 3577 2850; x_wconf 88' lang='lat' dir='ltr'><strong>non</strong></span> 
     </span>
    </p>
   </div>
   <div class='ocr_carea' id='block_1_87' title="bbox 1976 2886 3580 2966">
    <p class='ocr_par' dir='ltr' id='par_1_87' title="bbox 1976 2886 3580 2966">
     <span class='ocr_line' id='line_1_87' title="bbox 1976 2886 3580 2966; baseline -0.006 -16"><span class='ocrx_word' id='word_1_679' title='bbox 1976 2895 2338 2966; x_wconf 88' lang='lat' dir='ltr'><strong>prodessent:</strong></span> <span class='ocrx_word' id='word_1_680' title='bbox 2368 2893 2587 2948; x_wconf 90' lang='lat' dir='ltr'><strong>alterius</strong></span> <span class='ocrx_word' id='word_1_681' title='bbox 2625 2890 2769 2947; x_wconf 91' lang='lat' dir='ltr'><strong>enim</strong></span> <span class='ocrx_word' id='word_1_682' title='bbox 2816 2888 3038 2958; x_wconf 88' lang='lat' dir='ltr'><strong>majoris</strong></span> <span class='ocrx_word' id='word_1_683' title='bbox 3079 2886 3453 2957; x_wconf 87' lang='lat' dir='ltr'><strong>gubernatoris</strong></span> <span class='ocrx_word' id='word_1_684' title='bbox 3499 2886 3580 2940; x_wconf 86' lang='lat' dir='ltr'><strong>rei</strong></span> 
     </span>
    </p>
   </div>
   <div class='ocr_carea' id='block_1_88' title="bbox 1975 2976 3578 3051">
    <p class='ocr_par' dir='ltr' id='par_1_88' title="bbox 1975 2976 3578 3051">
     <span class='ocr_line' id='line_1_88' title="bbox 1975 2976 3578 3051; baseline -0.006 -11"><span class='ocrx_word' id='word_1_685' title='bbox 1975 2986 2119 3040; x_wconf 90' lang='lat' dir='ltr'><strong>illius</strong></span> <span class='ocrx_word' id='word_1_686' title='bbox 2162 3000 2351 3051; x_wconf 88' lang='lat' dir='ltr'><strong>casus,</strong></span> <span class='ocrx_word' id='word_1_687' title='bbox 2407 2983 2550 3038; x_wconf 89' lang='lat' dir='ltr'><strong>hunc</strong></span> <span class='ocrx_word' id='word_1_688' title='bbox 2605 2983 2914 3036; x_wconf 91' lang='lat' dir='ltr'><strong>universum</strong></span> <span class='ocrx_word' id='word_1_689' title='bbox 2973 2980 3182 3034; x_wconf 88' lang='lat' dir='ltr'><strong>scilicet</strong></span> <span class='ocrx_word' id='word_1_690' title='bbox 3228 2976 3578 3047; x_wconf 89' lang='lat' dir='ltr'><strong>gubernantis</strong></span> 
     </span>
    </p>
   </div>
   <div class='ocr_carea' id='block_1_89' title="bbox 1975 3068 3580 3145">
    <p class='ocr_par' dir='ltr' id='par_1_89' title="bbox 1975 3068 3580 3145">
     <span class='ocr_line' id='line_1_89' title="bbox 1975 3068 3580 3145; baseline -0.006 -14"><span class='ocrx_word' id='word_1_691' title='bbox 1975 3077 2230 3132; x_wconf 90' lang='lat' dir='ltr'><strong>mundum</strong></span> <span class='ocrx_word' id='word_1_692' title='bbox 2257 3116 2272 3143; x_wconf 95' lang='lat'><strong>,</strong></span> <span class='ocrx_word' id='word_1_693' title='bbox 2299 3090 2402 3145; x_wconf 80' lang='lat' dir='ltr'><strong>Ope</strong></span> <span class='ocrx_word' id='word_1_694' title='bbox 2427 3083 2585 3144; x_wconf 90' lang='lat' dir='ltr'><strong>atque</strong></span> <span class='ocrx_word' id='word_1_695' title='bbox 2610 3087 2845 3142; x_wconf 79' lang='lat' dir='ltr'><strong>superno</strong></span> <span class='ocrx_word' id='word_1_696' title='bbox 2888 3070 3160 3141; x_wconf 81' lang='lat' dir='ltr'><strong>indigebat</strong></span> <span class='ocrx_word' id='word_1_697' title='bbox 3185 3071 3403 3124; x_wconf 90' lang='lat' dir='ltr'><strong>auxilio.</strong></span> <span class='ocrx_word' id='word_1_698' title='bbox 3450 3068 3580 3122; x_wconf 85' lang='lat' dir='ltr'><strong>Pro-</strong></span> 
     </span>
    </p>
   </div>
   <div class='ocr_carea' id='block_1_90' title="bbox 1977 3161 3576 3239">
    <p class='ocr_par' dir='ltr' id='par_1_90' title="bbox 1977 3161 3576 3239">
     <span class='ocr_line' id='line_1_90' title="bbox 1977 3161 3576 3239; baseline -0.006 -15"><span class='ocrx_word' id='word_1_699' title='bbox 1977 3179 2159 3239; x_wconf 90' lang='lat' dir='ltr'><strong>pterea</strong></span> <span class='ocrx_word' id='word_1_700' title='bbox 2190 3177 2247 3223; x_wconf 90' lang='lat' dir='ltr'><strong>et</strong></span> <span class='ocrx_word' id='word_1_701' title='bbox 2287 3168 2362 3222; x_wconf 87' lang='lat' dir='ltr'><strong>illi</strong></span> <span class='ocrx_word' id='word_1_702' title='bbox 2390 3181 2566 3221; x_wconf 89' lang='lat' dir='ltr'><strong>remos</strong></span> <span class='ocrx_word' id='word_1_703' title='bbox 2613 3177 2668 3221; x_wconf 91' lang='lat' dir='ltr'><strong>et</strong></span> <span class='ocrx_word' id='word_1_704' title='bbox 2693 3165 2810 3220; x_wconf 84' lang='lat' dir='ltr'><strong>vela</strong></span> <span class='ocrx_word' id='word_1_705' title='bbox 2837 3174 2890 3219; x_wconf 91' lang='lat' dir='ltr'><strong>et</strong></span> <span class='ocrx_word' id='word_1_706' title='bbox 2920 3164 3077 3218; x_wconf 89' lang='lat' dir='ltr'><strong>funes</strong></span> <span class='ocrx_word' id='word_1_707' title='bbox 3122 3171 3284 3232; x_wconf 88' lang='lat' dir='ltr'><strong>atque</strong></span> <span class='ocrx_word' id='word_1_708' title='bbox 3325 3161 3576 3216; x_wconf 88' lang='lat' dir='ltr'><strong>universa</strong></span> 
     </span>
    </p>
   </div>
   <div class='ocr_carea' id='block_1_91' title="bbox 1975 3253 3576 3326">
    <p class='ocr_par' dir='ltr' id='par_1_91' title="bbox 1975 3253 3576 3326">
     <span class='ocr_line' id='line_1_91' title="bbox 1975 3253 3576 3326; baseline -0.006 -11"><span class='ocrx_word' id='word_1_709' title='bbox 1975 3260 2328 3323; x_wconf 88' lang='lat' dir='ltr'><strong>dimittentes,</strong></span> <span class='ocrx_word' id='word_1_710' title='bbox 2358 3273 2547 3311; x_wconf 90' lang='lat' dir='ltr'><strong>manus</strong></span> <span class='ocrx_word' id='word_1_711' title='bbox 2571 3271 2602 3310; x_wconf 90' lang='lat' dir='ltr'><strong>a</strong></span> <span class='ocrx_word' id='word_1_712' title='bbox 2625 3255 2975 3326; x_wconf 83' lang='lat' dir='ltr'><strong>remigatione</strong></span> <span class='ocrx_word' id='word_1_713' title='bbox 3000 3253 3270 3308; x_wconf 87' lang='lat' dir='ltr'><strong>traductas</strong></span> <span class='ocrx_word' id='word_1_714' title='bbox 3304 3254 3354 3306; x_wconf 92' lang='lat' dir='ltr'><strong>in</strong></span> <span class='ocrx_word' id='word_1_715' title='bbox 3385 3253 3576 3307; x_wconf 73' lang='lat' dir='ltr'><strong>czeluut</strong></span> 
     </span>
    </p>
   </div>
   <div class='ocr_carea' id='block_1_92' title="bbox 1976 3343 3578 3418">
    <p class='ocr_par' dir='ltr' id='par_1_92' title="bbox 1976 3343 3578 3418">
     <span class='ocr_line' id='line_1_92' title="bbox 1976 3343 3578 3418; baseline -0.006 -12"><span class='ocrx_word' id='word_1_716' title='bbox 1976 3351 2304 3415; x_wconf 89' lang='lat' dir='ltr'><strong>tendebant,</strong></span> <span class='ocrx_word' id='word_1_717' title='bbox 2337 3349 2611 3418; x_wconf 86' lang='lat' dir='ltr'><strong>Deumque</strong></span> <span class='ocrx_word' id='word_1_718' title='bbox 2658 3348 2900 3401; x_wconf 89' lang='lat' dir='ltr'><strong>orabant.</strong></span> <span class='ocrx_word' id='word_1_719' title='bbox 2956 3345 3057 3401; x_wconf 87' lang='lat' dir='ltr'><strong>Ubi</strong></span> <span class='ocrx_word' id='word_1_720' title='bbox 3097 3359 3228 3398; x_wconf 89' lang='lat' dir='ltr'><strong>vero</strong></span> <span class='ocrx_word' id='word_1_721' title='bbox 3279 3358 3452 3413; x_wconf 89' lang='lat' dir='ltr'><strong>neque</strong></span> <span class='ocrx_word' id='word_1_722' title='bbox 3498 3343 3578 3396; x_wconf 89' lang='lat' dir='ltr'><strong>sic</strong></span> 
     </span>
    </p>
   </div>
   <div class='ocr_carea' id='block_1_93' title="bbox 1976 3437 3574 3516">
    <p class='ocr_par' dir='ltr' id='par_1_93' title="bbox 1976 3437 3574 3516">
     <span class='ocr_line' id='line_1_93' title="bbox 1976 3437 3574 3516; baseline -0.008 -16"><span class='ocrx_word' id='word_1_723' title='bbox 1976 3443 2354 3516; x_wconf 84' lang='lat' dir='ltr'><strong>profecerunt,</strong></span> <span class='ocrx_word' id='word_1_724' title='bbox 2393 3442 2682 3506; x_wconf 83' lang='lat' dir='ltr'><strong>Misernnt,</strong></span> <span class='ocrx_word' id='word_1_725' title='bbox 2729 3440 2927 3509; x_wconf 81' lang='lat' dir='ltr'><strong>inquit,</strong></span> <span class='ocrx_word' id='word_1_726' title='bbox 2969 3449 3174 3499; x_wconf 87' lang='lat' dir='ltr'><strong>sortes;</strong></span> <span class='ocrx_word' id='word_1_727' title='bbox 3211 3452 3330 3490; x_wconf 67' lang='lat' dir='ltr'><strong>sors</strong></span> <span class='ocrx_word' id='word_1_728' title='bbox 3358 3437 3574 3490; x_wconf 74' lang='lat' dir='ltr'><strong>domum</strong></span> 
     </span>
    </p>
   </div>
   <div class='ocr_carea' id='block_1_94' title="bbox 1977 3527 3574 3606">
    <p class='ocr_par' dir='ltr' id='par_1_94' title="bbox 1977 3527 3574 3606">
     <span class='ocr_line' id='line_1_94' title="bbox 1977 3527 3574 3606; baseline -0.006 -16"><span class='ocrx_word' id='word_1_729' title='bbox 1977 3534 2209 3606; x_wconf 83' lang='lat' dir='ltr'><strong>prodidit</strong></span> <span class='ocrx_word' id='word_1_730' title='bbox 2237 3534 2476 3587; x_wconf 91' lang='lat' dir='ltr'><strong>noxium.</strong></span> <span class='ocrx_word' id='word_1_731' title='bbox 2518 3532 2582 3586; x_wconf 85' lang='lat' dir='ltr'><strong>lii</strong></span> <span class='ocrx_word' id='word_1_732' title='bbox 2603 3547 2732 3584; x_wconf 92' lang='lat' dir='ltr'><strong>vero</strong></span> <span class='ocrx_word' id='word_1_733' title='bbox 2774 3545 2949 3599; x_wconf 89' lang='lat' dir='ltr'><strong>neque</strong></span> <span class='ocrx_word' id='word_1_734' title='bbox 2975 3530 3053 3583; x_wconf 89' lang='lat' dir='ltr'><strong>sic</strong></span> <span class='ocrx_word' id='word_1_735' title='bbox 3082 3527 3406 3596; x_wconf 83' lang='lat' dir='ltr'><strong>arripientes</strong></span> <span class='ocrx_word' id='word_1_736' title='bbox 3450 3541 3574 3581; x_wconf 92' lang='lat' dir='ltr'><strong>eum</strong></span> 
     </span>
    </p>
   </div>
   <div class='ocr_carea' id='block_1_95' title="bbox 1974 3617 3577 3686">
    <p class='ocr_par' dir='ltr' id='par_1_95' title="bbox 1974 3617 3577 3686">
     <span class='ocr_line' id='line_1_95' title="bbox 1974 3617 3577 3686; baseline -0.009 -4"><span class='ocrx_word' id='word_1_737' title='bbox 1974 3627 2366 3686; x_wconf 89' lang='lat' dir='ltr'><strong>demerserunt,</strong></span> <span class='ocrx_word' id='word_1_738' title='bbox 2395 3624 2490 3678; x_wconf 90' lang='lat' dir='ltr'><strong>sed</strong></span> <span class='ocrx_word' id='word_1_739' title='bbox 2519 3631 2665 3676; x_wconf 91' lang='lat' dir='ltr'><strong>tanto</strong></span> <span class='ocrx_word' id='word_1_740' title='bbox 2686 3621 2937 3683; x_wconf 89' lang='lat' dir='ltr'><strong>tumultu,</strong></span> <span class='ocrx_word' id='word_1_741' title='bbox 2968 3628 3114 3673; x_wconf 89' lang='lat' dir='ltr'><strong>tanta</strong></span> <span class='ocrx_word' id='word_1_742' title='bbox 3146 3625 3466 3686; x_wconf 83' lang='lat' dir='ltr'><strong>tempestate</strong></span> <span class='ocrx_word' id='word_1_743' title='bbox 3495 3617 3577 3669; x_wconf 85' lang='lat' dir='ltr'><strong>iu-</strong></span> 
     </span>
    </p>
   </div>
   <div class='ocr_carea' id='block_1_96' title="bbox 1975 3706 3573 3784">
    <p class='ocr_par' dir='ltr' id='par_1_96' title="bbox 1975 3706 3573 3784">
     <span class='ocr_line' id='line_1_96' title="bbox 1975 3706 3573 3784; baseline -0.008 -11"><span class='ocrx_word' id='word_1_744' title='bbox 1975 3720 2280 3784; x_wconf 87' lang='lat' dir='ltr'><strong>cumbente,</strong></span> <span class='ocrx_word' id='word_1_745' title='bbox 2299 3716 2465 3771; x_wconf 91' lang='lat' dir='ltr'><strong>veluti</strong></span> <span class='ocrx_word' id='word_1_746' title='bbox 2493 3715 2656 3768; x_wconf 92' lang='lat' dir='ltr'><strong>multa</strong></span> <span class='ocrx_word' id='word_1_747' title='bbox 2681 3715 2732 3767; x_wconf 92' lang='lat' dir='ltr'><strong>in</strong></span> <span class='ocrx_word' id='word_1_748' title='bbox 2761 3713 2961 3782; x_wconf 84' lang='lat' dir='ltr'><strong>quiete.</strong></span> <span class='ocrx_word' id='word_1_749' title='bbox 2985 3711 3064 3764; x_wconf 90' lang='lat' dir='ltr'><strong>sic</strong></span> <span class='ocrx_word' id='word_1_750' title='bbox 3085 3708 3344 3777; x_wconf 88' lang='lat' dir='ltr'><strong>judicium</strong></span> <span class='ocrx_word' id='word_1_751' title='bbox 3375 3706 3426 3760; x_wconf 92' lang='lat' dir='ltr'><strong>in</strong></span> <span class='ocrx_word' id='word_1_752' title='bbox 3452 3707 3573 3760; x_wconf 90' lang='lat' dir='ltr'><strong>navi</strong></span> 
     </span>
    </p>
   </div>
   <div class='ocr_carea' id='block_1_97' title="bbox 1975 3798 3573 3874">
    <p class='ocr_par' dir='ltr' id='par_1_97' title="bbox 1975 3798 3573 3874">
     <span class='ocr_line' id='line_1_97' title="bbox 1975 3798 3573 3874; baseline -0.009 -10"><span class='ocrx_word' id='word_1_753' title='bbox 1975 3819 2302 3874; x_wconf 87' lang='lat' dir='ltr'><strong>statuentes,</strong></span> <span class='ocrx_word' id='word_1_754' title='bbox 2332 3815 2391 3860; x_wconf 90' lang='lat' dir='ltr'><strong>ut</strong></span> <span class='ocrx_word' id='word_1_755' title='bbox 2436 3821 2531 3874; x_wconf 87' lang='lat' dir='ltr'><strong>pro</strong></span> <span class='ocrx_word' id='word_1_756' title='bbox 2579 3819 2638 3859; x_wconf 92' lang='lat' dir='ltr'><strong>se</strong></span> <span class='ocrx_word' id='word_1_757' title='bbox 2663 3805 2993 3873; x_wconf 89' lang='lat' dir='ltr'><strong>loqueretur,</strong></span> <span class='ocrx_word' id='word_1_758' title='bbox 3019 3816 3186 3871; x_wconf 90' lang='lat' dir='ltr'><strong>seque</strong></span> <span class='ocrx_word' id='word_1_759' title='bbox 3227 3798 3573 3864; x_wconf 81' lang='lat' dir='ltr'><strong>defenderet,</strong></span> 
     </span>
    </p>
   </div>
   <div class='ocr_carea' id='block_1_98' title="bbox 1975 3891 3578 3973">
    <p class='ocr_par' dir='ltr' id='par_1_98' title="bbox 1975 3891 3578 3973">
     <span class='ocr_line' id='line_1_98' title="bbox 1975 3891 3578 3973; baseline -0.008 -16"><span class='ocrx_word' id='word_1_760' title='bbox 1975 3903 2023 3958; x_wconf 90' lang='lat' dir='ltr'><strong>ei</strong></span> <span class='ocrx_word' id='word_1_761' title='bbox 2043 3902 2417 3973; x_wconf 84' lang='lat' dir='ltr'><strong>permiserunt,</strong></span> <span class='ocrx_word' id='word_1_762' title='bbox 2437 3907 2596 3967; x_wconf 88' lang='lat' dir='ltr'><strong>atque</strong></span> <span class='ocrx_word' id='word_1_763' title='bbox 2621 3905 2811 3950; x_wconf 89' lang='lat' dir='ltr'><strong>cuncta</strong></span> <span class='ocrx_word' id='word_1_764' title='bbox 2841 3893 3024 3949; x_wconf 91' lang='lat' dir='ltr'><strong>subtili</strong></span> <span class='ocrx_word' id='word_1_765' title='bbox 3054 3907 3175 3946; x_wconf 91' lang='lat' dir='ltr'><strong>cum</strong></span> <span class='ocrx_word' id='word_1_766' title='bbox 3209 3891 3458 3959; x_wconf 85' lang='lat' dir='ltr'><strong>indagine</strong></span> <span class='ocrx_word' id='word_1_767' title='bbox 3483 3905 3578 3944; x_wconf 70' lang='lat' dir='ltr'><strong>ex-</strong></span> 
     </span>
    </p>
   </div>
   <div class='ocr_carea' id='block_1_99' title="bbox 1976 3982 3573 4066">
    <p class='ocr_par' dir='ltr' id='par_1_99' title="bbox 1976 3982 3573 4066">
     <span class='ocr_line' id='line_1_99' title="bbox 1976 3982 3573 4066; baseline -0.008 -20"><span class='ocrx_word' id='word_1_768' title='bbox 1976 3994 2276 4066; x_wconf 89' lang='lat' dir='ltr'><strong>quirebant,</strong></span> <span class='ocrx_word' id='word_1_769' title='bbox 2307 3990 2470 4046; x_wconf 90' lang='lat' dir='ltr'><strong>veluti</strong></span> <span class='ocrx_word' id='word_1_770' title='bbox 2518 3989 2754 4042; x_wconf 89' lang='lat' dir='ltr'><strong>rationes</strong></span> <span class='ocrx_word' id='word_1_771' title='bbox 2799 4001 2984 4041; x_wconf 90' lang='lat' dir='ltr'><strong>eorum</strong></span> <span class='ocrx_word' id='word_1_772' title='bbox 3006 4027 3021 4052; x_wconf 96' lang='lat'><strong>,</strong></span> <span class='ocrx_word' id='word_1_773' title='bbox 3055 4000 3175 4054; x_wconf 68' lang='lat' dir='ltr'><strong>qua:</strong></span> <span class='ocrx_word' id='word_1_774' title='bbox 3201 3982 3573 4049; x_wconf 88' lang='lat' dir='ltr'><strong>decreverint,</strong></span> 
     </span>
    </p>
   </div>
   <div class='ocr_carea' id='block_1_100' title="bbox 1975 4063 3577 4150">
    <p class='ocr_par' dir='ltr' id='par_1_100' title="bbox 1975 4063 3577 4150">
     <span class='ocr_line' id='line_1_100' title="bbox 1975 4063 3577 4150; baseline -0.007 -10"><span class='ocrx_word' id='word_1_775' title='bbox 1975 4063 2135 4142; x_wconf 81' lang='lat' dir='ltr'><strong>alicui</strong></span> <span class='ocrx_word' id='word_1_776' title='bbox 2177 4084 2458 4140; x_wconf 86' lang='lat' dir='ltr'><strong>reddituri.</strong></span> <span class='ocrx_word' id='word_1_777' title='bbox 2486 4081 2624 4136; x_wconf 81' lang='lat' dir='ltr'><strong>Audi</strong></span> <span class='ocrx_word' id='word_1_778' title='bbox 2668 4082 2829 4150; x_wconf 84' lang='lat' dir='ltr'><strong>igitur</strong></span> <span class='ocrx_word' id='word_1_779' title='bbox 2850 4094 2946 4134; x_wconf 90' lang='lat' dir='ltr'><strong>eos</strong></span> <span class='ocrx_word' id='word_1_780' title='bbox 2979 4079 3117 4132; x_wconf 90' lang='lat' dir='ltr'><strong>sicut</strong></span> <span class='ocrx_word' id='word_1_781' title='bbox 3140 4077 3194 4130; x_wconf 92' lang='lat' dir='ltr'><strong>in</strong></span> <span class='ocrx_word' id='word_1_782' title='bbox 3221 4075 3425 4146; x_wconf 83' lang='lat' dir='ltr'><strong>judicio</strong></span> <span class='ocrx_word' id='word_1_783' title='bbox 3453 4063 3577 4130; x_wconf 63' lang='lat' dir='ltr'><strong>dm-</strong></span> 
     </span>
    </p>
   </div>
   <div class='ocr_carea' id='block_1_101' title="bbox 1975 4167 3576 4246">
    <p class='ocr_par' dir='ltr' id='par_1_101' title="bbox 1975 4167 3576 4246">
     <span class='ocr_line' id='line_1_101' title="bbox 1975 4167 3576 4246; baseline -0.008 -14"><span class='ocrx_word' id='word_1_784' title='bbox 1975 4187 2058 4233; x_wconf 89' lang='lat' dir='ltr'><strong>cta</strong></span> <span class='ocrx_word' id='word_1_785' title='bbox 2088 4177 2477 4246; x_wconf 87' lang='lat' dir='ltr'><strong>perquirentes.</strong></span> <span class='ocrx_word' id='word_1_786' title='bbox 2521 4171 2673 4238; x_wconf 88' lang='lat' dir='ltr'><strong>Quod</strong></span> <span class='ocrx_word' id='word_1_787' title='bbox 2703 4185 2838 4240; x_wconf 90' lang='lat' dir='ltr'><strong>opus</strong></span> <span class='ocrx_word' id='word_1_788' title='bbox 2879 4177 2961 4224; x_wconf 89' lang='lat' dir='ltr'><strong>est</strong></span> <span class='ocrx_word' id='word_1_789' title='bbox 2994 4167 3181 4222; x_wconf 85' lang='lat' dir='ltr'><strong>tuum?</strong></span> <span class='ocrx_word' id='word_1_790' title='bbox 3217 4167 3358 4222; x_wconf 88' lang='lat' dir='ltr'><strong>unde</strong></span> <span class='ocrx_word' id='word_1_791' title='bbox 3388 4167 3576 4220; x_wconf 81' lang='lat' dir='ltr'><strong>venis?</strong></span> 
     </span>
    </p>
   </div>
   <div class='ocr_carea' id='block_1_102' title="bbox 1975 4260 3576 4341">
    <p class='ocr_par' dir='ltr' id='par_1_102' title="bbox 1975 4260 3576 4341">
     <span class='ocr_line' id='line_1_102' title="bbox 1975 4260 3576 4341; baseline -0.004 -19"><span class='ocrx_word' id='word_1_792' title='bbox 1975 4286 2082 4341; x_wconf 92' lang='lat' dir='ltr'><strong>quo</strong></span> <span class='ocrx_word' id='word_1_793' title='bbox 2123 4267 2309 4324; x_wconf 87' lang='lat' dir='ltr'><strong>vadis?</strong></span> <span class='ocrx_word' id='word_1_794' title='bbox 2329 4284 2432 4337; x_wconf 92' lang='lat' dir='ltr'><strong>qua</strong></span> <span class='ocrx_word' id='word_1_795' title='bbox 2463 4265 2530 4321; x_wconf 90' lang='lat' dir='ltr'><strong>de</strong></span> <span class='ocrx_word' id='word_1_796' title='bbox 2557 4267 2777 4333; x_wconf 81' lang='lat' dir='ltr'><strong>regione</strong></span> <span class='ocrx_word' id='word_1_797' title='bbox 2800 4263 2821 4301; x_wconf 67' lang='grc' dir='ltr'><strong>ν</strong></span> <span class='ocrx_word' id='word_1_798' title='bbox 2850 4278 2956 4332; x_wconf 91' lang='lat' dir='ltr'><strong>quo</strong></span> <span class='ocrx_word' id='word_1_799' title='bbox 2985 4262 3054 4316; x_wconf 90' lang='lat' dir='ltr'><strong>de</strong></span> <span class='ocrx_word' id='word_1_800' title='bbox 3080 4261 3276 4332; x_wconf 89' lang='lat' dir='ltr'><strong>populo</strong></span> <span class='ocrx_word' id='word_1_801' title='bbox 3299 4276 3358 4315; x_wconf 90' lang='lat' dir='ltr'><strong>es</strong></span> <span class='ocrx_word' id='word_1_802' title='bbox 3384 4261 3479 4314; x_wconf 84' lang='lat' dir='ltr'><strong>tu?</strong></span> <span class='ocrx_word' id='word_1_803' title='bbox 3508 4260 3576 4315; x_wconf 87' lang='lat' dir='ltr'><strong>Et</strong></span> 
     </span>
    </p>
   </div>
   <div class='ocr_carea' id='block_1_103' title="bbox 1975 4341 3574 4430">
    <p class='ocr_par' dir='ltr' id='par_1_103' title="bbox 1975 4341 3574 4430">
     <span class='ocr_line' id='line_1_103' title="bbox 1975 4341 3574 4430; baseline -0.004 -16"><span class='ocrx_word' id='word_1_804' title='bbox 1975 4360 2189 4430; x_wconf 85' lang='lat' dir='ltr'><strong>quidem</strong></span> <span class='ocrx_word' id='word_1_805' title='bbox 2243 4358 2530 4413; x_wconf 89' lang='lat' dir='ltr'><strong>accusabat</strong></span> <span class='ocrx_word' id='word_1_806' title='bbox 2580 4371 2768 4420; x_wconf 90' lang='lat' dir='ltr'><strong>mare,</strong></span> <span class='ocrx_word' id='word_1_807' title='bbox 2825 4355 3129 4408; x_wconf 87' lang='lat' dir='ltr'><strong>acelamans</strong></span> <span class='ocrx_word' id='word_1_808' title='bbox 3178 4363 3365 4407; x_wconf 89' lang='lat' dir='ltr'><strong>contra</strong></span> <span class='ocrx_word' id='word_1_809' title='bbox 3413 4341 3574 4407; x_wconf 81' lang='lat' dir='ltr'><strong>:sors</strong></span> 
     </span>
    </p>
   </div>
   <div class='ocr_carea' id='block_1_104' title="bbox 1976 4445 3572 4509">
    <p class='ocr_par' dir='ltr' id='par_1_104' title="bbox 1976 4445 3572 4509">
     <span class='ocr_line' id='line_1_104' title="bbox 1976 4445 3572 4509; baseline -0.004 -2"><span class='ocrx_word' id='word_1_810' title='bbox 1976 4453 2262 4509; x_wconf 87' lang='lat' dir='ltr'><strong>damnabat</strong></span> <span class='ocrx_word' id='word_1_811' title='bbox 2300 4461 2351 4504; x_wconf 92' lang='lat' dir='ltr'><strong>et</strong></span> <span class='ocrx_word' id='word_1_812' title='bbox 2381 4449 2744 4504; x_wconf 89' lang='lat' dir='ltr'><strong>testimonium</strong></span> <span class='ocrx_word' id='word_1_813' title='bbox 2779 4455 2962 4502; x_wconf 84' lang='lat' dir='ltr'><strong>contra</strong></span> <span class='ocrx_word' id='word_1_814' title='bbox 3007 4446 3237 4509; x_wconf 86' lang='lat' dir='ltr'><strong>ferebat;</strong></span> <span class='ocrx_word' id='word_1_815' title='bbox 3270 4445 3365 4500; x_wconf 90' lang='lat' dir='ltr'><strong>sed</strong></span> <span class='ocrx_word' id='word_1_816' title='bbox 3394 4454 3572 4500; x_wconf 89' lang='lat' dir='ltr'><strong>tamen</strong></span> 
     </span>
    </p>
   </div>
   <div class='ocr_carea' id='block_1_105' title="bbox 1975 4537 3574 4616">
    <p class='ocr_par' dir='ltr' id='par_1_105' title="bbox 1975 4537 3574 4616">
     <span class='ocr_line' id='line_1_105' title="bbox 1975 4537 3574 4616; baseline -0.008 -13"><span class='ocrx_word' id='word_1_817' title='bbox 1975 4562 2150 4616; x_wconf 89' lang='lat' dir='ltr'><strong>neque</strong></span> <span class='ocrx_word' id='word_1_818' title='bbox 2199 4545 2332 4599; x_wconf 89' lang='lat' dir='ltr'><strong>mari</strong></span> <span class='ocrx_word' id='word_1_819' title='bbox 2361 4553 2546 4598; x_wconf 87' lang='lat' dir='ltr'><strong>contra</strong></span> <span class='ocrx_word' id='word_1_820' title='bbox 2577 4541 2913 4596; x_wconf 87' lang='lat' dir='ltr'><strong>exelamante</strong></span> <span class='ocrx_word' id='word_1_821' title='bbox 2935 4580 2948 4602; x_wconf 87' lang='lat'><strong>,</strong></span> <span class='ocrx_word' id='word_1_822' title='bbox 2985 4554 3158 4608; x_wconf 90' lang='lat' dir='ltr'><strong>neque</strong></span> <span class='ocrx_word' id='word_1_823' title='bbox 3201 4547 3346 4592; x_wconf 89' lang='lat' dir='ltr'><strong>sorte</strong></span> <span class='ocrx_word' id='word_1_824' title='bbox 3385 4553 3450 4591; x_wconf 87' lang='lat' dir='ltr'><strong>ex</strong></span> <span class='ocrx_word' id='word_1_825' title='bbox 3480 4537 3574 4592; x_wconf 82' lang='lat' dir='ltr'><strong>ad-</strong></span> 
     </span>
    </p>
   </div>
   <div class='ocr_carea' id='block_1_106' title="bbox 1975 4631 3576 4697">
    <p class='ocr_par' dir='ltr' id='par_1_106' title="bbox 1975 4631 3576 4697">
     <span class='ocr_line' id='line_1_106' title="bbox 1975 4631 3576 4697; baseline -0.007 -2"><span class='ocrx_word' id='word_1_826' title='bbox 1975 4657 2131 4695; x_wconf 87' lang='lat' dir='ltr'><strong>verso</strong></span> <span class='ocrx_word' id='word_1_827' title='bbox 2159 4637 2518 4692; x_wconf 87' lang='lat' dir='ltr'><strong>testimonium</strong></span> <span class='ocrx_word' id='word_1_828' title='bbox 2565 4634 2857 4697; x_wconf 87' lang='lat' dir='ltr'><strong>reddente,</strong></span> <span class='ocrx_word' id='word_1_829' title='bbox 2895 4632 3219 4686; x_wconf 82' lang='lat' dir='ltr'><strong>sententiam</strong></span> <span class='ocrx_word' id='word_1_830' title='bbox 3271 4631 3446 4683; x_wconf 89' lang='lat' dir='ltr'><strong>adhuc</strong></span> <span class='ocrx_word' id='word_1_831' title='bbox 3481 4631 3576 4684; x_wconf 86' lang='lat' dir='ltr'><strong>da-</strong></span> 
     </span>
    </p>
   </div>
   <div class='ocr_carea' id='block_1_107' title="bbox 1974 4723 3575 4797">
    <p class='ocr_par' dir='ltr' id='par_1_107' title="bbox 1974 4723 3575 4797">
     <span class='ocr_line' id='line_1_107' title="bbox 1974 4723 3575 4797; baseline -0.009 -9"><span class='ocrx_word' id='word_1_832' title='bbox 1974 4736 2095 4789; x_wconf 89' lang='lat' dir='ltr'><strong>bant</strong></span> <span class='ocrx_word' id='word_1_833' title='bbox 2124 4774 2137 4797; x_wconf 92' lang='lat'><strong>,</strong></span> <span class='ocrx_word' id='word_1_834' title='bbox 2168 4731 2260 4785; x_wconf 89' lang='lat' dir='ltr'><strong>sed</strong></span> <span class='ocrx_word' id='word_1_835' title='bbox 2294 4729 2453 4782; x_wconf 86' lang='lat' dir='ltr'><strong>veluti</strong></span> <span class='ocrx_word' id='word_1_836' title='bbox 2490 4729 2542 4780; x_wconf 92' lang='lat' dir='ltr'><strong>in</strong></span> <span class='ocrx_word' id='word_1_837' title='bbox 2565 4726 2768 4796; x_wconf 91' lang='lat' dir='ltr'><strong>judicio</strong></span> <span class='ocrx_word' id='word_1_838' title='bbox 2810 4735 2864 4779; x_wconf 90' lang='lat' dir='ltr'><strong>et</strong></span> <span class='ocrx_word' id='word_1_839' title='bbox 2904 4723 3308 4777; x_wconf 79' lang='lat' dir='ltr'><strong>accusatoribus</strong></span> <span class='ocrx_word' id='word_1_840' title='bbox 3341 4738 3575 4790; x_wconf 59' lang='grc' dir='ltr'><strong>ιιι-πλερυ-</strong></span> 
     </span>
    </p>
   </div>
   <div class='ocr_carea' id='block_1_108' title="bbox 1977 4815 3575 4888">
    <p class='ocr_par' dir='ltr' id='par_1_108' title="bbox 1977 4815 3575 4888">
     <span class='ocr_line' id='line_1_108' title="bbox 1977 4815 3575 4888; baseline -0.009 -9"><span class='ocrx_word' id='word_1_841' title='bbox 1977 4828 2136 4888; x_wconf 89' lang='lat' dir='ltr'><strong>tibus,</strong></span> <span class='ocrx_word' id='word_1_842' title='bbox 2171 4833 2223 4878; x_wconf 91' lang='lat' dir='ltr'><strong>et</strong></span> <span class='ocrx_word' id='word_1_843' title='bbox 2249 4822 2475 4876; x_wconf 89' lang='lat' dir='ltr'><strong>testibus</strong></span> <span class='ocrx_word' id='word_1_844' title='bbox 2503 4818 2846 4882; x_wconf 88' lang='lat' dir='ltr'><strong>instantibus,</strong></span> <span class='ocrx_word' id='word_1_845' title='bbox 2873 4815 3084 4869; x_wconf 87' lang='lat' dir='ltr'><strong>indiciis</strong></span> <span class='ocrx_word' id='word_1_846' title='bbox 3107 4825 3266 4883; x_wconf 88' lang='lat' dir='ltr'><strong>atque</strong></span> <span class='ocrx_word' id='word_1_847' title='bbox 3287 4829 3575 4882; x_wconf 80' lang='lat' dir='ltr'><strong>argumen-</strong></span> 
     </span>
    </p>
   </div>
   <div class='ocr_carea' id='block_1_109' title="bbox 1976 4905 3570 4979">
    <p class='ocr_par' dir='ltr' id='par_1_109' title="bbox 1976 4905 3570 4979">
     <span class='ocr_line' id='line_1_109' title="bbox 1976 4905 3570 4979; baseline -0.007 -10"><span class='ocrx_word' id='word_1_848' title='bbox 1976 4917 2042 4969; x_wconf 91' lang='lat' dir='ltr'><strong>tis</strong></span> <span class='ocrx_word' id='word_1_849' title='bbox 2066 4914 2354 4976; x_wconf 80' lang='lat' dir='ltr'><strong>veridicis,</strong></span> <span class='ocrx_word' id='word_1_850' title='bbox 2386 4925 2490 4965; x_wconf 90' lang='lat' dir='ltr'><strong>non</strong></span> <span class='ocrx_word' id='word_1_851' title='bbox 2540 4909 2686 4979; x_wconf 89' lang='lat' dir='ltr'><strong>prius</strong></span> <span class='ocrx_word' id='word_1_852' title='bbox 2729 4907 2939 4976; x_wconf 88' lang='lat' dir='ltr'><strong>jndices</strong></span> <span class='ocrx_word' id='word_1_853' title='bbox 2982 4908 3302 4961; x_wconf 88' lang='lat' dir='ltr'><strong>sententiam</strong></span> <span class='ocrx_word' id='word_1_854' title='bbox 3357 4905 3570 4968; x_wconf 69' lang='lat' dir='ltr'><strong>ferunt,</strong></span> 
     </span>
    </p>
   </div>
   <div class='ocr_carea' id='block_1_110' title="bbox 1974 4995 3576 5077">
    <p class='ocr_par' dir='ltr' id='par_1_110' title="bbox 1974 4995 3576 5077">
     <span class='ocr_line' id='line_1_110' title="bbox 1974 4995 3576 5077; baseline -0.007 -17"><span class='ocrx_word' id='word_1_855' title='bbox 1974 5022 2130 5077; x_wconf 90' lang='lat' dir='ltr'><strong>quam</strong></span> <span class='ocrx_word' id='word_1_856' title='bbox 2153 5001 2486 5059; x_wconf 88' lang='lat' dir='ltr'><strong>damnandus</strong></span> <span class='ocrx_word' id='word_1_857' title='bbox 2505 5002 2616 5071; x_wconf 90' lang='lat' dir='ltr'><strong>ipse</strong></span> <span class='ocrx_word' id='word_1_858' title='bbox 2637 4998 2867 5068; x_wconf 67' lang='lat' dir='ltr'><strong>promite</strong></span> <span class='ocrx_word' id='word_1_859' title='bbox 2885 4999 2955 5051; x_wconf 90' lang='lat' dir='ltr'><strong>sit</strong></span> <span class='ocrx_word' id='word_1_860' title='bbox 2971 5007 3247 5051; x_wconf 87' lang='lat' dir='ltr'><strong>accusator</strong></span> <span class='ocrx_word' id='word_1_861' title='bbox 3270 4996 3472 5064; x_wconf 64' lang='lat' dir='ltr'><strong>culpae:</strong></span> <span class='ocrx_word' id='word_1_862' title='bbox 3499 4995 3576 5049; x_wconf 86' lang='lat' dir='ltr'><strong>sic</strong></span> 
     </span>
    </p>
   </div>
   <div class='ocr_carea' id='block_1_111' title="bbox 1976 5088 3572 5164">
    <p class='ocr_par' dir='ltr' id='par_1_111' title="bbox 1976 5088 3572 5164">
     <span class='ocr_line' id='line_1_111' title="bbox 1976 5088 3572 5164; baseline -0.009 -9"><span class='ocrx_word' id='word_1_863' title='bbox 1976 5111 2029 5155; x_wconf 90' lang='lat' dir='ltr'><strong>et</strong></span> <span class='ocrx_word' id='word_1_864' title='bbox 2053 5100 2102 5153; x_wconf 84' lang='lat' dir='ltr'><strong>lti</strong></span> <span class='ocrx_word' id='word_1_865' title='bbox 2126 5109 2322 5164; x_wconf 69' lang='lat' dir='ltr'><strong>nautaz,</strong></span> <span class='ocrx_word' id='word_1_866' title='bbox 2345 5096 2590 5149; x_wconf 90' lang='lat' dir='ltr'><strong>homines</strong></span> <span class='ocrx_word' id='word_1_867' title='bbox 2613 5092 2824 5146; x_wconf 84' lang='lat' dir='ltr'><strong>barbari</strong></span> <span class='ocrx_word' id='word_1_868' title='bbox 2847 5100 2898 5145; x_wconf 90' lang='lat' dir='ltr'><strong>et</strong></span> <span class='ocrx_word' id='word_1_869' title='bbox 2929 5089 3212 5148; x_wconf 85' lang='lat' dir='ltr'><strong>insensati.</strong></span> <span class='ocrx_word' id='word_1_870' title='bbox 3238 5104 3381 5151; x_wconf 87' lang='lat' dir='ltr'><strong>eum,</strong></span> <span class='ocrx_word' id='word_1_871' title='bbox 3406 5089 3495 5157; x_wconf 92' lang='lat' dir='ltr'><strong>qui</strong></span> <span class='ocrx_word' id='word_1_872' title='bbox 3521 5088 3572 5141; x_wconf 91' lang='lat' dir='ltr'><strong>in</strong></span> 
     </span>
    </p>
   </div>
   <div class='ocr_carea' id='block_1_112' title="bbox 1971 5179 3577 5259">
    <p class='ocr_par' dir='ltr' id='par_1_112' title="bbox 1971 5179 3577 5259">
     <span class='ocr_line' id='line_1_112' title="bbox 1971 5179 3577 5259; baseline -0.008 -16"><span class='ocrx_word' id='word_1_873' title='bbox 1971 5189 2187 5258; x_wconf 87' lang='lat' dir='ltr'><strong>judiciis</strong></span> <span class='ocrx_word' id='word_1_874' title='bbox 2204 5197 2310 5259; x_wconf 78' lang='lat' dir='ltr'><strong>est,</strong></span> <span class='ocrx_word' id='word_1_875' title='bbox 2324 5185 2564 5239; x_wconf 87' lang='lat' dir='ltr'><strong>ordinem</strong></span> <span class='ocrx_word' id='word_1_876' title='bbox 2589 5184 2893 5236; x_wconf 89' lang='lat' dir='ltr'><strong>imitantur:</strong></span> <span class='ocrx_word' id='word_1_877' title='bbox 2911 5191 2962 5234; x_wconf 88' lang='lat' dir='ltr'><strong>et</strong></span> <span class='ocrx_word' id='word_1_878' title='bbox 2981 5179 3030 5232; x_wconf 91' lang='lat' dir='ltr'><strong>id</strong></span> <span class='ocrx_word' id='word_1_879' title='bbox 3053 5179 3286 5247; x_wconf 87' lang='lat' dir='ltr'><strong>quidem.</strong></span> <span class='ocrx_word' id='word_1_880' title='bbox 3307 5187 3458 5232; x_wconf 89' lang='lat' dir='ltr'><strong>tanto</strong></span> <span class='ocrx_word' id='word_1_881' title='bbox 3474 5193 3577 5231; x_wconf 86' lang='lat' dir='ltr'><strong>me-</strong></span> 
     </span>
    </p>
   </div>
   <div class='ocr_carea' id='block_1_113' title="bbox 1977 5271 3576 5345">
    <p class='ocr_par' dir='ltr' id='par_1_113' title="bbox 1977 5271 3576 5345">
     <span class='ocr_line' id='line_1_113' title="bbox 1977 5271 3576 5345; baseline -0.007 -12"><span class='ocrx_word' id='word_1_882' title='bbox 1977 5290 2054 5345; x_wconf 89' lang='lat' dir='ltr'><strong>tu,</strong></span> <span class='ocrx_word' id='word_1_883' title='bbox 2081 5278 2451 5337; x_wconf 82' lang='lat' dir='ltr'><strong>totﬂnctibus,</strong></span> <span class='ocrx_word' id='word_1_884' title='bbox 2477 5283 2618 5328; x_wconf 84' lang='lat' dir='ltr'><strong>tanta</strong></span> <span class='ocrx_word' id='word_1_885' title='bbox 2644 5274 2789 5342; x_wconf 86' lang='lat' dir='ltr'><strong>ipsos</strong></span> <span class='ocrx_word' id='word_1_886' title='bbox 2812 5273 3196 5326; x_wconf 84' lang='lat' dir='ltr'><strong>circumstante</strong></span> <span class='ocrx_word' id='word_1_887' title='bbox 3225 5271 3459 5337; x_wconf 87' lang='lat' dir='ltr'><strong>procella</strong></span> <span class='ocrx_word' id='word_1_888' title='bbox 3485 5310 3497 5330; x_wconf 85' lang='lat'><strong>,</strong></span> <span class='ocrx_word' id='word_1_889' title='bbox 3525 5279 3576 5322; x_wconf 81' lang='lat' dir='ltr'><strong>et</strong></span> 
     </span>
    </p>
   </div>
   <div class='ocr_carea' id='block_1_114' title="bbox 1977 5360 3576 5438">
    <p class='ocr_par' dir='ltr' id='par_1_114' title="bbox 1977 5360 3576 5438">
     <span class='ocr_line' id='line_1_114' title="bbox 1977 5360 3576 5438; baseline -0.007 -13"><span class='ocrx_word' id='word_1_890' title='bbox 1977 5371 2109 5425; x_wconf 88' lang='lat' dir='ltr'><strong>mari</strong></span> <span class='ocrx_word' id='word_1_891' title='bbox 2143 5384 2314 5438; x_wconf 91' lang='lat' dir='ltr'><strong>neque</strong></span> <span class='ocrx_word' id='word_1_892' title='bbox 2341 5368 2424 5421; x_wconf 90' lang='lat' dir='ltr'><strong>vel</strong></span> <span class='ocrx_word' id='word_1_893' title='bbox 2468 5366 2734 5434; x_wconf 88' lang='lat' dir='ltr'><strong>respirare</strong></span> <span class='ocrx_word' id='word_1_894' title='bbox 2774 5363 3118 5433; x_wconf 88' lang='lat' dir='ltr'><strong>permittente</strong></span> <span class='ocrx_word' id='word_1_895' title='bbox 3151 5380 3161 5414; x_wconf 95' lang='lat'>:</span> <span class='ocrx_word' id='word_1_896' title='bbox 3198 5370 3400 5412; x_wconf 78' lang='lat' dir='ltr'><strong>tmttnm</strong></span> <span class='ocrx_word' id='word_1_897' title='bbox 3434 5360 3576 5414; x_wconf 78' lang='lat' dir='ltr'><strong>furc-</strong></span> 
     </span>
    </p>
   </div>
   <div class='ocr_carea' id='block_1_115' title="bbox 1978 5452 3575 5528">
    <p class='ocr_par' dir='ltr' id='par_1_115' title="bbox 1978 5452 3575 5528">
     <span class='ocr_line' id='line_1_115' title="bbox 1978 5452 3575 5528; baseline -0.008 -10"><span class='ocrx_word' id='word_1_898' title='bbox 1978 5465 2070 5518; x_wconf 89' lang='lat' dir='ltr'><strong>bat</strong></span> <span class='ocrx_word' id='word_1_899' title='bbox 2115 5462 2442 5528; x_wconf 89' lang='lat' dir='ltr'><strong>sonabatque</strong></span> <span class='ocrx_word' id='word_1_900' title='bbox 2473 5460 2864 5525; x_wconf 88' lang='lat' dir='ltr'><strong>continuosque</strong></span> <span class='ocrx_word' id='word_1_901' title='bbox 2890 5453 3081 5508; x_wconf 84' lang='lat' dir='ltr'><strong>ﬂuctus</strong></span> <span class='ocrx_word' id='word_1_902' title='bbox 3113 5452 3395 5506; x_wconf 85' lang='lat' dir='ltr'><strong>excitabat.</strong></span> <span class='ocrx_word' id='word_1_903' title='bbox 3426 5452 3575 5506; x_wconf 75' lang='lat' dir='ltr'><strong>Unde</strong></span> 
     </span>
    </p>
   </div>
   <div class='ocr_carea' id='block_1_116' title="bbox 1979 5544 3574 5625">
    <p class='ocr_par' dir='ltr' id='par_1_116' title="bbox 1979 5544 3574 5625">
     <span class='ocr_line' id='line_1_116' title="bbox 1979 5544 3574 5625; baseline -0.008 -16"><span class='ocrx_word' id='word_1_904' title='bbox 1979 5555 2138 5625; x_wconf 81' lang='lat' dir='ltr'><strong>igitur</strong></span> <span class='ocrx_word' id='word_1_905' title='bbox 2181 5563 2323 5607; x_wconf 88' lang='lat' dir='ltr'><strong>tanta</strong></span> <span class='ocrx_word' id='word_1_906' title='bbox 2353 5552 2454 5605; x_wconf 81' lang='lat' dir='ltr'><strong>fuit</strong></span> <span class='ocrx_word' id='word_1_907' title='bbox 2485 5550 2819 5620; x_wconf 84' lang='lat' dir='ltr'><strong>providentia</strong></span> <span class='ocrx_word' id='word_1_908' title='bbox 2869 5562 2990 5616; x_wconf 80' lang='lat' dir='ltr'><strong>erga</strong></span> <span class='ocrx_word' id='word_1_909' title='bbox 3027 5544 3443 5613; x_wconf 74' lang='lat' dir='ltr'><strong>propltetam?A</strong></span> <span class='ocrx_word' id='word_1_910' title='bbox 3483 5544 3574 5597; x_wconf 75' lang='lat' dir='ltr'><strong>Dei</strong></span> 
     </span>
    </p>
   </div>
   <div class='ocr_carea' id='block_1_117' title="bbox 1978 5635 3571 5714">
    <p class='ocr_par' dir='ltr' id='par_1_117' title="bbox 1978 5635 3571 5714">
     <span class='ocr_line' id='line_1_117' title="bbox 1978 5635 3571 5714; baseline -0.011 -13"><span class='ocrx_word' id='word_1_911' title='bbox 1978 5646 2396 5714; x_wconf 86' lang='lat' dir='ltr'><strong>dispensatione.</strong></span> <span class='ocrx_word' id='word_1_912' title='bbox 2453 5643 2660 5696; x_wconf 79' lang='lat' dir='ltr'><strong>Etenim</strong></span> <span class='ocrx_word' id='word_1_913' title='bbox 2711 5640 2809 5692; x_wconf 90' lang='lat' dir='ltr'><strong>hoc</strong></span> <span class='ocrx_word' id='word_1_914' title='bbox 2843 5638 2957 5692; x_wconf 88' lang='lat' dir='ltr'><strong>fieri</strong></span> <span class='ocrx_word' id='word_1_915' title='bbox 3012 5637 3152 5690; x_wconf 90' lang='lat' dir='ltr'><strong>Deus</strong></span> <span class='ocrx_word' id='word_1_916' title='bbox 3197 5635 3571 5704; x_wconf 82' lang='lat' dir='ltr'><strong>permittebat,</strong></span> 
     </span>
    </p>
   </div>
   <div class='ocr_carea' id='block_1_118' title="bbox 1980 5729 3574 5806">
    <p class='ocr_par' dir='ltr' id='par_1_118' title="bbox 1980 5729 3574 5806">
     <span class='ocr_line' id='line_1_118' title="bbox 1980 5729 3574 5806; baseline -0.009 -15"><span class='ocrx_word' id='word_1_917' title='bbox 1980 5735 2294 5806; x_wconf 88' lang='lat' dir='ltr'><strong>prophetam</strong></span> <span class='ocrx_word' id='word_1_918' title='bbox 2316 5733 2395 5787; x_wconf 87' lang='lat' dir='ltr'><strong>vel</strong></span> <span class='ocrx_word' id='word_1_919' title='bbox 2425 5748 2488 5786; x_wconf 82' lang='lat' dir='ltr'><strong>ex</strong></span> <span class='ocrx_word' id='word_1_920' title='bbox 2522 5732 2605 5784; x_wconf 90' lang='lat' dir='ltr'><strong>his</strong></span> <span class='ocrx_word' id='word_1_921' title='bbox 2636 5729 2932 5783; x_wconf 87' lang='lat' dir='ltr'><strong>admonens</strong></span> <span class='ocrx_word' id='word_1_922' title='bbox 2953 5767 2967 5788; x_wconf 92' lang='lat'><strong>,</strong></span> <span class='ocrx_word' id='word_1_923' title='bbox 3002 5737 3059 5780; x_wconf 92' lang='lat' dir='ltr'><strong>ut</strong></span> <span class='ocrx_word' id='word_1_924' title='bbox 3091 5732 3399 5778; x_wconf 84' lang='lat' dir='ltr'><strong>mansuetus</strong></span> <span class='ocrx_word' id='word_1_925' title='bbox 3431 5734 3574 5776; x_wconf 72' lang='lat' dir='ltr'><strong>esset</strong></span> 
     </span>
    </p>
   </div>
   <div class='ocr_carea' id='block_1_119' title="bbox 1983 5813 3576 5896">
    <p class='ocr_par' dir='ltr' id='par_1_119' title="bbox 1983 5813 3576 5896">
     <span class='ocr_line' id='line_1_119' title="bbox 1983 5813 3576 5896; baseline -0.008 -16"><span class='ocrx_word' id='word_1_926' title='bbox 1983 5842 2046 5881; x_wconf 87' lang='lat' dir='ltr'><strong>ac</strong></span> <span class='ocrx_word' id='word_1_927' title='bbox 2072 5827 2250 5895; x_wconf 88' lang='lat' dir='ltr'><strong>mitis,</strong></span> <span class='ocrx_word' id='word_1_928' title='bbox 2281 5824 2429 5896; x_wconf 90' lang='lat' dir='ltr'><strong>quasi</strong></span> <span class='ocrx_word' id='word_1_929' title='bbox 2453 5823 2517 5878; x_wconf 90' lang='lat' dir='ltr'><strong>ad</strong></span> <span class='ocrx_word' id='word_1_930' title='bbox 2547 5839 2667 5879; x_wconf 89' lang='lat' dir='ltr'><strong>eum</strong></span> <span class='ocrx_word' id='word_1_931' title='bbox 2709 5821 2949 5877; x_wconf 84' lang='lat' dir='ltr'><strong>clamans</strong></span> <span class='ocrx_word' id='word_1_932' title='bbox 2974 5863 2989 5887; x_wconf 84' lang='lat'><strong>,</strong></span> <span class='ocrx_word' id='word_1_933' title='bbox 3020 5825 3076 5873; x_wconf 90' lang='lat' dir='ltr'><strong>et</strong></span> <span class='ocrx_word' id='word_1_934' title='bbox 3105 5816 3288 5872; x_wconf 83' lang='lat' dir='ltr'><strong>dicens</strong></span> <span class='ocrx_word' id='word_1_935' title='bbox 3320 5831 3331 5867; x_wconf 89' lang='lat'><strong>:</strong></span> <span class='ocrx_word' id='word_1_936' title='bbox 3363 5813 3576 5868; x_wconf 83' lang='lat' dir='ltr'><strong>hmtare</strong></span> 
     </span>
    </p>
   </div>
  </div>
