4164 6324
637 308 731 362 511

648 451 881 507 nautas,
926 441 1171 505 homines
1222 446 1519 503 insensatos
1572 466 1585 499 :
1640 450 1900 519 siquidem
1952 450 2003 505 hi
2053 468 2224 523 neque

649 546 804 586 unam
832 541 1089 601 spernunt
1113 536 1343 589 animam
1364 578 1379 601 ,
1413 554 1584 607 neque
1611 541 1698 592 uni
1736 552 1823 594 tuo
1855 559 1958 597 non
2001 553 2224 613 parcunt

647 625 888 692 corpori;
917 635 966 679 tu
997 639 1119 680 vero
1142 628 1439 683 universam
1466 632 1649 687 urbem
1676 644 1748 688 tot
1772 636 1930 689 millia
1950 636 2220 691 hominum

649 712 955 781 habentem,
982 727 1236 783 quantum
1267 719 1316 772 in
1348 730 1399 773 te
1427 722 1517 775 fuit
1542 764 1556 787 ,
1580 727 1869 791 exposuisti
1904 748 1914 777 :
1948 738 2002 780 et
2025 728 2073 780 hi
2104 729 2221 797 qui-

649 805 800 869 dem,
844 820 1115 875 comperta
1147 810 1403 864 malorum
1432 828 1647 866 suorum
1670 830 1825 868 causa
1847 857 1860 877 ,
1894 832 1998 871 non
2027 819 2224 886 impetu

651 896 713 947 nil
764 896 1157 955 damnationem
1203 903 1443 965 irrunnt;
1474 913 1527 958 tu
1559 922 1683 959 vero
1709 948 1723 971 ,
1758 908 1807 960 iu
1856 910 2004 963 nullo
2046 912 2225 965 valens

650 986 908 1043 Ninivitas
944 1008 1192 1046 accusare
1216 1034 1229 1055 ,
1253 994 1549 1050 demersisti
1590 1014 1682 1052 eos
1729 1011 1887 1069 atque
1931 1004 2223 1070 perdidisti.

652 1079 726 1131 'l‘u
753 1122 769 1145 ,
808 1098 891 1134 me
936 1084 1278 1150 prmcipiente
1323 1102 1418 1141 eos
1468 1091 1532 1141 ad
1565 1093 1789 1145 salutem
1839 1106 1921 1147 tua
1975 1097 2227 1163 pra'dica-

650 1172 795 1224 tione
822 1187 1069 1226 revocare
1095 1215 1111 1240 ,
1143 1190 1246 1229 non
1280 1182 1499 1245 paruisti
1526 1196 1538 1243 ;
1573 1182 1621 1233 lti
1654 1193 1827 1237 autem
1876 1190 2085 1240 nemine
2129 1204 2225 1241 au-

649 1259 761 1312 dito
791 1261 920 1314 nihil
949 1279 1051 1315 non
1096 1276 1256 1332 agunt
1298 1278 1351 1321 et
1388 1270 1699 1335 moliuntur,
1730 1291 1833 1343 quo
1865 1286 1914 1330 te
1946 1278 2160 1332 noxium
2196 1296 2225 1333 a

651 1349 907 1418 supplicio
937 1365 1206 1407 revocent.
1242 1355 1449 1412 Etenim
1481 1371 1600 1429 post
1631 1364 1797 1431 ipsam
1826 1368 1986 1420 maris
2012 1384 2228 1424 accusa-

654 1440 871 1505 tionem,
906 1452 1023 1509 post
1052 1444 1305 1500 iudicium
1335 1452 1515 1514 sortis,
1546 1467 1664 1506 cum
1694 1456 1960 1513 incusaret
2002 1474 2120 1515 sese
2150 1462 2229 1517 fu-

648 1542 876 1597 gamque
918 1531 1194 1599 fateretur,
1224 1551 1394 1606 neque
1435 1542 1511 1595 sic
1549 1542 1816 1599 irruerunt
1847 1548 1912 1601 ad
1952 1552 2228 1619 prophetat

652 1632 834 1671 necem
860 1661 875 1683 ,
906 1621 999 1675 sed
1044 1624 1346 1681 nitebantur
1376 1638 1533 1699 atque
1570 1636 1745 1689 omnia
1792 1637 2087 1704 faciebant,
2122 1659 2228 1713 quo

648 1722 772 1761 eum
796 1724 969 1779 neque
985 1718 1117 1781 ‘post
1141 1715 1257 1783 ejus
1280 1722 1763 1780 manifestissimam
1795 1730 2003 1800 culpam
2026 1730 2231 1787 violen-

653 1798 738 1851 tize
780 1803 941 1856 maris
990 1818 1341 1875 exponerent.
1374 1809 1479 1868 Sed
1508 1832 1612 1871 non
1662 1798 2000 1887 permittebat
2050 1842 2227 1892 mare,

651 1890 734 1942 vcl
767 1894 940 1989 potius
968 1896 1129 1989 ρρυε,
1159 1900 1311 1955 sicuti
1338 1920 1432 1973 per
1460 1916 1647 1963 nautas
1669 1926 1789 1965 eum
1812 1952 1828 1978 ,
1854 1914 1923 1967 ita
1953 1925 2008 1969 et
2030 1933 2122 1985 per
2144 1890 2231 1973 ce-

654 1987 763 2033 tum
786 1981 851 2035 ad
878 1981 1065 2040 sanum
1094 1991 1375 2046 consilium
1406 1996 1663 2054 reducere
1688 2002 1889 2057 volens.
1918 1981 2045 2059 Nam
2086 2018 2232 2078 post-

651 2087 809 2138 quam
839 2076 1076 2132 auditum
1102 2088 1217 2148 est,
1250 2082 1430 2139 Tollite
1470 2104 1577 2154 me,
1603 2102 1648 2143 et
1668 2094 1846 2147 mittite
1872 2112 1948 2148 me
1974 2097 2025 2149 in
2057 2076 2228 2166 mare,

652 2172 697 2253 et
720 2164 925 2218 cessabit
972 2185 1110 2223 mare
1136 2188 1169 2225 a
1209 2174 1345 2229 vobis
1404 2175 1551 2247 (Jan.
1600 2181 1651 2234 1.
1685 2183 1811 2253 12),
1843 2186 2045 2243 viribus
2071 2164 2231 2245 cana;

652 2252 846 2348 bantur
871 2256 923 2309 in
954 2260 1159 2316 aridam
1191 2266 1438 2334 evadere,
1465 2270 1558 2325 sed
1586 2288 1920 2345 nequaquam
1951 2281 2232 2348 permitte-

652 2343 783 2399 bant
810 2346 1023 2405 ﬂuctus.

723 2437 774 2492 4.
819 2440 897 2495 Tu
946 2454 1160 2513 autem,
1220 2453 1665 2518 quemadmodum
1714 2459 2001 2531 fugientem
2048 2466 2229 2524 vidisti

653 2530 962 2599 prophetam
982 2576 999 2601 ,
1048 2539 1169 2592 audi
1198 2556 1318 2595 eum
1349 2554 1401 2599 et
1427 2530 1861 2608 confitentemex
1894 2556 2231 2617 inferioribus

650 2622 719 2721 de
739 2625 840 2678 ceti
864 2637 1067 2683 ventre.
1104 2629 1237 2687 Illud
1263 2635 1475 2704 quidem
1503 2640 1667 2695 veluti
1709 2642 1872 2699 homo
1914 2663 2100 2716 passus
2124 2662 2226 2721 est,

652 2712 754 2769 hoc
796 2731 926 2772 vero
949 2722 1098 2790 quasi
1144 2726 1401 2795 prepheta
1442 2735 1693 2789 ostendit.
1745 2712 2025 2809 Accipiens
2072 2712 2233 2814 igitur

651 2820 772 2896 eum
800 2824 967 2878 mare,
999 2814 1161 2869 veluti
1204 2818 1257 2872 in
1301 2822 1529 2895 quodam
1557 2841 1773 2886 carcere
1816 2831 1869 2887 in
1910 2837 2012 2891 ceti
2044 2848 2231 2896 ventre

649 2895 911 2965 deposuit,
943 2904 1145 2961 salvum
1196 2908 1420 2968 Domino
1457 2914 1728 2986 fugitivum
1776 2938 1995 2989 servans
2020 2946 2033 2981 :
2062 2945 2232 3001 neque

646 3002 801 3090 acres
827 2994 981 3090 unda:
1014 2999 1366 3070 suscipientes
1410 3008 1828 3081 sull‘ocaverunt,
1874 3033 2047 3090 neque
2079 2994 2231 3079 cetus

650 3080 824 3182 undis.
853 3082 984 3154 ipsis
1011 3090 1187 3144 acrior
1212 3094 1265 3147 in
1294 3108 1478 3153 ventre
1508 3080 1821 3173 oppressit,
1845 3110 1936 3164 sed
1959 3080 2227 3182 servavit,

648 3170 713 3224 ad
747 3172 1041 3247 urbemque
1078 3183 1325 3249 reduxit;
1366 3197 1421 3245 et
1456 3207 1604 3248 mare
1652 3207 1704 3251 et
1748 3170 1898 3256 cetus
1923 3214 2108 3259 contra
2135 3170 2229 3261 na:

650 3272 821 3319 turam
867 3268 1339 3365 obtemperarent,
1372 3297 1479 3352 quo
1513 3300 1610 3355 per
1646 3291 1824 3345 omnia
1857 3294 2113 3365 propheta
2143 3299 2228 3354 in-

646 3366 961 3449 strueretur.
998 3363 1229 3423 Veniens
1280 3371 1441 3441 igitur
1487 3376 1539 3430 in
1579 3378 1869 3449 civitatem,
1911 3363 2227 3443 sententiam

647 3447 793 3547 legit,
812 3452 973 3509 veluti
999 3458 1231 3527 regalem
1259 3465 1559 3535 epistolam,
1584 3485 1770 3539 pmnas
1793 3491 1820 3528 a
1851 3447 1976 3547 rege
2006 3481 2228 3537 indictas

646 3538 929 3639 fidentem,
977 3556 1031 3602 et
1072 3548 1335 3608 clamabat
1379 3555 1562 3614 dicens
1588 3538 1812 3620 Ltd/mc
1858 3538 1957 3623 tres
2004 3570 2130 3639 dies,
2180 3584 2228 3627 et

649 3628 834 3721 Nittive
858 3636 1165 3694 subvertetur
1193 3642 1337 3715 (Jan.
1362 3649 1415 3703 ὅ.
1448 3651 1525 3721 4).

723 3719 1036 3824 ἔξωηιὶιεηιὲιε
1066 3747 1129 3783 ac
1160 3733 1353 3803 jejunii
1381 3740 1453 3792 vis
1485 3719 1695 3812 magna;
1729 3747 2046 3820 abstinentia,
2070 3768 2229 3811 mater

646 3815 898 3869 sanitatis.
930 3848 1002 3861 —-
1031 3822 1331 3881 Audierant
1360 3830 1435 3885 illi
1468 3832 1601 3899 haec,
1639 3853 1813 3908 neque
1852 3858 1955 3898 non
1983 3815 2227 3907 credide-

646 3917 791 3973 runt,
824 3923 996 3999 neque
1024 3915 1407 3988 neglexerunt,
1443 3926 1539 3979 sed
1580 3929 1719 3985 illico
1752 3948 1942 3993 cursus
1988 3943 2226 3999 omnium

648 4009 785 4103 tinus
809 3998 876 4052 ad
896 4000 1179 4071 jejunium,
1210 4009 1443 4067 virorum
1469 4019 1857 4095 mulierumque
1877 4069 1891 4093 ,
1922 4044 2223 4103 servorum,

642 4086 916 4158 berorum,
948 4097 1269 4169 principum,
1298 4106 1652 4181 subditorum,
1686 4086 1937 4184 juvenum
1962 4163 1978 4189 ,
2014 4086 2221 4196 senum:

642 4192 967 4278 puerorum;
991 4204 1163 4260 neque
1188 4194 1630 4261 irrationabilium
1662 4217 1847 4265 natura
1878 4214 2130 4274 immunis
2157 4192 2226 4278 ab

641 4275 1090 4383 :o‘erat‘oflicio:
1122 4283 1316 4383 ubique
1362 4305 1566 4360 saccus,
1610 4298 1803 4370 ubique
1844 4306 2000 4373 cinis,
2032 4275 2225 4383 ubique

641 4358 798 4418 ﬂetus
818 4375 873 4421 et
901 4368 1150 4437 ejulatus.
1202 4376 1333 4433 Nam
1364 4392 1418 4436 et
1447 4358 1563 4454 ipse
1592 4358 1891 4451 diademate

641 4466 817 4540 natus,
848 4474 879 4515 a
906 4465 1070 4533 regali
1100 4468 1430 4529 descendens
1470 4478 1678 4547 throno,
1721 4500 1934 4545 saccum
1964 4465 2065 4549 sibi
2092 4496 2220 4551 sub-

637 4835 1054 4923 saccustpotuit
1112 4855 1125 4891 :
1170 4840 1311 4909 quod
1375 4859 1749 4909 consummare
1803 4835 2047 4918 diadema
2102 4835 2218 4923 non

641 4920 839 4987 valuit,
887 4924 989 4979 hoc
1016 4928 1151 4984 cinis
1180 4932 1419 5002 perfecit.
1464 4939 1627 4997 Vides
1656 4950 1925 5015 quomodo
1975 4954 2114 5011 haud

638 5025 863 5121 vacuum
909 5017 1035 5085 dixi,
1064 5039 1168 5080 non
1212 5025 1492 5097 jejunium,
1543 5038 1637 5092 sed
1680 5040 1988 5101 ebrietatem
2032 5065 2219 5121 crapu-

642 5105 853 5214 iamque
904 5113 1074 5171 timeri
1102 5123 1439 5188 oportuisse?
1473 5128 1603 5183 Nam
1650 5133 1881 5193 ebrietas
1908 5149 1961 5195 et
2002 5105 2216 5214 crapula

638 5201 821 5255 urbem
851 5208 1076 5262 stantem
1104 5219 1406 5283 concussit,
1439 5221 1503 5274 ad
1533 5236 1817 5295 casumque
1848 5242 2032 5288 nutare
2073 5201 2219 5294 eom-

639 5294 805 5393 pulit:
846 5298 1103 5395 jejupium
1149 5316 1418 5365 nutantem
1452 5315 1618 5384 ipsam
1658 5334 2008 5395 casuratnque
2037 5328 2215 5385 firma-

638 5385 728 5437 vit.
772 5390 913 5491 .Cutn
961 5381 1065 5445 hoc
1114 5405 1163 5450 et
1209 5399 1387 5456 Daniel
1433 5405 1643 5464 leonum
1688 5381 1959 5483 ingressus
2008 5421 2211 5491 lacum,

636 5481 784 5547 quasi
833 5500 953 5538 cum
1003 5488 1188 5544 ovibus
1232 5499 1520 5555 mansuetis
1559 5481 1802 5561 versatus
1850 5511 2031 5565 exivit.
2084 5481 2213 5572 Nam

636 5579 922 5674 restitantes
944 5577 1039 5641 ira,
1058 5588 1261 5637 torvum
1282 5588 1721 5665 mortiferumque
1739 5601 2100 5669 respicientes,
2122 5622 2214 5677 apo

601 5704 607 5709 .
639 5673 862 5729 positam
896 5684 999 5723 non
1048 5677 1331 5746 tangebam
1377 5697 1634 5755 mensam,
1668 5690 1761 5746 sed
1805 5692 1916 5761 ipsa
1945 5673 2213 5757 excitante

1426 310 1481 367 S.
1520 311 1797 369 JOANNlS
1835 311 2305 369 CHRYSOSTCMI
2344 313 2657 369 ARClllEP.
2702 315 3227 375 CONSTANTINOP.

3814 321 3918 379 312

2333 445 2516 489 natura
2550 436 2698 507 (nihil
2724 440 2865 493 enim
2889 440 3113 495 ferocius
3143 441 3244 494 illis
3262 440 3490 513 bestiis),
3520 451 3573 499 et
3604 442 3742 497 fame
3768 442 3913 512 (nam

2332 536 2382 580 et
2414 538 2613 593 septem
2661 529 2846 583 diebus
2876 546 2978 584 non
3024 544 3337 600 acceperant
3364 533 3560 603 cibum)
3604 533 3767 587 veluti
3794 548 3920 587 car-

2335 620 2489 672 nilice
2518 621 2743 689 quodam
2801 621 3117 676 intrinsecus
3149 633 3388 693 urgente,
3439 633 3597 692 utque
3644 640 3749 677 non
3798 637 3918 693 pro-

2334 708 2507 778 pheta:
2532 714 2729 764 viscera
2760 713 3127 781 discerperent
3170 715 3430 768 clamante
3460 715 3499 778 ¹,
3547 714 3723 768 cibum
3763 728 3918 768 reve-

2335 800 2419 851 riti
2446 809 2587 853 sunt.
2610 788 2741 854 Cum
2766 802 2865 855 hoc
2882 811 2991 855 tres
3003 802 3151 871 pueri
3172 802 3224 855 in
3244 801 3625 873 Babylonicum
3641 804 3913 858 caminum

2337 892 2559 959 ingressi
2579 931 2593 954 ,
2623 900 2777 959 atque
2808 891 2859 943 in
2894 892 3011 961 igne
3042 892 3206 945 multo
3232 893 3393 945 etiam
3425 900 3665 961 tempore
3693 894 3917 957 versati,

2336 987 2451 1055 igne
2481 985 2594 1052 ipso
2625 982 2903 1053 fulgidiora
2931 1000 3151 1053 corpora
3184 985 3459 1048 habentes,
3500 1000 3700 1054 egresm
3752 995 3917 1039 sunt:

2335 1091 2653 1142 tpiamquuu
2686 1076 2728 1127 si
2762 1090 2881 1127 vere
2912 1076 3045 1142 ignis
3077 1084 3187 1127 erat
3213 1075 3345 1143 ignis
3378 1075 3485 1140 ille,
3514 1077 3786 1144 quomodo
3804 1092 3920 1145 quae

2336 1165 2468 1231 ignis
2496 1175 2619 1216 sunt
2646 1176 2818 1231 partes
2846 1180 2946 1234 non
2987 1165 3275 1231 implebat?
3304 1166 3345 1218 si
3369 1180 3596 1234 corpora
3623 1176 3779 1219 erant
3812 1168 3918 1230 illa,

2336 1256 2601 1324 quomodo
2644 1256 2725 1319 iis,
2750 1232 3234 1323 qua).corporihus
3262 1258 3569 1324 contingere
3610 1272 3919 1312 consueve-

2336 1354 2489 1409 runt,
2526 1361 2628 1397 non
2664 1344 3079 1413 contingebant?
3119 1345 3435 1412 Quomodo?
3468 1347 3730 1415 jejunium
3761 1348 3923 1401 inter-

2335 1453 2494 1506 roga,
2520 1448 2571 1490 et
2612 1436 2983 1505 respondebit,
3037 1438 3237 1505 tibique
3278 1439 3499 1509 :eniguta
3545 1440 3718 1493 solvet
3754 1456 3769 1492 :
3801 1456 3925 1496 tere

2335 1546 2563 1600 namque
2600 1531 2695 1583 fuit
2736 1532 2978 1601 :rnigma.
3008 1532 3216 1587 Etenim
3247 1548 3528 1602 corporum
3579 1543 3770 1588 natura
3802 1549 3922 1588 cum

2336 1632 2521 1675 natura
2569 1623 2703 1690 ignis
2732 1624 2989 1689 certabat,
3015 1639 3407 1693 corporumque
3446 1623 3668 1677 victoria
3722 1626 3919 1678 evenit.

2336 1716 2521 1769 Vidisti
2570 1732 2797 1786 pugnam
2838 1718 3188 1773 admiratione
3234 1718 3485 1787 dignam?
3533 1718 3716 1772 vidisti
3756 1718 3926 1788 magis

2336 1806 2698 1859 admirabilem
2727 1807 3043 1860 victoriam?
3079 1807 3241 1876 Igitur
3262 1807 3520 1876 jejunium
3552 1808 3769 1872 mirare,
3796 1823 3922 1877 pro-

2336 1897 2523 1965 nisque
2556 1898 2798 1951 manibus
2844 1898 3053 1967 suscipe
3082 1915 3095 1949 :
3129 1898 3339 1967 quando
3366 1898 3506 1952 enim
3547 1898 3681 1952 etin
3711 1899 3924 1953 camino

2335 1985 2439 2041 fert
2460 2002 2615 2055 opem
2633 2029 2646 2052 ,
2665 1996 2836 2057 'atque
2866 1990 2915 2040 in
2939 1989 3151 2042 leonum
3182 1988 3556 2043 custodit'lacu
3577 2031 3590 2051 ,
3616 1988 3919 2043 daemones-

2335 2093 2437 2147 que
2485 2079 2661 2145 fugat,
2701 2088 2753 2133 et
2806 2079 2894 2132 Dei
2939 2088 3152 2133 revocat
3176 2080 3525 2143 sententiam,
3567 2080 3925 2149 vitiorumque

2336 2166 2569 2223 furorem
2598 2169 2915 2237 supprimit,
2946 2179 3002 2223 et
3039 2170 3103 2222 ad
3143 2170 3311 2239 ipsam
3342 2185 3438 2225 nos
3465 2169 3675 2224 reducit
3702 2171 3925 2226 liberta-

2338 2269 2471 2325 tem,
2502 2262 2888 2331 plurimumque
2928 2262 2979 2315 in
3022 2261 3218 2315 nostris
3257 2262 3665 2332 cogitationibus
3690 2264 3921 2332 quietem

2336 2354 2603 2419 insinuat;
2630 2354 2898 2424 quomodo
2923 2368 3027 2407 non
3056 2363 3311 2407 extrema:
3332 2353 3490 2407 fuerit
3510 2353 3733 2408 insaniae
3756 2353 3921 2417 illud,

2336 2453 2413 2500 tot
2456 2454 2709 2516 tantaque
2734 2445 2785 2498 in
2817 2445 3065 2498 manibus
3106 2444 3307 2499 habens
3338 2444 3499 2510 bona,
3546 2442 3730 2514 fugere
3760 2452 3817 2498 et
3861 2445 3924 2497 ti-

2335 2537 2522 2593 mere?
2550 2538 2807 2604 Macerat,
2836 2538 3031 2607 inquis,
3059 2550 3253 2607 corpus
3281 2545 3518 2591 nostrum
3549 2535 3924 2606 infirmumque

2334 2630 2578 2684 reddit’.
2629 2630 2732 2685 Sed
2782 2638 3039 2699 quantum
3077 2628 3317 2684 exterior
3353 2628 3515 2683 homo
3541 2628 3923 2697 corrumpitur,

2339 2732 2541 2779 tantum
2571 2724 2791 2778 interior
2838 2724 2998 2777 homo
3033 2735 3320 2779 renovatur
3367 2722 3433 2777 de
3459 2722 3545 2777 die
3587 2724 3641 2777 in
3671 2722 3814 2778 diem
3845 2722 3921 2792 (9..

2336 2816 2457 2873 Cor.
2480 2819 2533 2871 4.
2565 2818 2653 2887 16)
2677 2834 2691 2869 :
2712 2817 2819 2871 imo
2838 2817 2881 2871 si
2904 2832 3015 2871 rem
3044 2817 3349 2887 diligentius
3369 2815 3602 2872 volueris
3629 2815 3848 2883 intueri,
3870 2825 3925 2875 et

2334 2910 2578 2964 sanitatis
2606 2909 2860 2979 bonaeque
2894 2909 3219 2964 habitudinis
3253 2918 3477 2963 matrem
3496 2923 3616 2963 esse
3640 2910 3816 2978 ipsum
3838 2909 3922 2964 in-

2333 3001 2537 3056 venies.
2562 3001 2736 3069 Atque
2776 3000 2819 3053 si
2844 3001 2977 3054 meis
3006 3000 3346 3055 sermonibus
3374 2999 3601 3068 derogas
3632 2998 3816 3064 tidem,
3856 2998 3925 3055 de

2335 3094 2417 3148 his
2436 3092 2672 3147 medicos
2702 3100 3041 3160 percontare,
3089 3090 3294 3161 ipsique
3330 3090 3517 3145 eadem
3546 3089 3639 3145 tibi
3687 3089 3918 3145 manife~

2332 3185 2465 3239 stius
2490 3185 2852 3254 explicabunt,
2884 3185 2977 3255 qui
3012 3184 3384 3238 abstinentiam
3415 3193 3640 3238 matrem
3679 3181 3923 3237 sanitatis

2333 3278 2602 3346 appellant
2632 3294 2645 3330 :
2694 3279 2887 3347 pedum
2929 3282 3058 3332 vero
3086 3277 3319 3341 dolores,
3342 3286 3397 3331 et
3451 3276 3798 3347 gravedinem
3829 3291 3921 3332 ca-

2333 3369 2850 3437 pitis,ap0plexiam,
2906 3368 3190 3435 vomicam,
3237 3367 3589 3439 hydropisim,
3622 3368 3921 3422 inﬂamma-

2336 3461 2505 3515 tiones
2531 3475 2593 3514 ac
2623 3470 2880 3523 tumores,
2912 3460 3161 3529 milleque
3189 3460 3494 3513 morborum
3541 3459 3771 3513 aliorum
3813 3469 3922 3513 torb

2332 3560 2531 3616 rentes,
2564 3567 2594 3605 a
2622 3551 2861 3605 delicatis
2891 3551 3022 3605 cibis
3051 3553 3371 3619 crapulaque
3400 3551 3685 3620 provenire
3710 3550 3917 3617 dicunt,

2332 3643 2482 3711 quasi
2510 3656 2539 3694 a
2567 3642 2796 3710 pessimo
2818 3642 3047 3712 quodam
3075 3640 3219 3695 fonte
3249 3656 3440 3710 pravos
3464 3641 3691 3708 rivulos,
3724 3640 3917 3695 bonam

2331 3733 2572 3803 corporis
2640 3732 3044 3801 habitudinem,
3097 3741 3151 3788 et
3196 3732 3389 3787 anima:
3441 3746 3626 3787 sanam
3681 3737 3917 3789 mentem

2330 3825 2608 3880 ltedentes.

2402 3918 2455 3972 5.
2488 3918 2566 3973 Ne
2592 3918 2750 3987 igitur
2772 3917 3034 3988 jejunium
3061 3917 3342 3973 timeamus
3364 3958 3378 3983 ,
3407 3926 3530 3972 tota
3560 3916 3717 3972 nobis
3737 3916 3917 3972 exclu‘

2330 4009 2464 4064 dens
2485 4010 2644 4064 mala.
2677 4008 2859 4079 Neque
2883 4009 3025 4063 enim
3049 4024 3147 4078 ego
3172 4024 3266 4063 vos
3287 4009 3403 4063 sine
3432 4022 3589 4063 causa
3610 4007 3663 4062 id
3682 4022 3911 4074 moueo,

2330 4101 2425 4156 sed
2455 4101 2706 4173 quoniam
2729 4101 2944 4170 quidem
2973 4101 3231 4171 plurimos
3260 4100 3419 4156 video
3465 4100 3714 4155 homines
3752 4101 3915 4172 pigri-

2329 4204 2502 4250 tantes
2522 4205 2577 4251 et
2596 4195 2960 4251 detrectantes
2984 4210 3088 4249 non
3120 4209 3278 4249 secus
3303 4208 3367 4249 ac
3395 4195 3439 4249 si
3459 4194 3690 4249 horridae
3707 4195 3914 4250 cuidam

2328 4286 2537 4341 mulieri
2560 4284 2719 4339 dandi
2748 4286 2803 4339 in
2832 4298 3018 4339 manus
3046 4282 3241 4349 forent,
3266 4283 3529 4339 ebrietate
3550 4284 3711 4339 hodie
3730 4299 3917 4355 crapu-

2329 4377 2487 4447 laque
2512 4376 2717 4447 seipsos
2761 4386 3188 4447 corrumpentes,
3220 4376 3341 4431 ideo
3370 4391 3561 4432 moneo
3591 4392 3658 4431 ne
3687 4378 3808 4447 quis
3836 4376 3919 4432 fu-

2329 4480 2501 4526 turam
2530 4486 2557 4525 a
2584 4470 2790 4541 jejunio
2828 4470 3111 4525 utilitatem
3138 4470 3258 4540 gula
3297 4470 3636 4540 ingluvieque
3662 4469 3912 4540 perimat.

2325 4562 2457 4617 Nam
2488 4562 2577 4631 qui
2599 4550 2861 4616 stomachi
2893 4562 3019 4615 vitio
3046 4562 3197 4615 cibos
3222 4559 3522 4626 fastidiunt,
3545 4575 3666 4615 cum
3692 4576 3915 4632 asperas

2325 4665 2447 4711 sunt
2470 4654 2763 4709 medicinas
2786 4652 3080 4723 accepturi,
3106 4654 3151 4706 si
3175 4652 3338 4707 nimia
3367 4666 3488 4707 sese
3503 4666 3624 4707 esca
3645 4652 3914 4723 repleam,

2325 4752 2484 4814 atque
2520 4744 2597 4798 sic
2621 4743 2936 4797 medicinam
2986 4741 3650 4813 accipiant,acerbitatem
3696 4744 3914 4814 quidem

2326 4835 2469 4890 illam
2503 4834 2866 4903 pertulerunt,
2899 4834 3126 4889 utilitate
3172 4818 3298 4888 vero
3325 4834 3682 4899 exciderunt,
3733 4851 3914 4892 reme-

2324 4928 2413 4984 dio
2452 4927 2809 4983 difficiliorem
2854 4928 3110 4983 adversus
3162 4941 3355 4997 pravos
3383 4927 3636 4982 humores
3679 4942 3914 4998 pugnam

2324 5028 2591 5090 parantes.
2625 5019 2985 5087 Quamobrem
3012 5019 3202 5074 medici
3230 5033 3326 5073 eos
3355 5019 3649 5073 incmnatos
3673 5016 3915 5075 dormire

2317 5115 2538 5185 jubent,
2567 5130 2674 5185 quo
2701 5114 2867 5168 virtus
2898 5114 3057 5167 totius
3097 5112 3375 5167 medicina:
3420 5111 3600 5165 statim
3644 5114 3911 5169 morbosis

2322 5216 2567 5263 occurrat
2595 5205 2925 5259 humoribus.
2967 5205 3054 5259 Sic
3082 5213 3135 5259 et
3159 5204 3363 5272 jejunio
3391 5203 3685 5273 contingit:
3725 5204 3771 5259 si
3828 5216 3908 5261 te-

2325 5296 2495 5367 ipsum
2527 5297 2687 5350 hodie
2718 5296 2879 5348 multa
2906 5295 3148 5348 obruet-is
3176 5294 3434 5349 ebrietate
3453 5335 3468 5359 ,
3500 5294 3731 5349 crastina
3785 5311 3905 5351 vero

2321 5403 2439 5443 eam
2470 5387 2743 5457 acceperis
2769 5385 3083 5440 medicinam
3105 5427 3120 5452 ,
3148 5384 3284 5439 hanc
3314 5384 3407 5440 tibi
3433 5382 3676 5454 profecto
3716 5400 3900 5440 vanam

2385 5592 2401 5624 ι
2436 5592 2509 5640 sic
2537 5588 2679 5639 savii.
2705 5596 2757 5639 et
2800 5602 2926 5637 unus
2965 5596 3080 5649 Reg.
3116 5585 3279 5637 Morel.
3304 5600 3442 5645 vero,
3479 5592 3623 5649 utque
3661 5586 3897 5650 prophetia

2321 5653 2501 5705 τίει-ενα
2522 5653 2847 5713 discerperent
2871 5651 3122 5713 clamante.

2385 5718 2405 5747 ⁸
2438 5722 2619 5766 δειγμει
2646 5707 2770 5764 unus
2795 5719 2930 5776 Reg,
2952 5718 3087 5774 urget
3106 5707 3427 5772 inﬁrmitatem
3444 5709 3832 5775 corporisnostri.
