4164 6324
240 395 337 453 3H

240 515 400 583 εἴπερ
423 501 604 563 οὗτοι“
630 503 730 579 μέν
784 504 905 560 ούδέ
946 509 1076 576 μιᾶς
1116 498 1518 572 καταφρονοῦσι
1569 497 1770 568 ψυχῆς,
1800 492 1923 583 οὑδέ

246 581 377 661 ἑοὺς-
397 596 673 664 ἀφειδοῦσι
711 594 960 664 σώματος
993 591 1086 646 τοῦ
1111 589 1206 645 σοῦ
1225 607 1240 622 ·
1269 589 1336 641 σὺ
1370 589 1428 640 δὲ
1454 587 1748 656 ὀλόκληρον
1771 581 1925 635 πόλιν

241 687 512 748 τοσαύτας
555 683 1078 756 ἔχο·.›σαν.μυριάδας
1104 681 1374 746 ἐξέδωκας
1414 677 1475 730 τό
1511 694 1572 745 γε
1596 675 1687 728 σὺν
1721 671 1884 743 μέρος
1907 685 1922 702 ·

245 772 338 826 καὶ⁵
362 773 516 841 αὑτοὶ
552 772 652 842 μὲν
688 771 780 822 τὸν
817 769 991 823 αἴτιον
1024 769 1132 822 τῶν
1178 765 1564 836 γεγενημένων
1607 761 1794 820 αὑτοῖς
1822 775 1926 810 κα-

244 859 360 914 κῶν
404 859 676 930 εὑρόντες,
699 858 819 912 οὑδέ
867 855 1042 920 οὕτως
1079 854 1323 928 ὁρμῶσιν
1359 854 1453 906 ἐπὶ
1484 852 1586 920 τὴν
1624 845 1926 902 καταδικά-

242 946 445 1010 ζουσαν
472 947 653 1018 ψῆφον
675 963 690 976 ·
709 948 774 1000 σὺ
802 947 859 1000 δέ
881 946 1033 999 οὑδέν
1054 945 1192 1014 ἔχων
1215 941 1466 1010 ἐγκαλεῖν
1482 940 1596 1001 τοῖς
1619 936 1929 997 Νινευῖταις

244 1035 545 1097 κατέδυσας
576 1036 774 1098 αὐτοὺς
812 1035 904 1089 καὶ
935 1033 1246 1094 ἀπώλεσας.
1277 1030 1388 1084 Καὶ
1414 1031 1477 1082 σὺ
1511 1028 1629 1098 μέν,
1656 1023 1791 1094 ἐμοῦ
1837 1039 1931 1074 κε-

243 1121 536 1183 λεύσαντος
575 1123 821 1185 ἀπιέναι,
856 1123 952 1176 καὶ
987 1122 1123 1192 πρὸς
1169 1116 1447 1190 σωτηρίαν
1491 1115 1689 1176 αὐτοὺς
1721 1114 1928 1166 ἀνακαο

244 1209 454 1262 λεῖσθαι
487 1211 575 1263 διὰ
607 1211 704 1264 τοῦ
736 1210 1111 1281 κηρύγματος,
1137 1208 1238 1278 οὐχ
1289 1207 1636 1276 ὑπήκουσας·
1673 1194 1819 1255 οὗτοι
1871 1199 1927 1251 δὲ

244 1298 460 1360 οὐδενὸς
487 1297 642 1370 [514]
666 1299 1018 1362 ἀκούσαντες,
1058 1298 1236 1350 πάντα
1275 1293 1507 1356 ποιοῦσι,
1531 1291 1629 1345 καὶ
1660 1305 1927 1360 πραγμα-

242 1389 520 1455 ⁴ιἐύονται,
555 1387 697 1440 ὥστε
733 1404 791 1440 σε
818 1387 909 1440 τὸν
936 1387 1238 1440 ὑπεύθυνον
1267 1379 1562 1454 γενόμενον
1599 1378 1871 1449 τιμωρίας
1902 1385 1927 1414 ⁸

244 1474 711 1529 ἀνακαλέσασθαι.
731 1478 838 1530 Καὶ
860 1475 970 1546 γάρ
1000 1476 1093 1528 καὶ
1118 1473 1257 1544 μετά
1277 1472 1376 1542 τὴν
1395 1471 1504 1524 ἀπὸ
1532 1469 1631 1538 τῆς
1660 1465 1929 1532 Θαλάττης

245 1563 620 1633 κατηγορίαν,
656 1565 794 1632 μετά
823 1564 922 1634 τήν
961 1562 1235 1626 ἀπόδειξιν
1278 1561 1378 1630 τὴν
1422 1559 1509 1612 διὰ
1554 1555 1646 1609 τοῦ
1701 1554 1928 1624 κλήρου,

244 1649 334 1702 ὅτε
353 1652 514 1715 αὐτὸς
537 1652 735 1704 ἐαυτοῦ
752 1653 1120 1724 κατηγόρησε,
1137 1652 1232 1705 καὶ
1253 1652 1350 1722 τὴν
1381 1650 1559 1720 φυγὴν
1588 1645 1927 1717 ὡμολόγησεν

244 1737 368 1790 οὐδὲ
406 1738 580 1802 οὕτως
611 1739 879 1812 ὥρμησαν
913 1742 1003 1794 ἐπί
1042 1741 1142 1813 τὴν
1177 1740 1456 1794 ἀπώλειαν
1498 1737 1590 1790 τοῦ
1628 1734 1929 1807 προφήτου,

245 1824 387 1878 ἀλλά
433 1828 646 1896 ηνεῖχον
691 1829 783 1881 καὶ
819 1827 1097 1892 ἐϐιάζοντο
1143 1829 1236 1882 καὶ
1285 1829 1463 1881 πάντα
1501 1825 1738 1886 ἐποίουν,
1789 1820 1928 1873 ὥστε

246 1913 418 1966 αὐτόν
454 1914 588 1984 μηδὲ
646 1915 787 1986 μετά
833 1916 1105 1985 τοσαύτην
1138 1913 1412 1978 ἀπόδειξιν
1451 1912 1700 1966 ἐκδοῦναι
1732 1911 1798 1980 τῇ
1831 1907 1931 1976 τῆς

247 1999 525 2072 θαλάττης
563 2005 728 2073 ὁρμῇ.
781 2003 922 2056 Ἀλλ’
951 2005 1054 2058 οὑκ
1085 2003 1387 2074 ἐπέτρεπεν
1416 2000 1537 2055 οὐδὲ
1567 1997 1740 2060 οὓτως
1766 1998 1800 2066 ἡ
1841 1995 1936 2049 Θά-

249 2089 423 2142 λαττα
448 2107 462 2120 ο
505 2091 706 2160 μᾶλλον
755 2093 812 2144 δέ
848 2094 876 2144 6
923 2092 1056 2155 Θεὸς
1093 2092 1194 2145 οὑκ
1240 2089 1426 2160 ήφίει,
1465 2087 1654 2158 ῶσπερ
1705 2084 1794 2138 διὰ
1826 2082 1936 2138 τῶν

247 2176 487 2242 ναυτῶν,
515 2178 658 2235 οὕτω
685 2181 778 2232 καὶ
796 2179 883 2232 διὰ
902 2165 996 2232 τοῦ
1025 2180 1228 2246 κήτους
1254 2177 1417 2231 αὑτὸν
1447 2174 1782 2244 σωφρονίσαι
1815 2171 1938 2240 βου-

247 2263 499 2332 λόμενος.
543 2267 652 2318 Καὶ
676 2267 786 2338 γάρ
822 2267 959 2335 μετά
987 2267 1049 2320 τὸ
1088 2266 1343 2328 ἀκοῦσαι,
1382 2260 1585 2332 ’Δρατέ
1617 2278 1694 2330 με
1723 2259 1823 2314 καὶ
1845 2251 1939 2327 ἐμ-

250 2351 468 2406 ϐάλετε
493 2356 582 2419 είς
606 2354 723 2422 τὴν
744 2354 1064 2418 θάλατταν,
1085 2355 1183 2408 καὶ
1205 2352 1463 2407 κοπάσει
1485 2354 1521 2419 ἡ
1547 2349 1813 2403 θάλαττα
1834 2348 1936 2416 ἀφ’

249 2437 446 2506 ὑμῶν,
494 2442 891 2511 παρεϐιάζοντο
935 2445 1016 2506 είς
1057 2441 1158 2514 τὴν
1207 2442 1312 2512 γῆν
1352 2439 1610 2494 ἀπελθεῖν
1639 2477 1653 2502 ,
1683 2434 1822 2492 ἀλλά
1870 2434 1939 2487 τὰ

251 2526 482 2596 κύματα
521 2529 623 2581 οὑκ
652 2529 944 2600 ἐπέτρεπε.

327 2613 390 2666 δ’.
415 2615 486 2667 Σὺ
502 2615 580 2678 δὲ,
600 2615 786 2687 ῶσπερ
811 2612 948 2681 εἶδες
973 2617 1064 2670 τὸν
1086 2617 1370 2689 προφήτην
1394 2613 1686 2684 φεύγοντα,
1711 2612 1941 2665 ἄκουσον

255 2700 425 2754 αὑτοῦ
469 2703 562 2754 καὶ
611 2701 1101 2773 ἐξομολογουμένου
1147 2701 1394 2757 κάτωθεν
1439 2701 1546 2755 ἀπὸ
1575 2701 1672 2771 τῆς
1707 2697 1944 2768 γαστρὸς

254 2787 355 2841 τοῦ
391 2788 609 2858 θηρίου·
631 2790 808 2842 ἐκεῖνο
840 2791 938 2859 μὲν
969 2790 1078 2862 7&9
1112 2789 1315 2843 ἔπαθεν
1345 2789 1418 2852 ὡς
1457 2789 1763 2858 ἄνθρωπος,
1785 2785 1944 2836 τοῦτο

257 2875 319 2929 δὲ
355 2874 432 2938 ὡς
482 2878 767 2947 προφήτης
810 2877 1142 2943 ἐπεδείξατο.
1194 2876 1448 2931 Λαϐοῦσα
1489 2875 1668 2929 τοίνυν
1717 2873 1881 2928 αὑτὸν
1909 2873 1942 2940 ἡ

259 2961 528 3028 θάλαττα,
557 2963 808 3034 καθάπερ
857 2967 915 3016 ἐν
955 2964 1314 3035 δεσμωτηρίῳ
1357 2965 1463 3017 τινὶ
1512 2967 1577 3034 τῇ
1610 2963 1809 3033 γαστρὶ
1853 2960 1945 3014 τοῦ

261 3053 470 3121 κήτους
503 3051 824 3111 ἐναπέθετο.
855 3052 992 3105 σῶον
1042 3051 1120 3123 τῷ
1169 3053 1416 3122 Δεσπότῃ
1463 3051 1809 3120 φυλάττουσα
1856 3051 1947 3103 τὸν

262 3140 516 3208 φυγάδα’
549 3141 643 3193 καὶ
667 3141 790 3194 οὔτε
837 3141 1060 3210 κύματα
1104 3142 1272 3211 ἄγρια
1317 3141 1549 3193 λαϐόντα
1601 3140 1905 3205 ἀπέπνιξαν
1934 3180 1948 3202 ,

261 3228 392 3281 οὔτε
417 3230 580 3299 κῆτος
610 3231 871 3300 κυμάτων
903 3229 1242 3300 ἀγριώτερον
1272 3228 1672 3299 ὑποδεξάμενον
1705 3228 1870 3281 αὐτὴν
1893 3229 1949 3280 ἐν

265 3315 452 3387 κοιλίᾳ
501 3317 836 3388 διέφθειρεν,
881 3318 1020 3370 ἀλλά
1065 3318 1290 3370 διέσωσε
1334 3320 1429 3371 καὶ
1468 3318 1607 3389 πρὸς
1645 3317 1747 3386 τὴν
1800 3316 1954 3368 πόλιν

266 3404 589 3474 ἐπανήγαγε
605 3419 618 3432 ⁸
653 3407 746 3457 καὶ
772 3404 1012 3457 θάλαττα
1042 3404 1136 3457 καὶ
1161 3406 1324 3476 κῆτος
1350 3405 1500 3475 παρά
1525 3403 1686 3472 φύσιν
1713 3405 1956 3474 ὑπήκου-

269 3508 397 3555 σαν,
435 3491 522 3544 ἴνα
567 3491 658 3544 διὰ
710 3493 927 3546 πάντων
962 3494 990 3545 6
1028 3495 1316 3564 προφήτης
1367 3492 1712 3563 παιδεύηται.
1753 3489 1956 3545 Ἐλθὼν

265 3580 457 3633 τοίνυν
479 3582 558 3643 εἰς
578 3580 674 3650 τὴν
707 3581 859 3635 πόλιν
893 3582 1104 3650 ἀνέγνω
1129 3581 1226 3653 τὴν
1252 3581 1811 3652 ἀπόφασιν,καθάπερ
1840 3583 1961 3633 ἐπι-

271 3667 474 3735 στολὴν
509 3666 792 3739 βασιλικήν
850 3669 1071 3722 κόλασιν
1126 3670 1377 3740 ἔχουσαν,
1424 3669 1517 3723 καὶ
1569 3668 1698 3721 ἐϐόα
1732 3668 1908 3736 λέγων
1941 3684 1956 3700 ο

274 3756 413 3809 Ἔτι
438 3755 595 3822 τρεῖς
619 3755 850 3824 ἡμέρας.
885 3759 983 3810 καὶ
1018 3759 1224 3810 Νινευῖ
1264 3757 1851 3827 πωπω-τραφήσεται.

351 3842 630 3894 Ἤκουσαν
664 3842 815 3894 ταῦτ’
844 3846 1063 3907 ἐκεῖνοι,
1091 3845 1150 3897 οὐ
1175 3837 1558 3916 διηπίστησαν,
1592 3847 1650 3900 οὑ
1687 3846 1961 3919 κατεφρό-

274 3945 474 3998 νησαν.
494 3929 608 3982 ἀλλ’
633 3929 834 3994 εὐθέως
853 3931 1052 4003 δρόμος
1073 3934 1326 3987 ἀπάντων
1343 3929 1421 3998 εἷς
1443 3937 1534 3988 ἐπὶ
1559 3935 1656 4005 τὴν
1687 3937 1963 4005 νηστείαν.

277 4017 512 4086 ἀνδρῶν,
544 4017 835 4084 γυναικῶν.
853 4019 1076 4084 δούλων,
1094 4021 1392 4083 δεσποτῶν,
1414 4025 1712 4095 ἀρχόντων,
1729 4025 1967 4096 ἀρχομέ-

279 4119 415 4166 νων,
432 4104 677 4168 παιδίων,
693 4107 1081 4181 πρεσϐυτέρων
1097 4127 1110 4140 ·
1131 4110 1238 4163 οὐδ’
1255 4111 1287 4180 ἡ
1306 4109 1414 4163 τῶν
1438 4111 1648 4178 ἀλόγων
1667 4111 1828 4179 φύσις
1838 4111 1970 4164 ταύ-

281 4208 387 4262 της
406 4192 601 4263 ἀτελής
617 4189 684 4265 ἦν
708 4196 805 4266 τῆς
829 4196 1169 4266 λειτουργίας
1189 4215 1202 4227 °
1227 4200 1501 4270 πανταχοῦ
1523 4201 1746 4262 σάκκος,
1765 4217 1970 4254 παντα-

281 4279 384 4352 χοῦ
413 4279 627 4344 σποδὸς,
667 4284 938 4354 πανταχοῦ
960 4283 1158 4355 θρῆνος
1185 4287 1280 4340 καὶ
1305 4287 1520 4358 οἰμωγή
1548 4290 1593 4342 δ.
1616 4288 1724 4341 Καὶ
1753 4289 1859 4360 γᾲρ
1879 4290 1973 4343 καὶ

283 4366 454 4440 αὐτὸς
471 4369 500 4420 6
530 4369 592 4422 τὸ
618 4369 851 4442 διάδημα
875 4373 1274 4444 περικείμενος,
1289 4375 1396 4429 ἀπὸ
1410 4376 1501 4429 τοῦ
1524 4377 1714 4446 θρόνου
1733 4377 1974 4442 καταϐάς

291 4454 384 4509 τοῦ
417 4455 722 4526 βασιλικοῦ,
743 4452 946 4514 σάκκον
968 4462 1379 4534 ὑπεστρώσατο,
1395 4466 1588 4520 σποῶν
1605 4467 1972 4533 κατεπάσατο,

291 4543 391 4596 καὶ
417 4543 560 4598 οὕτω
582 4544 680 4618 τὴν
709 4547 863 4600 πόλιν
884 4547 1159 4621 ἐξήρπασε
1180 4551 1287 4604 τῶν
1311 4553 1569 4607 κινδύνων
1590 4571 1604 4587 ο
1631 4555 1727 4608 καὶ
1753 4549 1822 4626 ἦν
1849 4555 1976 4609 ίδεῖν

296 4633 535 4703 πρᾶγμα
563 4633 866 4704 παράδοξον
895 4637 1000 4689 ὑπὸ
1047 4638 1254 4692 σάκκου
1301 4642 1612 4712 πορφυρίδα
1655 4642 1980 4714 παρευδοκι-

300 4719 585 4790 μηθεῖσαν.
609 4723 786 4795 Ὅπερ
815 4727 922 4796 7&9
950 4727 1050 4779 οὑκ
1077 4727 1296 4798 ἴσχυσεν
1330 4729 1604 4801 ἁλουργὶς,
1642 4731 1802 4785 τοῦτο
1826 4731 1980 4802 ἰσχυ-

298 4824 395 4858 σεν
431 4809 461 4860 6
489 4809 693 4874 σάκκος
717 4827 730 4840 °
750 4813 884 4884 ὅπερ
912 4814 1012 4875 οὐκ
1033 4815 1197 4886 ἦνυσε
1223 4817 1284 4869 τὸ
1302 4817 1557 4888 διάδημα,
1583 4820 1744 4873 τοῦτο
1764 4821 1980 4891 κατώρ-

302 4892 526 4965 ίτωσενή
550 4899 760 4962 σποδός.
789 4900 949 4971 Ὁρᾷς
967 4903 1042 4966 ὡς
1065 4903 1124 4955 ού
1154 4904 1332 4974 μάτην
1355 4900 1507 4958 εἷπον
1522 4908 1680 4960 ὅτιού
1707 4909 1980 4976 νηστείαν,

299 4981 444 5034 ἀλλὰ
483 4983 657 5056 μέθην
710 4989 803 5040 καὶ
858 4989 1168 5060 ἀδηφαγίαν
1209 4993 1505 5047 δεδοικέναι
1557 4997 1693 5067 χρή;
1765 4996 1830 5049 Ἢ
1884 4997 1984 5067 μὲν

302 5070 418 5140 γάρ
448 5072 585 5142 μέθη
621 5076 715 5127 καὶ
736 5077 1014 5146 ἀδηφαγία
1046 5079 1144 5151 τὴν
1178 5081 1330 5133 πόλιν
1356 5083 1598 5136 ἑστῶσαν
1619 5085 1984 5148 διέσεισε,καὶ

305 5158 636 5213 καταϐαλεῖν
664 5162 918 5234 ἔμελλεν·
965 5168 995 5237 η
1029 5168 1086 5220 δὲ
1141 5169 1361 5238 νηστεία
1415 5173 1782 5242 σαλευομένην
1817 5173 1987 5244 αὐτὴν

306 5247 405 5298 καὶ
437 5247 736 5316 μέλλουσαν
761 5255 1126 5310 καταπίπτειν
1156 5257 1372 5328 ἔστησε.
1405 5261 1561 5314 Μετά
1604 5260 1807 5331 ταύτης
1835 5262 1928 5314 καὶ
1959 5263 1986 5314 ὁ

307 5333 512 5404 Δανιὴλ
551 5339 632 5400 εἰς
673 5338 873 5395 λάκκον
908 5342 1138 5398 λεόντων
1174 5346 1462 5408 εἰσελθὼν,
1495 5348 1748 5419 καθάπερ
1788 5349 1990 5419 προϐά-

310 5435 429 5484 τοις
465 5422 688 5494 ἡμέροις
722 5431 1136 5501 συγγενόμενος,
1175 5433 1348 5497 οὑτως
1400 5435 1568 5506 ἐξῄει.
1607 5436 1716 5490 Καὶ
1756 5436 1864 5506 γὰρ
1897 5437 1990 5489 καὶ

313 5509 396 5582 τῷ
439 5511 595 5582 θυμῷ
627 5513 864 5580 ζέοντες,
895 5520 990 5572 καὶ
1025 5521 1206 5589 φόνιον
1237 5522 1545 5594 βλέποντες,
1569 5525 1670 5596 τῆς
1711 5524 1992 5596 τραπέζης

353 5684 409 5760 ,⁸
435 5685 884 5764 »ξρτβιιτιιιωρίαςκ
914 5690 1052 5742 L'nus
1085 5705 1178 5746 ms.
1219 5695 1342 5762 Reg.
1369 5706 1419 5748 el
1445 5697 1572 5749 ειη-ιι
1596 5697 1644 5747 in
1673 5700 1810 5744 textu
1836 5712 1988 5759 τιμω-

319 5764 444 5815 ριαν,
464 5761 688 5815 ιῃ-ιιιοιιες.
712 5761 933 5815 τιμωρίᾳ.

383 5809 410 5848 ι’
432 5809 529 5861 ΔίῘὶ
563 5809 720 5876 θρῆνοι
744 5809 822 5862 καὶ
843 5809 1063 5876 οἰμωγαί.

1483 380 1573 435 DE
1615 370 2084 432 ΡίΕΝιΤΕΝΤΙΑ.
2127 370 2360 428 ΗΟΜΙΙ..
2406 373 2474 430 ν,

3601 362 3708 419 512

2028 490 2420 560 περικειμένης
2443 487 2542 559 οὑχ
2569 488 2826 560 ἣπτοντο,
2854 485 2992 542 ἀλλά
3023 487 3118 541 καὶ
3151 488 3253 558 τῆς
3293 485 3509 555 φύσεως
3539 482 3714 556 αὐτῆς

2027 577 2398 649 διεγειρούσης
2433 577 2606 648 (οὐδὲν
2651 578 2760 650 7&9
2806 575 3144 648 ἀγριώτερον
3180 575 3406 628 ἐκείνων
3456 573 3566 625 τῶν
3608 573 3710 645 θη-

2029 664 2183 736 ρίων)
2213 666 2306 719 καὶ
2335 666 2429 718 τοῦ
2461 665 2619 737 λιμοῦ
2645 666 2761 734 (καὶ¹
2789 665 2899 737 7&9
2941 664 3082 718 ἐτιτά
3116 663 3329 734 ἡμέρας
3355 661 3416 713 ού
3451 660 3716 731 μετέσχον

2026 755 2280 826 τροφῆς),
2305 755 2556 825 καθάπερ
2599 754 2794 824 δημίου
2828 754 2973 816 τινὸς
2998 752 3209 806 ἔνδοθεν
3241 751 3552 819 καθημένου
3572 790 3584 811 ,
3621 748 3715 805 καὶ

2027 840 2134 893 τῶν
2161 842 2402 908 λαγόνων
2441 842 2514 912 μὴ
2546 841 2819 895 ἅπτεσθαι
2847 852 2868 880 ο
2906 840 3138 910 βοῶντος
3183 839 3292 892 τῶν
3335 835 3717 907 προφητικῶν,

2028 928 2336 998 ᾐδέσθησαν
2381 930 2479 999 τήν
2523 930 2750 999 τροφήν.
2785 927 2944 982 Μετά
2985 927 3187 994 ταύτης
3231 926 3326 978 καὶ
3362 926 3410 977 οί
3447 924 3637 986 παῖδες
3672 926 3719 976 οἱ

2027 1020 2178 1085 τρεῖς
2223 1016 2372 1087 [515]
2415 1020 2493 1082 είς
2531 1016 2629 1087 τὴν
2671 1015 3018 1069 Βαϐυλωνίαν
3071 1015 3302 1083 κάμινον
3361 1011 3718 1075 εἰσελθόντες,

2031 1105 2124 1156 καὶ
2151 1104 2316 1156 πολὺν
2350 1117 2541 1175 χρόνον
2587 1104 2948 1175 ὁμιλήσαντες
2977 1102 3055 1171 τῷ
3103 1102 3257 1171 πυρὶ,
3291 1099 3456 1152 αὑτοῦ
3490 1099 3581 1151 τοῦ
3620 1117 3724 1151 πυ-

2033 1192 2125 1262 ρὸς
2169 1191 2525 1263 λαμπρότερα
2571 1192 2786 1261 ἔχοντες
2833 1191 2902 1242 τά
2945 1189 3192 1258 σώματα,
3221 1189 3327 1240 ἀπὸ
3359 1190 3455 1255 τῆς
3487 1188 3722 1256 καμίνου

2033 1280 2153 1331 τότε
2189 1280 2417 1350 ἐξῄεσαν
2449 1296 2463 1310 ο
2495 1279 2672 1332 καίτοι
2703 1296 2768 1348 γε
2794 1280 2842 1331 εἰ
2873 1277 2983 1347 πῦρ
3003 1272 3072 1347 ἦν
3104 1278 3278 1328 ἐκεῖνο
3306 1276 3474 1337 ὅντως
3500 1275 3561 1326 τὸ
3587 1273 3722 1341 πῦρ,

2035 1362 2152 1426 πῶς
2178 1364 2276 1417 οὑκ
2316 1363 2488 1416 ἐποίει
2517 1364 2586 1415 τά
2622 1361 2716 1416 τοῦ
2745 1363 2916 1433 πυρός
2945 1378 2959 1422 ;
2991 1363 3039 1413 εἰ
3084 1359 3312 1430 σώματα
3342 1356 3408 1430 ἦν
3443 1362 3624 1411 ἐκεῖνα
3654 1356 3726 1410 τὰ

2037 1449 2286 1521 σώματα,
2313 1451 2429 1514 πῶς
2460 1450 2527 1503 τά
2555 1449 2664 1503 τῶν
2702 1450 2972 1520 σωμάτων
3005 1448 3105 1501 οὐκ
3133 1448 3376 1516 ἐπασχες
3404 1444 3562 1508 ῐΙῶςς
3592 1444 3730 1512 ἐρὼο

2031 1555 2197 1609 τησον
2229 1539 2329 1608 τὴν
2363 1538 2635 1605 νηστείαν,
2663 1537 2755 1590 καὶ
2798 1535 3179 1606 ἀποκρινεῖταί
3209 1553 3313 1598 σοι,
3336 1535 3430 1587 καὶ
3463 1533 3602 1602 αὑτὴ
3635 1531 3729 1583 λύ-

2035 1642 2117 1677 σει
2147 1643 2240 1678 σου
2282 1625 2342 1676 τὸ
2373 1625 2600 1695 αἴνιγμα
2625 1642 2638 1655 ·
2669 1625 2763 1678 καὶ
2793 1625 2901 1695 γὰρ
2929 1621 2997 1694 ἦν
3032 1625 3203 1687 ὅντως
3240 1623 3502 1692 αἴνιγμα·
3539 1620 3732 1689 σωμά-

2033 1731 2142 1766 των
2171 1712 2280 1785 γάρ
2325 1713 2486 1783 φύσις
2532 1713 2768 1783 ἐμάχετο
2813 1712 2976 1780 φύσει
3016 1712 3217 1780 πυρὸς,
3247 1711 3340 1763 καὶ
3388 1713 3420 1780 ἡ
3458 1710 3581 1779 νίκη
3620 1709 3729 1762 τῶν

2040 1801 2308 1872 σωμάτων
2347 1801 2575 1869 ἐγίνετο.
2614 1795 2765 1864 Εἶδες
2799 1800 3101 1868 παράδοξον
3145 1801 3356 1869 μάχην;
3389 1793 3529 1860 εἶδες
3561 1814 3736 1867 παρα-

2033 1889 2320 1959 δοξοτέραν
2379 1888 2475 1959 τήν
2538 1889 2696 1958 νίκην
2732 1905 2746 1953 ;
2783 1886 3079 1957 Θαύμασον
3137 1885 3236 1957 τὴν
3297 1883 3594 1954 νηστείαν.
3637 1883 3735 1938 καὶ

2037 1981 2256 2043 ὑπτίαις
2278 1979 2530 2045 ὑπόδεξαι
2562 1978 2751 2048 χερσίν
2774 1995 2787 2008 ·
2811 1979 2939 2030 ὅταν
2959 1978 3066 2048 7&9
3091 1976 3184 2028 καὶ
3209 1977 3267 2026 ἐν
3289 1975 3507 2045 καμίνῳ
3538 1972 3732 2044 βοηθῇ,

2036 2068 2130 2122 καὶ
2161 2070 2219 2121 ἐν
2243 2067 2433 2136 λάκκῳ
2466 2066 2696 2118 λεόντων
2724 2065 2993 2136 φυλάττῃ,
3025 2065 3118 2116 καὶ
3135 2063 3221 2115 δαί
3232 2080 3399 2130 μονοις
3424 2061 3734 2130 ἀπελαύνῃ,

2038 2156 2133 2208 καὶ
2171 2154 2448 2222 ἀπόφασιν
2495 2152 2702 2222 ἀναλύῃ
2748 2151 2906 2212 Θεοῦ,
2945 2151 3038 2203 καὶ
3081 2149 3273 2202 παθῶν
3321 2147 3522 2219 μανίαν
3568 2165 3740 2201 κατοι-

2048 2242 2269 2314 στέλλῃ,
2297 2242 2392 2296 καὶ
2426 2241 2563 2311 πρὸς
2591 2238 2907 2310 ἐλευθερίαν
2935 2239 3085 2308 ἡμᾶς
3111 2236 3382 2308 ἐπανάγῃ,
3410 2235 3504 2288 καὶ
3535 2235 3740 2306 πολλὴν

2040 2331 2098 2382 ἐν
2125 2331 2238 2394 τοῖς
2264 2329 2548 2399 λογισμοῖς
2576 2331 2608 2398 ὴ
2619 2328 2736 2398 μῶν
2783 2326 3141 2398 ποιῆται-τὴν
3182 2324 3452 2395 γαλήνην,
3487 2324 3605 2387 πῶς
3634 2323 3738 2378 οὑκ

2041 2416 2278 2487 ἐσχάτης
2307 2416 2373 2469 ἀν
2395 2415 2484 2486 εἴη
2514 2413 2838 2485 παρανοίας,
2855 2413 3098 2467 τοσαῦτα
3127 2411 3358 2483 ἔχουσαν
3385 2411 3444 2464 ἐν
3472 2415 3592 2474 ταῖς
3617 2428 3740 2483 χέρα

2043 2505 2126 2557 σὶν
2147 2503 2328 2573 ἀγαθά
2351 2502 2572 2573 φεύγειν
2599 2503 2692 2555 καὶ
2705 2502 3031 2566 δεδοικέναι;
3070 2500 3374 2571 Ἐπιτρίϐει
3394 2501 3502 2571 γὰρ
3519 2503 3652 2571 ἡμῖν
3675 2500 3740 2554 τὸ

2043 2591 2203 2661 σῶμα
2227 2591 2362 2662 πρὸς
2382 2591 2482 2660 τὴν
2516 2589 2824 2650 ἀσθένειαν,
2844 2589 3010 2660 φησίν
3024 2589 3077 2644 ἀ.
3106 2589 3248 2644 Ἀλλ’
3270 2591 3380 2660 ὅσῳ
3409 2591 3436 2642 6
3457 2589 3560 2654 ἔξω
3579 2589 3739 2660 ήμῶν

2045 2681 2335 2751 ἄνθρωπος
2371 2679 2674 2750 φθείρεται,
2706 2679 2994 2751 τοσούτῳό
3021 2679 3129 2733 ἐσω
3146 2679 3536 2734 ἀνακαινοῦται
3558 2679 3744 2752 ἡμέρᾳ

2044 2769 2140 2821 καὶ
2169 2767 2350 2840 ἡμέρᾳ
2377 2784 2390 2798 ·
2436 2767 2638 2836 μᾶλλον
2665 2767 2744 2832 δὲ,
2787 2769 2838 2821 εί
2883 2767 3207 2839 βουληθείης
3263 2767 3404 2839 μετά
3455 2763 3744 2838 ἀκριϐείας

2047 2855 2301 2921 ἐξετάσαι
2335 2854 2396 2906 τὺ
2420 2856 2674 2925 πρᾶγμα,
2691 2855 2787 2908 καὶ
2812 2854 3028 2921 εὐεξίας
3056 2856 3226 2926 αὑτὴν
3248 2856 3502 2925 εὑρήσεις
3533 2856 3762 2927 μητέρα

2048 2943 2441 3010 τυγχάνουσαν.
2477 2943 2588 2994 Καὶ
2617 2945 2666 2995 εί
2697 2945 2812 3006 τοῖς
2848 2944 3002 3009 ἐμοῖς
3029 2943 3279 3005 ἀπιστεῖς
3317 2943 3518 3010 λόγοις,
3549 2944 3747 3008 παῖδας

2054 3031 2254 3100 ἰατρῶν
2281 3031 2407 3099 περὶ
2439 3029 2645 3082 τούτων
2667 3029 2963 3101 ἐρώτησον,
2985 3031 3079 3082 καὶ
3095 3029 3251 3083 αὑτοὶ
3284 3030 3457 3084 ταῦτα
3477 3031 3757 3100 σαφέστεο-

2055 3135 2145 3188 ρον
2181 3116 2423 3188 ἐροῦσιν,
2459 3117 2507 3168 οἳ
2536 3117 2636 3186 τὴν
2673 3118 2772 3187 μὲν
2802 3117 3014 3170 ἔνδειαν
3044 3118 3257 3187 μητέρα
3281 3118 3380 3187 τῆς
3411 3119 3622 3184 ὑγιείας
3651 3135 3748 3172 κα-

2053 3206 2226 3271 λοῦσι,
2250 3207 2349 3270 τὰς
2373 3206 2430 3259 δὲ
2451 3207 2748 3275 ποδαλγίας
2779 3207 2874 3260 καὶ
2898 3206 3248 3277 καρηϐαρίας
3281 3208 3378 3259 καὶ
3405 3207 3749 3278 ἀποπληξίας

2055 3295 2150 3346 καὶ
2184 3295 2353 3364 φθόην
2386 3296 2479 3348 καὶ
2506 3293 2694 3363 ὕδερον
2725 3294 2819 3348 καὶ
2865 3295 3178 3364 φλεγμονὰς
3206 3294 3300 3346 καὶ
3337 3294 3626 3364 οἰδήματα,
3657 3295 3752 3348 καὶ

2061 3382 2270 3452 μυρίων
2301 3382 2507 3454 ἐτέρων
2538 3383 2864 3450 νοσημάτων
2890 3382 3248 3453 χειμάρρους,
3278 3382 3385 3436 ἀπὸ
3414 3382 3512 3452 τῆς
3538 3385 3755 3452 τρυφῆς

2059 3471 2153 3524 καὶ
2181 3470 2282 3540 τῆς
2313 3470 2622 3543 ἀδηφαγίας
2659 3470 2859 3536 ἐξιέναι
2901 3471 3090 3539 φασὶν,
3126 3469 3320 3542 ὥσπερ
3351 3472 3459 3524 ἀπό
3475 3489 3621 3535 τινος
3655 3489 3754 3524 ποι

2062 3559 2368 3631 νηροτάτης
2400 3559 2583 3630 πηγῆς
2623 3561 2898 3631 πονηροὺς
2936 3558 3170 3628 ῥύακας,
3213 3562 3308 3612 καὶ
3330 3563 3396 3630 τῇ
3432 3559 3524 3612 τοῦ
3568 3559 3759 3631 σῶμα-

2062 3665 2153 3708 τος
2184 3645 2392 3718 εὐεξία,
2442 3647 2537 3699 καὶ¹
2577 3648 2644 3716 τῇ
2676 3646 2775 3716 τῆς
2817 3646 2998 3717 ψυχῆς
3050 3647 3378 3722 σωφροσύνῃ
3431 3647 3759 3718 λυμαινομέ-

2065 3752 2211 3800 νους.

2139 3899 2182 3945 ε’
2228 3891 2321 3962 Μὴ
2357 3893 2533 3944 τοίνυν
2564 3891 2858 3961 φοϐώμεθα
2885 3893 3142 3961 νηστείαν
3169 3932 3183 3956 ,
3217 3893 3318 3965 τὴν
3349 3895 3457 3948 τῶν
3488 3896 3762 3953 τοσούτων

2068 3982 2216 4051 ἡμᾶς
2248 3979 2695 4033 ἀπαλλάττουσαν
2728 3979 2932 4033 κακῶν.
2969 3980 3043 4034 Ού
3081 3981 3192 4052 7&9
3229 3982 3415 4047 ἁπλῶς
3449 3987 3574 4054 ὑμῖν
3601 3986 3762 4041 τοῦτο

2072 4063 2355 4137 παραινῶ·
2417 4067 2530 4119 ἀλλ’
2587 4067 2774 4137 ἐπειδὴ
2834 4067 3062 4132 πολλοὺς
3111 4069 3224 4140 ὁρῶ
3273 4070 3383 4123 τῶν
3429 4071 3759 4140 ἀνθρώπων,

2073 4156 2326 4226 καθάπερ
2360 4154 2526 4226 ἀγρία
2579 4156 2683 4208 τινὶ
2735 4158 2956 4224 γυναικὶ
3008 4156 3400 4228 παραδίδοσθαι
3442 4159 3761 4228 μέλλοντας,

2073 4241 2250 4307 οὕτως
2285 4243 2582 4306 ὀκνοῦντας
2607 4244 2702 4296 καὶ
2729 4243 3149 4315 ἀναιδυομένους,
3194 4245 3287 4299 καὶ
3319 4246 3460 4320 μέθῃ
3485 4249 3582 4300 καὶ
3632 4249 3765 4321 ἀδηο

2078 4331 2253 4400 φαγία
2283 4335 2522 4402 τήμερον
2567 4333 2793 4395 ἐαυτοὺς
2826 4332 3238 4404 διαφθείροντας
3257 4350 3270 4365 ο
3301 4333 3390 4388 διὰ
3425 4332 3584 4388 τοῦτο
3611 4353 3766 4410 παρ-

2077 4421 2212 4476 αινῶ
2244 4419 2385 4474 ὥστε
2432 4421 2506 4492 μὴ
2533 4423 2631 4490 τὴν
2668 4421 2732 4473 ἐκ
2763 4422 2863 4491 τῆς
2909 4422 3167 4492 νηστείας
3199 4423 3469 4495 ἐσομένην
3497 4423 3764 4494 ὠφέλειαν

2080 4508 2395 4578 προανελεῖν
2435 4508 2744 4580 λαιμαργία
2781 4509 2875 4562 καὶ
2911 4509 3071 4580 μέθῃ.
3104 4510 3215 4563 Καὶ
3254 4511 3363 4582 γὰρ
3393 4513 3442 4563 οἱ
3485 4513 3766 4568 κακόσιτοι

2081 4595 2189 4651 τῶν
2236 4595 2561 4666 ἀνθρώπων.
2603 4595 2728 4649 ὃταν
2776 4596 2950 4667 πικρά
2985 4597 3220 4666 μέλλωσι
3265 4598 3442 4652 πίνειν
3475 4601 3764 4671 φάρμακα,

2083 4682 2148 4737 ἄν
2195 4683 2398 4754 πολλῆς
2455 4685 2683 4748 ἑαυτοὺς
2734 4684 3056 4755 ἐμπλήσωσι
3106 4685 3343 4758 τροφῆς.
3385 4689 3480 4741 καὶ
3509 4689 3653 4743 οὕτω
3701 4692 3770 4744 τά

2085 4772 2355 4843 φάρμακα
2387 4771 2626 4835 λάϐωσι,
2661 4772 2758 4844 τὴν
2802 4774 2902 4844 μὲν
2946 4774 3173 4845 πικρίαν
3210 4775 3539 4847 ὑπέμειναν,
3572 4779 3672 4847 τῆς
3713 4779 3771 4832 δὲ

2084 4860 2351 4929 ὠφελείας
2371 4860 2645 4927 ἐξέπεσον,
2669 4859 3076 4930 δυσκολωτέραν
3093 4862 3168 4933 τῷ
3192 4865 3470 4936 φαρμάκῳ
3491 4867 3774 4932 ποιοῦντες

2086 4951 2183 5022 τὴν
2211 4951 2390 5022 πάλην
2423 4949 2560 5022 πρὸς
2585 4952 2685 5022 τὴν
2727 4951 2835 5004 τῶν
2868 4951 3231 5025 διεφθορότων
3256 4955 3446 5024 χυμῶν
3483 4957 3772 5027 πονηρίαν.

2087 5040 2188 5093 Διά
2211 5039 2369 5092 τοῦτο
2396 5040 2592 5102 αὑτοὺς
2623 5040 2672 5092 οἱ
2699 5039 2808 5092 τῶν
2834 5040 3038 5111 ἰατρῶν
3062 5041 3250 5105 παῖδες
3277 5042 3352 5113 μὴ
3375 5043 3775 5114 δειπνήσαντας

2090 5130 2371 5183 κελεύουσι
2431 5128 2736 5188 καθεύδειν,
2795 5129 2880 5182 ἵνα
2932 5131 3114 5184 πᾶσαν
3167 5131 3274 5184 τῶν
3325 5132 3635 5202 φαρμάκων
3677 5131 3774 5205 τὴν

2089 5219 2318 5288 δύναμιν
2353 5220 2416 5270 ἐκ
2451 5216 2674 5288 πρώτης
2704 5217 2908 5281 εὐθέως
2955 5221 3068 5281 τοῖς
3112 5222 3410 5282 νοσοποιοῖς
3438 5219 3548 5272 τῶν
3582 5237 3773 5292 περιτ-

2090 5315 2360 5382 τωμάτων
2394 5311 2720 5382 προσαγάγῃ
2755 5315 2970 5382 χυμοῖς.
3001 5309 3160 5366 Οὕτω
3183 5313 3276 5367 καὶ
3297 5313 3784 5385 ἐπἰτῆςνηστείαςθ

2093 5401 2187 5453 ἐάν
2222 5401 2320 5471 μέν
2359 5401 2556 5469 πολλῆς
2593 5400 2783 5453 ἑαυτὸν
2810 5401 3092 5472 ἐμπλήσῃς
3129 5401 3227 5470 τῆς
3281 5401 3452 5471 μέθης
3497 5403 3736 5473 τήμερον
3759 5441 3776 5468 ,

2096 5491 2191 5544 καὶ
2233 5489 2422 5562 αῦριον
2453 5489 2688 5562 ὑποδέξῃ
2736 5490 2794 5542 τὸ
2829 5493 2959 5561 παρ’
3001 5491 3214 5558 ἐκείνης
3261 5490 3574 5558 φάρμακον,
3607 5493 3780 5563 ἄχρηο

2160 5757 2183 5786 ο
2209 5752 2288 5801 “in
2314 5756 2460 5803 μευ-ιι.
2493 5765 2538 5801 (τι
2567 5770 2691 5803 unus
2717 5756 2834 5812 Πομ.
2863 5755 3028 5802 Μῖνι-[ιι
3064 5767 3178 5798 ιλιι-ο
3205 5755 3413 5811 Jay-{vum
3438 5755 3689 5806 ἅπτεσθαι.

2161 5814 2192 5857 d
2214 5818 2364 5866 Sam.
2389 5824 2440 5866 el
2464 5832 2587 5867 unus
2607 5819 2727 5881 ηομ.
2744 5819 2854 5877 ἡμῖν
2879 5820 2963 5872 τὴν
2989 5817 3113 5864 ἅδῦἐ*
3132 5833 3231 5864 ειαν
3256 5816 3337 5864 W3
3366 5819 3606 5876 ςίῖεματθςι
3643 5829 3790 5884 ςςσίι.
