4164 6324
363 350 471 404 515

361 464 716 537 inutilemque
742 464 1004 529 eﬂ'eoeris,
1034 472 1089 519 et
1128 463 1365 519 laborem
1391 463 1606 533 quidem
1634 464 1918 534 pertuleris
1938 504 1956 531 ,

363 554 572 609 lucrum
602 554 728 610 inde
755 554 993 609 futurum
1019 569 1125 609 non
1166 554 1500 624 assequeris,
1531 553 1657 608 dum
1688 554 1807 624 ejus
1850 555 1959 609 vim

362 654 531 699 totam
562 646 616 700 in
643 645 846 700 malum
883 645 1088 701 recenti
1120 644 1379 701 ebrietate
1407 653 1618 713 partum
1647 644 1912 715 impendis
1940 661 1955 700 :

356 735 403 789 si
455 752 587 791 vero
625 737 741 791 leve
773 737 1155 807 praeparaveris
1192 751 1421 805 corpus,
1453 736 1738 806 sobriaque
1778 746 1961 794 meme

357 824 665 898 susceperis
715 829 1073 896 medicinam,
1115 846 1182 884 ex
1229 830 1442 884 delictis
1480 828 1750 885 veteribus
1792 829 1956 885 multa

357 919 566 989 poteris
590 933 908 990 expurgare.
958 919 1036 975 Ne
1064 920 1224 990 igitur
1256 934 1351 989 per
1370 919 1685 974 ebrietatem
1713 918 1779 973 ad
1816 918 1957 989 jeju-

355 1013 509 1065 nium
555 1025 840 1083 pergamus
863 1053 877 1076 ,
928 1026 1098 1081 neque
1128 1026 1156 1063 a
1179 1007 1385 1081 jejunio
1416 1011 1468 1064 in
1507 1010 1824 1066 ebrietatem
1854 1010 1948 1065 de-

353 1104 627 1160 clinemus
652 1145 668 1169 ,
692 1120 761 1160 ne
793 1104 931 1159 forte
954 1102 1176 1174 perinde
1199 1103 1409 1158 accidat
1431 1117 1495 1157 ac
1528 1102 1573 1157 si
1602 1104 1724 1173 quis
1754 1116 1956 1173 :egrum

352 1209 558 1264 corpus
583 1204 743 1264 atque
790 1209 1077 1266 resurgens
1103 1209 1134 1248 a
1163 1187 1469 1249 valetudine
1507 1193 1746 1251 calcibus
1787 1196 1958 1265 impe—

358 1294 485 1339 tens
540 1285 776 1339 velocius
806 1283 1043 1354 dejiciat.
1076 1283 1228 1352 Quod
1254 1296 1309 1339 et
1335 1285 1388 1338 in
1418 1294 1603 1338 nostra
1644 1284 1704 1338 ﬁt
1736 1285 1913 1340 anima
1934 1325 1951 1352 ,

353 1390 482 1432 cum
512 1386 735 1446 utraque
755 1376 945 1446 jejunii
987 1390 1053 1433 ex
1095 1388 1281 1446 parte,
1312 1376 1577 1446 principio
1601 1375 1853 1432 videlicet
1893 1392 1957 1432 ac

354 1468 466 1524 line
482 1510 497 1532 ,
529 1470 805 1524 ebrietatis
827 1470 969 1524 nube
991 1468 1388 1523 mundationem
1432 1469 1485 1523 in
1507 1469 1664 1551 nobis
1692 1471 1760 1526 ab
1784 1469 1955 1524 absti-

352 1560 538 1613 nentia
568 1558 760 1614 factam
788 1559 1133 1616 oﬂ'uscamus.
1160 1558 1339 1613 Veluti
1368 1561 1512 1615 enim
1539 1562 1630 1632 qui
1656 1576 1779 1616 eum
1828 1560 1956 1616 ieris

353 1648 659 1704 dimicaturi
680 1690 694 1715 ,
722 1651 887 1704 armis
909 1649 1089 1705 multis
1109 1689 1125 1716 ,
1164 1650 1614 1720 munimentisque
1643 1651 1953 1720 principalia

348 1755 580 1809 qna-que
607 1740 849 1794 membra
875 1739 1240 1806 circumdant,
1273 1750 1435 1810 atque
1463 1740 1534 1795 ita
1560 1755 1682 1795 cum
1716 1741 1821 1796 illis
1842 1740 1956 1796 bel-

353 1833 465 1885 lum
490 1832 792 1902 suscipiunt
819 1849 833 1884 :
862 1832 940 1886 sic
966 1840 1022 1886 et
1048 1846 1189 1886 nunc
1212 1831 1457 1886 homines
1483 1831 1639 1886 multi
1667 1847 1788 1888 cum
1810 1831 1951 1902 jeju-

351 1925 445 1978 nio
501 1925 650 1993 quasi
694 1940 815 1979 cum
860 1924 970 1979 fera
1004 1924 1233 1995 quadam
1276 1925 1592 1995 pugnaturi,
1635 1925 1838 1980 ventris
1889 1938 1951 1980 se

346 2016 571 2084 crapula
599 2017 880 2082 muniunt,
934 2017 1435 2086 disrumpcntesque
1483 2031 1604 2071 sese
1647 2026 1702 2071 et
1728 2016 1956 2072 obteneo

345 2106 569 2160 hrantes
592 2146 607 2171 ,
636 2108 804 2161 multa
831 2122 955 2161 cum
989 2108 1347 2176 imprudentia
1379 2109 1562 2162 mitem
1609 2122 1673 2162 ac
1711 2109 1949 2178 quietum

339 2197 532 2268 jejunii
563 2209 842 2269 aspectum
889 2201 1207 2270 suscipiunt.
1236 2202 1409 2270 Atque
1440 2201 1483 2254 si
1514 2200 1822 2271 quempiam
1870 2202 1950 2255 in-

342 2288 694 2359 terrogavaro
714 2332 729 2355 ,
753 2290 920 2359 Cujus
946 2293 1023 2345 rei
1071 2292 1241 2361 gratia
1267 2293 1333 2345 ad
1364 2293 1600 2346 thermas
1628 2292 1784 2347 hodie
1825 2307 1948 2362 pro-

341 2384 502 2450 peras
532 2397 547 2434 :
575 2380 649 2437 Ut
675 2382 857 2437 aliluto
885 2398 1110 2453 corpore
1135 2425 1149 2448 ,
1201 2384 1432 2455 inquies,
1458 2384 1724 2454 jejunium
1776 2385 1947 2439 susei-

338 2473 503 2542 piam.
557 2473 614 2527 Si
646 2489 777 2528 vero
827 2483 879 2529 te
924 2475 1368 2544 interrogavere,
1402 2474 1580 2542 Quare
1620 2476 1938 2543 inebriaris,

1532 352 1619 407 DE
1658 350 2129 410 ΜΕΝΙΤΕΝΪΙΑ.
2164 348 2393 409 ιιοκιι.
2438 352 2551 415 νιν

3568 361 3673 417 δη

2068 464 2262 531 iterum
2318 464 2487 531 dices,
2536 464 2800 532 Quoniam
2836 463 3102 537 jejunium
3142 481 3261 524 sum
3306 465 3669 539 ingressurus.

2066 555 2347 620 Quomodo
2378 556 2536 626 igitur
2556 556 2663 611 non
2689 572 2998 625 erroneum,
3028 574 3257 629 corpore
3275 561 3491 631 quidem
3509 578 3664 632 puro,

2066 645 2275 717 impura
2296 661 2424 701 vero
2435 647 2688 717 ebriaque
2703 649 2901 716 anima,
2916 649 3336 719 pulcherrimum
3353 652 3452 708 hoc
3468 650 3664 709 festum

2064 736 2313 805 excipere
2331 736 2387 790 ‘i
2404 737 2563 791 Plura
2588 738 2815 793 dicenda
2842 749 3182 809 supererant,
3212 742 3308 796 sed
3338 741 3453 798 hate
3476 742 3674 799 sobriis

2065 826 2134 881 ad
2158 829 2551 883 correctionem
2580 830 2872 885 sufﬁciunt.
2896 832 3074 899 Quare
3100 848 3323 890 necesse
3345 845 3429 889 est
3455 836 3671 893 dicendi

2062 918 2225 973 tinem
2254 919 2467 975 facere:
2498 936 2621 975 nam
2644 922 2804 991 cupio
2835 923 3005 992 patris
3043 924 3232 997 audire
3270 941 3455 982 vocem
3488 946 3501 982 :
3532 944 3667 998 quo-

2065 1011 2209 1065 niam
2232 1011 2332 1081 ipsi
2348 1012 2562 1082 quidem
2586 1014 2741 1083 quasi
2767 1015 3061 1084 pastorales
3083 1018 3235 1086 pueri
3258 1016 3437 1072 subtili
3458 1020 3669 1075 calamo

2063 1092 2342 1156 sibilamus
2364 1142 2380 1168 ,
2414 1104 2578 1158 veluti
2602 1105 2703 1160 sub
2726 1121 2926 1176 quercu
2951 1118 3043 1161 aut
3064 1105 3189 1179 fago
3215 1109 3445 1180 quadam
3465 1111 3531 1166 ad
3555 1127 3668 1167 utn-

2063 1192 2215 1249 bram
2233 1208 2510 1248 sacrorum
2530 1195 2722 1250 horum
2745 1197 3028 1265 sedentes;
3061 1199 3149 1254 hic
3164 1210 3345 1256 autem
3368 1202 3534 1258 veluti
3552 1219 3677 1258 mu--

2064 1285 2209 1341 sicus
2236 1287 2474 1355 Optimus
2498 1304 2716 1343 auream
2743 1290 3006 1345 citharam
3036 1292 3367 1360 modulatus,
3409 1310 3663 1351 sonorum

2061 1390 2326 1434 concentu
2368 1381 2681 1436 universum
2711 1384 2906 1438 excitat
2937 1384 3206 1439 theatrum
3236 1404 3251 1439 :
3293 1387 3373 1442 sic
3398 1396 3455 1442 et
3507 1388 3667 1457 hujus

2063 1477 2170 1517 non
2193 1463 2549 1532 pulsationum
2566 1507 2581 1531 ,
2606 1465 2700 1519 sed
2727 1466 3012 1522 verborum
3043 1477 3100 1524 et
3127 1482 3351 1538 operum
3368 1480 3663 1526 ceucentus
3712 1542 3721 1549 _

2060 1553 2349 1623 plurimam
2387 1555 2544 1609 nobis
2577 1555 2733 1611 aﬂ‘ert
2759 1558 3066 1614 utilitatem.
3103 1559 3383 1629 Ejusmodi
3409 1570 3464 1617 et
3503 1562 3666 1617 Chri-

2060 1653 2174 1699 stus
2199 1645 2451 1700 doctores
2475 1647 2703 1716 quaerit:
2733 1648 2832 1715 Qui
2857 1650 2990 1702 enim
3012 1650 3186 1720 fecerit
3215 1660 3262 1704 et
3285 1651 3533 1714 docuerit,
3578 1652 3663 1707 in-

2059 1736 2194 1805 quit,
2216 1737 2296 1790 hic
2324 1754 2537 1807 magnus
2558 1738 2814 1791 vocabitur
2839 1740 2891 1792 in
2917 1757 3074 1810 regno
3095 1741 3336 1794 cwlorum
3365 1740 3579 1811 (Matth.
3603 1743 3661 1798 5.

2063 1827 2173 1896 l9).
2206 1827 2485 1896 Ejusmodi
2510 1837 2595 1884 est
2639 1830 2740 1884 iste
2771 1849 2782 1882 :
2811 1840 3141 1900 quapropter
3168 1840 3224 1885 et
3253 1846 3477 1901 magnus
3497 1839 3580 1885 est
3608 1831 3663 1886 in

2057 1935 2223 1991 regno
2250 1920 2533 1975 caelorum.
2566 1921 2855 1991 Contingat
2901 1904 3081 1976 autem
3122 1930 3181 1978 et
3207 1936 3307 1976 nos
3348 1924 3499 1992 ejus,
3546 1936 3665 1975 om.

2057 2013 2311 2083 niumque
2350 2012 2638 2082 prmsulum
2661 2011 2994 2067 orationibus
3016 2026 3183 2083 regno
3203 2012 3456 2067 caelorum
3473 2011 3663 2081 dignos

2053 2102 2197 2169 ﬁeri,
2221 2103 2389 2172 gratia
2419 2111 2474 2158 et
2494 2103 2821 2171 benignitate
2849 2104 3059 2157 Domini
3082 2104 3250 2158 nostri
3281 2103 3409 2158 Jesu
3430 2102 3656 2167 Christi,

2052 2210 2176 2251 cum
2205 2212 2312 2265 quo
2339 2196 2481 2250 Patri
2514 2197 2678 2265 gloria
2701 2237 2716 2261 ,
2748 2210 2870 2249 cum
2901 2205 3087 2251 sancto
3134 2196 3359 2266 Spiritu,
3410 2211 3553 2251 nunc
3599 2204 3655 2251 et

2051 2306 2286 2361 semper.
2317 2302 2370 2346 et
2396 2292 2446 2346 in
2468 2293 2663 2346 saecula
2689 2291 3034 2346 smeulorum.
3067 2293 3258 2346 Amen.

2114 2424 2132 2454 ι
2167 2424 2241 2491 sic
2262 2429 2366 2470 sar.
2382 2428 2446 2491 .et
2478 2434 2602 2491 unus
2640 2428 2756 2491 Reg.
2797 2427 2850 2470 tn
2874 2427 2921 2470 Β.
2946 2429 3000 2472 et
3020 2422 3146 2483 apud
3172 2420 3358 2481 ποι-ει,
3383 2418 3654 2485 pulcherri-

2047 2497 2179 2533 mam
2199 2485 2324 2532 hanc
2348 2485 2569 2532 virtutem
2592 2485 2856 2547 suscipere.

1486 2690 1489 2691 ί
1564 2698 1706 2767 DE
1770 2695 2483 2784 P(ENITENTIA,

1226 2865 1475 2920 QUARTA
1515 2869 1910 2913 HEBDOMADA
1953 2868 2168 2912 SACRB
2210 2867 2752 2920 QUADRAGESILIE.

923 3133 1136 3175 ηολιιιιλ
1178 3133 1230 3171 vt
1282 3116 1377 3187 (η).

410 3212 464 3265 1.
503 3209 676 3277 Quam
697 3209 918 3278 jucundi
949 3209 1240 3279 spiritualis
1262 3207 1421 3275 hujus
1444 3205 1597 3261 nobis
1621 3204 1783 3259 maris
1806 3211 1932 3256 sunt

336 3298 553 3366 ﬂuctus,
576 3311 631 3355 et
663 3300 813 3369 ipsis,
842 3301 929 3370 qui
954 3300 1005 3354 in
1030 3301 1218 3369 pelago
1244 3308 1387 3363 sunt,
1408 3296 1776 3366 jucundiores.
1805 3294 1937 3348 Nam

335 3392 414 3444 illi
442 3390 660 3461 quidem
691 3400 970 3445 ventorum
1002 3390 1312 3453 insolentia,
1348 3389 1397 3441 hi
1430 3389 1643 3441 auditus
1672 3387 1940 3441 desiderio

335 3485 641 3537 excitantur
683 3492 786 3538 :et
841 3483 917 3537 illi
961 3482 1180 3552 quidem
1232 3480 1515 3535 sublimius
1569 3478 1935 3549 agglomerati,

339 3573 754 3643 trepidatidnem
783 3573 1126 3643 gubernatori
1150 3572 1432 3641 plurimam
1466 3569 1739 3624 inferunt:
1775 3570 1827 3623 hi
1849 3569 1938 3622 ubi

334 3678 720 3736 apparuerunt,
743 3666 1007 3721 dicentem
1030 3665 1219 3719 ﬁducia
1243 3666 1407 3727 multa
1433 3663 1661 3733 replent.
1688 3662 1764 3715 llli
1798 3664 1938 3715 cnim

337 3755 611 3811 furibUndi
641 3758 803 3810 maris
819 3766 1154 3826 argumenta,
1180 3755 1232 3810 hi
1260 3754 1451 3809 anima:
1483 3753 1798 3811 laetabundus
1816 3763 1941 3806 sunt

340 3846 540 3902 indicia
570 3865 584 3900 :
620 3847 694 3901 illi
726 3848 888 3915 petris
939 3846 1060 3901 illisi
1090 3846 1375 3916 ignobilem
1405 3847 1637 3898 sonitum
1687 3844 1933 3907 reddunt,

340 3938 399 3993 bi
423 3953 553 3994 vero
580 3939 837 3993 doctrinm
868 3939 1034 3994 verbo
1062 3938 1275 3992 contriti
1298 3937 1544 3991 blandam
1570 3951 1752 3989 vocem
1778 3936 1938 3989 emit-

339 4038 481 4084 tunt.
512 4030 599 4084 Sic
619 4039 673 4084 et
700 4030 919 4103 zephyri
946 4030 1103 4084 ﬂatus
1131 4030 1181 4083 in
1204 4038 1316 4082 sata
1338 4027 1611 4091 cadentes,
1642 4036 1801 4097 atque
1824 4026 1937 4095 ipsa

338 4121 613 4190 spicarum
652 4123 825 4192 capita
868 4122 1188 4189 inclinantes
1227 4136 1290 4176 ac
1324 4122 1663 4183 relevantes,
1700 4121 1750 4173 in
1799 4129 1937 4173 terra

340 4212 506 4267 maris
536 4213 729 4267 ﬂuctus
776 4214 1071 4268 imitantur.
1102 4213 1207 4269 Sed
1245 4224 1300 4268 et
1339 4213 1442 4267 illis
1469 4214 1599 4267 satis
1620 4212 1937 4282 jucundiora

339 4311 466 4356 sunt
492 4302 606 4358 hinc
632 4319 644 4355 :
676 4318 778 4357 non
801 4304 940 4357 enim
964 4304 1181 4374 zephyri
1205 4303 1381 4369 ﬂatus,
1407 4304 1501 4358 sed
1521 4302 1751 4373 Spiritus
1765 4304 1934 4373 gratia

342 4404 550 4449 vestras
581 4396 788 4449 animas
823 4400 1024 4449 excitat
1051 4405 1103 4450 et
1135 4394 1449 4462 inﬂammat,
1480 4404 1533 4450 et
1563 4397 1736 4465 ignem
1767 4396 1935 4460 illum,

337 4487 407 4543 de
431 4502 541 4558 quo
579 4488 706 4542 olim
735 4487 978 4543 Christus
1014 4507 1024 4540 :
1060 4486 1242 4557 Ignem
1283 4488 1393 4542 veni
1421 4490 1614 4541 mittere
1642 4491 1694 4541 in
1727 4499 1932 4552 terram,

337 4589 385 4631 et
412 4578 539 4649 quid
561 4580 695 4645 volo,
726 4579 825 4632 nisi
856 4588 908 4631 ut
937 4579 1245 4632 accendatur
1272 4576 1444 4648 (Luc.
1479 4578 1563 4632 12.
1598 4579 1666 4633 49
1688 4581 1706 4648 )
1732 4579 1755 4632 ?
1787 4579 1937 4633 Hunc

336 4670 498 4725 video
550 4670 846 4725 immissum
879 4671 1265 4740 incensumque
1309 4672 1361 4725 in
1410 4672 1691 4725 animabus
1723 4674 1933 4733 vestris.

335 4764 603 4830 Quoniam
653 4764 811 4833 igitur
857 4772 934 4819 tot
962 4764 1234 4833 lampades
1264 4764 1419 4819 nobis
1440 4762 1638 4818 Christi
1662 4766 1821 4818 timor
1849 4780 1937 4819 ae-

334 4857 538 4922 cendit,
576 4856 716 4926 agite
756 4855 880 4909 hinc
930 4857 1188 4911 doctrinae
1230 4855 1407 4912 oleum
1445 4856 1785 4925 instillemus,
1829 4873 1937 4927 quo

336 4950 495 5005 nobis
519 4948 826 5003 diuturnior
893 4948 985 5002 lux
1014 4950 1122 5002 iiat.

404 5042 609 5109 Jejunii
628 5047 822 5111 {ructus
846 5043 1146 5112 querenda:
1167 5060 1186 5110 ;
1209 5044 1263 5096 in
1289 5043 1514 5097 studium
1534 5044 1935 5113 spectaculorum

337 5136 621 5190 invehitur.
650 5163 721 5174 -—
752 5135 961 5189 Etenim
984 5136 1136 5191 nobis
1163 5136 1231 5191 de
1274 5146 1469 5191 caetero
1494 5137 1681 5206 jejunii
1726 5146 1933 5208 tempus

331 5228 397 5282 ad
415 5228 579 5281 ﬁnem
600 5238 754 5297 urget
775 5245 790 5282 :
815 5243 936 5281 nam
953 5229 1019 5281 ad
1042 5228 1196 5282 stadii
1221 5228 1452 5284 medium
1474 5230 1760 5300 progressi,
1776 5231 1932 5285 dein-

329 5336 458 5388 Ott-ps
488 5319 555 5373 ad
582 5319 755 5387 ipsum
784 5320 941 5374 finem
970 5320 1332 5376 concedimus.
1376 5320 1522 5375 Sicut
1550 5322 1691 5377 enim
1718 5324 1805 5391 qui
1849 5321 1925 5374 ἰη-

396 5656 469 5717 (u)
504 5656 686 5706 Collata
710 5669 820 5705 cum
844 5655 1014 5705 Codice
1030 5650 1134 5705 Ἐιη.
1157 5657 1289 5720 t‘ard.
1317 5658 1539 5707 Ottoboni
1565 5660 1702 5720 cujus
1719 5667 1831 5707 nota
1855 5666 1930 5707 est

327 5725 375 5828 ἐς,
405 5729 480 5787 \t._
506 5722 577 5779 ης,
608 5730 658 5767 ιιι
694 5733 802 5767 cum
834 5720 942 5766 tiod.
971 5721 1249 5769 ttat-occiano
1270 5718 1366 5767 212
1388 5731 1416 5767 a
1439 5725 1490 5767 υ.
1512 5718 1780 5773 WetStcnio
1805 5723 1930 5769 Basi-

346 5795 498 5828 ct-nsz.

346 5798 498 5829 Cl'ilsl.

2048 3114 2210 3182 cepit,
2240 3114 2292 3166 in
2322 3112 2498 3167 medio
2522 3120 2635 3167 est:
2670 3114 2742 3167 ita
2759 3112 2849 3183 qui
2881 3113 2947 3168 ad
2974 3114 3208 3169 medium
3227 3115 3461 3182 devenit,
3487 3117 3648 3174 tinem

2045 3203 2418 3271 apprehendit.
2453 3201 2616 3271 Igitur
2646 3212 2857 3272 tempus
2884 3203 2948 3257 ad
2975 3205 3135 3259 tinem
3167 3207 3357 3276 vergit,
3395 3217 3556 3277 atque
3585 3208 3653 3263 de

2045 3305 2245 3349 caetero
2284 3304 2497 3365 portum
2532 3294 2720 3365 cymba
2753 3294 3041 3363 prospicit;
3064 3295 3157 3349 sed
3205 3296 3347 3366 quod
3370 3297 3650 3368 quaeritur,

2047 3397 2153 3437 non
2188 3383 2298 3453 jam
2328 3392 2413 3439 est
2439 3383 2508 3438 ad
2543 3394 2756 3453 portum
2787 3385 3090 3453 pervenire,
3121 3386 3216 3442 sed
3265 3403 3457 3442 navem
3508 3388 3652 3444 baud

2047 3474 2179 3529 lucri
2202 3491 2420 3530 vacuam
2446 3475 2679 3531 trahere.
2703 3477 2811 3532 Oro
2839 3492 2933 3532 vos
2949 3492 3138 3532 omnes
3157 3491 3211 3534 et
3233 3480 3477 3544 obsecro,
3496 3495 3650 3535 suam

2046 3566 2269 3636 quisque
2286 3568 2351 3621 ad
2364 3568 2747 3622 conscientiam
2765 3568 2956 3638 jejunii
2983 3571 3395 3639 negotiationem
3415 3582 3644 3641 reputet,

2045 3677 2108 3718 ac
2134 3664 2180 3717 si
2206 3664 2421 3733 quidem
2449 3664 2661 3719 lucrum
2689 3664 2916 3719 multum
2938 3666 3328 3720 aceumulatum
3357 3666 3645 3733 invenerit,

2047 3755 2395 3824 negotiationi
2434 3750 2636 3811 addat:
2670 3756 2716 3811 si
2749 3757 2880 3812 nihil
2920 3766 3328 3828 c0ngregatum,
3372 3758 3642 3827 reliquum

2045 3850 2302 3918 temporis
2360 3850 2708 3919 negotiationi
2765 3850 3057 3921 impendat.
3092 3850 3451 3920 Quoadusque
3502 3859 3649 3906 stant

2046 3941 2321 4004 nundin:e,
2367 3942 2700 4011 negotiantes
2731 3941 2799 3996 de
2835 3956 3029 4012 magno
3057 3942 3210 3997 lucro
3239 3942 3644 4009 contendamus,

2045 4049 2111 4086 ne
2142 4035 2321 4087 vacuis
2349 4033 2662 4087 recedamus
2694 4033 2958 4097 manibus,
2993 4050 3059 4088 ne
3073 4034 3261 4104 jejunii
3290 4034 3530 4090 laborem
3559 4043 3644 4090 to-

2044 4122 2296 4188 lerantes,
2324 4122 2513 4191 jejunii
2554 4124 2863 4178 amittamus
2895 4126 3194 4193 praemium.
3225 4125 3376 4182 Licet
3420 4126 3563 4181 enim
3590 4136 3645 4181 ct

2036 4214 2226 4283 jejunii
2257 4215 2494 4269 laborem
2523 4214 2769 4280 sufferre,
2802 4226 2858 4271 et
2875 4216 3061 4286 jejunii
3090 4215 3322 4272 fructum
3356 4232 3462 4273 non
3507 4232 3642 4273 cou-

2042 4306 2190 4375 sequi
2222 4323 2237 4359 ε
2262 4305 2532 4375 quomodo
2552 4307 2575 4358 ‘t
2597 4304 2732 4360 Cum
2757 4306 2963 4361 scilicet
2988 4321 3110 4361 esca
3137 4309 3489 4373 abstinemus,
3515 4324 3641 4378 pec-

2041 4407 2162 4449 cato
2187 4412 2290 4450 non
2321 4396 2654 4452 abstinemus
2679 4416 2692 4451 :
2722 4413 2844 4452 cum
2862 4398 3114 4453 carnibus
3139 4400 3355 4470 quidem
3385 4416 3491 4456 non
3546 4416 3641 4456 ve-

2041 4487 2259 4552 scimur,
2280 4486 2603 4543 devoramus
2624 4497 2802 4543 tamen
2826 4503 3117 4558 pauperum
3140 4488 3354 4546 domos:
3371 4506 3493 4546 cum
3517 4491 3643 4546 vino

2041 4578 2255 4648 quidem
2284 4577 2429 4632 haud
2457 4578 2807 4645 inebriamur,
2837 4578 3170 4634 inebriamur
3198 4596 3328 4635 vero
3356 4581 3643 4637 desideriis

2040 4669 2223 4737 pravis
2248 4686 2262 4722 :
2293 4684 2415 4724 cum
2444 4670 2660 4741 quidem
2688 4670 2864 4726 inedia
2904 4680 3071 4727 totam
3104 4673 3446 4743 transigimus
3474 4674 3639 4740 diem.

2038 4769 2200 4830 atque
2218 4760 2462 4816 eamdem
2494 4761 2776 4831 impudicis
2808 4762 2864 4818 in
2891 4762 3213 4832 spectaculis
3247 4765 3638 4834 consumimus,

2040 4852 2179 4908 Ecce
2219 4854 2405 4924 jejunii
2447 4854 2621 4923 labor,
2649 4863 2706 4910 et
2749 4855 2943 4925 jejunii
2990 4855 3192 4911 fructus
3229 4872 3489 4927 nusquam
3532 4870 3636 4925 est,

2036 4960 2159 5000 cum
2200 4945 2490 5016 iniquitatis
2539 4949 2747 5002 theatra
2787 4948 3219 5003 conscendimus.
3270 4948 3387 5002 Non
3428 4949 3494 5004 ad
3541 4966 3639 5006 vos

2038 5037 2171 5091 mihi
2198 5047 2279 5093 est
2318 5054 2518 5104 sermo,
2551 5039 2672 5093 novi
2696 5039 2841 5094 enim
2872 5039 2941 5094 ab
2959 5055 3022 5095 ea
3054 5040 3396 5096 accusatione
3422 5056 3518 5095 vos
3541 5057 3635 5095 va-

2035 5144 2165 5183 cuos
2194 5145 2352 5196 esse;
2384 5130 2480 5186 sed
2519 5144 2639 5186 mos
2684 5130 2870 5186 dolore
2896 5131 3101 5200 pressis
3126 5140 3227 5197 est,
3261 5146 3381 5186 cum
3409 5132 3488 5185 eis
3528 5148 3633 5187 non

2034 5220 2246 5287 adsunt,
2275 5221 2365 5291 qui
2396 5220 2598 5277 doloris
2642 5221 2772 5277 dant
2795 5236 3035 5287 causam,
3069 5223 3083 5276 i
3153 5234 3448 5291 praesentes
3501 5225 3629 5280 iram

2034 5326 2308 5368 evomere.
2355 5312 2508 5380 Quod
2549 5314 2694 5369 enim
2719 5302 2924 5369 lucrum
2951 5316 3083 5385 jejur
3124 5326 3255 5371 entes
3286 5315 3495 5370 theatra
3526 5316 3632 5369 ini-

2032 5403 2249 5471 quitatis
2282 5405 2594 5473 ascendere,
2642 5406 2710 5461 ad
2745 5421 3068 5462 eommunen
3139 5407 3343 5465 uxuritc
3387 5406 3625 5462 scholam

2033 5494 2276 5559 introire,
2297 5497 2362 5552 ad
2383 5499 2651 5568 publicum
2672 5500 3057 5554 incontinentis
3096 5500 3442 5570 ,ymnasium,
3466 5514 3630 5567 super

2031 5587 2343 5642 cathedram
2392 5588 2579 5644 sedere
2608 5590 3063 5659 pestilentiarum?
3104 5590 3317 5645 Etenim
3351 5599 3406 5645 et
3437 5590 3625 5644 cathe-

2030 5679 2179 5733 drarn
2205 5680 2539 5750 pestilentize,
2571 5690 2625 5736 et
2654 5682 3054 5737 incontinentize
3099 5681 3440 5752 rymnasium,
3463 5681 3625 5735 scho-

2030 5773 2243 5843 lamque
2294 5774 2533 5839 luxuria,
2567 5784 2616 5828 ct
2648 5775 2825 5829 omnia
2860 5775 3039 5845 turpis
3101 5790 3163 5828 'ta
3208 5773 3536 5828 orchestram
3580 5775 3624 5829 si
