4164 6324
652 391 756 447 313

653 517 772 569 quis
795 500 1008 567 dixerit,
1038 500 1174 554 haud
1202 497 1517 570 peccaverit.
1547 497 1834 568 pessimum
1861 497 2003 550 illum
2025 495 2221 558 locum,

651 593 1104 664 plurimorumqtie
1127 593 1431 647 morborum
1461 593 1696 662 plenmn,
1721 590 2095 660 Bahylouicam
2124 586 2232 642 for-

649 698 857 738 nacem.
884 683 1015 738 Nam
1046 684 1186 739 velut
1213 684 1262 738 in
1295 685 1562 737 fornacem
1591 681 1872 751 quamdam
1895 679 2224 747 compellens

651 772 706 826 in
737 772 1000 827 theatrum
1043 773 1285 828 diabolus
1314 774 1521 837 urbem,
1572 772 1648 826 sie
1674 769 1741 823 ab
1772 770 1879 823 imo
1923 768 2226 834 succendit,

652 880 756 918 non
793 867 903 934 jam
935 867 1207 920 malleolos
1233 865 1550 919 submittens
1570 905 1584 928 ,
1611 862 1773 916 veluti
1810 871 1935 917 tunc
1977 861 2234 918 barbarus

655 955 767 1020 ille,
801 971 971 1025 neque
1000 956 1310 1023 naphtltam,
1344 969 1518 1023 neque
1561 964 1792 1024 stupatn,
1826 969 1997 1022 neque
2021 954 2227 1019 picem;

651 1045 744 1099 Sed
768 1045 850 1099 his
875 1046 1040 1098 multo
1067 1046 1290 1114 pejora‘,
1327 1045 1638 1100 fornicarios
1663 1045 1830 1106 visus,
1856 1045 2023 1113 tut-pia
2047 1045 2228 1109 verba,

651 1136 886 1189 membra
919 1137 1149 1190 molliter
1185 1135 1321 1190 flexa
1345 1179 1359 1201 ,
1408 1146 1568 1204 atque
1608 1137 1780 1188 omnis
1804 1135 1986 1204 plenos
2017 1134 2231 1188 malitia:

649 1235 856 1280 cantus.
888 1227 1033 1282 Illam
1094 1229 1250 1298 igitur
1290 1227 1556 1282 fornacem
1597 1226 1885 1279 barbarica:
1926 1242 2112 1278 manus
2145 1242 2230 1279 ae-

649 1318 966 1384 cenderunt,
985 1322 1116 1372 bane
1135 1330 1310 1372 autem
1328 1319 1597 1372 fornacem
1628 1318 1976 1385 COgitationes
1994 1316 2230 1370 barbaris

650 1409 1046 1487 insipientitires
1076 1410 1370 1465 accendunt
1401 1427 1415 1462 :
1450 1409 1562 1463 haec
1593 1409 1678 1462 illa
1711 1411 1880 1477 pejor,
1910 1409 2231 1477 quandoqui-

648 1500 771 1554 dem
820 1494 953 1570 ignis
980 1501 1229 1566 deterior,
1283 1516 1386 1554 nou
1416 1515 1502 1569 qm
1537 1501 1777 1567 corporis
1823 1510 2086 1557 naturam.
2137 1500 2229 1554 sed

652 1593 740 1661 qui
767 1593 957 1647 bonam
984 1593 1175 1645 animm
1195 1592 1546 1662 depopulatur
1573 1592 1932 1646 habitudinem
1965 1611 1976 1644 :
2003 1603 2054 1646 et
2089 1592 2230 1657 quod

650 1684 930 1738 nocentius
974 1694 1073 1746 est,
1112 1698 1284 1752 neque
1316 1683 1414 1751 ipsi
1442 1683 1530 1752 qui
1565 1683 1969 1748 c0mburnntur,
2003 1683 2229 1750 idipsmn

651 1774 920 1836 sentiunt;
951 1774 992 1826 si
1022 1774 1163 1826 enim
1187 1775 1464 1836 sentirent,
1495 1786 1598 1825 non
1615 1771 1723 1840 jam
1757 1770 1980 1824 effluunt
2002 1772 2147 1825 illum
2179 1773 2229 1826 in

653 1862 734 1917 his
756 1863 916 1916 risum
961 1864 1284 1918 emitterent.
1320 1863 1480 1933 Igitur
1510 1863 1560 1917 id
1591 1865 1670 1916 vel
1698 1865 1983 1932 pessimum
2013 1875 2089 1918 est
2121 1881 2231 1919 ma-

649 1954 780 2020 lum,
810 1971 931 2009 cum
957 1956 1076 2024 quis
1098 1954 1413 2022 infirmatur,
1443 1970 1614 2023 neque
1642 1955 1868 2022 idipsum
1895 1956 2032 2024 quod
2081 1957 2229 2007 infir-

649 2054 825 2098 matur
868 2046 1054 2099 novit:
1096 2053 1150 2098 et
1189 2044 1384 2099 misere
1429 2043 1623 2097 ardens
1656 2052 1712 2098 et
1749 2059 2083 2105 mrumnose,
2127 2060 2230 2097 non

649 2138 811 2190 sentit
842 2135 1167 2190 incendium.
1210 2135 1464 2203 Quaenam
1488 2134 1674 2202 jejunii
1715 2135 1930 2199 utilitas,
1964 2135 2048 2190 die
2078 2137 2226 2202 mihi,

649 2241 770 2280 cum
802 2225 1017 2294 quidem
1045 2240 1237 2294 corpus
1258 2240 1409 2279 arces
1433 2225 1666 2293 legitimo
1691 2238 1721 2278 a
1749 2226 2094 2291 nutrimento,
2129 2227 2231 2279 ini-

649 2333 810 2385 quum
839 2335 966 2372 vero
995 2319 1381 2373 nutrimentum
1423 2318 1616 2372 anima:
1646 2318 1850 2371 inducis
1874 2317 1897 2370 ?
1925 2334 2045 2372 cum
2089 2319 2230 2373 diem

651 2409 760 2462 illic
787 2411 949 2463 trahis
991 2410 1202 2471 sedens,
1246 2424 1582 2463 communem
1624 2419 1866 2463 naturam
1899 2410 2230 2480 deturpatam

651 2503 863 2557 intuens
913 2519 974 2559 ac
1007 2505 1323 2570 traductam,
1356 2504 1711 2572 mulieresque
1734 2503 2066 2568 fornicarias,
2093 2502 2235 2556 adul-

652 2596 782 2646 teria
833 2605 1277 2660 reprtesentautes
1331 2595 1437 2648 illic
1465 2609 1580 2660 eos,
1611 2595 1698 2663 qui
1747 2594 2004 2664 cujusque
2041 2593 2232 2646 domus

649 2684 784 2735 mala
816 2683 1070 2752 colligunt
1098 2685 1120 2737 Ἰ
1148 2684 1280 2737 Nam
1313 2695 1365 2738 et
1415 2685 1794 2738 fornicationes
1824 2685 2006 2738 videre
2052 2683 2229 2748 datur,

650 2783 706 2825 et
727 2773 913 2826 audire
941 2773 1317 2843 blaspltemias,
1349 2790 1454 2843 quo
1484 2782 1536 2827 et
1567 2790 1658 2842 per
1685 2775 1888 2839 oculos,
1915 2785 1968 2827 et
2009 2789 2104 2842 per
2132 2789 2228 2826 au-

649 2863 816 2917 ditutn
848 2867 943 2934 ipsi
974 2869 1164 2920 animae
1190 2869 1405 2921 morbus
1431 2867 1706 2935 procedat:
1733 2868 1933 2920 alienas
1961 2867 2234 2920 imitantur

649 2957 996 3022 calamitates,
1049 2959 1188 3012 unde
1215 2969 1266 3011 et
1298 2959 1425 3028 ipsis
1453 2958 1793 3026 turpitudinis
1832 2974 2023 3012 nomen
2065 2960 2235 3027 impo-

648 3047 808 3100 sitmn
862 3056 963 3099 est.
993 3048 1142 3114 Quod
1189 3048 1346 3118 igitur
1385 3050 1574 3117 jejunii
1629 3049 1830 3103 litorum
1877 3052 2050 3104 anima
2102 3051 2232 3105 cibis

648 3136 908 3205 ejusmodi
934 3140 1131 3191 nutrita
1156 3138 1179 3191 ?
1202 3139 1394 3205 quibus
1423 3139 1594 3192 oculis
1631 3155 1852 3194 uxorein
1883 3141 1983 3193 illis
2027 3156 2057 3193 a
2106 3157 2232 3209 spc-

649 3227 871 3279 ctaculis
901 3225 1102 3280 videbis
1127 3228 1150 3278 'l
1179 3227 1368 3296 quibus
1395 3229 1561 3283 oculis
1590 3227 1794 3283 videbis
1825 3229 2232 3299 lilium?quibus

652 3316 999 3371 domesticum
1023 3319 1046 3371 ‘I
1078 3319 1268 3388 quibus
1297 3321 1525 3373 amicum
1552 3320 1573 3371 ?
1600 3319 1827 3373 Necesse
1848 3331 2022 3374 autem
2051 3322 2235 3374 dicen-

609 3435 614 3438 ·
654 3415 758 3457 tem
794 3405 898 3457 illic
925 3417 1070 3474 gesta
1099 3408 1438 3475 turpitudine,
1474 3421 1564 3462 aut
1590 3419 1846 3462 tacentem
1882 3412 2073 3464 rubore
2104 3428 2232 3464 cott-

650 3493 814 3546 l'uudi.
850 3494 954 3547 Sed
987 3495 1111 3548 hinc
1141 3512 1244 3549 non
1273 3497 1349 3550 sic
1370 3496 1484 3550 abis
1511 3516 1524 3550 :
1549 3498 1726 3551 licebit
1747 3513 1873 3551 vero
1899 3499 2040 3551 domi
2071 3501 2232 3553 multa

649 3599 768 3637 cum
821 3584 1014 3637 fiducia.
1074 3586 1314 3639 universa
1366 3603 1603 3649 narrare,
1665 3587 2000 3655 pl'OjIllL'liL‘aS
2054 3603 2228 3652 voces,

648 3676 936 3742 apostolica
966 3678 1230 3746 dogmata.
1268 3679 1408 3745 leges
1434 3678 1751 3741 Dominieas,
1779 3692 1993 3730 omnem
2019 3680 2231 3732 virtutis

649 3779 885 3817 mensam
904 3782 1190 3834 apponere,
1212 3783 1536 3836 uxoremque
1560 3768 1946 3820 narratimtihus
1968 3768 2230 3834 ejusmodi

652 3856 979 3923 pudiciorem
1032 3857 1273 3920 reddere,
1332 3859 1729 3924 prudentiorem
1781 3858 2265 3920 lilium,benevo-r

652 3945 931 3999 lentiorem
987 3946 1360 4009 domesticum,
1419 3948 1724 4000 amiciorem
1781 3948 2031 4011 amicum,
2074 3958 2233 4018 atque

651 4035 824 4104 ipsum
873 4036 1141 4090 inimicum
1176 4037 1520 4105 persuadebis
1546 4038 1724 4089 odium
1763 4036 2050 4103 deponere.

718 4126 774 4178 2.
825 4126 952 4179 Vera
979 4128 1155 4194 iejunii
1198 4128 1327 4180 ratio
1355 4142 1488 4196 quae.
1537 4157 1608 4166 —
1639 4125 1796 4179 Vides
1826 4128 2091 4195 quomodo
2119 4127 2234 4183 haec

649 4218 862 4287 quidem
914 4219 1113 4288 ubique
1163 4220 1414 4272 salutaria
1465 4219 1735 4287 dogmata,
1770 4219 1854 4271 illa
1889 4234 2014 4271 vero
2042 4235 2232 4273 acroa-

652 4319 792 4363 mata
841 4311 1031 4379 ttbique
1084 4309 1334 4363 inutilia?
1379 4309 1507 4375 Qum
1556 4310 1711 4377 igitur
1755 4310 1941 4377 jejunii
1993 4312 2228 4374 utilitas,

651 4416 850 4469 qua-so,
905 4416 1024 4454 ctzm
1077 4415 1301 4468 corpore
1350 4399 1562 4467 quidem
1605 4399 1833 4466 jejttuas,
1888 4401 2055 4453 oculis
2105 4416 2232 4455 vero

653 4492 982 4545 mtecltaris?
1008 4491 1339 4544 Adulterium
1370 4491 1510 4544 enim
1533 4499 1614 4543 est
1642 4505 1745 4543 non
1779 4490 1887 4558 ipsa
1921 4491 2078 4544 modo
2100 4505 2231 4544 con-

653 4583 929 4651 glutinatio
974 4593 1063 4635 aut
1108 4581 1296 4650 copula
1347 4581 1590 4648 corporis
1621 4622 1635 4641 ,
1691 4581 1784 4633 sed
1831 4591 1882 4632 et
1939 4580 2234 4648 impudicus

650 4674 814 4725 visus.
846 4674 974 4736 Quae
999 4673 1194 4726 utilitas
1216 4687 1335 4725 cum
1367 4672 1489 4724 illuc
1518 4669 1638 4724 hinc
1665 4671 1777 4723 aliis
1801 4673 1822 4722 ’ἐ
1859 4671 1966 4736 Ego
2003 4672 2230 4736 corrigo,

653 4765 740 4816 ille
783 4765 1075 4829 Corrumpit
1108 4781 1119 4814 :
1148 4778 1246 4832 ego
1297 4761 1589 4816 medicinas
1640 4763 1826 4814 morbo
1868 4761 2114 4826 adhibeo,
2147 4761 2234 4814 ille

651 4868 866 4907 causam
913 4854 1079 4906 morbi
1133 4854 1395 4906 ministrat
1423 4870 1437 4905 :
1469 4866 1567 4920 ego
1599 4862 1800 4905 natura:
1829 4849 2094 4904 ﬂammam
2138 4867 2232 4904 ex-

652 4948 898 5014 slinguo,
954 4947 1041 4999 ille
1091 4945 1320 4998 libidinis
1351 4943 1614 4998 ﬂammam
1663 4941 1922 4995 acet-tulit.
1977 4944 2105 5007 Qua:
2127 4943 2235 4995 uti-

654 5036 773 5089 litas
801 5077 817 5101 ,
867 5036 952 5089 die
999 5033 1127 5089 mihi
1155 5036 1177 5087 ἲ
1222 5034 1364 5088 Unus
1390 5036 1648 5100 adiﬁcans
1699 5042 1746 5085 et
1771 5049 1898 5086 unus
1922 5034 2179 5086 destruens
2217 5049 2235 5085 :

651 5129 772 5196 quid
823 5128 1010 5181 lurratt’
1060 5137 1175 5180 sunt
1236 5129 1349 5196 plus
1411 5143 1562 5195 quam
1634 5119 1824 5176 labores
1874 5123 2082 5194 (Eccli.
2143 5125 2229 5178 54.

652 5218 788 5287 28).
844 5216 1239 5287 Non'ergohic
1293 5217 1522 5280 etillic,
1596 5214 1689 5268 sed
1744 5215 1828 5268 hic
1883 5218 2052 5268 solum
2105 5230 2234 5268 con-

655 5323 947 5372 versemur,
969 5325 1074 5377 quo
1105 5308 1392 5369 frnctttosc,
1421 5323 1526 5376 quo
1552 5321 1658 5359 non
1691 5305 1740 5358 in
1769 5319 1958 5357 vanum
1991 5306 2096 5369 hic,
2129 5319 2234 5376 quo

655 5413 760 5452 non
790 5400 1062 5461 inutiliter.
1081 5415 1252 5468 neque
1276 5399 1340 5454 ad
1359 5399 1753 5452 damnatiOnem
1777 5415 1790 5450 :
1815 5395 1954 5451 Unus
1974 5398 2235 5466 (ediﬁce—ns

651 5502 701 5545 et
727 5507 857 5544 unus
874 5492 1132 5545 destructis
1155 5508 1173 5545 :
1201 5489 1321 5560 quid
1352 5490 1532 5543 lurrati
1552 5499 1666 5542 sunt
1696 5490 1808 5557 plus
1827 5505 1977 5560 quam
2000 5489 2235 5543 labores!

658 5583 726 5639 Et
752 5585 991 5652 quamvis
1020 5583 1169 5638 multi
1199 5583 1520 5639 mdificantes
1549 5581 1744 5649 forent,
1769 5597 1904 5636 unus
1951 5597 2084 5636 vero
2133 5580 2231 5636 de-

719 5742 734 5770 ί
775 5739 927 5788 verba
948 5751 1106 5799 usque
1130 5736 1207 5795 ad,
1227 5738 1329 5788 hac
1356 5736 1444 5788 illa
1465 5737 1618 5802 pejor,
1637 5736 2038 5787 desiderabantur
2057 5749 2106 5788 tu
2127 5733 2236 5789 Edi-

653 5801 743 5861 ωε
767 5802 856 5850 sed
876 5814 938 5850 ex
962 5803 1121 5850 Ottob.
1148 5808 1199 5849 et
1221 5806 1405 5850 tiaroec.
1430 5801 1654 5851 restituta
1676 5806 1806 5849 sunt.

1319 387 1375 444 s.
1417 386 1694 445 JOANNIS
1730 365 2194 442 atnvsbsrottt
2232 383 2547 441 saetosa.
2585 386 3113 444 CONSTANTINOI'.

3830 387 3931 443 ειδ

2336 506 2570 563 struens,
2595 497 2844 555 facilitate
2865 501 3228 558 subversionis
3251 503 3629 558 ardilicautimn
3645 501 3934 557 multitudo

2336 587 2585 641 vincitur.
2621 589 2819 659 Magna:
2861 593 3100 661 profecto
3133 595 3474 666 turpitudinis
3518 604 3573 650 et
3612 596 3841 664 juvenes
3873 603 3934 648 et

2338 691 2496 735 tenes
2526 677 2592 732 ad
2637 682 2743 735 tale
2797 682 3031 736 studimn
3078 683 3357 740 feSIiuare.
3389 685 3494 740 Sed
3525 685 3727 739 utinam
3760 698 3934 752 usque

2341 765 2408 821 ad
2439 770 2817 838 turpitudinem
2846 783 2987 827 esset
3018 774 3215 829 malum
3247 793 3261 831 :
3288 777 3498 832 tametsi
3539 775 3594 830 id
3625 775 3831 829 homini
3859 776 3931 826 li-

2337 859 2467 913 bero
2495 860 2826 918 intolerabile
2852 865 3074 918 fortasse
3100 865 3330 932 videtur,
3348 878 3401 922 et
3430 867 3688 922 damnum
3703 865 3934 920 eordato

2337 953 2649 1017 maximum,
2674 954 2715 1005 si
2742 955 3064 1022 turpitudine
3086 966 3138 1010 et
3157 957 3444 1026 ignominia
3467 968 3715 1018 notetur;
3741 971 3932 1010 verum

2337 1054 2441 1092 non
2469 1041 2532 1092 ad
2561 1041 2898 1109 ignominiam
2922 1059 3088 1113 usque
3119 1056 3319 1099 tantum
3349 1063 3501 1115 pwna
3530 1045 3794 1116 procedit,
3833 1048 3934 1099 st-d

2338 1131 2468 1184 ultio
2497 1132 2678 1200 ingens
2707 1147 2768 1185 ac
2795 1136 3110 1202 supplicium
3137 1136 3378 1190 imminet
3407 1155 3420 1190 :
3444 1152 3663 1191 necesse
3683 1145 3767 1190 est
3783 1137 3930 1190 enim

2338 1221 2444 1274 illic
2463 1223 2709 1276 sedentes
2728 1237 2941 1291 peccato
2956 1225 3202 1280 adulterii
3220 1243 3406 1282 omnes
3428 1229 3614 1290 teneri,
3641 1241 3746 1281 non
3775 1227 3926 1296 quod

2337 1311 2404 1364 ibi
2460 1312 2772 1366 mulieribus
2818 1314 3154 1379 capulentur.
3198 1317 3292 1371 sed
3321 1317 3463 1386 quod
3507 1316 3786 1385 impudicis
3830 1328 3932 1369 eas

2337 1401 2638 1455 intm-autur
2679 1403 2867 1456 oculis.
2912 1404 3122 1458 Etenim
3173 1406 3273 1460 hos
3295 1420 3506 1476 quoque
3544 1420 3766 1460 necesse
3804 1419 3933 1460 esse

2335 1495 2598 1548 adulterio
2621 1499 2785 1548 teneri
2814 1507 2869 1549 ut
2892 1497 3218 1566 intelligatis.
3241 1515 3344 1551 ttott
3369 1514 3541 1552 memn
3568 1498 3720 1552 vobis
3748 1496 3930 1550 dicam

2336 1601 2658 1653 sermonem,
2698 1603 2764 1644 ue
2813 1590 2945 1643 forte
2974 1589 3303 1659 despiciatis,
3344 1591 3435 1646 sed
3483 1591 3713 1643 divinam
3754 1589 3932 1658 legem

2335 1678 2632 1746 expficabo,
2653 1679 2739 1731 ubi
2769 1679 3041 1748 despectui
3071 1695 3400 1749 nequaquam
3433 1680 3603 1733 locus.
3633 1678 3769 1746 Quid
3796 1693 3932 1746 ergo

2334 1767 2508 1820 divina
2531 1769 2614 1822 lex
2637 1755 2833 1838 inquit?
2855 1773 3077 1824 Audistis
3092 1771 3208 1842 quia
3235 1771 3419 1823 dictum
3437 1780 3506 1823 est
3525 1770 3743 1839 (antiquis
3763 1785 3781 1822 :
3805 1767 3932 1821 Non

2333 1874 2442 1910 mata
2459 1859 2654 1911 [iuberis
2679 1864 2694 1928 (
2705 1859 2869 1913 Exod.
2893 1860 2981 1914 20.
3015 1863 3103 1931 Η)
3129 1878 3142 1925 ;
3171 1879 3264 1932 ego
3288 1871 3452 1915 autent
3480 1863 3592 1915 dico
3614 1861 3768 1926 vobis,
3794 1860 3934 1927 quod

2335 1949 2632 2018 quicumque
2682 1950 2859 2004 viderit
2898 1953 3154 2005 mulierem
3196 1954 3264 2006 ad
3307 1953 3764 2020 concupiscendum
3789 1969 3930 2016 eant,

2325 2041 2440 2109 jam
2471 2043 2744 2096 moechatus
2769 2053 2840 2096 est
2865 2061 2975 2097 eam
2999 2047 3051 2097 in
3080 2048 3232 2100 corde
3255 2063 3348 2100 suo
3389 2047 3598 2114 (Matth.
3629 2048 3682 2101 5.
3704 2043 3929 2117 27.9.8).

2339 2130 2526 2185 Vidisti
2549 2132 2869 2187 adulterium
2886 2145 3311 2188 consummatum
3342 2137 3364 2189 ἲ
3393 2136 3568 2190 vidisti
3600 2137 3954 2203 completum-

2336 2233 2607 2292 peccatum
2628 2228 2650 2276 Ὺ
2672 2227 2877 2292 etquod
2900 2227 3154 2291 deterius,
3181 2227 3232 2280 in
3254 2228 3514 2282 adulterio
3535 2227 3931 2296 deprehensum

2334 2317 2654 2383 adulterum,
2683 2333 2788 2371 non
2822 2320 3180 2386 humano,sed
3213 2320 3393 2374 divino
3419 2322 3518 2374 sub
3543 2319 3747 2388 judicio
3769 2319 3932 2372 adul-

2336 2406 2454 2461 terii
2477 2423 2622 2461 reum
2651 2423 2792 2472 esse,
2825 2409 2910 2464 ubi
2952 2411 3277 2464 immortales
3303 2421 3425 2465 sont
3455 2426 3644 2479 preme.
3681 2411 3933 2476 Quicum-

2335 2514 2428 2565 que
2458 2501 2588 2551 enim
2617 2501 2792 2552 uiderit
2818 2502 3072 2554 mulierem
3096 2503 3162 2554 ad
3179 2503 3631 2568 concupiscendum
3658 2518 3790 2558 eam.
3815 2505 3933 2568 jam

2336 2590 2609 2641 mire/tatus
2650 2602 2719 2642 est
2753 2607 2864 2642 cum
2905 2592 2954 2643 in
2984 2594 3134 2644 corde
3155 2608 3274 2645 suo.
3303 2593 3416 2645 Non
3457 2595 3615 2644 modo
3655 2593 3928 2654 morbum,

2337 2679 2428 2732 sed
2469 2689 2522 2732 et
2563 2681 2730 2733 morbi
2783 2681 3016 2736 radicem
3057 2683 3272 2748 evellit;
3303 2682 3454 2735 radix
3488 2682 3629 2737 enim
3679 2682 3930 2734 adulterii

2336 2771 2759 2840 concupiscentia
2801 2771 3063 2838 impudica
3111 2789 3124 2823 :
3177 2787 3342 2840 quare
3385 2787 3487 2825 non
3531 2772 3691 2825 modo
3742 2771 3932 2842 plectit

2335 2861 2671 2924 adulterium,
2689 2862 2779 2916 sed
2801 2871 2854 2917 et
2870 2864 3381 2932 Concupiscentiam,
3410 2864 3651 2917 adulterii
3679 2876 3928 2917 matrem.

2336 2955 2423 3008 Sic
2443 2962 2494 3008 et
2520 2956 2708 3008 medici
2758 2954 2976 3020 faciunt,
3010 2972 3112 3008 non
3140 2955 3204 3008 ad
3239 2954 3454 3009 morbos
3489 2955 3688 3008 instant
3728 2956 3929 3020 solum,

2336 3045 2430 3099 sed
2470 3046 2534 3099 ad
2563 3061 2749 3100 causas
2776 3047 2933 3100 etiam
2976 3046 3240 3100 tollendas
3267 3064 3279 3099 :
3311 3046 3451 3116 quod
3483 3047 3526 3100 si
3575 3056 3928 3113 azgrotantem

2336 3135 2545 3188 oculum
2572 3136 2818 3200 viderint,
2850 3151 3066 3205 pravum
3098 3137 3371 3190 humorem
3400 3135 3634 3206 desuper
3658 3151 3690 3188 a
3720 3147 3933 3205 tempo-

2335 3223 2480 3278 ribus
2501 3235 2848 3292 CtlfllpCSCUlll
2873 3245 2884 3278 :
2918 3227 2993 3280 sic
3015 3235 3069 3280 et
3093 3225 3338 3279 Christus
3359 3224 3501 3280 facit.
3534 3225 3762 3279 Caecitas
3789 3225 3932 3280 mala

2336 3324 2416 3367 est
2454 3315 2802 3380 adulterium;
2847 3317 3122 3371 oculorum
3151 3325 3234 3369 est
3263 3315 3501 3373 morbus.
3532 3330 3640 3369 non
3682 3315 3932 3382 corporis

2337 3405 2529 3466 solum,
2577 3405 2671 3458 sed
2711 3405 2900 3458 anima:
2929 3406 3106 3474 prius:
3139 3405 3336 3458 idcirco
3362 3405 3483 3459 inde
3508 3406 3806 3474 compescit
3839 3406 3932 3458 litt-

2337 3509 2541 3548 morem
2573 3494 2918 3562 impudicitia:
2962 3511 3054 3563 per
3102 3497 3346 3548 timorem
3387 3495 3554 3564 legis;
3601 3511 3767 3563 quare
3821 3512 3929 3547 non

2337 3585 2496 3639 modo
2523 3586 2839 3638 adulterium
2862 3585 3034 3654 punit,
3079 3585 3172 3638 sed
3199 3586 3688 3655 concupiscentiam
3714 3601 3932 3653 quoque

2337 3678 2624 3730 ulciscitur.
2659 3675 2780 3729 Jam
2807 3677 3078 3730 moechatus
3119 3688 3191 3730 est
3218 3694 3327 3730 eam
3354 3679 3402 3730 in
3430 3682 3580 3730 corde
3603 3695 3715 3731 suo.
3751 3679 3930 3733 Corde

2335 3778 2510 3822 autem
2538 3778 2807 3836 corrupto,
2835 3784 2954 3837 quae
2986 3768 3235 3838 deinceps
3262 3769 3460 3822 utilitas
3489 3770 3540 3822 in
3571 3771 3778 3838 reliquo
3807 3788 3931 3824 cor-

2335 3857 2987 3924 pore?Quemadmodum
3043 3860 3183 3911 enim
3231 3860 3282 3912 in
3312 3861 3505 3927 plantis
3545 3868 3599 3912 et
3647 3861 3827 3930 lignis,
3879 3863 3927 3916 si

2335 3948 2550 4017 quando
2579 3961 2672 4002 Cor
2697 3963 2912 4003 exesum
2940 3948 3201 4011 videmus,
3229 3951 3486 4019 reliquam
3508 3950 3574 4003 de
3607 3962 3806 4004 caetero
3835 3967 3929 4006 re—

2339 4039 2620 4108 pudiamus
2653 4049 2857 4105 partem
2883 4057 2896 4093 :
2921 4039 3002 4094 sic
3025 4049 3081 4093 et
3108 4042 3158 4094 in
3189 4043 3400 4094 homine
3427 4056 3547 4094 cum
3592 4042 3643 4094 id
3683 4044 3928 4111 perierit,

2337 4131 2600 4184 incassum
2615 4143 2692 4184 ρει
2711 4129 2831 4184 inde
2845 4130 3044 4199 reliqua
3062 4132 3300 4198 corporis
3313 4135 3528 4186 Sanitas.
3552 4135 3588 4185 Α
3600 4134 3746 4202 urigzi
3767 4135 3927 4202 perit,

2338 4221 2552 4285 fractus,
2569 4224 2804 4290 dejecms
2821 4231 2923 4288 est,
2939 4223 3134 4276 frustra
3161 4225 3211 4276 iu
3232 4233 3500 4290 posterum
3523 4224 3642 4292 equi
3665 4235 3888 4279 currunt
3911 4244 3925 4278 :

2338 4314 2600 4366 laboriosa
2647 4302 2743 4368 lexr
2767 4323 2821 4367 et
2869 4316 3090 4368 multum
3117 4315 3297 4367 oneris
3339 4315 3496 4369 habet
3527 4333 3540 4369 :
3567 4316 3646 4369 sic
3686 4317 3846 4386 igitur
3873 4328 3931 4373 et

2337 4421 2582 4473 magnam
2620 4406 2778 4460 habet
2802 4421 3074 4460 coronam.
3117 4407 3388 4473 Ejusmodi
3418 4416 3540 4460 sunt
3563 4409 3706 4460 enim
3739 4423 3826 4462 res
3856 4410 3932 4462 la-

2338 4496 2604 4560 boriose;
2631 4511 2849 4565 magnas
2897 4497 3093 4550 habent
3139 4498 3537 4550 retributiones.
3567 4497 3647 4550 Tu
3675 4514 3806 4551 vero
3836 4515 3930 4554 nev

2335 4604 2598 4658 quaquam
2614 4589 2846 4641 laborem
2866 4588 3076 4643 attende
3095 4631 3108 4650 ,
3143 4590 3233 4643 sed
3256 4590 3656 4644 retrilnttimtem
3674 4593 3930 4646 conside-

2337 4699 2395 4737 ra
2422 4700 2436 4737 :
2470 4683 2547 4736 sic
2572 4691 2621 4736 et
2651 4683 2701 4735 in
2727 4683 2847 4735 vitae
2869 4683 3026 4737 rebus
3049 4681 3124 4736 fit.
3153 4682 3206 4734 Si
3235 4682 3375 4734 enim
3406 4682 3638 4735 laborem
3663 4682 3933 4736 bonorum

2337 4793 2559 4845 operum
2594 4779 2951 4845 prospexeris,
2983 4791 3142 4846 grave
3169 4786 3328 4845 atque
3354 4792 3637 4830 onerosum
3670 4792 3688 4839 ;
3719 4777 3763 4829 si
3799 4793 3932 4830 vero

2340 4870 2741 4922 retributionem
2774 4869 3109 4938 cogitaveris,
3137 4869 3253 4920 leve
3276 4877 3329 4921 et
3368 4867 3520 4920 facile
3550 4866 3687 4935 quod
3719 4869 3927 4920 subest.

2338 4962 2426 5016 Sic
2457 4970 2508 5015 et
2532 4959 2874 5028 gubernator,
2899 4961 2941 5010 si
2967 4957 3159 5012 ﬂuetus
3191 4959 3384 5011 viderit
3410 4957 3604 5019 Sttittttt,
3632 4971 3931 5025 numquam

2338 5069 2370 5107 e
2399 5064 2548 5120 portu
2593 5052 2787 5120 scapha
2838 5051 3186 5120 digredietur,
3229 5051 3322 5102 sed
3368 5051 3411 5101 si
3453 5060 3713 5117 quaestum
3757 5050 3926 5114 prius,

2339 5159 2495 5212 quant
2515 5143 2704 5198 ﬂuctus
2727 5146 3038 5211 reSpexerit.
3060 5152 3184 5199 tunc
3203 5144 3516 5196 immensum
3536 5141 3683 5193 adire
3704 5141 3930 5212 pelagus

2340 5237 2518 5291 audet.
2549 5237 2635 5290 Sic
2673 5245 2726 5292 et
2754 5237 2904 5290 miles
2930 5235 2972 5289 si
3002 5235 3216 5289 vulnera
3251 5234 3532 5301 cazdcsque
3557 5233 3767 5294 viderit,
3800 5247 3931 5284 nus-

2340 5345 2496 5398 quam
2518 5329 2699 5382 induet
2716 5329 2987 5382 thoracem
3010 5345 3025 5392 ;
3049 5328 3090 5381 si
3108 5343 3234 5380 vero
3255 5327 3548 5392 triumphos
3569 5325 3929 5392 victoriasque

2343 5422 2509 5489 prius,
2535 5431 2691 5490 quam
2723 5421 2959 5480 vulnera.
2995 5429 3262 5489 tamquam
3313 5416 3377 5471 ad
3419 5425 3627 5486 pratum
3655 5418 3821 5468 currit
3859 5415 3931 5469 ad

2341 5511 2605 5580 pt'aaiium.
2637 5513 2768 5578 Qua:
2807 5511 2948 5565 enim
2991 5521 3177 5563 natura
3215 5510 3415 5578 gravia,
3465 5509 3546 5562 sic
3573 5506 3714 5561 levia
3769 5509 3927 5572 fiunt,

2340 5616 2460 5656 cum
2479 5602 2589 5669 jam
2622 5617 2726 5655 non
2758 5601 2968 5655 labores
3013 5601 3327 5669 cogitamus,
3383 5597 3476 5653 sed
3509 5598 3656 5666 ipsos
3680 5597 3928 5652 laborum

2341 5693 2541 5748 fructus
2567 5692 2988 5747 consideramus.
3017 5676 3299 5745 Discerene
3327 5688 3411 5744 vis
3436 5688 3706 5756 quomodo
3736 5697 3933 5744 natura

2342 5783 2543 5856 gravia,
2576 5783 2711 5839 levia
2745 5783 2914 5839 fiunt?
2943 5782 3164 5839 Paulum
3197 5781 3320 5838 audi
3363 5779 3662 5836 dicentem:
3694 5775 3835 5833 Nam
3880 5789 3932 5833 rt
