4164 6324
290 395 394 448 317

288 514 459 577 ipsum
489 515 893 560 momentaneum
923 512 968 556 et
993 503 1098 557 leve
1124 501 1458 556 ttibttlationis
1488 514 1675 556 nostra?
1724 520 1879 572 supra

288 604 498 656 modum
523 603 575 653 in
601 598 927 661 sublimitate,
952 607 1192 650 aeternam
1222 596 1400 665 gloria'
1427 596 1622 659 pondus
1645 606 1882 663 operatur

283 700 340 750 in
362 697 503 749 nobis
528 691 606 762 (2.
632 693 754 749 Cor.
782 693 834 747 4.
870 693 974 761 17).
1009 688 1255 759 ᾸΕιιίειιια
1284 698 1365 742 est
1391 688 1534 757 quod
1562 687 1756 741 dicitur
1791 707 1801 740 :
1836 704 1879 743 ει

286 786 664 849 tribulationis,
697 785 962 853 quomodo
995 785 1110 836 leve
1135 781 1224 835 ?si
1257 781 1388 844 leve,
1421 779 1866 850 quomodotribu-

285 878 547 932 lntionis?
588 878 702 931 haec
740 876 882 929 enim
910 881 1225 942 repugnant.
1289 871 1394 925 Sed
1425 871 1583 924 solvit
1624 870 1874 939 aenigma,

278 986 405 1024 cum
446 984 540 1037 per
574 967 897 1021 additionem
938 963 1171 1017 05tendit
1202 963 1488 1017 levitatem.
1514 960 1793 1026 Quomodo
1818 961 1875 1012 ‘1'

280 1061 407 1115 Non
434 1063 540 1115 [nec
569 1076 682 1131 qua!
714 1060 944 1135 uidentur
965 1059 1106 1111 nobis
1132 1058 1396 1111 dumtaxat
1415 1056 1870 1109 considerantibus.

275 1155 546 1208 Coronam
600 1151 913 1220 proposuit.
965 1164 1031 1204 ac
1087 1159 1358 1204 certamen
1416 1148 1533 1202 leve
1575 1146 1807 1200 reddidit
1854 1164 1865 1199 :

273 1245 517 1300 ostendit
538 1244 801 1307 bravium,
819 1250 873 1295 et
895 1240 1243 1295 desudantem
1270 1237 1471 1292 solatus
1490 1247 1591 1323 est.
1611 1236 1689 1289 Tu
1716 1250 1864 1305 ergo,

270 1352 399 1391 cum
430 1337 704 1390 mulierem
735 1333 933 1389 videris
959 1330 1268 1395 formosam,
1302 1329 1451 1383 vultu
1473 1327 1863 1397 splendentem,

271 1438 522 1481 ornatam
571 1426 730 1489 stola,
762 1439 882 1478 cum
917 1422 1115 1476 videris
1144 1420 1414 1474 libidinem
1461 1420 1781 1482 titillantem,
1812 1426 1867 1472 et

267 1525 494 1587 aspectu
538 1515 1005 1585 concupiscentem
1059 1512 1291 1566 animam
1338 1526 1353 1562 ε
1395 1508 1602 1579 respice
1632 1508 1865 1578 desuper

206 1666 218 1677 ,
266 1617 502 1661 stantem
538 1621 814 1674 coronam,
848 1618 954 1674 quo
983 1605 1085 1657 tale
1137 1600 1497 1672 Spectaculum
1549 1609 1860 1669 praetereas.

272 1701 460 1754 Vidisti
487 1698 825 1754 conservam?
845 1698 1125 1750 Dominum
1138 1693 1436 1760 considera,
1458 1702 1616 1763 atque
1641 1691 1862 1746 omnino

274 1793 525 1845 morbum
557 1789 791 1845 curabis.
837 1786 892 1841 Si
941 1786 1081 1841 enim
1113 1786 1202 1855 qui
1246 1784 1490 1855 discipuli
1518 1784 1857 1853 pazdagogum

260 1892 583 1951 sequuntur,
611 1894 716 1934 non
742 1888 1018 1949 vagantur,
1035 1892 1138 1931 non
1167 1878 1274 1930 otio
1297 1884 1526 1945 torpent,
1556 1892 1662 1929 non
1681 1875 1857 1928 studio

260 1974 567 2025 desistunt:
601 1971 769 2024 multo
822 1970 991 2040 magis
1022 1977 1095 2033 tu,
1139 1968 1184 2021 si
1216 1965 1489 2021 Christum
1536 1967 1683 2036 quasi
1713 1981 1854 2036 pra:-

264 2076 478 2118 sentem
501 2063 916 2132 cogitationibus
942 2060 1216 2124 intuearis,
1243 2059 1372 2112 nihil
1398 2058 1589 2112 horum
1616 2058 1851 2127 patieris.

268 2157 374 2220 Qui
392 2157 650 2208 mulierem
675 2155 851 2207 viderit
876 2153 944 2206 ad
963 2151 1415 2223 concupiscendum
1440 2167 1571 2213 eam,
1594 2152 1708 2220 jam
1732 2166 1854 2203 mae-

255 2249 442 2303 chatus
471 2259 541 2303 est
571 2264 680 2313 eam
704 2248 756 2298 in
781 2246 931 2299 corde
956 2261 1046 2297 suo
1069 2245 1277 2317 (Matth.
1298 2246 1352 2298 5.
1377 2243 1491 2314 28).
1519 2243 1759 2297 iucunde
1788 2257 1853 2298 ac

259 2341 464 2409 satpius
491 2334 853 2407 legis‘scripta
894 2338 1009 2406 lego
1036 2354 1049 2390 :
1084 2336 1283 2390 utinam
1314 2345 1369 2391 et
1398 2351 1493 2406 per
1518 2346 1684 2390 totum
1706 2336 1849 2391 diem

254 2432 328 2485 ad
356 2446 449 2484 vos
478 2429 668 2485 eadem
709 2429 868 2483 verba
900 2428 1076 2482 facere
1100 2442 1345 2497 possem:
1378 2428 1484 2481 imo
1513 2442 1616 2482 non
1643 2427 1709 2480 ad
1731 2442 1847 2491 vos,

252 2523 354 2577 sed
409 2522 477 2576 ad
505 2536 599 2575 eos
623 2521 715 2591 qui
763 2521 996 2589 peccatis
1045 2528 1172 2574 sunt
1202 2520 1419 2574 obnoxii
1449 2538 1462 2584 ;
1495 2520 1603 2573 imo
1656 2520 1724 2573 ad
1752 2534 1848 2575 vos

252 2627 471 2682 quoque
493 2618 508 2664 2
533 2626 655 2665 nam
679 2627 777 2666 vos
800 2611 1062 2665 ﬁrmiores
1090 2613 1301 2675 essetis,
1336 2620 1391 2665 et
1417 2612 1505 2680 qui
1537 2611 1728 2664 morbo
1770 2610 1850 2664 la-

251 2705 473 2770 borant,
503 2702 570 2758 ad
599 2708 883 2757 sanitatem
914 2702 1071 2757 citius
1111 2703 1367 2757 redirent.
1402 2702 1502 2769 Qui
1526 2702 1705 2755 viderit
1730 2718 1845 2754 mu-

251 2796 430 2849 lierem
456 2796 523 2848 ad
542 2796 994 2864 concupiscendum
1016 2810 1175 2859 eam,._
1184 2795 1299 2863 jam
1340 2796 1614 2848 nunc/tatus
1637 2803 1709 2847 est
1738 2809 1846 2847 eam

250 2890 306 2942 in
326 2889 481 2942 corde
505 2903 617 2941 suo.

328 2981 383 3034 '5.
426 2980 710 3035 Sufﬁciunt
742 2978 810 3033 ad
846 2994 1057 3033 omnem
1091 2978 1289 3048 peccati
1320 2980 1564 3034 morbum
1610 2996 1842 3051 purgan-

248 3074 381 3128 dum
415 3072 553 3125 nuda
581 3072 694 3125 lucc
715 3072 871 3126 verba
904 3071 1144 3125 recitata.
1172 3070 1275 3152 sed
1305 3072 1561 3139 ignoscite
1588 3088 1603 3123 :
1626 3072 1844 3125 vulnera

253 3182 566 3237 purgamus,
600 3166 817 3219 vulnera
850 3178 972 3218 vero
1000 3173 1308 3234 purgantem
1342 3179 1560 3218 necesse
1590 3174 1671 3218 est
1696 3180 1842 3218 ama-

249 3275 342 3314 ras
380 3259 673 3313 medicinas
718 3260 1012 3327 imponere.
1060 3258 1266 3323 Quanto
1296 3270 1423 3309 vero
1450 3257 1617 3325 magis
1662 3268 1840 3326 porta-

247 3352 377 3405 bilis
405 3350 568 3405 verba
594 3391 608 3416 ,
644 3358 788 3403 tanto
835 3349 999 3419 magis
1028 3348 1335 3417 purgabitur
1364 3348 1527 3401 virus.
1574 3348 1838 3415 Quemad-

248 3441 471 3499 modum
501 3444 641 3495 cnim
676 3441 811 3510 ignis
840 3452 1025 3493 natura
1056 3449 1252 3508 quanto
1294 3440 1459 3509 magis
1489 3440 1601 3493 auri
1638 3451 1841 3492 natura:

246 3532 565 3592 cohaerebit,
616 3540 764 3584 tanto
798 3532 965 3601 magis
1012 3532 1307 3600 rubiginem
1347 3535 1611 3586 consumit
1642 3550 1655 3585 :
1685 3533 1759 3586 sic
1789 3545 1841 3587 et

249 3623 508 3675 horumce
536 3622 819 3675 verborum
854 3623 1012 3674 timor
1041 3634 1235 3691 quanto
1266 3624 1433 3692 magis
1460 3634 1648 3677 vestra:
1676 3624 1838 3677 tuenti

246 3713 607 3781 imprimetnr,
644 3722 789 3765 tanto
829 3714 996 3781 magis
1037 3723 1310 3783 peccatum
1346 3716 1688 3783 impudicitire
1715 3732 1839 3786 pur-

244 3803 414 3872 gabit.
448 3803 544 3856 llic
574 3805 695 3872 igne
721 3808 1107 3869 examinentus,
1140 3807 1303 3860 verbo
1328 3809 1531 3862 scilicet
1557 3808 1833 3877 doctrinae,

245 3908 356 3963 quo
385 3894 561 3947 minus
602 3895 1050 3965 ipsumcogamur
1077 3898 1382 3951 examinare
1398 3900 1665 3968 gehenme
1695 3902 1831 3971 igne.

244 3989 381 4042 Nam
410 3999 682 4058 purgatam
708 3991 937 4044 animam
965 3974 1087 4044 hinc
1114 3992 1396 4047 abeuntem
1429 3993 1515 4047 ille
1544 4010 1648 4048 non
1680 3996 1837 4052 laedet

241 4081 386 4150 ignis
410 4097 425 4145 ;
453 4097 570 4134 eam
602 4092 775 4135 autem
806 4098 923 4151 quae
949 4098 1067 4137 cum
1100 4086 1330 4153 peccatis
1358 4085 1478 4141 hinc
1505 4089 1714 4152 abierit,
1748 4090 1834 4145 ille

242 4172 386 4242 ignis
414 4174 665 4243 excipiet.
703 4172 1107 4245 Uniuscujusqae
1134 4177 1265 4228 enim
1290 4194 1416 4246 opus
1445 4181 1613 4247 quale,
1642 4181 1829 4250 inquit,

239 4265 344 4327 sit,
379 4264 510 4333 ignis
540 4264 766 4333 probabit
794 4264 869 4338 (1.
897 4265 1013 4318 Cor.
1039 4264 1091 4318 '5.
1120 4267 1185 4321 15
1204 4270 1244 4336 ).
1280 4267 1571 4323 l’robemus
1598 4282 1832 4326 nosmet-

240 4358 393 4426 ipsos
435 4372 575 4409 nunc
619 4357 735 4410 sine
779 4356 996 4423 dolore,
1028 4373 1132 4427 quo
1180 4374 1279 4413 nec
1321 4374 1440 4413 cum
1478 4362 1662 4417 dolore
1707 4373 1831 4418 tunc

242 4445 553 4514 probemur.
580 4445 842 4514 Quidquid
863 4446 1085 4510 dixeris,
1109 4448 1295 4517 inquit,
1322 4449 1582 4505 laboriosa
1609 4462 1692 4507 est
1719 4455 1827 4508 lex.

236 4536 380 4604 Quid
421 4537 621 4606 igitur?
669 4539 1013 4606 impossibilia
1055 4542 1267 4595 mandat
1305 4545 1456 4598 nobis
1486 4545 1623 4601 Deus
1644 4546 1667 4599 ?
1688 4547 1827 4615 Non,

236 4631 456 4698 inquam
483 4629 822 4693 ;obmutesce
846 4633 889 4693 ³,
922 4647 1093 4700 neque
1124 4632 1398 4688 Dominum
1428 4652 1644 4693 accuses
1675 4657 1687 4691 :
1722 4655 1826 4695 non

236 4721 385 4775 enim
412 4720 499 4774 hic
523 4721 882 4775 excusationis
910 4723 1118 4790 modus,
1143 4724 1237 4777 sed
1268 4728 1469 4795 peccati
1496 4728 1827 4784 additamen-

238 4823 353 4865 tum
400 4812 565 4879 priori
612 4811 796 4890 pejus._
824 4810 977 4878 Quod
1025 4822 1200 4868 autem
1234 4828 1569 4885 peccatorum
1614 4821 1826 4890 plurimi

234 4902 620 4956 consueverint
664 4903 713 4956 in
748 4888 1026 4958 Dominum
1076 4920 1199 4960 suas
1245 4911 1611 4967 accusationes
1650 4923 1823 4968 retor-

231 5007 420 5062 quare,
454 4994 598 5047 audi.
646 4995 883 5049 Accessit
911 4995 1001 5049 ille
1041 4996 1123 5050 cui
1156 4998 1350 5053 talenta
1376 5005 1606 5073 quinque
1634 5005 1821 5060 tradita

234 5084 479 5150 fuerant,
508 5094 563 5141 et
585 5086 687 5141 alia
726 5089 957 5157 quinque
983 5088 1160 5143 attulit
1187 5107 1202 5144 :
1229 5094 1455 5147 accessit
1480 5097 1562 5148 'cui
1602 5096 1738 5162 duo,
1769 5108 1824 5154 et

231 5176 338 5229 alia
362 5175 471 5230 duo
495 5177 672 5231 attulit
703 5196 716 5231 :
749 5181 975 5234 accessit
999 5181 1083 5235 cui
1114 5196 1276 5235 unum
1305 5182 1401 5237 fuit
1429 5186 1689 5241 creditum
1712 5230 1726 5254 ,
1768 5199 1822 5244 et

232 5266 491 5333 quoniam
521 5281 629 5320 non
661 5266 844 5323 habuit
871 5271 1126 5325 talentum
1153 5272 1293 5327 aliud
1318 5276 1456 5344 quod
1487 5277 1678 5345 ferret,
1723 5296 1821 5350 pro

233 5357 436 5411 talento
461 5359 853 5413 accusationem
876 5361 1071 5414 attulit.
1100 5361 1415 5428 Quomodo?
1441 5365 1599 5433 Novi,
1627 5369 1815 5439 inquit,

227 5446 365 5515 quod
390 5458 622 5501 austeras
648 5450 716 5502 sis
740 5447 950 5514 (Matth.
972 5451 1061 5506 25.
1083 5452 1197 5524 24).
1227 5454 1271 5508 0
1295 5456 1433 5511 servi
1462 5461 1813 5527 proterviam!

295 5620 311 5651 ⁸
347 5625 450 5671 Duo
468 5624 661 5686 Itss._sic
680 5620 854 5686 legunt
876 5623 1004 5673 hunc
1024 5623 1180 5672 locum
1206 5628 1451 5677 tastendit
1473 5627 1721 5686 levitatem.
1748 5634 1816 5683 le-

227 5679 777 5775 ωσιαιιιιξὸιιιαιὶοπὶἓ.
795 5686 1033 5744 quomodo
1047 5686 1193 5747 igitur
1211 5695 1279 5737 est
1296 5688 1612 5743 tribulationis
1633 5679 1813 5757 usus,

292 5756 523 5865 me"
547 5802 687 5867 obeat
706 5784 752 5855 et
774 5804 1066 5867 obmutesce;
1082 5821 1178 5858 non
1201 5809 1345 5860 mle.

517 5887 826 5955 ,Ρη-κοί..
876 5894 992 5954 Gn.
1040 5898 1256 5959 XLIX.

1438 388 1523 441 DE
1563 387 2026 453 I‘GSNITENTM.
2071 392 2297 452 HOMIL.
2349 396 2432 452 Vl.

3474 412 3577 468 518

1994 521 2099 560 non
2126 518 2406 565 contentus
2438 521 2655 581 peccato
2680 514 2838 570 etiam
2868 526 3051 573 contra
3082 519 3357 577 dominum
3396 527 3580 580 statuit

1990 605 2381 658 accusationem
2414 624 2427 659 :
2458 605 2657 662 Metens
2695 610 2782 663 ubi
2825 627 2925 664 non
2972 614 3265 683 seminasti,
3306 627 3351 669 et
3398 617 3578 672 tollens

1986 692 2122 759 quod
2147 709 2245 747 non
2275 696 2553 762 dispersisti
2579 697 2728 768 (Luc.
2754 701 2841 756 19.
2861 698 2976 772 21).
3020 701 3107 757 Sic
3146 713 3201 759 et
3244 704 3294 758 in
3328 708 3573 775 prazsenti

1988 783 2090 836 vita
2140 796 2397 854 quotquot
2444 788 2576 843 nihil
2624 802 2913 859 operantur
2956 793 3101 855 boui,
3152 794 3572 852 additamentum

1984 874 2241 928 malorum
2294 891 2512 932 suorum
2570 877 2769 935 faciunt
2800 924 2814 947 ,
2867 885 3262 940 accusationem
3312 886 3573 947 adversus

1982 963 2287 1023 Dominum.

2048 1054 2190 1111 Deus
2220 1060 2420 1119 nonnisi
2457 1062 2716 1132 possibilia
2741 1060 2969 1118 mandat.
2992 1094 3063 1106 -—
3087 1064 3435 1139 Nequaquam
3472 1070 3571 1140 igi-

1978 1152 2064 1199 tur
2104 1145 2386 1204 Dominum
2441 1151 2652 1208 incuses
2689 1169 2702 1207 :
2740 1154 2881 1209 haud
2929 1155 3147 1212 mandat
3198 1158 3563 1227 impossibilia.

1981 1236 2068 1290 Vis
2103 1237 2315 1295 discere
2343 1241 2517 1311 ipsum
2556 1258 2663 1297 non
2692 1246 2948 1302 mandare
2988 1245 3383 1316 impossibilia?
3418 1249 3579 1306 Multi

1971 1336 2026 1382 et
2051 1328 2165 1399 ipsa
2190 1342 2445 1401 superant
2468 1336 2753 1403 mandata;
2785 1346 2840 1392 at
2864 1339 2908 1393 si
2936 1340 3285 1408 impossibilia
3313 1342 3560 1407 fuissent,

1970 1436 2077 1476 non
2121 1438 2218 1477 sua
2260 1434 2452 1496 Sponte
2490 1438 2852 1497 superassent.
2883 1429 3255 1501 Virginitatem
3298 1448 3561 1505 nusquam

1969 1514 2208 1582 mandat,
2241 1525 2297 1571 et
2321 1517 2463 1572 illam
2492 1520 2643 1574 multi
2673 1524 2888 1578 servant
2921 1541 2935 1578 :
2969 1524 3022 1578 in
3054 1524 3210 1580 bonis
3234 1526 3363 1580 nihil
3392 1528 3561 1597 possi-

1964 1602 2094 1659 dere
2122 1620 2383 1675 nusquam
2411 1610 2661 1678 mandat,
2692 1621 2748 1666 et
2768 1628 2797 1665 a
2828 1628 2887 1668 se
2910 1615 3180 1684 propriam
3209 1609 3557 1672 substantiam

1966 1694 2119 1747 multi
2144 1695 2419 1766 abjiciunt,
2450 1700 2580 1769 ipsis
2604 1702 2856 1772 operibus
2878 1704 3163 1760 reddentes
3194 1706 3553 1763 testimonium

1962 1784 2166 1855 legibus
2187 1788 2556 1846 mandatorum
2580 1792 2757 1849 inesse
2777 1795 3001 1849 multum
3025 1796 3290 1852 facilitatis
3314 1815 3328 1851 :
3353 1815 3555 1871 nequa-

1960 1890 2118 1945 quam
2146 1878 2287 1932 enim
2318 1893 2660 1949 superassent
2689 1899 2773 1950 ea,
2803 1886 2903 1940 nisi
2929 1886 3121 1953 facilia,
3151 1904 3271 1958 qua:
3300 1892 3550 1946 mandata

1960 1976 2106 2035 sunt,
2133 1980 2334 2025 essent.
2365 1970 2483 2026 Non
2510 1973 2780 2029 mandavit
2802 1976 3160 2047 virginitatem
3196 1997 3209 2031 :
3240 1991 3361 2034 nam
3394 1981 3552 2051 virgi-

1958 2058 2182 2119 nitatem
2226 2062 2315 2130 qui
2359 2064 2596 2131 mandat,
2630 2068 2932 2122 necessitati
2975 2069 3107 2139 legis
3147 2070 3361 2139 subjicit
3385 2074 3546 2126 etiam

1958 2163 2063 2202 non
2096 2150 2400 2217 volentem;
2441 2154 2532 2223 qui
2562 2170 2689 2210 vero
2730 2156 3016 2224 admonet,
3048 2158 3343 2214 auditorem
3381 2163 3546 2217 relin-

1957 2242 2072 2311 quit
2108 2243 2382 2299 dominum
2420 2248 2649 2316 propriae
2676 2248 2980 2305 voluntatis.
3024 2251 3310 2321 Propterea
3350 2253 3544 2309 Paulus

1955 2332 2124 2403 inquit
2156 2351 2170 2387 :
2203 2332 2295 2389 De
2325 2338 2601 2409 virginibus
2645 2350 2812 2394 autem
2850 2354 3154 2412 praceptum
3199 2343 3407 2398 Domini
3443 2363 3544 2399 non

1953 2424 2148 2491 habeo;
2173 2429 2442 2482 consilium
2469 2438 2635 2484 autem
2661 2433 2726 2497 do
2754 2432 2829 2503 (1.
2856 2431 2974 2488 Cor.
2997 2435 3050 2489 7.
3073 2434 3188 2507 25).
3220 2436 3409 2492 Cernis
3437 2454 3541 2493 non

1953 2516 2281 2581 mandatum,
2328 2518 2425 2575 sed
2468 2522 2791 2577 consilium?
2844 2526 3019 2580 cernis
3057 2543 3161 2582 non
3192 2540 3537 2600 praeceptum,

1952 2605 2048 2659 sed
2078 2606 2535 2666 admonitionem?
2572 2613 2789 2669 Multum
2835 2625 2917 2672 est
2960 2618 3336 2675 intermedium
3368 2639 3379 2674 :
3411 2624 3540 2678 alte-

1950 2712 2065 2751 rum
2094 2701 2429 2757 necessitatis
2455 2714 2569 2770 est,
2608 2708 2835 2763 alterum
2870 2714 3178 2773 voluntatis.
3208 2721 3325 2777 Non
3355 2733 3541 2795 praeci-

1950 2786 2061 2857 pio,
2094 2789 2295 2859 inquit,
2331 2801 2388 2846 ut
2415 2809 2522 2850 non
2548 2811 2764 2854 onerem
2796 2818 2811 2854 :
2840 2818 3034 2860 moneo
3063 2817 3117 2863 et
3140 2786 3420 2869 consilitim
3447 2817 3538 2888 do,

1948 2886 2008 2933 ut
2044 2880 2294 2939 alliciam.
2337 2884 2425 2940 Sic
2453 2894 2507 2940 et
2535 2887 2776 2945 Christus
2811 2910 2822 2946 :
2856 2909 2962 2950 non
2992 2897 3124 2953 dixit
3155 2920 3168 2954 :
3203 2904 3401 2962 Omnes
3428 2880 3538 2963 vir;

1947 2968 2219 3038 ginitatem
2246 2986 2481 3031 servate.
2514 2977 2646 3033 Nam
2672 2982 2718 3034 si
2761 2986 3068 3042 mandasset
3096 3004 3286 3048 omnes
3319 2997 3535 3068 virgini~

1950 3071 2109 3117 tatem
2162 3075 2364 3132 tenere,
2412 3077 2466 3123 et
2510 3070 2681 3141 legem
2726 3076 2981 3133 voluisset
3026 3096 3146 3138 esse
3192 3100 3535 3160 prmeeptum.

1948 3155 2030 3210 his
2069 3158 2327 3213 obedieus
2366 3162 2474 3229 jam
2523 3179 2627 3219 non
2670 3166 2875 3224 honore
2920 3180 3064 3226 tanto
3095 3155 3439 3250 dignaretur,
3487 3200 3539 3239 et
3632 3174 3641 3186 ’

1949 3247 2262 3305 inobcdiens
2294 3267 2476 3320 pmnas
2505 3255 2741 3313 dedisset
2766 3261 3023 3331 ingentes.
3060 3268 3246 3325 Vidisti
3276 3247 3535 3343 quemad-

1946 3340 2159 3393 modum
2190 3343 2339 3397 nobis
2369 3348 2536 3413 parcit
2565 3349 2878 3417 lcgislptor?
2908 3362 3173 3425 quomodo
3215 3340 3393 3421 nostra
3428 3373 3536 3425 sol-

1945 3431 2117 3487 licitus
2143 3446 2223 3489 est
2250 3452 2348 3506 pro
2375 3442 2586 3493 salute?
2626 3443 2892 3515 Numquid
2925 3466 3029 3504 non
3065 3467 3272 3521 po‘erat
3301 3470 3355 3512 et.
3396 3478 3534 3532 pra:-

1945 3534 2156 3593 ceptum
2202 3530 2304 3583 hoc
2356 3528 2590 3599 ponere,
2639 3551 2702 3589 ac
2750 3540 2928 3596 dicere
2972 3562 2985 3595 :
3032 3545 3129 3611 Qui
3177 3528 3546 3620 virginitatem,

1944 3626 2266 3683 sequentur,
2321 3620 2650 3678 honorentur
2680 3643 2691 3677 :
2722 3629 2809 3695 qui
2845 3646 2969 3685 vero
3015 3650 3119 3689 non
3142 3680 3156 3703 ,
3203 3644 3533 3711 puniantur?

1943 3705 2046 3760 Sed
2073 3721 2350 3764 Onerasset
2396 3722 2640 3769 naturam
2672 3736 2684 3770 :
2714 3721 2883 3787 parcit
2925 3738 3052 3794 ergo
3081 3705 3287 3787 natu-ra:
3312 3748 3530 3793 nostrae.

1943 3796 2152 3853 Dimisit
2190 3813 2337 3855 extra
2364 3806 2613 3872 stadimn,
2642 3809 2842 3865 dimisit
2868 3817 3199 3883 superiorem
3226 3829 3531 3884 certamini-

1940 3890 2039 3945 bus
2087 3892 2481 3963 virginitatem,
2529 3915 2634 3969 quo
2684 3911 2739 3956 et
2785 3919 2900 3960 eam
2954 3912 3207 3977 przcclare
3256 3930 3529 3977 servantes

1939 3999 2089 4039 suam
2118 3990 2605 4053 magnanimitatem
2637 3996 2921 4052 ostendant
2951 4017 2963 4053 :
2992 4018 3097 4057 non
3127 4019 3406 4066 servantes
3440 4029 3526 4069 ve-

1938 4093 2033 4144 ro,
2068 4079 2279 4135 Domini
2324 4082 2651 4153 indulgentia
2677 4086 2818 4157 digni
2850 4089 3163 4149 habeantur.
3204 4099 3292 4153 Sic
3317 4112 3370 4156 et
3394 4118 3527 4173 pau-

1938 4180 2199 4238 pertatem
2230 4189 2340 4227 non
2383 4176 2561 4245 posuit
2590 4178 2641 4231 in
2674 4191 2975 4250 prmeepto,
3006 4201 3178 4256 neque
3219 4192 3529 4260 simpliciter

1935 4261 2069 4316 dixit
2100 4282 2111 4316 :
2146 4264 2327 4322 Vende
2365 4284 2483 4337 quae
2510 4270 2675 4327 habes
2709 4292 2720 4325 :
2752 4275 2881 4338 sed,
2916 4278 2976 4331 Si
3008 4280 3079 4333 vis
3118 4286 3366 4352 perfectus
3401 4304 3525 4351 esse,

1934 4354 2080 4418 vade,
2100 4366 2145 4408 et
2189 4358 2347 4411 vende
2383 4377 2493 4429 qua:
2529 4363 2681 4418 habes
2720 4365 2945 4433 (Matth.
2974 4370 3059 4424 19.
3086 4373 3146 4426 21
3252 4377 3306 4429 ln
3341 4387 3428 4434 tua
3458 4382 3524 4435 sit

1936 4445 2208 4501 voluntate
2232 4448 2417 4514 situm,
2441 4451 2689 4509 dominus
2715 4465 2831 4511 esto
2854 4462 3061 4516 consilii
3094 4465 3165 4519 tui
3194 4482 3205 4518 :
3236 4483 3340 4522 non
3368 4484 3522 4541 cogo,

1933 4550 2039 4589 non
2083 4552 2245 4605 gravo
2270 4581 2284 4606 ,
2333 4542 2426 4595 sed
2468 4546 2856 4602 custodientem
2899 4552 3111 4619 quidem
3144 4572 3343 4612 corono
3367 4602 3380 4625 ,
3416 4578 3522 4618 non

1931 4628 2317 4685 custodientem
2340 4642 2516 4687 autem
2542 4652 2645 4690 non
2672 4640 2857 4706 punio.
2888 4641 3020 4698 Nam
3047 4660 3107 4699 ea
3135 4664 3254 4717 qua:
3280 4666 3345 4705 ex
3374 4670 3522 4708 man-

1932 4716 2303 4791 dato,'qu:eve
2328 4739 2394 4779 ex
2432 4726 2611 4782 debito
2644 4729 2775 4786 fiunt
2796 4774 2809 4797 ,
2843 4740 3119 4802 praemium
3146 4742 3253 4812 jam
3286 4761 3390 4801 non
3420 4749 3522 4804 tale

1929 4818 2329 4881 consequuntur
2361 4834 2375 4871 :
2402 4834 2521 4888 qua:
2550 4837 2613 4875 ex
2637 4825 2910 4881 voluntate
2942 4839 2995 4884 et
3022 4837 3313 4903 proposito,
3343 4840 3521 4909 Splen-

1928 4900 2082 4957 didas
2109 4918 2336 4962 coronas
2383 4912 2698 4982 suscipiunt.
2748 4918 2920 4987 Atque
2952 4900 3139 4978 horum
3182 4900 3403 4984 Paulum
3435 4933 3521 4987 in-

1928 4993 2118 5048 ducam
2152 5005 2340 5053 testem
2376 5017 2389 5053 :
2420 5000 2480 5055 Si
2505 5007 2927 5076 evangelisavero,
2960 5013 3147 5083 inquit,
3171 5034 3271 5071 non
3298 5031 3371 5073 est
3398 5025 3521 5079 mihi

1926 5086 2181 5153 gloriatio.
2227 5088 2448 5157 Quare?
2484 5092 2775 5152 Necessitas
2804 5102 2935 5153 enim
2978 5104 3100 5156 mihi
3143 5106 3381 5177 imposita
3424 5124 3515 5169 cst.

1936 5174 2025 5229 Va:
2049 5186 2213 5232 autem
2242 5182 2366 5234 mihi
2391 5192 2490 5249 est,
2520 5186 2617 5238 nisi
2644 5190 3048 5259 euangelizaer
3073 5196 3092 5263 (
3098 5197 3148 5251 1.
3173 5174 3290 5251 Cor.
3318 5201 3374 5256 9.
3404 5204 3513 5275 16).

1924 5265 2112 5320 Cernis
2138 5269 2187 5322 in
2217 5270 2421 5340 legibus
2447 5273 2591 5331 hunc
2610 5278 2823 5346 quidem
2853 5283 3225 5342 observantem
3253 5306 3357 5346 non
3381 5265 3516 5348 mul-

1925 5364 2035 5409 tum
2059 5357 2257 5414 habere
2284 5365 2487 5431 prtemii
2513 5384 2525 5418 :
2551 5371 2844 5425 necessitas
2866 5374 3009 5429 enim
3036 5386 3153 5443 est;
3187 5394 3309 5435 eum
3336 5396 3511 5440 autem

1923 5450 2013 5517 qui
2047 5467 2152 5506 non
2198 5454 2481 5523 observat,
2512 5474 2661 5515 reum
2701 5478 2821 5519 esse
2866 5469 3129 5538 supplicio
3156 5480 3211 5527 et
3235 5475 3465 5531 vindicta
3496 5496 3510 5531 :

1933 5537 2021 5593 Va:
2045 5542 2177 5594 enim
2202 5555 2275 5597 est
2305 5547 2429 5600 mihi
2454 5550 2551 5603 nisi
2580 5537 3004 5622 euangelizavero.
3042 5560 3095 5613 ln
3126 5565 3333 5619 caneris
3360 5583 3507 5632 vero,

1921 5647 2039 5700 qua:
2066 5648 2131 5687 ex
2160 5638 2431 5705 proposito
2450 5681 2465 5706 ,
2509 5656 2614 5696 non
2644 5646 2721 5698 sic
2741 5685 2756 5710 ,
2796 5647 2889 5702 sed
2932 5650 3054 5719 quid
3078 5652 3100 5707 ἲ
3142 5654 3268 5718 Qua:
3295 5669 3366 5711 est
3390 5675 3511 5731 ergo

1922 5739 2107 5777 merces
2145 5728 2303 5781 mea?
2350 5728 2419 5782 Ut
2460 5736 2770 5804 evangelium
2800 5740 3083 5807 prwdieans
3106 5785 3122 5810 ,
3164 5748 3271 5801 sine
3307 5728 3509 5822 sumpta

1926 5830 2108 5881 ponam
2140 5820 2449 5889 evangelium
2480 5822 2574 5876 Dei
2599 5867 2612 5892 ,
2659 5837 2710 5878 ut
2741 5843 2840 5882 non
2888 5831 3069 5885 abutar
3114 5846 3357 5899 potestate
3399 5820 3510 5899 mea

3059 5932 3139 5996 20
