4164 6324
596 431 700 488 319

597 549 674 618 (l.
699 543 815 598 Cor.
838 539 892 596 9.
917 537 986 592 l8
1004 537 1044 606 ).
1061 534 1139 590 lbi
1168 533 1254 588 lex
1276 539 1414 595 erat,
1437 534 1718 599 pmpterea
1742 518 2004 579 mercedis
2032 511 2169 618 mul~

598 605 712 691 ium
759 648 864 688 non
913 605 1098 684 habuit
1136 645 1149 682 :
1191 623 1278 681 hic
1318 619 1668 692 prOpositum,
1711 627 1877 685 quare
1917 605 2178 664 mercedis

600 728 825 783 multum
862 722 1064 778 habuit.
1143 737 1148 740 ·

673 818 728 872 4.
761 813 868 869 Lex
893 811 989 866 Dei
1019 818 1181 880 potest
1221 804 1427 862 servari.
1453 830 1524 842 —
1551 799 1676 854 “me
1703 812 1733 852 a
1762 810 1848 851 me
1873 791 2048 849 omnia
2076 803 2182 844 non

603 910 658 965 in
698 922 920 962 vacuum
966 903 1106 958 dicta
1153 907 1298 964 sunt,
1345 894 1440 951 sed
1483 892 1678 948 divina:
1726 889 1858 958 legis
1898 883 2087 955 gratia,
2129 889 2187 934 ut

606 996 884 1055 ostendam
913 1008 1126 1065 gravem
1154 1007 1257 1043 non
1283 1003 1424 1053 esse,
1451 999 1560 1039 non
1600 995 1721 1037 esse
1745 990 2049 1040 onerosam,
2081 987 2188 1027 non

609 1061 966 1152 laboriosam,
1010 1096 1179 1152 neque
1217 1075 1619 1148 impossibilem.
1649 1072 1764 1141 Age
1791 1083 1916 1123 vero
1959 1080 2024 1122 ex
2061 1061 2191 1133 ipsis

609 1180 808 1238 Christi
833 1176 1010 1233 verbis
1055 1173 1157 1228 hoc
1199 1172 1369 1241 ipsum
1397 1167 1841 1222 demonstremus.
1891 1155 1992 1225 Qui
2018 1153 2194 1208 viderit

613 1268 874 1325 mulierem
910 1264 978 1318 ad
1017 1258 1472 1330 concupiscendum
1498 1269 1640 1317 eam,
1671 1251 1785 1321 jam
1821 1247 2095 1301 minitatus
2123 1250 2196 1296 est

617 1378 726 1418 eam
767 1360 822 1413 in
860 1356 1009 1411 corde
1051 1371 1142 1408 suo
1187 1351 1404 1421 (Matth.
1428 1349 1484 1403 5.
1504 1345 1636 1415 28).
1679 1342 1820 1398 Vidit
1862 1339 2017 1394 simul
2061 1346 2114 1392 et
2142 1335 2195 1390 id

617 1454 790 1521 ipsum
819 1447 1063 1504 Christus
1085 1485 1100 1510 ,
1131 1443 1328 1498 multos
1370 1438 1499 1510 legis
1525 1433 1892 1492 difﬁcultatem
1922 1435 2198 1484 accusatu-

620 1559 710 1599 ros
735 1560 748 1596 :
781 1538 1099 1611 quapropter
1125 1549 1240 1591 eam
1268 1530 1407 1587 haud
1433 1527 1630 1584 nudam
1647 1567 1662 1590 ,
1693 1538 1881 1611 [neque
1904 1521 2199 1611 simplicem

623 1600 858 1694 induxit,
887 1600 1063 1696 neque
1100 1625 1266 1680 solam
1299 1641 1312 1677 :
1353 1620 1446 1676 sed
1477 1600 1706 1687 antiquae
1731 1614 1864 1684 legis
1891 1609 2200 1666 memoriam

624 1720 857 1785 reduxit,
879 1733 907 1772 a
930 1715 1326 1786 comparatione
1346 1711 1650 1766 facilitatem
1678 1705 1820 1761 illius
1844 1711 2004 1772 atque
2027 1701 2207 1756 huma-

625 1811 846 1865 nitatem
871 1823 1021 1863 suam
1067 1803 1317 1861 ostendit.
1366 1798 1643 1870 Quomodo
1671 1804 1886 1861 autem,
1925 1791 2203 1848 attendite.

627 1900 744 1955 Non
773 1901 912 1955 enim
952 1895 1264 1967 simpliciter
1302 1893 1465 1956 dixit,
1499 1890 1600 1956 Qui
1638 1887 1816 1942 uiderit
1856 1885 2114 1938 mulierem
2139 1881 2208 1936 ad

629 1988 1083 2058 concupiscendum
1112 2000 1223 2039 eam
1241 2025 1255 2050 ,
1292 1985 1406 2054 jam
1433 1981 1705 2034 nttecltutus
1734 1987 1806 2032 est
1842 1991 1953 2030 eam
1980 1975 2034 2028 in
2059 1976 2210 2027 corde

629 2099 723 2136 suo
748 2081 858 2154 (hic
881 2079 1165 2149 diligenter
1191 2072 1468 2146 attendite)
1494 2089 1508 2138 ;
1536 2071 1631 2126 sed
1657 2069 1802 2140 prius
1826 2067 2058 2136 antiquae
2080 2062 2212 2135 legis

631 2171 1006 2233 reminiscitur,
1034 2169 1217 2222 dicens
1241 2183 1254 2217 :
1278 2165 1503 2218 Audistis
1527 2164 1647 2231 quia
1672 2161 1858 2213 dictum
1877 2166 1950 2211 est
1971 2155 2211 2226 antiquis,

634 2261 762 2316 Non
783 2259 1105 2315 mtechaberis
1133 2255 1326 2329 (Exod.
1343 2255 1432 2309 20.
1461 2252 1581 2323 ll);
1609 2268 1699 2322 ego
1723 2260 1890 2303 autem
1909 2247 2022 2300 dico
2049 2246 2211 2300 vobis:

637 2355 814 2409 Omnis
855 2353 939 2422 qui
991 2351 1163 2404 viderit
1195 2348 1453 2402 mulierem
1493 2346 1558 2396 ad
1603 2339 2054 2422 concupiscendum
2081 2351 2212 2402 eam,

632 2445 740 2514 iam
768 2415 1039 2497 mtecltatus
1067 2450 1139 2494 est
1166 2454 1277 2493 eam
1321 2438 1374 2491 in
1413 2436 1564 2489 corde
1609 2415 1951 2503 suo'(Matth.
1992 2428 2046 2483 5.
2085 2425 2214 2496 28).

641 2535 830 2590 Vidisti
855 2534 1096 2604 geminas
1123 2531 1287 2600 leges,
1320 2538 1552 2583 veterem
1590 2535 1646 2581 et
1671 2540 1883 2588 novam,
1921 2537 2080 2592 quam
2117 2535 2217 2590 po-

637 2628 744 2680 suit
783 2625 991 2689 Moses,
1031 2633 1087 2678 et
1129 2637 1288 2691 quam
1335 2624 1445 2690 ipse
1489 2616 1825 2673 introduxit?
1869 2617 1978 2670 imo
2003 2627 2129 2667 vero
2168 2619 2222 2665 et

638 2719 780 2772 illaut
810 2718 1023 2788 posuit;
1065 2716 1264 2770 etenim
1299 2729 1400 2783 per
1429 2711 1628 2767 Mosen]
1674 2712 1786 2779 ipse
1831 2708 2078 2777 Inquutus
2117 2713 2219 2759 est.

643 2812 795 2868 Unde
821 2826 948 2865 vero
975 2810 1314 2878 perspicuum
1339 2815 1419 2861 est
1447 2819 1565 2859 eam
1604 2804 1671 2857 ab
1713 2803 1828 2871 ipso
1879 2801 2039 2853 fuisse
2083 2797 2225 2866 posi-

640 2903 802 2956 tam?
850 2901 964 2956 Non
1009 2916 1076 2954 ex
1123 2899 1361 2960 Joanne,
1408 2904 1502 2950 aut
1553 2893 1917 2962 apostolorum
1961 2901 2224 2958 quoquam

645 2993 1008 3048 testimonium
1029 2990 1310 3058 usurpabo
1338 3006 1350 3040 ε
1385 3002 1505 3040 nam
1537 3000 1657 3038 eum
1683 2981 1882 3037 Judaeis
1922 2979 2049 3034 mihi
2087 2992 2227 3032 nunc

643 3084 971 3140 concertatio
993 3089 1115 3144 est;
1148 3078 1241 3132 sed
1271 3094 1300 3132 a
1332 3076 1602 3146 prephetis
1626 3074 1817 3142 quibus
1847 3070 2090 3124 videntur
2110 3083 2228 3122 cre-

643 3178 770 3231 dere
802 3194 814 3229 :
843 3175 911 3229 ab
950 3173 1077 3243 ipsis
1103 3169 1381 3226 ostendam
1408 3177 1464 3223 et
1485 3167 1732 3221 Veterem
1760 3175 1813 3219 et
1837 3162 2035 3218 Novam
2066 3174 2226 3214 unum

647 3269 843 3322 habere
883 3265 1261 3336 legislatorem.
1307 3261 1442 3328 Quid
1490 3260 1651 3328 igitur
1704 3256 1962 3312 Jeretnias
2020 3253 2229 3336 inquit?

648 3333 1111 3430 Disponamivobis
1153 3362 1495 3409 testamentum
1543 3366 1723 3403 novum
1775 3347 1928 3418 (λεν.
1969 3347 2057 3401 51.
2083 3333 2156 3401 ’δι
2185 3343 2225 3412 ).

655 3450 814 3506 Vides
840 3458 893 3503 et
919 3447 1039 3502 novi
1070 3459 1262 3500 nomen
1292 3445 1344 3497 in
1367 3442 1528 3497 veteri
1553 3441 1576 3493 ?
1608 3440 1753 3494 vides
1777 3450 1829 3492 et
1865 3438 2029 3507 ipsam
2051 3435 2233 3505 appel-

649 3541 902 3595 lationem
947 3545 1024 3592 lot
1068 3547 1192 3590 ante
1239 3534 1391 3588 annis
1433 3529 1735 3586 effulsisse?
1779 3527 2057 3596 Disponam
2096 3525 2233 3579 vobis

651 3637 999 3686 testamentum
1027 3643 1231 3680 norum.
1261 3626 1366 3679 Sed
1393 3623 1534 3678 unde
1555 3621 1797 3676 videmus
1821 3618 1964 3687 quod
2003 3629 2055 3672 et
2081 3624 2232 3671 vetns

653 3724 767 3792 ipse
792 3720 1041 3776 dederit?
1069 3718 1200 3773 Cum
1228 3717 1464 3778 dixisset,
1502 3713 1781 3783 Disponam
1809 3711 1944 3763 vobis
1969 3717 2233 3762 testamen—

655 3832 760 3869 tum
807 3831 1026 3877 novum,
1075 3813 1306 3881 adjecit,
1359 3809 1477 3864 Non
1515 3809 1667 3878 juxta
1715 3814 2060 3859 testamentum
2101 3803 2233 3869 quod

654 3906 881 3975 disposui
911 3901 1134 3973 patribus
1179 3901 1352 3953 vestris
1392 3897 1552 3968 (Ibid.
1578 3914 1627 3951 υ.
1650 3883 1918 3965 5Ξ).Ἱιθ;
1968 3891 2062 3946 sed
2103 3906 2234 3945 non-

654 3999 781 4050 dum
822 4010 933 4048 rem
978 3991 1307 4048 ostendimus
1336 4009 1349 4043 :
1380 3999 1589 4058 oportet
1629 3989 1769 4042 enim
1813 3985 2057 4040 universa
2096 3982 2236 4052 ejus-

660 4085 798 4139 modi
832 4082 1148 4152 refragantia
1175 4081 1440 4135 adducere
1469 4080 1517 4132 in
1546 4078 1776 4131 medium
1799 4119 1812 4139 ,
1855 4073 2236 4142 manifestaque

659 4179 833 4233 faccre
853 4220 866 4243 ,
897 4193 1004 4246 quo
1041 4189 1219 4229 sermo
1246 4173 1473 4242 undique
1513 4185 1676 4240 purus
1715 4169 1867 4222 nobis
1894 4169 1980 4230 sit,
2011 4166 2238 4220 nullam-

656 4283 759 4336 que
817 4265 1212 4336 impudentibus
1273 4263 1630 4330 relinquamus
1693 4273 1892 4312 ansam.
1956 4254 2239 4324 Disponam

658 4357 792 4411 vobis
822 4365 1168 4410 testamentum
1197 4368 1375 4407 novum
1395 4393 1409 4414 ,
1421 4354 1570 4420 juxta
1601 4356 1941 4402 testamentum
1970 4346 2102 4417 quod
2130 4345 2238 4399 dis-

662 4451 804 4522 posui
863 4449 1086 4518 patribus
1130 4447 1322 4500 vestris.
1382 4441 1650 4513 Disposuit
1692 4447 2066 4494 testamentum
2106 4435 2236 4501 Noe,

661 4559 782 4596 eum
815 4541 1067 4594 diluvium
1100 4537 1225 4602 fuit,
1260 4536 1442 4590 volens
1472 4549 1568 4588 nos
1596 4548 1623 4585 a
1654 4532 1843 4586 timore
1884 4530 2140 4592 liberare,
2172 4542 2242 4582 ne

662 4636 920 4689 diluvium
967 4632 1298 4700 cogitantes,
1350 4637 1402 4682 et
1448 4627 1672 4680 imbrem
1723 4622 1933 4677 assidue
1979 4621 2237 4684 videntes,

663 4738 951 4780 commune
995 4720 1123 4776 illttd
1167 4721 1387 4773 exitium
1435 4718 1743 4770 timeremus
1786 4730 1798 4765 :
1847 4722 2122 4780 prepterea
2167 4711 2246 4763 itt-

665 4794 826 4886 quit
856 4814 1130 4882 Disponam
1161 4818 1506 4862 testamentum
1553 4815 1744 4869 tecum,
1789 4814 1836 4856 et
1863 4821 1978 4857 cum
2015 4804 2245 4855 universa

665 4922 818 4959 carne
847 4901 1010 4976 (Gen.
1036 4901 1088 4955 9.
1114 4901 1206 4969 9).
1238 4899 1432 4953 lterum
1470 4896 1537 4952 ad
1565 4895 1833 4951 Abraham
1873 4901 2246 4948 testamentum

666 4993 1086 5050 circumeisionis
1132 4991 1394 5060 disposuit
1425 5007 1438 5042 :
1467 4987 1826 5058 disposuit.et
1872 4992 2246 5038 testamentum

670 5104 766 5158 per
795 5086 1017 5150 Mosem,
1046 5084 1290 5139 omnibus
1319 5091 1525 5137 uotum.
1571 5081 1710 5134 Dixit
1735 5077 1991 5134 Jcremias
2021 5094 2032 5129 :
2063 5075 2249 5146 Dispo-

670 5197 789 5233 nttm
818 5175 953 5230 vobis
1001 5184 1344 5229 testamentum
1385 5189 1602 5238 novum,
1649 5188 1748 5224 non
1795 5168 2067 5222 secundum
2098 5176 2248 5220 testa-

673 5282 894 5324 mentum
945 5269 1078 5336 quod
1123 5268 1350 5333 disposui
1398 5266 1621 5333 patribus
1669 5263 1862 5316 vestris.
1909 5261 2020 5325 Dic,
2061 5260 2250 5329 quibus

675 5362 955 5433 patribus?
1001 5375 1120 5414 nam
1151 5368 1203 5412 et
1232 5359 1343 5412 Noe
1372 5367 1520 5427 pater
1547 5356 1640 5409 fuit
1661 5395 1674 5420 ,
1720 5365 1770 5407 et
1798 5353 2063 5407 Abraham
2106 5362 2252 5420 pater

677 5456 776 5508 luit
807 5471 820 5508 :
853 5453 1165 5522 quibusnam
1198 5451 1353 5520 igitur
1381 5447 1656 5517 patribus?
1686 5447 1880 5501 etenim
1909 5458 2252 5512 personarum

678 5543 1108 5599 iudeterminatio
1156 5541 1516 5594 confusionem
1582 5537 1736 5608 parit.
1800 5535 1894 5590 Hic
1955 5535 2253 5588 advertite:

684 5638 802 5691 Non
823 5639 973 5706 juxta
1003 5642 1346 5686 testamentum
1384 5629 1515 5698 quod
1544 5630 1767 5697 disposui
1799 5627 2021 5696 patribus
2063 5628 2254 5680 vestris.

686 5733 760 5785 Ne
789 5731 944 5797 igitur
970 5727 1176 5782 diceres
1204 5724 1332 5778 illud
1375 5723 1486 5776 Noe
1528 5721 1851 5788 temporibus
1883 5721 2083 5783 datum,
2128 5734 2259 5772 neve

689 5820 1010 5890 temporibus
1038 5817 1302 5874 Abraham
1336 5815 1516 5869 datum
1544 5812 1898 5883 intelligeres,
1936 5810 2099 5881 ipsius
2130 5821 2260 5865 tem-

1313 416 1371 475 S.
1411 411 1690 473 JOANNIS
1725 396 2204 466 CHRYSOSTOMI
2242 393 2562 452 ARClll-Ei'.
2599 390 3132 452 CONSTANTINOP.

3766 388 3873 444 320

2288 509 2433 579 poris
2479 516 2916 564 testamentorum
2960 503 3204 560 meminit
3230 521 3245 559 :
3276 517 3396 559 cum
3439 502 3581 558 enim
3625 500 3873 563 dixisset,

2286 598 2571 670 Disponam
2594 599 2728 654 nobis
2757 606 3105 652 testamentum
3131 611 3348 660 novum,
3394 610 3494 648 non
3527 594 3682 664 juxta
3723 603 3876 646 testa-

2289 700 2512 745 mentum
2553 690 2689 760 quod
2727 689 2957 757 disposui
2999 687 3226 758 patribus
3263 689 3436 741 vestris
3459 727 3476 752 ,
3520 684 3797 756 subiunxit
3819 692 3878 738 et

2293 789 2502 850 tempus
2521 820 2536 845 ,
2567 778 2633 834 In
2660 779 2744 834 die
2763 795 2866 847 qua
2887 777 3026 833 tenui
3066 794 3271 832 manum
3294 792 3468 831 eorum
3489 817 3504 841 ,
3533 785 3590 830 ut
3617 777 3880 830 educerem

2291 888 2379 927 eos
2415 872 2478 926 de
2522 880 2655 926 terra
2680 869 2920 942 £gypti.
2971 869 3129 926 Vides
3170 877 3421 943 quantam
3449 867 3880 938 perspicuitatem

2294 963 2531 1018 attulerit
2575 961 2835 1032 temporis
2873 958 3291 1016 determinatio?
3335 957 3454 1014 Jam
3498 973 3605 1012 non
3651 956 3884 1027 amplius

2279 1069 2366 1139 ne
2389 1053 2606 1110 Judaeus
2643 1053 2856 1122 quidem
2886 1052 3206 1108 contradicit
3231 1069 3246 1107 :
3277 1050 3560 1106 recordare
3599 1049 3882 1129 temporis,

2299 1153 2354 1201 et
2392 1144 2780 1215 legislationem
2805 1144 2985 1212 accipe
3013 1159 3028 1196 :
3063 1141 3132 1197 In
3159 1144 3240 1198 die
3266 1159 3367 1212 qua
3401 1142 3536 1195 tenui
3564 1157 3773 1194 manum
3794 1155 3886 1192 eo-

2299 1253 2428 1290 rum.
2483 1236 2590 1290 Cur
2627 1245 2804 1289 autem
2857 1235 3016 1289 etiam
3065 1233 3280 1288 modum
3331 1233 3460 1288 dicit
3498 1231 3716 1288 exitus?
3760 1230 3892 1286 Cum

2303 1329 2568 1382 tenuissent
2595 1343 2803 1382 manum
2826 1344 2999 1382 eorum
3017 1367 3034 1394 ,
3066 1337 3124 1381 ut
3157 1328 3416 1381 educerem
3437 1343 3525 1380 eos
3548 1341 3612 1380 ea:
3632 1305 3888 1396 Egypto.

2307 1415 2420 1486 Quo
2451 1429 2728 1487 paternum
2755 1418 3062 1473 ostenderet
3087 1431 3351 1484 amorem,
3389 1431 3496 1472 non
3521 1417 3674 1487 quasi
3705 1429 3894 1471 servos

2309 1513 2507 1576 eduxit,
2554 1511 2649 1567 sed
2676 1511 2838 1566 veluti
2885 1511 3163 1582 parvulum
3210 1509 3374 1564 illium
3416 1524 3576 1565 manu
3621 1507 3895 1578 accipiens

2309 1614 2479 1674 pater,
2511 1602 2590 1658 sic
2616 1602 2860 1658 liberavit
2888 1621 2901 1656 :
2931 1618 3037 1657 non
3067 1611 3185 1673 post
3212 1611 3416 1672 tergum
3444 1601 3594 1672 sequi
3623 1599 3896 1654 mandavit

2309 1694 2460 1762 quasi
2503 1706 2738 1759 servum,
2782 1691 2878 1748 sed
2904 1693 3065 1748 veluti
3097 1693 3264 1752 ﬁlium
3301 1690 3532 1758 nobilem
3573 1701 3627 1746 et
3668 1690 3896 1745 liberum

2311 1805 2472 1845 manu
2499 1798 2708 1850 tenens,
2741 1787 2819 1842 sic
2842 1785 3045 1842 eduxit.
3075 1784 3264 1840 Vidisti
3291 1793 3734 1840 testamentorum
3763 1781 3899 1838 duo-

2310 1899 2432 1940 rum
2456 1883 2814 1956 legislaturem
2842 1879 3100 1936 unicum?
3127 1878 3388 1946 Quoniam
3423 1877 3585 1947 igitur
3605 1877 3901 1932 certamine

2316 1975 2529 2032 liberati
2555 1988 2761 2040 sumus,
2783 1980 2841 2028 et
2862 1987 2930 2027 ex
2954 1985 3095 2026 novo
3120 1969 3173 2025 id
3203 1969 3294 2024 tibi
3319 1968 3624 2033 ostendam,
3652 1976 3712 2023 ut
3739 1977 3903 2024 testa-

2318 2078 2620 2125 mentorum
2650 2064 3055 2122 consonantiam
3088 2076 3301 2118 noscas.
3333 2060 3520 2116 Vidisti
3563 2059 3903 2132 prophetiam

2316 2177 2436 2232 qua:
2459 2175 2528 2216 ex
2553 2157 2732 2214 verbis
2756 2157 2876 2213 est?
2901 2155 3048 2210 disce
3073 2155 3157 2209 vel
3181 2168 3299 2209 eam
3323 2167 3442 2222 qua:
3464 2151 3647 2223 ﬁguris
3668 2160 3902 2215 constat,

2317 2255 2563 2327 quamvis
2591 2254 2644 2308 id
2671 2253 2844 2324 ipsum
2871 2250 2993 2306 ideo
3026 2249 3363 2320 perspicuum
3389 2260 3494 2309 non
3521 2247 3620 2308 sit,
3650 2245 3906 2316 quidnam

2321 2350 2390 2404 sit
2415 2345 2693 2419 prolibetia
2733 2358 2830 2415 per
2855 2343 3100 2412 ﬁguram,
3129 2339 3324 2409 quidve
3353 2336 3626 2408 prophetia
3663 2350 3764 2407 per
3795 2349 3909 2389 ser-

2263 2497 2266 2514 Ι
2321 2451 2536 2493 munem
2564 2452 2580 2490 :
2611 2435 2794 2505 paucis
2821 2446 2960 2502 ergo
2987 2431 3215 2500 idipsum
3251 2427 3589 2482 manifestum
3629 2424 3910 2480 faciemus.

2325 2528 2607 2597 Prouhetia
2634 2541 2733 2596 per
2762 2525 2982 2594 ﬁguram
3011 2531 3094 2576 est
3118 2536 3181 2576 ea
3204 2535 3324 2589 qua:
3349 2535 3447 2591 per
3480 2532 3569 2572 res
3596 2517 3708 2571 ﬁeri
3735 2515 3910 2578 solet;

2323 2622 2488 2676 altera
2511 2634 2640 2673 vero
2666 2605 2779 2681 est,
2810 2630 2928 2684 quae
2953 2629 3052 2684 per
3076 2611 3236 2666 verba
3269 2611 3370 2686 ﬁt;
3402 2624 3525 2665 nam
3553 2605 3910 2677 prudentiori-

2326 2711 2428 2765 bus
2465 2709 2771 2782 quibusque
2812 2705 2991 2760 verbis
3035 2703 3319 2774 persuasit,
3366 2701 3610 2757 rudtorcs
3649 2712 3778 2753 vero
3818 2712 3915 2765 per

2328 2817 2506 2856 rerum
2535 2801 2792 2856 visionem
2821 2797 3131 2853 cohortatus
3159 2805 3258 2848 est.
3300 2793 3562 2862 Quoniam
3600 2792 3740 2846 enim
3772 2789 3916 2842 futu-

2329 2910 2448 2949 rum
2489 2903 2603 2949 erat
2640 2908 2752 2946 rem
2797 2905 3042 2959 magnam
3090 2889 3140 2942 in
3187 2889 3359 2940 lucem
3397 2884 3645 2955 prodire,
3684 2893 3740 2936 et
3772 2881 3918 2938 Deus

2331 2999 2555 3045 carnem
2589 2992 2933 3051 suscepturus
2971 2988 3125 3035 erat:
3163 2976 3588 3048 quandoquidem
3628 2984 3766 3030 terra
3811 2989 3919 3028 cm-

2333 3076 2442 3130 lum
2470 3077 2486 3107 ¹
2517 3075 2630 3130 ﬁeri
2661 3072 2907 3135 debebat,
2934 3079 3238 3137 .nostraque
3265 3061 3452 3121 natura
3495 3067 3562 3120 ad
3602 3067 3918 3135 angelorum

2332 3167 2662 3223 nobilitatem
2703 3164 2995 3218 ascendere
3027 3177 3040 3219 :
3069 3161 3189 3230 quia
3227 3157 3385 3228 spem
3428 3159 3598 3228 ipsam
3648 3156 3922 3225 superavit

2334 3269 2387 3313 et
2433 3258 2884 3326 exspectationem
2934 3267 3112 3306 sermo
3161 3250 3454 3304 futurorum
3501 3249 3766 3302 bonorum
3795 3288 3810 3309 ,
3851 3263 3921 3301 ne

2335 3366 2527 3404 novum
2554 3359 2608 3403 et
2631 3347 2922 3401 inauditum
2946 3344 3094 3408 illud,
3115 3353 3330 3412 repente
3351 3353 3688 3409 compareus,
3704 3338 3923 3393 audien-

2336 3448 2416 3494 tes
2444 3437 2791 3516 videntesque
2823 3434 3077 3497 turbaret,
3111 3432 3355 3500 ﬁguravit
3381 3430 3507 3483 olim
3537 3445 3630 3497 per
3655 3443 3762 3491 res,
3793 3443 3923 3492 per-

2334 3545 2436 3600 que
2457 3529 2616 3583 verba
2651 3536 2891 3580 nostrum
2926 3521 3288 3579 assuefaciens
3313 3530 3366 3575 et
3385 3521 3623 3575 auditum
3645 3529 3700 3573 et
3721 3519 3921 3583 visum,

2334 3620 2582 3690 quodque
2623 3619 2674 3672 in
2710 3618 2883 3672 lucem
2927 3614 3260 3684 proditurum
3299 3619 3416 3666 erat
3454 3625 3776 3680 praeparans.
3807 3609 3928 3664 Hoc

2335 3721 2512 3768 autem
2543 3720 2658 3766 erat
2686 3708 2828 3780 quod
2855 3707 3106 3770 diximus,
3152 3703 3285 3774 quid
3316 3705 3385 3758 sit
3423 3719 3517 3772 per
3543 3701 3764 3773 ﬁguram
3792 3717 3924 3771 pro-

2299 3807 2302 3809 ’
2337 3803 2545 3873 phetia,
2572 3810 2628 3856 et
2673 3800 2797 3871 quid
2828 3801 2896 3855 sit
2925 3815 3019 3868 per
3056 3812 3356 3852 sermonem
3401 3793 3674 3863 prophetia
3707 3811 3722 3845 :
3753 3794 3924 3856 altera

2337 3894 2551 3971 quidem
2595 3907 2798 3956 rerum,
2837 3893 3004 3943 altera
3045 3902 3385 3954 sermonum”
3407 3886 3586 3939 Dicam
3620 3885 3710 3941 tibi
3742 3900 3925 3938 rerum

2340 3983 2673 4053 prophetiam
2713 3992 2768 4035 et
2796 3981 3080 4035 verborum
3119 3979 3259 4032 circa
3302 3992 3415 4031 rem
3459 3976 3748 4030 eamdem?
3777 3976 3928 4031 Sicut

2338 4076 2444 4127 ovis
2473 4074 2540 4126 ad
2583 4072 2878 4126 occisionem
2923 4071 3100 4122 ductus
3144 4080 3252 4134 est,
3297 4082 3342 4120 et
3391 4070 3521 4122 sicut
3564 4084 3724 4138 agnus
3753 4085 3930 4121 coram

2339 4165 2574 4219 tondente
2611 4179 2664 4215 se
2695 4160 2842 4231 (Isai.
2871 4161 2960 4217 55.
2992 4161 3067 4230 7).
3118 4160 3244 4214 Haec
3283 4169 3364 4214 est
3409 4174 3504 4228 per
3549 4159 3768 4212 verbum
3803 4175 3932 4228 pro-

2342 4260 2540 4331 phetia.
2572 4255 2704 4316 Cum
2731 4256 2872 4312 enim
2900 4256 3166 4310 Abraham
3199 4253 3316 4307 tulit
3343 4253 3506 4316 Isaac,
3552 4261 3678 4308 tunc
3699 4255 3929 4309 arietem

2344 4353 2529 4407 videns
2593 4349 2887 4403 hatrentem
2949 4345 3240 4407 cornibus.
3291 4343 3359 4397 ad
3408 4343 3724 4398 sacriﬁcium
3776 4343 3932 4399 duxit

2344 4429 2542 4516 epere‘,
2577 4443 2742 4497 veluti
2781 4455 2877 4509 per
2904 4439 3119 4510 ﬁguram
3149 4437 3485 4508 proclamans
3523 4436 3678 4491 nobis
3721 4436 3931 4490 saluta-

2343 4552 2461 4592 rem
2501 4534 2823 4606 passionem.

2417 4629 2470 4683 5.
2490 4626 2634 4682 Unus
2657 4625 2914 4694 legislator
2935 4628 3192 4685 utriusque
3213 4621 3588 4673 testamenti.-—
3606 4618 3756 4685 Quod
3771 4619 3936 4688 igitur

2350 4720 2479 4785 disi,
2508 4719 2588 4772 vis
2616 4718 2707 4770 tibi
2728 4717 2833 4769 duo
2857 4714 2968 4765 h.cc
2981 4721 3294 4766 testamenta
3317 4725 3413 4778 per
3432 4724 3593 4781 opera
3612 4711 3937 4763 ostendam?

2349 4807 2806 4874 Quemadmodum
2836 4803 3009 4856 vidisti
3037 4817 3189 4856 ovem
3219 4802 3269 4854 in
3302 4802 3485 4865 verbo,
3513 4802 3660 4855 disce
3689 4810 3743 4854 et
3770 4801 3821 4853 in
3852 4817 3933 4854 re.

2352 4902 2512 4956 Dicite
2539 4899 2690 4961 nti/ti,
2722 4897 2806 4966 qui
2835 4895 2924 4948 sub
2949 4896 3055 4965 lege
3082 4894 3230 4947 vultis
3256 4909 3360 4947 esse
3388 4891 3530 4964 (Gal.
3554 4893 3606 4946 4.
3642 4890 3760 4960 21).
3791 4889 3942 4945 Bene

2351 4995 2517 5059 dixit,
2541 4992 2707 5052 cultis,
2738 5004 2842 5042 non
2870 4987 3008 5041 enim
3055 4996 3208 5039 erant
3254 4985 3352 5037 sub
3381 4984 3497 5052 lege
3527 5001 3540 5036 :
3571 4982 3614 5036 si
3641 4984 3781 5045 enim
3811 4983 3943 5036 luis-

2353 5097 2473 5141 seut
2499 5085 2597 5138 sub
2619 5069 2755 5152 lege,
2781 5097 2884 5135 non
2913 5079 3141 5132 fuissent
3164 5077 3262 5131 sub
3279 5077 3410 5145 lege.
3435 5075 3684 5129 Fortasse
3710 5076 3940 5143 arnigma

2357 5189 2437 5234 est
2463 5178 2602 5248 quod
2631 5177 2821 5230 dicitur
2848 5191 2862 5227 :
2893 5188 3015 5226 nam
3041 5172 3126 5226 lex
3156 5169 3425 5224 auditores
3453 5167 3666 5222 Christo
3692 5177 3944 5221 transmi-

2359 5275 2426 5325 sit
2458 5289 2468 5322 :
2503 5271 2590 5339 qui
2631 5267 2941 5335 magistrum
2973 5273 3303 5331 aspernatur,
3357 5261 3567 5329 ignorat
3602 5268 3655 5313 et
3694 5259 3944 5326 pmdagu-

2358 5378 2500 5433 gum.
2531 5362 2726 5426 Quare,
2757 5358 2955 5426 inquit,
2987 5353 3147 5406 Dicite
3194 5353 3351 5419 milii,
3383 5351 3469 5419 qui
3507 5351 3600 5404 sub
3642 5350 3750 5420 lege
3791 5350 3946 5403 vultis

2360 5473 2482 5520 esse,
2515 5455 2667 5524 legent
2696 5467 2795 5505 non
2824 5448 3036 5502 audistis
3063 5447 3087 5499 Σ)
3113 5444 3349 5515 quoniam
3377 5442 3633 5496 Abraham
3660 5443 3787 5493 duos
3812 5441 3950 5508 ﬁlios

2363 5548 2565 5611 habuit,
2593 5561 2749 5597 unum
2778 5542 2840 5595 de
2883 5540 3087 5602 ancilla,
3117 5539 3331 5589 alterunt
3361 5533 3422 5586 de
3461 5532 3615 5586 libera
3643 5549 3662 5594 ;
3688 5547 3802 5598 qua
3832 5545 3952 5584 sunt

2363 5655 2451 5709 per
2476 5635 2768 5706 allegoriam
2799 5632 2930 5684 dicta
2961 5627 3118 5702 (Ibid.
3147 5645 3194 5680 υ.
3226 5627 3316 5679 22.
3347 5624 3456 5694 25).
3491 5622 3676 5677 Vidisti
3708 5636 3806 5691 per
3835 5636 3954 5678 rem

2430 5755 2444 5784 ¹
2482 5752 2555 5799 Sic
2579 5746 2797 5808 plerique
2824 5745 2940 5793 editi
2965 5749 3014 5790 et
3056 5744 3157 5802 ipse
3182 5735 3588 5808 Montefalconius.
3615 5744 3662 5808 In
3684 5738 3955 5787 recentiori

2371 5801 2858 5863 editione'raris'iensi
2881 5801 3082 5870 legitur,
3101 5811 3232 5854 terra
3253 5808 3298 5852 et
3322 5801 3492 5850 cretum
3522 5815 3536 5847 :
3563 5803 3703 5849 male.
