4164 6324
289 361 396 416 sat.
870 313 873 338 ’
1320 345 1413 400 ne
1451 341 1922 400 mansuris.
1963 340 2197 398 nomn.
2242 342 2331 397 Vl.

290 471 624 545 prophetiam
653 468 679 522 ἲ
713 465 771 521 In
808 479 874 520 eo
901 461 1044 519 enim
1073 457 1215 532 quod
1245 457 1496 513 mulieres
1540 456 1735 521 habet,
1765 469 1872 509 non

289 566 545 630 verbum,
588 559 683 615 sed
732 571 818 612 res
842 565 923 612 est
954 573 967 610 :
997 562 1051 608 et
1088 565 1297 606 servam
1321 557 1376 604 et
1412 547 1634 602 liberam
1665 545 1876 601 ostendi

291 657 387 712 tibi
417 669 512 724 per
541 651 726 717 verba,
748 647 998 719 quoniam
1029 643 1256 699 duorum
1283 649 1720 696 testamentorum
1741 651 1878 691 unus

209 781 214 785 -
285 753 373 800 est
407 739 713 811 Iegislator,
743 739 890 792 disce
917 743 973 790 et
1015 733 1190 802 ipsum
1230 746 1326 800 per
1356 730 1573 800 ﬁguras.
1604 725 1876 782 Abraham

285 837 420 891 duas
445 848 642 888 uxores
668 828 884 892 habuit;
915 827 998 882 ha:
1022 833 1200 878 autem
1229 829 1355 876 sunt
1383 819 1490 874 duo
1516 826 1832 872 testamenta
1857 857 1873 881 ,

283 935 340 981 ct
372 941 511 981 unus
539 922 810 992 legislator
838 936 850 971 :
879 912 1328 988 quemadmodum
1352 911 1461 965 illic
1484 910 1600 963 ovis
1633 921 1688 963 et
1725 907 1840 960 oris
1859 947 1874 971 ,

287 1021 455 1074 altera
481 1015 695 1087 quidem
722 1013 775 1066 iu
822 1009 1021 1075 verbo,
1051 1006 1216 1061 altera
1261 1014 1440 1058 autem
1483 1002 1537 1056 in
1585 1015 1644 1056 re
1670 1041 1684 1065 ,
1712 999 1877 1054 multa

287 1125 418 1165 vero
440 1117 495 1162 et
513 1120 734 1175 operum
753 1110 808 1156 et
828 1099 1112 1155 verborum
1135 1093 1511 1151 concordantia
1533 1092 1670 1147 inest
1695 1109 1709 1146 :
1729 1093 1807 1145 sic
1825 1098 1881 1146 et

287 1201 376 1256 hic
399 1202 714 1255 testamenta
737 1193 869 1247 duo:
891 1200 946 1246 et
969 1191 1080 1245 haec
1102 1185 1365 1243 Jeremias
1387 1183 1603 1253 quidem
1632 1197 1726 1255 per
1754 1195 1879 1235 ver-

285 1296 354 1350 ba
372 1290 640 1363 prtedixit,
659 1285 926 1341 Abraham
947 1291 1122 1336 autem
1148 1278 1282 1333 duas
1308 1277 1512 1330 habens
1533 1285 1882 1339 uxores,ope-

288 1385 436 1439 ribus
455 1369 1187 1450 figuravit..Quemadtnodum
1203 1368 1348 1424 enim
1369 1382 1504 1420 unus
1514 1365 1596 1418 vir
1612 1376 1665 1419 et
1685 1376 1881 1417 uxores

287 1475 430 1538 dum,
445 1473 524 1526 sic
540 1479 594 1524 et
606 1483 743 1521 unus
761 1464 1120 1535 legislator,'et
1137 1465 1454 1514 testamenta
1471 1456 1599 1510 duo.
1617 1452 1720 1508 Sed
1738 1450 1882 1522 quod-

286 1563 422 1625 dixi,
449 1571 504 1616 et
528 1560 680 1628 cujus
706 1570 868 1611 causa
889 1554 1139 1628 universa
1170 1550 1286 1603 htec
1308 1547 1578 1618 preposita
1603 1553 1879 1598 suntznon

289 1655 433 1710 enim
473 1667 505 1706 a
533 1649 804 1720 proposito
824 1643 1204 1700 discedendum
1230 1649 1355 1696 est:
1397 1638 1498 1706 Qui
1541 1637 1720 1692 uiderit
1762 1652 1880 1688 mu-

288 1745 459 1798 lierem
482 1741 550 1794 ad
575 1735 1028 1808 concupiscendum
1069 1749 1179 1787 eam
1198 1773 1214 1797 ,
1233 1731 1348 1802 jam
1373 1738 1648 1782 nuntiatus
1675 1737 1747 1780 est
1767 1741 1880 1779 eam

286 1837 342 1890 in
361 1835 515 1888 corde
534 1848 624 1886 suo
657 1829 869 1901 (Matth.
901 1827 954 1881 5.
984 1823 1095 1895 28).
1129 1823 1203 1878 Ita
1230 1831 1343 1887 est;
1384 1819 1478 1875 sed
1506 1817 1648 1889 quod
1672 1818 1724 1872 in
1749 1832 1878 1887 pro-

288 1925 466 1995 posito
490 1921 644 1976 nobis
671 1929 788 1974 erat
814 1931 936 1971 cum
959 1916 1077 1970 haec
1093 1913 1270 1967 omnia
1291 1913 1614 1981 agitaremus
1631 1949 1645 1974 ,
1668 1921 1764 1962 cur
1789 1922 1882 1961 ve-

289 2025 458 2068 terem
488 2010 618 2080 ipsis
644 2010 813 2079 legem
843 2006 1032 2060 recitat
1057 2001 1233 2057 tdicit
1273 2001 1417 2055 enim
1449 1999 1580 2068 ipsis
1605 2017 1620 2052 :
1652 1997 1880 2052 Audistis

285 2103 524 2174 quoniam
548 2100 738 2154 dictum
762 2108 834 2152 est
860 2095 1102 2164 antiquis,
1135 2091 1259 2146 Non
1287 2088 1632 2144 moechaberis.
1663 2088 1878 2158 Cogno-

286 2196 364 2250 vit
403 2191 623 2249 difﬁcile
650 2205 772 2246 esse
801 2186 1108 2261 mandatum
1133 2224 1150 2249 ,
1179 2197 1284 2237 non
1317 2189 1504 2249 suapte
1531 2188 1718 2232 natura
1737 2218 1751 2240 ,
1783 2174 1878 2230 sed

286 2284 615 2341 audientium
667 2279 891 2335 desidia.
943 2276 1104 2332 Multa
1147 2274 1290 2330 enim
1322 2287 1441 2342 qua:
1471 2279 1658 2324 natura
1709 2268 1877 2321 facilia

286 2387 451 2444 sunt,
477 2373 713 2430 difﬁcilia
740 2371 875 2425 ﬁunt
913 2383 1038 2423 eum
1088 2365 1417 2436 pigritamur,
1466 2363 1606 2416 sicut
1643 2358 1877 2414 difficilia

284 2485 407 2539 quae
433 2477 556 2523 sunt
573 2507 588 2530 ,
619 2464 755 2519 levia
777 2472 832 2517 et
860 2460 1031 2516 facilia
1061 2460 1192 2512 ﬁunt
1219 2457 1376 2512 nobis
1394 2461 1640 2508 accurate
1666 2452 1878 2522 prospi-

283 2562 569 2618 cientibus.
603 2557 722 2612 Non
747 2555 892 2610 enim
933 2553 1218 2608 difﬁcultas
1257 2564 1436 2604 rerum
1463 2556 1668 2602 naturae
1704 2547 1876 2610 inest,

285 2653 383 2706 sed
424 2650 789 2706 exercentium
837 2646 1113 2715 pr0posito
1145 2659 1160 2696 :
1187 2639 1329 2710 quod
1379 2637 1716 2693 verissimum
1759 2650 1880 2690 esse

284 2743 374 2798 rel
411 2759 476 2796 ex
524 2741 625 2794 hoc
651 2747 889 2808 apparet.
923 2735 1025 2790 Mel
1070 2742 1259 2789 natura
1300 2731 1639 2786 dulcedinem
1681 2729 1876 2792 habet,

282 2843 448 2903 atque
473 2831 718 2887 eamdem
753 2826 1226 2899 jucundissimam,
1273 2823 1365 2877 sed
1397 2821 1612 2892 mgrotis
1636 2834 1878 2873 amarum

282 2923 412 2996 quid
458 2933 621 2992 atque
669 2923 930 2990 ingratum
955 2926 1068 2982 est,
1125 2931 1234 2971 non
1273 2913 1510 2984 propria,
1541 2909 1635 2966 sed
1665 2909 1877 2964 illorum

283 3014 616 3086 aegritudinis
643 3019 828 3066 natura
862 3026 875 3061 :
900 3010 978 3064 sic
1006 3007 1097 3062 lex
1122 3006 1333 3060 tametsi
1359 3003 1601 3057 videatur
1624 3013 1874 3066 onerosa,

284 3124 394 3164 non
419 3121 514 3162 sua
540 3115 745 3163 natura.
766 3103 858 3156 sed
884 3109 1064 3155 nostra
1084 3098 1143 3153 ﬁt
1158 3097 1391 3169 pigritia.
1417 3095 1567 3150 llaud
1585 3094 1716 3149 mihi
1741 3092 1878 3146 mul-

283 3209 398 3254 tum
426 3197 642 3260 laboris,
667 3193 949 3249 ostendere
979 3189 1123 3245 factu
1152 3190 1358 3244 facilem
1388 3201 1510 3242 esse
1539 3204 1554 3240 :
1584 3200 1706 3240 nam
1733 3183 1876 3255 quod

281 3289 558 3345 difﬁcilem
587 3286 730 3340 illam
760 3282 887 3337 facit
915 3281 1058 3336 aliud
1083 3279 1368 3334 dicendum
1389 3286 1523 3332 erat.
1556 3275 1707 3329 Nunc
1732 3274 1874 3328 enim

281 3383 435 3446 dicit,
467 3380 612 3447 Fuge
643 3377 885 3431 mulieris
926 3376 1131 3451 visum,
1161 3386 1190 3424 a
1223 3370 1428 3424 luxuria
1473 3367 1705 3422 recede:
1733 3363 1874 3433 quod

283 3486 466 3529 autem
499 3472 729 3533 difficile,
777 3467 1079 3537 oppositum
1126 3465 1302 3518 dicere
1347 3470 1590 3530 poterat,
1646 3458 1876 3526 Exquire

283 3569 542 3623 mulieres
567 3607 579 3626 .
609 3574 847 3618 scrutare
875 3561 1077 3613 alienas
1109 3558 1326 3618 formas,
1360 3564 1517 3621 atque
1566 3552 1644 3606 sic
1695 3550 1873 3605 libidi-

281 3673 408 3714 nem
441 3657 612 3710 vince.
634 3655 688 3707 ld
715 3668 842 3721 ergo
868 3649 1085 3704 difficile
1107 3647 1278 3700 fuerat
1312 3661 1324 3696 :
1356 3661 1476 3697 natu
1507 3641 1714 3705 dicere,
1739 3640 1874 3693 For-

283 3764 476 3806 nacem
508 3747 650 3816 fuge,
684 3745 874 3799 recede
900 3741 1105 3810 longius
1127 3740 1192 3793 ab
1219 3739 1369 3805 igne,
1400 3735 1627 3789 flammae
1657 3733 1876 3803 propius

281 3857 390 3896 non
421 3838 745 3900 accesseris,
783 3850 889 3903 quo
927 3834 998 3884 sis
1031 3833 1318 3892 innocuus,
1355 3828 1577 3880 multum
1607 3823 1875 3878 facilitatis

283 3934 446 3986 habet
470 3949 484 3985 :
515 3930 710 3983 ctenim
735 3928 884 3996 juxta
915 3933 1158 3977 naturam
1187 3913 1494 3975 mandatum
1519 3928 1618 3971 est.
1651 3917 1875 3970 Audistis

281 4025 405 4097 quia
450 4022 639 4074 dictant
683 4029 755 4072 est
801 4017 1056 4084 antiquis,
1099 4010 1219 4067 Non
1260 4012 1580 4066 nime/iuberis
1623 4009 1869 4080 (lbitl.).

282 4115 449 4182 Cujus
481 4111 639 4181 igitur
667 4109 742 4163 rei
770 4107 937 4178 gratia
968 4105 1237 4172 antiquam
1283 4102 1449 4170 legem
1482 4102 1634 4154 nobis
1663 4100 1728 4153 ad
1758 4115 1872 4153 me-

283 4203 513 4259 moriam
558 4199 783 4268 redegit,
815 4199 1036 4250 alteram
1065 4192 1504 4269 introducturus?
1532 4191 1648 4258 Quo
1674 4190 1873 4244 scilicet

282 4310 351 4350 ex
375 4292 772 4361 comparatione
793 4287 968 4342 discas
989 4303 1092 4341 non
1112 4301 1230 4340 esse
1253 4284 1410 4352 hujus
1434 4295 1590 4352 atque
1614 4281 1754 4334 illius
1777 4295 1876 4349 pti-

281 4400 442 4456 gnam
476 4401 488 4435 :
521 4398 640 4435 cum
665 4382 806 4435 enim
833 4380 1046 4449 ponitur
1073 4378 1402 4446 comparatio
1423 4419 1439 4442 ,
1465 4385 1587 4428 tunc
1615 4374 1674 4427 ﬁt
1701 4373 1873 4425 mani-

283 4478 473 4534 festius
513 4474 788 4543 judicium.
846 4471 1110 4539 Quoniam
1163 4469 1420 4538 objecturi
1452 4474 1606 4521 erant
1657 4464 1870 4534 quidam

283 4569 432 4641 quod
462 4576 518 4621 ut
539 4566 858 4621 contrariam
882 4565 1052 4633 legem
1084 4563 1268 4625 ferret,
1294 4562 1409 4616 haec
1435 4561 1676 4614 diceret:
1711 4558 1869 4618 Ecce,

284 4660 486 4730 inquit,
514 4667 764 4726 utrasque
791 4654 1094 4709 alternatim
1125 4654 1269 4722 leges
1297 4666 1457 4720 pono,
1490 4659 1632 4702 tenta
1650 4647 1870 4702 etdisce

281 4750 688 4806 consonantiam
713 4762 728 4800 :
758 4762 862 4822 non
904 4745 972 4797 ob
1007 4743 1058 4798 id
1087 4744 1280 4806 solum,
1304 4741 1400 4796 sed
1421 4741 1580 4794 etiam
1602 4747 1659 4792 ut
1688 4747 1873 4791 osten-

281 4843 373 4896 dat
401 4839 606 4894 facilem
639 4845 1043 4906 opportuneque
1063 4834 1420 4888 introductam
1445 4849 1455 4880 :
1483 4839 1764 4899 propterea
1789 4828 1873 4880 in-

281 4935 398 5001 quit
425 4948 438 4983 :
470 4928 694 4982 Audistis
718 4928 834 4996 quia
857 4926 1043 4976 dictum
1073 4933 1144 4976 est
1173 4924 1410 4992 antiquis,
1442 4920 1560 4973 Non
1589 4918 1872 4972 maechabr-

282 5022 618 5077 ris:tamdiu
664 5022 715 5074 in
752 5021 965 5088 antiqua
1019 5020 1132 5086 lege
1183 5031 1278 5068 vos
1323 5013 1658 5068 exercuistis.
1711 5009 1872 5076 Quasi

282 5114 472 5168 doctor
498 5112 764 5180 pigritanti
809 5111 1028 5179 parvulo
1057 5107 1337 5177 praeteritis
1366 5104 1542 5157 adhuc
1577 5102 1874 5169 disciplinis

283 5206 439 5258 inniti
479 5205 714 5264 volenti,
761 5212 919 5271 atque
961 5199 1027 5254 ad
1078 5199 1263 5252 altiora
1293 5213 1412 5252 eum
1443 5196 1626 5248 tollere
1652 5195 1873 5262 cupiens

285 5296 461 5348 dicit:
504 5293 689 5362 Cogita
736 5301 992 5360 quantum
1050 5291 1301 5358 temporis
1349 5290 1446 5341 hac
1495 5288 1548 5339 in
1597 5285 1872 5352 disciplina

281 5387 624 5440 contrivisti:
667 5386 746 5437 sie
793 5395 846 5438 et
893 5382 1135 5436 Christus
1179 5394 1432 5434 revocans
1472 5380 1523 5431 in
1559 5376 1872 5429 memoriam

285 5493 376 5532 eos
400 5478 672 5548 prolixiori
695 5487 936 5545 tempore
963 5461 1198 5529 tenuisse
1218 5475 1387 5542 legem
1413 5471 1682 5540 antiquam
1701 5511 1714 5534 ,
1740 5482 1793 5523 et
1823 5469 1873 5520 in

286 5584 342 5622 ca
365 5584 422 5625 se
443 5570 773 5628 exercuisse.
799 5581 1023 5634 esseque
1050 5573 1261 5633 tempus
1285 5562 1351 5617 de
1377 5573 1571 5616 caetero
1614 5558 1680 5612 ad
1720 5558 1874 5612 altio-

283 5684 390 5726 rem
431 5663 801 5723 ‘consccnderc
823 5705 836 5727 ,
867 5662 928 5714 ad
960 5661 1126 5730 ipsam
1156 5673 1273 5728 qua:
1320 5664 1526 5723 patrum
1555 5649 1874 5722 quandoque

3475 345 3583 400 32?.

1989 457 2182 523 fuerat,
2225 454 2613 525 lcgislationem
2659 455 2886 511 traducit
2933 454 3118 511 dicens
3153 473 3166 510 :
3201 455 3424 510 Audistis
3463 460 3580 526 quia

1985 549 2176 601 dictum
2205 557 2276 600 est
2301 548 2553 619 antiquis,
2598 545 2720 601 Non
2744 547 3088 601 machaberis.
3120 545 3174 601 ld
3214 548 3445 617 antiquis
3493 547 3581 601 tli-

1986 648 2131 692 ctum
2157 645 2275 702 est,
2317 636 2430 708 Ego
2475 649 2641 690 autem
2689 637 2802 691 dico
2843 637 2998 689 vobis.
3043 637 3098 690 Si
3151 637 3294 691 enim
3344 638 3580 706 antiquis

1985 729 2228 794 dixiset,
2261 730 2454 783 merito
2484 729 2787 798 quercrcris
2807 769 2820 792 ,
2855 743 2978 782 cum
3014 727 3378 796 imperfectior
3402 729 3580 784 adhuc

1985 833 2130 878 esset
2152 831 2334 877 nostra
2365 831 2576 876 natura.
2621 820 2698 875 Ea
2725 835 2850 875 vero
2875 835 2997 874 cum
3027 829 3204 886 aucta,
3243 835 3366 874 cum
3408 820 3581 888 perfe-

1986 915 2124 968 ctior
2143 915 2280 969 facta
2309 924 2391 968 est
2411 955 2426 980 ,
2455 913 2734 981 disciplina
2761 913 2921 966 etiam
2954 911 3252 982 perfectiori
3279 911 3347 966 de
3379 922 3580 967 etetcro

1986 1021 2122 1074 opus
2141 1016 2274 1060 erat.
2310 1005 2594 1075 Proliterea
2617 1005 2877 1073 incipiens
2907 1019 2937 1058 a
2965 1003 3296 1073 legislatiouc
3315 1045 3330 1069 ,
3363 1021 3430 1060 ne
3460 1007 3580 1074 quis

1987 1098 2201 1151 intuens
2230 1097 2580 1167 philosophia:
2600 1095 2980 1150 sublimitatem
2999 1095 3298 1165 pigritetur,
3317 1104 3410 1150 aut
3430 1111 3583 1150 mora

1989 1196 2253 1250 teneatur,
2289 1187 2455 1256 inquit
2491 1205 2503 1240 :
2539 1185 2660 1240 Nisi
2686 1184 3015 1240 abundaverit
3035 1187 3237 1257 justitia
3273 1196 3435 1241 uestra
3464 1204 3582 1256 ptas

1987 1295 2142 1350 quam
2167 1278 2448 1333 scribarum
2474 1287 2520 1332 et
2544 1277 2948 1344 I’ltaristeorum,
2979 1293 3080 1330 non
3116 1277 3368 1331 intrabitis
3404 1279 3456 1330 in
3495 1295 3579 1331 re-

1986 1387 2140 1441 gnum
2183 1373 2420 1426 (telorum
2460 1370 2672 1441 (Matth.
2705 1373 2758 1426 5.
2788 1369 2904 1442 20).
2948 1370 3074 1424 Plus
3095 1386 3124 1424 a
3149 1385 3236 1426 me
3261 1371 3457 1426 laboris
3482 1388 3579 1427 ex-

1989 1463 2314 1532 igis?quare
2347 1461 2370 1515 ?
2403 1479 2529 1516 nunt
2569 1477 2675 1517 una
2723 1478 2846 1517 cum
2887 1462 2995 1516 illis
3025 1477 3133 1516 non
3181 1478 3299 1517 sum
3348 1467 3580 1519 natura?

1989 1555 2244 1624 numquid
2272 1571 2379 1609 non
2422 1555 2584 1609 homo
2623 1556 2815 1610 similis
2857 1556 2964 1610 illis
2999 1555 3023 1609 ?
3062 1555 3131 1612 Ut
3157 1571 3263 1610 non
3293 1557 3408 1611 hare
3435 1557 3579 1611 dice-

1989 1656 2109 1700 rent
2137 1647 2236 1716 (a),
2273 1647 2450 1713 Quare
2481 1647 2634 1701 nobis
2667 1647 2877 1702 labores
2906 1647 3108 1702 addidit
3135 1647 3346 1718 ?-quare
3376 1649 3578 1718 majora

1986 1740 2278 1794 certamina
2311 1741 2483 1807 posuit
2499 1740 2521 1791 ?
2536 1740 2769 1794 occurrit
2785 1740 3069 1810 objectioni
3087 1755 3307 1810 regnum
3325 1741 3576 1796 ctelortnu

1987 1828 2266 1898 proferens
2284 1847 2297 1882 :
2315 1829 2530 1898 Majora,
2554 1830 2744 1899 inquit,
2764 1830 2977 1900 prwmia
2997 1829 3178 1884 defero
3199 1849 3210 1882 :
3232 1831 3413 1885 dicens
3427 1831 3578 1884 labo-

1987 1933 2094 1986 res,
2109 1918 2292 1974 dicens
2304 1931 2614 1985 certamina,
2632 1919 2816 1974 dicens
2831 1920 3193 1974 extensionem
3211 1920 3360 1990 legis,
3379 1931 3427 1974 et
3445 1909 3552 1990 pra:
3565 1953 3580 1961 -

1986 2011 2215 2063 tuiorum
2247 2010 2508 2064 meminit.
2537 2009 2877 2079 Nequaquam
2906 2011 3078 2074 enim,
3111 2011 3313 2080 inquit,
3344 2013 3580 2067 Palwsli-

1986 2117 2107 2156 nam
2134 2103 2236 2167 do,
2273 2119 2446 2175 neque
2475 2111 2674 2158 terram
2712 2101 2964 2157 fluentem
3010 2103 3144 2158 lacte
3180 2113 3234 2158 et
3269 2105 3454 2169 melle,
3484 2107 3577 2159 sed

1987 2193 2159 2261 ipsum
2186 2195 2337 2248 vobis
2357 2195 2547 2248 caelum
2585 2195 2792 2249 defero.
2820 2194 3002 2264 Neque
3030 2195 3081 2248 in
3113 2195 3407 2250 ofﬁciorum
3439 2213 3580 2250 mer-

1985 2287 2170 2342 cedem
2201 2287 2348 2358 plura
2379 2287 2552 2341 solum
2585 2287 2892 2356 recipimus,
2922 2288 3015 2342 sed
3045 2289 3204 2343 etiam
3232 2291 3283 2343 in
3317 2290 3427 2359 ipsa
3451 2307 3578 2360 pec-

1985 2391 2226 2435 calorum
2274 2381 2699 2450 transgressione
2746 2382 3266 2451 suppliciumgmajus
3297 2384 3574 2439 trahimus.

1985 2471 2446 2538 Quemadmodum
2474 2472 2616 2526 enim
2641 2471 2731 2540 qui
2759 2471 2928 2541 legem
2953 2482 3362 2540 praecesserunt,
3405 2475 3578 2528 mitio-

1989 2577 2104 2616 rem
2136 2577 2347 2630 ptnnam
2396 2562 2461 2615 iis
2496 2561 2790 2627 dederunt,
2831 2562 2920 2631 qui
2968 2573 3315 2631 peccaverunt
3350 2564 3399 2617 in
3433 2565 3578 2634 lege.

1989 2649 2302 2718 Quicumque
2339 2653 2470 2705 enim
2511 2654 2619 2706 sine
2658 2652 2766 2721 lege
2801 2661 3142 2722 peccauerunt,
3175 2655 3283 2706 sine
3313 2655 3420 2723 lcge
3460 2673 3578 2729 pcr-

1984 2741 2124 2795 ibunt
2155 2741 2332 2809 (Rom.
2357 2742 2408 2807 Ξ,
2447 2743 2560 2814 12),
2596 2742 2646 2797 id
2677 2752 2760 2797 est
2783 2745 2954 2813 legem
2983 2753 3347 2797 accusatorem
3380 2762 3580 2816 nequa-

1984 2849 2142 2904 quam
2172 2835 2480 2900 habebunt;
2524 2834 2617 2889 sed
2649 2846 2834 2889 contra
2862 2835 2978 2889 illos
3005 2835 3071 2889 ab
3100 2836 3210 2904 ipsa
3241 2847 3426 2890 natura
3457 2853 3581 2893 sen-

1987 2925 2239 2989 tentiam,
2271 2925 2474 2994 inquit,
2498 2922 2664 2979 feram
2697 2925 2836 2979 inter
2856 2924 3205 2995 cogitationes
3231 2939 3544 2983 accusantes
3563 2973 3576 2993 ,

1984 3016 2068 3070 vel
2097 3015 2443 3071 defendentes
2493 3015 2651 3087 (Ibid.
2689 3032 2738 3070 υ.
2768 3015 2873 3087 15)
2907 3035 2917 3069 :
2952 3018 3028 3071 sie
3058 3028 3111 3071 et
3139 3018 3223 3081 iis,
3251 3021 3339 3088 qui
3375 3022 3424 3074 in
3467 3023 3582 3091 lege

1985 3116 2360 3178 peccaverunt,
2378 3107 2750 3177 delinquentes
2776 3109 2875 3163 sub
2898 3109 3062 3177 gratia
3085 3109 3419 3179 gravioribus
3449 3114 3580 3168 sub-

1984 3210 2140 3255 erunt
2171 3201 2470 3255 tormentis.
2522 3201 2592 3255 Et
2619 3202 2843 3255 istorum
2875 3201 3230 3257 differentiam
3262 3206 3373 3273 ipse
3401 3217 3581 3261 osten-

1985 3291 2062 3344 dit
2089 3291 2301 3353 Paulus,
2329 3291 2513 3345 dicens
2544 3309 2556 3346 :
2591 3290 2801 3344 lrritant
2827 3293 2937 3362 quis
2964 3294 3156 3362 faciens
3181 3294 3338 3363 legent
3373 3295 3540 3366 Moysi
3566 3341 3578 3361 ,

1983 3385 2092 3438 sine
2116 3385 2222 3436 ulla
2248 3385 2565 3437 miseratione
2589 3384 2787 3438 duobus
2812 3386 2887 3438 vel
2912 3385 3067 3439 tribus
3098 3388 3299 3442 testibus
3327 3394 3536 3443 moritur
3561 3410 3578 3445 .'

1983 3485 2171 3544 quanto
2194 3477 2352 3545 magis
2381 3477 2568 3544 putatis
2600 3475 2850 3529 deteriora
2875 3478 3051 3530 mereri
3075 3480 3342 3545 supplicia,
3367 3482 3454 3549 qui
3482 3481 3579 3534 Fi-

1983 3569 2107 3620 lium
2140 3567 2235 3618 Dei
2260 3567 2624 3619 conculcaverit
2643 3609 2656 3632 ,
2682 3578 2726 3620 et
2753 3569 3047 3637 sanguinem
3088 3573 3366 3623 testamenti
3411 3572 3579 3641 pollu-

1985 3669 2090 3712 tum
2119 3659 2314 3712 duxerit
2335 3701 2348 3725 ,
2379 3661 2429 3712 in
2467 3676 2563 3727 quo
2591 3662 2934 3727 sancti/Scalas
2966 3671 3054 3725 est,
3085 3673 3132 3714 et
3158 3664 3378 3729 Spiritui
3402 3669 3580 3735 gratim

1983 3751 2337 3804 contumeliam
2382 3751 2552 3818 fecerit
2609 3750 2789 3819 (Hebr.
2843 3753 2926 3805 10.
2958 3751 3046 3805 28.
3081 3752 3195 3821 29).
3243 3754 3429 3808 Cernis
3481 3763 3578 3809 sub

1984 3843 2152 3910 gratia
2186 3842 2443 3908 majorem
2479 3857 2688 3910 paruam
2713 3884 2726 3906 ,
2755 3842 2917 3895 veluti
2965 3853 3018 3897 et
3064 3846 3280 3910 praemia
3327 3847 3524 3914 tit-.ijnra
3557 3854 3580 3901 ἵν

1983 3933 2084 3987 Sed
2110 3935 2362 4002 quoniam
2389 3943 2571 3985 saneta
2602 3933 2855 4002 mysteria
2886 3931 2950 3984 ad
2978 3933 3292 3987 memoriam
3326 3938 3474 3988 vobis
3501 3954 3578 3990 rr-

1985 4025 2077 4078 tuh
2103 4034 2377 4077 tremenda
2402 4039 2463 4077 ac
2503 4023 3004 4097 spiritualiakrogo,
3035 4024 3281 4088 obsecro,
3316 4025 3577 4094 deprecor

1983 4123 2142 4182 atque
2183 4115 2324 4166 omni
2361 4128 2479 4166 cum
2524 4112 2774 4166 instantia
2819 4122 3032 4180 expeto,
3059 4127 3217 4166 omne
3245 4113 3576 4181 deponcntcs

1983 4214 2260 4276 peccatum
2283 4247 2296 4271 ,
2325 4208 2400 4258 sic
2431 4206 2492 4257 ad
2521 4203 2851 4258 tremendam
2875 4205 3008 4256 hanc
3032 4218 3269 4256 mensam
3293 4207 3570 4259 accedere.

1986 4296 2200 4359 Pacem,
2233 4297 2437 4364 inquit,
2470 4296 2731 4364 sequimini
2754 4311 2865 4345 cum
2889 4295 3118 4347 omnibus
3139 4304 3184 4346 et
3213 4297 3576 4362 sanctiﬁcatio-

1983 4407 2094 4442 nem
2118 4430 2133 4456 ,
2159 4391 2266 4442 sine
2295 4404 2393 4457 qua
2421 4405 2564 4441 nemo
2591 4388 2771 4439 videbit
2803 4387 2963 4439 Deum
2996 4385 3177 4456 (Hebr.
3214 4388 3296 4441 19..
3329 4391 3437 4457 ll).
3473 4390 3572 4456 Qui

1982 4492 2157 4537 autem
2200 4482 2482 4536 Dominum
2514 4480 2695 4534 videre
2723 4480 2912 4548 dignus
2943 4495 3051 4533 non
3082 4487 3192 4545 est,
3229 4496 3400 4549 neque
3427 4497 3573 4534 com-

1983 4575 2234 4627 tnunioue
2273 4571 2468 4639 dignus
2513 4581 2596 4625 est
2647 4570 2906 4624 Dominiei
2965 4573 3223 4638 corporis.
3284 4573 3573 4639 l’rOpIerca

1982 4665 2176 4720 Paulus
2198 4666 2365 4733 inquit
2389 4683 2400 4716 :
2423 4663 2630 4716 Probet‘
2649 4674 2817 4715 autem
2840 4679 2891 4715 se
2912 4663 3080 4728 homo,
3099 4674 3146 4715 et
3168 4666 3238 4716 sic
3255 4666 3316 4716 de
3333 4683 3463 4734 pane
3481 4668 3572 4720 illo

1983 4756 2229 4820 comedat,
2256 4766 2306 4808 et
2329 4757 2390 4808 de
2416 4752 2571 4808 calice
2603 4755 2734 4807 bibat
2764 4756 2838 4824 (l.
2875 4756 2990 4807 Cor.
3023 4756 3108 4808 ll.
3133 4755 3247 4825 98).
3273 4755 3387 4809 Non
3416 4772 3570 4810 reve-

1983 4850 2110 4903 lavit
2139 4849 2307 4913 ulcus,
2343 4864 2446 4903 non
2478 4851 2527 4902 in
2560 4862 2845 4903 commune
2875 4846 3143 4900 theatrum
3175 4849 3570 4904 accusationem

1983 4943 2252 5010 produxit,
2285 4957 2389 4993 non
2418 4940 2732 4993 delictorum
2765 4946 2928 4992 testes
2957 4937 3138 4991 statuit
3163 4955 3176 4992 :
3208 4939 3345 4990 intus
3373 4939 3423 4992 in
3453 4955 3577 4992 con.

1983 5051 2024 5088 St
2045 5035 2200 5088 ientia
2223 5034 2472 5086 adstante
2496 5033 2727 5094 nemine,
2755 5041 2948 5098 Practer
2970 5045 3088 5083 eum
3107 5029 3193 5096 qui
3217 5040 3406 5083 cuneta
3431 5032 3574 5085 videt

1984 5126 2182 5188 Deum,
2227 5124 2481 5191 judicium
2535 5133 2585 5176 et
2633 5137 2857 5176 examen
2900 5132 3239 5188 peccatorum
3278 5132 3484 5185 statue,
3523 5136 3576 5175 et

1981 5221 2141 5270 vitam
2174 5231 2386 5269 omnem
2431 5214 2731 5280 recogitans
2763 5212 2813 5265 in
2846 5211 3311 5280 mentisjudicium
3356 5225 3572 5282 peccata

1984 5311 2250 5372 deducito,
2301 5309 2528 5362 reforma
2579 5306 2721 5373 quod
2769 5305 3057 5371 deliquisti,
3113 5313 3271 5373 atque
3325 5306 3401 5357 sic
3442 5321 3570 5372 pura

1983 5402 2305 5456 conscientia
2358 5413 2562 5453 sacram
2625 5398 2826 5466 attinge
2879 5413 3157 5461 mensam,
3213 5408 3266 5449 et
3310 5403 3573 5467 particeps

2047 5539 2063 5567 ί
2099 5542 2312 5596 Uterque
2337 5532 2494 5581 Codex
2524 5544 2535 5578 :
2569 5528 2830 5590 Dijudicct,
2852 5542 2956 5592 pro,
2981 5530 3163 5591 probet.

2047 5596 2120 5659 (α)
2155 5593 2474 5657 Ηίόίιωξιιωη
2500 5596 2725 5652 deerant,
2755 5605 2864 5653 qua:
2901 5604 2961 5641 ex
2989 5601 3198 5654 utroque
3230 5598 3310 5640 Ms.
3341 5593 3576 5652 suppleu-

1982 5666 2056 5708 tut
2066 5693 2078 5706 .
