4164 6324
1315 337 1372 394 S.
1413 334 1690 392 JOANNIS
1729 327 2196 390 CHRYSOSTOMI
2238 326 2555 385 ARCHIEP.
2597 327 3137 387 CONSTANTINOP.
3751 331 3861 390 εει

582 461 749 517 sancti
767 455 1008 512 sacrillcii
1038 455 1150 511 fias.
1175 455 1296 511 llaec
1311 463 1490 510 mente
1515 453 1828 517 retinentes,
1851 448 2156 504 etoniuium
2266 440 2360 496 sed
2392 443 2443 496 in
2469 442 2717 509 salutem,
2743 455 2795 498 ct
2812 446 3002 499 anima:
3024 446 3323 510 sanitatem,
3349 446 3705 520 ﬁduciamque
3729 463 3855 505 colt-

580 565 699 619 ειηω
741 550 808 604 de
858 544 1062 602 luxuria‘
1107 549 1335 602 diximus
1379 542 1674 609 recordati,
1723 551 2027 612 quantaque
2077 536 2161 592 his
2268 531 2466 586 tinuam
2511 533 2696 587 salutis
2751 534 2907 604 hujus
2947 537 3301 606 suscipiamus
3350 553 3364 591 :
3405 539 3456 593 in
3486 539 3701 595 Christo
3725 540 3855 596 Jan

582 656 735 711 Imma
784 642 952 710 posin
985 642 1052 694 si,
1077 681 1092 701 ο
1135 639 1222 708 qui
1253 638 1647 692 ίηοοηιίηεηιει-
1675 644 1730 689 ει
1770 634 1944 688 minus
1973 631 2161 700 pudice
2267 623 2495 678 Domino
2521 635 2706 680 nostro
2735 668 2751 692 ,
2781 628 2866 681 cui
2923 627 3094 698 gloria
3141 636 3196 684 et
3249 629 3529 700 imperium
3560 632 3613 686 in
3658 633 3851 689 saecula

582 731 870 799 respiciunt
910 731 962 783 in
995 730 1232 784 mulieris
1259 728 1444 783 faciem
1463 769 1478 792 ,
1506 737 1558 782 et
1587 742 1693 795 pra:
1722 726 1961 795 geltenna
1985 723 2078 776 Dei
2098 722 2161 776 ti-
2264 714 2604 769 chuluwm.
2633 717 2804 771 Amen
2834 717 2874 771 ³.

581 836 785 875 morem
812 830 863 875 et
885 820 1158 874 caritatem
1204 821 1462 874 habentes
1512 826 1635 870 ante
1663 815 1872 878 oculos,
1919 820 2157 867 nosmet"-

581 913 724 981 lpsos
753 911 985 982 undique
1015 922 1321 982 purgantes,
1350 912 1428 966 sic
1459 910 1624 964 sacris
1647 907 1916 978 mysteriis
1942 907 2160 976 propin-

578 1018 819 1072 quemus,
841 1019 908 1058 ne
936 1005 985 1058 iu
1011 1003 1264 1072 judicium
1293 999 1797 1068 damnationcmque
1825 997 1980 1052 nobis
2005 997 2154 1059 ﬁant,

586 345 692 400 523

2331 949 2348 1025 ξ
2370 951 2563 1025 cunt};
2574 951 2665 1002 Cui
2675 951 2835 1025 gloria
2851 959 2898 1004 et
2913 953 3186 1025 inperium,
3495 965 3541 1025 et
3556 959 3862 1025 magniﬁcat-

2266 1014 2334 1059 ιω
2359 1011 2620 1062 ctunPntre
2640 1011 2873 1064 eisancto
2891 1011 3074 1080 Spiritu
3096 1018 3147 1066 in
3168 1011 3348 1068 saecula
3368 1011 3671 1070 scrutandi.
3694 1011 3861 1072 λιιι-ιι.

657 1132 3852 1159 MM

1589 1240 1952 1314 SEBMO
1996 1241 2136 1310 DE
2202 1243 2878 1325 PCENITENTIA

582 1419 663 1462 εἰ·
707 1415 1214 1471 couruucnoas,
1261 1415 1340 1458 κτ
1384 1402 1554 1468 ouo'n
1582 1411 1744 1455 osus
1788 1410 1885 1453 srr
1927 1408 2172 1452 meum

2291 1415 2376 1456 AD
2418 1418 2735 1477 SALUTEM,
2783 1427 2862 1470 ΕΤ
2906 1428 3154 1474 TARDUS
3199 1433 3284 1474 AD
3310 1432 3557 1478 ΡΟΕΝΔΜ
3591 1439 3605 1478 2
3639 1437 3702 1479 IN
3738 1435 3868 1490 QUO

1612 1511 1692 1553 ΕΤ
1735 1508 2059 1555 κιιιΑΒιιις
2101 1508 2185 1550 ΠΒ
2229 1510 2441 1558 RAHAB
2485 1519 2805 1567 HISTORIA.

2191 1630 2572 1683 m————

1109 1767 1324 1807 HOIIUA
1366 1748 1555 1822 mox).

667 1869 716 1919 t.
769 1864 990 1934 Semper
1012 1864 1223 1933 quidem
1250 1863 1460 1918 divinus
1484 1861 1756 1930 apostolus
1781 1861 1956 1916 divina
1998 1859 2160 1915 cale—

590 1942 764 2026 stiq‘ue
793 1956 955 2009 utitur
992 1955 1164 2021 lingua
1191 1994 1205 2018 ,
1251 1969 1315 2007 ac
1351 1953 1567 2008 scientia
1598 1953 1762 2008 multa
1804 1951 2165 2021 evangelicum

589 2049 718 2101 texit
745 2047 964 2101 verbum
999 2063 1012 2099 :
1046 2061 1152 2100 non
1182 2061 1249 2098 ex
1278 2060 1371 2100 sua
1399 2046 1660 2100 sententia
1694 2054 1895 2100 temere
1923 2045 2164 2114 loquens,

588 2137 682 2192 sed
709 2138 884 2208 regali»
910 2137 1224 2192 auctoritate
1252 2135 1501 2206 dogmata
1533 2134 1827 2205 proferens.
1888 2133 1998 2189 Hac
2045 2150 2168 2188 vero

586 2229 917 2299 potissimum
943 2226 1105 2280 utitur
1130 2226 1376 2287 scientia.
1399 2224 1610 2294 quando
1637 2224 1974 2292 peccantibus
2001 2222 2170 2292 poeni-

589 2323 764 2376 tentiae
793 2319 1007 2374 verbum
1041 2319 1230 2389 ingerit
1258 2335 1273 2372 :
1300 2334 1402 2387 qua
1431 2317 1499 2372 de
1531 2333 1588 2371 re
1614 2332 1706 2370 vos
1731 2317 1837 2387 jam
1861 2317 2168 2370 admonitu-

549 2441 553 2445 ι
589 2427 678 2464 rus
704 2426 840 2465 sum.
873 2409 1109 2464 Audistis
1140 2409 1348 2477 itaque,
1380 2417 1438 2462 ut
1474 2407 1738 2476 sigillatim
1785 2423 1845 2461 ea
1884 2422 2003 2477 qua:
2029 2406 2166 2460 dicta

589 2509 711 2553 sunt
741 2510 948 2569 tangam
974 2539 989 2563 ,
1025 2499 1290 2574 quomodo
1317 2496 1624 2552 Corinthios
1659 2497 1933 2567 alloquens
1963 2496 2170 2552 dicebat

589 2602 835 2645 strenuus
865 2589 956 2643 ille
980 2588 1060 2642 vir
1080 2598 1238 2657 atque
1264 2587 1609 2642 admirandus
1633 2603 1646 2639 :
1681 2587 1764 2641 Ne
1792 2595 1925 2658 forte
1948 2589 2166 2656 veniens,

587 2681 770 2733 multos
805 2678 1020 2747 deﬂeant
1048 2694 1218 2732 corum
1241 2680 1327 2747 qui
1356 2680 1499 2750 prius
1527 2688 1874 2749 peccaverunt,
1917 2690 1962 2734 et
2008 2680 2169 2748 pomi-

576 2770 790 2824 -tentiartt
815 2785 916 2822 non
941 2778 1145 2840 egerunt
1170 2767 1244 2839 (2.
1263 2767 1381 2823 Cor.
1404 2768 1491 2822 12.
1508 2766 1622 2841 21).
1648 2767 1820 2824 Homo
1836 2769 2047 2840 quidem
2072 2783 2170 2822 na-

587 2869 702 2912 tura
745 2873 965 2927 magnus
1009 2857 1094 2912 hic
1117 2858 1306 2912 doctor
1333 2867 1486 2924 erat,
1516 2857 1610 2913 sed
1638 2861 1909 2928 propesito
1951 2859 2039 2914 Dei
2066 2860 2171 2915 mi-

587 2947 753 3001 nister
781 2964 794 3002 :
825 2947 944 3001 ideo
972 2947 1118 3001 velut
1162 2946 1363 3002 caelesti
1391 2948 1619 3017 quadam
1667 2949 1834 3002 utitur
1878 2949 2052 3020 lingua
2076 2988 2093 3014 ,
2119 2957 2173 3004 et

584 3039 739 3109 quasi
761 3053 828 3092 ex
851 3038 978 3108 ipsis
1004 3038 1148 3093 caelis
1176 3038 1502 3108 loqueretur,
1534 3039 1613 3093 sic
1639 3038 2012 3093 interminatur
2041 3055 2169 3110 pec—

590 3131 884 3196 catoribus,
925 3139 979 3185 et
1009 3129 1392 3200 paenitentibus
1431 3129 1858 3199 pmpitiationem
1885 3131 2167 3200 promittit.

587 3221 719 3274 Cum
759 3229 937 3274 autem
981 3220 1098 3275 lucc
1123 3219 1278 3285 dico,
1318 3234 1651 3289 nequaquam
1681 3221 1828 3275 Pauli
1856 3221 2047 3292 linguae
2076 3236 2170 3277 au-

587 3311 890 3366 ctoritatem
911 3310 1284 3376 adscribo,sed
1314 3311 1381 3366 ad
1401 3311 1492 3366 Dei
1520 3312 1742 3380 gratiam
1763 3321 1928 3371 totum
1956 3312 2128 3366 refero
2154 3329 2170 3368 :

591 3404 660 3457 de
683 3417 792 3474 quo
821 3404 934 3472 ipse
963 3402 1175 3457 dicebat
1205 3420 1218 3456 :
1259 3403 1337 3456 An
1366 3403 1762 3472 experimentum
1789 3404 1897 3471 ejus
1924 3405 2169 3473 φαεν-ἤια,

588 3512 676 3566 qui
710 3495 766 3550 in
813 3510 894 3548 me
931 3493 1153 3563 loquitur
1175 3533 1193 3560 ,
1225 3491 1414 3548 Christi
1441 3493 1460 3563 (
1493 3493 1548 3548 2.
1577 3492 1696 3548 Cor.
1737 3493 1824 3548 i5.
1857 3494 1892 3550 3
1917 3493 1983 3564 )1
2011 3493 2175 3564 Igitur

587 3585 929 3657 peccantibus
943 3583 1188 3640 beneficii
1215 3583 1532 3640 medicinam
1555 3585 1821 3656 supponit,
1835 3594 1890 3640 et
1910 3586 2174 3654 paeniten-

587 3681 716 3732 tiam
765 3674 834 3730 ad
873 3675 1120 3730 salutem.
1151 3673 1437 3730 Concurrit
1464 3685 1645 3730 autem
1695 3675 1849 3732 hodie
1884 3691 2006 3731 cum
2042 3692 2176 3747 apo-

588 3754 776 3821 stnlica
795 3764 1024 3819 lectione
1042 3765 1343 3834 evangeliea
1361 3764 1523 3820 etiam
1541 3765 1834 3822 Salvatoris
1863 3769 2170 3834 auctoritas,

589 3871 708 3924 qua!
731 3863 1066 3925 pacatorum
1106 3855 1473 3910 remissionem
1503 3841 1721 3927 copiose
1757 3855 1995 3928 largitur.
2045 3857 2176 3912 Nam

589 3962 710 4001 cum
741 3946 1086 4018 paralyticum
1117 3955 1352 4014 sanaret,
1381 3945 1596 4003 dicebat
1632 3946 1896 4016 Salvator,
1928 3959 1987 4004 ut
2017 3950 2178 4006 modo

591 4038 839 4093 audistis:
865 4036 994 4102 Fili,
1025 4038 1347 4092 remittuntur
1372 4039 1464 4093 tibi
1483 4047 1688 4109 precata
1705 4048 1792 4092 tua
1813 4038 2175 4110 multaUIarc.

587 4129 646 4182 '2.
670 4128 762 4198 5):
792 4126 1037 4184 remissio
1082 4137 1261 4183 autem
1294 4137 1631 4198 peccatorum
1669 4138 1753 4185 est
1793 4130 1910 4184 fons
1948 4131 2134 4186 salutis
2157 4171 2178 4201 ,

590 4229 647 4271 vt
675 4219 952 4288 praemium
999 4218 1347 4287 paenitentiae.
1379 4219 1697 4274 Remedium
1726 4220 1920 4289 quippe
1958 4230 2040 4276 est
2061 4235 2178 4291 p03-

596 4309 842 4382 uitentia,
870 4307 1012 4378 quod
1045 4317 1320 4377 peccatum
1365 4307 1502 4362 tollit
1532 4326 1544 4362 :
1581 4308 1777 4363 donum
1821 4312 2055 4375 caeleste,
2076 4313 2181 4366 vir-

595 4413 679 4452 tus
697 4397 1044 4464 admirabilis,
1066 4399 1232 4467 gratia
1258 4398 1430 4469 legum
1458 4414 1670 4455 cursum
1692 4402 2181 4471 superans.Qtutm-

592 4491 779 4547 obrem
814 4506 920 4546 non
943 4489 1318 4546 fornicatorem
1353 4492 1673 4558 renuit,non
1697 4493 1964 4548 moechum
1991 4495 2178 4566 abigit,

596 4600 703 4639 non
732 4583 1001 4639 ebriosum
1043 4593 1318 4638 aversatur
1339 4624 1355 4650 ,
1379 4599 1485 4637 non
1507 4584 1836 4640 idololatrant
1863 4587 2179 4656 detestatur,

596 4694 703 4733 non
725 4674 1039 4733 maledictht
1056 4676 1284 4746 repellit,
1306 4691 1412 4732 non
1433 4676 1802 4747 blasphemum
1826 4680 2180 4751 persequitur,

599 4784 705 4823 non
734 4777 1072 4837 arrogantem
1097 4782 1114 4832 ;
1143 4765 1237 4822 sed
1274 4781 1465 4822 omnes
1507 4767 1776 4836 immutat,
1807 4773 2008 4839 peccati
2039 4772 2182 4827 enim

596 4857 965 4914 eoullatorium
989 4869 1074 4914 est
1093 4859 1406 4929 pmnitentia
1435 4861 1476 4912 ί.
1520 4860 1710 4930 Operae
1747 4863 1978 4932 pretium
2004 4873 2182 4919 autem

596 4960 680 5005 est
708 4951 936 5020 primum
968 4949 1064 5004 Dei
1088 4963 1307 5019 scopum
1329 4963 1688 5021 cognoscere,
1721 4968 1827 5007 non
1878 4969 1943 5009 ex
1983 4955 2184 5025 cogita-

598 5041 833 5097 tionibus
860 5041 1056 5095 nostris
1078 5042 1236 5096 talem
1253 5041 1670 5111 speculationem
1692 5042 1972 5111 adeuntes,
1995 5044 2089 5101 sed
2117 5061 2183 5101 ex

601 5132 731 5200 ipsis
753 5130 948 5186 divinis
971 5130 1263 5200 Scripturis
1292 5141 1602 5189 attestatam
1634 5136 1914 5191 veritatem
1955 5137 2183 5194 demon-

599 5232 853 5278 strautes.

685 5313 855 5368 Virtus
879 5324 1149 5380 parentum
1181 5315 1393 5384 posteris
1432 5316 1653 5386 prodest.
1680 5349 1753 5360 -
1799 5319 2002 5389 Scopns
2043 5320 2180 5381 beo,

601 5406 727 5460 dtnn
781 5405 1152 5475 longanimiter
1186 5408 1328 5476 agit,
1359 5407 1558 5478 duplex
1604 5420 1707 5475 est,
1736 5411 1801 5464 ad
1855 5413 2185 5482 salutemque

627 5639 638 5650 τ
668 5581 682 5609 ⁸
722 5585 851 5627 unus
865 5583 1002 5701 Ite/fw
1021 5577 1106 5646 sed
1123 5591 1284 5629 omnes
1306 5579 1478 5651 recipit
1493 5593 1745 5651 omnesque
1769 5581 1984 5635 immutat
2003 5598 2019 5645 ,'
2038 5585 2164 5635 virtu

627 5653 663 5691 ut
680 5652 807 5687 emm
826 5651 913 5701 gon
950 5645 1153 5689 atomum
1177 5647 1246 5690 est
1271 5650 1563 5701 pmmtentttr.

601 5645 663 5691 tis
680 5652 807 5687 emm
826 5645 1153 5703 gon/(atomum
1177 5647 1246 5690 est
1271 5645 1563 5703 pmm'tentttr.

668 5709 740 5761 tu)
763 5698 940 5750 Collatia
964 5713 1072 5750 cum
1094 5710 1194 5753 Mss.
1219 5698 1376 5767 Regiis
1411 5705 1549 5765 1828,
1568 5704 1708 5767 2349,
1725 5703 1864 5760 iiii.
1888 5708 2031 5757 2809.

2274 1753 2532 1820 prepitius
2566 1772 2578 1808 :
2619 1755 2750 1826 ipsis
2779 1759 3030 1816 nimirum
3067 1764 3446 1831 penitentibus
3479 1769 3868 1841 salutemproo

2273 1851 2446 1909 curat,
2475 1860 2768 1916 eorumque
2800 1853 3026 1918 posteris
3050 1894 3066 1918 ,
3099 1855 3186 1922 qui
3238 1857 3289 1910 in
3329 1858 3522 1913 virtute
3555 1876 3869 1930 progressus

2275 1929 2458 1987 facturi
2488 1931 2630 2001 sunt,
2665 1939 2977 1994 beneﬁcium
3007 1954 3264 1998 reservat.
3296 1946 3362 2001 Et
3409 1959 3465 2000 ut
3523 1929 3713 2005 iterum
3753 1968 3871 2008 ser-

2273 2037 2485 2078 monem
2516 2037 2775 2096 repetam,
2808 2031 2944 2084 Deus
2977 2033 3346 2102 longanimiter
3380 2041 3488 2107 agit
3509 2082 3524 2105 ,
3549 2051 3604 2095 ut
3641 2054 3695 2097 et
3736 2059 3866 2113 pec-

2274 2128 2422 2169 cator
2449 2119 2748 2186 resipiscat,
2782 2131 2835 2175 et
2864 2131 2921 2176 ut
2953 2126 3178 2192 posteris
3228 2128 3337 2182 suis
3371 2132 3556 2186 salutis
3580 2136 3718 2188 viam
3760 2152 3868 2192 non

2272 2204 2504 2259 claudat.
2534 2207 2682 2262 Licet
2713 2211 2853 2264 enim
2879 2225 3127 2280 peccator
3159 2217 3210 2270 in
3254 2217 3491 2286 lapsibus
3517 2237 3826 2291 perseveret
3850 2269 3868 2291 ,

2274 2296 2441 2363 parcit
2474 2312 2616 2366 srcpe
2638 2300 2823 2362 radici.
2845 2312 2903 2356 ut
2923 2302 3126 2360 fructus
3153 2309 3418 2363 custodiat
3445 2328 3459 2374 ;
3495 2328 3870 2381 saepenumero

2274 2388 2432 2441 etiam
2467 2389 2633 2458 ipsam
2661 2391 2894 2446 radicem
2918 2394 3183 2464 immutat,
3224 2409 3282 2452 ut
3307 2409 3432 2456 ante
3475 2402 3606 2457 dixi.
3649 2405 3755 2461 Sed
3782 2407 3871 2463 ubi

2276 2478 2362 2532 illa
2404 2480 2454 2532 itt
2478 2481 2841 2536 omnimodam
2872 2485 3162 2554 nequitiam
3194 2487 3408 2557 delapsa
3438 2469 3519 2546 e.st
3539 2535 3556 2554 ,
3590 2493 3732 2550 Deus
3756 2498 3864 2552 uti-

2277 2566 2398 2621 liter
2445 2568 2622 2624 difl’ert
2649 2572 2997 2640 supplicium,
3031 2577 3402 2643 pcenitentium
3432 2582 3656 2637 salutem
3684 2601 3873 2655 exspe-

2273 2668 2427 2712 ctans
2461 2677 2474 2712 :
2507 2664 2777 2730 quomodo
2805 2676 2982 2718 autem
3011 2668 3203 2730 ,4udi.
3233 2669 3433 2724 Tltarra
3464 2683 3613 2740 pater
3645 2678 3873 2733 Altrahtc

2277 2750 2538 2807 idolorum
2566 2755 2741 2810 cultor
2780 2766 2928 2822 erat;
2974 2759 3069 2812 sed
3102 2774 3209 2814 non
3261 2761 3346 2816 hic
3387 2763 3534 2818 dedit
3583 2767 3876 2836 impietatis

2275 2859 2485 2917 pmnas,
2514 2855 2568 2901 et
2596 2847 2811 2914 quidem
2834 2849 2974 2916 jure.
3006 2850 3139 2904 Nam
3172 2853 3215 2906 si
3244 2853 3382 2909 Deus
3412 2857 3648 2913 radicem
3679 2861 3872 2928 praeci-

2276 2934 2466 3000 disset,
2497 2936 2760 2990 undenam
2787 2949 2966 2994 tantus
2989 2942 3109 2996 ﬁdei
3139 2942 3338 2999 fruetus
3368 2947 3711 3020 pullulasset?
3736 2952 3873 3019 Quid

2276 3025 2872 3097 Esau-nequius'lVide
2900 3032 3026 3086 mihi
3051 3043 3104 3088 et
3145 3036 3287 3089 aliud
3325 3037 3672 3109 benignitatis
3713 3059 3876 3114 argu-

2276 3115 2534 3170 mentum.
2561 3118 2698 3185 Quid
2726 3121 2812 3174 illa
2841 3122 3040 3177 malitia
3072 3126 3474 3195 impudentius?
3498 3146 3678 3188 nonne
3705 3135 3874 3190 forni-

2275 3215 2426 3261 cator
2453 3215 2508 3261 et
2552 3207 2804 3276 profanus
2845 3211 3004 3279 (Πρὸ.
3042 3214 3128 3268 12.
3168 3217 3234 3271 16
3262 3215 3281 3286 )
3307 3256 3323 3278 .
3356 3229 3413 3273 ut
3449 3222 3524 3274 ait
3559 3225 3876 3290 apostolus?

2277 3309 2455 3350 nonne
2503 3299 2765 3366 parricida
2792 3309 2844 3354 et
2885 3305 3384 3364 matricida?nonne
3406 3309 3684 3366 fratricida
3700 3331 3866 3384 quan-

2279 3394 2389 3440 tum
2415 3389 2479 3441 ad
2511 3391 2886 3458 propositum?
2918 3410 3098 3451 nonne
3138 3397 3247 3452 Deo
3274 3414 3527 3466 perosus,
3549 3413 3606 3458 ut
3633 3407 3878 3463 testiﬁca-

2278 3483 2366 3529 tur
2406 3477 2676 3547 Scriptura
2706 3481 2913 3546 dieens,
2973 3483 3136 3540 Iacob
3165 3488 3322 3542 dilexi
3347 3530 3362 3554 ,
3389 3490 3532 3547 Esait
3563 3506 3731 3548 autem
3757 3498 3880 3551 odio

2283 3565 2637 3639 habui(Ront.
2678 3571 2732 3626 9.
2765 3574 2831 3629 l3
2854 3575 2921 3640 )1
2973 3575 3028 3632 Si
3080 3592 3208 3648 ergo
3239 3579 3529 3637 fornicator
3553 3584 3877 3654 ,fratrieida,

2289 3660 2546 3729 profanus
2574 3673 2630 3719 et
2654 3666 2779 3721 odio
2813 3667 3024 3724 habitus
3048 3711 3064 3735 ,
3095 3686 3194 3726 cur
3218 3687 3322 3726 non
3352 3687 3385 3728 e
3410 3674 3589 3730 medio
3624 3679 3827 3734 tollitur
3853 3683 3882 3737 τ

2285 3767 2385 3806 cur
2416 3769 2519 3808 non
2541 3757 2892 3814 exscinditur?
2905 3774 3000 3816 cur
3028 3776 3132 3817 non
3160 3763 3338 3818 statim
3363 3769 3657 3834 promerito
3675 3773 3888 3841 suppli-

2289 3842 2374 3896 cio
2390 3843 2656 3900 afficitur?
2682 3847 2900 3914 Quare?
2927 3850 3210 3918 pulchrum
3245 3867 3378 3909 sane
3401 3865 3482 3910 est
3512 3871 3730 3914 causam
3756 3877 3883 3930 pro-

2282 3933 2448 3991 ferre.
2491 3936 2546 3992 Si
2594 3939 2808 3996 excisus
2841 3942 3057 4007 fuisset,
3088 3960 3340 4016 magnum
3383 3950 3616 4006 mundus
3656 3952 3882 4023 justitia:

2281 4026 2510 4083 fructum
2537 4030 2805 4087 amisisset
2831 4048 2846 4095 ;
2883 4043 2938 4088 ct
2965 4036 3178 4104 qualem
3208 4037 3353 4096 audi.
3384 4036 3524 4095 Esau
3552 4045 3725 4113 genuit
3766 4043 3886 4098 liae

2281 4119 2480 4188 gtteIem
2503 4159 2520 4186 ,
2561 4120 2764 4192 Raguel
2807 4121 3030 4191 Zaratn,
3058 4124 3198 4181 Zara
3227 4123 3366 4198 Jolt(
3386 4128 3513 4184 Gen.
3550 4131 3663 4204 36).
3698 4133 3887 4190 Vitlen'

2281 4218 2512 4278 quantus
2549 4212 2819 4280 patientiae
2865 4213 2966 4270 ﬂos
3001 4215 3212 4272 deletus
3260 4227 3439 4289 esset,
3470 4221 3518 4276 si
3548 4226 3884 4293 praeveniens

2284 4300 2428 4355 Deus
2451 4316 2638 4372 ptenas
2657 4319 2686 4357 a
2709 4305 2890 4360 radice
2915 4307 3183 4376 exegisset
3202 4308 3226 4362 1

2353 4394 2410 4448 2.
2445 4394 2706 4452 Omnibus
2735 4399 2895 4468 igitur
2931 4399 2984 4454 in
3022 4401 3186 4456 rebus
3219 4401 3361 4458 hanc
3391 4403 3880 4464 considerationem

2284 4482 2528 4541 admitte.
2559 4487 2686 4555 Ideo
2709 4488 3085 4560 longanimiter
3111 4491 3220 4563 agit
3245 4507 3367 4548 eum
3396 4492 3664 4568 Egyptiis
3691 4498 3883 4556 intole-

2286 4576 2481 4632 rabiles
2526 4577 2887 4648 bla‘spltemias
2916 4579 3310 4651 proferentibus
3326 4625 3342 4649 ,
3365 4585 3436 4639 ob
3455 4587 3711 4644 ecclesias
3732 4605 3886 4646 nem-

2287 4681 2376 4737 pe,
2405 4683 2525 4738 qua:
2552 4656 2924 4725 nuné'ktlorent
2949 4671 3003 4726 in
3024 4670 3280 4744 Egypto,
3311 4673 3384 4729 ob
3444 4680 3772 4738 monasteria
3829 4691 3884 4737 et

2285 4771 2379 4812 eos
2407 4759 2496 4828 qui
2539 4759 2860 4830 angelicam‘
2899 4761 3062 4817 vitam
3095 4773 3220 4818 sunt
3246 4764 3495 4835 amplexi.
3544 4765 3798 4836 Etenim,
3829 4783 3892 4827 ut

2285 4848 2438 4904 aiunt
2473 4851 2610 4920 juris
2639 4851 2836 4922 publici
2863 4854 3024 4924 periti
3044 4896 3061 4923 ,
3091 4865 3146 4912 et
3175 4864 3235 4912 ut
3278 4858 3593 4928 prteeipiunt
3623 4860 3887 4917 Romana:

2287 4940 2453 5011 leges,
2485 4957 2766 5014 przegnans
2795 4946 2840 5000 si
2880 4948 2932 5000 in
2963 4946 3165 5002 crimen
3197 4947 3398 5004 incidat
3425 4961 3596 5005 morte
3623 4952 3848 5023 dignum
3867 4997 3885 5021 ,

2288 5049 2393 5089 non
2412 5035 2562 5106 prius
2589 5036 2814 5092 interﬁci
2827 5037 3066 5107 jubetur,
3081 5055 3240 5109 quam
3269 5043 3564 5110 pepererit:
3581 5042 3743 5113 idque
3765 5047 3888 5114 jure

2289 5128 2482 5182 merito
2513 5144 2529 5181 :
2561 5144 2665 5183 non
2699 5130 2843 5185 enim
2867 5130 3072 5199 justum
3103 5143 3433 5188 censuerunt
3456 5135 3629 5204 legum
3662 5136 3881 5200 latores,

2291 5219 2565 5273 innoxium
2605 5235 2726 5274 cum
2760 5222 2917 5274 noxia
2954 5221 3020 5276 de
3065 5222 3244 5277 medio
3269 5223 3404 5278 tolli.
3428 5223 3581 5291 Quod
3613 5226 3656 5278 si
3688 5226 3882 5282 huma-

2291 5324 2373 5362 na:
2399 5309 2544 5379 leges
2575 5310 2707 5363 nihil
2728 5311 3073 5379 peccantibus
3098 5298 3341 5382 parcunt,
3364 5327 3541 5367 annon
3573 5315 3745 5371 multo
3766 5332 3871 5370 nta-

2290 5399 2371 5467 gis
2402 5400 2538 5453 Deus
2565 5400 2798 5456 radicem
2839 5402 3126 5469 cnstodiet,
3150 5402 3414 5458 fructibus
3436 5406 3763 5473 paenitentia:
3791 5407 3880 5464 be-

2293 5489 2541 5543 neficium
2591 5493 2918 5546 reservans?
2973 5493 3170 5561 Accipe
3212 5492 3280 5548 de
3321 5504 3518 5549 caetero
3562 5511 3724 5567 super
3751 5497 3879 5564 ipsis

2295 5580 2638 5647 peceantibus
2681 5582 3010 5649 poenitentia:
3056 5583 3374 5640 beneﬁcium
3400 5603 3413 5641 :
3441 5599 3565 5640 nam
3591 5595 3644 5643 et
3673 5587 3722 5643 in
3751 5589 3874 5659 ipsis

2359 5713 2373 5743 ⁸
2412 5719 2538 5763 Unus
2561 5721 2696 5775 αρε..
2729 5712 3079 5776 Evattgclt'cam.
