4164 6324
241 370 346 426 δῖε

239 481 429 535 eadem
467 474 771 532 el'ementize
826 470 1069 526 redditur
1115 468 1272 522 ratio.
1314 465 1370 521 Si
1398 464 1830 520 emendationem

252 570 370 623 tltio
399 565 797 639 praevertisset,
829 561 1058 616 mundus
1083 560 1293 614 deletus
1314 564 1458 611 esset
1490 555 1838 623 funditusque

248 661 492 730 peiisset
524 676 539 712 :
566 658 613 714 si
630 658 780 711 velox
795 655 862 710 ad
888 668 1099 725 pinnam
1119 649 1431 705 sumendam
1461 646 1650 702 fuisset
1672 646 1836 710 Deus,

249 750 466 806 Par-lum
494 747 737 804 Ecclesia
781 760 888 800 non
934 740 1302 813 possedisset,
1337 741 1608 807 talemque
1633 751 1696 791 ac
1722 745 1839 789 tau-

248 852 357 897 tum
384 842 555 897 virum
596 856 705 895 non
729 835 1047 908 accepisset.
1091 835 1381 903 Pr0pterea
1430 830 1591 899 igitur
1635 827 1841 883 distulit

241 935 704 1005 blasphernantem
733 973 749 1000 ,
818 910 885 985 ut.
938 927 1249 983 ostenderet
1314 925 1684 996 pmnitentem.
1747 920 1839 976 Dei

243 1024 618 1095 longanimitas
659 1029 1101 1093 persequutorem
1128 1017 1304 1073 effecit
1353 1029 1659 1085 pr:econem
1691 1030 1702 1066 :
1739 1012 1836 1066 Dei

241 1114 625 1185 longanimitas
655 1113 837 1182 lupum
874 1109 1104 1166 mutavit
1148 1108 1202 1163 in
1248 1119 1520 1177 pastorem
1551 1123 1562 1157 :
1590 1104 1682 1159 Dei
1712 1103 1835 1157 lon-

236 1207 527 1276 ganimitas
556 1205 895 1275 publicanum
925 1202 1050 1257 fecit
1074 1199 1457 1269 evangelistam
1492 1213 1506 1249 :
1536 1197 1627 1251 Dei
1650 1196 1835 1266 longa-

234 1300 458 1354 nimitas
474 1308 714 1353 nosuum
738 1296 978 1351 omnium
1005 1294 1230 1349 miserta
1260 1300 1361 1359 est,
1378 1306 1566 1346 omnes
1587 1290 1831 1353 mutavit,

231 1408 428 1448 omnes
455 1394 741 1448 convertit.
784 1391 838 1447 Si
882 1390 1080 1445 videris
1106 1389 1377 1443 ebriosum
1408 1387 1536 1441 olim
1588 1400 1731 1440 nunc
1756 1384 1839 1454 je-

229 1484 429 1554 junare
454 1501 468 1548 ;
497 1484 542 1538 si
571 1482 771 1538 videris
801 1482 931 1536 olim
967 1481 1361 1549 blasphemum,
1408 1477 1748 1546 theologum;
1791 1475 1836 1529 si

234 1574 441 1629 videris
468 1589 591 1629 eum
609 1615 625 1638 ,
648 1574 735 1643 qui
772 1571 1044 1644 quondam
1072 1570 1318 1637 turpibus
1357 1567 1639 1622 cantilenis
1657 1580 1718 1619 os
1755 1566 1838 1619 iit-

230 1665 512 1734 quinabat,
563 1680 704 1719 nunc
751 1664 949 1719 divinis
992 1661 1208 1733 hymnis
1261 1661 1501 1715 animum
1557 1673 1833 1729 purgare:

232 1756 435 1812 mirare
455 1756 547 1811 Dei
574 1752 1233 1827 longanimitatem,'lauda
1263 1753 1655 1822 paenitentiam,
1687 1759 1742 1807 et
1769 1766 1833 1805 ex

231 1851 324 1905 illa
354 1850 653 1905 mutatione
677 1850 1017 1905 occasionem
1056 1846 1241 1916 accipe
1277 1846 1487 1901 dicendi
1521 1843 1690 1899 :IIaec
1717 1861 1832 1896 mu-

231 1944 361 1998 tatio
409 1942 633 1997 dextera
670 1940 876 1997 Επειεὶ
910 1938 1084 2011 (Psal.
1113 1940 1202 1994 76.
1231 1938 1338 2009 H).
1369 1937 1551 1991 Bonus
1573 1946 1655 1992 est
1694 1937 1833 1992 Deus

231 2050 360 2105 erga
384 2048 610 2099 omnes,
643 2033 913 2103 praecipue
940 2046 1067 2085 vero
1098 2030 1395 2085 bonitatem
1427 2044 1578 2083 suam
1610 2029 1834 2084 exhibet

230 2141 362 2197 erga
394 2134 731 2197 peccatores.
772 2123 843 2178 Et
868 2122 913 2178 si
940 2122 1538 2192 voluerisperegrinum
1562 2120 1833 2190 quidpiam

229 2218 444 2282 audire,
462 2214 1037 2287 peregrinum‘quidem
1056 2213 1350 2269 secundum
1365 2211 1831 2278 consuetudinem,

227 2321 632 2369 verumautem
662 2307 961 2365 secundum
989 2308 1283 2378 pietatem,
1318 2305 1465 2359 audi.

304 2392 413 2456 Cu,
440 2417 556 2455 cum
576 2402 732 2471 justis
756 2416 934 2470 aspere
978 2408 1095 2469 agat
1134 2397 1293 2451 Deus.
1326 2427 1396 2436 —
1423 2396 1614 2451 Gravis
1670 2391 1836 2466 justis

226 2493 433 2562 ubique
460 2492 670 2547 videtur
700 2492 863 2559 Deus,
895 2491 1028 2545 lenis
1053 2498 1229 2543 autem
1258 2487 1644 2557 peccatoribus,
1673 2496 1836 2557 atque

226 2584 394 2639 velox
422 2582 490 2637 ad
518 2583 892 2646 clementiam;
914 2591 1227 2652 peccantem
1256 2589 1310 2633 et
1335 2579 1622 2634 cadentem
1646 2578 1832 2649 erigit,

224 2689 294 2729 ac
318 2674 401 2730 sic
424 2673 713 2743 alloquitur
736 2691 750 2727 ε
786 2670 1054 2743 Numquid
1084 2673 1269 2725 cadens
1296 2688 1398 2725 non
1426 2673 1644 2740 resurgit
1674 2714 1690 2738 ,
1744 2682 1833 2725 aut

223 2780 436 2818 aversus
466 2780 569 2819 non
608 2765 875 2818 reuertitur
908 2763 1042 2836 (Jer.
1072 2763 1126 2817 8.
1160 2760 1259 2832 4)?
1301 2770 1377 2828 et,
1434 2762 1608 2828 Quare
1659 2777 1835 2818 aversa

223 2864 304 2911 est
325 2855 587 2910 aversione
611 2854 892 2924 impudenti
923 2853 1219 2923 imprudens
1259 2853 1369 2921 ﬁlia
1392 2851 1535 2906 Juda
1572 2851 1731 2921 (Ibid.
1782 2869 1847 2919 υ..

224 2948 263 3001 5
286 2946 343 3017 )?
371 2961 435 3000 ac
458 2960 695 3011 rursum,
749 2943 1112 2999 Convertimini
1133 2944 1203 2996 ad
1240 2960 1338 3010 me,
1366 2953 1412 2996 ct
1437 2959 1527 3013 ego
1571 2955 1835 2997 convertar

223 3037 299 3090 ad
324 3052 414 3091 vos
435 3034 622 3107 (Zach.
653 3036 703 3089 i.
735 3032 814 3106 3).
840 3034 978 3088 Alibi
1000 3042 1178 3087 autem
1200 3048 1307 3103 prie
1326 3034 1483 3086 nimia
1504 3034 1832 3103 benignitate

223 3128 458 3184 salutem
489 3144 553 3183 ex
577 3127 892 3197 paenitentia
911 3126 1217 3196 juramento
1235 3125 1535 3180 confirmat.
1580 3125 1699 3179 Vivo
1716 3143 1830 3197 ego,

225 3222 350 3275 dicit
374 3220 645 3285 Dominus,
680 3220 798 3274 nolo
835 3228 1042 3272 mortem
1071 3216 1370 3287 peccatoris,
1390 3218 1477 3272 sed
1501 3227 1554 3271 ut
1567 3228 1833 3271 converta-

223 3326 332 3381 tur,
385 3323 430 3368 et
453 3315 583 3367 vivat
605 3312 819 3384 (Ezeclt.
851 3314 941 3368 33.
971 3312 1085 3382 Η).
1120 3312 1198 3365 Ad
1222 3312 1422 3381 justum
1454 3320 1631 3365 autem
1661 3311 1825 3366 dicit:

225 3408 289 3461 Si
319 3407 494 3479 fecerit
522 3408 671 3460 homo
696 3421 893 3460 onmem
910 3406 1193 3474 justitiam,
1228 3413 1274 3456 et
1321 3420 1520 3457 omnem
1547 3405 1821 3466 veritatem,

222 3508 271 3553 et
298 3515 502 3553 aversus
525 3501 819 3567 peccaverit,
852 3514 951 3550 non
976 3496 1278 3549 recordabar
1290 3497 1507 3565 justitite
1536 3494 1699 3557 illius.
1744 3497 1830 3551 sed

223 3592 277 3643 in
305 3600 510 3658 peccato
540 3591 783 3641 morietur
807 3588 1027 3657 (Ezeclt.
1062 3589 1148 3642 18.
1173 3586 1286 3657 24).
1315 3587 1360 3642 Ο
1412 3604 1656 3657 magnam
1704 3606 1830 3659 erga

223 3681 426 3751 justum
452 3681 755 3734 cautionem
780 3681 792 3732 l
824 3696 855 3732 ο
888 3663 1132 3753 magnam
1156 3696 1280 3748 erga
1305 3688 1637 3747 peccatorem
1666 3680 1829 3748 largi-

226 3781 390 3825 tatem
414 3771 427 3824 !
458 3769 547 3825 Sic
572 3771 716 3825 varia
744 3779 798 3825 et
819 3770 1029 3825 diversa
1054 3771 1291 3836 molitur,
1322 3788 1425 3823 non
1445 3773 1555 3840 ipse
1575 3782 1826 3836 mutatus,

226 3861 324 3915 sed
355 3861 611 3915 bonitatis
642 3876 755 3915 suae
802 3860 1254 3929 dispensationem
1308 3862 1509 3915 utiliter
1561 3861 1827 3916 dividens.

226 3951 294 4006 Et
326 3952 618 4023 quomodo,
651 3951 796 4005 audi.
824 3951 1168 4006 Pet-calorem
1196 3952 1323 4013 etin
1366 3954 1598 4020 peccatis
1645 3968 1828 4022 perse-

228 4051 502 4097 verantem
528 4042 571 4096 si
603 4043 875 4109 terruerit,
910 4042 961 4094 in
995 4041 1423 4110 desperationem
1456 4043 1545 4096 ille
1595 4043 1819 4097 labitur:

226 4133 433 4202 justum
463 4148 592 4187 vero
618 4133 662 4187 si
706 4132 1021 4197 laudaverit,
1059 4134 1163 4186 vim
1188 4132 1398 4186 virtutis
1445 4134 1561 4203 ejus
1597 4135 1831 4201 emollit;

227 4234 285 4280 et
330 4239 485 4289 eum,
538 4234 720 4293 utpote
753 4226 841 4294 qui
870 4224 979 4292 jam
1010 4229 1079 4278 sit
1108 4236 1467 4293 consequutus
1498 4226 1707 4281 laudem
1734 4268 1748 4290 ,
1778 4236 1828 4283 in

233 4315 615 4386 negligentiam
640 4316 741 4369 labi
771 4315 954 4369 efficit.
986 4315 1347 4381 Quamobrem
1368 4323 1706 4384 peccatorem
1737 4318 1828 4371 mi-

228 4418 460 4469 seratur,
488 4406 688 4476 justum
732 4416 898 4461 terret
940 4424 951 4459 :
990 4406 1248 4462 Terribilis
1287 4408 1430 4462 enim
1457 4425 1609 4480 super
1635 4426 1825 4475 omnes,

228 4502 312 4572 qui
335 4501 385 4554 in
404 4501 615 4553 circuitu
639 4501 750 4570 ejus
777 4509 891 4553 sunt
910 4499 1078 4571 (Psal.
1101 4502 1189 4555 88.
1211 4500 1265 4570 8)
1286 4542 1299 4563 ,
1335 4512 1415 4565 et,
1442 4501 1627 4556 Suavis
1653 4501 1822 4556 Domi.

228 4612 326 4647 nus
352 4594 598 4647 universis
620 4592 789 4663 (Psal.
811 4593 932 4647 Hi.
953 4594 1029 4660 9).
1057 4591 1341 4658 Terribilis,
1363 4593 1553 4661 inquit,
1581 4605 1655 4647 est
1678 4611 1837 4663 super

228 4702 426 4749 omnes,
458 4685 546 4754 qui
571 4685 623 4738 in
655 4684 871 4738 circuitu
901 4701 1009 4753 ejus
1034 4694 1172 4737 sunt.
1236 4683 1304 4736 Et
1332 4684 1547 4751 quinam
1581 4684 1694 4749 illi,
1730 4685 1827 4739 nisi

230 4776 437 4830 sancti?
468 4775 603 4829 Deus
630 4776 794 4839 enim,
839 4775 1009 4844 inquit
1041 4774 1202 4827 David
1234 4815 1247 4836 ,
1298 4775 1385 4843 qui
1426 4775 1744 4844 gloriﬁcatur
1780 4778 1833 4830 in

230 4870 449 4922 consilio
482 4852 793 4931 sanctorum,
818 4885 1032 4939 magnus
1054 4879 1099 4920 ct
1129 4869 1365 4922 terribilis
1379 4880 1450 4923 est
1466 4886 1621 4939 super
1638 4888 1830 4937 omnes,

229 4962 318 5029 qui
347 4960 401 5012 in
427 4960 638 5012 circuitu
654 4960 762 5029 ejus
780 4970 896 5011 sunt
921 4959 1089 5029 (Psal.
1115 4958 1202 5012 88.
1227 4959 1305 5026 8).
1325 4959 1380 5013 Si
1399 4960 1831 5030 videritlapsum,

232 5052 536 5105 clementia:
565 5066 779 5105 manum
811 5051 1063 5120 porrigit;
1098 5050 1140 5104 si
1172 5058 1399 5105 stantem
1428 5054 1641 5118 viderit,
1673 5054 1830 5106 timo.

234 5160 347 5196 rem
378 5142 566 5196 incutit
594 5161 607 5196 :
638 5151 691 5197 et
721 5143 821 5197 hoc
850 5153 932 5197 est
954 5144 1176 5210 iustitia:
1210 5143 1449 5212 justique
1492 5143 1701 5213 judicii.
1738 5144 1833 5199 Ju-

234 5248 375 5287 stum
400 5236 541 5287 enim
574 5237 761 5289 timore
788 5235 983 5300 firmat,
1022 5244 1353 5303 peccatorem
1386 5251 1513 5290 vero
1552 5238 1834 5291 clementia

234 5328 460 5380 suscitat
489 5328 506 5357 ¹
526 5368 539 5380 .
570 5326 664 5380 Vis
694 5327 831 5381 scire
855 5339 1210 5396 Opportunum
1246 5342 1363 5397 ejus
1406 5328 1787 5398 benignitatem
1817 5371 1831 5393 ,

236 5420 504 5487 simulque
526 5420 704 5473 utilem
728 5433 782 5473 et
803 5420 1260 5474 accommodatam
1286 5421 1437 5475 nobis
1460 5423 1836 5477 severitatem?

240 5507 471 5562 Attende
501 5509 805 5577 diligenter,
841 5525 907 5563 ne
940 5518 991 5563 te
1028 5511 1499 5579 contemplationis
1529 5510 1685 5581 hujus
1721 5530 1832 5567 ma—

236 5600 460 5670 gnitudo
491 5602 672 5671 fugiat.
700 5601 885 5655 Mulier
925 5603 1009 5655 illa
1063 5604 1350 5673 peccatrix,
1399 5619 1557 5674 quam
1609 5607 1660 5659 in
1692 5607 1834 5661 omni

307 5732 321 5761 ¹
358 5738 488 5803 Unus
511 5739 648 5803 Reg?
673 5732 899 5803 timorem
916 5732 1087 5785 incutit
1110 5734 1307 5803 institue
1329 5744 1374 5786 et
1388 5740 1517 5803 justi
1525 5740 1712 5801 judtcit'
1729 5754 1745 5803 ,'
1764 5742 1836 5793 cl-

240 5799 396 5843 terum
419 5792 593 5844 timore
604 5792 824 5856 ﬁrmans,
853 5795 1053 5846 alterum
1079 5795 1329 5848 clementia
1353 5792 1604 5852 suscitans.

1461 353 1549 407 ne
1589 312 2062 408 POENITENTIA’.
2103 346 2333 402 nomL.
2377 347 2492 401 vn.

3438 356 3543 413 326

1953 468 2173 529 peccato
2194 468 2249 513 et
2276 458 2555 529 iniquitate
2584 458 2872 516 volutatam
2899 477 3021 519 esse
3048 464 3100 520 in
3132 465 3383 527 confesso
3407 482 3545 539 erat,

1950 560 2027 607 tot
2056 561 2395 621 peccatorum
2423 565 2543 619 rea,
2574 560 2629 605 et
2662 560 2739 605 tot
2785 554 2964 621 pravis
3010 556 3261 624 cperihus
3307 560 3542 626 detenta,

1953 643 2178 697 salutem
2203 658 2269 696 ex
2316 642 2630 712 poenitentia
2680 643 2903 711 sitiens,
2946 656 3255 703 sanctorum
3302 654 3548 707 convivio

1952 736 2258 803 subrepsit;
2288 744 2597 789 sanctorum
2622 736 2927 791 convivium
2971 753 3107 793 voco
3127 781 3143 807 ,
3193 741 3331 811 quia
3363 744 3549 801 aderat

1944 828 2177 883 Sanctus
2209 836 2540 881 sanctormn.
2581 827 2715 882 Nam
2762 828 3041 885 Salvatore
3077 831 3446 890 discumbente
3496 837 3550 892 in

1949 915 2109 971 domo
2137 918 2374 973 Simonis
2400 918 2680 986 Pharismi,
2709 920 3049 992 subingressa
3094 936 3176 979 est
3226 926 3415 981 mulier
3462 928 3551 983 illa

1945 1013 2235 1080 peccatrix,
2267 1011 2671 1083 Salvatorisque
2729 1014 2894 1084 pedes
2944 1018 3133 1087 tetigit,
3192 1018 3551 1091 lacrymisque

1946 1102 2155 1157 lavabat
2183 1104 2347 1175 pedes
2375 1106 2513 1174 ejus,
2551 1116 2605 1161 et
2634 1108 2840 1176 capillis
2862 1111 3103 1179 tergebat
3136 1112 3348 1183 (Matth.
3374 1114 3465 1167 9.6.
3496 1116 3550 1171 6.

1947 1195 2110 1265 sqq.).
2134 1196 2200 1249 Et
2232 1205 2309 1250 tot
2335 1198 2568 1266 peccatis
2597 1197 2842 1252 obrutam
2864 1201 3019 1270 erigit
3049 1202 3135 1256 ille
3156 1204 3438 1275 benignus,
3469 1208 3550 1261 di-
3622 1277 3625 1279 ἓ

1943 1306 2071 1345 cens
2092 1290 2581 1363 :Dimittunturejus
2597 1304 2801 1364 peccata
2818 1294 2971 1364 (Luc.
2993 1296 3045 1350 7.
3064 1296 3178 1367 47).
3202 1298 3384 1369 Neque
3406 1303 3548 1356 enim

1944 1382 2075 1436 mihi
2108 1384 2158 1437 in
2189 1384 2463 1453 proposito
2483 1402 2625 1441 nunc
2644 1394 2725 1440 est
2748 1394 2910 1440 totam
2942 1387 3213 1445 discutere
3231 1389 3506 1447 historiam
3531 1411 3547 1447 :

1943 1473 2037 1528 sed
2064 1476 2236 1529 solum
2286 1477 2652 1532 testimonium
2694 1479 2971 1545 .proferre.
3021 1479 3315 1537 Considera
3370 1485 3548 1555 itaque

1944 1565 2243 1635 largitatem
2271 1584 2284 1620 :
2319 1566 2605 1638 Propterea
2632 1570 2746 1623 dico
2772 1570 2860 1624 tibi
2885 1613 2899 1636 ,
2933 1574 3260 1628 remittuntur
3283 1578 3329 1629 ei
3346 1589 3552 1645 peccata

1941 1658 2121 1724 multa,
2145 1660 2263 1728 quia
2277 1660 2452 1713 dilexit
2473 1661 2687 1714 multum
2711 1660 2921 1732 (lbid.).
2944 1664 3184 1736 Totergo
3208 1679 3547 1734 peccatorum

1943 1750 2267 1805 obliviOnem
2333 1754 2518 1807 retulit
2550 1756 2818 1820 peccatrix
2852 1756 2935 1808 illa
2966 1758 3177 1811 mulier.
3232 1760 3301 1813 Et
3344 1760 3505 1823 Maria
3533 1802 3548 1831 ι

1943 1854 2099 1895 soror
2129 1842 2357 1913 Sloysis,
2390 1844 2458 1899 ob
2486 1846 2734 1915 exiguum
2763 1862 3009 1901 murmur
3033 1848 3195 1917 lepra:
3242 1849 3545 1906 damnatio-

1946 1946 2070 1987 nem
2099 1932 2263 1989 refert
2292 1935 2477 2005 (Num.
2524 1937 2614 1991 12.
2658 1932 2772 2008 10).
2831 1939 3210 1995 l’eccatoribus
3257 1942 3431 1997 dicit:
3486 1944 3548 1999 St

1942 2027 2129 2096 fuerint
2161 2038 2365 2094 peccata
2389 2037 2551 2082 vestra
2575 2031 2705 2083 sicut
2725 2032 3005 2093 coccinum,
3050 2034 3195 2101 quasi
3216 2024 3376 2087 niuem
3404 2034 3547 2089 deal-

1945 2118 2069 2171 babo
2088 2116 2239 2185 (lsai.
2270 2121 2429 2189 1.18)
2456 2138 2469 2173 :
2494 2130 2547 2175 et
2564 2122 2812 2176 tenebras
2834 2123 2884 2177 in
2917 2124 3089 2178 lucem
3111 2125 3363 2181 transfert
3381 2127 3547 2196 poeni-

1942 2208 2123 2263 tetﬂiaa
2145 2212 2464 2276 mutatione,
2498 2223 2682 2283 totque
2732 2214 2993 2268 malorum
3043 2217 3252 2285 copiam
3296 2218 3549 2276 bonitatis

1938 2316 2073 2358 voce
2093 2304 2272 2358 solvit.
2307 2306 2614 2360 Ambulanti
2647 2322 2776 2361 vero
2797 2306 3073 2377 injustitia
3096 2308 3264 2364 dicit:
3300 2310 3550 2377 Quicum-

1940 2410 2037 2461 que
2062 2396 2079 2426 ¹
2114 2395 2305 2450 dixerit
2336 2398 2488 2467 fratri
2516 2415 2628 2463 suo,
2654 2398 2840 2466 Fatue,
2867 2417 2983 2454 reus
3004 2402 3101 2454 erit
3129 2402 3371 2471 gehenna.’
3415 2405 3549 2475 ignis

1945 2484 2159 2555 (Matth.
2185 2487 2239 2543 5.
2272 2486 2513 2557 22).Uni
2542 2490 2707 2544 verbo
2738 2499 2939 2544 tantam
2966 2493 3220 2559 imposuit
3248 2494 3501 2550 mulctam
3532 2537 3547 2560 ,
3598 2543 3603 2549 .

1940 2589 1993 2633 et
2027 2586 2107 2632 tot
2135 2580 2366 2647 peccatis
2390 2589 2591 2636 tantam
2619 2582 2840 2638 exhibet
2862 2585 3258 2641 liberalitatem.

2016 2669 2070 2722 5.
2114 2668 2288 2739 Atque
2303 2668 2444 2723 aliud
2472 2671 2845 2726 admirandum
2874 2674 3262 2731 animadverte.
3283 2677 3546 2744 Quoniam

1948 2770 2168 2830 peccata
2196 2763 2349 2831 quasi
2380 2761 2560 2817 debita
2589 2763 2990 2831 adscribuntur,
3017 2770 3386 2836 peccatoribus
3425 2773 3546 2840 qui-

1940 2851 2064 2907 dem
2104 2860 2268 2906 totam
2311 2868 2576 2909 summam
2617 2856 2900 2923 concedit,
2937 2872 2967 2911 a
3010 2860 3170 2927 justis
3216 2876 3344 2916 vero
3384 2863 3547 2918 etiam

1943 2958 2136 2997 usuras
2161 2944 2345 3010 exigit.
2380 2947 2709 3002 Accessitad
2741 2963 2863 3003 eum
2891 2951 2979 3020 qui
3010 2951 3243 3008 debebat
3270 2954 3436 3009 multa
3469 2966 3546 3010 ta-

1934 3030 2103 3099 ‘lenta,
2129 3042 2183 3089 et
2208 3037 2360 3105 quasi
2397 3052 2493 3106 per
2522 3039 2891 3107 paenitentiam
2922 3042 3313 3115 plurimamque
3342 3048 3546 3117 suppli-

1938 3127 2203 3181 cationem
2244 3128 2502 3196 judicium
2549 3132 2827 3201 mitigavit,
2859 3143 2912 3188 et
2951 3134 3085 3190 dixit
3115 3154 3127 3188 :
3162 3135 3379 3191 Domine
3401 3180 3415 3205 ,
3448 3157 3545 3210 pa-

1937 3218 2167 3271 tientiam
2201 3220 2332 3274 habe
2360 3221 2412 3273 in
2442 3236 2540 3287 me,
2573 3232 2621 3277 et
2647 3224 2821 3277 omnia
2849 3226 3062 3279 reddam
3088 3228 3178 3281 tibi
3206 3229 3424 3299 (Matth.
3457 3232 3545 3287 18.

1942 3306 2058 3375 9.6).
2086 3309 2202 3363 Non
2225 3313 2556 3379 exspecravit
2579 3322 2639 3366 ut
2662 3315 2898 3369 solveret
2925 3317 3015 3371 ille
3042 3318 3306 3388 benignus
3336 3332 3389 3376 et
3430 3322 3546 3378 cle-

1942 3415 2115 3465 mens,
2146 3402 2241 3457 sed
2267 3402 2659 3459 confessionem
2688 3404 2853 3461 debiti
2873 3409 3193 3464 solutionem
3220 3411 3361 3467 fecit.
3389 3415 3548 3469 Debi-

1941 3491 2043 3543 tori
2077 3491 2261 3546 decem
2294 3493 2519 3547 millium
2552 3495 2878 3551 talentorum
2911 3500 3089 3553 Omnia
3115 3502 3324 3557 remisit
3352 3513 3545 3559 totam-

1938 3598 2042 3650 que
2070 3599 2332 3637 summam
2366 3603 2379 3637 :
2412 3601 2440 3638 a
2466 3586 2625 3651 jnstis
2656 3603 2785 3642 vero
2822 3591 2983 3643 etiam
3015 3608 3228 3647 usuram
3261 3610 3319 3648 se
3343 3598 3543 3664 repeti-

1940 3682 2115 3726 turum
2146 3675 2308 3728 edicit
2338 3694 2350 3728 :
2385 3678 2558 3739 Quare
2575 3696 2675 3730 non
2694 3679 2903 3733 dedistis
2920 3692 3186 3752 argentum
3204 3702 3368 3738 meum
3398 3705 3547 3742 nunt-

1939 3765 2170 3817 nmlnriis
2193 3807 2207 3830 ,
2237 3776 2280 3819 et
2306 3782 2396 3835 ego
2427 3769 2628 3821 veniens
2649 3786 2765 3822 cum
2795 3746 2964 3824 usuris
2992 3774 3265 3843 exegissem
3286 3774 3438 3848 (Luc.
3463 3780 3544 3834 l9.

1938 3855 2008 3908 25
2039 3872 2051 3917 ;
2088 3854 2274 3919 Matth.
2302 3856 2393 3909 23$.
2420 3857 2513 3927 ΞΠ)
2540 3858 2563 3910 ?

1946 3992 1952 3997 .
2014 3936 2286 3999 Peccatore
2311 3948 2439 4001 nihil
2468 3953 2764 4018 pauperius,
2784 3952 2930 4020 justo
2952 3954 3081 4007 nihil
3103 3956 3280 4010 ditius.
3313 3988 3385 3999 —
3415 3959 3542 4017 llzrc

1942 4050 2102 4105 porro
2138 4038 2276 4100 dico,
2296 4054 2399 4089 non
2428 4040 2577 4106 quasi
2604 4041 2743 4095 Deus
2764 4057 2887 4110 erga
2906 4042 3080 4111 justos
3109 4045 3323 4102 inimico
3339 4050 3405 4102 sit
3426 4052 3548 4109 ani;-

1941 4143 2064 4181 mo:
2091 4128 2198 4182 Deo
2221 4130 2362 4182 enim
2385 4129 2515 4183 nihil
2536 4132 2682 4198 justo
2708 4136 2980 4201 acceptius
3011 4155 3023 4190 :
3058 4138 3172 4201 sed,
3190 4149 3241 4191 ut
3262 4149 3387 4195 ante
3411 4142 3545 4209 dixi,

1939 4220 2247 4273 C(illStllalllr
2297 4229 2658 4287 peccatorem,
2691 4232 2749 4277 ut
2775 4224 2999 4291 excitet;
3025 4228 3226 4295 justum
3280 4240 3463 4297 terret,
3492 4246 3549 4289 ut

1939 4310 2239 4364 continuet.
2261 4311 2325 4365 Et
2343 4312 2446 4367 illis
2472 4313 2705 4382 quidem,
2727 4324 2785 4368 ut
2812 4314 3041 4373 inimicis
3063 4328 3115 4373 et
3138 4320 3353 4388 inflatis,
3384 4325 3549 4379 multa

1942 4402 2162 4455 remittit
2204 4402 2428 4469 delicta;
2461 4404 2559 4460 hos
2604 4422 2733 4461 vero
2780 4410 2940 4463 etiam
2972 4410 3039 4465 de
3068 4411 3350 4469 levissimis
3382 4419 3548 4471 ratiu-

1942 4508 2061 4546 nem
2092 4494 2318 4548 reddere
2346 4498 2504 4565 cogit,
2536 4498 2666 4551 nihil
2692 4499 2753 4552 iis
2775 4500 2839 4552 ad
2869 4516 3133 4557 summam
3160 4506 3543 4574 perfectionem

1940 4584 2169 4639 deficere
2195 4588 2401 4641 volens.
2437 4588 2591 4656 Quod
2637 4590 2779 4644 enim
2811 4592 2971 4647 estin
3006 4594 3108 4649 hoc
3144 4599 3349 4652 mundo
3374 4600 3547 4667 dives,

1943 4674 2044 4728 hoc
2068 4682 2152 4729 est
2179 4675 2317 4744 apud
2340 4677 2503 4731 Deum
2528 4678 2704 4747 justus
2736 4696 2751 4734 :
2784 4696 2839 4735 et
2859 4682 3001 4751 quod
3029 4695 3112 4739 est
3140 4686 3190 4739 in
3220 4687 3321 4743 huc
3348 4693 3549 4747 mundo

1944 4782 2166 4834 pauper,
2203 4769 2305 4822 hoc
2330 4778 2411 4823 est
2436 4770 2577 4838 apud
2621 4771 2791 4825 Deum
2837 4782 3086 4841 peccator
3117 4794 3129 4829 :
3164 4780 3291 4833 nihil
3321 4791 3399 4835 est
3427 4799 3551 4851 pce-

1943 4871 2123 4916 catore
2169 4864 2473 4932 pauperius,
2499 4874 2554 4919 et
2586 4865 2715 4919 nihil
2742 4866 2888 4935 justo
2917 4868 3098 4923 ditius.
3125 4870 3462 4944 Quapropter
3484 4877 3557 4935 de

1945 4954 2029 5018 iis,
2062 4956 2150 5024 qui
2174 4955 2225 5008 in
2250 4955 2447 5024 pietate
2476 4968 2530 5011 et
2556 4959 2768 5013 virtutis
2794 4961 2950 5030 copia
2971 4961 3193 5031 degunt,
3218 4965 3289 5019 ait
3316 4966 3512 5023 Paulus
3534 4990 3550 5023 .-

1945 5043 2148 5099 b'ratias
2175 5062 2271 5116 ago
2298 5046 2407 5100 Deo
2432 5089 2447 5114 ,
2476 5049 2596 5119 quia
2624 5050 2676 5102 in
2697 5052 2836 5103 omni
2865 5053 3038 5106 divites
3073 5057 3197 5123 facti
3224 5060 3341 5111 estis
3362 5062 3412 5112 in
3436 5062 3544 5123 illo,

1942 5138 1993 5188 in
2018 5136 2156 5189 omni
2174 5137 2318 5190 verbo
2342 5148 2387 5190 et
2412 5140 2463 5191 in
2480 5142 2616 5192 omni
2631 5142 2929 5213 scicntiaﬂ.
2956 5143 3073 5197 Cor.
3108 5147 3228 5201 1.4.
3252 5148 3328 5221 5).
3353 5151 3425 5205 De
3448 5152 3547 5207 int-

1948 5229 2045 5295 piis
2066 5243 2191 5281 vero
2215 5228 2401 5283 beatus
2418 5230 2679 5285 Jeremias
2692 5233 2823 5287 dicit
2849 5252 2861 5287 :
2888 5233 3139 5289 Fortasse
3152 5256 3398 5308 pauperes
3415 5254 3549 5309 sunt,

1942 5321 2055 5371 uico
2081 5335 2180 5371 non
2212 5330 2483 5389 potuerunt
2525 5324 2704 5377 audire
2752 5325 2954 5379 uerbum
2997 5327 3202 5381 Domini
3229 5329 3363 5403 (Jer.
3388 5334 3441 5387 5.
3466 5336 3522 5399 Α)

1952 5409 2109 5463 Vides
2150 5412 2421 5480 quomodo
2467 5429 2732 5484 pauperes
2778 5426 2935 5471 vocat
2962 5433 3076 5483 eos,
3110 5422 3198 5489 qui
3227 5432 3351 5475 sunt
3378 5439 3407 5476 a
3438 5428 3546 5493 pie-

2012 5502 2037 5576 t
2061 5507 2191 5576 funus
2214 5508 2328 5564 lteg.
2367 5516 2395 5576 ξ.
2421 5501 2694 5576 ambulanti
2720 5505 2921 5576 vet-'a'in
2952 5507 3163 5576 justitia,
3214 5516 3450 5573 quomodo
3472 5520 3553 5576 qui

1946 5560 2228 5635 plerumque
2268 5560 2452 5635 gratias
2493 5566 2735 5635 largitur,
2757 5568 2878 5618 dicit
2917 5560 3005 5617 ε’(
3039 5560 3362 5633 (ηιὶιτὶωὶφιθ.
3391 5560 3413 5617 ἦ
3429 5560 3535 5625 ‘91.:

1947 5631 2040 5671 Nisi
2065 5631 2199 5695 malis
2218 5631 2697 5695 Imterpretationem
2731 5644 2842 5692 qua:
2868 5645 2931 5679 ex
2959 5641 3140 5682 mutatu
3169 5631 3354 5683 tantum
3379 5652 3553 5695 arrecto

1948 5687 2187 5754 vet-sinitis
2217 5687 2865 5754 interpunetiotteoriretur,
2892 5706 3071 5754 nempe
3098 5710 3206 5742 cum
3240 5710 3251 5742 :
3291 5687 3554 5749 nnbat/nni

1949 5759 2060 5820 τεῳ
2083 5746 2489 5820 iniustitia,'qttid
2529 5752 2646 5801 dicit
2671 5752 2753 5815 qui
2780 5746 2967 5815 gratias
2993 5746 3274 5819 plerumque
3299 5757 3505 5810 laruitur
3532 5746 3554 5814 ξ

1961 5827 1976 5854 t
2014 5814 2322 5877 Quicuntque.
2356 5830 2370 5861 ι
2401 5822 2511 5863 εἰς.»
2686 5814 2689 5815 ⁷
2993 5814 3001 5817 ⁷
3196 5814 3206 5819 ’
3318 5825 3322 5830 ’
