4164 6324
682 348 782 405 52⁸1

679 469 785 516 tate
809 457 1013 514 dissiti?
1038 457 1350 512 Peccatores
1379 454 1535 526 igitur
1563 453 1713 524 quasi
1743 468 2001 524 pauperes
2029 453 2252 506 misera-

677 562 780 622 tur,
810 559 866 606 et
893 565 923 605 a
953 549 1110 619 justis
1130 534 1275 618 quasi
1297 561 1324 599 a
1351 545 1601 602 divitibus
1623 545 1882 600 rationem
1906 544 2098 614 exigit;
2127 540 2254 612 ipsis

672 643 886 713 quidem
903 641 969 695 ob
986 647 1350 710 paupertatem
1366 637 1647 707 elargiens,
1661 637 1728 692 ab
1745 636 1848 690 illis
1867 650 1991 690 vero
2007 635 2075 688 ob
2091 634 2256 702 pieta-

673 734 740 787 tis
768 733 976 792 divitias
997 745 1116 784 cum
1146 731 1307 784 multa
1329 730 1665 785 accuratione
1686 729 1917 783 rationes
1938 742 1998 780 ex
2009 739 2250 794 poscens.

670 825 823 892 Quod
847 833 1021 877 autem
1058 820 1182 876 facit
1225 821 1364 876 circa
1399 820 1572 889 justos
1597 829 1651 874 et
1678 826 2000 889 peceatores.
2025 815 2251 886 idipsum

671 915 796 969 facit
838 915 978 968 circa
1022 912 1210 967 divites
1255 920 1307 965 et
1355 925 1612 979 pauperes
1653 925 1668 961 :
1704 922 1768 962 ac
1805 905 2252 978 quemadmodum

671 1017 1000 1075 peccatorem
1021 1020 1115 1076 per
1131 1003 1465 1058 clementiam
1487 1000 1966 1068 excitat,etjustum
1984 1014 2075 1067 per
2101 1011 2254 1051 seve-

667 1099 878 1154 ritatem
911 1108 1092 1161 terret,
1122 1097 1202 1151 sic
1228 1105 1282 1150 et
1312 1097 1363 1149 in
1390 1094 1575 1149 mundi
1609 1093 1835 1163 negotiis
1860 1107 2006 1146 suam
2032 1091 2251 1160 dispert-

666 1189 923 1244 sationem
957 1187 1280 1243 moderatur.
1305 1185 1360 1242 Si
1381 1185 1570 1241 viderit
1596 1184 1937 1255 dignitatibus
1966 1181 2248 1252 fulgentes,

667 1297 839 1352 reges,
859 1281 1147 1350 principes,
1171 1286 1427 1350 quotquot
1463 1275 1658 1332 divitiis
1683 1274 1926 1339 affluunt,
1957 1274 2053 1328 hos
2085 1283 2252 1328 terro-

667 1390 777 1429 rem
807 1374 1070 1428 incutiens
1098 1371 1400 1442 alloquitur,
1416 1379 1579 1439 atque
1602 1368 1800 1422 utiliter
1827 1367 2070 1436 potestati
2094 1368 2250 1422 tirno-

667 1483 780 1523 rem
808 1466 1045 1520 immittit
1072 1484 1086 1520 :
1119 1464 1186 1518 Et
1213 1479 1342 1517 nunc
1366 1480 1504 1533 reges
1523 1462 1800 1531 intelligite,
1831 1461 2096 1513 erudimini
2135 1475 2248 1512 om-

665 1574 753 1612 nes
778 1558 864 1628 qui
893 1557 1141 1627 'judiratis
1184 1566 1387 1608 terram.
1422 1554 1613 1608 Servite
1658 1551 1876 1606 Domino
1901 1551 1954 1605 in
1983 1552 2176 1614 timore,
2203 1559 2250 1604 et

664 1652 911 1705 ersultate
949 1651 996 1704 ei
1033 1665 1145 1702 cum
1174 1645 1571 1716 tremore(Psal.
1601 1646 1652 1698 2.
1689 1643 1806 1712 10);
1838 1645 2086 1712 quoniam
2137 1640 2250 1696 Rex

664 1751 737 1794 est
782 1757 975 1810 regum,
1009 1749 1054 1794 et
1101 1739 1346 1792 Dominus
1390 1737 1757 1790 dominantium
1784 1737 1857 1804 (i.
1891 1733 2024 1788 Tim.
2048 1735 2100 1790 ϐ.
2131 1733 2242 1804 15).

663 1829 772 1886 Ubi.
809 1829 1088 1899 imperium
1131 1837 1212 1882 est
1255 1825 1551 1897 potestatis,
1585 1826 1653 1880 ibi
1702 1824 1850 1894 regni
1878 1825 1959 1879 sui
1988 1827 2244 1878 terrorem

664 1920 927 1987 imponit:
957 1918 1043 1972 ubi
1076 1933 1204 1972 vero
1233 1916 1504 1970 humilitas
1550 1917 1786 1981 vilitatis,
1837 1915 1907 1968 ibi
1950 1912 2243 1968 remedium

666 2008 866 2078 profert
890 2025 1001 2064 sua:
1031 2007 1392 2076 benignitatis.
1421 2007 1559 2061 Deus
1594 2007 1735 2060 enim
1775 2016 1856 2059 est
1896 2005 1982 2058 hic
2023 2017 2244 2072 magnus

659 2102 774 2156 Rex
801 2115 982 2170 regum
1010 2141 1025 2166 ,
1058 2112 1111 2153 et
1143 2100 1396 2153 Dominus
1426 2099 1830 2152 dominantium.
1878 2097 1972 2150 llic
1995 2097 2107 2165 ipse
2129 2112 2246 2150 rur-

657 2208 775 2247 sum
799 2191 864 2246 de
891 2205 983 2245 sua
1013 2190 1266 2258 dignitate
1292 2189 1640 2250 descendens,
1662 2187 1928 2242 invenitur
1952 2185 2241 2247 secundum

657 2293 893 2336 sanctam
919 2280 1241 2349 Scripturam
1272 2279 1426 2332 Pater
1467 2277 1846 2346 orphanorum,
1883 2285 1936 2331 et
1961 2275 2131 2331 Judex
2160 2275 2240 2328 vi-

658 2372 880 2427 duarum
912 2371 1081 2443 (Psal.
1111 2372 1198 2425 67.
1231 2371 1309 2440 6),
1341 2370 1455 2425 Rex
1501 2385 1708 2440 regum,
1750 2370 2003 2438 Princeps
2023 2367 2242 2446 [princi-

657 2480 803 2532 pum,
834 2463 1166 2517 dominorum
1201 2462 1474 2515 Dominus.
1507 2459 1670 2515 Vides
1697 2460 1915 2513 multam
1944 2459 2241 2514 clementia:

657 2553 990 2609 ubertatem?
1019 2553 1164 2608 vides
1195 2552 1374 2606 utilem
1404 2560 1601 2605 metum
1634 2551 1840 2620 pietatis
1869 2559 1923 2603 et
1953 2549 2241 2618 potentias?

660 2642 758 2700 Ubi
781 2658 1007 2714 namque
1037 2643 1165 2697 vidit
1197 2643 1481 2712 potentiam
1511 2639 1576 2695 ad
1605 2642 1842 2696 solamen
1866 2641 2132 2705 sufficere,
2167 2640 2237 2694 ibi

653 2747 853 2792 metum
879 2735 943 2791 ad
970 2737 1244 2790 utilitatem
1267 2735 1517 2804 imposuit
1538 2753 1552 2788 :
1572 2735 1658 2788 ubi
1677 2750 1804 2788 vero
1827 2734 1956 2788 vidit
1983 2734 2237 2803 orphani-

653 2836 817 2883 tatem
861 2829 1080 2890 vilitate,
1111 2837 1165 2880 et
1189 2835 1553 2895 paupertatem
1602 2827 1968 2880 imbecillitate
2014 2826 2239 2880 viduita-

654 2921 754 2993 tisf
779 2918 1131 2984 debilitatam,
1159 2920 1492 2974 clementiam
1525 2919 1590 2973 ad
1617 2921 2033 2976 consolationem
2080 2919 2236 2974 adhi-

651 3013 783 3067 huit.
827 3012 938 3083 Ego
984 3011 1141 3065 Pater
1179 3013 1542 3090 orphanogum.
1592 3011 1708 3067 Duo
1748 3011 1891 3080 facit,
1918 3021 1974 3077 etl
1997 3012 2239 3083 benigni-

651 3113 813 3158 tatem
857 3103 1112 3169 osteudit,
1155 3110 1212 3158 et
1258 3104 1544 3173 potentiam
1589 3104 1758 3172 punit.
1805 3103 1969 3158 Vocat
2000 3104 2234 3173 seipsum

651 3195 873 3248 Patrem
905 3192 1304 3268 orphanorum,
1350 3201 1410 3248 ut
1452 3202 1507 3248 et
1552 3208 1679 3258 eos,
1721 3194 1808 3262 qui
1845 3193 1896 3248 in
1934 3192 2236 3248 calamitate

649 3284 921 3344 constituti
977 3293 1138 3348 sunt,
1187 3284 1512 3348 consoletur,
1555 3292 1610 3339 et
1656 3291 1899 3354 potentes
1941 3283 2230 3351 deterreat,

651 3388 721 3430 ne
763 3373 1017 3444 orphanis
1033 3373 1330 3444 ‘viduisque
1372 3374 1580 3429 molesti
1621 3375 1760 3441 sint;
1805 3373 2235 3444 quandoquidem

650 3481 794 3521 mors
819 3465 960 3521 hunc
987 3473 1156 3536 patre,
1180 3465 1322 3520 illam
1353 3467 1468 3520 viro
1496 3466 1727 3530 orbavit,
1759 3476 1812 3520 et
1835 3481 1970 3535 quos
1995 3467 2236 3536 corrupit

646 3571 792 3612 mors
825 3557 1116 3622 naturalis,
1167 3556 1507 3626 benignitatis
1540 3556 1816 3611 decretum
1853 3559 2105 3612 restituit.
2137 3561 2235 3614 At-

646 3663 751 3718 que
787 3648 972 3703 eadem
1007 3649 1118 3718 ipsa
1147 3648 1314 3716 gratia
1359 3646 1493 3718 huic
1520 3645 1736 3717 quidem
1781 3645 1928 3702 dedit
1974 3647 2228 3716 judicem,

647 3737 888 3808 orpliano
913 3748 1090 3794 autem
1131 3745 1332 3806 patrem
1361 3735 1563 3806 Regem
1608 3747 1932 3792 sanctorum.
1964 3737 2166 3809 Itaque,
2197 3755 2230 3795 ο

647 3830 843 3900 inique,
872 3832 966 3896 ait,
993 3829 1038 3883 si
1067 3827 1280 3882 viduam
1311 3827 1495 3894 lmdas,
1524 3827 1802 3882 viduarum
1831 3839 2226 3895 procuratorem

646 3933 937 3990 provocas;
967 3918 1010 3973 si
1041 3918 1310 3988 orphanos
1355 3932 1538 3981 vexes,
1587 3933 1750 3973 vexas
1789 3917 1930 3973 filios
1973 3918 2088 3973 Dei.
2121 3917 2232 3986 Ego

646 4027 763 4067 sum
785 4011 941 4067 Pater
969 4011 1348 4082 orphanorum,
1378 4019 1432 4065 et
1455 4009 1628 4066 Judex
1653 4010 1951 4066 viduarum.
1979 4011 2109 4078 Quis
2137 4026 2232 4066 au-

640 4089 752 4159 iem
799 4104 877 4160 sic
912 4102 1084 4159 audax
1125 4103 1192 4157 ad
1221 4102 1567 4172 impietatem,
1596 4111 1652 4156 ut
1678 4101 1815 4157 filios
1846 4102 1936 4157 Dei
1969 4102 2144 4167 laedat,
2168 4110 2234 4170 et

646 4195 817 4251 viduis
839 4194 939 4250 sub
969 4194 1065 4250 Dei
1091 4194 1253 4249 tutela
1281 4194 1468 4264 positis
1496 4193 1792 4248 molestiam
1824 4194 2030 4262 pariat?
2063 4193 2229 4248 Vides

646 4301 804 4356 quam
835 4285 1037 4340 utiliter
1063 4285 1275 4355 pietatis
1302 4284 1538 4340 remedia
1585 4292 1867 4354 praeparet,
1900 4294 1954 4339 et
1984 4284 2081 4338 hos
2108 4285 2230 4356 qui-

646 4375 770 4431 dem
801 4383 1018 4443 terreat,
1046 4377 1167 4431 illos
1209 4390 1339 4431 vero
1384 4376 1683 4440 miseretur,
1713 4390 1819 4429 non
1849 4375 1962 4445 ipse
2003 4375 2226 4443 divisus,

644 4467 741 4523 sed
768 4466 834 4522 ad
878 4467 1149 4524 hominum
1195 4467 1510 4522 sententiam
1557 4465 2025 4521 accommodatus?
2066 4465 2229 4522 Nobis

646 4560 822 4629 itaque
850 4559 902 4614 in
932 4559 1224 4615 remedium
1250 4559 1316 4614 ad
1338 4560 1562 4614 salutem
1595 4558 1941 4614 adhibeamus
1973 4559 2228 4629 paeniten-

647 4652 774 4705 tiam
797 4666 813 4716 ;
841 4650 950 4704 imo
976 4651 1150 4719 potius
1169 4664 1200 4703 a
1218 4649 1327 4704 Deo
1343 4649 1664 4718 accipiamus
1691 4651 2050 4718 pmnitentiam
2073 4649 2227 4705 nobis

646 4739 971 4795 medentem.
1000 4738 1114 4794 Non
1136 4741 1280 4794 enim
1309 4754 1406 4794 nos
1434 4740 1570 4795 hanc
1595 4740 1670 4794 illi
1694 4740 1985 4807 offerimus,
2017 4743 2110 4797 sed
2139 4743 2227 4797 ille

646 4829 801 4886 nobis
817 4844 933 4885 eam
959 4829 1392 4885 subministravit.
1414 4829 1576 4886 Vides
1602 4831 1718 4900 ejus
1748 4831 1800 4886 in
1829 4832 1943 4902 lege
1971 4833 2227 4890 severita-

646 4932 754 4977 tem
774 4921 800 4976 ἲ
823 4921 973 4978 vides
1009 4921 1124 4992 ejus
1156 4938 1207 4976 in
1234 4923 1400 4991 gratia
1429 4922 1851 4993 benignitatem?
1886 4924 2019 4979 Cum
2046 4937 2224 4982 autem

644 5015 766 5070 dico
807 5015 1140 5070 severitatem
1183 5017 1236 5070 in
1277 5017 1391 5086 lege
1415 5056 1430 5080 ,
1472 5031 1576 5071 non
1606 5017 1830 5073 detraho
1861 5017 2061 5088 judicio
2082 5062 2098 5086 ,
2129 5020 2225 5076 sed

642 5106 962 5175 evangelica:
989 5106 1169 5175 gratias
1196 5107 1531 5161 clementiam
1560 5108 1793 5177 praedico
1823 5127 1836 5163 :
1866 5111 2113 5179 quoniam
2143 5113 2225 5168 lex

641 5199 758 5253 sine
778 5197 1090 5253 remissione
1110 5207 1419 5268 peccatores
1441 5200 1711 5268 puniebat,
1731 5201 1897 5270 gratia
1916 5217 2040 5257 vero
2061 5203 2225 5260 multa
2256 5253 2263 5259 .

643 5306 761 5344 eum
792 5291 1184 5360 longanimitate
1213 5290 1388 5347 differt
1413 5292 1729 5362 supplicium
1755 5332 1772 5357 ,
1812 5303 1863 5347 ut
1897 5296 2225 5352 emendatio-

644 5397 765 5436 nem
788 5381 1018 5437 inducat.
1039 5381 1408 5436 Paenitentiam
1430 5383 1605 5452 itaque
1625 5383 1995 5453 suscipiamus,
2015 5387 2222 5456 fratres,

644 5475 903 5531 medelam
928 5474 995 5530 ad
1024 5475 1266 5539 salutem,
1291 5475 1642 5545 suscipiamus
1668 5476 1982 5531 medicinam
2012 5488 2224 5548 peccata

643 5575 824 5622 nostra
845 5565 1130 5622 delentem.
1149 5565 1464 5622 i’oenitentia
1485 5577 1660 5622 autem
1682 5576 1783 5635 est,
1805 5583 1908 5624 non
1924 5583 2044 5640 qua:
2061 5569 2226 5627 verbo

711 5764 730 5795 ⁸
769 5763 929 5814 Morel.
958 5772 1009 5816 et
1024 5764 1183 5824 savii.,
1209 5764 1414 5817 anteutia
1439 5765 1696 5818 t‘idltilulls.

1406 341 1777 413 S.‘JO.\NNIS
1812 333 2284 397 CHRYSOSTOMI
2325 335 2647 398 ARCHIEP.
2687 339 3229 401 CONSTANTINOP.

3858 352 3956 407 328

2369 451 2724 520 praedicatur,
2765 457 2858 510 sed
2896 473 3014 528 quae
3043 461 3294 528 operibus
3330 461 3611 530 firmatur;
3647 468 3956 536 pmnitcntia

2366 551 2466 607 est,
2489 557 2605 613 qua:
2624 560 2689 598 ex
2715 546 2831 614 ipso
2850 548 3011 604 corde
3031 549 3174 604 delet
3203 554 3463 608 maculam
3491 557 3802 627 impietatis.
3825 559 3952 614 Nam

2362 631 2646 697 Luuamini,
2672 636 2861 707 inquit,
2885 642 3060 694 mundi
3080 653 3254 710 estote,
3283 649 3477 715 auferte
3499 650 3745 716 nequitias
3761 667 3948 705 excor-

2362 724 2509 780 dibus
2536 728 2711 781 uestris
2729 745 2762 782 α
2779 741 3048 799 conspectu
3073 736 3330 788 oculorum
3352 754 3576 791 mearum
3600 739 3748 811 (Isai.
3767 743 3818 798 t.
3842 743 3945 808 16).

2363 814 2498 882 Quid
2527 817 2626 872 sibi
2657 818 2768 872 vult
2798 834 2860 874 ea
2897 822 3145 877 dictionis
3184 827 3577 883 redundantia?
3617 847 3738 886 nam
3777 832 3907 886 illud
3930 871 3946 898 ,

2361 905 2571 978 Auferte
2611 912 2855 979 nequitias
2890 929 2952 966 ex
2979 916 3210 970 cordibus
3237 919 3407 972 uestris
3432 960 3445 983 ,
3475 935 3654 977 nonne
3681 924 3806 978 satis
3835 932 3950 978 erat

2359 997 2423 1052 ad
2456 1007 2619 1054 totum
2652 1001 2991 1059 indicandum
3014 1006 3037 1059 ?
3063 1005 3169 1062 Cur
3195 1009 3434 1075 addidit,
3461 1011 3502 1064 Α
3533 1027 3796 1084 conspectu
3825 1032 3949 1070 ocu-

2360 1088 2526 1143 lorum
2565 1108 2790 1146 meorum
2813 1094 2839 1146 ?
2867 1095 3130 1162 Quoniam
3158 1101 3264 1155 alio
3292 1102 3452 1156 modo
3478 1104 3654 1160 vident
3680 1105 3821 1159 oculi
3854 1107 3950 1160 ho-

2360 1179 2584 1246 minum,
2615 1182 2721 1236 alio
2749 1185 2936 1239 oculus
2968 1186 3059 1242 Dei
3092 1205 3103 1241 :
3140 1188 3308 1244 Homo
3331 1193 3474 1247 enim
3503 1197 3553 1248 in
3576 1197 3779 1265 (ment,
3811 1195 3948 1253 Deus

2357 1270 2408 1324 in
2429 1271 2619 1345 cor(l.
2641 1274 2766 1346 Reg.
2794 1278 2880 1334 16.
2910 1277 2982 1347 7).
3010 1280 3086 1334 Ne
3113 1284 3288 1351 specie
3310 1325 3326 1351 ,
3359 1286 3544 1356 inquit,
3580 1292 3950 1358 paenitentiam

2356 1365 2700 1432 atlufteretis,
2736 1368 2828 1422 sed
2863 1377 2920 1424 'm
2963 1385 3250 1442 conspectu
3279 1378 3553 1433 oculorum
3585 1396 3829 1436 meorum
3857 1397 3948 1438 oc-

2355 1456 2497 1509 culta
2523 1461 2872 1514 scrutantium
2902 1465 3166 1519 ostendite
3193 1465 3392 1540 fructus
3421 1473 3764 1540 ptenitentia.

2438 1549 2492 1602 4.
2533 1549 2755 1620 Oportet
2779 1561 2957 1607 autem
3005 1570 3104 1611 nos
3149 1571 3178 1610 a
3237 1532 3470 1627 peccatis
3528 1574 3782 1633 purgatos
3831 1564 3947 1637 ipsa

2355 1651 2573 1722 peccata
2603 1651 2726 1697 ante
2755 1646 2938 1700 oculos
2967 1646 3183 1703 habere.
3211 1650 3465 1718 Quamvis
3485 1657 3626 1709 enim
3657 1657 3797 1711 Deus
3831 1658 3947 1714 ele-

2353 1731 2549 1785 mentia
2591 1748 2683 1787 sua
2728 1747 3003 1804 peccatum
3043 1742 3346 1809 condonet,
3396 1755 3449 1799 tu
3493 1748 3559 1801 ad
3603 1751 3949 1808 securitatem

2352 1823 2542 1876 animae
2581 1830 2683 1879 tua:
2730 1842 3007 1897 peccatum
3052 1843 3174 1888 ante
3204 1835 3388 1891 oculos
3419 1837 3557 1894 habe
3589 1858 3601 1894 :
3630 1843 3946 1909 prmceden-

2353 1911 2479 1964 tium
2506 1914 2650 1968 enim
2675 1920 2930 1973 memoria
2961 1919 3256 1977 futurorum
3281 1926 3717 1996 impedimentum
3745 1944 3864 1988 est:
3891 1945 3947 1989 et

2351 2004 2440 2070 qui
2471 2004 2538 2058 de
2579 2008 2845 2075 prioribus
2891 2011 3180 2078 mordetur,
3209 2015 3275 2068 ad
3321 2021 3597 2085 sequentia
3646 2025 3946 2081 cautiorem

2350 2095 2564 2150 exhibet
2589 2109 2842 2154 mentem.
2874 2096 3103 2171 Ideoque
3131 2105 3320 2171 David,
3350 2106 3415 2159 Et
3439 2121 3696 2177 peccatum
3735 2131 3902 2168 meum
3924 2156 3944 2182 ,

2348 2183 2550 2254 inquit,
2583 2199 2760 2242 contra
2786 2207 2863 2244 me
2886 2202 2958 2246 est
2995 2195 3377 2263 semper(Psal.
3399 2199 3487 2254 50.
3521 2202 3596 2269 5),
3635 2214 3694 2256 ιιι
3733 2207 3944 2273 prmed-

2346 2275 2523 2333 dentia
2545 2292 2669 2335 ante
2697 2285 2879 2338 oculos
2909 2286 3130 2353 habens,
3159 2303 3226 2342 ne
3255 2289 3451 2346 incidat
3477 2295 3527 2346 in
3558 2296 3754 2350 futura.
3788 2298 3944 2365 Quod

2346 2376 2522 2424 autem
2569 2370 2706 2427 hunc
2752 2390 2781 2428 a
2826 2375 2977 2431 nobis
3030 2378 3166 2433 Deus
3213 2365 3417 2437 statum
3460 2397 3718 2455 expetat,
3766 2391 3942 2459 ipsum

2347 2465 2467 2514 audi
2500 2463 2764 2519 dicentem
2799 2484 2812 2519 :
2849 2469 2958 2538 ligo
2986 2487 3094 2524 sum
3114 2474 3198 2543 qui
3227 2475 3366 2529 deleo
3395 2490 3600 2544 peccata
3627 2489 3736 2542 tua.
3766 2495 3813 2535 ef
3841 2501 3943 2538 non

2346 2556 2689 2610 recordabar:
2733 2569 2787 2611 tu
2831 2569 3000 2614 autem
3046 2566 3345 2630 recordare,
3397 2579 3443 2622 el
3473 2571 3788 2638 jndicenmr,
3823 2577 3945 2630 dicit

2344 2646 2594 2701 Dominus
2617 2665 2635 2701 :
2656 2650 2736 2703 dic
2765 2661 2817 2703 tu
2843 2654 2982 2719 prius
3008 2666 3215 2722 peccata
3256 2669 3358 2722 tua,
3390 2670 3444 2712 ul
3461 2663 3762 2730 justi/iuris
3783 2666 3938 2735 (Isai.

2343 2737 2432 2794 45.
2452 2739 2671 2805 25.26).
2702 2741 2814 2796 Non
2837 2756 3110 2811 exspectat
3139 2747 3277 2801 Deus
3308 2759 3514 2820 tempus
3543 2769 3572 2806 a
3599 2758 3946 2823 ptetiitentia-

2344 2829 2530 2884 Dixisti
2560 2843 2834 2900 peccatum
2867 2844 3045 2901 tuum,
3072 2838 3395 2906 justificatus
3429 2858 3488 2897 es
3520 2862 3534 2897 :
3569 2848 3941 2914 patuitentiam

2343 2922 2535 2989 egisti,
2583 2924 3000 2980 misericordiam
3051 2943 3111 2982 es
3147 2940 3529 3000 consequutus.
3563 2935 3678 2991 Non
3729 2947 3943 3009 tempus

2343 3025 2580 3104 excusat,
2608 3018 2701 3072 sed
2728 3020 3036 3088 paenitentis
3062 3038 3238 3079 mores
3266 3039 3537 3095 peccatum
3565 3034 3939 3104 exstinguuns.

2343 3103 2482 3159 Fieri
2532 3116 2743 3174 potest,
2807 3121 2862 3164 ut
2921 3114 3008 3181 qui
3063 3114 3231 3170 multo
3276 3126 3515 3188 tempore
3562 3103 3936 3192 excultaverit,

2341 3197 2566 3252 salutem
2599 3213 2702 3254 non
2729 3213 3108 3272 consequatur,
3132 3215 3186 3261 et
3215 3209 3424 3265 modico
3450 3221 3689 3281 tempore
3725 3220 3947 3282 sincere

2341 3290 2653 3357 confessus,
2707 3307 2980 3362 peccatum
3037 3307 3216 3352 exuat.
3276 3299 3496 3356 Multum
3543 3310 3802 3375 temporis
3858 3311 3943 3365 iu-

2339 3382 2566 3450 sumpsit
2623 3381 2841 3439 Samuel
2888 3401 2984 3455 pro
3037 3388 3196 3443 Saiile
3243 3391 3576 3461 deprecans,
3629 3400 3939 3473 multasque

2339 3481 2526 3528 noctes
2552 3474 2823 3532 insomnes
2855 3482 3111 3549 transegit
3142 3497 3237 3552 pro
3266 3487 3534 3551 peccantis
3561 3489 3764 3557 salute;
3794 3493 3943 3552 Deus

2337 3573 2515 3618 autem
2541 3567 2761 3633 tempori
2794 3583 2900 3622 non
2926 3571 3241 3638 attendens,
3267 3575 3390 3643 quia
3418 3579 3694 3646 propheta:
3727 3586 3936 3653 suppli-

2337 3654 2478 3709 catio
2515 3670 2623 3710 non
2666 3659 3017 3715 concurrebat
3071 3675 3190 3716 cum
3241 3669 3541 3733 peccatoris
3595 3673 3931 3742 pmnitentia,

2338 3746 2612 3839 propheta:
2642 3761 2742 3803 suo
2769 3750 2900 3839 dixit
2925 3769 2936 3805 :
2973 3750 3242 3825 Usquequo
3270 3765 3334 3828 ‘tu
3380 3759 3522 3829 luges
3587 3761 3740 3828 Sail.
3767 3775 3814 3821 α
3839 3785 3947 3839 ego

2337 3835 2489 3928 rejeci
2510 3853 2621 3890 eum
2647 3839 2724 3908 (1.
2762 3837 2886 3912 Reg.
2939 3842 3025 3896 16.
3055 3844 3155 3913 i)?
3184 3845 3314 3901 illud
3334 3888 3350 3914 ,
3379 3864 3632 3920 usquequo
3652 3894 3668 3918 ,
3722 3835 3936 3928 tempus

2337 3926 2608 3997 declarat,
2634 3941 2690 3986 et
2735 3933 3083 4001 supplicantis
3117 3943 3575 4007 perseverantiam
3605 3961 3618 3998 :
3646 3955 3702 4001 et
3737 3926 3936 4018 repulit

2339 4020 2480 4075 Deus
2510 4031 2716 4091 tempus
2741 4023 3131 4094 deprecationis
3159 4031 3428 4100 propheta:
3454 4053 3467 4088 :
3501 4051 3608 4090 non
3635 4039 3781 4092 enim
3805 4055 3934 4098 cum

2332 4111 2460 4181 justi
2510 4113 2809 4170 interventu
2869 4118 3008 4188 regis
3053 4122 3365 4190 pmt'iitentia
3421 4132 3710 4184 concurrit.
3764 4131 3934 4188 Beato

2335 4214 2512 4260 autem
2545 4207 2754 4275 Davidi,
2784 4209 2875 4279 qui
2905 4215 3298 4281 correptionem
3323 4222 3489 4272 sancti
3511 4219 3769 4278 Nathanis
3799 4240 3929 4295 pro—

2335 4297 2512 4366 pheta:
2558 4301 2904 4372 susceperat,
2943 4313 3000 4360 et
3046 4307 3224 4360 statim
3279 4317 3398 4377 post
3452 4313 3927 4375 eomminatiouem

2335 4406 2516 4446 veram
2541 4393 2951 4450 conversionem
2978 4398 3302 4465 ostenderat,
3335 4401 3675 4474 dixeratque,
3706 4406 3928 4465 Peccavi

2335 4481 2556 4538 Domino
2586 4483 2662 4557 (2.
2687 4483 2816 4557 Reg.
2845 4487 2934 4541 12.
2970 4488 3092 4556 13);
3135 4491 3314 4545 statim
3361 4509 3470 4547 uno
3507 4498 3766 4566 temporis
3811 4516 3928 4556 mo-

2334 4581 2516 4629 mento
2535 4575 2760 4631 verbum
2789 4578 2999 4634 sincere
3034 4581 3299 4650 prolatum
3345 4584 3602 4655 integram
3642 4592 3928 4658 pmnitenti

2332 4666 2507 4721 attuht
2528 4667 2757 4724 salutem
2784 4686 2797 4724 :
2822 4671 3100 4726 confestim
3137 4689 3364 4745 namque
3390 4681 3709 4735 sententiam
3741 4699 3927 4740 emen-

2331 4754 2478 4811 datio
2501 4767 2730 4828 sequuta
2770 4771 2870 4816 est.
2900 4762 2988 4817 Ait
3015 4762 3173 4833 igitur
3195 4765 3270 4820 illi
3300 4766 3509 4824 Nathan
3539 4787 3555 4824 :
3582 4771 3648 4826 Et
3673 4771 3928 4834 Dominus

2333 4847 2525 4903 dimisit
2555 4851 2572 4882 ¹
2605 4861 2868 4921 peceatum
2897 4863 3038 4909 tuum
3068 4854 3278 4930 (Ιὺὶά.).

2404 4940 2543 4997 Deus
2596 4943 2771 4999 tardus
2805 4945 2875 5000 ad
2903 4963 3138 5017 pinnam,
3167 4951 3312 5005 velox
3331 4951 3402 5005 ad
3426 4954 3661 5010 salutem.
3689 4989 3764 5002 -
3799 4960 3926 5020 Vide

2333 5033 2463 5088 mihi
2495 5035 2657 5089 Deum
2682 5037 2890 5092 tardum
2919 5038 2985 5093 ad
3011 5053 3222 5108 pennam
3252 5052 3304 5098 et
3329 5044 3563 5102 velocem
3589 5048 3656 5102 ad
3673 5052 3920 5111 salutem.

2335 5126 2400 5181 Et
2422 5127 2549 5182 mihi
2581 5131 2811 5198 primum
2839 5133 3012 5202 cogita
3043 5135 3310 5203 quomodo
3340 5139 3510 5193 multo
3541 5151 3661 5209 post
3683 5154 3924 5218 tempore

2333 5222 2715 5279 correctionem
2748 5225 2984 5280 clemens
3015 5226 3208 5282 intulit.
3232 5229 3474 5286 Peccavit
3499 5233 3682 5300 David,
3713 5249 3922 5294 uterum

2333 5315 2557 5383 gestavit
2584 5317 2796 5383 mulier,
2826 5317 3077 5388 nullaque
3102 5321 3364 5376 correctio
3393 5334 3671 5394 peccatum
3699 5339 3919 5400 sequuta

2333 5415 2450 5473 est;
2482 5407 2577 5463 sed
2609 5418 2725 5478 post
2759 5407 2979 5464 infantis
3005 5411 3070 5465 de
3099 5423 3318 5481 peccato
3343 5417 3453 5469 nati
3483 5423 3694 5486 partum
3715 5462 3730 5485 ,
3763 5422 3922 5476 mitti-

2334 5507 2419 5552 tur
2444 5499 2643 5569 peceati
2672 5500 2927 5554 medicus.
2956 5501 3066 5556 Cur
3101 5513 3276 5559 autem
3323 5519 3632 5575 peccantem
3681 5516 3917 5579 protinus

2331 5603 2437 5645 non
2493 5591 2770 5645 correxit?
2821 5591 3082 5659 Quoniam
3126 5594 3255 5651 vidit
3299 5597 3350 5652 in
3405 5598 3531 5668 ipsis
3579 5610 3917 5670 peccatorum

2399 5771 2412 5800 ¹
2451 5776 2566 5832 Reg.
2596 5782 2736 5828 tutus,
2766 5769 2990 5821 Donu'nus
3015 5772 3217 5823 sustulit.
