  <div class='ocr_page' id='page_1' title='image "/cluster/home/n/w/nwhite01/storage/ocr_20150623/49/pst.000005712465/326.png"; bbox 0 0 4164 6324; ppageno 0'>
   <div class='ocr_carea' id='block_1_1' title="bbox 218 433 341 490">
    <p class='ocr_par' dir='ltr' id='par_1_1' title="bbox 218 433 341 490">
     <span class='ocr_line' id='line_1_1' title="bbox 218 433 341 490; baseline -0.057 0"><span class='ocrx_word' id='word_1_1' title='bbox 218 433 341 490; x_wconf 59' lang='grc' dir='ltr'><strong>ᾟΞΩ</strong></span> 
     </span>
    </p>
   </div>
   <div class='ocr_carea' id='block_1_2' title="bbox 217 522 1824 607">
    <p class='ocr_par' dir='ltr' id='par_1_2' title="bbox 217 522 1824 607">
     <span class='ocr_line' id='line_1_2' title="bbox 217 522 1824 607; baseline -0.014 -12"><span class='ocrx_word' id='word_1_2' title='bbox 217 540 540 607; x_wconf 68' lang='lat' dir='ltr'><strong>primordiis</strong></span> <span class='ocrx_word' id='word_1_3' title='bbox 592 546 913 594; x_wconf 70' lang='lat' dir='ltr'><strong>exctecatam</strong></span> <span class='ocrx_word' id='word_1_4' title='bbox 977 528 1309 603; x_wconf 77' lang='lat' dir='ltr'><strong>peccantium</strong></span> <span class='ocrx_word' id='word_1_5' title='bbox 1379 526 1648 588; x_wconf 88' lang='lat' dir='ltr'><strong>animam,</strong></span> <span class='ocrx_word' id='word_1_6' title='bbox 1701 522 1824 590; x_wconf 85' lang='lat' dir='ltr'><strong>quia</strong></span> 
     </span>
    </p>
   </div>
   <div class='ocr_carea' id='block_1_3' title="bbox 225 614 1827 688">
    <p class='ocr_par' dir='ltr' id='par_1_3' title="bbox 225 614 1827 688">
     <span class='ocr_line' id='line_1_3' title="bbox 225 614 1827 688; baseline -0.014 -1"><span class='ocrx_word' id='word_1_7' title='bbox 225 635 493 687; x_wconf 59' lang='lat' dir='ltr'><strong>obturatas</strong></span> <span class='ocrx_word' id='word_1_8' title='bbox 518 640 673 685; x_wconf 85' lang='lat' dir='ltr'><strong>erant</strong></span> <span class='ocrx_word' id='word_1_9' title='bbox 694 643 850 683; x_wconf 89' lang='lat' dir='ltr'><strong>aures</strong></span> <span class='ocrx_word' id='word_1_10' title='bbox 882 639 1091 688; x_wconf 86' lang='lat' dir='ltr'><strong>eorum,</strong></span> <span class='ocrx_word' id='word_1_11' title='bbox 1121 636 1241 676; x_wconf 93' lang='lat' dir='ltr'><strong>cum</strong></span> <span class='ocrx_word' id='word_1_12' title='bbox 1282 619 1335 673; x_wconf 86' lang='lat' dir='ltr'><strong>in</strong></span> <span class='ocrx_word' id='word_1_13' title='bbox 1357 614 1674 686; x_wconf 83' lang='lat' dir='ltr'><strong>profundum</strong></span> <span class='ocrx_word' id='word_1_14' title='bbox 1702 626 1827 680; x_wconf 83' lang='lat' dir='ltr'><strong>pec-</strong></span> 
     </span>
    </p>
   </div>
   <div class='ocr_carea' id='block_1_4' title="bbox 224 702 1827 780">
    <p class='ocr_par' dir='ltr' id='par_1_4' title="bbox 224 702 1827 780">
     <span class='ocr_line' id='line_1_4' title="bbox 224 702 1827 780; baseline -0.016 -1"><span class='ocrx_word' id='word_1_15' title='bbox 224 726 331 779; x_wconf 86' lang='lat' dir='ltr'><strong>cati</strong></span> <span class='ocrx_word' id='word_1_16' title='bbox 398 722 635 779; x_wconf 79' lang='lat' dir='ltr'><strong>demersi</strong></span> <span class='ocrx_word' id='word_1_17' title='bbox 687 728 888 775; x_wconf 87' lang='lat' dir='ltr'><strong>essent.</strong></span> <span class='ocrx_word' id='word_1_18' title='bbox 949 716 1132 770; x_wconf 73' lang='lat' dir='ltr'><strong>Iliﬂ&#39;ert</strong></span> <span class='ocrx_word' id='word_1_19' title='bbox 1197 727 1324 780; x_wconf 82' lang='lat' dir='ltr'><strong>ergo</strong></span> <span class='ocrx_word' id='word_1_20' title='bbox 1380 706 1603 762; x_wconf 82' lang='lat' dir='ltr'><strong>tumenti</strong></span> <span class='ocrx_word' id='word_1_21' title='bbox 1666 702 1827 757; x_wconf 86' lang='lat' dir='ltr'><strong>animi</strong></span> 
     </span>
    </p>
   </div>
   <div class='ocr_carea' id='block_1_5' title="bbox 228 794 1827 876">
    <p class='ocr_par' dir='ltr' id='par_1_5' title="bbox 228 794 1827 876">
     <span class='ocr_line' id='line_1_5' title="bbox 228 794 1827 876; baseline -0.016 -4"><span class='ocrx_word' id='word_1_22' title='bbox 228 818 421 875; x_wconf 81' lang='lat' dir='ltr'><strong>morbo</strong></span> <span class='ocrx_word' id='word_1_23' title='bbox 446 814 702 868; x_wconf 83' lang='lat' dir='ltr'><strong>auxilium</strong></span> <span class='ocrx_word' id='word_1_24' title='bbox 733 812 1043 873; x_wconf 82' lang='lat' dir='ltr'><strong>adm0vere,</strong></span> <span class='ocrx_word' id='word_1_25' title='bbox 1070 813 1298 876; x_wconf 75' lang='lat' dir='ltr'><strong>postque</strong></span> <span class='ocrx_word' id='word_1_26' title='bbox 1326 810 1538 854; x_wconf 70' lang='lat' dir='ltr'><strong>tantum</strong></span> <span class='ocrx_word' id='word_1_27' title='bbox 1562 794 1827 864; x_wconf 82' lang='lat' dir='ltr'><strong>temporis</strong></span> 
     </span>
    </p>
   </div>
   <div class='ocr_carea' id='block_1_6' title="bbox 226 894 1828 980">
    <p class='ocr_par' dir='ltr' id='par_1_6' title="bbox 226 894 1828 980">
     <span class='ocr_line' id='line_1_6' title="bbox 226 894 1828 980; baseline -0.016 -17"><span class='ocrx_word' id='word_1_28' title='bbox 226 908 409 980; x_wconf 81' lang='lat' dir='ltr'><strong>prodit</strong></span> <span class='ocrx_word' id='word_1_29' title='bbox 453 907 756 969; x_wconf 79' lang='lat' dir='ltr'><strong>correctio;</strong></span> <span class='ocrx_word' id='word_1_30' title='bbox 786 912 942 971; x_wconf 87' lang='lat' dir='ltr'><strong>atque</strong></span> <span class='ocrx_word' id='word_1_31' title='bbox 990 900 1041 953; x_wconf 93' lang='lat' dir='ltr'><strong>in</strong></span> <span class='ocrx_word' id='word_1_32' title='bbox 1100 912 1208 950; x_wconf 91' lang='lat' dir='ltr'><strong>uno</strong></span> <span class='ocrx_word' id='word_1_33' title='bbox 1254 894 1511 963; x_wconf 88' lang='lat' dir='ltr'><strong>temporis</strong></span> <span class='ocrx_word' id='word_1_34' title='bbox 1552 896 1828 943; x_wconf 81' lang='lat' dir='ltr'><strong>momecto</strong></span> 
     </span>
    </p>
   </div>
   <div class='ocr_carea' id='block_1_7' title="bbox 224 980 1829 1071">
    <p class='ocr_par' dir='ltr' id='par_1_7' title="bbox 224 980 1829 1071">
     <span class='ocr_line' id='line_1_7' title="bbox 224 980 1829 1071; baseline -0.017 -17"><span class='ocrx_word' id='word_1_35' title='bbox 224 998 544 1071; x_wconf 67' lang='lat' dir='ltr'><strong>pmoitentia</strong></span> <span class='ocrx_word' id='word_1_36' title='bbox 592 1004 647 1049; x_wconf 86' lang='lat' dir='ltr'><strong>et</strong></span> <span class='ocrx_word' id='word_1_37' title='bbox 694 991 958 1048; x_wconf 90' lang='lat' dir='ltr'><strong>remissio.</strong></span> <span class='ocrx_word' id='word_1_38' title='bbox 994 988 1060 1042; x_wconf 86' lang='lat' dir='ltr'><strong>Et</strong></span> <span class='ocrx_word' id='word_1_39' title='bbox 1111 986 1358 1040; x_wconf 75' lang='lat' dir='ltr'><strong>Dominus</strong></span> <span class='ocrx_word' id='word_1_40' title='bbox 1414 980 1606 1034; x_wconf 83' lang='lat' dir='ltr'><strong>dimisit</strong></span> <span class='ocrx_word' id='word_1_41' title='bbox 1635 993 1829 1071; x_wconf 58' lang='lat' dir='ltr'><strong>pecto:</strong></span> 
     </span>
    </p>
   </div>
   <div class='ocr_carea' id='block_1_8' title="bbox 224 1063 1828 1153">
    <p class='ocr_par' dir='ltr' id='par_1_8' title="bbox 224 1063 1828 1153">
     <span class='ocr_line' id='line_1_8' title="bbox 224 1063 1828 1153; baseline -0.015 -12"><span class='ocrx_word' id='word_1_42' title='bbox 224 1063 335 1142; x_wconf 72' lang='lat' dir='ltr'><strong>ium</strong></span> <span class='ocrx_word' id='word_1_43' title='bbox 383 1098 546 1141; x_wconf 88' lang='lat' dir='ltr'><strong>tuum.</strong></span> <span class='ocrx_word' id='word_1_44' title='bbox 585 1084 630 1140; x_wconf 90' lang='grc' dir='ltr'>Ο</span> <span class='ocrx_word' id='word_1_45' title='bbox 670 1080 1124 1153; x_wconf 79' lang='lat' dir='ltr'><strong>diSpensationem</strong></span> <span class='ocrx_word' id='word_1_46' title='bbox 1171 1069 1580 1130; x_wconf 70' lang='lat' dir='ltr'><strong>comminantis!</strong></span> <span class='ocrx_word' id='word_1_47' title='bbox 1635 1063 1828 1127; x_wconf 84' lang='lat' dir='ltr'><strong>Viden‘</strong></span> 
     </span>
    </p>
   </div>
   <div class='ocr_carea' id='block_1_9' title="bbox 223 1155 1829 1247">
    <p class='ocr_par' dir='ltr' id='par_1_9' title="bbox 223 1155 1829 1247">
     <span class='ocr_line' id='line_1_9' title="bbox 223 1155 1829 1247; baseline -0.016 -15"><span class='ocrx_word' id='word_1_48' title='bbox 223 1180 368 1247; x_wconf 86' lang='lat' dir='ltr'><strong>quod</strong></span> <span class='ocrx_word' id='word_1_49' title='bbox 426 1178 587 1233; x_wconf 94' lang='lat' dir='ltr'><strong>velox</strong></span> <span class='ocrx_word' id='word_1_50' title='bbox 643 1175 711 1229; x_wconf 90' lang='lat' dir='ltr'><strong>sit</strong></span> <span class='ocrx_word' id='word_1_51' title='bbox 757 1172 822 1227; x_wconf 87' lang='lat' dir='ltr'><strong>ad</strong></span> <span class='ocrx_word' id='word_1_52' title='bbox 886 1168 1153 1225; x_wconf 85' lang='lat' dir='ltr'><strong>salutem?</strong></span> <span class='ocrx_word' id='word_1_53' title='bbox 1214 1166 1269 1220; x_wconf 87' lang='lat' dir='ltr'><strong>Id</strong></span> <span class='ocrx_word' id='word_1_54' title='bbox 1324 1174 1375 1218; x_wconf 90' lang='lat' dir='ltr'><strong>et</strong></span> <span class='ocrx_word' id='word_1_55' title='bbox 1427 1163 1477 1216; x_wconf 92' lang='lat' dir='ltr'><strong>in</strong></span> <span class='ocrx_word' id='word_1_56' title='bbox 1534 1158 1653 1215; x_wconf 83' lang='lat' dir='ltr'><strong>aliis</strong></span> <span class='ocrx_word' id='word_1_57' title='bbox 1702 1155 1829 1210; x_wconf 85' lang='lat' dir='ltr'><strong>facit</strong></span> 
     </span>
    </p>
   </div>
   <div class='ocr_carea' id='block_1_10' title="bbox 223 1250 1826 1338">
    <p class='ocr_par' dir='ltr' id='par_1_10' title="bbox 223 1250 1826 1338">
     <span class='ocr_line' id='line_1_10' title="bbox 223 1250 1826 1338; baseline -0.015 -14"><span class='ocrx_word' id='word_1_58' title='bbox 223 1269 448 1324; x_wconf 87' lang='lat' dir='ltr'><strong>tardans</strong></span> <span class='ocrx_word' id='word_1_59' title='bbox 475 1267 691 1338; x_wconf 85' lang='lat' dir='ltr'><strong>quidem</strong></span> <span class='ocrx_word' id='word_1_60' title='bbox 740 1264 807 1318; x_wconf 89' lang='lat' dir='ltr'><strong>ad</strong></span> <span class='ocrx_word' id='word_1_61' title='bbox 849 1253 1388 1320; x_wconf 88' lang='lat' dir='ltr'><strong>destructionem,ad</strong></span> <span class='ocrx_word' id='word_1_62' title='bbox 1432 1250 1826 1322; x_wconf 86' lang='lat' dir='ltr'><strong>protectionem</strong></span> 
     </span>
    </p>
   </div>
   <div class='ocr_carea' id='block_1_11' title="bbox 225 1342 1827 1430">
    <p class='ocr_par' dir='ltr' id='par_1_11' title="bbox 225 1342 1827 1430">
     <span class='ocr_line' id='line_1_11' title="bbox 225 1342 1827 1430; baseline -0.013 -16"><span class='ocrx_word' id='word_1_63' title='bbox 225 1376 359 1416; x_wconf 85' lang='lat' dir='ltr'><strong>vero</strong></span> <span class='ocrx_word' id='word_1_64' title='bbox 400 1374 716 1430; x_wconf 88' lang='lat' dir='ltr'><strong>properans.</strong></span> <span class='ocrx_word' id='word_1_65' title='bbox 745 1355 988 1425; x_wconf 85' lang='lat' dir='ltr'><strong>Exempli</strong></span> <span class='ocrx_word' id='word_1_66' title='bbox 1029 1367 1224 1417; x_wconf 86' lang='lat' dir='ltr'><strong>causa,</strong></span> <span class='ocrx_word' id='word_1_67' title='bbox 1256 1347 1396 1417; x_wconf 88' lang='lat' dir='ltr'><strong>apud</strong></span> <span class='ocrx_word' id='word_1_68' title='bbox 1442 1359 1539 1399; x_wconf 88' lang='lat' dir='ltr'><strong>nos</strong></span> <span class='ocrx_word' id='word_1_69' title='bbox 1581 1342 1827 1396; x_wconf 86' lang='lat' dir='ltr'><strong>homines</strong></span> 
     </span>
    </p>
   </div>
   <div class='ocr_carea' id='block_1_12' title="bbox 223 1437 1828 1519">
    <p class='ocr_par' dir='ltr' id='par_1_12' title="bbox 223 1437 1828 1519">
     <span class='ocr_line' id='line_1_12' title="bbox 223 1437 1828 1519; baseline -0.013 -12"><span class='ocrx_word' id='word_1_70' title='bbox 223 1452 398 1507; x_wconf 85' lang='lat' dir='ltr'><strong>multo</strong></span> <span class='ocrx_word' id='word_1_71' title='bbox 419 1459 663 1519; x_wconf 88' lang='lat' dir='ltr'><strong>tempore</strong></span> <span class='ocrx_word' id='word_1_72' title='bbox 689 1448 911 1502; x_wconf 73' lang='lat' dir='ltr'><strong>aedificia</strong></span> <span class='ocrx_word' id='word_1_73' title='bbox 957 1450 1361 1507; x_wconf 89' lang='lat' dir='ltr'><strong>construuntur,</strong></span> <span class='ocrx_word' id='word_1_74' title='bbox 1385 1437 1658 1505; x_wconf 87' lang='lat' dir='ltr'><strong>multoque</strong></span> <span class='ocrx_word' id='word_1_75' title='bbox 1688 1444 1828 1488; x_wconf 87' lang='lat' dir='ltr'><strong>tem-</strong></span> 
     </span>
    </p>
   </div>
   <div class='ocr_carea' id='block_1_13' title="bbox 227 1525 1827 1615">
    <p class='ocr_par' dir='ltr' id='par_1_13' title="bbox 227 1525 1827 1615">
     <span class='ocr_line' id='line_1_13' title="bbox 227 1525 1827 1615; baseline -0.014 -15"><span class='ocrx_word' id='word_1_76' title='bbox 227 1559 364 1615; x_wconf 85' lang='lat' dir='ltr'><strong>pore</strong></span> <span class='ocrx_word' id='word_1_77' title='bbox 384 1543 605 1597; x_wconf 87' lang='lat' dir='ltr'><strong>domum</strong></span> <span class='ocrx_word' id='word_1_78' title='bbox 634 1541 962 1595; x_wconf 76' lang='lat' dir='ltr'><strong>mditicamus</strong></span> <span class='ocrx_word' id='word_1_79' title='bbox 990 1555 1002 1590; x_wconf 95' lang='lat'>:</span> <span class='ocrx_word' id='word_1_80' title='bbox 1026 1544 1186 1606; x_wconf 85' lang='lat' dir='ltr'><strong>atque</strong></span> <span class='ocrx_word' id='word_1_81' title='bbox 1204 1534 1368 1603; x_wconf 90' lang='lat' dir='ltr'><strong>ipsius</strong></span> <span class='ocrx_word' id='word_1_82' title='bbox 1389 1537 1668 1585; x_wconf 74' lang='lat' dir='ltr'><strong>structura:</strong></span> <span class='ocrx_word' id='word_1_83' title='bbox 1686 1525 1827 1581; x_wconf 85' lang='lat' dir='ltr'><strong>mul-</strong></span> 
     </span>
    </p>
   </div>
   <div class='ocr_carea' id='block_1_14' title="bbox 226 1619 1829 1701">
    <p class='ocr_par' dir='ltr' id='par_1_14' title="bbox 226 1619 1829 1701">
     <span class='ocr_line' id='line_1_14' title="bbox 226 1619 1829 1701; baseline -0.013 -12"><span class='ocrx_word' id='word_1_84' title='bbox 226 1645 337 1689; x_wconf 92' lang='lat' dir='ltr'><strong>tum</strong></span> <span class='ocrx_word' id='word_1_85' title='bbox 357 1643 443 1689; x_wconf 88' lang='lat' dir='ltr'><strong>est</strong></span> <span class='ocrx_word' id='word_1_86' title='bbox 462 1632 741 1701; x_wconf 91' lang='lat' dir='ltr'><strong>temporis,</strong></span> <span class='ocrx_word' id='word_1_87' title='bbox 765 1644 955 1701; x_wconf 86' lang='lat' dir='ltr'><strong>parum</strong></span> <span class='ocrx_word' id='word_1_88' title='bbox 978 1641 1106 1681; x_wconf 89' lang='lat' dir='ltr'><strong>vero</strong></span> <span class='ocrx_word' id='word_1_89' title='bbox 1117 1622 1512 1681; x_wconf 90' lang='lat' dir='ltr'><strong>destructionis.</strong></span> <span class='ocrx_word' id='word_1_90' title='bbox 1537 1621 1590 1673; x_wconf 93' lang='lat' dir='ltr'><strong>In</strong></span> <span class='ocrx_word' id='word_1_91' title='bbox 1610 1619 1719 1673; x_wconf 91' lang='lat' dir='ltr'><strong>Deo</strong></span> <span class='ocrx_word' id='word_1_92' title='bbox 1734 1632 1829 1668; x_wconf 87' lang='lat' dir='ltr'><strong>au-</strong></span> 
     </span>
    </p>
   </div>
   <div class='ocr_carea' id='block_1_15' title="bbox 227 1705 1830 1780">
    <p class='ocr_par' dir='ltr' id='par_1_15' title="bbox 227 1705 1830 1780">
     <span class='ocr_line' id='line_1_15' title="bbox 227 1705 1830 1780; baseline -0.013 0"><span class='ocrx_word' id='word_1_93' title='bbox 227 1735 335 1780; x_wconf 89' lang='lat' dir='ltr'><strong>tem</strong></span> <span class='ocrx_word' id='word_1_94' title='bbox 362 1724 694 1778; x_wconf 89' lang='lat' dir='ltr'><strong>contrarium</strong></span> <span class='ocrx_word' id='word_1_95' title='bbox 720 1720 911 1775; x_wconf 89' lang='lat' dir='ltr'><strong>accidit</strong></span> <span class='ocrx_word' id='word_1_96' title='bbox 946 1736 960 1772; x_wconf 89' lang='lat'><strong>:</strong></span> <span class='ocrx_word' id='word_1_97' title='bbox 988 1731 1108 1772; x_wconf 89' lang='lat' dir='ltr'><strong>cum</strong></span> <span class='ocrx_word' id='word_1_98' title='bbox 1126 1713 1371 1775; x_wconf 66' lang='lat' dir='ltr'><strong>aedificat,</strong></span> <span class='ocrx_word' id='word_1_99' title='bbox 1391 1711 1647 1765; x_wconf 85' lang='lat' dir='ltr'><strong>velociter</strong></span> <span class='ocrx_word' id='word_1_100' title='bbox 1668 1705 1830 1761; x_wconf 68' lang='lat' dir='ltr'><strong>aedifi-</strong></span> 
     </span>
    </p>
   </div>
   <div class='ocr_carea' id='block_1_16' title="bbox 223 1802 1823 1879">
    <p class='ocr_par' dir='ltr' id='par_1_16' title="bbox 223 1802 1823 1879">
     <span class='ocr_line' id='line_1_16' title="bbox 223 1802 1823 1879; baseline -0.017 -4"><span class='ocrx_word' id='word_1_101' title='bbox 223 1829 349 1874; x_wconf 81' lang='lat' dir='ltr'><strong>c:tt:</strong></span> <span class='ocrx_word' id='word_1_102' title='bbox 381 1833 504 1874; x_wconf 90' lang='lat' dir='ltr'><strong>cum</strong></span> <span class='ocrx_word' id='word_1_103' title='bbox 531 1815 777 1879; x_wconf 86' lang='lat' dir='ltr'><strong>destruit,</strong></span> <span class='ocrx_word' id='word_1_104' title='bbox 801 1811 948 1865; x_wconf 86' lang='lat' dir='ltr'><strong>tarde</strong></span> <span class='ocrx_word' id='word_1_105' title='bbox 976 1808 1222 1862; x_wconf 86' lang='lat' dir='ltr'><strong>destruit.</strong></span> <span class='ocrx_word' id='word_1_106' title='bbox 1240 1803 1411 1858; x_wconf 81' lang='lat' dir='ltr'><strong>Velox</strong></span> <span class='ocrx_word' id='word_1_107' title='bbox 1435 1802 1573 1855; x_wconf 89' lang='lat' dir='ltr'><strong>Deus</strong></span> <span class='ocrx_word' id='word_1_108' title='bbox 1593 1811 1823 1862; x_wconf 84' lang='lat' dir='ltr'><strong>struens,</strong></span> 
     </span>
    </p>
   </div>
   <div class='ocr_carea' id='block_1_17' title="bbox 225 1890 1827 1976">
    <p class='ocr_par' dir='ltr' id='par_1_17' title="bbox 225 1890 1827 1976">
     <span class='ocr_line' id='line_1_17' title="bbox 225 1890 1827 1976; baseline -0.016 -9"><span class='ocrx_word' id='word_1_109' title='bbox 225 1912 416 1966; x_wconf 88' lang='lat' dir='ltr'><strong>tardus</strong></span> <span class='ocrx_word' id='word_1_110' title='bbox 436 1911 657 1965; x_wconf 88' lang='lat' dir='ltr'><strong>diruens</strong></span> <span class='ocrx_word' id='word_1_111' title='bbox 677 1925 690 1957; x_wconf 88' lang='lat'><strong><em>:</em></strong></span> <span class='ocrx_word' id='word_1_112' title='bbox 710 1906 832 1976; x_wconf 85' lang='lat' dir='ltr'><strong>quia</strong></span> <span class='ocrx_word' id='word_1_113' title='bbox 864 1903 974 1957; x_wconf 91' lang='lat' dir='ltr'><strong>Deo</strong></span> <span class='ocrx_word' id='word_1_114' title='bbox 995 1901 1111 1954; x_wconf 74' lang='lat' dir='ltr'><strong>hzec</strong></span> <span class='ocrx_word' id='word_1_115' title='bbox 1127 1898 1285 1951; x_wconf 90' lang='lat' dir='ltr'><strong>ambo</strong></span> <span class='ocrx_word' id='word_1_116' title='bbox 1301 1894 1624 1949; x_wconf 89' lang='lat' dir='ltr'><strong>conveniunt</strong></span> <span class='ocrx_word' id='word_1_117' title='bbox 1655 1910 1667 1944; x_wconf 91' lang='lat'>:</span> <span class='ocrx_word' id='word_1_118' title='bbox 1700 1890 1827 1943; x_wconf 89' lang='lat' dir='ltr'><strong>illud</strong></span> 
     </span>
    </p>
   </div>
   <div class='ocr_carea' id='block_1_18' title="bbox 221 1984 1828 2072">
    <p class='ocr_par' dir='ltr' id='par_1_18' title="bbox 221 1984 1828 2072">
     <span class='ocr_line' id='line_1_18' title="bbox 221 1984 1828 2072; baseline -0.015 -13"><span class='ocrx_word' id='word_1_119' title='bbox 221 2005 371 2059; x_wconf 88' lang='lat' dir='ltr'><strong>enim</strong></span> <span class='ocrx_word' id='word_1_120' title='bbox 408 2004 660 2072; x_wconf 73' lang='lat' dir='ltr'><strong>potentia:</strong></span> <span class='ocrx_word' id='word_1_121' title='bbox 696 2010 797 2064; x_wconf 92' lang='lat' dir='ltr'><strong>est,</strong></span> <span class='ocrx_word' id='word_1_122' title='bbox 823 1996 925 2051; x_wconf 92' lang='lat' dir='ltr'><strong>hoc</strong></span> <span class='ocrx_word' id='word_1_123' title='bbox 958 1993 1244 2049; x_wconf 77' lang='lat' dir='ltr'><strong>bonitatis:</strong></span> <span class='ocrx_word' id='word_1_124' title='bbox 1280 1989 1534 2059; x_wconf 80' lang='lat' dir='ltr'><strong>potentiae</strong></span> <span class='ocrx_word' id='word_1_125' title='bbox 1560 1984 1828 2040; x_wconf 78' lang='lat' dir='ltr'><strong>excellen-</strong></span> 
     </span>
    </p>
   </div>
   <div class='ocr_carea' id='block_1_19' title="bbox 227 2080 1826 2160">
    <p class='ocr_par' dir='ltr' id='par_1_19' title="bbox 227 2080 1826 2160">
     <span class='ocr_line' id='line_1_19' title="bbox 227 2080 1826 2160; baseline -0.014 -10"><span class='ocrx_word' id='word_1_126' title='bbox 227 2096 297 2150; x_wconf 87' lang='lat' dir='ltr'><strong>tia</strong></span> <span class='ocrx_word' id='word_1_127' title='bbox 324 2095 506 2156; x_wconf 77' lang='lat' dir='ltr'><strong>velox,</strong></span> <span class='ocrx_word' id='word_1_128' title='bbox 531 2090 901 2160; x_wconf 79' lang='lat' dir='ltr'><strong>magnitudine</strong></span> <span class='ocrx_word' id='word_1_129' title='bbox 923 2085 1173 2140; x_wconf 88' lang='lat' dir='ltr'><strong>bonitatis</strong></span> <span class='ocrx_word' id='word_1_130' title='bbox 1210 2081 1409 2135; x_wconf 89' lang='lat' dir='ltr'><strong>tardus.</strong></span> <span class='ocrx_word' id='word_1_131' title='bbox 1440 2080 1826 2147; x_wconf 81' lang='lat' dir='ltr'><strong>Argumentum</strong></span> 
     </span>
    </p>
   </div>
   <div class='ocr_carea' id='block_1_20' title="bbox 223 2166 1827 2250">
    <p class='ocr_par' dir='ltr' id='par_1_20' title="bbox 223 2166 1827 2250">
     <span class='ocr_line' id='line_1_20' title="bbox 223 2166 1827 2250; baseline -0.012 -13"><span class='ocrx_word' id='word_1_132' title='bbox 223 2186 517 2240; x_wconf 78' lang='lat' dir='ltr'><strong>verborum</strong></span> <span class='ocrx_word' id='word_1_133' title='bbox 545 2191 628 2237; x_wconf 90' lang='lat' dir='ltr'><strong>est</strong></span> <span class='ocrx_word' id='word_1_134' title='bbox 649 2178 975 2250; x_wconf 83' lang='lat' dir='ltr'><strong>experientia</strong></span> <span class='ocrx_word' id='word_1_135' title='bbox 995 2190 1195 2230; x_wconf 92' lang='lat' dir='ltr'><strong>rerum.</strong></span> <span class='ocrx_word' id='word_1_136' title='bbox 1217 2173 1323 2226; x_wconf 86' lang='lat' dir='ltr'><strong>Sex</strong></span> <span class='ocrx_word' id='word_1_137' title='bbox 1340 2170 1528 2223; x_wconf 88' lang='lat' dir='ltr'><strong>diebus</strong></span> <span class='ocrx_word' id='word_1_138' title='bbox 1545 2168 1671 2220; x_wconf 84' lang='lat' dir='ltr'><strong>fecit</strong></span> <span class='ocrx_word' id='word_1_139' title='bbox 1688 2166 1827 2218; x_wconf 88' lang='lat' dir='ltr'><strong>Deus</strong></span> 
     </span>
    </p>
   </div>
   <div class='ocr_carea' id='block_1_21' title="bbox 224 2258 1824 2339">
    <p class='ocr_par' dir='ltr' id='par_1_21' title="bbox 224 2258 1824 2339">
     <span class='ocr_line' id='line_1_21' title="bbox 224 2258 1824 2339; baseline -0.013 -10"><span class='ocrx_word' id='word_1_140' title='bbox 224 2277 419 2329; x_wconf 68' lang='lat' dir='ltr'><strong>caelum</strong></span> <span class='ocrx_word' id='word_1_141' title='bbox 450 2283 507 2327; x_wconf 88' lang='lat' dir='ltr'><strong>et</strong></span> <span class='ocrx_word' id='word_1_142' title='bbox 538 2284 762 2335; x_wconf 81' lang='lat' dir='ltr'><strong>terram.</strong></span> <span class='ocrx_word' id='word_1_143' title='bbox 796 2267 1189 2339; x_wconf 84' lang='lat' dir='ltr'><strong>magnitudines</strong></span> <span class='ocrx_word' id='word_1_144' title='bbox 1214 2263 1473 2317; x_wconf 88' lang='lat' dir='ltr'><strong>montium</strong></span> <span class='ocrx_word' id='word_1_145' title='bbox 1493 2302 1505 2321; x_wconf 86' lang='lat'><strong>,</strong></span> <span class='ocrx_word' id='word_1_146' title='bbox 1538 2258 1786 2328; x_wconf 81' lang='lat' dir='ltr'><strong>planities</strong></span> <span class='ocrx_word' id='word_1_147' title='bbox 1808 2297 1824 2321; x_wconf 95' lang='lat'><strong>,</strong></span> 
     </span>
    </p>
   </div>
   <div class='ocr_carea' id='block_1_22' title="bbox 223 2352 1824 2434">
    <p class='ocr_par' dir='ltr' id='par_1_22' title="bbox 223 2352 1824 2434">
     <span class='ocr_line' id='line_1_22' title="bbox 223 2352 1824 2434; baseline -0.012 -16"><span class='ocrx_word' id='word_1_148' title='bbox 223 2369 415 2433; x_wconf 78' lang='lat' dir='ltr'><strong>valles,</strong></span> <span class='ocrx_word' id='word_1_149' title='bbox 444 2367 631 2428; x_wconf 87' lang='lat' dir='ltr'><strong>saltus,</strong></span> <span class='ocrx_word' id='word_1_150' title='bbox 661 2363 859 2434; x_wconf 82' lang='lat' dir='ltr'><strong>sylvas,</strong></span> <span class='ocrx_word' id='word_1_151' title='bbox 896 2360 1124 2429; x_wconf 82' lang='lat' dir='ltr'><strong>plantas,</strong></span> <span class='ocrx_word' id='word_1_152' title='bbox 1157 2356 1349 2419; x_wconf 88' lang='lat' dir='ltr'><strong>fontes,</strong></span> <span class='ocrx_word' id='word_1_153' title='bbox 1381 2352 1631 2415; x_wconf 83' lang='lat' dir='ltr'><strong>ﬂumina,</strong></span> <span class='ocrx_word' id='word_1_154' title='bbox 1662 2362 1824 2418; x_wconf 87' lang='lat' dir='ltr'><strong>para—</strong></span> 
     </span>
    </p>
   </div>
   <div class='ocr_carea' id='block_1_23' title="bbox 222 2446 1825 2525">
    <p class='ocr_par' dir='ltr' id='par_1_23' title="bbox 222 2446 1825 2525">
     <span class='ocr_line' id='line_1_23' title="bbox 222 2446 1825 2525; baseline -0.011 -12"><span class='ocrx_word' id='word_1_155' title='bbox 222 2460 427 2525; x_wconf 89' lang='lat' dir='ltr'><strong>disum,</strong></span> <span class='ocrx_word' id='word_1_156' title='bbox 459 2457 725 2511; x_wconf 87' lang='lat' dir='ltr'><strong>visibilem</strong></span> <span class='ocrx_word' id='word_1_157' title='bbox 756 2467 973 2508; x_wconf 91' lang='lat' dir='ltr'><strong>omnem</strong></span> <span class='ocrx_word' id='word_1_158' title='bbox 998 2450 1311 2503; x_wconf 81' lang='lat' dir='ltr'><strong>varietatem</strong></span> <span class='ocrx_word' id='word_1_159' title='bbox 1333 2488 1349 2512; x_wconf 93' lang='lat'><strong>,</strong></span> <span class='ocrx_word' id='word_1_160' title='bbox 1382 2446 1483 2499; x_wconf 90' lang='lat' dir='ltr'><strong>hoc</strong></span> <span class='ocrx_word' id='word_1_161' title='bbox 1528 2458 1680 2498; x_wconf 87' lang='lat' dir='ltr'><strong>mare</strong></span> <span class='ocrx_word' id='word_1_162' title='bbox 1710 2458 1825 2496; x_wconf 89' lang='lat' dir='ltr'><strong>ma-</strong></span> 
     </span>
    </p>
   </div>
   <div class='ocr_carea' id='block_1_24' title="bbox 222 2538 1827 2620">
    <p class='ocr_par' dir='ltr' id='par_1_24' title="bbox 222 2538 1827 2620">
     <span class='ocr_line' id='line_1_24' title="bbox 222 2538 1827 2620; baseline -0.011 -15"><span class='ocrx_word' id='word_1_163' title='bbox 222 2567 388 2620; x_wconf 73' lang='lat' dir='ltr'><strong>gnum</strong></span> <span class='ocrx_word' id='word_1_164' title='bbox 436 2558 490 2603; x_wconf 89' lang='lat' dir='ltr'><strong>et</strong></span> <span class='ocrx_word' id='word_1_165' title='bbox 536 2548 854 2617; x_wconf 83' lang='lat' dir='ltr'><strong>spatiosum,</strong></span> <span class='ocrx_word' id='word_1_166' title='bbox 886 2544 1106 2607; x_wconf 87' lang='lat' dir='ltr'><strong>insulas,</strong></span> <span class='ocrx_word' id='word_1_167' title='bbox 1132 2540 1428 2593; x_wconf 88' lang='lat' dir='ltr'><strong>maritimas</strong></span> <span class='ocrx_word' id='word_1_168' title='bbox 1464 2538 1712 2606; x_wconf 80' lang='lat' dir='ltr'><strong>regiones</strong></span> <span class='ocrx_word' id='word_1_169' title='bbox 1734 2576 1747 2600; x_wconf 98' lang='lat'><strong>,</strong></span> <span class='ocrx_word' id='word_1_170' title='bbox 1772 2542 1827 2589; x_wconf 92' lang='lat' dir='ltr'><strong>et</strong></span> 
     </span>
    </p>
   </div>
   <div class='ocr_carea' id='block_1_25' title="bbox 226 2629 1883 2701">
    <p class='ocr_par' dir='ltr' id='par_1_25' title="bbox 226 2629 1883 2701">
     <span class='ocr_line' id='line_1_25' title="bbox 226 2629 1883 2701; baseline -0.01 -5"><span class='ocrx_word' id='word_1_171' title='bbox 226 2642 699 2701; x_wconf 79' lang='lat' dir='ltr'><strong>mediterraneas;</strong></span> <span class='ocrx_word' id='word_1_172' title='bbox 753 2651 969 2692; x_wconf 90' lang='lat' dir='ltr'><strong>omnem</strong></span> <span class='ocrx_word' id='word_1_173' title='bbox 1032 2634 1176 2687; x_wconf 90' lang='lat' dir='ltr'><strong>hunc</strong></span> <span class='ocrx_word' id='word_1_174' title='bbox 1239 2631 1502 2685; x_wconf 84' lang='lat' dir='ltr'><strong>visibilem</strong></span> <span class='ocrx_word' id='word_1_175' title='bbox 1568 2629 1825 2682; x_wconf 91' lang='lat' dir='ltr'><strong>mundum</strong></span> <span class='ocrx_word' id='word_1_176' title='bbox 1868 2658 1883 2663; x_wconf 95' lang='lat'><strong>-</strong></span> 
     </span>
    </p>
   </div>
   <div class='ocr_carea' id='block_1_26' title="bbox 222 2721 1828 2804">
    <p class='ocr_par' dir='ltr' id='par_1_26' title="bbox 222 2721 1828 2804">
     <span class='ocr_line' id='line_1_26' title="bbox 222 2721 1828 2804; baseline -0.011 -14"><span class='ocrx_word' id='word_1_177' title='bbox 222 2736 454 2804; x_wconf 79' lang='lat' dir='ltr'><strong>ejusque</strong></span> <span class='ocrx_word' id='word_1_178' title='bbox 482 2729 930 2802; x_wconf 88' lang='lat' dir='ltr'><strong>pulchritudinem</strong></span> <span class='ocrx_word' id='word_1_179' title='bbox 954 2742 1047 2779; x_wconf 84' lang='lat' dir='ltr'><strong>sex</strong></span> <span class='ocrx_word' id='word_1_180' title='bbox 1069 2724 1257 2778; x_wconf 89' lang='lat' dir='ltr'><strong>diebus</strong></span> <span class='ocrx_word' id='word_1_181' title='bbox 1286 2723 1408 2777; x_wconf 87' lang='lat' dir='ltr'><strong>fecit</strong></span> <span class='ocrx_word' id='word_1_182' title='bbox 1428 2724 1564 2776; x_wconf 90' lang='lat' dir='ltr'><strong>Deus</strong></span> <span class='ocrx_word' id='word_1_183' title='bbox 1585 2739 1599 2776; x_wconf 89' lang='lat'><strong>:</strong></span> <span class='ocrx_word' id='word_1_184' title='bbox 1622 2721 1828 2774; x_wconf 90' lang='lat' dir='ltr'><strong>anima-</strong></span> 
     </span>
    </p>
   </div>
   <div class='ocr_carea' id='block_1_27' title="bbox 222 2810 1829 2887">
    <p class='ocr_par' dir='ltr' id='par_1_27' title="bbox 222 2810 1829 2887">
     <span class='ocr_line' id='line_1_27' title="bbox 222 2810 1829 2887; baseline -0.01 -7"><span class='ocrx_word' id='word_1_185' title='bbox 222 2826 291 2881; x_wconf 88' lang='lat' dir='ltr'><strong>lia</strong></span> <span class='ocrx_word' id='word_1_186' title='bbox 314 2826 368 2878; x_wconf 90' lang='lat' dir='ltr'><strong>in</strong></span> <span class='ocrx_word' id='word_1_187' title='bbox 391 2838 458 2878; x_wconf 88' lang='lat' dir='ltr'><strong>eo</strong></span> <span class='ocrx_word' id='word_1_188' title='bbox 487 2822 787 2887; x_wconf 86' lang='lat' dir='ltr'><strong>rationalia,</strong></span> <span class='ocrx_word' id='word_1_189' title='bbox 810 2829 864 2872; x_wconf 87' lang='lat' dir='ltr'><strong>et</strong></span> <span class='ocrx_word' id='word_1_190' title='bbox 893 2814 1236 2875; x_wconf 86' lang='lat' dir='ltr'><strong>irrationalia,</strong></span> <span class='ocrx_word' id='word_1_191' title='bbox 1256 2828 1595 2880; x_wconf 88' lang='lat' dir='ltr'><strong>omnemque,</strong></span> <span class='ocrx_word' id='word_1_192' title='bbox 1619 2810 1708 2881; x_wconf 89' lang='lat' dir='ltr'><strong>qui</strong></span> <span class='ocrx_word' id='word_1_193' title='bbox 1730 2810 1829 2864; x_wconf 73' lang='lat' dir='ltr'><strong>sub</strong></span> 
     </span>
    </p>
   </div>
   <div class='ocr_carea' id='block_1_28' title="bbox 224 2903 1828 2986">
    <p class='ocr_par' dir='ltr' id='par_1_28' title="bbox 224 2903 1828 2986">
     <span class='ocr_line' id='line_1_28' title="bbox 224 2903 1828 2986; baseline -0.01 -15"><span class='ocrx_word' id='word_1_194' title='bbox 224 2927 504 2986; x_wconf 83' lang='lat' dir='ltr'><strong>aspectum</strong></span> <span class='ocrx_word' id='word_1_195' title='bbox 532 2916 692 2980; x_wconf 84' lang='lat' dir='ltr'><strong>cadit,</strong></span> <span class='ocrx_word' id='word_1_196' title='bbox 726 2922 973 2967; x_wconf 86' lang='lat' dir='ltr'><strong>ornatum</strong></span> <span class='ocrx_word' id='word_1_197' title='bbox 1016 2925 1108 2964; x_wconf 88' lang='lat' dir='ltr'><strong>scx</strong></span> <span class='ocrx_word' id='word_1_198' title='bbox 1140 2909 1328 2964; x_wconf 88' lang='lat' dir='ltr'><strong>diebus</strong></span> <span class='ocrx_word' id='word_1_199' title='bbox 1358 2905 1582 2976; x_wconf 79' lang='lat' dir='ltr'><strong>perﬁcit.</strong></span> <span class='ocrx_word' id='word_1_200' title='bbox 1616 2904 1710 2958; x_wconf 91' lang='lat' dir='ltr'><strong>llic</strong></span> <span class='ocrx_word' id='word_1_201' title='bbox 1732 2903 1828 2972; x_wconf 85' lang='lat' dir='ltr'><strong>igi-</strong></span> 
     </span>
    </p>
   </div>
   <div class='ocr_carea' id='block_1_29' title="bbox 227 2996 1826 3063">
    <p class='ocr_par' dir='ltr' id='par_1_29' title="bbox 227 2996 1826 3063">
     <span class='ocr_line' id='line_1_29' title="bbox 227 2996 1826 3063; baseline -0.009 0"><span class='ocrx_word' id='word_1_202' title='bbox 227 3020 315 3063; x_wconf 89' lang='lat' dir='ltr'><strong>tur</strong></span> <span class='ocrx_word' id='word_1_203' title='bbox 352 3020 458 3061; x_wconf 91' lang='lat' dir='ltr'><strong>tam</strong></span> <span class='ocrx_word' id='word_1_204' title='bbox 488 3006 642 3060; x_wconf 87' lang='lat' dir='ltr'><strong>velox</strong></span> <span class='ocrx_word' id='word_1_205' title='bbox 692 3006 746 3059; x_wconf 93' lang='lat' dir='ltr'><strong>in</strong></span> <span class='ocrx_word' id='word_1_206' title='bbox 796 3002 1178 3063; x_wconf 85' lang='lat' dir='ltr'><strong>construendo,</strong></span> <span class='ocrx_word' id='word_1_207' title='bbox 1224 3015 1342 3053; x_wconf 91' lang='lat' dir='ltr'><strong>eum</strong></span> <span class='ocrx_word' id='word_1_208' title='bbox 1394 2998 1718 3055; x_wconf 84' lang='lat' dir='ltr'><strong>deliberaret</strong></span> <span class='ocrx_word' id='word_1_209' title='bbox 1757 2996 1826 3049; x_wconf 93' lang='lat' dir='ltr'><strong>de</strong></span> 
     </span>
    </p>
   </div>
   <div class='ocr_carea' id='block_1_30' title="bbox 225 3094 1825 3159">
    <p class='ocr_par' dir='ltr' id='par_1_30' title="bbox 225 3094 1825 3159">
     <span class='ocr_line' id='line_1_30' title="bbox 225 3094 1825 3159; baseline -0.009 -5"><span class='ocrx_word' id='word_1_210' title='bbox 225 3118 333 3155; x_wconf 86' lang='lat' dir='ltr'><strong>una</strong></span> <span class='ocrx_word' id='word_1_211' title='bbox 378 3098 703 3155; x_wconf 86' lang='lat' dir='ltr'><strong>destruenda</strong></span> <span class='ocrx_word' id='word_1_212' title='bbox 742 3097 894 3159; x_wconf 85' lang='lat' dir='ltr'><strong>urbe,</strong></span> <span class='ocrx_word' id='word_1_213' title='bbox 942 3095 1123 3148; x_wconf 85' lang='lat' dir='ltr'><strong>tardus</strong></span> <span class='ocrx_word' id='word_1_214' title='bbox 1162 3094 1231 3147; x_wconf 91' lang='lat' dir='ltr'><strong>ob</strong></span> <span class='ocrx_word' id='word_1_215' title='bbox 1262 3094 1549 3145; x_wconf 87' lang='lat' dir='ltr'><strong>bonitatem</strong></span> <span class='ocrx_word' id='word_1_216' title='bbox 1582 3099 1825 3155; x_wconf 89' lang='lat' dir='ltr'><strong>repertus</strong></span> 
     </span>
    </p>
   </div>
   <div class='ocr_carea' id='block_1_31' title="bbox 200 3180 1825 3257">
    <p class='ocr_par' dir='ltr' id='par_1_31' title="bbox 200 3180 1825 3257">
     <span class='ocr_line' id='line_1_31' title="bbox 200 3180 1825 3257; baseline -0.007 -12"><span class='ocrx_word' id='word_1_217' title='bbox 200 3203 331 3257; x_wconf 72' lang='lat' dir='ltr'><strong>est.</strong></span> <span class='ocrx_word' id='word_1_218' title='bbox 367 3191 495 3243; x_wconf 73' lang='lat' dir='ltr'><strong>Vult</strong></span> <span class='ocrx_word' id='word_1_219' title='bbox 541 3188 908 3243; x_wconf 86' lang='lat' dir='ltr'><strong>Jerichuntem</strong></span> <span class='ocrx_word' id='word_1_220' title='bbox 958 3186 1189 3247; x_wconf 88' lang='lat' dir='ltr'><strong>diruere,</strong></span> <span class='ocrx_word' id='word_1_221' title='bbox 1222 3195 1274 3236; x_wconf 88' lang='lat' dir='ltr'><strong>et</strong></span> <span class='ocrx_word' id='word_1_222' title='bbox 1312 3185 1386 3235; x_wconf 87' lang='lat' dir='ltr'><strong>ait</strong></span> <span class='ocrx_word' id='word_1_223' title='bbox 1427 3180 1493 3234; x_wconf 88' lang='lat' dir='ltr'><strong>ad</strong></span> <span class='ocrx_word' id='word_1_224' title='bbox 1534 3180 1825 3233; x_wconf 81' lang='lat' dir='ltr'><strong>lsraelem:</strong></span> 
     </span>
    </p>
   </div>
   <div class='ocr_carea' id='block_1_32' title="bbox 222 3275 1827 3348">
    <p class='ocr_par' dir='ltr' id='par_1_32' title="bbox 222 3275 1827 3348">
     <span class='ocr_line' id='line_1_32' title="bbox 222 3275 1827 3348; baseline -0.007 -11"><span class='ocrx_word' id='word_1_225' title='bbox 222 3285 452 3338; x_wconf 80' lang='lat' dir='ltr'><strong>Circuite</strong></span> <span class='ocrx_word' id='word_1_226' title='bbox 481 3300 591 3334; x_wconf 84' lang='lat' dir='ltr'><strong>eam</strong></span> <span class='ocrx_word' id='word_1_227' title='bbox 617 3291 804 3348; x_wconf 79' lang='lat' dir='ltr'><strong>septem</strong></span> <span class='ocrx_word' id='word_1_228' title='bbox 835 3280 1028 3337; x_wconf 85' lang='lat' dir='ltr'><strong>diebus.</strong></span> <span class='ocrx_word' id='word_1_229' title='bbox 1057 3288 1102 3331; x_wconf 90' lang='lat' dir='ltr'><strong>et</strong></span> <span class='ocrx_word' id='word_1_230' title='bbox 1146 3277 1356 3343; x_wconf 84' lang='lat' dir='ltr'><strong>septima</strong></span> <span class='ocrx_word' id='word_1_231' title='bbox 1382 3275 1462 3326; x_wconf 84' lang='lat' dir='ltr'><strong>die</strong></span> <span class='ocrx_word' id='word_1_232' title='bbox 1484 3275 1628 3327; x_wconf 81' lang='lat' dir='ltr'><strong>cadet</strong></span> <span class='ocrx_word' id='word_1_233' title='bbox 1654 3289 1827 3325; x_wconf 85' lang='lat' dir='ltr'><strong>murus</strong></span> 
     </span>
    </p>
   </div>
   <div class='ocr_carea' id='block_1_33' title="bbox 224 3364 1823 3442">
    <p class='ocr_par' dir='ltr' id='par_1_33' title="bbox 224 3364 1823 3442">
     <span class='ocr_line' id='line_1_33' title="bbox 224 3364 1823 3442; baseline -0.008 -15"><span class='ocrx_word' id='word_1_234' title='bbox 224 3375 363 3442; x_wconf 82' lang='lat' dir='ltr'><strong>(Jos.</strong></span> <span class='ocrx_word' id='word_1_235' title='bbox 401 3376 451 3426; x_wconf 81' lang='grc'>6.</span> <span class='ocrx_word' id='word_1_236' title='bbox 479 3376 530 3427; x_wconf 79' lang='grc'><strong>5.</strong></span> <span class='ocrx_word' id='word_1_237' title='bbox 554 3373 631 3441; x_wconf 87' lang='grc'><strong>5).</strong></span> <span class='ocrx_word' id='word_1_238' title='bbox 668 3371 922 3425; x_wconf 79' lang='lat' dir='ltr'><strong>Mundam</strong></span> <span class='ocrx_word' id='word_1_239' title='bbox 951 3370 1259 3423; x_wconf 84' lang='lat' dir='ltr'><strong>universum</strong></span> <span class='ocrx_word' id='word_1_240' title='bbox 1283 3382 1375 3419; x_wconf 84' lang='lat' dir='ltr'><strong>sex</strong></span> <span class='ocrx_word' id='word_1_241' title='bbox 1404 3365 1589 3418; x_wconf 88' lang='lat' dir='ltr'><strong>condis</strong></span> <span class='ocrx_word' id='word_1_242' title='bbox 1614 3364 1823 3429; x_wconf 89' lang='lat' dir='ltr'><strong>diebus,</strong></span> 
     </span>
    </p>
   </div>
   <div class='ocr_carea' id='block_1_34' title="bbox 225 3456 1823 3528">
    <p class='ocr_par' dir='ltr' id='par_1_34' title="bbox 225 3456 1823 3528">
     <span class='ocr_line' id='line_1_34' title="bbox 225 3456 1823 3528; baseline -0.008 -9"><span class='ocrx_word' id='word_1_243' title='bbox 225 3478 282 3519; x_wconf 89' lang='lat' dir='ltr'><strong>et</strong></span> <span class='ocrx_word' id='word_1_244' title='bbox 320 3480 483 3518; x_wconf 89' lang='lat' dir='ltr'><strong>unam</strong></span> <span class='ocrx_word' id='word_1_245' title='bbox 529 3464 714 3516; x_wconf 88' lang='lat' dir='ltr'><strong>urbem</strong></span> <span class='ocrx_word' id='word_1_246' title='bbox 778 3472 979 3528; x_wconf 81' lang='lat' dir='ltr'><strong>septem</strong></span> <span class='ocrx_word' id='word_1_247' title='bbox 1028 3460 1216 3513; x_wconf 90' lang='lat' dir='ltr'><strong>diebus</strong></span> <span class='ocrx_word' id='word_1_248' title='bbox 1265 3458 1470 3511; x_wconf 72' lang='lat' dir='ltr'><strong>SOIViS?</strong></span> <span class='ocrx_word' id='word_1_249' title='bbox 1501 3456 1627 3525; x_wconf 84' lang='lat' dir='ltr'><strong>quid</strong></span> <span class='ocrx_word' id='word_1_250' title='bbox 1681 3464 1823 3508; x_wconf 90' lang='lat' dir='ltr'><strong>tuam</strong></span> 
     </span>
    </p>
   </div>
   <div class='ocr_carea' id='block_1_35' title="bbox 224 3546 1827 3623">
    <p class='ocr_par' dir='ltr' id='par_1_35' title="bbox 224 3546 1827 3623">
     <span class='ocr_line' id='line_1_35' title="bbox 224 3546 1827 3623; baseline -0.006 -15"><span class='ocrx_word' id='word_1_251' title='bbox 224 3556 457 3623; x_wconf 78' lang='lat' dir='ltr'><strong>impedit</strong></span> <span class='ocrx_word' id='word_1_252' title='bbox 487 3554 818 3622; x_wconf 80' lang='lat' dir='ltr'><strong>potentiam?</strong></span> <span class='ocrx_word' id='word_1_253' title='bbox 847 3567 943 3605; x_wconf 86' lang='lat' dir='ltr'><strong>cur</strong></span> <span class='ocrx_word' id='word_1_254' title='bbox 973 3566 1090 3603; x_wconf 87' lang='lat' dir='ltr'><strong>eam</strong></span> <span class='ocrx_word' id='word_1_255' title='bbox 1133 3557 1353 3617; x_wconf 88' lang='lat' dir='ltr'><strong>repente</strong></span> <span class='ocrx_word' id='word_1_256' title='bbox 1402 3563 1505 3600; x_wconf 90' lang='lat' dir='ltr'><strong>non</strong></span> <span class='ocrx_word' id='word_1_257' title='bbox 1553 3546 1827 3600; x_wconf 85' lang='lat' dir='ltr'><strong>destruis?</strong></span> 
     </span>
    </p>
   </div>
   <div class='ocr_carea' id='block_1_36' title="bbox 222 3638 1827 3709">
    <p class='ocr_par' dir='ltr' id='par_1_36' title="bbox 222 3638 1827 3709">
     <span class='ocr_line' id='line_1_36' title="bbox 222 3638 1827 3709; baseline -0.006 -11"><span class='ocrx_word' id='word_1_258' title='bbox 222 3662 407 3699; x_wconf 85' lang='lat' dir='ltr'><strong>annon</strong></span> <span class='ocrx_word' id='word_1_259' title='bbox 439 3646 507 3699; x_wconf 91' lang='lat' dir='ltr'><strong>de</strong></span> <span class='ocrx_word' id='word_1_260' title='bbox 548 3654 600 3698; x_wconf 89' lang='lat' dir='ltr'><strong>te</strong></span> <span class='ocrx_word' id='word_1_261' title='bbox 648 3647 844 3697; x_wconf 88' lang='lat' dir='ltr'><strong>clamat</strong></span> <span class='ocrx_word' id='word_1_262' title='bbox 890 3641 1178 3709; x_wconf 89' lang='lat' dir='ltr'><strong>pr0pheta,</strong></span> <span class='ocrx_word' id='word_1_263' title='bbox 1216 3641 1421 3702; x_wconf 85' lang='lat' dir='ltr'><strong>dicens,</strong></span> <span class='ocrx_word' id='word_1_264' title='bbox 1455 3640 1513 3692; x_wconf 87' lang='lat' dir='ltr'><strong>Si</strong></span> <span class='ocrx_word' id='word_1_265' title='bbox 1569 3638 1827 3707; x_wconf 79' lang='lat' dir='ltr'><strong>aperueris</strong></span> 
     </span>
    </p>
   </div>
   <div class='ocr_carea' id='block_1_37' title="bbox 221 3730 1826 3800">
    <p class='ocr_par' dir='ltr' id='par_1_37' title="bbox 221 3730 1826 3800">
     <span class='ocr_line' id='line_1_37' title="bbox 221 3730 1826 3800; baseline -0.004 -13"><span class='ocrx_word' id='word_1_266' title='bbox 221 3737 432 3799; x_wconf 74' lang='lat' dir='ltr'><strong>cwlum,</strong></span> <span class='ocrx_word' id='word_1_267' title='bbox 464 3747 651 3787; x_wconf 86' lang='lat' dir='ltr'><strong>tremor</strong></span> <span class='ocrx_word' id='word_1_268' title='bbox 676 3752 706 3787; x_wconf 90' lang='lat' dir='ltr'><strong>a</strong></span> <span class='ocrx_word' id='word_1_269' title='bbox 733 3745 779 3786; x_wconf 88' lang='lat' dir='ltr'><strong>te</strong></span> <span class='ocrx_word' id='word_1_270' title='bbox 808 3743 998 3786; x_wconf 86' lang='lat' dir='ltr'><strong>montes</strong></span> <span class='ocrx_word' id='word_1_271' title='bbox 1018 3732 1301 3799; x_wconf 80' lang='lat' dir='ltr'><strong>occupabit,</strong></span> <span class='ocrx_word' id='word_1_272' title='bbox 1333 3743 1377 3783; x_wconf 87' lang='lat' dir='ltr'><strong>et</strong></span> <span class='ocrx_word' id='word_1_273' title='bbox 1400 3730 1669 3800; x_wconf 79' lang='lat' dir='ltr'><strong>liquescth</strong></span> <span class='ocrx_word' id='word_1_274' title='bbox 1696 3730 1826 3781; x_wconf 83' lang='lat' dir='ltr'><strong>sicut</strong></span> 
     </span>
    </p>
   </div>
   <div class='ocr_carea' id='block_1_38' title="bbox 223 3820 1827 3895">
    <p class='ocr_par' dir='ltr' id='par_1_38' title="bbox 223 3820 1827 3895">
     <span class='ocr_line' id='line_1_38' title="bbox 223 3820 1827 3895; baseline -0.007 -16"><span class='ocrx_word' id='word_1_275' title='bbox 223 3845 345 3881; x_wconf 87' lang='lat' dir='ltr'><strong>cera</strong></span> <span class='ocrx_word' id='word_1_276' title='bbox 388 3843 420 3878; x_wconf 86' lang='grc' dir='ltr'>α</span> <span class='ocrx_word' id='word_1_277' title='bbox 458 3827 591 3895; x_wconf 77' lang='lat' dir='ltr'><strong>[acie</strong></span> <span class='ocrx_word' id='word_1_278' title='bbox 632 3827 763 3895; x_wconf 84' lang='lat' dir='ltr'><strong>ignis</strong></span> <span class='ocrx_word' id='word_1_279' title='bbox 790 3824 939 3894; x_wconf 86' lang='lat' dir='ltr'><strong>(lsui.</strong></span> <span class='ocrx_word' id='word_1_280' title='bbox 966 3825 1053 3877; x_wconf 64' lang='grc'><strong>64.</strong></span> <span class='ocrx_word' id='word_1_281' title='bbox 1090 3825 1141 3877; x_wconf 49' lang='grc'><strong>’1.</strong></span> <span class='ocrx_word' id='word_1_282' title='bbox 1174 3823 1275 3893; x_wconf 73' lang='lat' dir='ltr'><strong>c.2)?</strong></span> <span class='ocrx_word' id='word_1_283' title='bbox 1306 3838 1481 3874; x_wconf 85' lang='lat' dir='ltr'><strong>annon</strong></span> <span class='ocrx_word' id='word_1_284' title='bbox 1530 3820 1691 3873; x_wconf 85' lang='lat' dir='ltr'><strong>David</strong></span> <span class='ocrx_word' id='word_1_285' title='bbox 1733 3836 1827 3888; x_wconf 86' lang='lat' dir='ltr'><strong>po-</strong></span> 
     </span>
    </p>
   </div>
   <div class='ocr_carea' id='block_1_39' title="bbox 226 3912 1825 3985">
    <p class='ocr_par' dir='ltr' id='par_1_39' title="bbox 226 3912 1825 3985">
     <span class='ocr_line' id='line_1_39' title="bbox 226 3912 1825 3985; baseline -0.006 -12"><span class='ocrx_word' id='word_1_286' title='bbox 226 3921 413 3975; x_wconf 71' lang='lat' dir='ltr'><strong>tentia:</strong></span> <span class='ocrx_word' id='word_1_287' title='bbox 466 3929 567 3972; x_wconf 69' lang='lat' dir='ltr'><strong>tua:</strong></span> <span class='ocrx_word' id='word_1_288' title='bbox 617 3934 779 3985; x_wconf 86' lang='lat' dir='ltr'><strong>opera</strong></span> <span class='ocrx_word' id='word_1_289' title='bbox 831 3933 1054 3969; x_wconf 84' lang='lat' dir='ltr'><strong>narrans</strong></span> <span class='ocrx_word' id='word_1_290' title='bbox 1105 3916 1197 3978; x_wconf 88' lang='lat' dir='ltr'><strong>ait,</strong></span> <span class='ocrx_word' id='word_1_291' title='bbox 1228 3912 1349 3966; x_wconf 81' lang='lat' dir='ltr'><strong>Non</strong></span> <span class='ocrx_word' id='word_1_292' title='bbox 1382 3912 1663 3965; x_wconf 77' lang='lat' dir='ltr'><strong>timebimus</strong></span> <span class='ocrx_word' id='word_1_293' title='bbox 1705 3912 1825 3963; x_wconf 85' lang='lat' dir='ltr'><strong>dum</strong></span> 
     </span>
    </p>
   </div>
   <div class='ocr_carea' id='block_1_40' title="bbox 226 4004 1825 4078">
    <p class='ocr_par' dir='ltr' id='par_1_40' title="bbox 226 4004 1825 4078">
     <span class='ocr_line' id='line_1_40' title="bbox 226 4004 1825 4078; baseline -0.006 -14"><span class='ocrx_word' id='word_1_294' title='bbox 226 4011 516 4065; x_wconf 84' lang='lat' dir='ltr'><strong>turbabitur</strong></span> <span class='ocrx_word' id='word_1_295' title='bbox 544 4020 696 4073; x_wconf 87' lang='lat' dir='ltr'><strong>terra,</strong></span> <span class='ocrx_word' id='word_1_296' title='bbox 731 4019 777 4060; x_wconf 88' lang='lat' dir='ltr'><strong>et</strong></span> <span class='ocrx_word' id='word_1_297' title='bbox 821 4010 1187 4078; x_wconf 81' lang='lat' dir='ltr'><strong>transferentur</strong></span> <span class='ocrx_word' id='word_1_298' title='bbox 1227 4015 1419 4057; x_wconf 81' lang='lat' dir='ltr'><strong>montes</strong></span> <span class='ocrx_word' id='word_1_299' title='bbox 1446 4006 1499 4056; x_wconf 83' lang='lat' dir='ltr'><strong>in</strong></span> <span class='ocrx_word' id='word_1_300' title='bbox 1543 4020 1630 4056; x_wconf 87' lang='lat' dir='ltr'><strong>cor</strong></span> <span class='ocrx_word' id='word_1_301' title='bbox 1670 4004 1825 4055; x_wconf 85' lang='lat' dir='ltr'><strong>maris</strong></span> 
     </span>
    </p>
   </div>
   <div class='ocr_carea' id='block_1_41' title="bbox 224 4098 1824 4173">
    <p class='ocr_par' dir='ltr' id='par_1_41' title="bbox 224 4098 1824 4173">
     <span class='ocr_line' id='line_1_41' title="bbox 224 4098 1824 4173; baseline -0.003 -18"><span class='ocrx_word' id='word_1_302' title='bbox 224 4103 402 4173; x_wconf 73' lang='lat' dir='ltr'><strong>(Psal.</strong></span> <span class='ocrx_word' id='word_1_303' title='bbox 430 4103 520 4157; x_wconf 67' lang='grc'><strong>45.</strong></span> <span class='ocrx_word' id='word_1_304' title='bbox 546 4104 579 4155; x_wconf 73' lang='lat'><strong>3</strong></span> <span class='ocrx_word' id='word_1_305' title='bbox 606 4103 656 4171; x_wconf 86' lang='lat'><strong>)?</strong></span> <span class='ocrx_word' id='word_1_306' title='bbox 685 4102 891 4154; x_wconf 79' lang='lat' dir='ltr'><strong>Montes</strong></span> <span class='ocrx_word' id='word_1_307' title='bbox 922 4100 1214 4154; x_wconf 79' lang='lat' dir='ltr'><strong>transferre</strong></span> <span class='ocrx_word' id='word_1_308' title='bbox 1237 4110 1291 4154; x_wconf 92' lang='lat' dir='ltr'><strong>et</strong></span> <span class='ocrx_word' id='word_1_309' title='bbox 1334 4100 1385 4151; x_wconf 91' lang='lat' dir='ltr'><strong>in</strong></span> <span class='ocrx_word' id='word_1_310' title='bbox 1428 4114 1574 4151; x_wconf 90' lang='lat' dir='ltr'><strong>mare</strong></span> <span class='ocrx_word' id='word_1_311' title='bbox 1605 4098 1824 4165; x_wconf 86' lang='lat' dir='ltr'><strong>injicere</strong></span> 
     </span>
    </p>
   </div>
   <div class='ocr_carea' id='block_1_42' title="bbox 226 4189 1821 4263">
    <p class='ocr_par' dir='ltr' id='par_1_42' title="bbox 226 4189 1821 4263">
     <span class='ocr_line' id='line_1_42' title="bbox 226 4189 1821 4263; baseline -0.004 -15"><span class='ocrx_word' id='word_1_312' title='bbox 226 4206 403 4263; x_wconf 84' lang='lat' dir='ltr'><strong>potes,</strong></span> <span class='ocrx_word' id='word_1_313' title='bbox 438 4204 598 4262; x_wconf 87' lang='lat' dir='ltr'><strong>atque</strong></span> <span class='ocrx_word' id='word_1_314' title='bbox 636 4194 823 4245; x_wconf 87' lang='lat' dir='ltr'><strong>urbem</strong></span> <span class='ocrx_word' id='word_1_315' title='bbox 861 4208 1021 4245; x_wconf 88' lang='lat' dir='ltr'><strong>unam</strong></span> <span class='ocrx_word' id='word_1_316' title='bbox 1065 4200 1446 4259; x_wconf 82' lang='lat' dir='ltr'><strong>repugnantem</strong></span> <span class='ocrx_word' id='word_1_317' title='bbox 1486 4206 1590 4242; x_wconf 85' lang='lat' dir='ltr'><strong>non</strong></span> <span class='ocrx_word' id='word_1_318' title='bbox 1620 4190 1699 4241; x_wconf 85' lang='lat' dir='ltr'><strong>vis</strong></span> <span class='ocrx_word' id='word_1_319' title='bbox 1726 4189 1821 4243; x_wconf 91' lang='lat' dir='ltr'><strong>de-</strong></span> 
     </span>
    </p>
   </div>
   <div class='ocr_carea' id='block_1_43' title="bbox 224 4280 1824 4353">
    <p class='ocr_par' dir='ltr' id='par_1_43' title="bbox 224 4280 1824 4353">
     <span class='ocr_line' id='line_1_43' title="bbox 224 4280 1824 4353; baseline -0.005 -12"><span class='ocrx_word' id='word_1_320' title='bbox 224 4296 471 4350; x_wconf 79' lang='lat' dir='ltr'><strong>struere,</strong></span> <span class='ocrx_word' id='word_1_321' title='bbox 506 4286 600 4339; x_wconf 88' lang='lat' dir='ltr'><strong>sed</strong></span> <span class='ocrx_word' id='word_1_322' title='bbox 658 4296 864 4353; x_wconf 90' lang='lat' dir='ltr'><strong>septem</strong></span> <span class='ocrx_word' id='word_1_323' title='bbox 912 4285 1027 4337; x_wconf 89' lang='lat' dir='ltr'><strong>dies</strong></span> <span class='ocrx_word' id='word_1_324' title='bbox 1076 4283 1283 4337; x_wconf 80' lang='lat' dir='ltr'><strong>excidio</strong></span> <span class='ocrx_word' id='word_1_325' title='bbox 1333 4281 1559 4334; x_wconf 84' lang='lat' dir='ltr'><strong>tribuis?</strong></span> <span class='ocrx_word' id='word_1_326' title='bbox 1612 4280 1824 4349; x_wconf 88' lang='lat' dir='ltr'><strong>quare?</strong></span> 
     </span>
    </p>
   </div>
   <div class='ocr_carea' id='block_1_44' title="bbox 224 4372 1824 4445">
    <p class='ocr_par' dir='ltr' id='par_1_44' title="bbox 224 4372 1824 4445">
     <span class='ocr_line' id='line_1_44' title="bbox 224 4372 1824 4445; baseline -0.005 -12"><span class='ocrx_word' id='word_1_327' title='bbox 224 4378 345 4433; x_wconf 81' lang='lat' dir='ltr'><strong>Non</strong></span> <span class='ocrx_word' id='word_1_328' title='bbox 380 4377 635 4445; x_wconf 87' lang='lat' dir='ltr'><strong>potentia,</strong></span> <span class='ocrx_word' id='word_1_329' title='bbox 665 4376 865 4443; x_wconf 86' lang='lat' dir='ltr'><strong>inquit,</strong></span> <span class='ocrx_word' id='word_1_330' title='bbox 911 4374 1111 4439; x_wconf 86' lang='lat' dir='ltr'><strong>delicit,</strong></span> <span class='ocrx_word' id='word_1_331' title='bbox 1160 4374 1253 4426; x_wconf 88' lang='lat' dir='ltr'><strong>sed</strong></span> <span class='ocrx_word' id='word_1_332' title='bbox 1302 4373 1583 4425; x_wconf 86' lang='lat' dir='ltr'><strong>clementia</strong></span> <span class='ocrx_word' id='word_1_333' title='bbox 1625 4372 1824 4425; x_wconf 89' lang='lat' dir='ltr'><strong>diutius</strong></span> 
     </span>
    </p>
   </div>
   <div class='ocr_carea' id='block_1_45' title="bbox 226 4465 1824 4537">
    <p class='ocr_par' dir='ltr' id='par_1_45' title="bbox 226 4465 1824 4537">
     <span class='ocr_line' id='line_1_45' title="bbox 226 4465 1824 4537; baseline -0.003 -14"><span class='ocrx_word' id='word_1_334' title='bbox 226 4470 427 4523; x_wconf 89' lang='lat' dir='ltr'><strong>tolerat</strong></span> <span class='ocrx_word' id='word_1_335' title='bbox 455 4487 467 4521; x_wconf 85' lang='lat'><strong>:</strong></span> <span class='ocrx_word' id='word_1_336' title='bbox 499 4469 569 4522; x_wconf 92' lang='lat' dir='ltr'><strong>do</strong></span> <span class='ocrx_word' id='word_1_337' title='bbox 597 4477 802 4537; x_wconf 84' lang='lat' dir='ltr'><strong>septem</strong></span> <span class='ocrx_word' id='word_1_338' title='bbox 830 4468 947 4521; x_wconf 90' lang='lat' dir='ltr'><strong>dies</strong></span> <span class='ocrx_word' id='word_1_339' title='bbox 971 4507 984 4531; x_wconf 95' lang='lat'><strong>,</strong></span> <span class='ocrx_word' id='word_1_340' title='bbox 1019 4474 1077 4519; x_wconf 87' lang='lat' dir='ltr'><strong>ttt</strong></span> <span class='ocrx_word' id='word_1_341' title='bbox 1127 4465 1357 4519; x_wconf 86' lang='lat' dir='ltr'><strong>triduum</strong></span> <span class='ocrx_word' id='word_1_342' title='bbox 1404 4466 1606 4518; x_wconf 71' lang='lat' dir='ltr'><strong>Ninivae</strong></span> <span class='ocrx_word' id='word_1_343' title='bbox 1639 4481 1655 4519; x_wconf 88' lang='lat'><strong>:</strong></span> <span class='ocrx_word' id='word_1_344' title='bbox 1687 4466 1824 4518; x_wconf 83' lang='lat' dir='ltr'><strong>forte</strong></span> 
     </span>
    </p>
   </div>
   <div class='ocr_carea' id='block_1_46' title="bbox 222 4558 1824 4629">
    <p class='ocr_par' dir='ltr' id='par_1_46' title="bbox 222 4558 1824 4629">
     <span class='ocr_line' id='line_1_46' title="bbox 222 4558 1824 4629; baseline -0.004 -15"><span class='ocrx_word' id='word_1_345' title='bbox 222 4560 451 4629; x_wconf 87' lang='lat' dir='ltr'><strong>recipiet</strong></span> <span class='ocrx_word' id='word_1_346' title='bbox 480 4560 807 4629; x_wconf 65' lang='lat' dir='ltr'><strong>poenitentiae</strong></span> <span class='ocrx_word' id='word_1_347' title='bbox 836 4558 1291 4627; x_wconf 60' lang='lat' dir='ltr'><strong>praedicationem,</strong></span> <span class='ocrx_word' id='word_1_348' title='bbox 1326 4567 1377 4609; x_wconf 90' lang='lat' dir='ltr'><strong>et</strong></span> <span class='ocrx_word' id='word_1_349' title='bbox 1417 4558 1638 4611; x_wconf 89' lang='lat' dir='ltr'><strong>salutem</strong></span> <span class='ocrx_word' id='word_1_350' title='bbox 1695 4572 1824 4611; x_wconf 86' lang='lat' dir='ltr'><strong>con-</strong></span> 
     </span>
    </p>
   </div>
   <div class='ocr_carea' id='block_1_47' title="bbox 222 4648 1823 4719">
    <p class='ocr_par' dir='ltr' id='par_1_47' title="bbox 222 4648 1823 4719">
     <span class='ocr_line' id='line_1_47' title="bbox 222 4648 1823 4719; baseline -0.003 -13"><span class='ocrx_word' id='word_1_351' title='bbox 222 4660 505 4719; x_wconf 82' lang='lat' dir='ltr'><strong>sequetur.</strong></span> <span class='ocrx_word' id='word_1_352' title='bbox 538 4649 604 4703; x_wconf 90' lang='lat' dir='ltr'><strong>Et</strong></span> <span class='ocrx_word' id='word_1_353' title='bbox 632 4651 751 4719; x_wconf 90' lang='lat' dir='ltr'><strong>quis</strong></span> <span class='ocrx_word' id='word_1_354' title='bbox 778 4650 857 4703; x_wconf 89' lang='lat' dir='ltr'><strong>eis</strong></span> <span class='ocrx_word' id='word_1_355' title='bbox 885 4649 1214 4717; x_wconf 64' lang='lat' dir='ltr'><strong>pmnitentiie</strong></span> <span class='ocrx_word' id='word_1_356' title='bbox 1246 4649 1602 4718; x_wconf 72' lang='lat' dir='ltr'><strong>przedieator?</strong></span> <span class='ocrx_word' id='word_1_357' title='bbox 1631 4648 1823 4703; x_wconf 87' lang='lat' dir='ltr'><strong>Ilostes</strong></span> 
     </span>
    </p>
   </div>
   <div class='ocr_carea' id='block_1_48' title="bbox 225 4740 1816 4811">
    <p class='ocr_par' dir='ltr' id='par_1_48' title="bbox 225 4740 1816 4811">
     <span class='ocr_line' id='line_1_48' title="bbox 225 4740 1816 4811; baseline -0.003 -13"><span class='ocrx_word' id='word_1_358' title='bbox 225 4746 418 4798; x_wconf 83' lang='lat' dir='ltr'><strong>urbem</strong></span> <span class='ocrx_word' id='word_1_359' title='bbox 475 4744 983 4811; x_wconf 89' lang='lat' dir='ltr'><strong>circumsepserant,</strong></span> <span class='ocrx_word' id='word_1_360' title='bbox 1013 4742 1120 4795; x_wconf 92' lang='lat' dir='ltr'><strong>dux</strong></span> <span class='ocrx_word' id='word_1_361' title='bbox 1172 4740 1540 4796; x_wconf 86' lang='lat' dir='ltr'><strong>circumdabat</strong></span> <span class='ocrx_word' id='word_1_362' title='bbox 1593 4756 1816 4794; x_wconf 85' lang='lat' dir='ltr'><strong>muros:</strong></span> 
     </span>
    </p>
   </div>
   <div class='ocr_carea' id='block_1_49' title="bbox 224 4833 1821 4904">
    <p class='ocr_par' dir='ltr' id='par_1_49' title="bbox 224 4833 1821 4904">
     <span class='ocr_line' id='line_1_49' title="bbox 224 4833 1821 4904; baseline -0.003 -15"><span class='ocrx_word' id='word_1_363' title='bbox 224 4850 455 4904; x_wconf 77' lang='lat' dir='ltr'><strong>magnus</strong></span> <span class='ocrx_word' id='word_1_364' title='bbox 510 4847 702 4897; x_wconf 88' lang='lat' dir='ltr'><strong>terror,</strong></span> <span class='ocrx_word' id='word_1_365' title='bbox 734 4836 923 4903; x_wconf 87' lang='lat' dir='ltr'><strong>ingens</strong></span> <span class='ocrx_word' id='word_1_366' title='bbox 966 4833 1223 4886; x_wconf 89' lang='lat' dir='ltr'><strong>tumultus</strong></span> <span class='ocrx_word' id='word_1_367' title='bbox 1257 4848 1452 4902; x_wconf 87' lang='lat' dir='ltr'><strong>:quam</strong></span> <span class='ocrx_word' id='word_1_368' title='bbox 1513 4847 1640 4901; x_wconf 83' lang='lat' dir='ltr'><strong>ergo</strong></span> <span class='ocrx_word' id='word_1_369' title='bbox 1692 4833 1821 4899; x_wconf 90' lang='lat' dir='ltr'><strong>ipsis</strong></span> 
     </span>
    </p>
   </div>
   <div class='ocr_carea' id='block_1_50' title="bbox 223 4924 1810 4998">
    <p class='ocr_par' dir='ltr' id='par_1_50' title="bbox 223 4924 1810 4998">
     <span class='ocr_line' id='line_1_50' title="bbox 223 4924 1810 4998; baseline -0.004 -17"><span class='ocrx_word' id='word_1_370' title='bbox 223 4928 559 4998; x_wconf 71' lang='lat' dir='ltr'><strong>paenitentia:</strong></span> <span class='ocrx_word' id='word_1_371' title='bbox 587 4928 729 4980; x_wconf 89' lang='lat' dir='ltr'><strong>viam</strong></span> <span class='ocrx_word' id='word_1_372' title='bbox 761 4925 1062 4995; x_wconf 87' lang='lat' dir='ltr'><strong>aperuisti?</strong></span> <span class='ocrx_word' id='word_1_373' title='bbox 1086 4941 1210 4977; x_wconf 93' lang='lat' dir='ltr'><strong>num</strong></span> <span class='ocrx_word' id='word_1_374' title='bbox 1242 4924 1555 4993; x_wconf 80' lang='lat' dir='ltr'><strong>prophetam</strong></span> <span class='ocrx_word' id='word_1_375' title='bbox 1580 4924 1810 4977; x_wconf 86' lang='lat' dir='ltr'><strong>misisti?</strong></span> 
     </span>
    </p>
   </div>
   <div class='ocr_carea' id='block_1_51' title="bbox 218 5016 1817 5086">
    <p class='ocr_par' dir='ltr' id='par_1_51' title="bbox 218 5016 1817 5086">
     <span class='ocr_line' id='line_1_51' title="bbox 218 5016 1817 5086; baseline -0.004 -13"><span class='ocrx_word' id='word_1_376' title='bbox 218 5034 355 5074; x_wconf 86' lang='lat' dir='ltr'><strong>num</strong></span> <span class='ocrx_word' id='word_1_377' title='bbox 380 5017 805 5086; x_wconf 80' lang='lat' dir='ltr'><strong>evangelistam?</strong></span> <span class='ocrx_word' id='word_1_378' title='bbox 832 5034 957 5070; x_wconf 92' lang='lat' dir='ltr'><strong>num</strong></span> <span class='ocrx_word' id='word_1_379' title='bbox 990 5016 1108 5085; x_wconf 89' lang='lat' dir='ltr'><strong>quis</strong></span> <span class='ocrx_word' id='word_1_380' title='bbox 1134 5022 1249 5069; x_wconf 89' lang='lat' dir='ltr'><strong>erat</strong></span> <span class='ocrx_word' id='word_1_381' title='bbox 1280 5016 1416 5067; x_wconf 89' lang='lat' dir='ltr'><strong>inter</strong></span> <span class='ocrx_word' id='word_1_382' title='bbox 1444 5030 1536 5068; x_wconf 88' lang='lat' dir='ltr'><strong>eos</strong></span> <span class='ocrx_word' id='word_1_383' title='bbox 1557 5056 1571 5077; x_wconf 94' lang='lat'><strong>,</strong></span> <span class='ocrx_word' id='word_1_384' title='bbox 1600 5016 1689 5083; x_wconf 91' lang='lat' dir='ltr'><strong>qui</strong></span> <span class='ocrx_word' id='word_1_385' title='bbox 1715 5030 1774 5066; x_wconf 90' lang='lat' dir='ltr'><strong>ea</strong></span> <span class='ocrx_word' id='word_1_386' title='bbox 1802 5056 1817 5079; x_wconf 92' lang='lat'><strong>,</strong></span> 
     </span>
    </p>
   </div>
   <div class='ocr_carea' id='block_1_52' title="bbox 219 5104 1817 5179">
    <p class='ocr_par' dir='ltr' id='par_1_52' title="bbox 219 5104 1817 5179">
     <span class='ocr_line' id='line_1_52' title="bbox 219 5104 1817 5179; baseline -0.003 -18"><span class='ocrx_word' id='word_1_387' title='bbox 219 5124 345 5179; x_wconf 72' lang='lat' dir='ltr'><strong>qua:</strong></span> <span class='ocrx_word' id='word_1_388' title='bbox 398 5104 603 5163; x_wconf 73' lang='lat' dir='ltr'><strong>facere</strong></span> <span class='ocrx_word' id='word_1_389' title='bbox 632 5109 963 5170; x_wconf 84' lang='lat' dir='ltr'><strong>conveniret.</strong></span> <span class='ocrx_word' id='word_1_390' title='bbox 1011 5108 1355 5177; x_wconf 87' lang='lat' dir='ltr'><strong>suggereret?</strong></span> <span class='ocrx_word' id='word_1_391' title='bbox 1401 5107 1594 5170; x_wconf 87' lang='lat' dir='ltr'><strong>Etiam,</strong></span> <span class='ocrx_word' id='word_1_392' title='bbox 1628 5106 1817 5173; x_wconf 88' lang='lat' dir='ltr'><strong>inquit,</strong></span> 
     </span>
    </p>
   </div>
   <div class='ocr_carea' id='block_1_53' title="bbox 221 5198 1819 5270">
    <p class='ocr_par' dir='ltr' id='par_1_53' title="bbox 221 5198 1819 5270">
     <span class='ocr_line' id='line_1_53' title="bbox 221 5198 1819 5270; baseline -0.004 -15"><span class='ocrx_word' id='word_1_393' title='bbox 221 5201 494 5256; x_wconf 85' lang='lat' dir='ltr'><strong>habebant</strong></span> <span class='ocrx_word' id='word_1_394' title='bbox 522 5202 666 5255; x_wconf 89' lang='lat' dir='ltr'><strong>intus</strong></span> <span class='ocrx_word' id='word_1_395' title='bbox 711 5202 1038 5270; x_wconf 87' lang='lat' dir='ltr'><strong>poenitentiae</strong></span> <span class='ocrx_word' id='word_1_396' title='bbox 1083 5199 1373 5261; x_wconf 90' lang='lat' dir='ltr'><strong>doctorem,</strong></span> <span class='ocrx_word' id='word_1_397' title='bbox 1407 5198 1705 5251; x_wconf 88' lang='lat' dir='ltr'><strong>mirabilem</strong></span> <span class='ocrx_word' id='word_1_398' title='bbox 1752 5198 1819 5251; x_wconf 87' lang='lat' dir='ltr'><strong>il-</strong></span> 
     </span>
    </p>
   </div>
   <div class='ocr_carea' id='block_1_54' title="bbox 216 5289 1819 5362">
    <p class='ocr_par' dir='ltr' id='par_1_54' title="bbox 216 5289 1819 5362">
     <span class='ocr_line' id='line_1_54' title="bbox 216 5289 1819 5362; baseline -0.005 -12"><span class='ocrx_word' id='word_1_399' title='bbox 216 5296 328 5350; x_wconf 80' lang='lat' dir='ltr'><strong>lam</strong></span> <span class='ocrx_word' id='word_1_400' title='bbox 357 5293 567 5359; x_wconf 82' lang='lat' dir='ltr'><strong>Rahab,</strong></span> <span class='ocrx_word' id='word_1_401' title='bbox 591 5309 749 5362; x_wconf 90' lang='lat' dir='ltr'><strong>quam</strong></span> <span class='ocrx_word' id='word_1_402' title='bbox 772 5308 868 5362; x_wconf 90' lang='lat' dir='ltr'><strong>per</strong></span> <span class='ocrx_word' id='word_1_403' title='bbox 889 5292 1256 5360; x_wconf 79' lang='lat' dir='ltr'><strong>pcenitentiam</strong></span> <span class='ocrx_word' id='word_1_404' title='bbox 1281 5291 1482 5344; x_wconf 83' lang='lat' dir='ltr'><strong>salvam</strong></span> <span class='ocrx_word' id='word_1_405' title='bbox 1515 5290 1631 5343; x_wconf 82' lang='lat' dir='ltr'><strong>feci.</strong></span> <span class='ocrx_word' id='word_1_406' title='bbox 1664 5289 1819 5357; x_wconf 85' lang='lat' dir='ltr'><strong>Ejus-</strong></span> 
     </span>
    </p>
   </div>
   <div class='ocr_carea' id='block_1_55' title="bbox 217 5387 1814 5458">
    <p class='ocr_par' dir='ltr' id='par_1_55' title="bbox 217 5387 1814 5458">
     <span class='ocr_line' id='line_1_55' title="bbox 217 5387 1814 5458; baseline -0.004 -15"><span class='ocrx_word' id='word_1_407' title='bbox 217 5392 346 5445; x_wconf 83' lang='lat' dir='ltr'><strong>dem</strong></span> <span class='ocrx_word' id='word_1_408' title='bbox 372 5397 493 5445; x_wconf 86' lang='lat' dir='ltr'><strong>erat</strong></span> <span class='ocrx_word' id='word_1_409' title='bbox 518 5405 733 5454; x_wconf 76' lang='lat' dir='ltr'><strong>massm,</strong></span> <span class='ocrx_word' id='word_1_410' title='bbox 765 5390 859 5444; x_wconf 90' lang='lat' dir='ltr'><strong>sed</strong></span> <span class='ocrx_word' id='word_1_411' title='bbox 889 5389 1011 5458; x_wconf 87' lang='lat' dir='ltr'><strong>quia</strong></span> <span class='ocrx_word' id='word_1_412' title='bbox 1035 5387 1275 5457; x_wconf 89' lang='lat' dir='ltr'><strong>ejusdem</strong></span> <span class='ocrx_word' id='word_1_413' title='bbox 1305 5402 1408 5439; x_wconf 91' lang='lat' dir='ltr'><strong>non</strong></span> <span class='ocrx_word' id='word_1_414' title='bbox 1442 5394 1557 5440; x_wconf 90' lang='lat' dir='ltr'><strong>erat</strong></span> <span class='ocrx_word' id='word_1_415' title='bbox 1596 5393 1814 5439; x_wconf 88' lang='lat' dir='ltr'><strong>senten-</strong></span> 
     </span>
    </p>
   </div>
   <div class='ocr_carea' id='block_1_56' title="bbox 222 5479 1816 5552">
    <p class='ocr_par' dir='ltr' id='par_1_56' title="bbox 222 5479 1816 5552">
     <span class='ocr_line' id='line_1_56' title="bbox 222 5479 1816 5552; baseline -0.006 -10"><span class='ocrx_word' id='word_1_416' title='bbox 222 5485 334 5548; x_wconf 56' lang='lat' dir='ltr'><strong>tiis,</strong></span> <span class='ocrx_word' id='word_1_417' title='bbox 364 5501 471 5539; x_wconf 89' lang='lat' dir='ltr'><strong>non</strong></span> <span class='ocrx_word' id='word_1_418' title='bbox 508 5483 926 5539; x_wconf 87' lang='lat' dir='ltr'><strong>communicavit</strong></span> <span class='ocrx_word' id='word_1_419' title='bbox 956 5492 1194 5552; x_wconf 87' lang='lat' dir='ltr'><strong>peccato,</strong></span> <span class='ocrx_word' id='word_1_420' title='bbox 1225 5495 1345 5551; x_wconf 67' lang='lat' dir='ltr'><strong>quae</strong></span> <span class='ocrx_word' id='word_1_421' title='bbox 1380 5494 1486 5533; x_wconf 91' lang='lat' dir='ltr'><strong>non</strong></span> <span class='ocrx_word' id='word_1_422' title='bbox 1518 5479 1816 5533; x_wconf 86' lang='lat' dir='ltr'><strong>communi-</strong></span> 
     </span>
    </p>
   </div>
   <div class='ocr_carea' id='block_1_57' title="bbox 220 5576 782 5634">
    <p class='ocr_par' dir='ltr' id='par_1_57' title="bbox 220 5576 782 5634">
     <span class='ocr_line' id='line_1_57' title="bbox 220 5576 782 5634; baseline -0.011 0"><span class='ocrx_word' id='word_1_423' title='bbox 220 5579 371 5634; x_wconf 84' lang='lat' dir='ltr'><strong>cavit</strong></span> <span class='ocrx_word' id='word_1_424' title='bbox 399 5576 782 5632; x_wconf 83' lang='lat' dir='ltr'><strong>incredulitati.</strong></span> 
     </span>
    </p>
   </div>
   <div class='ocr_carea' id='block_1_58' title="bbox 291 5666 1811 5734">
    <p class='ocr_par' dir='ltr' id='par_1_58' title="bbox 291 5666 1811 5734">
     <span class='ocr_line' id='line_1_58' title="bbox 291 5666 1811 5734; baseline -0.003 -10"><span class='ocrx_word' id='word_1_425' title='bbox 291 5672 345 5725; x_wconf 91' lang='lat'><strong>5.</strong></span> <span class='ocrx_word' id='word_1_426' title='bbox 390 5670 457 5723; x_wconf 87' lang='lat' dir='ltr'><strong>Et</strong></span> <span class='ocrx_word' id='word_1_427' title='bbox 486 5668 606 5722; x_wconf 85' lang='lat' dir='ltr'><strong>vide</strong></span> <span class='ocrx_word' id='word_1_428' title='bbox 632 5668 763 5721; x_wconf 87' lang='lat' dir='ltr'><strong>mihi</strong></span> <span class='ocrx_word' id='word_1_429' title='bbox 795 5682 987 5722; x_wconf 87' lang='lat' dir='ltr'><strong>novam</strong></span> <span class='ocrx_word' id='word_1_430' title='bbox 1011 5666 1311 5721; x_wconf 84' lang='lat' dir='ltr'><strong>clementiae</strong></span> <span class='ocrx_word' id='word_1_431' title='bbox 1344 5666 1811 5734; x_wconf 78' lang='lat' dir='ltr'><strong>praedicationem:</strong></span> 
     </span>
    </p>
   </div>
   <div class='ocr_carea' id='block_1_59' title="bbox 211 5758 1811 5830">
    <p class='ocr_par' dir='ltr' id='par_1_59' title="bbox 211 5758 1811 5830">
     <span class='ocr_line' id='line_1_59' title="bbox 211 5758 1811 5830; baseline -0.002 -16"><span class='ocrx_word' id='word_1_432' title='bbox 211 5764 305 5823; x_wconf 78' lang='lat' dir='ltr'><strong>qui</strong></span> <span class='ocrx_word' id='word_1_433' title='bbox 361 5762 412 5813; x_wconf 90' lang='lat' dir='ltr'><strong>in</strong></span> <span class='ocrx_word' id='word_1_434' title='bbox 465 5761 584 5830; x_wconf 82' lang='lat' dir='ltr'><strong>lege</strong></span> <span class='ocrx_word' id='word_1_435' title='bbox 637 5760 794 5821; x_wconf 86' lang='lat' dir='ltr'><strong>dicit.</strong></span> <span class='ocrx_word' id='word_1_436' title='bbox 831 5759 953 5813; x_wconf 84' lang='lat' dir='ltr'><strong>Non</strong></span> <span class='ocrx_word' id='word_1_437' title='bbox 982 5760 1306 5813; x_wconf 78' lang='lat' dir='ltr'><strong>nueclmberis</strong></span> <span class='ocrx_word' id='word_1_438' title='bbox 1335 5758 1525 5827; x_wconf 77' lang='lat' dir='ltr'><strong>(Exod.</strong></span> <span class='ocrx_word' id='word_1_439' title='bbox 1556 5758 1647 5813; x_wconf 71' lang='lat'><strong>20.</strong></span> <span class='ocrx_word' id='word_1_440' title='bbox 1682 5758 1772 5829; x_wconf 71' lang='grc'><strong>14)</strong></span> <span class='ocrx_word' id='word_1_441' title='bbox 1796 5800 1811 5823; x_wconf 84' lang='grc'><em>,</em></span> 
     </span>
    </p>
   </div>
   <div class='ocr_carea' id='block_1_60' title="bbox 210 5851 1808 5923">
    <p class='ocr_par' dir='ltr' id='par_1_60' title="bbox 210 5851 1808 5923">
     <span class='ocr_line' id='line_1_60' title="bbox 210 5851 1808 5923; baseline -0.003 -16"><span class='ocrx_word' id='word_1_442' title='bbox 210 5868 321 5907; x_wconf 88' lang='lat' dir='ltr'><strong>non</strong></span> <span class='ocrx_word' id='word_1_443' title='bbox 381 5853 757 5922; x_wconf 83' lang='lat' dir='ltr'><strong>fornicaheris,</strong></span> <span class='ocrx_word' id='word_1_444' title='bbox 793 5854 893 5910; x_wconf 92' lang='lat' dir='ltr'><strong>hoc</strong></span> <span class='ocrx_word' id='word_1_445' title='bbox 933 5852 1153 5909; x_wconf 79' lang='lat' dir='ltr'><strong>verbum</strong></span> <span class='ocrx_word' id='word_1_446' title='bbox 1205 5860 1423 5923; x_wconf 87' lang='lat' dir='ltr'><strong>propter</strong></span> <span class='ocrx_word' id='word_1_447' title='bbox 1471 5851 1808 5908; x_wconf 87' lang='lat' dir='ltr'><strong>clementiam</strong></span> 
     </span>
    </p>
   </div>
   <div class='ocr_carea' id='block_1_61' title="bbox 1275 362 2397 461">
    <p class='ocr_par' dir='ltr' id='par_1_61' title="bbox 1275 362 2397 461">
     <span class='ocr_line' id='line_1_61' title="bbox 1275 362 2397 461; baseline -0.007 1"><span class='ocrx_word' id='word_1_448' title='bbox 1275 362 1284 369; x_wconf 55' lang='grc'><strong>”</strong></span> <span class='ocrx_word' id='word_1_449' title='bbox 1374 406 1464 461; x_wconf 73' lang='lat' dir='ltr'><strong>ne</strong></span> <span class='ocrx_word' id='word_1_450' title='bbox 1504 400 1969 459; x_wconf 66' lang='lat' dir='ltr'><strong>possumus.</strong></span> <span class='ocrx_word' id='word_1_451' title='bbox 2012 399 2241 456; x_wconf 64' lang='lat' dir='ltr'><strong>nomn</strong></span> <span class='ocrx_word' id='word_1_452' title='bbox 2289 399 2397 454; x_wconf 88' lang='lat' dir='ltr'><strong>vn.</strong></span> 
     </span>
    </p>
   </div>
   <div class='ocr_carea' id='block_1_62' title="bbox 3424 401 3531 456">
    <p class='ocr_par' dir='ltr' id='par_1_62' title="bbox 3424 401 3531 456">
     <span class='ocr_line' id='line_1_62' title="bbox 3424 401 3531 456; baseline -0.019 0"><span class='ocrx_word' id='word_1_453' title='bbox 3424 401 3531 456; x_wconf 78' lang='lat'><strong>550</strong></span> 
     </span>
    </p>
   </div>
   <div class='ocr_carea' id='block_1_63' title="bbox 1936 512 3529 584">
    <p class='ocr_par' dir='ltr' id='par_1_63' title="bbox 1936 512 3529 584">
     <span class='ocr_line' id='line_1_63' title="bbox 1936 512 3529 584; baseline -0.003 -11"><span class='ocrx_word' id='word_1_454' title='bbox 1936 527 2150 573; x_wconf 86' lang='lat' dir='ltr'><strong>mutans</strong></span> <span class='ocrx_word' id='word_1_455' title='bbox 2176 516 2372 572; x_wconf 91' lang='lat' dir='ltr'><strong>clamat</strong></span> <span class='ocrx_word' id='word_1_456' title='bbox 2417 529 2510 584; x_wconf 89' lang='lat' dir='ltr'><strong>per</strong></span> <span class='ocrx_word' id='word_1_457' title='bbox 2551 513 2765 568; x_wconf 88' lang='lat' dir='ltr'><strong>beatum</strong></span> <span class='ocrx_word' id='word_1_458' title='bbox 2812 512 3037 569; x_wconf 79' lang='lat' dir='ltr'><strong>.Iesum:</strong></span> <span class='ocrx_word' id='word_1_459' title='bbox 3072 514 3253 569; x_wconf 78' lang='lat' dir='ltr'><strong>Rahab</strong></span> <span class='ocrx_word' id='word_1_460' title='bbox 3291 519 3529 570; x_wconf 66' lang='lat' dir='ltr'><strong>meretrix</strong></span> 
     </span>
    </p>
   </div>
   <div class='ocr_carea' id='block_1_64' title="bbox 1934 609 3527 682">
    <p class='ocr_par' dir='ltr' id='par_1_64' title="bbox 1934 609 3527 682">
     <span class='ocr_line' id='line_1_64' title="bbox 1934 609 3527 682; baseline -0.001 -17"><span class='ocrx_word' id='word_1_461' title='bbox 1934 615 2064 665; x_wconf 85' lang='lat' dir='ltr'><strong>vivat</strong></span> <span class='ocrx_word' id='word_1_462' title='bbox 2097 611 2231 682; x_wconf 74' lang='lat' dir='ltr'><strong>(los.</strong></span> <span class='ocrx_word' id='word_1_463' title='bbox 2265 612 2318 666; x_wconf 87' lang='lat'><strong>6.</strong></span> <span class='ocrx_word' id='word_1_464' title='bbox 2360 610 2480 681; x_wconf 73' lang='lat' dir='ltr'><strong>i7)!</strong></span> <span class='ocrx_word' id='word_1_465' title='bbox 2509 609 2667 665; x_wconf 83' lang='lat' dir='ltr'><strong>.Iesus</strong></span> <span class='ocrx_word' id='word_1_466' title='bbox 2717 609 2810 664; x_wconf 87' lang='lat' dir='ltr'><strong>ille</strong></span> <span class='ocrx_word' id='word_1_467' title='bbox 2869 610 3005 662; x_wconf 85' lang='lat' dir='ltr'><strong>filius</strong></span> <span class='ocrx_word' id='word_1_468' title='bbox 3045 610 3210 675; x_wconf 76' lang='lat' dir='ltr'><strong>Nave,</strong></span> <span class='ocrx_word' id='word_1_469' title='bbox 3236 612 3323 679; x_wconf 89' lang='lat' dir='ltr'><strong>qui</strong></span> <span class='ocrx_word' id='word_1_470' title='bbox 3375 611 3527 676; x_wconf 90' lang='lat' dir='ltr'><strong>dicit,</strong></span> 
     </span>
    </p>
   </div>
   <div class='ocr_carea' id='block_1_65' title="bbox 1936 702 3527 771">
    <p class='ocr_par' dir='ltr' id='par_1_65' title="bbox 1936 702 3527 771">
     <span class='ocr_line' id='line_1_65' title="bbox 1936 702 3527 771; baseline 0.002 -15"><span class='ocrx_word' id='word_1_471' title='bbox 1936 703 2182 756; x_wconf 72' lang='lat' dir='ltr'><strong>Meretrix</strong></span> <span class='ocrx_word' id='word_1_472' title='bbox 2220 704 2372 767; x_wconf 75' lang='lat' dir='ltr'><strong>vivat,</strong></span> <span class='ocrx_word' id='word_1_473' title='bbox 2406 703 2578 770; x_wconf 80' lang='lat' dir='ltr'><strong>imago</strong></span> <span class='ocrx_word' id='word_1_474' title='bbox 2627 711 2740 755; x_wconf 87' lang='lat' dir='ltr'><strong>erat</strong></span> <span class='ocrx_word' id='word_1_475' title='bbox 2791 702 2998 754; x_wconf 85' lang='lat' dir='ltr'><strong>Domini</strong></span> <span class='ocrx_word' id='word_1_476' title='bbox 3039 702 3184 766; x_wconf 87' lang='lat' dir='ltr'><strong>Jesu,</strong></span> <span class='ocrx_word' id='word_1_477' title='bbox 3219 704 3306 771; x_wconf 88' lang='lat' dir='ltr'><strong>qui</strong></span> <span class='ocrx_word' id='word_1_478' title='bbox 3353 704 3527 759; x_wconf 88' lang='lat' dir='ltr'><strong>dicit:</strong></span> 
     </span>
    </p>
   </div>
   <div class='ocr_carea' id='block_1_66' title="bbox 1936 792 3528 862">
    <p class='ocr_par' dir='ltr' id='par_1_66' title="bbox 1936 792 3528 862">
     <span class='ocr_line' id='line_1_66' title="bbox 1936 792 3528 862; baseline 0.004 -19"><span class='ocrx_word' id='word_1_479' title='bbox 1936 792 2225 846; x_wconf 75' lang='lat' dir='ltr'><strong>Meretrices</strong></span> <span class='ocrx_word' id='word_1_480' title='bbox 2246 803 2291 845; x_wconf 87' lang='lat' dir='ltr'><strong>et</strong></span> <span class='ocrx_word' id='word_1_481' title='bbox 2321 793 2575 861; x_wconf 84' lang='lat' dir='ltr'><strong>publicani</strong></span> <span class='ocrx_word' id='word_1_482' title='bbox 2604 792 2885 861; x_wconf 72' lang='lat' dir='ltr'><strong>prwcedent</strong></span> <span class='ocrx_word' id='word_1_483' title='bbox 2913 809 2998 844; x_wconf 84' lang='lat' dir='ltr'><strong>vos</strong></span> <span class='ocrx_word' id='word_1_484' title='bbox 3024 794 3076 846; x_wconf 82' lang='lat' dir='ltr'><strong>in</strong></span> <span class='ocrx_word' id='word_1_485' title='bbox 3107 809 3263 862; x_wconf 82' lang='lat' dir='ltr'><strong>regno</strong></span> <span class='ocrx_word' id='word_1_486' title='bbox 3284 796 3528 849; x_wconf 71' lang='lat' dir='ltr'><strong>cartorum</strong></span> 
     </span>
    </p>
   </div>
   <div class='ocr_carea' id='block_1_67' title="bbox 1933 882 3529 953">
    <p class='ocr_par' dir='ltr' id='par_1_67' title="bbox 1933 882 3529 953">
     <span class='ocr_line' id='line_1_67' title="bbox 1933 882 3529 953; baseline 0.002 -18"><span class='ocrx_word' id='word_1_487' title='bbox 1933 882 2149 953; x_wconf 75' lang='lat' dir='ltr'><strong>(Matth.</strong></span> <span class='ocrx_word' id='word_1_488' title='bbox 2172 883 2262 936; x_wconf 72' lang='lat' dir='ltr'><strong>2i.</strong></span> <span class='ocrx_word' id='word_1_489' title='bbox 2299 882 2413 951; x_wconf 76' lang='grc'><strong>51).</strong></span> <span class='ocrx_word' id='word_1_490' title='bbox 2446 882 2501 937; x_wconf 89' lang='lat' dir='ltr'><strong>Si</strong></span> <span class='ocrx_word' id='word_1_491' title='bbox 2528 884 2707 937; x_wconf 84' lang='lat' dir='ltr'><strong>vivere</strong></span> <span class='ocrx_word' id='word_1_492' title='bbox 2725 884 2904 947; x_wconf 85' lang='lat' dir='ltr'><strong>debet,</strong></span> <span class='ocrx_word' id='word_1_493' title='bbox 2929 900 3094 952; x_wconf 90' lang='lat' dir='ltr'><strong>quare</strong></span> <span class='ocrx_word' id='word_1_494' title='bbox 3119 886 3379 939; x_wconf 86' lang='lat' dir='ltr'><strong>meretrix</strong></span> <span class='ocrx_word' id='word_1_495' title='bbox 3408 889 3529 940; x_wconf 69' lang='lat' dir='ltr'><strong>est?</strong></span> 
     </span>
    </p>
   </div>
   <div class='ocr_carea' id='block_1_68' title="bbox 1934 977 3525 1047">
    <p class='ocr_par' dir='ltr' id='par_1_68' title="bbox 1934 977 3525 1047">
     <span class='ocr_line' id='line_1_68' title="bbox 1934 977 3525 1047; baseline 0.001 -16"><span class='ocrx_word' id='word_1_496' title='bbox 1934 979 1977 1032; x_wconf 92' lang='lat' dir='ltr'><strong>si</strong></span> <span class='ocrx_word' id='word_1_497' title='bbox 2008 978 2283 1037; x_wconf 85' lang='lat' dir='ltr'><strong>meretrix,</strong></span> <span class='ocrx_word' id='word_1_498' title='bbox 2312 992 2479 1047; x_wconf 89' lang='lat' dir='ltr'><strong>quare</strong></span> <span class='ocrx_word' id='word_1_499' title='bbox 2526 978 2707 1030; x_wconf 86' lang='lat' dir='ltr'><strong>vivat?</strong></span> <span class='ocrx_word' id='word_1_500' title='bbox 2739 977 2884 1044; x_wconf 86' lang='lat' dir='ltr'><strong>Dico,</strong></span> <span class='ocrx_word' id='word_1_501' title='bbox 2916 978 3107 1047; x_wconf 90' lang='lat' dir='ltr'><strong>inquit,</strong></span> <span class='ocrx_word' id='word_1_502' title='bbox 3138 980 3369 1047; x_wconf 88' lang='lat' dir='ltr'><strong>priorem</strong></span> <span class='ocrx_word' id='word_1_503' title='bbox 3415 990 3525 1032; x_wconf 89' lang='lat' dir='ltr'><strong>sta-</strong></span> 
     </span>
    </p>
   </div>
   <div class='ocr_carea' id='block_1_69' title="bbox 1934 1068 3525 1141">
    <p class='ocr_par' dir='ltr' id='par_1_69' title="bbox 1934 1068 3525 1141">
     <span class='ocr_line' id='line_1_69' title="bbox 1934 1068 3525 1141; baseline 0.002 -21"><span class='ocrx_word' id='word_1_504' title='bbox 1934 1076 2068 1133; x_wconf 88' lang='lat' dir='ltr'><strong>ttun,</strong></span> <span class='ocrx_word' id='word_1_505' title='bbox 2094 1082 2199 1137; x_wconf 86' lang='lat' dir='ltr'><strong>quo</strong></span> <span class='ocrx_word' id='word_1_506' title='bbox 2245 1078 2558 1137; x_wconf 85' lang='lat' dir='ltr'><strong>sequentem</strong></span> <span class='ocrx_word' id='word_1_507' title='bbox 2612 1068 2824 1121; x_wconf 85' lang='lat' dir='ltr'><strong>mireris</strong></span> <span class='ocrx_word' id='word_1_508' title='bbox 2875 1070 3245 1123; x_wconf 89' lang='lat' dir='ltr'><strong>mutationem.</strong></span> <span class='ocrx_word' id='word_1_509' title='bbox 3288 1071 3354 1124; x_wconf 88' lang='lat' dir='ltr'><strong>Et</strong></span> <span class='ocrx_word' id='word_1_510' title='bbox 3401 1071 3525 1141; x_wconf 89' lang='lat' dir='ltr'><strong>quid</strong></span> 
     </span>
    </p>
   </div>
   <div class='ocr_carea' id='block_1_70' title="bbox 1931 1158 3521 1230">
    <p class='ocr_par' dir='ltr' id='par_1_70' title="bbox 1931 1158 3521 1230">
     <span class='ocr_line' id='line_1_70' title="bbox 1931 1158 3521 1230; baseline 0.001 -16"><span class='ocrx_word' id='word_1_511' title='bbox 1931 1158 2084 1223; x_wconf 89' lang='lat' dir='ltr'><strong>fecit,</strong></span> <span class='ocrx_word' id='word_1_512' title='bbox 2117 1161 2343 1229; x_wconf 90' lang='lat' dir='ltr'><strong>inquies,</strong></span> <span class='ocrx_word' id='word_1_513' title='bbox 2375 1159 2564 1215; x_wconf 80' lang='lat' dir='ltr'><strong>Rahab</strong></span> <span class='ocrx_word' id='word_1_514' title='bbox 2595 1162 2735 1230; x_wconf 88' lang='lat' dir='ltr'><strong>quod</strong></span> <span class='ocrx_word' id='word_1_515' title='bbox 2780 1161 2846 1215; x_wconf 91' lang='lat' dir='ltr'><strong>ad</strong></span> <span class='ocrx_word' id='word_1_516' title='bbox 2896 1162 3119 1216; x_wconf 87' lang='lat' dir='ltr'><strong>salutem</strong></span> <span class='ocrx_word' id='word_1_517' title='bbox 3162 1163 3521 1218; x_wconf 82' lang='lat' dir='ltr'><strong>conduceret?</strong></span> 
     </span>
    </p>
   </div>
   <div class='ocr_carea' id='block_1_71' title="bbox 1930 1253 3525 1323">
    <p class='ocr_par' dir='ltr' id='par_1_71' title="bbox 1930 1253 3525 1323">
     <span class='ocr_line' id='line_1_71' title="bbox 1930 1253 3525 1323; baseline 0.002 -17"><span class='ocrx_word' id='word_1_518' title='bbox 1930 1253 2071 1323; x_wconf 92' lang='lat' dir='ltr'><strong>quod</strong></span> <span class='ocrx_word' id='word_1_519' title='bbox 2098 1256 2469 1321; x_wconf 76' lang='lat' dir='ltr'><strong>exploratores</strong></span> <span class='ocrx_word' id='word_1_520' title='bbox 2495 1268 2615 1307; x_wconf 90' lang='lat' dir='ltr'><strong>cum</strong></span> <span class='ocrx_word' id='word_1_521' title='bbox 2657 1269 2786 1322; x_wconf 90' lang='lat' dir='ltr'><strong>pace</strong></span> <span class='ocrx_word' id='word_1_522' title='bbox 2808 1257 3103 1323; x_wconf 86' lang='lat' dir='ltr'><strong>susceperit</strong></span> <span class='ocrx_word' id='word_1_523' title='bbox 3127 1254 3149 1307; x_wconf 88' lang='lat'><strong>?</strong></span> <span class='ocrx_word' id='word_1_524' title='bbox 3178 1254 3291 1309; x_wconf 84' lang='lat' dir='ltr'><strong>Hoc</strong></span> <span class='ocrx_word' id='word_1_525' title='bbox 3328 1265 3380 1308; x_wconf 92' lang='lat' dir='ltr'><strong>et</strong></span> <span class='ocrx_word' id='word_1_526' title='bbox 3424 1254 3525 1309; x_wconf 81' lang='lat' dir='ltr'><strong>lto-</strong></span> 
     </span>
    </p>
   </div>
   <div class='ocr_carea' id='block_1_72' title="bbox 1931 1345 3530 1414">
    <p class='ocr_par' dir='ltr' id='par_1_72' title="bbox 1931 1345 3530 1414">
     <span class='ocr_line' id='line_1_72' title="bbox 1931 1345 3530 1414; baseline 0.003 -16"><span class='ocrx_word' id='word_1_527' title='bbox 1931 1348 2068 1414; x_wconf 82' lang='lat' dir='ltr'><strong>spita</strong></span> <span class='ocrx_word' id='word_1_528' title='bbox 2098 1346 2240 1398; x_wconf 82' lang='lat' dir='ltr'><strong>facit.</strong></span> <span class='ocrx_word' id='word_1_529' title='bbox 2273 1348 2342 1399; x_wconf 83' lang='lat' dir='ltr'><strong>At</strong></span> <span class='ocrx_word' id='word_1_530' title='bbox 2372 1360 2476 1398; x_wconf 89' lang='lat' dir='ltr'><strong>non</strong></span> <span class='ocrx_word' id='word_1_531' title='bbox 2517 1360 2581 1399; x_wconf 86' lang='lat' dir='ltr'><strong>ex</strong></span> <span class='ocrx_word' id='word_1_532' title='bbox 2621 1345 2741 1399; x_wconf 90' lang='lat' dir='ltr'><strong>solo</strong></span> <span class='ocrx_word' id='word_1_533' title='bbox 2789 1361 3039 1400; x_wconf 89' lang='lat' dir='ltr'><strong>sermone</strong></span> <span class='ocrx_word' id='word_1_534' title='bbox 3069 1348 3291 1401; x_wconf 88' lang='lat' dir='ltr'><strong>salutem</strong></span> <span class='ocrx_word' id='word_1_535' title='bbox 3340 1361 3530 1402; x_wconf 74' lang='lat' dir='ltr'><strong>conse-</strong></span> 
     </span>
    </p>
   </div>
   <div class='ocr_carea' id='block_1_73' title="bbox 1931 1438 3528 1510">
    <p class='ocr_par' dir='ltr' id='par_1_73' title="bbox 1931 1438 3528 1510">
     <span class='ocr_line' id='line_1_73' title="bbox 1931 1438 3528 1510; baseline 0.003 -21"><span class='ocrx_word' id='word_1_536' title='bbox 1931 1440 2147 1508; x_wconf 87' lang='lat' dir='ltr'><strong>quitur;</strong></span> <span class='ocrx_word' id='word_1_537' title='bbox 2176 1439 2269 1493; x_wconf 88' lang='lat' dir='ltr'><strong>sed</strong></span> <span class='ocrx_word' id='word_1_538' title='bbox 2300 1438 2569 1507; x_wconf 68' lang='lat' dir='ltr'><strong>prmeipnc</strong></span> <span class='ocrx_word' id='word_1_539' title='bbox 2606 1454 2672 1492; x_wconf 87' lang='lat' dir='ltr'><strong>ex</strong></span> <span class='ocrx_word' id='word_1_540' title='bbox 2712 1438 2817 1493; x_wconf 86' lang='lat' dir='ltr'><strong>tide</strong></span> <span class='ocrx_word' id='word_1_541' title='bbox 2853 1450 2909 1492; x_wconf 91' lang='lat' dir='ltr'><strong>et</strong></span> <span class='ocrx_word' id='word_1_542' title='bbox 2938 1438 3130 1493; x_wconf 84' lang='lat' dir='ltr'><strong>affectu</strong></span> <span class='ocrx_word' id='word_1_543' title='bbox 3174 1456 3300 1510; x_wconf 87' lang='lat' dir='ltr'><strong>erga</strong></span> <span class='ocrx_word' id='word_1_544' title='bbox 3339 1440 3528 1493; x_wconf 89' lang='lat' dir='ltr'><strong>Deum.</strong></span> 
     </span>
    </p>
   </div>
   <div class='ocr_carea' id='block_1_74' title="bbox 1933 1531 3526 1603">
    <p class='ocr_par' dir='ltr' id='par_1_74' title="bbox 1933 1531 3526 1603">
     <span class='ocr_line' id='line_1_74' title="bbox 1933 1531 3526 1603; baseline 0.001 -17"><span class='ocrx_word' id='word_1_545' title='bbox 1933 1535 2107 1601; x_wconf 81' lang='lat' dir='ltr'><strong>Atque</strong></span> <span class='ocrx_word' id='word_1_546' title='bbox 2138 1542 2196 1585; x_wconf 91' lang='lat' dir='ltr'><strong>ut</strong></span> <span class='ocrx_word' id='word_1_547' title='bbox 2221 1532 2397 1587; x_wconf 72' lang='lat' dir='ltr'><strong>discas</strong></span> <span class='ocrx_word' id='word_1_548' title='bbox 2432 1531 2553 1587; x_wconf 80' lang='lat' dir='ltr'><strong>fidei</strong></span> <span class='ocrx_word' id='word_1_549' title='bbox 2583 1532 2727 1586; x_wconf 90' lang='lat' dir='ltr'><strong>illius</strong></span> <span class='ocrx_word' id='word_1_550' title='bbox 2753 1533 3198 1603; x_wconf 79' lang='lat' dir='ltr'><strong>magnitudinem,</strong></span> <span class='ocrx_word' id='word_1_551' title='bbox 3230 1534 3352 1587; x_wconf 88' lang='lat' dir='ltr'><strong>audi</strong></span> <span class='ocrx_word' id='word_1_552' title='bbox 3375 1549 3526 1588; x_wconf 87' lang='lat' dir='ltr'><strong>eam-</strong></span> 
     </span>
    </p>
   </div>
   <div class='ocr_carea' id='block_1_75' title="bbox 1931 1623 3529 1694">
    <p class='ocr_par' dir='ltr' id='par_1_75' title="bbox 1931 1623 3529 1694">
     <span class='ocr_line' id='line_1_75' title="bbox 1931 1623 3529 1694; baseline 0.001 -16"><span class='ocrx_word' id='word_1_553' title='bbox 1931 1624 2051 1678; x_wconf 87' lang='lat' dir='ltr'><strong>dem</strong></span> <span class='ocrx_word' id='word_1_554' title='bbox 2082 1626 2249 1693; x_wconf 86' lang='lat' dir='ltr'><strong>ipsam</strong></span> <span class='ocrx_word' id='word_1_555' title='bbox 2278 1623 2631 1693; x_wconf 80' lang='lat' dir='ltr'><strong>Scripturam,</strong></span> <span class='ocrx_word' id='word_1_556' title='bbox 2659 1625 2775 1694; x_wconf 87' lang='lat' dir='ltr'><strong>ejus</strong></span> <span class='ocrx_word' id='word_1_557' title='bbox 2816 1625 3071 1694; x_wconf 72' lang='lat' dir='ltr'><strong>prmclara</strong></span> <span class='ocrx_word' id='word_1_558' title='bbox 3117 1637 3265 1693; x_wconf 86' lang='lat' dir='ltr'><strong>gesta</strong></span> <span class='ocrx_word' id='word_1_559' title='bbox 3308 1641 3529 1679; x_wconf 86' lang='lat' dir='ltr'><strong>narran-</strong></span> 
     </span>
    </p>
   </div>
   <div class='ocr_carea' id='block_1_76' title="bbox 1936 1715 3528 1786">
    <p class='ocr_par' dir='ltr' id='par_1_76' title="bbox 1936 1715 3528 1786">
     <span class='ocr_line' id='line_1_76' title="bbox 1936 1715 3528 1786; baseline 0.002 -18"><span class='ocrx_word' id='word_1_560' title='bbox 1936 1724 2042 1769; x_wconf 90' lang='lat' dir='ltr'><strong>tem</strong></span> <span class='ocrx_word' id='word_1_561' title='bbox 2071 1723 2231 1784; x_wconf 89' lang='lat' dir='ltr'><strong>atque</strong></span> <span class='ocrx_word' id='word_1_562' title='bbox 2262 1724 2570 1770; x_wconf 66' lang='lat' dir='ltr'><strong>testantem.</strong></span> <span class='ocrx_word' id='word_1_563' title='bbox 2604 1716 2735 1770; x_wconf 86' lang='lat' dir='ltr'><strong>Erat</strong></span> <span class='ocrx_word' id='word_1_564' title='bbox 2761 1716 2812 1769; x_wconf 92' lang='lat' dir='ltr'><strong>in</strong></span> <span class='ocrx_word' id='word_1_565' title='bbox 2841 1715 3049 1771; x_wconf 80' lang='lat' dir='ltr'><strong>fornice</strong></span> <span class='ocrx_word' id='word_1_566' title='bbox 3070 1756 3085 1779; x_wconf 97' lang='lat'><strong>,</strong></span> <span class='ocrx_word' id='word_1_567' title='bbox 3117 1732 3216 1769; x_wconf 86' lang='lat' dir='ltr'><strong>ceu</strong></span> <span class='ocrx_word' id='word_1_568' title='bbox 3244 1718 3528 1786; x_wconf 76' lang='lat' dir='ltr'><strong>margarita</strong></span> 
     </span>
    </p>
   </div>
   <div class='ocr_carea' id='block_1_77' title="bbox 1934 1808 3517 1877">
    <p class='ocr_par' dir='ltr' id='par_1_77' title="bbox 1934 1808 3517 1877">
     <span class='ocr_line' id='line_1_77' title="bbox 1934 1808 3517 1877; baseline 0.003 -18"><span class='ocrx_word' id='word_1_569' title='bbox 1934 1808 1985 1859; x_wconf 91' lang='lat' dir='ltr'><strong>in</strong></span> <span class='ocrx_word' id='word_1_570' title='bbox 2008 1822 2162 1860; x_wconf 86' lang='lat' dir='ltr'><strong>coeno</strong></span> <span class='ocrx_word' id='word_1_571' title='bbox 2185 1808 2419 1860; x_wconf 84' lang='lat' dir='ltr'><strong>volutata</strong></span> <span class='ocrx_word' id='word_1_572' title='bbox 2442 1847 2456 1871; x_wconf 91' lang='lat'><strong>,</strong></span> <span class='ocrx_word' id='word_1_573' title='bbox 2486 1823 2673 1860; x_wconf 91' lang='lat' dir='ltr'><strong>aurum</strong></span> <span class='ocrx_word' id='word_1_574' title='bbox 2722 1808 3020 1877; x_wconf 85' lang='lat' dir='ltr'><strong>projectum</strong></span> <span class='ocrx_word' id='word_1_575' title='bbox 3073 1809 3125 1862; x_wconf 90' lang='lat' dir='ltr'><strong>in</strong></span> <span class='ocrx_word' id='word_1_576' title='bbox 3174 1808 3283 1863; x_wconf 92' lang='lat' dir='ltr'><strong>luto</strong></span> <span class='ocrx_word' id='word_1_577' title='bbox 3309 1810 3517 1877; x_wconf 89' lang='lat' dir='ltr'><strong>jacens,</strong></span> 
     </span>
    </p>
   </div>
   <div class='ocr_carea' id='block_1_78' title="bbox 1931 1897 3530 1968">
    <p class='ocr_par' dir='ltr' id='par_1_78' title="bbox 1931 1897 3530 1968">
     <span class='ocr_line' id='line_1_78' title="bbox 1931 1897 3530 1968; baseline 0.003 -17"><span class='ocrx_word' id='word_1_578' title='bbox 1931 1897 2031 1953; x_wconf 83' lang='lat' dir='ltr'><strong>flos</strong></span> <span class='ocrx_word' id='word_1_579' title='bbox 2061 1898 2273 1967; x_wconf 87' lang='lat' dir='ltr'><strong>pietatis</strong></span> <span class='ocrx_word' id='word_1_580' title='bbox 2303 1900 2471 1967; x_wconf 79' lang='lat' dir='ltr'><strong>spinis</strong></span> <span class='ocrx_word' id='word_1_581' title='bbox 2498 1900 2721 1952; x_wconf 86' lang='lat' dir='ltr'><strong>obrutus</strong></span> <span class='ocrx_word' id='word_1_582' title='bbox 2744 1939 2758 1963; x_wconf 96' lang='lat'><strong>,</strong></span> <span class='ocrx_word' id='word_1_583' title='bbox 2795 1900 2878 1966; x_wconf 91' lang='lat' dir='ltr'><strong>pia</strong></span> <span class='ocrx_word' id='word_1_584' title='bbox 2920 1900 3097 1952; x_wconf 90' lang='lat' dir='ltr'><strong>anima</strong></span> <span class='ocrx_word' id='word_1_585' title='bbox 3139 1900 3194 1953; x_wconf 91' lang='lat' dir='ltr'><strong>in</strong></span> <span class='ocrx_word' id='word_1_586' title='bbox 3241 1901 3530 1968; x_wconf 77' lang='lat' dir='ltr'><strong>impietatis</strong></span> 
     </span>
    </p>
   </div>
   <div class='ocr_carea' id='block_1_79' title="bbox 1932 1989 3527 2060">
    <p class='ocr_par' dir='ltr' id='par_1_79' title="bbox 1932 1989 3527 2060">
     <span class='ocr_line' id='line_1_79' title="bbox 1932 1989 3527 2060; baseline 0.001 -17"><span class='ocrx_word' id='word_1_587' title='bbox 1932 1990 2052 2043; x_wconf 91' lang='lat' dir='ltr'><strong>loco</strong></span> <span class='ocrx_word' id='word_1_588' title='bbox 2103 1989 2542 2043; x_wconf 87' lang='lat' dir='ltr'><strong>concludebatur.</strong></span> <span class='ocrx_word' id='word_1_589' title='bbox 2574 1990 2805 2045; x_wconf 84' lang='lat' dir='ltr'><strong>Mentem</strong></span> <span class='ocrx_word' id='word_1_590' title='bbox 2844 1991 2975 2044; x_wconf 91' lang='lat' dir='ltr'><strong>mihi</strong></span> <span class='ocrx_word' id='word_1_591' title='bbox 3004 1991 3292 2060; x_wconf 85' lang='lat' dir='ltr'><strong>diligenter</strong></span> <span class='ocrx_word' id='word_1_592' title='bbox 3315 1991 3527 2046; x_wconf 86' lang='lat' dir='ltr'><strong>adhibe.</strong></span> 
     </span>
    </p>
   </div>
   <div class='ocr_carea' id='block_1_80' title="bbox 1931 2078 3529 2151">
    <p class='ocr_par' dir='ltr' id='par_1_80' title="bbox 1931 2078 3529 2151">
     <span class='ocr_line' id='line_1_80' title="bbox 1931 2078 3529 2151; baseline 0.003 -18"><span class='ocrx_word' id='word_1_593' title='bbox 1931 2078 2159 2148; x_wconf 86' lang='lat' dir='ltr'><strong>Excepit</strong></span> <span class='ocrx_word' id='word_1_594' title='bbox 2209 2080 2598 2148; x_wconf 86' lang='lat' dir='ltr'><strong>exploratores,</strong></span> <span class='ocrx_word' id='word_1_595' title='bbox 2653 2091 2707 2135; x_wconf 89' lang='lat' dir='ltr'><strong>et</strong></span> <span class='ocrx_word' id='word_1_596' title='bbox 2758 2097 2919 2150; x_wconf 88' lang='lat' dir='ltr'><strong>quem</strong></span> <span class='ocrx_word' id='word_1_597' title='bbox 2970 2083 3202 2151; x_wconf 89' lang='lat' dir='ltr'><strong>prodidit</strong></span> <span class='ocrx_word' id='word_1_598' title='bbox 3256 2082 3416 2137; x_wconf 88' lang='lat' dir='ltr'><strong>Israel</strong></span> <span class='ocrx_word' id='word_1_599' title='bbox 3478 2085 3529 2137; x_wconf 91' lang='lat' dir='ltr'><strong>in</strong></span> 
     </span>
    </p>
   </div>
   <div class='ocr_carea' id='block_1_81' title="bbox 1932 2170 3521 2244">
    <p class='ocr_par' dir='ltr' id='par_1_81' title="bbox 1932 2170 3521 2244">
     <span class='ocr_line' id='line_1_81' title="bbox 1932 2170 3521 2244; baseline 0.002 -19"><span class='ocrx_word' id='word_1_600' title='bbox 1932 2170 2186 2238; x_wconf 88' lang='lat' dir='ltr'><strong>deserto,</strong></span> <span class='ocrx_word' id='word_1_601' title='bbox 2214 2171 2356 2226; x_wconf 87' lang='lat' dir='ltr'><strong>lnmc</strong></span> <span class='ocrx_word' id='word_1_602' title='bbox 2407 2173 2715 2241; x_wconf 82' lang='lat' dir='ltr'><strong>praedicavit</strong></span> <span class='ocrx_word' id='word_1_603' title='bbox 2767 2173 2954 2226; x_wconf 73' lang='lat' dir='ltr'><strong>Italtab</strong></span> <span class='ocrx_word' id='word_1_604' title='bbox 2996 2174 3053 2227; x_wconf 92' lang='lat' dir='ltr'><strong>in</strong></span> <span class='ocrx_word' id='word_1_605' title='bbox 3096 2175 3357 2244; x_wconf 87' lang='lat' dir='ltr'><strong>lupanari.</strong></span> <span class='ocrx_word' id='word_1_606' title='bbox 3386 2175 3521 2241; x_wconf 88' lang='lat' dir='ltr'><strong>Quid</strong></span> 
     </span>
    </p>
   </div>
   <div class='ocr_carea' id='block_1_82' title="bbox 1931 2262 3532 2337">
    <p class='ocr_par' dir='ltr' id='par_1_82' title="bbox 1931 2262 3532 2337">
     <span class='ocr_line' id='line_1_82' title="bbox 1931 2262 3532 2337; baseline 0.004 -22"><span class='ocrx_word' id='word_1_607' title='bbox 1931 2277 2172 2316; x_wconf 90' lang='lat' dir='ltr'><strong>memoro</strong></span> <span class='ocrx_word' id='word_1_608' title='bbox 2227 2262 2389 2317; x_wconf 87' lang='lat' dir='ltr'><strong>Israel</strong></span> <span class='ocrx_word' id='word_1_609' title='bbox 2438 2265 2489 2317; x_wconf 89' lang='lat' dir='ltr'><strong>in</strong></span> <span class='ocrx_word' id='word_1_610' title='bbox 2543 2264 2962 2319; x_wconf 67' lang='lat' dir='ltr'><strong>desertoitjutn</strong></span> <span class='ocrx_word' id='word_1_611' title='bbox 3010 2282 3166 2320; x_wconf 90' lang='lat' dir='ltr'><strong>mons</strong></span> <span class='ocrx_word' id='word_1_612' title='bbox 3225 2269 3532 2337; x_wconf 88' lang='lat' dir='ltr'><strong>replebatur</strong></span> 
     </span>
    </p>
   </div>
   <div class='ocr_carea' id='block_1_83' title="bbox 1930 2355 3532 2429">
    <p class='ocr_par' dir='ltr' id='par_1_83' title="bbox 1930 2355 3532 2429">
     <span class='ocr_line' id='line_1_83' title="bbox 1930 2355 3532 2429; baseline 0.004 -22"><span class='ocrx_word' id='word_1_613' title='bbox 1930 2355 2075 2409; x_wconf 86' lang='lat' dir='ltr'><strong>nube</strong></span> <span class='ocrx_word' id='word_1_614' title='bbox 2116 2360 2173 2408; x_wconf 88' lang='lat' dir='ltr'><strong>et</strong></span> <span class='ocrx_word' id='word_1_615' title='bbox 2222 2355 2467 2425; x_wconf 70' lang='lat' dir='ltr'><strong>cal‘gine,</strong></span> <span class='ocrx_word' id='word_1_616' title='bbox 2494 2358 2653 2419; x_wconf 92' lang='lat' dir='ltr'><strong>tubis,</strong></span> <span class='ocrx_word' id='word_1_617' title='bbox 2682 2357 2973 2427; x_wconf 87' lang='lat' dir='ltr'><strong>fulguribus</strong></span> <span class='ocrx_word' id='word_1_618' title='bbox 3001 2400 3016 2423; x_wconf 94' lang='lat'><strong>,</strong></span> <span class='ocrx_word' id='word_1_619' title='bbox 3046 2360 3272 2429; x_wconf 87' lang='lat' dir='ltr'><strong>aliisque</strong></span> <span class='ocrx_word' id='word_1_620' title='bbox 3322 2362 3532 2415; x_wconf 88' lang='lat' dir='ltr'><strong>terribi-</strong></span> 
     </span>
    </p>
   </div>
   <div class='ocr_carea' id='block_1_84' title="bbox 1930 2445 3531 2518">
    <p class='ocr_par' dir='ltr' id='par_1_84' title="bbox 1930 2445 3531 2518">
     <span class='ocr_line' id='line_1_84' title="bbox 1930 2445 3531 2518; baseline 0.003 -20"><span class='ocrx_word' id='word_1_621' title='bbox 1930 2445 2094 2513; x_wconf 90' lang='lat' dir='ltr'><strong>libus,</strong></span> <span class='ocrx_word' id='word_1_622' title='bbox 2124 2445 2328 2500; x_wconf 84' lang='lat' dir='ltr'><strong>audivit</strong></span> <span class='ocrx_word' id='word_1_623' title='bbox 2355 2463 2382 2499; x_wconf 91' lang='lat' dir='ltr'><strong>a</strong></span> <span class='ocrx_word' id='word_1_624' title='bbox 2426 2448 2534 2502; x_wconf 91' lang='lat' dir='ltr'><strong>Deo</strong></span> <span class='ocrx_word' id='word_1_625' title='bbox 2580 2446 2647 2501; x_wconf 90' lang='lat' dir='ltr'><strong>de</strong></span> <span class='ocrx_word' id='word_1_626' title='bbox 2693 2448 2871 2502; x_wconf 89' lang='lat' dir='ltr'><strong>medio</strong></span> <span class='ocrx_word' id='word_1_627' title='bbox 2923 2448 3106 2518; x_wconf 87' lang='lat' dir='ltr'><strong>ignis:</strong></span> <span class='ocrx_word' id='word_1_628' title='bbox 3150 2452 3286 2504; x_wconf 81' lang='lat' dir='ltr'><strong>Audi</strong></span> <span class='ocrx_word' id='word_1_629' title='bbox 3316 2450 3531 2506; x_wconf 81' lang='lat' dir='ltr'><strong>Israel:</strong></span> 
     </span>
    </p>
   </div>
   <div class='ocr_carea' id='block_1_85' title="bbox 1932 2534 3530 2615">
    <p class='ocr_par' dir='ltr' id='par_1_85' title="bbox 1932 2534 3530 2615">
     <span class='ocr_line' id='line_1_85' title="bbox 1932 2534 3530 2615; baseline 0.007 -26"><span class='ocrx_word' id='word_1_630' title='bbox 1932 2534 2185 2591; x_wconf 76' lang='lat' dir='ltr'><strong>Dominus</strong></span> <span class='ocrx_word' id='word_1_631' title='bbox 2234 2538 2370 2592; x_wconf 85' lang='lat' dir='ltr'><strong>Deus</strong></span> <span class='ocrx_word' id='word_1_632' title='bbox 2424 2548 2560 2604; x_wconf 86' lang='lat' dir='ltr'><strong>tuus,</strong></span> <span class='ocrx_word' id='word_1_633' title='bbox 2591 2538 2840 2594; x_wconf 80' lang='lat' dir='ltr'><strong>Dominus</strong></span> <span class='ocrx_word' id='word_1_634' title='bbox 2888 2558 3019 2595; x_wconf 84' lang='lat' dir='ltr'><strong>unus</strong></span> <span class='ocrx_word' id='word_1_635' title='bbox 3066 2553 3136 2595; x_wconf 86' lang='lat' dir='ltr'><strong>est</strong></span> <span class='ocrx_word' id='word_1_636' title='bbox 3165 2543 3341 2615; x_wconf 84' lang='lat' dir='ltr'><strong>(Deut.</strong></span> <span class='ocrx_word' id='word_1_637' title='bbox 3374 2546 3425 2599; x_wconf 82' lang='grc'>6.</span> <span class='ocrx_word' id='word_1_638' title='bbox 3450 2546 3530 2614; x_wconf 80' lang='grc'><strong>4).</strong></span> 
     </span>
    </p>
   </div>
   <div class='ocr_carea' id='block_1_86' title="bbox 1934 2628 3531 2705">
    <p class='ocr_par' dir='ltr' id='par_1_86' title="bbox 1934 2628 3531 2705">
     <span class='ocr_line' id='line_1_86' title="bbox 1934 2628 3531 2705; baseline 0.006 -24"><span class='ocrx_word' id='word_1_639' title='bbox 1934 2628 2055 2682; x_wconf 85' lang='grc' dir='ltr'><strong>Νοη</strong></span> <span class='ocrx_word' id='word_1_640' title='bbox 2083 2640 2229 2682; x_wconf 85' lang='lat' dir='ltr'><strong>erunt</strong></span> <span class='ocrx_word' id='word_1_641' title='bbox 2256 2630 2344 2683; x_wconf 86' lang='lat' dir='ltr'><strong>tibi</strong></span> <span class='ocrx_word' id='word_1_642' title='bbox 2379 2631 2453 2683; x_wconf 88' lang='lat' dir='ltr'><strong>dii</strong></span> <span class='ocrx_word' id='word_1_643' title='bbox 2476 2632 2566 2683; x_wconf 87' lang='lat' dir='ltr'><strong>alii</strong></span> <span class='ocrx_word' id='word_1_644' title='bbox 2596 2632 2788 2703; x_wconf 75' lang='lat' dir='ltr'><strong>(Exod.</strong></span> <span class='ocrx_word' id='word_1_645' title='bbox 2807 2632 2897 2688; x_wconf 71' lang='lat'><strong>20.</strong></span> <span class='ocrx_word' id='word_1_646' title='bbox 2924 2634 3005 2703; x_wconf 72' lang='grc'><strong>4).</strong></span> <span class='ocrx_word' id='word_1_647' title='bbox 3038 2632 3147 2705; x_wconf 86' lang='lat' dir='ltr'><strong>Ego</strong></span> <span class='ocrx_word' id='word_1_648' title='bbox 3174 2637 3227 2687; x_wconf 88' lang='lat' dir='ltr'><strong>in</strong></span> <span class='ocrx_word' id='word_1_649' title='bbox 3255 2636 3377 2689; x_wconf 63' lang='lat' dir='ltr'><strong>casio</strong></span> <span class='ocrx_word' id='word_1_650' title='bbox 3415 2654 3531 2690; x_wconf 85' lang='lat' dir='ltr'><strong>sur-</strong></span> 
     </span>
    </p>
   </div>
   <div class='ocr_carea' id='block_1_87' title="bbox 1931 2721 3535 2793">
    <p class='ocr_par' dir='ltr' id='par_1_87' title="bbox 1931 2721 3535 2793">
     <span class='ocr_line' id='line_1_87' title="bbox 1931 2721 3535 2793; baseline 0.004 -19"><span class='ocrx_word' id='word_1_651' title='bbox 1931 2737 2043 2774; x_wconf 87' lang='lat' dir='ltr'><strong>sum</strong></span> <span class='ocrx_word' id='word_1_652' title='bbox 2068 2731 2114 2773; x_wconf 86' lang='lat' dir='ltr'><strong>et</strong></span> <span class='ocrx_word' id='word_1_653' title='bbox 2140 2722 2193 2773; x_wconf 87' lang='lat' dir='ltr'><strong>in</strong></span> <span class='ocrx_word' id='word_1_654' title='bbox 2225 2730 2361 2773; x_wconf 85' lang='lat' dir='ltr'><strong>terra</strong></span> <span class='ocrx_word' id='word_1_655' title='bbox 2386 2721 2642 2784; x_wconf 86' lang='lat' dir='ltr'><strong>deorsum,</strong></span> <span class='ocrx_word' id='word_1_656' title='bbox 2666 2734 2714 2777; x_wconf 89' lang='lat' dir='ltr'><strong>et</strong></span> <span class='ocrx_word' id='word_1_657' title='bbox 2759 2735 2942 2793; x_wconf 77' lang='lat' dir='ltr'><strong>prwter</strong></span> <span class='ocrx_word' id='word_1_658' title='bbox 2996 2742 3074 2779; x_wconf 87' lang='lat' dir='ltr'><strong>me</strong></span> <span class='ocrx_word' id='word_1_659' title='bbox 3121 2741 3221 2778; x_wconf 83' lang='lat' dir='ltr'><strong>non</strong></span> <span class='ocrx_word' id='word_1_660' title='bbox 3274 2738 3343 2780; x_wconf 86' lang='lat' dir='ltr'><strong>est</strong></span> <span class='ocrx_word' id='word_1_661' title='bbox 3393 2727 3535 2781; x_wconf 83' lang='lat' dir='ltr'><strong>Deus</strong></span> 
     </span>
    </p>
   </div>
   <div class='ocr_carea' id='block_1_88' title="bbox 1938 2811 3531 2884">
    <p class='ocr_par' dir='ltr' id='par_1_88' title="bbox 1938 2811 3531 2884">
     <span class='ocr_line' id='line_1_88' title="bbox 1938 2811 3531 2884; baseline 0.006 -20"><span class='ocrx_word' id='word_1_662' title='bbox 1938 2811 2112 2884; x_wconf 90' lang='lat' dir='ltr'><strong>(Deut.</strong></span> <span class='ocrx_word' id='word_1_663' title='bbox 2151 2813 2349 2882; x_wconf 60' lang='lat'><strong>4.39).</strong></span> <span class='ocrx_word' id='word_1_664' title='bbox 2382 2814 2506 2867; x_wconf 75' lang='lat' dir='ltr'><strong>Ilmc</strong></span> <span class='ocrx_word' id='word_1_665' title='bbox 2541 2815 2766 2868; x_wconf 89' lang='lat' dir='ltr'><strong>audiens</strong></span> <span class='ocrx_word' id='word_1_666' title='bbox 2796 2815 2957 2870; x_wconf 86' lang='lat' dir='ltr'><strong>Israel</strong></span> <span class='ocrx_word' id='word_1_667' title='bbox 2987 2817 3209 2871; x_wconf 87' lang='lat' dir='ltr'><strong>vitulum</strong></span> <span class='ocrx_word' id='word_1_668' title='bbox 3254 2818 3531 2881; x_wconf 84' lang='lat' dir='ltr'><strong>conflavit.</strong></span> 
     </span>
    </p>
   </div>
   <div class='ocr_carea' id='block_1_89' title="bbox 1934 2904 3533 2980">
    <p class='ocr_par' dir='ltr' id='par_1_89' title="bbox 1934 2904 3533 2980">
     <span class='ocr_line' id='line_1_89' title="bbox 1934 2904 3533 2980; baseline 0.005 -24"><span class='ocrx_word' id='word_1_669' title='bbox 1934 2904 2207 2972; x_wconf 88' lang='lat' dir='ltr'><strong>Deumque</strong></span> <span class='ocrx_word' id='word_1_670' title='bbox 2235 2905 2543 2974; x_wconf 88' lang='lat' dir='ltr'><strong>reprobavit</strong></span> <span class='ocrx_word' id='word_1_671' title='bbox 2573 2925 2585 2960; x_wconf 92' lang='lat'><strong>:</strong></span> <span class='ocrx_word' id='word_1_672' title='bbox 2612 2907 2877 2975; x_wconf 86' lang='lat' dir='ltr'><strong>ignoravit</strong></span> <span class='ocrx_word' id='word_1_673' title='bbox 2897 2909 3201 2971; x_wconf 85' lang='lat' dir='ltr'><strong>Dominum,</strong></span> <span class='ocrx_word' id='word_1_674' title='bbox 3230 2912 3533 2980; x_wconf 82' lang='lat' dir='ltr'><strong>repudiavit</strong></span> 
     </span>
    </p>
   </div>
   <div class='ocr_carea' id='block_1_90' title="bbox 1935 2994 3532 3074">
    <p class='ocr_par' dir='ltr' id='par_1_90' title="bbox 1935 2994 3532 3074">
     <span class='ocr_line' id='line_1_90' title="bbox 1935 2994 3532 3074; baseline 0.004 -26"><span class='ocrx_word' id='word_1_675' title='bbox 1935 2994 2351 3061; x_wconf 89' lang='lat' dir='ltr'><strong>benefactorem,</strong></span> <span class='ocrx_word' id='word_1_676' title='bbox 2382 3006 2434 3051; x_wconf 91' lang='lat' dir='ltr'><strong>et</strong></span> <span class='ocrx_word' id='word_1_677' title='bbox 2455 2997 2583 3051; x_wconf 89' lang='lat' dir='ltr'><strong>dicit</strong></span> <span class='ocrx_word' id='word_1_678' title='bbox 2614 3002 2811 3052; x_wconf 82' lang='lat' dir='ltr'><strong>Aaroui</strong></span> <span class='ocrx_word' id='word_1_679' title='bbox 2836 3018 2850 3054; x_wconf 87' lang='lat'><strong>:</strong></span> <span class='ocrx_word' id='word_1_680' title='bbox 2874 2998 2984 3052; x_wconf 86' lang='lat' dir='ltr'><strong>Fac</strong></span> <span class='ocrx_word' id='word_1_681' title='bbox 3007 3001 3149 3054; x_wconf 85' lang='lat' dir='ltr'><strong>nobis</strong></span> <span class='ocrx_word' id='word_1_682' title='bbox 3179 3001 3313 3055; x_wconf 83' lang='lat' dir='ltr'><strong>Deos</strong></span> <span class='ocrx_word' id='word_1_683' title='bbox 3338 3002 3532 3074; x_wconf 69' lang='lat' dir='ltr'><strong>(Exod.</strong></span> 
     </span>
    </p>
   </div>
   <div class='ocr_carea' id='block_1_91' title="bbox 1932 3086 3534 3163">
    <p class='ocr_par' dir='ltr' id='par_1_91' title="bbox 1932 3086 3534 3163">
     <span class='ocr_line' id='line_1_91' title="bbox 1932 3086 3534 3163; baseline 0.007 -24"><span class='ocrx_word' id='word_1_684' title='bbox 1932 3086 2118 3155; x_wconf 70' lang='lat'><strong>52.1).</strong></span> <span class='ocrx_word' id='word_1_685' title='bbox 2139 3087 2195 3141; x_wconf 86' lang='lat' dir='ltr'><strong>Si</strong></span> <span class='ocrx_word' id='word_1_686' title='bbox 2216 3088 2309 3151; x_wconf 89' lang='lat' dir='ltr'><strong>dii,</strong></span> <span class='ocrx_word' id='word_1_687' title='bbox 2334 3105 2498 3158; x_wconf 89' lang='lat' dir='ltr'><strong>quare</strong></span> <span class='ocrx_word' id='word_1_688' title='bbox 2522 3090 2677 3154; x_wconf 91' lang='lat' dir='ltr'><strong>dicis,</strong></span> <span class='ocrx_word' id='word_1_689' title='bbox 2709 3091 2833 3163; x_wconf 80' lang='lat' dir='ltr'><strong>fac?</strong></span> <span class='ocrx_word' id='word_1_690' title='bbox 2859 3094 3132 3162; x_wconf 86' lang='lat' dir='ltr'><strong>quomodo</strong></span> <span class='ocrx_word' id='word_1_691' title='bbox 3158 3095 3252 3161; x_wconf 89' lang='lat' dir='ltr'><strong>dii,</strong></span> <span class='ocrx_word' id='word_1_692' title='bbox 3286 3096 3330 3150; x_wconf 92' lang='lat' dir='ltr'><strong>si</strong></span> <span class='ocrx_word' id='word_1_693' title='bbox 3366 3098 3534 3150; x_wconf 81' lang='lat' dir='ltr'><strong>ﬁant?</strong></span> 
     </span>
    </p>
   </div>
   <div class='ocr_carea' id='block_1_92' title="bbox 1932 3178 3533 3256">
    <p class='ocr_par' dir='ltr' id='par_1_92' title="bbox 1932 3178 3533 3256">
     <span class='ocr_line' id='line_1_92' title="bbox 1932 3178 3533 3256; baseline 0.005 -23"><span class='ocrx_word' id='word_1_694' title='bbox 1932 3178 2019 3233; x_wconf 82' lang='lat' dir='ltr'><strong>Sic</strong></span> <span class='ocrx_word' id='word_1_695' title='bbox 2041 3180 2236 3233; x_wconf 90' lang='lat' dir='ltr'><strong>malitia</strong></span> <span class='ocrx_word' id='word_1_696' title='bbox 2270 3192 2559 3249; x_wconf 65' lang='lat' dir='ltr'><strong>exewcata,</strong></span> <span class='ocrx_word' id='word_1_697' title='bbox 2590 3197 2771 3236; x_wconf 88' lang='lat' dir='ltr'><strong>secum</strong></span> <span class='ocrx_word' id='word_1_698' title='bbox 2804 3186 2917 3252; x_wconf 88' lang='lat' dir='ltr'><strong>ipsa</strong></span> <span class='ocrx_word' id='word_1_699' title='bbox 2945 3195 3163 3255; x_wconf 83' lang='lat' dir='ltr'><strong>pugnat,</strong></span> <span class='ocrx_word' id='word_1_700' title='bbox 3190 3190 3533 3256; x_wconf 83' lang='lat' dir='ltr'><strong>semetipsam</strong></span> 
     </span>
    </p>
   </div>
   <div class='ocr_carea' id='block_1_93' title="bbox 1933 3273 3535 3351">
    <p class='ocr_par' dir='ltr' id='par_1_93' title="bbox 1933 3273 3535 3351">
     <span class='ocr_line' id='line_1_93' title="bbox 1933 3273 3535 3351; baseline 0.007 -26"><span class='ocrx_word' id='word_1_701' title='bbox 1933 3273 2180 3326; x_wconf 87' lang='lat' dir='ltr'><strong>destruit.</strong></span> <span class='ocrx_word' id='word_1_702' title='bbox 2207 3273 2357 3328; x_wconf 89' lang='lat' dir='ltr'><strong>Unus</strong></span> <span class='ocrx_word' id='word_1_703' title='bbox 2390 3273 2564 3329; x_wconf 78' lang='lat' dir='ltr'><strong>factus</strong></span> <span class='ocrx_word' id='word_1_704' title='bbox 2590 3285 2674 3329; x_wconf 89' lang='lat' dir='ltr'><strong>est</strong></span> <span class='ocrx_word' id='word_1_705' title='bbox 2712 3278 2933 3343; x_wconf 84' lang='lat' dir='ltr'><strong>vitulus,</strong></span> <span class='ocrx_word' id='word_1_706' title='bbox 2962 3290 3016 3333; x_wconf 91' lang='lat' dir='ltr'><strong>et</strong></span> <span class='ocrx_word' id='word_1_707' title='bbox 3060 3280 3256 3334; x_wconf 87' lang='lat' dir='ltr'><strong>clamat</strong></span> <span class='ocrx_word' id='word_1_708' title='bbox 3297 3284 3535 3351; x_wconf 80' lang='lat' dir='ltr'><strong>ingratus</strong></span> 
     </span>
    </p>
   </div>
   <div class='ocr_carea' id='block_1_94' title="bbox 1932 3363 3534 3437">
    <p class='ocr_par' dir='ltr' id='par_1_94' title="bbox 1932 3363 3534 3437">
     <span class='ocr_line' id='line_1_94' title="bbox 1932 3363 3534 3437; baseline 0.007 -21"><span class='ocrx_word' id='word_1_709' title='bbox 1932 3363 2095 3418; x_wconf 80' lang='lat' dir='ltr'><strong>Israel</strong></span> <span class='ocrx_word' id='word_1_710' title='bbox 2128 3382 2142 3417; x_wconf 90' lang='lat'>:</span> <span class='ocrx_word' id='word_1_711' title='bbox 2182 3363 2251 3417; x_wconf 83' lang='lat' dir='ltr'><strong>lli</strong></span> <span class='ocrx_word' id='word_1_712' title='bbox 2290 3366 2363 3417; x_wconf 86' lang='lat' dir='ltr'><strong>dii</strong></span> <span class='ocrx_word' id='word_1_713' title='bbox 2410 3369 2503 3427; x_wconf 87' lang='lat' dir='ltr'><strong>tui,</strong></span> <span class='ocrx_word' id='word_1_714' title='bbox 2530 3365 2729 3433; x_wconf 74' lang='lat' dir='ltr'><strong>Israel,</strong></span> <span class='ocrx_word' id='word_1_715' title='bbox 2754 3369 2840 3437; x_wconf 82' lang='lat' dir='ltr'><strong>qui</strong></span> <span class='ocrx_word' id='word_1_716' title='bbox 2888 3370 3166 3423; x_wconf 75' lang='lat' dir='ltr'><strong>eduxerunt</strong></span> <span class='ocrx_word' id='word_1_717' title='bbox 3213 3382 3257 3423; x_wconf 85' lang='lat' dir='ltr'><strong>te</strong></span> <span class='ocrx_word' id='word_1_718' title='bbox 3296 3374 3356 3425; x_wconf 82' lang='lat' dir='ltr'><strong>de</strong></span> <span class='ocrx_word' id='word_1_719' title='bbox 3403 3385 3534 3428; x_wconf 81' lang='lat' dir='ltr'><strong>terra</strong></span> 
     </span>
    </p>
   </div>
   <div class='ocr_carea' id='block_1_95' title="bbox 1933 3455 3530 3534">
    <p class='ocr_par' dir='ltr' id='par_1_95' title="bbox 1933 3455 3530 3534">
     <span class='ocr_line' id='line_1_95' title="bbox 1933 3455 3530 3534; baseline 0.008 -27"><span class='ocrx_word' id='word_1_720' title='bbox 1933 3455 2370 3526; x_wconf 61' lang='lat' dir='ltr'><strong>zEgypti(E:cod.</strong></span> <span class='ocrx_word' id='word_1_721' title='bbox 2421 3458 2509 3534; x_wconf 71' lang='grc'><strong>52.</strong></span> <span class='ocrx_word' id='word_1_722' title='bbox 2533 3459 2608 3527; x_wconf 79' lang='grc'><strong>4).</strong></span> <span class='ocrx_word' id='word_1_723' title='bbox 2644 3458 2713 3512; x_wconf 82' lang='lat' dir='ltr'><strong>Hi</strong></span> <span class='ocrx_word' id='word_1_724' title='bbox 2753 3462 2870 3513; x_wconf 82' lang='lat' dir='ltr'><strong>dii:</strong></span> <span class='ocrx_word' id='word_1_725' title='bbox 2899 3478 3059 3514; x_wconf 88' lang='lat' dir='ltr'><strong>unum</strong></span> <span class='ocrx_word' id='word_1_726' title='bbox 3102 3463 3244 3517; x_wconf 79' lang='lat' dir='ltr'><strong>videt</strong></span> <span class='ocrx_word' id='word_1_727' title='bbox 3286 3467 3530 3528; x_wconf 78' lang='lat' dir='ltr'><strong>vitulum,</strong></span> 
     </span>
    </p>
   </div>
   <div class='ocr_carea' id='block_1_96' title="bbox 1934 3549 3534 3620">
    <p class='ocr_par' dir='ltr' id='par_1_96' title="bbox 1934 3549 3534 3620">
     <span class='ocr_line' id='line_1_96' title="bbox 1934 3549 3534 3620; baseline 0.008 -21"><span class='ocrx_word' id='word_1_728' title='bbox 1934 3564 2096 3601; x_wconf 90' lang='lat' dir='ltr'><strong>unum</strong></span> <span class='ocrx_word' id='word_1_729' title='bbox 2122 3549 2315 3602; x_wconf 86' lang='lat' dir='ltr'><strong>factum</strong></span> <span class='ocrx_word' id='word_1_730' title='bbox 2346 3549 2546 3603; x_wconf 84' lang='lat' dir='ltr'><strong>idolum</strong></span> <span class='ocrx_word' id='word_1_731' title='bbox 2573 3567 2586 3613; x_wconf 88' lang='lat'><strong>;</strong></span> <span class='ocrx_word' id='word_1_732' title='bbox 2620 3566 2715 3604; x_wconf 87' lang='lat' dir='ltr'><strong>cur</strong></span> <span class='ocrx_word' id='word_1_733' title='bbox 2736 3567 2863 3620; x_wconf 88' lang='lat' dir='ltr'><strong>ergo</strong></span> <span class='ocrx_word' id='word_1_734' title='bbox 2892 3554 2944 3605; x_wconf 76' lang='lat' dir='ltr'><strong>lii</strong></span> <span class='ocrx_word' id='word_1_735' title='bbox 2977 3556 3093 3608; x_wconf 83' lang='lat' dir='ltr'><strong>dii?</strong></span> <span class='ocrx_word' id='word_1_736' title='bbox 3133 3555 3195 3609; x_wconf 89' lang='lat' dir='ltr'><strong>Ut</strong></span> <span class='ocrx_word' id='word_1_737' title='bbox 3226 3559 3534 3611; x_wconf 78' lang='lat' dir='ltr'><strong>ostenderet</strong></span> 
     </span>
    </p>
   </div>
   <div class='ocr_carea' id='block_1_97' title="bbox 1932 3641 3531 3709">
    <p class='ocr_par' dir='ltr' id='par_1_97' title="bbox 1932 3641 3531 3709">
     <span class='ocr_line' id='line_1_97' title="bbox 1932 3641 3531 3709; baseline 0.008 -20"><span class='ocrx_word' id='word_1_738' title='bbox 1932 3652 1990 3691; x_wconf 89' lang='lat' dir='ltr'><strong>se</strong></span> <span class='ocrx_word' id='word_1_739' title='bbox 2022 3654 2124 3691; x_wconf 87' lang='lat' dir='ltr'><strong>non</strong></span> <span class='ocrx_word' id='word_1_740' title='bbox 2156 3641 2318 3693; x_wconf 89' lang='lat' dir='ltr'><strong>modo</strong></span> <span class='ocrx_word' id='word_1_741' title='bbox 2348 3641 2397 3693; x_wconf 89' lang='lat' dir='ltr'><strong>id</strong></span> <span class='ocrx_word' id='word_1_742' title='bbox 2430 3642 2570 3709; x_wconf 83' lang='lat' dir='ltr'><strong>quod</strong></span> <span class='ocrx_word' id='word_1_743' title='bbox 2598 3641 3080 3707; x_wconf 80' lang='lat' dir='ltr'><strong>videbatadorare,</strong></span> <span class='ocrx_word' id='word_1_744' title='bbox 3110 3647 3202 3701; x_wconf 90' lang='lat' dir='ltr'><strong>sed</strong></span> <span class='ocrx_word' id='word_1_745' title='bbox 3228 3658 3279 3701; x_wconf 89' lang='lat' dir='ltr'><strong>et</strong></span> <span class='ocrx_word' id='word_1_746' title='bbox 3307 3648 3531 3702; x_wconf 86' lang='lat' dir='ltr'><strong>deorum</strong></span> 
     </span>
    </p>
   </div>
   <div class='ocr_carea' id='block_1_98' title="bbox 1934 3730 3530 3807">
    <p class='ocr_par' dir='ltr' id='par_1_98' title="bbox 1934 3730 3530 3807">
     <span class='ocr_line' id='line_1_98' title="bbox 1934 3730 3530 3807; baseline 0.009 -28"><span class='ocrx_word' id='word_1_747' title='bbox 1934 3730 2293 3797; x_wconf 87' lang='lat' dir='ltr'><strong>pluralitatem</strong></span> <span class='ocrx_word' id='word_1_748' title='bbox 2329 3734 2639 3803; x_wconf 79' lang='lat' dir='ltr'><strong>contingere</strong></span> <span class='ocrx_word' id='word_1_749' title='bbox 2666 3754 2679 3789; x_wconf 90' lang='lat'>:</span> <span class='ocrx_word' id='word_1_750' title='bbox 2710 3739 3033 3790; x_wconf 88' lang='lat' dir='ltr'><strong>sententiam</strong></span> <span class='ocrx_word' id='word_1_751' title='bbox 3066 3752 3217 3790; x_wconf 89' lang='lat' dir='ltr'><strong>suam</strong></span> <span class='ocrx_word' id='word_1_752' title='bbox 3262 3740 3530 3807; x_wconf 80' lang='lat' dir='ltr'><strong>interpre-</strong></span> 
     </span>
    </p>
   </div>
   <div class='ocr_carea' id='block_1_99' title="bbox 1936 3826 3530 3896">
    <p class='ocr_par' dir='ltr' id='par_1_99' title="bbox 1936 3826 3530 3896">
     <span class='ocr_line' id='line_1_99' title="bbox 1936 3826 3530 3896; baseline 0.005 -21"><span class='ocrx_word' id='word_1_753' title='bbox 1936 3830 2094 3883; x_wconf 78' lang='lat' dir='ltr'><strong>tatur,</strong></span> <span class='ocrx_word' id='word_1_754' title='bbox 2129 3839 2234 3876; x_wconf 88' lang='lat' dir='ltr'><strong>non</strong></span> <span class='ocrx_word' id='word_1_755' title='bbox 2274 3836 2451 3877; x_wconf 87' lang='lat' dir='ltr'><strong>autem</strong></span> <span class='ocrx_word' id='word_1_756' title='bbox 2506 3826 2556 3878; x_wconf 86' lang='lat' dir='ltr'><strong>id</strong></span> <span class='ocrx_word' id='word_1_757' title='bbox 2587 3828 2727 3894; x_wconf 89' lang='lat' dir='ltr'><strong>quod</strong></span> <span class='ocrx_word' id='word_1_758' title='bbox 2758 3828 3211 3896; x_wconf 85' lang='lat' dir='ltr'><strong>videturjutlieat.</strong></span> <span class='ocrx_word' id='word_1_759' title='bbox 3248 3830 3317 3883; x_wconf 87' lang='lat' dir='ltr'><strong>Ut</strong></span> <span class='ocrx_word' id='word_1_760' title='bbox 3353 3844 3530 3884; x_wconf 84' lang='lat' dir='ltr'><strong>autem</strong></span> 
     </span>
    </p>
   </div>
   <div class='ocr_carea' id='block_1_100' title="bbox 1932 3914 3532 3986">
    <p class='ocr_par' dir='ltr' id='par_1_100' title="bbox 1932 3914 3532 3986">
     <span class='ocr_line' id='line_1_100' title="bbox 1932 3914 3532 3986; baseline 0.006 -22"><span class='ocrx_word' id='word_1_761' title='bbox 1932 3914 1999 3965; x_wconf 84' lang='lat' dir='ltr'><strong>ad</strong></span> <span class='ocrx_word' id='word_1_762' title='bbox 2031 3916 2362 3983; x_wconf 88' lang='lat' dir='ltr'><strong>propositum</strong></span> <span class='ocrx_word' id='word_1_763' title='bbox 2413 3924 2767 3981; x_wconf 82' lang='lat' dir='ltr'><strong>revertamur,</strong></span> <span class='ocrx_word' id='word_1_764' title='bbox 2808 3934 2927 3986; x_wconf 71' lang='lat' dir='ltr'><strong>quae</strong></span> <span class='ocrx_word' id='word_1_765' title='bbox 2978 3920 3178 3972; x_wconf 84' lang='lat' dir='ltr'><strong>audivit</strong></span> <span class='ocrx_word' id='word_1_766' title='bbox 3223 3920 3420 3985; x_wconf 84' lang='lat' dir='ltr'><strong>Israel,</strong></span> <span class='ocrx_word' id='word_1_767' title='bbox 3456 3932 3532 3974; x_wconf 78' lang='lat' dir='ltr'><strong>tet</strong></span> 
     </span>
    </p>
   </div>
   <div class='ocr_carea' id='block_1_101' title="bbox 1930 4009 3533 4081">
    <p class='ocr_par' dir='ltr' id='par_1_101' title="bbox 1930 4009 3533 4081">
     <span class='ocr_line' id='line_1_101' title="bbox 1930 4009 3533 4081; baseline 0.006 -22"><span class='ocrx_word' id='word_1_768' title='bbox 1930 4009 2319 4075; x_wconf 82' lang='lat' dir='ltr'><strong>circumseptus</strong></span> <span class='ocrx_word' id='word_1_769' title='bbox 2374 4014 2668 4075; x_wconf 82' lang='lat' dir='ltr'><strong>portentis,</strong></span> <span class='ocrx_word' id='word_1_770' title='bbox 2699 4021 2753 4065; x_wconf 90' lang='lat' dir='ltr'><strong>et</strong></span> <span class='ocrx_word' id='word_1_771' title='bbox 2808 4021 2951 4065; x_wconf 87' lang='lat' dir='ltr'><strong>tanta</strong></span> <span class='ocrx_word' id='word_1_772' title='bbox 2998 4012 3232 4067; x_wconf 90' lang='lat' dir='ltr'><strong>imbutus</strong></span> <span class='ocrx_word' id='word_1_773' title='bbox 3284 4013 3434 4081; x_wconf 75' lang='lat' dir='ltr'><strong>lege,</strong></span> <span class='ocrx_word' id='word_1_774' title='bbox 3481 4024 3533 4068; x_wconf 86' lang='lat' dir='ltr'><strong>et</strong></span> 
     </span>
    </p>
   </div>
   <div class='ocr_carea' id='block_1_102' title="bbox 1934 4085 3532 4173">
    <p class='ocr_par' dir='ltr' id='par_1_102' title="bbox 1934 4085 3532 4173">
     <span class='ocr_line' id='line_1_102' title="bbox 1934 4085 3532 4173; baseline 0.004 -22"><span class='ocrx_word' id='word_1_775' title='bbox 1934 4110 2112 4152; x_wconf 91' lang='lat' dir='ltr'><strong>tamen</strong></span> <span class='ocrx_word' id='word_1_776' title='bbox 2140 4100 2368 4167; x_wconf 77' lang='lat' dir='ltr'><strong>negavit,</strong></span> <span class='ocrx_word' id='word_1_777' title='bbox 2406 4101 2517 4153; x_wconf 69' lang='lat' dir='ltr'><strong>lucc</strong></span> <span class='ocrx_word' id='word_1_778' title='bbox 2541 4101 2728 4156; x_wconf 75' lang='lat' dir='ltr'><strong>Ruhab</strong></span> <span class='ocrx_word' id='word_1_779' title='bbox 2758 4104 2808 4155; x_wconf 91' lang='lat' dir='ltr'><strong>in</strong></span> <span class='ocrx_word' id='word_1_780' title='bbox 2838 4102 3079 4172; x_wconf 87' lang='lat' dir='ltr'><strong>lupanari</strong></span> <span class='ocrx_word' id='word_1_781' title='bbox 3112 4105 3314 4158; x_wconf 86' lang='lat' dir='ltr'><strong>inclusa</strong></span> <span class='ocrx_word' id='word_1_782' title='bbox 3342 4085 3532 4173; x_wconf 64' lang='lat' dir='ltr'><strong>przedi-</strong></span> 
     </span>
    </p>
   </div>
   <div class='ocr_carea' id='block_1_103' title="bbox 1931 4190 3527 4265">
    <p class='ocr_par' dir='ltr' id='par_1_103' title="bbox 1931 4190 3527 4265">
     <span class='ocr_line' id='line_1_103' title="bbox 1931 4190 3527 4265; baseline 0.004 -24"><span class='ocrx_word' id='word_1_783' title='bbox 1931 4201 2016 4241; x_wconf 89' lang='lat' dir='ltr'><strong>eat</strong></span> <span class='ocrx_word' id='word_1_784' title='bbox 2050 4208 2063 4243; x_wconf 85' lang='lat'><strong>:</strong></span> <span class='ocrx_word' id='word_1_785' title='bbox 2096 4190 2226 4242; x_wconf 86' lang='lat' dir='ltr'><strong>dicit</strong></span> <span class='ocrx_word' id='word_1_786' title='bbox 2256 4190 2396 4243; x_wconf 88' lang='lat' dir='ltr'><strong>enim</strong></span> <span class='ocrx_word' id='word_1_787' title='bbox 2420 4193 2853 4259; x_wconf 82' lang='lat' dir='ltr'><strong>exploratoribus</strong></span> <span class='ocrx_word' id='word_1_788' title='bbox 2879 4236 2891 4253; x_wconf 85' lang='lat'><em>.</em></span> <span class='ocrx_word' id='word_1_789' title='bbox 2918 4192 3169 4247; x_wconf 81' lang='lat' dir='ltr'><strong>Nouimus</strong></span> <span class='ocrx_word' id='word_1_790' title='bbox 3196 4208 3384 4263; x_wconf 81' lang='lat' dir='ltr'><strong>quanta</strong></span> <span class='ocrx_word' id='word_1_791' title='bbox 3409 4198 3527 4265; x_wconf 73' lang='lat' dir='ltr'><strong>{erit</strong></span> 
     </span>
    </p>
   </div>
   <div class='ocr_carea' id='block_1_104' title="bbox 1932 4278 3529 4355">
    <p class='ocr_par' dir='ltr' id='par_1_104' title="bbox 1932 4278 3529 4355">
     <span class='ocr_line' id='line_1_104' title="bbox 1932 4278 3529 4355; baseline 0.005 -24"><span class='ocrx_word' id='word_1_792' title='bbox 1932 4278 2068 4332; x_wconf 83' lang='lat' dir='ltr'><strong>Deus</strong></span> <span class='ocrx_word' id='word_1_793' title='bbox 2118 4292 2274 4334; x_wconf 85' lang='lat' dir='ltr'><strong>vester</strong></span> <span class='ocrx_word' id='word_1_794' title='bbox 2328 4281 2591 4351; x_wconf 51' lang='lat' dir='ltr'><strong>(Egypliis</strong></span> <span class='ocrx_word' id='word_1_795' title='bbox 2624 4283 2756 4350; x_wconf 84' lang='lat' dir='ltr'><strong>(Jos.</strong></span> <span class='ocrx_word' id='word_1_796' title='bbox 2791 4286 2843 4338; x_wconf 60' lang='lat'><strong>‘2.</strong></span> <span class='ocrx_word' id='word_1_797' title='bbox 2874 4286 2950 4355; x_wconf 83' lang='lat'><strong>9).</strong></span> <span class='ocrx_word' id='word_1_798' title='bbox 2981 4285 3197 4339; x_wconf 71' lang='lat' dir='ltr'><strong>Jutla-us</strong></span> <span class='ocrx_word' id='word_1_799' title='bbox 3239 4287 3406 4349; x_wconf 86' lang='lat' dir='ltr'><strong>dicit,</strong></span> <span class='ocrx_word' id='word_1_800' title='bbox 3459 4288 3529 4339; x_wconf 87' lang='lat' dir='ltr'><strong>lli</strong></span> 
     </span>
    </p>
   </div>
   <div class='ocr_carea' id='block_1_105' title="bbox 1928 4371 3530 4445">
    <p class='ocr_par' dir='ltr' id='par_1_105' title="bbox 1928 4371 3530 4445">
     <span class='ocr_line' id='line_1_105' title="bbox 1928 4371 3530 4445; baseline 0.005 -23"><span class='ocrx_word' id='word_1_801' title='bbox 1928 4381 2044 4422; x_wconf 85' lang='lat' dir='ltr'><strong>sunt</strong></span> <span class='ocrx_word' id='word_1_802' title='bbox 2084 4371 2154 4422; x_wconf 80' lang='lat' dir='ltr'><strong>dii</strong></span> <span class='ocrx_word' id='word_1_803' title='bbox 2199 4372 2291 4437; x_wconf 86' lang='lat' dir='ltr'><strong>tui,</strong></span> <span class='ocrx_word' id='word_1_804' title='bbox 2321 4373 2406 4436; x_wconf 89' lang='lat' dir='ltr'><strong>qui</strong></span> <span class='ocrx_word' id='word_1_805' title='bbox 2448 4374 2730 4425; x_wconf 65' lang='lat' dir='ltr'><strong>eduxerunt</strong></span> <span class='ocrx_word' id='word_1_806' title='bbox 2773 4386 2818 4426; x_wconf 87' lang='lat' dir='ltr'><strong>te</strong></span> <span class='ocrx_word' id='word_1_807' title='bbox 2846 4375 2908 4427; x_wconf 85' lang='lat' dir='ltr'><strong>de</strong></span> <span class='ocrx_word' id='word_1_808' title='bbox 2937 4386 3069 4427; x_wconf 86' lang='lat' dir='ltr'><strong>terra</strong></span> <span class='ocrx_word' id='word_1_809' title='bbox 3092 4375 3310 4445; x_wconf 70' lang='lat' dir='ltr'><strong>.Egypti</strong></span> <span class='ocrx_word' id='word_1_810' title='bbox 3332 4376 3530 4443; x_wconf 72' lang='lat' dir='ltr'><strong>(Exod.</strong></span> 
     </span>
    </p>
   </div>
   <div class='ocr_carea' id='block_1_106' title="bbox 1930 4464 3531 4533">
    <p class='ocr_par' dir='ltr' id='par_1_106' title="bbox 1930 4464 3531 4533">
     <span class='ocr_line' id='line_1_106' title="bbox 1930 4464 3531 4533; baseline 0.004 -17"><span class='ocrx_word' id='word_1_811' title='bbox 1930 4464 2019 4517; x_wconf 74' lang='lat'><strong>52.</strong></span> <span class='ocrx_word' id='word_1_812' title='bbox 2044 4466 2099 4533; x_wconf 73' lang='grc'><strong>4)</strong></span> <span class='ocrx_word' id='word_1_813' title='bbox 2126 4481 2139 4528; x_wconf 89' lang='grc'>;</span> <span class='ocrx_word' id='word_1_814' title='bbox 2168 4474 2223 4518; x_wconf 89' lang='lat' dir='ltr'><strong>et</strong></span> <span class='ocrx_word' id='word_1_815' title='bbox 2251 4470 2505 4519; x_wconf 86' lang='lat' dir='ltr'><strong>meretrix</strong></span> <span class='ocrx_word' id='word_1_816' title='bbox 2538 4483 2641 4519; x_wconf 90' lang='lat' dir='ltr'><strong>non</strong></span> <span class='ocrx_word' id='word_1_817' title='bbox 2667 4467 2789 4531; x_wconf 88' lang='lat' dir='ltr'><strong>diis,</strong></span> <span class='ocrx_word' id='word_1_818' title='bbox 2817 4468 2909 4521; x_wconf 84' lang='lat' dir='ltr'><strong>sed</strong></span> <span class='ocrx_word' id='word_1_819' title='bbox 2937 4468 3046 4522; x_wconf 82' lang='lat' dir='ltr'><strong>Deo</strong></span> <span class='ocrx_word' id='word_1_820' title='bbox 3074 4470 3299 4523; x_wconf 86' lang='lat' dir='ltr'><strong>salutem</strong></span> <span class='ocrx_word' id='word_1_821' title='bbox 3330 4470 3531 4523; x_wconf 80' lang='lat' dir='ltr'><strong>adscri-</strong></span> 
     </span>
    </p>
   </div>
   <div class='ocr_carea' id='block_1_107' title="bbox 1932 4557 3525 4630">
    <p class='ocr_par' dir='ltr' id='par_1_107' title="bbox 1932 4557 3525 4630">
     <span class='ocr_line' id='line_1_107' title="bbox 1932 4557 3525 4630; baseline 0.004 -22"><span class='ocrx_word' id='word_1_822' title='bbox 1932 4557 2005 4609; x_wconf 86' lang='lat' dir='ltr'><strong>hit</strong></span> <span class='ocrx_word' id='word_1_823' title='bbox 2032 4575 2043 4606; x_wconf 90' lang='lat'><strong><em>:</em></strong></span> <span class='ocrx_word' id='word_1_824' title='bbox 2078 4557 2325 4608; x_wconf 71' lang='lat' dir='ltr'><strong>Nouimus</strong></span> <span class='ocrx_word' id='word_1_825' title='bbox 2347 4569 2534 4625; x_wconf 80' lang='lat' dir='ltr'><strong>quanta</strong></span> <span class='ocrx_word' id='word_1_826' title='bbox 2564 4557 2707 4611; x_wconf 84' lang='lat' dir='ltr'><strong>Deus</strong></span> <span class='ocrx_word' id='word_1_827' title='bbox 2734 4569 2890 4611; x_wconf 78' lang='lat' dir='ltr'><strong>vester</strong></span> <span class='ocrx_word' id='word_1_828' title='bbox 2914 4561 3027 4626; x_wconf 78' lang='lat' dir='ltr'><strong>fecit</strong></span> <span class='ocrx_word' id='word_1_829' title='bbox 3057 4560 3323 4630; x_wconf 62' lang='lat' dir='ltr'><strong>Afgyptiis</strong></span> <span class='ocrx_word' id='word_1_830' title='bbox 3354 4563 3404 4614; x_wconf 85' lang='lat' dir='ltr'><strong>in</strong></span> <span class='ocrx_word' id='word_1_831' title='bbox 3436 4564 3525 4614; x_wconf 81' lang='lat' dir='ltr'><strong>de-</strong></span> 
     </span>
    </p>
   </div>
   <div class='ocr_carea' id='block_1_108' title="bbox 1930 4652 3524 4721">
    <p class='ocr_par' dir='ltr' id='par_1_108' title="bbox 1930 4652 3524 4721">
     <span class='ocr_line' id='line_1_108' title="bbox 1930 4652 3524 4721; baseline 0.004 -21"><span class='ocrx_word' id='word_1_832' title='bbox 1930 4658 2061 4701; x_wconf 85' lang='lat' dir='ltr'><strong>serto</strong></span> <span class='ocrx_word' id='word_1_833' title='bbox 2089 4690 2103 4713; x_wconf 92' lang='lat'><strong>,</strong></span> <span class='ocrx_word' id='word_1_834' title='bbox 2136 4660 2181 4701; x_wconf 87' lang='lat' dir='ltr'><strong>et</strong></span> <span class='ocrx_word' id='word_1_835' title='bbox 2213 4652 2533 4715; x_wconf 75' lang='lat' dir='ltr'><strong>audivimus,</strong></span> <span class='ocrx_word' id='word_1_836' title='bbox 2568 4662 2613 4702; x_wconf 90' lang='lat' dir='ltr'><strong>ct</strong></span> <span class='ocrx_word' id='word_1_837' title='bbox 2660 4653 2988 4721; x_wconf 77' lang='lat' dir='ltr'><strong>liquefactum</strong></span> <span class='ocrx_word' id='word_1_838' title='bbox 3036 4665 3108 4705; x_wconf 87' lang='lat' dir='ltr'><strong>est</strong></span> <span class='ocrx_word' id='word_1_839' title='bbox 3141 4671 3230 4707; x_wconf 88' lang='lat' dir='ltr'><strong>cor</strong></span> <span class='ocrx_word' id='word_1_840' title='bbox 3276 4666 3524 4717; x_wconf 80' lang='lat' dir='ltr'><strong>nostrum,</strong></span> 
     </span>
    </p>
   </div>
   <div class='ocr_carea' id='block_1_109' title="bbox 1931 4740 3531 4815">
    <p class='ocr_par' dir='ltr' id='par_1_109' title="bbox 1931 4740 3531 4815">
     <span class='ocr_line' id='line_1_109' title="bbox 1931 4740 3531 4815; baseline 0.004 -23"><span class='ocrx_word' id='word_1_841' title='bbox 1931 4750 1976 4792; x_wconf 87' lang='lat' dir='ltr'><strong>et</strong></span> <span class='ocrx_word' id='word_1_842' title='bbox 2021 4740 2263 4806; x_wconf 80' lang='lat' dir='ltr'><strong>fortitudo</strong></span> <span class='ocrx_word' id='word_1_843' title='bbox 2312 4758 2410 4793; x_wconf 84' lang='lat' dir='ltr'><strong>non</strong></span> <span class='ocrx_word' id='word_1_844' title='bbox 2458 4753 2529 4794; x_wconf 84' lang='lat' dir='ltr'><strong>est</strong></span> <span class='ocrx_word' id='word_1_845' title='bbox 2584 4744 2635 4793; x_wconf 85' lang='lat' dir='ltr'><strong>iu</strong></span> <span class='ocrx_word' id='word_1_846' title='bbox 2667 4742 2828 4795; x_wconf 81' lang='lat' dir='ltr'><strong>nobis.</strong></span> <span class='ocrx_word' id='word_1_847' title='bbox 2874 4742 3124 4797; x_wconf 82' lang='lat' dir='ltr'><strong>Nouimus</strong></span> <span class='ocrx_word' id='word_1_848' title='bbox 3174 4756 3365 4813; x_wconf 83' lang='lat' dir='ltr'><strong>quanta</strong></span> <span class='ocrx_word' id='word_1_849' title='bbox 3416 4749 3531 4815; x_wconf 77' lang='lat' dir='ltr'><strong>fecit</strong></span> 
     </span>
    </p>
   </div>
   <div class='ocr_carea' id='block_1_110' title="bbox 1932 4831 3531 4904">
    <p class='ocr_par' dir='ltr' id='par_1_110' title="bbox 1932 4831 3531 4904">
     <span class='ocr_line' id='line_1_110' title="bbox 1932 4831 3531 4904; baseline 0.006 -21"><span class='ocrx_word' id='word_1_850' title='bbox 1932 4831 2068 4885; x_wconf 82' lang='lat' dir='ltr'><strong>Deus</strong></span> <span class='ocrx_word' id='word_1_851' title='bbox 2091 4844 2266 4885; x_wconf 83' lang='lat' dir='ltr'><strong>vester.</strong></span> <span class='ocrx_word' id='word_1_852' title='bbox 2303 4832 2461 4887; x_wconf 82' lang='lat' dir='ltr'><strong>Vides</strong></span> <span class='ocrx_word' id='word_1_853' title='bbox 2504 4835 2775 4902; x_wconf 87' lang='lat' dir='ltr'><strong>quomodo</strong></span> <span class='ocrx_word' id='word_1_854' title='bbox 2823 4836 3014 4904; x_wconf 89' lang='lat' dir='ltr'><strong>recipit</strong></span> <span class='ocrx_word' id='word_1_855' title='bbox 3055 4837 3377 4904; x_wconf 84' lang='lat' dir='ltr'><strong>legislatoris</strong></span> <span class='ocrx_word' id='word_1_856' title='bbox 3410 4854 3531 4892; x_wconf 76' lang='lat' dir='ltr'><strong>ver-</strong></span> 
     </span>
    </p>
   </div>
   <div class='ocr_carea' id='block_1_111' title="bbox 1932 4922 3609 4993">
    <p class='ocr_par' dir='ltr' id='par_1_111' title="bbox 1932 4922 3609 4993">
     <span class='ocr_line' id='line_1_111' title="bbox 1932 4922 3609 4993; baseline 0.005 -18"><span class='ocrx_word' id='word_1_857' title='bbox 1932 4922 2056 4975; x_wconf 86' lang='lat' dir='ltr'><strong>bum</strong></span> <span class='ocrx_word' id='word_1_858' title='bbox 2113 4938 2206 4991; x_wconf 87' lang='lat' dir='ltr'><strong>per</strong></span> <span class='ocrx_word' id='word_1_859' title='bbox 2247 4922 2447 4977; x_wconf 81' lang='lat' dir='ltr'><strong>ﬁdem?</strong></span> <span class='ocrx_word' id='word_1_860' title='bbox 2479 4923 2544 4975; x_wconf 78' lang='lat' dir='ltr'><strong>Et</strong></span> <span class='ocrx_word' id='word_1_861' title='bbox 2588 4926 2703 4976; x_wconf 76' lang='lat' dir='ltr'><strong>novi</strong></span> <span class='ocrx_word' id='word_1_862' title='bbox 2741 4927 2876 4993; x_wconf 85' lang='lat' dir='ltr'><strong>quod</strong></span> <span class='ocrx_word' id='word_1_863' title='bbox 2925 4926 3062 4979; x_wconf 84' lang='lat' dir='ltr'><strong>Deus</strong></span> <span class='ocrx_word' id='word_1_864' title='bbox 3094 4939 3253 4981; x_wconf 85' lang='lat' dir='ltr'><strong>vester</strong></span> <span class='ocrx_word' id='word_1_865' title='bbox 3302 4932 3353 4982; x_wconf 85' lang='lat' dir='ltr'><strong>in</strong></span> <span class='ocrx_word' id='word_1_866' title='bbox 3408 4933 3530 4983; x_wconf 78' lang='lat' dir='ltr'><strong>ctelo</strong></span> <span class='ocrx_word' id='word_1_867' title='bbox 3604 4946 3609 4949; x_wconf 86' lang='lat'>‘</span> 
     </span>
    </p>
   </div>
   <div class='ocr_carea' id='block_1_112' title="bbox 1930 5016 3530 5088">
    <p class='ocr_par' dir='ltr' id='par_1_112' title="bbox 1930 5016 3530 5088">
     <span class='ocr_line' id='line_1_112' title="bbox 1930 5016 3530 5088; baseline 0.008 -23"><span class='ocrx_word' id='word_1_868' title='bbox 1930 5032 2169 5080; x_wconf 82' lang='lat' dir='ltr'><strong>sursum,</strong></span> <span class='ocrx_word' id='word_1_869' title='bbox 2198 5017 2321 5068; x_wconf 81' lang='lat' dir='ltr'><strong>etin</strong></span> <span class='ocrx_word' id='word_1_870' title='bbox 2362 5026 2495 5069; x_wconf 85' lang='lat' dir='ltr'><strong>terra</strong></span> <span class='ocrx_word' id='word_1_871' title='bbox 2533 5016 2770 5071; x_wconf 86' lang='lat' dir='ltr'><strong>deorsum</strong></span> <span class='ocrx_word' id='word_1_872' title='bbox 2805 5034 2823 5071; x_wconf 95' lang='lat'><em>:</em></span> <span class='ocrx_word' id='word_1_873' title='bbox 2848 5029 2893 5071; x_wconf 83' lang='lat' dir='ltr'><strong>et</strong></span> <span class='ocrx_word' id='word_1_874' title='bbox 2924 5031 3107 5088; x_wconf 71' lang='lat' dir='ltr'><strong>prazter</strong></span> <span class='ocrx_word' id='word_1_875' title='bbox 3158 5038 3273 5075; x_wconf 81' lang='lat' dir='ltr'><strong>eum</strong></span> <span class='ocrx_word' id='word_1_876' title='bbox 3320 5040 3420 5077; x_wconf 81' lang='lat' dir='ltr'><strong>non</strong></span> <span class='ocrx_word' id='word_1_877' title='bbox 3460 5035 3530 5077; x_wconf 84' lang='lat' dir='ltr'><strong>est</strong></span> 
     </span>
    </p>
   </div>
   <div class='ocr_carea' id='block_1_113' title="bbox 1932 5107 2091 5161">
    <p class='ocr_par' dir='ltr' id='par_1_113' title="bbox 1932 5107 2091 5161">
     <span class='ocr_line' id='line_1_113' title="bbox 1932 5107 2091 5161; baseline -0.006 -1"><span class='ocrx_word' id='word_1_878' title='bbox 1932 5107 2091 5161; x_wconf 85' lang='lat' dir='ltr'><strong>Deus.</strong></span> 
     </span>
    </p>
   </div>
   <div class='ocr_carea' id='block_1_114' title="bbox 2006 5201 3529 5277">
    <p class='ocr_par' dir='ltr' id='par_1_114' title="bbox 2006 5201 3529 5277">
     <span class='ocr_line' id='line_1_114' title="bbox 2006 5201 3529 5277; baseline 0.005 -22"><span class='ocrx_word' id='word_1_879' title='bbox 2006 5201 2185 5255; x_wconf 73' lang='lat' dir='ltr'><strong>Ita/tab</strong></span> <span class='ocrx_word' id='word_1_880' title='bbox 2218 5201 2461 5256; x_wconf 76' lang='lat' dir='ltr'><strong>Ecclesia:</strong></span> <span class='ocrx_word' id='word_1_881' title='bbox 2501 5203 2689 5271; x_wconf 80' lang='lat' dir='ltr'><strong>ﬁgura.</strong></span> <span class='ocrx_word' id='word_1_882' title='bbox 2712 5236 2785 5246; x_wconf 89' lang='lat'><strong>-—-</strong></span> <span class='ocrx_word' id='word_1_883' title='bbox 2812 5205 2995 5259; x_wconf 82' lang='lat' dir='ltr'><strong>Rahah</strong></span> <span class='ocrx_word' id='word_1_884' title='bbox 3016 5215 3099 5261; x_wconf 87' lang='lat' dir='ltr'><strong>est</strong></span> <span class='ocrx_word' id='word_1_885' title='bbox 3135 5209 3301 5277; x_wconf 72' lang='lat' dir='ltr'><strong>figura</strong></span> <span class='ocrx_word' id='word_1_886' title='bbox 3340 5208 3529 5263; x_wconf 82' lang='lat' dir='ltr'><strong>Eccle-</strong></span> 
     </span>
    </p>
   </div>
   <div class='ocr_carea' id='block_1_115' title="bbox 1931 5291 3529 5364">
    <p class='ocr_par' dir='ltr' id='par_1_115' title="bbox 1931 5291 3529 5364">
     <span class='ocr_line' id='line_1_115' title="bbox 1931 5291 3529 5364; baseline 0.005 -19"><span class='ocrx_word' id='word_1_887' title='bbox 1931 5291 2025 5345; x_wconf 67' lang='lat' dir='ltr'><strong>siae</strong></span> <span class='ocrx_word' id='word_1_888' title='bbox 2055 5294 2106 5345; x_wconf 90' lang='lat' dir='ltr'><strong>in</strong></span> <span class='ocrx_word' id='word_1_889' title='bbox 2157 5292 2509 5347; x_wconf 82' lang='lat' dir='ltr'><strong>fornicatione</strong></span> <span class='ocrx_word' id='word_1_890' title='bbox 2552 5294 2857 5349; x_wconf 61' lang='lat' dir='ltr'><strong>dicmonum</strong></span> <span class='ocrx_word' id='word_1_891' title='bbox 2900 5296 3026 5350; x_wconf 91' lang='lat' dir='ltr'><strong>olim</strong></span> <span class='ocrx_word' id='word_1_892' title='bbox 3066 5298 3354 5364; x_wconf 66' lang='grc' dir='ltr'><strong>νοιυιίιιεῐε,</strong></span> <span class='ocrx_word' id='word_1_893' title='bbox 3390 5316 3529 5353; x_wconf 90' lang='lat' dir='ltr'><strong>nunc</strong></span> 
     </span>
    </p>
   </div>
   <div class='ocr_carea' id='block_1_116' title="bbox 1930 5384 3527 5457">
    <p class='ocr_par' dir='ltr' id='par_1_116' title="bbox 1930 5384 3527 5457">
     <span class='ocr_line' id='line_1_116' title="bbox 1930 5384 3527 5457; baseline 0.004 -21"><span class='ocrx_word' id='word_1_894' title='bbox 1930 5399 2062 5437; x_wconf 89' lang='lat' dir='ltr'><strong>vero</strong></span> <span class='ocrx_word' id='word_1_895' title='bbox 2113 5384 2311 5438; x_wconf 87' lang='lat' dir='ltr'><strong>Christi</strong></span> <span class='ocrx_word' id='word_1_896' title='bbox 2363 5386 2730 5454; x_wconf 84' lang='lat' dir='ltr'><strong>exploratores</strong></span> <span class='ocrx_word' id='word_1_897' title='bbox 2778 5388 3144 5457; x_wconf 85' lang='lat' dir='ltr'><strong>Suscipieutis,</strong></span> <span class='ocrx_word' id='word_1_898' title='bbox 3172 5406 3281 5443; x_wconf 87' lang='lat' dir='ltr'><strong>non</strong></span> <span class='ocrx_word' id='word_1_899' title='bbox 3322 5406 3349 5442; x_wconf 89' lang='lat' dir='ltr'><strong>a</strong></span> <span class='ocrx_word' id='word_1_900' title='bbox 3400 5391 3527 5445; x_wconf 83' lang='lat' dir='ltr'><strong>Jesu</strong></span> 
     </span>
    </p>
   </div>
   <div class='ocr_carea' id='block_1_117' title="bbox 1924 5476 3520 5549">
    <p class='ocr_par' dir='ltr' id='par_1_117' title="bbox 1924 5476 3520 5549">
     <span class='ocr_line' id='line_1_117' title="bbox 1924 5476 3520 5549; baseline 0.003 -18"><span class='ocrx_word' id='word_1_901' title='bbox 1924 5476 2069 5532; x_wconf 88' lang='lat' dir='ltr'><strong>Nave</strong></span> <span class='ocrx_word' id='word_1_902' title='bbox 2094 5477 2227 5545; x_wconf 86' lang='lat' dir='ltr'><strong>filio,</strong></span> <span class='ocrx_word' id='word_1_903' title='bbox 2255 5479 2347 5533; x_wconf 88' lang='lat' dir='ltr'><strong>sed</strong></span> <span class='ocrx_word' id='word_1_904' title='bbox 2377 5494 2405 5531; x_wconf 91' lang='lat' dir='ltr'><strong>a</strong></span> <span class='ocrx_word' id='word_1_905' title='bbox 2437 5478 2561 5533; x_wconf 80' lang='lat' dir='ltr'><strong>Iesu</strong></span> <span class='ocrx_word' id='word_1_906' title='bbox 2592 5496 2721 5535; x_wconf 90' lang='lat' dir='ltr'><strong>vero</strong></span> <span class='ocrx_word' id='word_1_907' title='bbox 2752 5482 3045 5537; x_wconf 86' lang='lat' dir='ltr'><strong>Servatore</strong></span> <span class='ocrx_word' id='word_1_908' title='bbox 3076 5484 3272 5536; x_wconf 83' lang='lat' dir='ltr'><strong>missos</strong></span> <span class='ocrx_word' id='word_1_909' title='bbox 3299 5494 3520 5549; x_wconf 79' lang='lat' dir='ltr'><strong>aposto—</strong></span> 
     </span>
    </p>
   </div>
   <div class='ocr_carea' id='block_1_118' title="bbox 1925 5570 3519 5641">
    <p class='ocr_par' dir='ltr' id='par_1_118' title="bbox 1925 5570 3519 5641">
     <span class='ocr_line' id='line_1_118' title="bbox 1925 5570 3519 5641; baseline 0.003 -17"><span class='ocrx_word' id='word_1_910' title='bbox 1925 5572 2027 5625; x_wconf 88' lang='lat' dir='ltr'><strong>los.</strong></span> <span class='ocrx_word' id='word_1_911' title='bbox 2052 5570 2206 5635; x_wconf 82' lang='grc' dir='ltr'><strong>Νουί,</strong></span> <span class='ocrx_word' id='word_1_912' title='bbox 2240 5572 2446 5641; x_wconf 89' lang='lat' dir='ltr'><strong>inquit,</strong></span> <span class='ocrx_word' id='word_1_913' title='bbox 2476 5572 2612 5641; x_wconf 86' lang='lat' dir='ltr'><strong>quod</strong></span> <span class='ocrx_word' id='word_1_914' title='bbox 2644 5572 2779 5627; x_wconf 87' lang='lat' dir='ltr'><strong>Deus</strong></span> <span class='ocrx_word' id='word_1_915' title='bbox 2800 5584 2960 5628; x_wconf 74' lang='lat' dir='ltr'><strong>vester</strong></span> <span class='ocrx_word' id='word_1_916' title='bbox 2984 5576 3039 5627; x_wconf 84' lang='lat' dir='ltr'><strong>in</strong></span> <span class='ocrx_word' id='word_1_917' title='bbox 3068 5576 3192 5628; x_wconf 71' lang='lat' dir='ltr'><strong>cwlo</strong></span> <span class='ocrx_word' id='word_1_918' title='bbox 3222 5592 3456 5639; x_wconf 82' lang='lat' dir='ltr'><strong>sursum,</strong></span> <span class='ocrx_word' id='word_1_919' title='bbox 3479 5594 3519 5629; x_wconf 86' lang='lat' dir='ltr'><strong>et</strong></span> 
     </span>
    </p>
   </div>
   <div class='ocr_carea' id='block_1_119' title="bbox 1924 5663 3525 5734">
    <p class='ocr_par' dir='ltr' id='par_1_119' title="bbox 1924 5663 3525 5734">
     <span class='ocr_line' id='line_1_119' title="bbox 1924 5663 3525 5734; baseline 0.004 -20"><span class='ocrx_word' id='word_1_920' title='bbox 1924 5663 1977 5715; x_wconf 83' lang='lat' dir='ltr'><strong>in</strong></span> <span class='ocrx_word' id='word_1_921' title='bbox 2026 5672 2160 5715; x_wconf 87' lang='lat' dir='ltr'><strong>terra</strong></span> <span class='ocrx_word' id='word_1_922' title='bbox 2186 5663 2420 5716; x_wconf 82' lang='lat' dir='ltr'><strong>deorsum</strong></span> <span class='ocrx_word' id='word_1_923' title='bbox 2457 5675 2547 5717; x_wconf 87' lang='lat' dir='ltr'><strong>:et</strong></span> <span class='ocrx_word' id='word_1_924' title='bbox 2579 5675 2762 5734; x_wconf 69' lang='lat' dir='ltr'><strong>printer</strong></span> <span class='ocrx_word' id='word_1_925' title='bbox 2791 5682 2902 5719; x_wconf 91' lang='lat' dir='ltr'><strong>eum</strong></span> <span class='ocrx_word' id='word_1_926' title='bbox 2948 5683 3049 5719; x_wconf 86' lang='lat' dir='ltr'><strong>non</strong></span> <span class='ocrx_word' id='word_1_927' title='bbox 3100 5676 3174 5721; x_wconf 88' lang='lat' dir='ltr'><strong>est</strong></span> <span class='ocrx_word' id='word_1_928' title='bbox 3218 5666 3357 5719; x_wconf 85' lang='lat' dir='ltr'><strong>Deus</strong></span> <span class='ocrx_word' id='word_1_929' title='bbox 3389 5667 3525 5733; x_wconf 77' lang='lat' dir='ltr'><strong>(los.</strong></span> 
     </span>
    </p>
   </div>
   <div class='ocr_carea' id='block_1_120' title="bbox 1923 5754 3521 5828">
    <p class='ocr_par' dir='ltr' id='par_1_120' title="bbox 1923 5754 3521 5828">
     <span class='ocr_line' id='line_1_120' title="bbox 1923 5754 3521 5828; baseline 0.002 -20"><span class='ocrx_word' id='word_1_930' title='bbox 1923 5754 1978 5808; x_wconf 75' lang='grc'><strong>2.</strong></span> <span class='ocrx_word' id='word_1_931' title='bbox 2016 5755 2127 5828; x_wconf 76' lang='lat' dir='ltr'><strong>il).</strong></span> <span class='ocrx_word' id='word_1_932' title='bbox 2164 5755 2288 5810; x_wconf 72' lang='lat' dir='ltr'><strong>Iltrc</strong></span> <span class='ocrx_word' id='word_1_933' title='bbox 2312 5766 2637 5823; x_wconf 87' lang='lat' dir='ltr'><strong>acceperunt</strong></span> <span class='ocrx_word' id='word_1_934' title='bbox 2668 5756 2859 5815; x_wconf 66' lang='lat' dir='ltr'><strong>Judaei.</strong></span> <span class='ocrx_word' id='word_1_935' title='bbox 2894 5767 2949 5813; x_wconf 90' lang='lat' dir='ltr'><strong>et</strong></span> <span class='ocrx_word' id='word_1_936' title='bbox 2989 5773 3093 5812; x_wconf 91' lang='lat' dir='ltr'><strong>non</strong></span> <span class='ocrx_word' id='word_1_937' title='bbox 3119 5760 3483 5813; x_wconf 87' lang='lat' dir='ltr'><strong>custodierunt</strong></span> <span class='ocrx_word' id='word_1_938' title='bbox 3511 5778 3521 5811; x_wconf 91' lang='lat'>:</span> 
     </span>
    </p>
   </div>
   <div class='ocr_carea' id='block_1_121' title="bbox 1930 5847 3522 5926">
    <p class='ocr_par' dir='ltr' id='par_1_121' title="bbox 1930 5847 3522 5926">
     <span class='ocr_line' id='line_1_121' title="bbox 1930 5847 3522 5926; baseline 0.003 -25"><span class='ocrx_word' id='word_1_939' title='bbox 1930 5847 2043 5902; x_wconf 81' lang='lat' dir='ltr'><strong>haec</strong></span> <span class='ocrx_word' id='word_1_940' title='bbox 2102 5848 2303 5903; x_wconf 70' lang='lat' dir='ltr'><strong>audivit</strong></span> <span class='ocrx_word' id='word_1_941' title='bbox 2342 5847 2623 5914; x_wconf 84' lang='lat' dir='ltr'><strong>Ecclesia,</strong></span> <span class='ocrx_word' id='word_1_942' title='bbox 2678 5859 2732 5903; x_wconf 91' lang='lat' dir='ltr'><strong>et</strong></span> <span class='ocrx_word' id='word_1_943' title='bbox 2779 5852 3101 5905; x_wconf 77' lang='lat' dir='ltr'><strong>observavit.</strong></span> <span class='ocrx_word' id='word_1_944' title='bbox 3154 5851 3317 5926; x_wconf 75' lang='lat' dir='ltr'><strong>Digna</strong></span> <span class='ocrx_word' id='word_1_945' title='bbox 3371 5852 3522 5920; x_wconf 75' lang='lat' dir='ltr'><strong>igitur</strong></span> 
     </span>
    </p>
   </div>
  </div>
