4164 6324
687 417 784 472 331

682 526 828 583 omni
856 519 1011 578 laude
1038 521 1242 581 “abab.
1271 520 1522 577 Ecclesia:
1548 521 1740 591 imago.
1773 520 1948 587 Quire
1973 531 2266 589 generosus

687 612 880 675 Paullus
918 632 1038 672 cum
1072 612 1188 683 eju's
1242 614 1365 668 lidei
1415 611 1729 684 dignitatem
1774 610 2112 673 edidicisset.
2162 626 2284 665 non.

682 724 805 765 eam
834 707 1114 777 reprobam
1144 714 1337 776 putans
1374 703 1446 759 ob
1482 704 1713 774 priorem
1740 712 1934 758 statum
1952 743 1968 767 ,
1995 701 2090 756 sed
2117 716 2271 755 acce-

678 800 930 869 ptabilem
948 799 1017 853 ob
1036 796 1270 852 divinam
1291 796 1661 861 mutationem,
1677 810 1793 851 eam
1811 796 2010 847 sanctis
2026 793 2273 846 omnibus

678 900 1035 947 monument
1058 908 1071 943 :
1098 900 1151 945 et
1182 900 1463 961 postquam
1490 889 1718 951 dixerat,
1746 884 1879 939 Fide
1912 884 2038 939 Abel
2072 885 2273 953 sacriﬁ-

680 985 815 1035 cium
857 981 1053 1045 obtulit,
1082 982 1185 1047 ﬁde
1205 980 1460 1033 Abraham
1505 980 1607 1032 hoc
1650 987 1706 1033 et
1756 976 1883 1031 illud
1935 976 2058 1031 fecit
2078 974 2267 1046 (Hebr.

681 1073 707 1125 1
724 1074 744 1126 ι
763 1111 778 1123 .
798 1070 856 1142 ι)
874 1113 887 1135 ,
929 1071 1033 1125 ﬁde
1058 1070 1171 1124 Noe
1209 1084 1386 1124 arcam
1418 1066 1565 1135 fecit,
1595 1067 1700 1123 ﬁde
1720 1067 1934 1139 Iloyses
1960 1067 2074 1122 hac
2101 1077 2156 1122 et
2182 1066 2268 1121 illa

680 1162 939 1233 praeclare
988 1170 1133 1229 gesta
1190 1160 1396 1223 edidit;
1449 1174 1515 1215 ac
1569 1160 1766 1215 multos
1815 1159 2011 1214 deinde
2054 1168 2269 1213 sanctos

677 1264 1069 1311 memoraverat
1129 1253 1342 1309 tandem
1372 1251 1598 1323 adjecit,
1630 1251 1764 1306 Fide
1807 1252 1986 1307 Rahab
2034 1254 2270 1306 meretrix

677 1362 780 1400 non
805 1346 952 1417 pm'it
977 1361 1093 1398 cum
1117 1343 1409 1409 incredulis,
1433 1346 1775 1412 exploratores
1800 1343 2075 1410 excipiens,
2098 1352 2145 1396 et
2164 1344 2269 1396 alia

675 1440 756 1493 eia
785 1438 1038 1492 remittens
1067 1435 1250 1507 (Hebr.
1283 1435 1370 1489 Η.
1399 1436 1512 1507 3|).
1545 1434 1615 1490 Et
1651 1434 1773 1489 vide
1799 1434 2068 1504 quomodo
2102 1436 2266 1489 multa

676 1544 799 1584 eum
849 1529 1109 1599 sapientia
1159 1528 1544 1582 humanitatem
1596 1534 1741 1581 tuam
1807 1526 2263 1595 attemperaverit.

676 1618 810 1675 Nam
834 1632 957 1675 cum
982 1636 1012 1673 a
1038 1633 1165 1689 rege
1195 1619 1342 1673 missi
1378 1627 1503 1673 sunt
1535 1619 1623 1688 qui
1644 1617 2025 1687 exploratores
2052 1618 2267 1688 perqui-

678 1720 893 1777 rerent,
925 1710 1109 1765 dicunt
1128 1712 1199 1777 ei,
1226 1711 1288 1766 Si
1312 1710 1527 1782 ingressi
1550 1720 1667 1765 sunt
1695 1709 1764 1763 ad
1788 1719 1835 1764 te
1859 1710 1953 1763 viri
1970 1708 2103 1780 (los.
2131 1710 2185 1763 2.
2208 1711 2262 1765 3.

676 1800 733 1869 ι)
754 1802 778 1850 't
798 1800 1072 1869 respondit
1098 1803 1177 1856 eis
1199 1842 1215 1866 ,
1243 1800 1415 1855 Etiam
1444 1801 1668 1870 ingressi
1690 1809 1833 1855 sunt.
1864 1800 2043 1855 Primo
2068 1801 2266 1856 verita-

677 1897 784 1943 tem
810 1889 1058 1954 aediﬁcat,
1077 1898 1235 1958 atque
1261 1890 1333 1944 ita
1359 1890 1699 1946 mendacium
1724 1891 1942 1947 inducit.
1965 1892 2262 1963 Numquam

674 1979 818 2033 enim
846 1980 1178 2034 mendacium
1210 1982 1650 2051 persecreditur,
1680 1982 1782 2037 nisi
1806 1984 2085 2038 veritatem
2117 1984 2265 2052 prius

674 2069 963 2124 ostendere
987 2072 1348 2139 occupaverit.
1382 2069 1507 2127 Ideo
1534 2073 1624 2144 qui
1642 2072 1803 2127 modo
1833 2072 1899 2127 ad
1942 2074 2265 2143 persuaden-

671 2157 800 2213 dum
834 2169 957 2229 apto
990 2162 1337 2229 mentiuntur,
1381 2165 1556 2232 primo
1601 2178 1725 2217 vera
1764 2163 1952 2218 dicunt
1988 2173 2148 2234 atque
2173 2182 2258 2235 ea,

671 2266 793 2320 quac
821 2250 962 2321 apud
985 2267 1175 2308 omnes
1214 2255 1266 2307 in
1297 2254 1547 2310 confesso
1589 2262 1748 2319 sunt;
1780 2268 1844 2309 ac
1867 2255 2063 2312 deinde
2106 2272 2261 2313 men-

671 2342 822 2398 dacia
852 2353 907 2397 et
932 2343 1091 2398 dubia
1122 2344 1396 2400 inducunt.
1429 2346 1657 2417 ingressi
1687 2356 1812 2402 sunt
1836 2347 1903 2401 ad
1932 2357 1985 2403 te
2012 2351 2261 2419 explora-

673 2443 821 2490 tores
848 2434 1203 2504 ircspondet,
1239 2437 1428 2492 Etiam.
1460 2436 1517 2492 Si
1547 2439 1692 2492 enim
1729 2454 1759 2491 a
1784 2439 2049 2509 principio
2093 2440 2261 2495 dixis-

671 2535 774 2589 set,
798 2525 935 2590 Non,
964 2526 1028 2580 ad
1056 2528 1370 2581 scrutiuium
1399 2538 1747 2598 provocasset
1774 2545 1889 2593 eos,
1913 2531 2001 2599 qui
2030 2532 2261 2594 advene-

670 2624 809 2670 rant.
828 2615 955 2680 Sed,
981 2616 1045 2670 Et
1066 2617 1289 2688 ingressi
1314 2626 1458 2682 sunt,
1480 2619 1672 2687 inquit,
1700 2629 1755 2683 et
1782 2622 1984 2689 egressi
2014 2631 2139 2675 sunt
2162 2620 2262 2677 liae

669 2708 785 2763 via:
804 2710 1206 2780 persequimiui,
1227 2721 1279 2766 et
1296 2710 1764 2779 comprehendetis
1783 2728 1894 2767 eos.
1916 2713 1960 2767 Ο
1978 2716 2255 2781 pulchrum

670 2799 1006 2855 mendacium
1035 2801 1049 2853 !
1081 2816 1114 2854 ο
1142 2802 1423 2870 pulchrum
1442 2801 1646 2868 dolum,
1675 2803 1850 2857 divina
1892 2819 2000 2857 non
2030 2807 2259 2875 prodeu-

670 2900 800 2953 tcm,
841 2892 936 2947 sed
990 2892 1242 2961 pietatem
1286 2893 1718 2950 custodientem!
1752 2894 1807 2950 Si
1866 2896 2023 2964 igitur
2074 2897 2259 2953 Rallab

669 2984 813 3037 illam
845 2985 1151 3051 paenitentia
1202 2986 1372 3040 salute
1408 2986 1622 3056 dignam
1669 2987 1873 3055 eﬂ'ecit,
1903 2998 1958 3043 et
2007 2991 2119 3059 ipsa
2163 3006 2259 3060 per

669 3087 973 3129 Sanctorum
1004 3070 1098 3130 o‘ra
1126 3078 1447 3146 praedicatur
1466 3120 1481 3145 ,
1506 3077 1634 3134 Jesu
1666 3078 1807 3135 Nave
1829 3082 1882 3135 in
1912 3082 2127 3137 deserto
2148 3083 2259 3137 cla-

667 3176 869 3232 mante,
912 3166 1050 3220 Vivat
1089 3166 1267 3221 Ila/tab
1316 3172 1585 3234 meretrix,
1618 3170 1783 3225 Paulo
1808 3182 1985 3228 autem
2019 3174 2251 3240 dicente,

672 3260 801 3313 Fide
832 3258 1009 3311 llahab
1040 3262 1276 3314 meretrix
1302 3278 1404 3315 non
1436 3263 1581 3331 periit
1622 3280 1735 3317 cum
1764 3282 1865 3319 non
1896 3268 2210 3322 credentibus
2236 3284 2253 3321 :

668 3360 867 3419 quanto
898 3354 1066 3421 magis
1096 3368 1193 3406 nos
1221 3354 1264 3407 si
1301 3356 1670 3421 paenitentiam
1705 3358 2075 3425 exhibeamus,
2108 3362 2252 3414 salu-

668 3452 776 3494 tein
828 3444 1262 3525 censequemur?
1295 3444 1630 3501 Pmnitentite
1680 3457 1889 3517 tempus
1934 3465 2076 3505 nunc
2124 3461 2250 3505 est:

665 3534 853 3602 ingens
879 3536 1022 3588 enim
1046 3535 1207 3589 timor
1236 3536 1398 3591 instat
1433 3538 1825 3594 imminentium
1873 3552 2208 3610 peccatorum
2238 3587 2251 3610 ,

667 3624 767 3678 nisi
795 3625 1109 3693 supplicium
1131 3636 1413 3694 praevertat
1453 3631 1784 3697 poenitentia.
1834 3630 2255 3702 Prwoccupemus

666 3715 845 3783 faciem
872 3718 981 3784 ejus
1007 3717 1060 3769 in
1081 3719 1397 3787 confessione
1420 3718 1590 3790 (Psal.
1614 3721 1702 3775 94.
1730 3720 1786 3790 2)
1812 3739 1825 3774 :
1857 3725 2254 3793 ex‘stinguamus

668 3816 1010 3875 peccatorum
1056 3822 1277 3875 rogum,
1326 3825 1437 3864 non
1487 3812 1669 3866 multis
1723 3814 1896 3882 aquis,
1924 3816 2017 3870 sed
2073 3819 2253 3886 parvis

665 3898 936 3968 lacrymis.
959 3897 1153 3953 Multus
1178 3908 1261 3953 est
1289 3900 1426 3968 ignis
1454 3904 1678 3970 peccati,
1721 3915 1775 3958 et
1802 3914 1978 3960 tamen
2029 3910 2252 3963 modicis

664 3989 914 4060 lacrymis
936 3991 1289 4059 exstinguitur
1318 4008 1331 4044 :
1360 4009 1483 4047 nam
1516 3994 1764 4066 lacryma:
1790 4001 2134 4070 exstinguunt
2160 4018 2250 4057 ro-

663 4094 789 4148 gum
846 4090 1291 4148 peccatorum,et
1351 4086 1551 4151 peccati
1600 4085 1845 4142 [αξιοι-ειη
1893 4091 2139 4147 abluunt.
2195 4095 2247 4148 Id

662 4170 978 4226 testiﬁcatur
1033 4173 1221 4228 beatus
1276 4174 1439 4229 David
1487 4176 1672 4232 dicens
1697 4218 1713 4244 ,
1741 4189 1796 4234 et
1822 4193 2019 4249 quanta
2055 4188 2123 4238 sit
2172 4188 2251 4239 vis

662 4265 1016 4334 lacrymarum
1046 4268 1335 4321 ostendens
1359 4286 1373 4319 :
1406 4267 1606 4323 Lavabo
1630 4311 1645 4336 ,
1689 4273 1887 4340 inquit,
1916 4291 2004 4341 per
2023 4278 2251 4346 singulas

662 4366 834 4409 noctes
856 4357 1036 4409 lectum
1065 4374 1248 4423 meum,
1282 4370 1329 4410 et
1376 4360 1615 4429 lacrymis
1659 4364 1780 4416 meis
1826 4374 2039 4419 stratum
2086 4385 2249 4421 meum

662 4449 837 4519 rigabo
866 4448 1035 4517 (l’sat.
1063 4449 1115 4502 6.
1145 4451 1219 4518 7).
1253 4451 1412 4516 Atqui
1460 4453 1505 4506 si
1553 4452 1906 4526 lacrymarum
1952 4460 2246 4515 ubertatem

662 4542 919 4597 voluisset
946 4541 1249 4609 ostendere,
1281 4546 1409 4599 satis
1435 4557 1549 4600 erat
1571 4548 1796 4613 dixisse,
1834 4550 2099 4624 Lacrymis
2128 4559 2248 4611 meis

661 4642 874 4685 stratum
902 4650 1065 4685 meum
1102 4635 1276 4704 rigabo
1305 4652 1323 4688 :
1350 4651 1444 4689 cur
1472 4654 1600 4707 ergo
1642 4643 1900 4708 prmmisit
1944 4645 2069 4699 illud
2093 4689 2106 4712 ,
2142 4648 2246 4701 La-

662 4725 826 4777 vabo?
857 4724 921 4779 Ut
948 4727 1194 4780 ostendat
1218 4728 1485 4785 lavacrum
1512 4742 1565 4786 et
1596 4735 1861 4802 piaculum
1902 4752 2241 4807 peccatorum

659 4831 777 4871 esse
804 4817 1089 4887 lacrymas.

728 4907 782 4963 6.
833 4906 1051 4960 Peccata
1100 4912 1321 4964 omnium
1362 4931 1517 4967 causa
1567 4918 1837 4974 malorum.
1882 4952 1954 4963 -—
1998 4924 2245 4981 Omnium

657 5014 816 5053 causa
839 5002 1096 5055 malorum
1116 5014 1236 5057 sunt
1265 5018 1477 5072 peccata
1500 5026 1511 5061 :
1535 5021 1744 5079 propter
1766 5028 1980 5083 peccata
2007 5019 2240 5088 dolores,

658 5100 877 5159 propter
929 5102 1141 5161 peccata
1191 5096 1481 5162 tumultus,
1541 5112 1756 5169 prepter
1806 5118 2021 5174 peccata
2070 5112 2241 5176 bella,

660 5184 869 5249 morbi,
897 5194 949 5237 et
993 5195 1248 5255 quotquot
1292 5188 1445 5242 nobis
1494 5192 1741 5247 accidunt
1783 5209 1969 5252 sanatu
2000 5200 2244 5257 dit'licilcs

657 5274 1015 5342 mgritudines.
1046 5278 1499 5342 Quemadmodum
1530 5284 1687 5351 igitur
1712 5290 1893 5356 optimi
1920 5295 2105 5349 medici
2138 5314 2242 5352 non

659 5367 818 5421 modo
848 5379 1165 5437 apparentes
1190 5373 1402 5427 morbos
1432 5376 1729 5441 explorant.
1754 5380 1845 5434 sed
1871 5384 2028 5439 etiam
2058 5404 2241 5444 eorum

658 5471 871 5511 causam
902 5468 1206 5513 scrutantur
1236 5481 1248 5515 :
1279 5463 1346 5517 ita
1387 5474 1441 5517 et
1464 5466 1717 5521 Servator
1746 5473 2029 5529 ostendere
2062 5482 2243 5537 \Oielts

659 5549 895 5602 omnium
927 5566 1042 5619 qua:
1071 5551 1374 5609 hominibus
1400 5560 1710 5627 ccutingunt
1739 5566 1997 5620 malorum
2030 5584 2241 5626 causam

658 5655 777 5694 esse
809 5652 1077 5708 peccatum
1105 5685 1117 5706 ,
1151 5645 1439 5716 paralytico
1468 5648 1593 5702 dicit
1623 5693 1635 5712 ,
1669 5654 1787 5720 quia
1820 5671 2011 5724 nempe
2036 5662 2245 5718 videbat

659 5732 747 5785 iile
773 5734 1065 5787 animarum
1096 5737 1331 5790 medicus
1352 5754 1473 5792 eum
1499 5742 1671 5798 anima
1705 5748 1868 5813 prius,
1898 5749 2090 5807 deinde
2120 5772 2240 5809 cor-

662 5841 787 5894 pt.re
838 5828 1213 5895 paralyticum,
1244 5832 1311 5883 ait
1340 5873 1353 5895 ,
1385 5833 1632 5905 inquam,
1671 5838 1743 5892 illi
1781 5859 1791 5893 :
1832 5842 1960 5898 Ecce
1984 5864 2134 5901 sanus
2166 5853 2241 5917 fn—

1422 407 1481 465 S.
1510 406 1791 465 JOANNIS
1825 402 2296 464 CIIRYSOSTOMI
2327 404 2647 461 AltClllEP.
2676 404 3213 464 CONSTANTINOP.

3877 412 3983 466 53!

2395 524 2504 570 ctus
2526 532 2580 569 es
2604 557 2617 578 ,
2641 516 2748 570 noli
2770 518 2991 587 amplius
3017 535 3241 587 peccare,
3273 536 3335 575 ne
3357 523 3481 586 quid
3505 524 3595 579 tibi
3619 524 3843 581 clanius
3864 544 3989 581 con-

2376 606 2536 677 tingat
2561 606 2754 677 (Joan.
2772 608 2828 662 5.
2855 609 2968 677 tt).
3005 609 3169 681 Igitur
3191 622 3245 666 α
3272 614 3627 681 ριέςοόαιιίε
3654 615 3987 673 inﬁrmitatis

2376 711 2538 752 causa
2566 708 2846 767 peccatum
2880 711 3031 765 erat;
3061 702 3112 756 id
3142 702 3323 758 danuu
3349 720 3506 760 causa
3527 748 3542 770 ,
3574 708 3626 761 id
3669 709 3899 775 dulceis,
3933 712 3984 765 id

2375 791 2691 845 calamitatis
2720 793 2981 848 universa
3002 794 3242 848 materia.
3269 794 3532 851 Caeterum
3558 800 3688 852 illud
3712 802 3978 864 admiror,

2375 882 2647 949 quomodo
2682 883 2771 951 qui
2799 881 2941 938 hunc
2968 883 3207 938 dolorem
3238 885 3307 940 ab
3335 886 3488 941 initio
3515 887 3726 945 homini
3756 892 3983 948 dederat

2378 970 2518 1024 Deus
2547 982 2765 1040 propter
2791 985 3086 1041 peccatum,
3113 978 3378 1031 sententia
3405 983 3730 1036 sententiain
3759 985 3944 1039 solvat
3961 1026 3979 1052 ,

2378 1070 2434 1115 et
2462 1062 2909 1119 eondenmatioue
2928 1066 3425 1123 condemnationem
3446 1071 3644 1140 ejiciat.
3670 1072 3979 1141 Quomodo,

2372 1152 2519 1207 audi.
2551 1155 2679 1206 Data
2707 1165 2788 1209 est
2815 1156 3026 1211 tristitia
3063 1171 3285 1229 propter
3317 1171 3592 1230 peccatum
3612 1206 3628 1229 ,
3659 1176 3713 1220 et
3744 1182 3843 1236 per
3874 1168 3979 1222 tri-

2371 1245 2569 1299 stitiam
2600 1256 2874 1315 peccatum
2897 1249 3140 1305 solvitur.
3164 1252 3395 1308 Attende
3415 1255 3736 1325 diligenter:
3761 1260 3978 1314 mulieri

2373 1337 2707 1391 comminans
2747 1337 2889 1393 Deus
2910 1378 2928 1406 ,
2957 1350 3011 1393 et
3059 1356 3275 1412 propter
3306 1348 3800 1414 pmvaricationem
3844 1366 3979 1422 sup-

2370 1426 2587 1496 plicium
2627 1427 2907 1496 inducens,
2937 1432 3010 1485 ait
3038 1431 3109 1485 illi
3136 1450 3149 1485 :
3173 1431 3241 1487 In
3268 1435 3443 1490 dolore
3469 1438 3633 1506 paries
3652 1440 3791 1509 ﬁlios
3820 1439 3976 1512 (Gai.

2369 1518 2427 1575 5.
2458 1518 2565 1589 16)
2598 1536 2612 1573 :
2641 1520 2979 1590 ostenditque
3022 1522 3250 1577 fructqu
3290 1529 3494 1594 peccati
3536 1544 3655 1583 esse
3701 1533 3974 1587 dolorem.

2369 1608 2517 1677 Sed,
2548 1626 2581 1665 o
2626 1612 2964 1682 magniﬁcum
2991 1615 3005 1670 ι
3032 1616 3175 1684 quod
3217 1616 3366 1672 dedit
3410 1620 3475 1673 ad
3527 1622 3851 1692 supplicium
3874 1666 3891 1686 ,
3922 1624 3977 1677 iu

2368 1700 2596 1755 salutem
2635 1705 2877 1757 mutavit.
2908 1705 3189 1760 Peccatqu
3222 1706 3463 1763 dolorem
3494 1714 3702 1780 peperit
3734 1732 3751 1769 :
3781 1713 3974 1769 dolore

2368 1804 2647 1859 peccatum
2689 1796 3020 1866 consumpsit
3064 1813 3078 1849 :
3125 1806 3181 1851 et
3206 1798 3655 1867 quemadmodum
3696 1808 3901 1860 vermis
3943 1822 3975 1859 σε

2368 1880 2511 1952 ligno
2553 1892 2710 1936 natus
2750 1886 2921 1953 ipsqu
2949 1887 3150 1955 lignum
3192 1892 3492 1956 Consumit,
3521 1893 3601 1948 sic
3643 1903 3701 1949 et
3741 1897 3901 1950 dolor
3940 1912 3974 1952 e

2366 1982 2589 2042 peccato
2636 1985 2794 2029 natus
2831 1987 3104 2044 peccatum
3157 1983 3425 2036 consumit
3458 1999 3554 2053 per
3597 1988 3969 2055 pmuitcntiam

2368 2062 2643 2118 inductus.
2684 2064 3021 2137 Quapropter
3066 2068 3262 2124 Paulus
3309 2071 3487 2129 dixit:
3517 2076 3646 2142 Quae
3691 2080 3972 2133 secundum

2366 2152 2533 2209 Deum
2557 2166 2630 2209 est
2669 2158 2870 2211 tristitia
2899 2161 3240 2228 pcnitentians
3265 2164 3321 2215 in
3344 2166 3556 2220 salutem
3581 2168 3816 2224 stabilem
3843 2187 3971 2241 ope-

2366 2256 2508 2299 ratur
2538 2246 2615 2318 (2.
2639 2245 2757 2301 Cor.
2789 2249 2840 2301 7.
2877 2250 2987 2319 10).
3018 2250 3163 2305 Bona
3193 2263 3275 2306 est
3303 2254 3517 2310 tristitia
3544 2273 3672 2314 vere
3700 2263 3969 2330 peniten-

2365 2339 2505 2393 tibus
2531 2358 2545 2394 :
2568 2342 2816 2396 convenit
2835 2344 3181 2413 peccantibus
3207 2345 3383 2401 luctus
3409 2364 3506 2418 pro
3534 2362 3794 2420 peccato:
3821 2352 3971 2408 Beati

2364 2432 2449 2499 qui
2478 2433 2685 2504 lugent,
2714 2437 2953 2503 quoniam
2986 2438 3085 2504 ipsi
3122 2441 3517 2495 consolabuntur
3544 2444 3763 2516 (Matth.
3796 2449 3851 2502 5.
3887 2450 3967 2518 5).

2364 2520 2510 2591 Luge
2538 2534 2812 2591 peccatum
2838 2566 2852 2587 ,
2883 2535 2938 2578 ut
2968 2542 3073 2580 non
3103 2527 3286 2598 lugeas
3318 2534 3637 2601 supplicium
3664 2554 3678 2589 :
3705 2551 3871 2607 purga
3917 2551 3971 2595 te

2362 2615 2503 2685 apud
2529 2615 2781 2685 judicem,
2812 2629 3101 2688 antequam
3124 2622 3190 2674 ad
3217 2623 3448 2680 tribunal
3472 2631 3675 2682 venias.
3698 2632 3784 2684 Διι
3808 2634 3969 2703 igno-

2362 2721 2451 2760 ras
2491 2717 2750 2776 quotquot
2781 2709 3015 2778 judicem
3068 2714 3314 2783 mitigare
3356 2721 3577 2784 volunt,
3609 2736 3716 2774 non
3748 2722 3803 2775 iu
3846 2724 3970 2792 ipso

2362 2797 2608 2851 examine
2630 2812 2823 2864 cause,
2847 2805 2941 2855 sed
2978 2813 3265 2871 antequam
3292 2805 3345 2859 in
3368 2808 3624 2876 judicium
3656 2813 3971 2882 ingredian-

2363 2896 2449 2941 tur
2472 2928 2489 2953 ,
2517 2889 2687 2958 ipsum
2722 2890 2820 2944 sibi
2849 2892 3167 2949 benevolum
3200 2912 3415 2965 parare,
3443 2899 3557 2955 sive
3595 2918 3691 2970 per
3715 2906 3927 2960 amicos
3949 2949 3967 2972 ,

2362 2976 2477 3030 sive
2522 2992 2615 3046 per
2653 2989 2909 3046 patronos
2928 3022 2944 3047 ,
2970 2982 3085 3037 sive
3109 2984 3214 3038 alio
3256 2988 3445 3054 quovis
3484 2991 3645 3045 modo
3665 2993 3690 3045 2
3718 2992 3888 3063 igitur
3915 3006 3972 3049 et

2361 3068 2502 3136 apud
2536 3070 2702 3123 Deum
2734 3069 2918 3139 judicii
2952 3083 3225 3144 tempore,
3254 3092 3360 3131 non
3410 3088 3493 3134 est
3540 3082 3709 3164 quod,
3726 3084 3969 3152 iudicem

2364 3157 2543 3213 ﬂectas
2571 3179 2582 3212 :
2606 3160 2697 3215 Sed
2719 3174 2843 3218 ante
2860 3164 3045 3231 judicii
3078 3174 3285 3236 tempus
3311 3181 3488 3239 potest
3511 3157 3684 3241 judef
3705 3178 3964 3246 mitigari.

2358 3249 2721 3315 Quamobrem
2751 3252 2963 3307 dicebat
2990 3256 3618 3329 David:Pra:occapemus
3638 3264 3824 3333 faciem
3852 3270 3968 3341 ejus

2358 3340 2410 3392 in
2459 3341 2771 3409 confessione
2819 3342 2990 3413 (Psal.
3037 3346 3125 3400 94.
3159 3347 3239 3415 2).
3284 3347 3400 3402 Illic
3440 3366 3689 3421 maguum
3724 3355 3966 3422 judieem

2360 3445 2465 3482 non
2492 3430 2847 3486 circumvenit
2890 3449 2977 3487 ars
3008 3436 3281 3490 rhetorum
3301 3477 3316 3502 ,
3346 3453 3453 3493 non
3484 3444 3718 3508 potentia
3746 3444 3921 3499 ﬂectit
3946 3462 3962 3501 ;

2358 3519 2602 3588 dignitati
2650 3536 2753 3575 nou
2802 3524 2889 3577 ille
2917 3540 3120 3579 morem
3146 3528 3303 3596 gerit,
3338 3544 3621 3597 personam
3668 3548 3779 3587 non
3807 3549 3965 3590 vem-

2360 3616 2463 3672 tur,
2496 3611 2733 3678 pecuniis
2754 3626 2858 3665 non
2881 3616 3257 3683 corrumpitur,
3286 3618 3382 3673 sed
3413 3621 3746 3677 tremendum
3773 3634 3830 3678 et
3854 3625 3964 3679 im-

2362 3699 2622 3767 placabile
2648 3710 2731 3754 est
2756 3702 2956 3769 justum
2983 3705 3265 3772 judicium.

2433 3787 2771 3859 Eleemosyna
2813 3790 2978 3844 Deum
3010 3794 3198 3863 placat.
3238 3826 3311 3837 —
3346 3797 3445 3853 llic
3496 3800 3675 3870 itaque
3718 3802 3960 3870 judicem

2356 3892 2639 3934 exoremus
2660 3889 2714 3935 et
2731 3881 3019 3949 placemus,
3041 3885 3162 3941 liuic
3177 3872 3329 3941 oumi
3344 3889 3536 3944 robore
3553 3894 3923 3961 supplicemus
3943 3915 3957 3949 :

2358 3986 2462 4023 non
2488 3971 2759 4038 pecuniis;
2788 3974 2893 4027 imo
2924 3986 2979 4027 ut
3006 3978 3180 4030 verius
3204 3978 3468 4045 dicamus,
3499 3984 3739 4051 pecuniis
3772 3987 3957 4053 placa-

2357 4068 2442 4113 tur
2472 4060 2733 4129 benignus
2762 4062 2868 4125 ille,
2902 4078 3007 4118 non
3042 4066 3152 4135 ipse
3180 4068 3462 4136 recipiens,
3496 4071 3589 4125 sed
3622 4088 3720 4141 per
3748 4090 3954 4144 paupeo

2357 4165 2460 4204 res.
2490 4150 2560 4202 Da
2588 4152 2730 4220 inopi
2760 4156 3054 4220 pecuniam,
3087 4167 3139 4210 et
3161 4156 3395 4227 judicem
3420 4161 3664 4230 placasti.
3697 4163 3825 4219 Hazc
3851 4181 3959 4220 an.

2357 4249 2466 4292 tem
2509 4240 2628 4295 dico
2673 4243 2826 4297 vobis
2873 4248 3022 4313 quasi
3066 4247 3451 4319 familiaribus;
3482 4254 3606 4322 quia
3638 4258 3955 4325 paenitentia

2357 4330 2473 4384 sine
2495 4332 2832 4404 cleemosyna
2857 4347 3061 4389 mortua
3085 4348 3166 4391 cst
3192 4342 3395 4410 alisque
3415 4352 3561 4397 caret
3586 4362 3599 4399 :
3626 4349 3812 4417 nequit
3840 4366 3959 4417 pe-

2358 4421 2578 4475 nitentia
2634 4424 2847 4489 volare,
2900 4427 3017 4480 sine
3060 4428 3141 4481 ala
3184 4431 3562 4504 eleemosyuze.
3618 4435 3741 4490 Ideo
3785 4442 3956 4507 probe

2356 4514 2633 4578 poenitenti
2663 4514 2912 4569 Cornelio
2946 4518 3026 4571 ala
3065 4520 3129 4574 ad
3158 4522 3409 4590 pietatem
3440 4526 3537 4579 fuit
3562 4526 3910 4601 eleemosyna
3939 4551 3951 4586 :

2354 4599 2707 4673 Eleemosyute
2742 4614 2874 4670 tate,
2901 4608 3101 4676 inquit,
3125 4621 3169 4663 et
3214 4615 3467 4667 orationes
3517 4624 3615 4668 true
3657 4617 3712 4669 in
3767 4599 3954 4672 etclam

2352 4694 2688 4747 ascenderunt
2715 4695 2851 4765 (Act.
2888 4698 2975 4753 10.
3004 4701 3057 4769 4)
3091 4720 3104 4755 :
3133 4703 3203 4755 ita
3234 4713 3292 4756 ιιι
3317 4706 3360 4757 si
3386 4721 3492 4759 non
3514 4706 3783 4763 habuisset
3808 4712 3948 4763 alain

2351 4785 2704 4855 eieemosynas
2736 4790 3063 4857 paenitentia,
3095 4808 3424 4864 nequaquam
3458 4798 3510 4850 in
3540 4799 3728 4852 caelum
3760 4817 3951 4869 perve-

2352 4880 2535 4931 nisset.
2571 4880 2823 4948 Aperitur
2861 4899 2989 4953 ergo
3032 4884 3190 4939 hodie
3234 4889 3528 4957 emporium
3559 4890 3946 4961 elcemosynaa.

2354 4966 2606 5023 Videmus
2634 4973 2773 5024 enim
2802 4977 3037 5041 Captivos
3065 4986 3115 5029 et
3145 4992 3403 5047 pauperes
3424 5022 3437 5042 ,
3471 4982 3713 5036 videmus
3742 4984 3797 5036 iu
3830 4983 3952 5039 foro

2352 5059 2763 5125 cireumemttcs,
2792 5063 3033 5117 videmus
3056 5066 3348 5122 clamantes
3368 5111 3381 5130 ,
3418 5070 3776 5141 lacrymautes
3804 5116 3817 5135 .
3848 5091 3950 5141 ge-

2352 5162 2561 5205 mentes
2616 5170 2629 5207 :
2684 5155 2935 5210 nundinze
2991 5157 3147 5213 nobis
3204 5162 3474 5249 mirabiles
3528 5180 3951 5235 proponuntur:

2354 5242 2708 5296 nundinarum
2738 5262 2865 5298 vero
2899 5262 3000 5299 non
3050 5250 3148 5301 alia
3195 5242 3329 5304 ratio
3354 5263 3434 5305 est
3455 5295 3468 5317 ,
3498 5258 3815 5322 negotiatori
3843 5276 3951 5313 non

2353 5332 2483 5384 alius
2529 5334 2776 5399 animus,
2822 5352 2979 5405 quam
3025 5339 3230 5393 venalia
3285 5356 3448 5409 parvo
3505 5361 3721 5410 emere,
3752 5363 3953 5417 magno

2352 5423 2601 5477 vendere.
2650 5428 2839 5479 Annon
2883 5428 2967 5480 hic
3011 5441 3093 5483 cst
3151 5434 3510 5501 quorumlibet
3552 5439 3950 5506 negotiatorum

2352 5518 2731 5580 scopus‘muin
2772 5530 2989 5587 propter
3028 5521 3167 5573 aliud
3216 5525 3478 5591 quispiam
3528 5528 3948 5595 negotiationem

2352 5603 2480 5655 adit.
2509 5606 2607 5657 nisi
2640 5616 2695 5658 ut
2722 5625 2837 5675 qua:
2871 5626 3033 5677 parvo
3059 5614 3189 5666 emit
3213 5630 3404 5684 magno
3429 5618 3622 5672 vendat
3640 5661 3653 5684 ,
3679 5628 3734 5672 ct
3759 5626 3949 5675 mutti-

2354 5693 2599 5761 plicatam
2648 5701 3057 5767 negotiationem
3109 5704 3341 5758 referat?
3371 5706 3527 5761 Tales
3576 5710 3732 5777 igitur
3790 5713 3951 5765 nobis

2353 5787 2615 5838 nundinas
2663 5787 2799 5842 Deus
2846 5792 3119 5859 proposuit
3151 5813 3162 5846 :
3196 5795 3403 5849 modico
3430 5797 3660 5866 justitias
3705 5815 3861 5863 eme,
3894 5812 3951 5853 ut

2355 5880 2521 5931 multo
2554 5881 2751 5933 vendas
2779 5882 2829 5936 in
2865 5884 3060 5949 lutum;
3094 5887 3135 5939 si
3166 5896 3340 5942 tamen
3372 5891 3730 5945 venditionem
3758 5898 3953 5960 appeti
