  <div class='ocr_page' id='page_1' title='image "/cluster/home/n/w/nwhite01/storage/ocr_20150623/49/pst.000005712465/330.png"; bbox 0 0 4164 6324; ppageno 0'>
   <div class='ocr_carea' id='block_1_1' title="bbox 239 384 344 443">
    <p class='ocr_par' dir='ltr' id='par_1_1' title="bbox 239 384 344 443">
     <span class='ocr_line' id='line_1_1' title="bbox 239 384 344 443; baseline 0 0"><span class='ocrx_word' id='word_1_1' title='bbox 239 384 344 443; x_wconf 71' lang='lat'><strong>333</strong></span> 
     </span>
    </p>
   </div>
   <div class='ocr_carea' id='block_1_2' title="bbox 242 489 1840 572">
    <p class='ocr_par' dir='ltr' id='par_1_2' title="bbox 242 489 1840 572">
     <span class='ocr_line' id='line_1_2' title="bbox 242 489 1840 572; baseline -0.008 -16"><span class='ocrx_word' id='word_1_2' title='bbox 242 500 359 557; x_wconf 84' lang='lat' dir='ltr'><strong>lare</strong></span> <span class='ocrx_word' id='word_1_3' title='bbox 372 508 588 572; x_wconf 91' lang='lat' dir='ltr'><strong>oportet</strong></span> <span class='ocrx_word' id='word_1_4' title='bbox 611 500 1041 557; x_wconf 72' lang='lat' dir='ltr'><strong>retributionem.</strong></span> <span class='ocrx_word' id='word_1_5' title='bbox 1062 496 1159 553; x_wconf 81' lang='lat' dir='ltr'><strong>Hic</strong></span> <span class='ocrx_word' id='word_1_6' title='bbox 1174 494 1386 552; x_wconf 89' lang='lat' dir='ltr'><strong>modico</strong></span> <span class='ocrx_word' id='word_1_7' title='bbox 1399 492 1604 565; x_wconf 70' lang='lat' dir='ltr'><strong>iustitia</strong></span> <span class='ocrx_word' id='word_1_8' title='bbox 1620 489 1840 555; x_wconf 89' lang='lat' dir='ltr'><strong>emitur,</strong></span> 
     </span>
    </p>
   </div>
   <div class='ocr_carea' id='block_1_3' title="bbox 241 574 1842 664">
    <p class='ocr_par' dir='ltr' id='par_1_3' title="bbox 241 574 1842 664">
     <span class='ocr_line' id='line_1_3' title="bbox 241 574 1842 664; baseline -0.008 -17"><span class='ocrx_word' id='word_1_9' title='bbox 241 591 334 647; x_wconf 63' lang='lat' dir='ltr'><strong>Vili</strong></span> <span class='ocrx_word' id='word_1_10' title='bbox 355 583 509 662; x_wconf 80' lang='lat' dir='ltr'><strong>panis</strong></span> <span class='ocrx_word' id='word_1_11' title='bbox 531 591 848 664; x_wconf 67' lang='lat' dir='ltr'><strong>fragmento,</strong></span> <span class='ocrx_word' id='word_1_12' title='bbox 880 587 969 645; x_wconf 83' lang='lat' dir='ltr'><strong>vili</strong></span> <span class='ocrx_word' id='word_1_13' title='bbox 993 584 1336 650; x_wconf 80' lang='lat' dir='ltr'><strong>vestimento,</strong></span> <span class='ocrx_word' id='word_1_14' title='bbox 1365 574 1533 642; x_wconf 83' lang='lat' dir='ltr'><strong>calice</strong></span> <span class='ocrx_word' id='word_1_15' title='bbox 1559 597 1713 655; x_wconf 76' lang='lat' dir='ltr'><strong>aqum</strong></span> <span class='ocrx_word' id='word_1_16' title='bbox 1742 579 1842 636; x_wconf 79' lang='lat' dir='ltr'><strong>fri-</strong></span> 
     </span>
    </p>
   </div>
   <div class='ocr_carea' id='block_1_4' title="bbox 241 672 1842 754">
    <p class='ocr_par' dir='ltr' id='par_1_4' title="bbox 241 672 1842 754">
     <span class='ocr_line' id='line_1_4' title="bbox 241 672 1842 754; baseline -0.009 -14"><span class='ocrx_word' id='word_1_17' title='bbox 241 681 381 754; x_wconf 63' lang='lat' dir='ltr'><strong>gida</strong></span> <span class='ocrx_word' id='word_1_18' title='bbox 412 700 428 737; x_wconf 93' lang='lat'><strong>:</strong></span> <span class='ocrx_word' id='word_1_19' title='bbox 458 681 521 739; x_wconf 90' lang='lat' dir='ltr'><strong>Si</strong></span> <span class='ocrx_word' id='word_1_20' title='bbox 563 684 678 752; x_wconf 84' lang='lat' dir='ltr'><strong>quis</strong></span> <span class='ocrx_word' id='word_1_21' title='bbox 710 692 883 753; x_wconf 83' lang='lat' dir='ltr'><strong>potum</strong></span> <span class='ocrx_word' id='word_1_22' title='bbox 931 679 1123 736; x_wconf 79' lang='lat' dir='ltr'><strong>dederit</strong></span> <span class='ocrx_word' id='word_1_23' title='bbox 1165 677 1374 734; x_wconf 77' lang='lat' dir='ltr'><strong>calicem</strong></span> <span class='ocrx_word' id='word_1_24' title='bbox 1415 691 1561 748; x_wconf 69' lang='lat' dir='ltr'><strong>aqua</strong></span> <span class='ocrx_word' id='word_1_25' title='bbox 1600 672 1805 745; x_wconf 67' lang='lat' dir='ltr'><strong>frigidm</strong></span> <span class='ocrx_word' id='word_1_26' title='bbox 1825 711 1842 739; x_wconf 94' lang='lat'><strong>,</strong></span> 
     </span>
    </p>
   </div>
   <div class='ocr_carea' id='block_1_5' title="bbox 242 763 1840 843">
    <p class='ocr_par' dir='ltr' id='par_1_5' title="bbox 242 763 1840 843">
     <span class='ocr_line' id='line_1_5' title="bbox 242 763 1840 843; baseline -0.008 -13"><span class='ocrx_word' id='word_1_27' title='bbox 242 789 391 829; x_wconf 72' lang='lat' dir='ltr'><strong>omen</strong></span> <span class='ocrx_word' id='word_1_28' title='bbox 430 774 545 836; x_wconf 86' lang='lat' dir='ltr'><strong>dico</strong></span> <span class='ocrx_word' id='word_1_29' title='bbox 573 772 708 828; x_wconf 71' lang='lat' dir='ltr'><strong>vobis</strong></span> <span class='ocrx_word' id='word_1_30' title='bbox 728 813 744 839; x_wconf 94' lang='lat'><strong>,</strong></span> <span class='ocrx_word' id='word_1_31' title='bbox 769 774 844 828; x_wconf 93' lang='lat' dir='ltr'><strong>ait</strong></span> <span class='ocrx_word' id='word_1_32' title='bbox 881 770 1171 843; x_wconf 88' lang='lat' dir='ltr'><strong>spiritualis</strong></span> <span class='ocrx_word' id='word_1_33' title='bbox 1213 763 1588 841; x_wconf 85' lang='lat' dir='ltr'><strong>negotiationis</strong></span> <span class='ocrx_word' id='word_1_34' title='bbox 1614 765 1804 821; x_wconf 86' lang='lat' dir='ltr'><strong>doctor</strong></span> <span class='ocrx_word' id='word_1_35' title='bbox 1824 803 1840 829; x_wconf 92' lang='lat'><strong>,</strong></span> 
     </span>
    </p>
   </div>
   <div class='ocr_carea' id='block_1_6' title="bbox 242 851 1845 935">
    <p class='ocr_par' dir='ltr' id='par_1_6' title="bbox 242 851 1845 935">
     <span class='ocr_line' id='line_1_6' title="bbox 242 851 1845 935; baseline -0.004 -17"><span class='ocrx_word' id='word_1_36' title='bbox 242 878 348 918; x_wconf 79' lang='lat' dir='ltr'><strong>non</strong></span> <span class='ocrx_word' id='word_1_37' title='bbox 377 863 554 934; x_wconf 85' lang='lat' dir='ltr'><strong>perdet</strong></span> <span class='ocrx_word' id='word_1_38' title='bbox 572 858 851 919; x_wconf 73' lang='lat' dir='ltr'><strong>mercedem</strong></span> <span class='ocrx_word' id='word_1_39' title='bbox 863 879 1009 918; x_wconf 85' lang='lat' dir='ltr'><strong>suam</strong></span> <span class='ocrx_word' id='word_1_40' title='bbox 1027 851 1242 935; x_wconf 67' lang='lat' dir='ltr'><strong>(Matth.</strong></span> <span class='ocrx_word' id='word_1_41' title='bbox 1268 854 1355 917; x_wconf 77' lang='lat' dir='ltr'><strong>to.</strong></span> <span class='ocrx_word' id='word_1_42' title='bbox 1381 858 1496 930; x_wconf 70' lang='lat'><strong>42).</strong></span> <span class='ocrx_word' id='word_1_43' title='bbox 1521 856 1675 913; x_wconf 83' lang='lat' dir='ltr'><strong>Calix</strong></span> <span class='ocrx_word' id='word_1_44' title='bbox 1693 870 1845 927; x_wconf 85' lang='lat' dir='ltr'><strong>aquae</strong></span> 
     </span>
    </p>
   </div>
   <div class='ocr_carea' id='block_1_7' title="bbox 245 951 1845 1027">
    <p class='ocr_par' dir='ltr' id='par_1_7' title="bbox 245 951 1845 1027">
     <span class='ocr_line' id='line_1_7' title="bbox 245 951 1845 1027; baseline -0.004 -17"><span class='ocrx_word' id='word_1_45' title='bbox 245 952 453 1025; x_wconf 66' lang='lat' dir='ltr'><strong>trigidae</strong></span> <span class='ocrx_word' id='word_1_46' title='bbox 466 953 659 1027; x_wconf 87' lang='lat' dir='ltr'><strong>dignus</strong></span> <span class='ocrx_word' id='word_1_47' title='bbox 676 956 762 1012; x_wconf 80' lang='lat' dir='ltr'><strong>est</strong></span> <span class='ocrx_word' id='word_1_48' title='bbox 784 954 1055 1023; x_wconf 83' lang='lat' dir='ltr'><strong>mercede,</strong></span> <span class='ocrx_word' id='word_1_49' title='bbox 1076 962 1131 1011; x_wconf 91' lang='lat' dir='ltr'><strong>et</strong></span> <span class='ocrx_word' id='word_1_50' title='bbox 1154 953 1469 1009; x_wconf 89' lang='lat' dir='ltr'><strong>vestimenta</strong></span> <span class='ocrx_word' id='word_1_51' title='bbox 1496 951 1845 1021; x_wconf 78' lang='lat' dir='ltr'><strong>pecuniaeque</strong></span> 
     </span>
    </p>
   </div>
   <div class='ocr_carea' id='block_1_8' title="bbox 245 1036 1847 1116">
    <p class='ocr_par' dir='ltr' id='par_1_8' title="bbox 245 1036 1847 1116">
     <span class='ocr_line' id='line_1_8' title="bbox 245 1036 1847 1116; baseline -0.002 -17"><span class='ocrx_word' id='word_1_52' title='bbox 245 1059 345 1114; x_wconf 89' lang='lat' dir='ltr'><strong>per</strong></span> <span class='ocrx_word' id='word_1_53' title='bbox 369 1043 686 1102; x_wconf 85' lang='lat' dir='ltr'><strong>beneﬁcium</strong></span> <span class='ocrx_word' id='word_1_54' title='bbox 715 1036 854 1101; x_wconf 71' lang='lat' dir='ltr'><strong>data:</strong></span> <span class='ocrx_word' id='word_1_55' title='bbox 884 1061 989 1100; x_wconf 92' lang='lat' dir='ltr'><strong>non</strong></span> <span class='ocrx_word' id='word_1_56' title='bbox 1030 1038 1188 1116; x_wconf 87' lang='lat' dir='ltr'><strong>digna</strong></span> <span class='ocrx_word' id='word_1_57' title='bbox 1218 1051 1378 1100; x_wconf 89' lang='lat' dir='ltr'><strong>erunt</strong></span> <span class='ocrx_word' id='word_1_58' title='bbox 1412 1039 1707 1097; x_wconf 72' lang='lat' dir='ltr'><strong>mercede?</strong></span> <span class='ocrx_word' id='word_1_59' title='bbox 1734 1039 1847 1095; x_wconf 91' lang='lat' dir='ltr'><strong>lmo</strong></span> 
     </span>
    </p>
   </div>
   <div class='ocr_carea' id='block_1_9' title="bbox 245 1126 1848 1214">
    <p class='ocr_par' dir='ltr' id='par_1_9' title="bbox 245 1126 1848 1214">
     <span class='ocr_line' id='line_1_9' title="bbox 245 1126 1848 1214; baseline -0.003 -24"><span class='ocrx_word' id='word_1_60' title='bbox 245 1149 278 1190; x_wconf 92' lang='lat' dir='ltr'><strong>e</strong></span> <span class='ocrx_word' id='word_1_61' title='bbox 306 1133 577 1191; x_wconf 82' lang='lat' dir='ltr'><strong>contrario</strong></span> <span class='ocrx_word' id='word_1_62' title='bbox 620 1134 787 1192; x_wconf 81' lang='lat' dir='ltr'><strong>multa</strong></span> <span class='ocrx_word' id='word_1_63' title='bbox 825 1146 982 1192; x_wconf 88' lang='lat' dir='ltr'><strong>erunt</strong></span> <span class='ocrx_word' id='word_1_64' title='bbox 1008 1126 1256 1191; x_wconf 82' lang='lat' dir='ltr'><strong>mercede</strong></span> <span class='ocrx_word' id='word_1_65' title='bbox 1299 1132 1489 1214; x_wconf 60' lang='lat' dir='ltr'><strong>digna,</strong></span> <span class='ocrx_word' id='word_1_66' title='bbox 1510 1130 1688 1198; x_wconf 90' lang='lat' dir='ltr'><strong>Quare</strong></span> <span class='ocrx_word' id='word_1_67' title='bbox 1718 1144 1848 1201; x_wconf 85' lang='lat' dir='ltr'><strong>ergo</strong></span> 
     </span>
    </p>
   </div>
   <div class='ocr_carea' id='block_1_10' title="bbox 245 1222 1843 1299">
    <p class='ocr_par' dir='ltr' id='par_1_10' title="bbox 245 1222 1843 1299">
     <span class='ocr_line' id='line_1_10' title="bbox 245 1222 1843 1299; baseline -0.006 -16"><span class='ocrx_word' id='word_1_68' title='bbox 245 1225 470 1283; x_wconf 81' lang='lat' dir='ltr'><strong>calicem</strong></span> <span class='ocrx_word' id='word_1_69' title='bbox 536 1241 690 1298; x_wconf 71' lang='lat' dir='ltr'><strong>aqua:</strong></span> <span class='ocrx_word' id='word_1_70' title='bbox 739 1222 946 1299; x_wconf 75' lang='lat' dir='ltr'><strong>frigidm</strong></span> <span class='ocrx_word' id='word_1_71' title='bbox 993 1225 1315 1283; x_wconf 83' lang='lat' dir='ltr'><strong>memoravit</strong></span> <span class='ocrx_word' id='word_1_72' title='bbox 1356 1223 1381 1276; x_wconf 81' lang='lat'><strong>?</strong></span> <span class='ocrx_word' id='word_1_73' title='bbox 1432 1222 1843 1294; x_wconf 84' lang='lat' dir='ltr'><strong>Eleemosynam</strong></span> 
     </span>
    </p>
   </div>
   <div class='ocr_carea' id='block_1_11' title="bbox 244 1314 1847 1396">
    <p class='ocr_par' dir='ltr' id='par_1_11' title="bbox 244 1314 1847 1396">
     <span class='ocr_line' id='line_1_11' title="bbox 244 1314 1847 1396; baseline -0.002 -23"><span class='ocrx_word' id='word_1_74' title='bbox 244 1318 366 1374; x_wconf 85' lang='lat' dir='ltr'><strong>sine</strong></span> <span class='ocrx_word' id='word_1_75' title='bbox 408 1318 712 1390; x_wconf 76' lang='lat' dir='ltr'><strong>sumptibus</strong></span> <span class='ocrx_word' id='word_1_76' title='bbox 751 1318 888 1376; x_wconf 81' lang='lat' dir='ltr'><strong>dixit</strong></span> <span class='ocrx_word' id='word_1_77' title='bbox 930 1337 945 1373; x_wconf 91' lang='lat'><strong>:</strong></span> <span class='ocrx_word' id='word_1_78' title='bbox 987 1334 1113 1374; x_wconf 89' lang='lat' dir='ltr'><strong>nam</strong></span> <span class='ocrx_word' id='word_1_79' title='bbox 1160 1314 1350 1391; x_wconf 76' lang='lat' dir='ltr'><strong>frigida</strong></span> <span class='ocrx_word' id='word_1_80' title='bbox 1386 1331 1525 1396; x_wconf 84' lang='lat' dir='ltr'><strong>aqua</strong></span> <span class='ocrx_word' id='word_1_81' title='bbox 1565 1331 1741 1387; x_wconf 90' lang='lat' dir='ltr'><strong>neque</strong></span> <span class='ocrx_word' id='word_1_82' title='bbox 1780 1314 1847 1369; x_wconf 84' lang='lat' dir='ltr'><strong>li-</strong></span> 
     </span>
    </p>
   </div>
   <div class='ocr_carea' id='block_1_12' title="bbox 244 1403 1846 1482">
    <p class='ocr_par' dir='ltr' id='par_1_12' title="bbox 244 1403 1846 1482">
     <span class='ocr_line' id='line_1_12' title="bbox 244 1403 1846 1482; baseline 0.001 -22"><span class='ocrx_word' id='word_1_83' title='bbox 244 1418 411 1477; x_wconf 76' lang='lat' dir='ltr'><strong>gnum</strong></span> <span class='ocrx_word' id='word_1_84' title='bbox 432 1448 449 1475; x_wconf 95' lang='lat'><strong>,</strong></span> <span class='ocrx_word' id='word_1_85' title='bbox 475 1422 651 1477; x_wconf 85' lang='lat' dir='ltr'><strong>neque</strong></span> <span class='ocrx_word' id='word_1_86' title='bbox 689 1408 831 1465; x_wconf 88' lang='lat' dir='ltr'><strong>aliud</strong></span> <span class='ocrx_word' id='word_1_87' title='bbox 858 1403 1132 1482; x_wconf 82' lang='lat' dir='ltr'><strong>quidpiam</strong></span> <span class='ocrx_word' id='word_1_88' title='bbox 1170 1408 1458 1479; x_wconf 86' lang='lat' dir='ltr'><strong>impendis.</strong></span> <span class='ocrx_word' id='word_1_89' title='bbox 1489 1407 1641 1475; x_wconf 84' lang='lat' dir='ltr'><strong>Quod</strong></span> <span class='ocrx_word' id='word_1_90' title='bbox 1667 1406 1711 1462; x_wconf 88' lang='lat' dir='ltr'><strong>si</strong></span> <span class='ocrx_word' id='word_1_91' title='bbox 1738 1406 1846 1461; x_wconf 88' lang='lat' dir='ltr'><strong>lar-</strong></span> 
     </span>
    </p>
   </div>
   <div class='ocr_carea' id='block_1_13' title="bbox 247 1491 1843 1570">
    <p class='ocr_par' dir='ltr' id='par_1_13' title="bbox 247 1491 1843 1570">
     <span class='ocr_line' id='line_1_13' title="bbox 247 1491 1843 1570; baseline 0.001 -20"><span class='ocrx_word' id='word_1_92' title='bbox 247 1496 451 1567; x_wconf 81' lang='lat' dir='ltr'><strong>gitione</strong></span> <span class='ocrx_word' id='word_1_93' title='bbox 494 1498 613 1554; x_wconf 85' lang='lat' dir='ltr'><strong>sine</strong></span> <span class='ocrx_word' id='word_1_94' title='bbox 656 1509 873 1570; x_wconf 84' lang='lat' dir='ltr'><strong>sumptu</strong></span> <span class='ocrx_word' id='word_1_95' title='bbox 916 1491 1056 1556; x_wconf 73' lang='lat' dir='ltr'><strong>facta</strong></span> <span class='ocrx_word' id='word_1_96' title='bbox 1084 1494 1231 1555; x_wconf 87' lang='lat' dir='ltr'><strong>tanta</strong></span> <span class='ocrx_word' id='word_1_97' title='bbox 1255 1507 1339 1555; x_wconf 86' lang='lat' dir='ltr'><strong>est</strong></span> <span class='ocrx_word' id='word_1_98' title='bbox 1361 1497 1607 1555; x_wconf 90' lang='lat' dir='ltr'><strong>beneﬁcii</strong></span> <span class='ocrx_word' id='word_1_99' title='bbox 1640 1497 1807 1569; x_wconf 87' lang='lat' dir='ltr'><strong>gratia</strong></span> <span class='ocrx_word' id='word_1_100' title='bbox 1828 1536 1843 1563; x_wconf 91' lang='lat'><strong>,</strong></span> 
     </span>
    </p>
   </div>
   <div class='ocr_carea' id='block_1_14' title="bbox 248 1577 1845 1661">
    <p class='ocr_par' dir='ltr' id='par_1_14' title="bbox 248 1577 1845 1661">
     <span class='ocr_line' id='line_1_14' title="bbox 248 1577 1845 1661; baseline 0.003 -21"><span class='ocrx_word' id='word_1_101' title='bbox 248 1585 339 1640; x_wconf 90' lang='lat' dir='ltr'><strong>ubi</strong></span> <span class='ocrx_word' id='word_1_102' title='bbox 367 1586 804 1644; x_wconf 86' lang='lat' dir='ltr'><strong>vestimentorum</strong></span> <span class='ocrx_word' id='word_1_103' title='bbox 829 1577 1002 1660; x_wconf 85' lang='lat' dir='ltr'><strong>copia,</strong></span> <span class='ocrx_word' id='word_1_104' title='bbox 1025 1592 1371 1661; x_wconf 83' lang='lat' dir='ltr'><strong>pecuniarum</strong></span> <span class='ocrx_word' id='word_1_105' title='bbox 1401 1588 1845 1656; x_wconf 88' lang='lat' dir='ltr'><strong>subministratio,</strong></span> 
     </span>
    </p>
   </div>
   <div class='ocr_carea' id='block_1_15' title="bbox 244 1674 1846 1752">
    <p class='ocr_par' dir='ltr' id='par_1_15' title="bbox 244 1674 1846 1752">
     <span class='ocr_line' id='line_1_15' title="bbox 244 1674 1846 1752; baseline 0.002 -22"><span class='ocrx_word' id='word_1_106' title='bbox 244 1674 584 1748; x_wconf 76' lang='lat' dir='ltr'><strong>aliorumque</strong></span> <span class='ocrx_word' id='word_1_107' title='bbox 612 1677 875 1733; x_wconf 90' lang='lat' dir='ltr'><strong>bonorum</strong></span> <span class='ocrx_word' id='word_1_108' title='bbox 904 1678 1228 1736; x_wconf 76' lang='lat' dir='ltr'><strong>abundantia</strong></span> <span class='ocrx_word' id='word_1_109' title='bbox 1250 1722 1267 1747; x_wconf 93' lang='lat'><strong>,</strong></span> <span class='ocrx_word' id='word_1_110' title='bbox 1296 1680 1512 1752; x_wconf 89' lang='lat' dir='ltr'><strong>qualem</strong></span> <span class='ocrx_word' id='word_1_111' title='bbox 1541 1695 1570 1733; x_wconf 88' lang='lat' dir='ltr'><strong>a</strong></span> <span class='ocrx_word' id='word_1_112' title='bbox 1594 1679 1846 1749; x_wconf 82' lang='lat' dir='ltr'><strong>justoju-</strong></span> 
     </span>
    </p>
   </div>
   <div class='ocr_carea' id='block_1_16' title="bbox 245 1764 1851 1843">
    <p class='ocr_par' dir='ltr' id='par_1_16' title="bbox 245 1764 1851 1843">
     <span class='ocr_line' id='line_1_16' title="bbox 245 1764 1851 1843; baseline 0.006 -23"><span class='ocrx_word' id='word_1_113' title='bbox 245 1764 372 1822; x_wconf 85' lang='lat' dir='ltr'><strong>dice</strong></span> <span class='ocrx_word' id='word_1_114' title='bbox 413 1768 717 1825; x_wconf 84' lang='lat' dir='ltr'><strong>mercedem</strong></span> <span class='ocrx_word' id='word_1_115' title='bbox 747 1770 951 1827; x_wconf 77' lang='lat' dir='ltr'><strong>referre</strong></span> <span class='ocrx_word' id='word_1_116' title='bbox 979 1772 1235 1843; x_wconf 78' lang='lat' dir='ltr'><strong>oportet?</strong></span> <span class='ocrx_word' id='word_1_117' title='bbox 1260 1771 1487 1841; x_wconf 84' lang='lat' dir='ltr'><strong>Quando</strong></span> <span class='ocrx_word' id='word_1_118' title='bbox 1530 1772 1690 1842; x_wconf 81' lang='lat' dir='ltr'><strong>igitur</strong></span> <span class='ocrx_word' id='word_1_119' title='bbox 1726 1787 1851 1841; x_wconf 85' lang='lat' dir='ltr'><strong>pro-</strong></span> 
     </span>
    </p>
   </div>
   <div class='ocr_carea' id='block_1_17' title="bbox 246 1857 1847 1934">
    <p class='ocr_par' dir='ltr' id='par_1_17' title="bbox 246 1857 1847 1934">
     <span class='ocr_line' id='line_1_17' title="bbox 246 1857 1847 1934; baseline 0.003 -23"><span class='ocrx_word' id='word_1_120' title='bbox 246 1863 398 1911; x_wconf 82' lang='lat' dir='ltr'><strong>stant</strong></span> <span class='ocrx_word' id='word_1_121' title='bbox 422 1857 647 1915; x_wconf 80' lang='lat' dir='ltr'><strong>virtutes</strong></span> <span class='ocrx_word' id='word_1_122' title='bbox 671 1874 837 1930; x_wconf 90' lang='lat' dir='ltr'><strong>parvo</strong></span> <span class='ocrx_word' id='word_1_123' title='bbox 866 1860 1183 1926; x_wconf 81' lang='lat' dir='ltr'><strong>vendibiles,</strong></span> <span class='ocrx_word' id='word_1_124' title='bbox 1211 1877 1242 1916; x_wconf 88' lang='lat' dir='ltr'><strong>a</strong></span> <span class='ocrx_word' id='word_1_125' title='bbox 1272 1862 1555 1934; x_wconf 87' lang='lat' dir='ltr'><strong>magniﬁco</strong></span> <span class='ocrx_word' id='word_1_126' title='bbox 1583 1861 1677 1917; x_wconf 93' lang='lat' dir='ltr'><strong>illo</strong></span> <span class='ocrx_word' id='word_1_127' title='bbox 1702 1862 1847 1918; x_wconf 78' lang='lat' dir='ltr'><strong>acci-</strong></span> 
     </span>
    </p>
   </div>
   <div class='ocr_carea' id='block_1_18' title="bbox 220 1946 1852 2029">
    <p class='ocr_par' dir='ltr' id='par_1_18' title="bbox 220 1946 1852 2029">
     <span class='ocr_line' id='line_1_18' title="bbox 220 1946 1852 2029; baseline 0.004 -28"><span class='ocrx_word' id='word_1_128' title='bbox 220 1946 483 2029; x_wconf 59' lang='lat' dir='ltr'><strong>/piamus,</strong></span> <span class='ocrx_word' id='word_1_129' title='bbox 504 1951 796 2020; x_wconf 83' lang='lat' dir='ltr'><strong>rapiamus,</strong></span> <span class='ocrx_word' id='word_1_130' title='bbox 820 1966 1080 2010; x_wconf 88' lang='lat' dir='ltr'><strong>emamus.</strong></span> <span class='ocrx_word' id='word_1_131' title='bbox 1109 1953 1369 2022; x_wconf 82' lang='lat' dir='ltr'><strong>Sitientes,</strong></span> <span class='ocrx_word' id='word_1_132' title='bbox 1393 1955 1583 2025; x_wconf 89' lang='lat' dir='ltr'><strong>inquit,</strong></span> <span class='ocrx_word' id='word_1_133' title='bbox 1606 1955 1764 2008; x_wconf 80' lang='lat' dir='ltr'><strong>venite</strong></span> <span class='ocrx_word' id='word_1_134' title='bbox 1783 1954 1852 2008; x_wconf 87' lang='lat' dir='ltr'><strong>ad</strong></span> 
     </span>
    </p>
   </div>
   <div class='ocr_carea' id='block_1_19' title="bbox 247 2040 1847 2118">
    <p class='ocr_par' dir='ltr' id='par_1_19' title="bbox 247 2040 1847 2118">
     <span class='ocr_line' id='line_1_19' title="bbox 247 2040 1847 2118; baseline 0.006 -26"><span class='ocrx_word' id='word_1_135' title='bbox 247 2052 437 2106; x_wconf 80' lang='lat' dir='ltr'><strong>aquam</strong></span> <span class='ocrx_word' id='word_1_136' title='bbox 459 2060 477 2096; x_wconf 88' lang='lat'><strong><em>:</em></strong></span> <span class='ocrx_word' id='word_1_137' title='bbox 498 2048 547 2097; x_wconf 88' lang='lat' dir='ltr'><strong>et</strong></span> <span class='ocrx_word' id='word_1_138' title='bbox 569 2042 658 2112; x_wconf 83' lang='lat' dir='ltr'><strong>qui</strong></span> <span class='ocrx_word' id='word_1_139' title='bbox 683 2056 783 2099; x_wconf 81' lang='lat' dir='ltr'><strong>non</strong></span> <span class='ocrx_word' id='word_1_140' title='bbox 809 2040 999 2101; x_wconf 82' lang='lat' dir='ltr'><strong>habetis</strong></span> <span class='ocrx_word' id='word_1_141' title='bbox 1023 2056 1307 2118; x_wconf 80' lang='lat' dir='ltr'><strong>argentum,</strong></span> <span class='ocrx_word' id='word_1_142' title='bbox 1332 2057 1504 2102; x_wconf 79' lang='lat' dir='ltr'><strong>euntes</strong></span> <span class='ocrx_word' id='word_1_143' title='bbox 1527 2048 1673 2102; x_wconf 81' lang='lat' dir='ltr'><strong>emite</strong></span> <span class='ocrx_word' id='word_1_144' title='bbox 1698 2045 1847 2116; x_wconf 88' lang='lat' dir='ltr'><strong>(Isai.</strong></span> 
     </span>
    </p>
   </div>
   <div class='ocr_carea' id='block_1_20' title="bbox 245 2131 1851 2208">
    <p class='ocr_par' dir='ltr' id='par_1_20' title="bbox 245 2131 1851 2208">
     <span class='ocr_line' id='line_1_20' title="bbox 245 2131 1851 2208; baseline 0.004 -20"><span class='ocrx_word' id='word_1_145' title='bbox 245 2131 345 2189; x_wconf 77' lang='lat'><strong>55.</strong></span> <span class='ocrx_word' id='word_1_146' title='bbox 370 2132 445 2208; x_wconf 72' lang='grc'><strong>1).</strong></span> <span class='ocrx_word' id='word_1_147' title='bbox 470 2134 605 2191; x_wconf 86' lang='lat' dir='ltr'><strong>Dum</strong></span> <span class='ocrx_word' id='word_1_148' title='bbox 636 2144 1006 2208; x_wconf 83' lang='lat' dir='ltr'><strong>preponuntnr</strong></span> <span class='ocrx_word' id='word_1_149' title='bbox 1029 2139 1280 2193; x_wconf 72' lang='lat' dir='ltr'><strong>nundinae</strong></span> <span class='ocrx_word' id='word_1_150' title='bbox 1299 2182 1315 2208; x_wconf 89' lang='lat'><strong>,</strong></span> <span class='ocrx_word' id='word_1_151' title='bbox 1343 2154 1584 2195; x_wconf 88' lang='lat' dir='ltr'><strong>emamus</strong></span> <span class='ocrx_word' id='word_1_152' title='bbox 1612 2138 1851 2195; x_wconf 80' lang='lat' dir='ltr'><strong>eleemo-</strong></span> 
     </span>
    </p>
   </div>
   <div class='ocr_carea' id='block_1_21' title="bbox 247 2227 1848 2305">
    <p class='ocr_par' dir='ltr' id='par_1_21' title="bbox 247 2227 1848 2305">
     <span class='ocr_line' id='line_1_21' title="bbox 247 2227 1848 2305; baseline 0.004 -26"><span class='ocrx_word' id='word_1_153' title='bbox 247 2238 434 2296; x_wconf 80' lang='lat' dir='ltr'><strong>synas,</strong></span> <span class='ocrx_word' id='word_1_154' title='bbox 462 2227 569 2282; x_wconf 90' lang='lat' dir='ltr'><strong>imo</strong></span> <span class='ocrx_word' id='word_1_155' title='bbox 599 2227 775 2298; x_wconf 84' lang='lat' dir='ltr'><strong>potius</strong></span> <span class='ocrx_word' id='word_1_156' title='bbox 795 2244 891 2299; x_wconf 87' lang='lat' dir='ltr'><strong>per</strong></span> <span class='ocrx_word' id='word_1_157' title='bbox 909 2230 1306 2301; x_wconf 82' lang='lat' dir='ltr'><strong>eleemosynam</strong></span> <span class='ocrx_word' id='word_1_158' title='bbox 1336 2244 1579 2305; x_wconf 88' lang='lat' dir='ltr'><strong>emamus</strong></span> <span class='ocrx_word' id='word_1_159' title='bbox 1598 2227 1848 2288; x_wconf 81' lang='lat' dir='ltr'><strong>salutem.</strong></span> 
     </span>
    </p>
   </div>
   <div class='ocr_carea' id='block_1_22' title="bbox 247 2312 1848 2391">
    <p class='ocr_par' dir='ltr' id='par_1_22' title="bbox 247 2312 1848 2391">
     <span class='ocr_line' id='line_1_22' title="bbox 247 2312 1848 2391; baseline 0.004 -22"><span class='ocrx_word' id='word_1_160' title='bbox 247 2312 523 2370; x_wconf 84' lang='lat' dir='ltr'><strong>Christum</strong></span> <span class='ocrx_word' id='word_1_161' title='bbox 553 2318 736 2384; x_wconf 73' lang='lat' dir='ltr'><strong>vestis,</strong></span> <span class='ocrx_word' id='word_1_162' title='bbox 765 2319 854 2390; x_wconf 92' lang='lat' dir='ltr'><strong>qui</strong></span> <span class='ocrx_word' id='word_1_163' title='bbox 877 2335 1169 2390; x_wconf 86' lang='lat' dir='ltr'><strong>pauperem</strong></span> <span class='ocrx_word' id='word_1_164' title='bbox 1206 2321 1389 2375; x_wconf 81' lang='lat' dir='ltr'><strong>vestis.</strong></span> <span class='ocrx_word' id='word_1_165' title='bbox 1415 2319 1541 2376; x_wconf 64' lang='lat' dir='ltr'><strong>llaec</strong></span> <span class='ocrx_word' id='word_1_166' title='bbox 1560 2361 1575 2384; x_wconf 92' lang='lat'><strong>,</strong></span> <span class='ocrx_word' id='word_1_167' title='bbox 1600 2320 1808 2391; x_wconf 85' lang='lat' dir='ltr'><strong>inquies</strong></span> <span class='ocrx_word' id='word_1_168' title='bbox 1830 2360 1848 2387; x_wconf 95' lang='lat'><strong>,</strong></span> 
     </span>
    </p>
   </div>
   <div class='ocr_carea' id='block_1_23' title="bbox 241 2405 1854 2483">
    <p class='ocr_par' dir='ltr' id='par_1_23' title="bbox 241 2405 1854 2483">
     <span class='ocr_line' id='line_1_23' title="bbox 241 2405 1854 2483; baseline 0.004 -23"><span class='ocrx_word' id='word_1_169' title='bbox 241 2405 422 2475; x_wconf 88' lang='lat' dir='ltr'><strong>.probe</strong></span> <span class='ocrx_word' id='word_1_170' title='bbox 447 2416 502 2462; x_wconf 90' lang='lat' dir='ltr'><strong>et</strong></span> <span class='ocrx_word' id='word_1_171' title='bbox 520 2418 766 2465; x_wconf 86' lang='lat' dir='ltr'><strong>accurate</strong></span> <span class='ocrx_word' id='word_1_172' title='bbox 791 2411 915 2465; x_wconf 92' lang='lat' dir='ltr'><strong>novi</strong></span> <span class='ocrx_word' id='word_1_173' title='bbox 940 2429 953 2465; x_wconf 91' lang='lat'><strong>:</strong></span> <span class='ocrx_word' id='word_1_174' title='bbox 979 2411 1094 2467; x_wconf 78' lang='lat' dir='ltr'><strong>haec</strong></span> <span class='ocrx_word' id='word_1_175' title='bbox 1120 2413 1270 2482; x_wconf 89' lang='lat' dir='ltr'><strong>prius</strong></span> <span class='ocrx_word' id='word_1_176' title='bbox 1290 2412 1470 2478; x_wconf 88' lang='lat' dir='ltr'><strong>didici,</strong></span> <span class='ocrx_word' id='word_1_177' title='bbox 1495 2406 1611 2468; x_wconf 59' lang='lat' dir='ltr'><strong>non&#39;</strong></span> <span class='ocrx_word' id='word_1_178' title='bbox 1631 2424 1684 2468; x_wconf 89' lang='lat' dir='ltr'><strong>tu</strong></span> <span class='ocrx_word' id='word_1_179' title='bbox 1707 2413 1854 2483; x_wconf 89' lang='lat' dir='ltr'><strong>prior</strong></span> 
     </span>
    </p>
   </div>
   <div class='ocr_carea' id='block_1_24' title="bbox 250 2498 1851 2576">
    <p class='ocr_par' dir='ltr' id='par_1_24' title="bbox 250 2498 1851 2576">
     <span class='ocr_line' id='line_1_24' title="bbox 250 2498 1851 2576; baseline 0.005 -23"><span class='ocrx_word' id='word_1_180' title='bbox 250 2498 485 2555; x_wconf 87' lang='lat' dir='ltr'><strong>docuisti</strong></span> <span class='ocrx_word' id='word_1_181' title='bbox 520 2520 533 2555; x_wconf 90' lang='lat'><strong>:</strong></span> <span class='ocrx_word' id='word_1_182' title='bbox 566 2518 740 2573; x_wconf 84' lang='lat' dir='ltr'><strong>neque</strong></span> <span class='ocrx_word' id='word_1_183' title='bbox 776 2519 808 2559; x_wconf 87' lang='lat' dir='ltr'><strong>a</strong></span> <span class='ocrx_word' id='word_1_184' title='bbox 854 2513 908 2562; x_wconf 91' lang='lat' dir='ltr'><strong>te</strong></span> <span class='ocrx_word' id='word_1_185' title='bbox 938 2506 1168 2576; x_wconf 91' lang='lat' dir='ltr'><strong>primum</strong></span> <span class='ocrx_word' id='word_1_186' title='bbox 1207 2506 1311 2562; x_wconf 87' lang='lat' dir='ltr'><strong>hoc</strong></span> <span class='ocrx_word' id='word_1_187' title='bbox 1354 2505 1655 2562; x_wconf 88' lang='lat' dir='ltr'><strong>audivimus</strong></span> <span class='ocrx_word' id='word_1_188' title='bbox 1688 2524 1702 2562; x_wconf 90' lang='lat'><strong>:</strong></span> <span class='ocrx_word' id='word_1_189' title='bbox 1742 2521 1851 2561; x_wconf 91' lang='lat' dir='ltr'><strong>non</strong></span> 
     </span>
    </p>
   </div>
   <div class='ocr_carea' id='block_1_25' title="bbox 251 2593 1851 2668">
    <p class='ocr_par' dir='ltr' id='par_1_25' title="bbox 251 2593 1851 2668">
     <span class='ocr_line' id='line_1_25' title="bbox 251 2593 1851 2668; baseline 0.006 -24"><span class='ocrx_word' id='word_1_190' title='bbox 251 2597 392 2645; x_wconf 71' lang='lat' dir='ltr'><strong>laeva</strong></span> <span class='ocrx_word' id='word_1_191' title='bbox 417 2593 675 2661; x_wconf 67' lang='lat' dir='ltr'><strong>praedicas</strong></span> <span class='ocrx_word' id='word_1_192' title='bbox 698 2637 714 2663; x_wconf 95' lang='lat'><strong>,</strong></span> <span class='ocrx_word' id='word_1_193' title='bbox 746 2595 840 2651; x_wconf 89' lang='lat' dir='ltr'><strong>sed</strong></span> <span class='ocrx_word' id='word_1_194' title='bbox 870 2612 989 2666; x_wconf 80' lang='lat' dir='ltr'><strong>quae</strong></span> <span class='ocrx_word' id='word_1_195' title='bbox 1011 2612 1156 2668; x_wconf 56' lang='lat' dir='ltr'><strong>saepe</strong></span> <span class='ocrx_word' id='word_1_196' title='bbox 1194 2597 1345 2652; x_wconf 90' lang='lat' dir='ltr'><strong>multi</strong></span> <span class='ocrx_word' id='word_1_197' title='bbox 1388 2614 1454 2653; x_wconf 87' lang='lat' dir='ltr'><strong>ex</strong></span> <span class='ocrx_word' id='word_1_198' title='bbox 1498 2597 1851 2668; x_wconf 75' lang='lat' dir='ltr'><strong>prmsentibus</strong></span> 
     </span>
    </p>
   </div>
   <div class='ocr_carea' id='block_1_26' title="bbox 252 2681 1852 2761">
    <p class='ocr_par' dir='ltr' id='par_1_26' title="bbox 252 2681 1852 2761">
     <span class='ocr_line' id='line_1_26' title="bbox 252 2681 1852 2761; baseline 0.008 -27"><span class='ocrx_word' id='word_1_199' title='bbox 252 2694 354 2735; x_wconf 86' lang='lat' dir='ltr'><strong>nos</strong></span> <span class='ocrx_word' id='word_1_200' title='bbox 382 2681 705 2739; x_wconf 87' lang='lat' dir='ltr'><strong>docuerunt.</strong></span> <span class='ocrx_word' id='word_1_201' title='bbox 738 2686 867 2741; x_wconf 75' lang='lat' dir='ltr'><strong>Novi</strong></span> <span class='ocrx_word' id='word_1_202' title='bbox 898 2688 1102 2758; x_wconf 89' lang='lat' dir='ltr'><strong>utique,</strong></span> <span class='ocrx_word' id='word_1_203' title='bbox 1134 2690 1255 2743; x_wconf 87' lang='lat' dir='ltr'><strong>novi</strong></span> <span class='ocrx_word' id='word_1_204' title='bbox 1287 2699 1342 2744; x_wconf 91' lang='lat' dir='ltr'><strong>et</strong></span> <span class='ocrx_word' id='word_1_205' title='bbox 1381 2689 1494 2761; x_wconf 89' lang='lat' dir='ltr'><strong>ipse</strong></span> <span class='ocrx_word' id='word_1_206' title='bbox 1529 2704 1627 2746; x_wconf 85' lang='lat' dir='ltr'><strong>vos</strong></span> <span class='ocrx_word' id='word_1_207' title='bbox 1652 2700 1707 2746; x_wconf 89' lang='lat' dir='ltr'><strong>et</strong></span> <span class='ocrx_word' id='word_1_208' title='bbox 1736 2690 1852 2746; x_wconf 80' lang='lat' dir='ltr'><strong>lucc</strong></span> 
     </span>
    </p>
   </div>
   <div class='ocr_carea' id='block_1_27' title="bbox 248 2772 1850 2852">
    <p class='ocr_par' dir='ltr' id='par_1_27' title="bbox 248 2772 1850 2852">
     <span class='ocr_line' id='line_1_27' title="bbox 248 2772 1850 2852; baseline 0.006 -26"><span class='ocrx_word' id='word_1_209' title='bbox 248 2780 307 2826; x_wconf 87' lang='lat' dir='ltr'><strong>ct</strong></span> <span class='ocrx_word' id='word_1_210' title='bbox 350 2772 543 2827; x_wconf 85' lang='lat' dir='ltr'><strong>similia</strong></span> <span class='ocrx_word' id='word_1_211' title='bbox 587 2786 732 2846; x_wconf 71' lang='lat' dir='ltr'><strong>sazpe</strong></span> <span class='ocrx_word' id='word_1_212' title='bbox 778 2773 1068 2844; x_wconf 87' lang='lat' dir='ltr'><strong>didicisse;</strong></span> <span class='ocrx_word' id='word_1_213' title='bbox 1098 2776 1192 2835; x_wconf 88' lang='lat' dir='ltr'><strong>sed</strong></span> <span class='ocrx_word' id='word_1_214' title='bbox 1238 2782 1441 2836; x_wconf 87' lang='lat' dir='ltr'><strong>utinam</strong></span> <span class='ocrx_word' id='word_1_215' title='bbox 1484 2796 1630 2852; x_wconf 78' lang='lat' dir='ltr'><strong>saepe</strong></span> <span class='ocrx_word' id='word_1_216' title='bbox 1667 2781 1850 2848; x_wconf 89' lang='lat' dir='ltr'><strong>docti,</strong></span> 
     </span>
    </p>
   </div>
   <div class='ocr_carea' id='block_1_28' title="bbox 249 2864 1853 2945">
    <p class='ocr_par' dir='ltr' id='par_1_28' title="bbox 249 2864 1853 2945">
     <span class='ocr_line' id='line_1_28' title="bbox 249 2864 1853 2945; baseline 0.006 -26"><span class='ocrx_word' id='word_1_217' title='bbox 249 2865 445 2922; x_wconf 75' lang='lat' dir='ltr'><strong>saltem</strong></span> <span class='ocrx_word' id='word_1_218' title='bbox 474 2866 670 2923; x_wconf 90' lang='lat' dir='ltr'><strong>bonum</strong></span> <span class='ocrx_word' id='word_1_219' title='bbox 692 2871 907 2941; x_wconf 87' lang='lat' dir='ltr'><strong>aliquod</strong></span> <span class='ocrx_word' id='word_1_220' title='bbox 936 2864 1186 2943; x_wconf 81' lang='lat' dir='ltr'><strong>exiguum</strong></span> <span class='ocrx_word' id='word_1_221' title='bbox 1214 2884 1547 2945; x_wconf 68' lang='lat' dir='ltr'><strong>praestemus.</strong></span> <span class='ocrx_word' id='word_1_222' title='bbox 1576 2875 1677 2943; x_wconf 89' lang='lat' dir='ltr'><strong>Qui</strong></span> <span class='ocrx_word' id='word_1_223' title='bbox 1705 2875 1853 2929; x_wconf 84' lang='lat' dir='ltr'><strong>mise-</strong></span> 
     </span>
    </p>
   </div>
   <div class='ocr_carea' id='block_1_29' title="bbox 249 2953 1848 3039">
    <p class='ocr_par' dir='ltr' id='par_1_29' title="bbox 249 2953 1848 3039">
     <span class='ocr_line' id='line_1_29' title="bbox 249 2953 1848 3039; baseline 0.008 -29"><span class='ocrx_word' id='word_1_224' title='bbox 249 2965 394 3011; x_wconf 76' lang='lat' dir='ltr'><strong>retur</strong></span> <span class='ocrx_word' id='word_1_225' title='bbox 419 2960 679 3029; x_wconf 75' lang='lat' dir='ltr'><strong>pauperis,</strong></span> <span class='ocrx_word' id='word_1_226' title='bbox 711 2963 987 3033; x_wconf 66' lang='lat' dir='ltr'><strong>{miseratur</strong></span> <span class='ocrx_word' id='word_1_227' title='bbox 1006 2953 1117 3020; x_wconf 85' lang='lat' dir='ltr'><strong>Deo</strong></span> <span class='ocrx_word' id='word_1_228' title='bbox 1147 2956 1327 3035; x_wconf 79' lang='lat' dir='ltr'><strong>(Prov.</strong></span> <span class='ocrx_word' id='word_1_229' title='bbox 1358 2957 1449 3023; x_wconf 76' lang='grc'><strong>19.</strong></span> <span class='ocrx_word' id='word_1_230' title='bbox 1479 2965 1590 3039; x_wconf 81' lang='lat' dir='ltr'><strong>l7).</strong></span> <span class='ocrx_word' id='word_1_231' title='bbox 1624 2967 1732 3022; x_wconf 87' lang='lat' dir='ltr'><strong>Deo</strong></span> <span class='ocrx_word' id='word_1_232' title='bbox 1750 2966 1848 3023; x_wconf 70' lang='grc' dir='ltr'><strong>ϊω-</strong></span> 
     </span>
    </p>
   </div>
   <div class='ocr_carea' id='block_1_30' title="bbox 251 3050 1851 3125">
    <p class='ocr_par' dir='ltr' id='par_1_30' title="bbox 251 3050 1851 3125">
     <span class='ocr_line' id='line_1_30' title="bbox 251 3050 1851 3125; baseline 0.007 -23"><span class='ocrx_word' id='word_1_233' title='bbox 251 3061 512 3104; x_wconf 90' lang='lat' dir='ltr'><strong>neremur</strong></span> <span class='ocrx_word' id='word_1_234' title='bbox 538 3050 938 3125; x_wconf 81' lang='lat' dir='ltr'><strong>eleemosynam</strong></span> <span class='ocrx_word' id='word_1_235' title='bbox 962 3095 977 3120; x_wconf 93' lang='lat'><strong>,</strong></span> <span class='ocrx_word' id='word_1_236' title='bbox 1006 3066 1068 3111; x_wconf 90' lang='lat' dir='ltr'><strong>ut</strong></span> <span class='ocrx_word' id='word_1_237' title='bbox 1095 3055 1163 3111; x_wconf 87' lang='lat' dir='ltr'><strong>ab</strong></span> <span class='ocrx_word' id='word_1_238' title='bbox 1188 3070 1254 3112; x_wconf 90' lang='lat' dir='ltr'><strong>eo</strong></span> <span class='ocrx_word' id='word_1_239' title='bbox 1280 3057 1581 3113; x_wconf 75' lang='lat' dir='ltr'><strong>clementia:</strong></span> <span class='ocrx_word' id='word_1_240' title='bbox 1615 3059 1851 3113; x_wconf 87' lang='lat' dir='ltr'><strong>retribu-</strong></span> 
     </span>
    </p>
   </div>
   <div class='ocr_carea' id='block_1_31' title="bbox 252 3138 1847 3216">
    <p class='ocr_par' dir='ltr' id='par_1_31' title="bbox 252 3138 1847 3216">
     <span class='ocr_line' id='line_1_31' title="bbox 252 3138 1847 3216; baseline 0.006 -23"><span class='ocrx_word' id='word_1_241' title='bbox 252 3138 460 3194; x_wconf 86' lang='lat' dir='ltr'><strong>tionem</strong></span> <span class='ocrx_word' id='word_1_242' title='bbox 497 3141 843 3212; x_wconf 83' lang='lat' dir='ltr'><strong>accipiamus.</strong></span> <span class='ocrx_word' id='word_1_243' title='bbox 874 3142 979 3201; x_wconf 87' lang='lat' dir='ltr'><strong>Sed</strong></span> <span class='ocrx_word' id='word_1_244' title='bbox 1000 3186 1016 3211; x_wconf 88' lang='lat'><strong>,</strong></span> <span class='ocrx_word' id='word_1_245' title='bbox 1047 3160 1081 3200; x_wconf 90' lang='grc' dir='ltr'><strong>ο</strong></span> <span class='ocrx_word' id='word_1_246' title='bbox 1104 3148 1557 3216; x_wconf 81' lang='lat' dir='ltr'><strong>sapientissimum</strong></span> <span class='ocrx_word' id='word_1_247' title='bbox 1588 3147 1806 3203; x_wconf 82' lang='lat' dir='ltr'><strong>verbum</strong></span> <span class='ocrx_word' id='word_1_248' title='bbox 1835 3149 1847 3203; x_wconf 88' lang='lat' dir='ltr'><strong>l</strong></span> 
     </span>
    </p>
   </div>
   <div class='ocr_carea' id='block_1_32' title="bbox 256 3227 1852 3312">
    <p class='ocr_par' dir='ltr' id='par_1_32' title="bbox 256 3227 1852 3312">
     <span class='ocr_line' id='line_1_32' title="bbox 256 3227 1852 3312; baseline 0.009 -29"><span class='ocrx_word' id='word_1_249' title='bbox 256 3227 362 3297; x_wconf 81' lang='lat' dir='ltr'><strong>Qui</strong></span> <span class='ocrx_word' id='word_1_250' title='bbox 390 3231 655 3287; x_wconf 78' lang='lat' dir='ltr'><strong>miseretur</strong></span> <span class='ocrx_word' id='word_1_251' title='bbox 689 3237 961 3306; x_wconf 79' lang='lat' dir='ltr'><strong>pauperis,</strong></span> <span class='ocrx_word' id='word_1_252' title='bbox 986 3240 1262 3309; x_wconf 77' lang='lat' dir='ltr'><strong>[teneretur</strong></span> <span class='ocrx_word' id='word_1_253' title='bbox 1293 3240 1423 3295; x_wconf 88' lang='lat' dir='ltr'><strong>Deo.</strong></span> <span class='ocrx_word' id='word_1_254' title='bbox 1448 3239 1554 3297; x_wconf 90' lang='lat' dir='ltr'><strong>Cur</strong></span> <span class='ocrx_word' id='word_1_255' title='bbox 1591 3256 1719 3312; x_wconf 87' lang='lat' dir='ltr'><strong>ergo</strong></span> <span class='ocrx_word' id='word_1_256' title='bbox 1745 3256 1852 3296; x_wconf 91' lang='lat' dir='ltr'><strong>non</strong></span> 
     </span>
    </p>
   </div>
   <div class='ocr_carea' id='block_1_33' title="bbox 250 3322 1851 3401">
    <p class='ocr_par' dir='ltr' id='par_1_33' title="bbox 250 3322 1851 3401">
     <span class='ocr_line' id='line_1_33' title="bbox 250 3322 1851 3401; baseline 0.006 -24"><span class='ocrx_word' id='word_1_257' title='bbox 250 3322 412 3390; x_wconf 80' lang='lat' dir='ltr'><strong>dixit,</strong></span> <span class='ocrx_word' id='word_1_258' title='bbox 445 3325 544 3392; x_wconf 86' lang='lat' dir='ltr'><strong>Qui</strong></span> <span class='ocrx_word' id='word_1_259' title='bbox 576 3326 863 3384; x_wconf 82' lang='lat' dir='ltr'><strong>miseretur</strong></span> <span class='ocrx_word' id='word_1_260' title='bbox 890 3332 1158 3401; x_wconf 77' lang='lat' dir='ltr'><strong>pauperis,</strong></span> <span class='ocrx_word' id='word_1_261' title='bbox 1194 3331 1287 3387; x_wconf 88' lang='lat' dir='ltr'><strong>dat</strong></span> <span class='ocrx_word' id='word_1_262' title='bbox 1312 3333 1441 3399; x_wconf 90' lang='lat' dir='ltr'><strong>Deo,</strong></span> <span class='ocrx_word' id='word_1_263' title='bbox 1480 3333 1578 3389; x_wconf 87' lang='lat' dir='ltr'><strong>sed</strong></span> <span class='ocrx_word' id='word_1_264' title='bbox 1605 3332 1851 3387; x_wconf 68' lang='lat' dir='ltr'><strong>Faenera-</strong></span> 
     </span>
    </p>
   </div>
   <div class='ocr_carea' id='block_1_34' title="bbox 250 3413 1851 3488">
    <p class='ocr_par' dir='ltr' id='par_1_34' title="bbox 250 3413 1851 3488">
     <span class='ocr_line' id='line_1_34' title="bbox 250 3413 1851 3488; baseline 0.007 -22"><span class='ocrx_word' id='word_1_265' title='bbox 250 3414 384 3469; x_wconf 72' lang='lat' dir='ltr'><strong>tur?</strong></span> <span class='ocrx_word' id='word_1_266' title='bbox 408 3413 573 3471; x_wconf 78' lang='lat' dir='ltr'><strong>Novit</strong></span> <span class='ocrx_word' id='word_1_267' title='bbox 592 3417 863 3488; x_wconf 86' lang='lat' dir='ltr'><strong>Scriptura</strong></span> <span class='ocrx_word' id='word_1_268' title='bbox 891 3421 1170 3476; x_wconf 85' lang='lat' dir='ltr'><strong>avaritiam</strong></span> <span class='ocrx_word' id='word_1_269' title='bbox 1203 3432 1441 3478; x_wconf 87' lang='lat' dir='ltr'><strong>nostram</strong></span> <span class='ocrx_word' id='word_1_270' title='bbox 1467 3441 1481 3476; x_wconf 88' lang='lat'><strong>:</strong></span> <span class='ocrx_word' id='word_1_271' title='bbox 1510 3424 1736 3479; x_wconf 87' lang='lat' dir='ltr'><strong>attendit</strong></span> <span class='ocrx_word' id='word_1_272' title='bbox 1766 3424 1851 3477; x_wconf 78' lang='lat' dir='ltr'><strong>in-</strong></span> 
     </span>
    </p>
   </div>
   <div class='ocr_carea' id='block_1_35' title="bbox 249 3503 1852 3583">
    <p class='ocr_par' dir='ltr' id='par_1_35' title="bbox 249 3503 1852 3583">
     <span class='ocr_line' id='line_1_35' title="bbox 249 3503 1852 3583; baseline 0.007 -26"><span class='ocrx_word' id='word_1_273' title='bbox 249 3503 556 3561; x_wconf 82' lang='lat' dir='ltr'><strong>satiabilem</strong></span> <span class='ocrx_word' id='word_1_274' title='bbox 599 3508 944 3578; x_wconf 89' lang='lat' dir='ltr'><strong>cupiditatem</strong></span> <span class='ocrx_word' id='word_1_275' title='bbox 985 3521 1224 3568; x_wconf 87' lang='lat' dir='ltr'><strong>nostram</strong></span> <span class='ocrx_word' id='word_1_276' title='bbox 1248 3554 1264 3579; x_wconf 98' lang='lat'><strong>,</strong></span> <span class='ocrx_word' id='word_1_277' title='bbox 1309 3513 1375 3568; x_wconf 90' lang='lat' dir='ltr'><strong>ad</strong></span> <span class='ocrx_word' id='word_1_278' title='bbox 1418 3515 1696 3569; x_wconf 87' lang='lat' dir='ltr'><strong>avaritiam</strong></span> <span class='ocrx_word' id='word_1_279' title='bbox 1728 3529 1852 3583; x_wconf 87' lang='lat' dir='ltr'><strong>spe-</strong></span> 
     </span>
    </p>
   </div>
   <div class='ocr_carea' id='block_1_36' title="bbox 249 3602 1854 3673">
    <p class='ocr_par' dir='ltr' id='par_1_36' title="bbox 249 3602 1854 3673">
     <span class='ocr_line' id='line_1_36' title="bbox 249 3602 1854 3673; baseline 0.006 -25"><span class='ocrx_word' id='word_1_280' title='bbox 249 3602 492 3650; x_wconf 82' lang='lat' dir='ltr'><strong>ctantem</strong></span> <span class='ocrx_word' id='word_1_281' title='bbox 522 3636 538 3664; x_wconf 90' lang='lat'><strong>,</strong></span> <span class='ocrx_word' id='word_1_282' title='bbox 587 3607 851 3669; x_wconf 66' lang='lat' dir='ltr'><strong>quaestum</strong></span> <span class='ocrx_word' id='word_1_283' title='bbox 908 3604 1186 3672; x_wconf 87' lang='lat' dir='ltr'><strong>requirere</strong></span> <span class='ocrx_word' id='word_1_284' title='bbox 1213 3644 1230 3671; x_wconf 94' lang='lat'><strong>,</strong></span> <span class='ocrx_word' id='word_1_285' title='bbox 1286 3602 1511 3673; x_wconf 89' lang='lat' dir='ltr'><strong>ideoque</strong></span> <span class='ocrx_word' id='word_1_286' title='bbox 1562 3619 1669 3659; x_wconf 90' lang='lat' dir='ltr'><strong>non</strong></span> <span class='ocrx_word' id='word_1_287' title='bbox 1719 3604 1854 3659; x_wconf 76' lang='lat' dir='ltr'><strong>dixit</strong></span> 
     </span>
    </p>
   </div>
   <div class='ocr_carea' id='block_1_37' title="bbox 249 3686 1853 3764">
    <p class='ocr_par' dir='ltr' id='par_1_37' title="bbox 249 3686 1853 3764">
     <span class='ocr_line' id='line_1_37' title="bbox 249 3686 1853 3764; baseline 0.007 -25"><span class='ocrx_word' id='word_1_288' title='bbox 249 3686 609 3758; x_wconf 75' lang='lat' dir='ltr'><strong>simpliciter,</strong></span> <span class='ocrx_word' id='word_1_289' title='bbox 650 3688 752 3758; x_wconf 92' lang='lat' dir='ltr'><strong>Qui</strong></span> <span class='ocrx_word' id='word_1_290' title='bbox 802 3691 1090 3748; x_wconf 85' lang='lat' dir='ltr'><strong>miseretur</strong></span> <span class='ocrx_word' id='word_1_291' title='bbox 1136 3695 1426 3764; x_wconf 85' lang='lat' dir='ltr'><strong>pauperis,</strong></span> <span class='ocrx_word' id='word_1_292' title='bbox 1470 3692 1562 3749; x_wconf 89' lang='lat' dir='ltr'><strong>dat</strong></span> <span class='ocrx_word' id='word_1_293' title='bbox 1602 3694 1754 3750; x_wconf 88' lang='lat' dir='ltr'><strong>Deo:</strong></span> <span class='ocrx_word' id='word_1_294' title='bbox 1783 3709 1853 3751; x_wconf 89' lang='lat' dir='ltr'><strong>ne</strong></span> 
     </span>
    </p>
   </div>
   <div class='ocr_carea' id='block_1_38' title="bbox 251 3776 1854 3853">
    <p class='ocr_par' dir='ltr' id='par_1_38' title="bbox 251 3776 1854 3853">
     <span class='ocr_line' id='line_1_38' title="bbox 251 3776 1854 3853; baseline 0.006 -24"><span class='ocrx_word' id='word_1_295' title='bbox 251 3776 554 3847; x_wconf 77' lang='lat' dir='ltr'><strong>simplicem</strong></span> <span class='ocrx_word' id='word_1_296' title='bbox 603 3780 1009 3837; x_wconf 84' lang='lat' dir='ltr'><strong>retributionem</strong></span> <span class='ocrx_word' id='word_1_297' title='bbox 1049 3786 1297 3853; x_wconf 81' lang='lat' dir='ltr'><strong>putares,</strong></span> <span class='ocrx_word' id='word_1_298' title='bbox 1321 3783 1415 3839; x_wconf 86' lang='lat' dir='ltr'><strong>sed</strong></span> <span class='ocrx_word' id='word_1_299' title='bbox 1449 3783 1553 3852; x_wconf 87' lang='lat' dir='ltr'><strong>Qui</strong></span> <span class='ocrx_word' id='word_1_300' title='bbox 1591 3785 1854 3839; x_wconf 82' lang='lat' dir='ltr'><strong>miseretur</strong></span> 
     </span>
    </p>
   </div>
   <div class='ocr_carea' id='block_1_39' title="bbox 252 3870 1853 3947">
    <p class='ocr_par' dir='ltr' id='par_1_39' title="bbox 252 3870 1853 3947">
     <span class='ocr_line' id='line_1_39' title="bbox 252 3870 1853 3947; baseline 0.006 -25"><span class='ocrx_word' id='word_1_301' title='bbox 252 3870 498 3937; x_wconf 75' lang='lat' dir='ltr'><strong>pauperis</strong></span> <span class='ocrx_word' id='word_1_302' title='bbox 521 3912 536 3936; x_wconf 94' lang='lat'><strong>,</strong></span> <span class='ocrx_word' id='word_1_303' title='bbox 568 3874 841 3941; x_wconf 69' lang='lat' dir='ltr'><strong>{meretur</strong></span> <span class='ocrx_word' id='word_1_304' title='bbox 883 3872 1013 3929; x_wconf 86' lang='lat' dir='ltr'><strong>Deo.</strong></span> <span class='ocrx_word' id='word_1_305' title='bbox 1067 3875 1123 3930; x_wconf 87' lang='lat' dir='ltr'><strong>Si</strong></span> <span class='ocrx_word' id='word_1_306' title='bbox 1165 3874 1276 3930; x_wconf 90' lang='lat' dir='ltr'><strong>Deo</strong></span> <span class='ocrx_word' id='word_1_307' title='bbox 1326 3875 1651 3931; x_wconf 69' lang='lat' dir='ltr'><strong>{teneramur</strong></span> <span class='ocrx_word' id='word_1_308' title='bbox 1677 3917 1692 3944; x_wconf 94' lang='lat'><strong>,</strong></span> <span class='ocrx_word' id='word_1_309' title='bbox 1724 3880 1853 3947; x_wconf 78' lang='lat' dir='ltr'><strong>ergo</strong></span> 
     </span>
    </p>
   </div>
   <div class='ocr_carea' id='block_1_40' title="bbox 250 3960 1849 4040">
    <p class='ocr_par' dir='ltr' id='par_1_40' title="bbox 250 3960 1849 4040">
     <span class='ocr_line' id='line_1_40' title="bbox 250 3960 1849 4040; baseline 0.007 -24"><span class='ocrx_word' id='word_1_310' title='bbox 250 3960 471 4017; x_wconf 86' lang='lat' dir='ltr'><strong>debitor</strong></span> <span class='ocrx_word' id='word_1_311' title='bbox 498 3964 589 4019; x_wconf 93' lang='lat' dir='ltr'><strong>ille</strong></span> <span class='ocrx_word' id='word_1_312' title='bbox 616 3964 771 4021; x_wconf 83' lang='lat' dir='ltr'><strong>nobis</strong></span> <span class='ocrx_word' id='word_1_313' title='bbox 800 3965 905 4023; x_wconf 86' lang='lat' dir='ltr'><strong>est.</strong></span> <span class='ocrx_word' id='word_1_314' title='bbox 935 3968 1104 4036; x_wconf 90' lang='lat' dir='ltr'><strong>Quem</strong></span> <span class='ocrx_word' id='word_1_315' title='bbox 1132 3978 1263 4040; x_wconf 85' lang='lat' dir='ltr'><strong>ergo</strong></span> <span class='ocrx_word' id='word_1_316' title='bbox 1291 3984 1415 4025; x_wconf 89' lang='lat' dir='ltr'><strong>eum</strong></span> <span class='ocrx_word' id='word_1_317' title='bbox 1446 3971 1539 4025; x_wconf 91' lang='lat' dir='ltr'><strong>tibi</strong></span> <span class='ocrx_word' id='word_1_318' title='bbox 1564 3971 1645 4025; x_wconf 89' lang='lat' dir='ltr'><strong>vis</strong></span> <span class='ocrx_word' id='word_1_319' title='bbox 1690 3982 1810 4027; x_wconf 88' lang='lat' dir='ltr'><strong>esse</strong></span> <span class='ocrx_word' id='word_1_320' title='bbox 1833 4013 1849 4037; x_wconf 86' lang='lat'><strong>,</strong></span> 
     </span>
    </p>
   </div>
   <div class='ocr_carea' id='block_1_41' title="bbox 247 4051 1851 4124">
    <p class='ocr_par' dir='ltr' id='par_1_41' title="bbox 247 4051 1851 4124">
     <span class='ocr_line' id='line_1_41' title="bbox 247 4051 1851 4124; baseline 0.007 -17"><span class='ocrx_word' id='word_1_321' title='bbox 247 4051 489 4124; x_wconf 73' lang='lat' dir='ltr'><strong>iudicem</strong></span> <span class='ocrx_word' id='word_1_322' title='bbox 530 4068 601 4111; x_wconf 88' lang='lat' dir='ltr'><strong>an</strong></span> <span class='ocrx_word' id='word_1_323' title='bbox 645 4056 978 4114; x_wconf 84' lang='lat' dir='ltr'><strong>debitorem?</strong></span> <span class='ocrx_word' id='word_1_324' title='bbox 1008 4060 1227 4116; x_wconf 86' lang='lat' dir='ltr'><strong>Debitor</strong></span> <span class='ocrx_word' id='word_1_325' title='bbox 1249 4071 1537 4119; x_wconf 84' lang='lat' dir='ltr'><strong>veneratur</strong></span> <span class='ocrx_word' id='word_1_326' title='bbox 1576 4062 1851 4120; x_wconf 80' lang='lat' dir='ltr'><strong>fceneran-</strong></span> 
     </span>
    </p>
   </div>
   <div class='ocr_carea' id='block_1_42' title="bbox 254 4144 1855 4227">
    <p class='ocr_par' dir='ltr' id='par_1_42' title="bbox 254 4144 1855 4227">
     <span class='ocr_line' id='line_1_42' title="bbox 254 4144 1855 4227; baseline 0.009 -28"><span class='ocrx_word' id='word_1_327' title='bbox 254 4150 390 4210; x_wconf 82' lang='lat' dir='ltr'><strong>tetu,</strong></span> <span class='ocrx_word' id='word_1_328' title='bbox 406 4144 573 4215; x_wconf 88' lang='lat' dir='ltr'><strong>judex</strong></span> <span class='ocrx_word' id='word_1_329' title='bbox 600 4162 729 4205; x_wconf 88' lang='lat' dir='ltr'><strong>vero</strong></span> <span class='ocrx_word' id='word_1_330' title='bbox 753 4164 859 4206; x_wconf 90' lang='lat' dir='ltr'><strong>non</strong></span> <span class='ocrx_word' id='word_1_331' title='bbox 881 4160 1159 4209; x_wconf 81' lang='lat' dir='ltr'><strong>reveretur</strong></span> <span class='ocrx_word' id='word_1_332' title='bbox 1198 4168 1340 4222; x_wconf 87' lang='lat' dir='ltr'><strong>eum,</strong></span> <span class='ocrx_word' id='word_1_333' title='bbox 1370 4155 1455 4210; x_wconf 92' lang='lat' dir='ltr'><strong>cui</strong></span> <span class='ocrx_word' id='word_1_334' title='bbox 1484 4155 1600 4227; x_wconf 83' lang='lat' dir='ltr'><strong>ipse</strong></span> <span class='ocrx_word' id='word_1_335' title='bbox 1622 4155 1855 4213; x_wconf 70' lang='lat' dir='ltr'><strong>{tenera-</strong></span> 
     </span>
    </p>
   </div>
   <div class='ocr_carea' id='block_1_43' title="bbox 252 4246 474 4295">
    <p class='ocr_par' dir='ltr' id='par_1_43' title="bbox 252 4246 474 4295">
     <span class='ocr_line' id='line_1_43' title="bbox 252 4246 474 4295; baseline 0.014 -4"><span class='ocrx_word' id='word_1_336' title='bbox 252 4246 343 4294; x_wconf 72' lang='grc' dir='ltr'><strong>ωε</strong></span> <span class='ocrx_word' id='word_1_337' title='bbox 370 4247 474 4295; x_wconf 86' lang='lat' dir='ltr'><strong>est.</strong></span> 
     </span>
    </p>
   </div>
   <div class='ocr_carea' id='block_1_44' title="bbox 328 4331 1847 4405">
    <p class='ocr_par' dir='ltr' id='par_1_44' title="bbox 328 4331 1847 4405">
     <span class='ocr_line' id='line_1_44' title="bbox 328 4331 1847 4405; baseline 0.012 -20"><span class='ocrx_word' id='word_1_338' title='bbox 328 4332 383 4386; x_wconf 89' lang='lat'><strong>7.</strong></span> <span class='ocrx_word' id='word_1_339' title='bbox 412 4331 643 4392; x_wconf 83' lang='lat' dir='ltr'><strong>Necesse</strong></span> <span class='ocrx_word' id='word_1_340' title='bbox 668 4347 845 4394; x_wconf 90' lang='lat' dir='ltr'><strong>autem</strong></span> <span class='ocrx_word' id='word_1_341' title='bbox 873 4351 974 4405; x_wconf 89' lang='lat' dir='ltr'><strong>est,</strong></span> <span class='ocrx_word' id='word_1_342' title='bbox 1004 4352 1063 4397; x_wconf 90' lang='lat' dir='ltr'><strong>ut</strong></span> <span class='ocrx_word' id='word_1_343' title='bbox 1087 4344 1380 4401; x_wconf 87' lang='lat' dir='ltr'><strong>secundum</strong></span> <span class='ocrx_word' id='word_1_344' title='bbox 1402 4346 1559 4402; x_wconf 90' lang='lat' dir='ltr'><strong>aliam</strong></span> <span class='ocrx_word' id='word_1_345' title='bbox 1584 4348 1847 4403; x_wconf 89' lang='lat' dir='ltr'><strong>rationem</strong></span> 
     </span>
    </p>
   </div>
   <div class='ocr_carea' id='block_1_45' title="bbox 253 4421 1850 4510">
    <p class='ocr_par' dir='ltr' id='par_1_45' title="bbox 253 4421 1850 4510">
     <span class='ocr_line' id='line_1_45' title="bbox 253 4421 1850 4510; baseline 0.011 -34"><span class='ocrx_word' id='word_1_346' title='bbox 253 4421 574 4492; x_wconf 79' lang='lat' dir='ltr'><strong>videamus,</strong></span> <span class='ocrx_word' id='word_1_347' title='bbox 606 4442 712 4505; x_wconf 88' lang='lat' dir='ltr'><strong>cur</strong></span> <span class='ocrx_word' id='word_1_348' title='bbox 756 4429 896 4486; x_wconf 84' lang='lat' dir='ltr'><strong>Deus</strong></span> <span class='ocrx_word' id='word_1_349' title='bbox 934 4432 1137 4489; x_wconf 82' lang='lat' dir='ltr'><strong>dixerit</strong></span> <span class='ocrx_word' id='word_1_350' title='bbox 1176 4436 1275 4491; x_wconf 88' lang='lat' dir='ltr'><strong>sibi</strong></span> <span class='ocrx_word' id='word_1_351' title='bbox 1305 4437 1551 4493; x_wconf 77' lang='lat' dir='ltr'><strong>imiterari</strong></span> <span class='ocrx_word' id='word_1_352' title='bbox 1573 4454 1694 4494; x_wconf 89' lang='lat' dir='ltr'><strong>eum</strong></span> <span class='ocrx_word' id='word_1_353' title='bbox 1715 4481 1731 4506; x_wconf 94' lang='lat'><strong>,</strong></span> <span class='ocrx_word' id='word_1_354' title='bbox 1760 4440 1850 4510; x_wconf 91' lang='lat' dir='ltr'><strong>qui</strong></span> 
     </span>
    </p>
   </div>
   <div class='ocr_carea' id='block_1_46' title="bbox 252 4512 1851 4589">
    <p class='ocr_par' dir='ltr' id='par_1_46' title="bbox 252 4512 1851 4589">
     <span class='ocr_line' id='line_1_46' title="bbox 252 4512 1851 4589; baseline 0.013 -21"><span class='ocrx_word' id='word_1_355' title='bbox 252 4512 352 4570; x_wconf 87' lang='lat' dir='ltr'><strong>dat</strong></span> <span class='ocrx_word' id='word_1_356' title='bbox 397 4519 636 4587; x_wconf 82' lang='lat' dir='ltr'><strong>pauperi.</strong></span> <span class='ocrx_word' id='word_1_357' title='bbox 668 4520 929 4589; x_wconf 87' lang='lat' dir='ltr'><strong>Quoniam</strong></span> <span class='ocrx_word' id='word_1_358' title='bbox 961 4526 1169 4583; x_wconf 82' lang='lat' dir='ltr'><strong>videbat</strong></span> <span class='ocrx_word' id='word_1_359' title='bbox 1206 4531 1481 4585; x_wconf 85' lang='lat' dir='ltr'><strong>avaritiam</strong></span> <span class='ocrx_word' id='word_1_360' title='bbox 1524 4541 1760 4587; x_wconf 88' lang='lat' dir='ltr'><strong>nostram</strong></span> <span class='ocrx_word' id='word_1_361' title='bbox 1784 4533 1851 4588; x_wconf 89' lang='lat' dir='ltr'><strong>ad</strong></span> 
     </span>
    </p>
   </div>
   <div class='ocr_carea' id='block_1_47' title="bbox 251 4611 1849 4691">
    <p class='ocr_par' dir='ltr' id='par_1_47' title="bbox 251 4611 1849 4691">
     <span class='ocr_line' id='line_1_47' title="bbox 251 4611 1849 4691; baseline 0.012 -32"><span class='ocrx_word' id='word_1_362' title='bbox 251 4615 522 4673; x_wconf 58' lang='lat' dir='ltr'><strong>questum</strong></span> <span class='ocrx_word' id='word_1_363' title='bbox 550 4611 802 4677; x_wconf 87' lang='lat' dir='ltr'><strong>tendere,</strong></span> <span class='ocrx_word' id='word_1_364' title='bbox 833 4624 887 4668; x_wconf 91' lang='lat' dir='ltr'><strong>ut</strong></span> <span class='ocrx_word' id='word_1_365' title='bbox 906 4614 1016 4685; x_wconf 79' lang='lat' dir='ltr'><strong>jam</strong></span> <span class='ocrx_word' id='word_1_366' title='bbox 1047 4616 1186 4685; x_wconf 90' lang='lat' dir='ltr'><strong>dixi,</strong></span> <span class='ocrx_word' id='word_1_367' title='bbox 1223 4627 1277 4673; x_wconf 90' lang='lat' dir='ltr'><strong>et</strong></span> <span class='ocrx_word' id='word_1_368' title='bbox 1301 4635 1423 4675; x_wconf 90' lang='lat' dir='ltr'><strong>eum</strong></span> <span class='ocrx_word' id='word_1_369' title='bbox 1455 4622 1542 4691; x_wconf 88' lang='lat' dir='ltr'><strong>qui</strong></span> <span class='ocrx_word' id='word_1_370' title='bbox 1571 4623 1849 4691; x_wconf 85' lang='lat' dir='ltr'><strong>pecuniam</strong></span> 
     </span>
    </p>
   </div>
   <div class='ocr_carea' id='block_1_48' title="bbox 254 4692 1848 4772">
    <p class='ocr_par' dir='ltr' id='par_1_48' title="bbox 254 4692 1848 4772">
     <span class='ocr_line' id='line_1_48' title="bbox 254 4692 1848 4772; baseline 0.013 -22"><span class='ocrx_word' id='word_1_371' title='bbox 254 4692 492 4765; x_wconf 82' lang='lat' dir='ltr'><strong>habeat,</strong></span> <span class='ocrx_word' id='word_1_372' title='bbox 532 4701 834 4758; x_wconf 79' lang='lat' dir='ltr'><strong>nullatenus</strong></span> <span class='ocrx_word' id='word_1_373' title='bbox 876 4708 1013 4761; x_wconf 86' lang='lat' dir='ltr'><strong>velle</strong></span> <span class='ocrx_word' id='word_1_374' title='bbox 1056 4709 1171 4764; x_wconf 89' lang='lat' dir='ltr'><strong>sine</strong></span> <span class='ocrx_word' id='word_1_375' title='bbox 1209 4712 1496 4769; x_wconf 88' lang='lat' dir='ltr'><strong>securitate</strong></span> <span class='ocrx_word' id='word_1_376' title='bbox 1540 4713 1788 4770; x_wconf 70' lang='lat' dir='ltr'><strong>imperari</strong></span> <span class='ocrx_word' id='word_1_377' title='bbox 1832 4731 1848 4772; x_wconf 91' lang='lat'><strong>:</strong></span> 
     </span>
    </p>
   </div>
   <div class='ocr_carea' id='block_1_49' title="bbox 228 4787 1848 4876">
    <p class='ocr_par' dir='ltr' id='par_1_49' title="bbox 228 4787 1848 4876">
     <span class='ocr_line' id='line_1_49' title="bbox 228 4787 1848 4876; baseline 0.014 -37"><span class='ocrx_word' id='word_1_378' title='bbox 228 4787 495 4859; x_wconf 39' lang='lat' dir='ltr'><strong>.postulat</strong></span> <span class='ocrx_word' id='word_1_379' title='bbox 518 4792 661 4846; x_wconf 89' lang='lat' dir='ltr'><strong>enim</strong></span> <span class='ocrx_word' id='word_1_380' title='bbox 691 4792 997 4860; x_wconf 61' lang='lat' dir='ltr'><strong>faenerator,</strong></span> <span class='ocrx_word' id='word_1_381' title='bbox 1017 4807 1110 4853; x_wconf 88' lang='lat' dir='ltr'><strong>aut</strong></span> <span class='ocrx_word' id='word_1_382' title='bbox 1130 4799 1505 4871; x_wconf 83' lang='lat' dir='ltr'><strong>hypothccam,</strong></span> <span class='ocrx_word' id='word_1_383' title='bbox 1528 4813 1614 4859; x_wconf 90' lang='lat' dir='ltr'><strong>aut</strong></span> <span class='ocrx_word' id='word_1_384' title='bbox 1640 4806 1848 4876; x_wconf 75' lang='lat' dir='ltr'><strong>pignus,</strong></span> 
     </span>
    </p>
   </div>
   <div class='ocr_carea' id='block_1_50' title="bbox 251 4887 1850 4965">
    <p class='ocr_par' dir='ltr' id='par_1_50' title="bbox 251 4887 1850 4965">
     <span class='ocr_line' id='line_1_50' title="bbox 251 4887 1850 4965; baseline 0.014 -34"><span class='ocrx_word' id='word_1_385' title='bbox 251 4887 351 4933; x_wconf 86' lang='lat' dir='ltr'><strong>aut</strong></span> <span class='ocrx_word' id='word_1_386' title='bbox 375 4892 691 4949; x_wconf 85' lang='lat' dir='ltr'><strong>sponsorem</strong></span> <span class='ocrx_word' id='word_1_387' title='bbox 724 4902 736 4940; x_wconf 88' lang='lat'>:</span> <span class='ocrx_word' id='word_1_388' title='bbox 766 4894 922 4957; x_wconf 80' lang='lat' dir='ltr'><strong>atque</strong></span> <span class='ocrx_word' id='word_1_389' title='bbox 949 4888 1047 4944; x_wconf 88' lang='lat' dir='ltr'><strong>hac</strong></span> <span class='ocrx_word' id='word_1_390' title='bbox 1070 4891 1262 4960; x_wconf 87' lang='lat' dir='ltr'><strong>triplici</strong></span> <span class='ocrx_word' id='word_1_391' title='bbox 1294 4895 1539 4950; x_wconf 89' lang='lat' dir='ltr'><strong>cautione</strong></span> <span class='ocrx_word' id='word_1_392' title='bbox 1571 4898 1850 4965; x_wconf 88' lang='lat' dir='ltr'><strong>pecuniam</strong></span> 
     </span>
    </p>
   </div>
   <div class='ocr_carea' id='block_1_51' title="bbox 252 4968 1845 5057">
    <p class='ocr_par' dir='ltr' id='par_1_51' title="bbox 252 4968 1845 5057">
     <span class='ocr_line' id='line_1_51' title="bbox 252 4968 1845 5057; baseline 0.014 -34"><span class='ocrx_word' id='word_1_393' title='bbox 252 4968 432 5025; x_wconf 86' lang='lat' dir='ltr'><strong>credit</strong></span> <span class='ocrx_word' id='word_1_394' title='bbox 452 4982 602 5028; x_wconf 88' lang='lat' dir='ltr'><strong>suam</strong></span> <span class='ocrx_word' id='word_1_395' title='bbox 625 5016 638 5037; x_wconf 91' lang='lat'><strong>,</strong></span> <span class='ocrx_word' id='word_1_396' title='bbox 666 4984 757 5031; x_wconf 89' lang='lat' dir='ltr'><strong>aut</strong></span> <span class='ocrx_word' id='word_1_397' title='bbox 789 4981 1133 5047; x_wconf 73' lang='lat' dir='ltr'><strong>Sponsionem</strong></span> <span class='ocrx_word' id='word_1_398' title='bbox 1163 4984 1460 5053; x_wconf 85' lang='lat' dir='ltr'><strong>accipiens,</strong></span> <span class='ocrx_word' id='word_1_399' title='bbox 1492 4995 1551 5041; x_wconf 91' lang='lat' dir='ltr'><strong>ut</strong></span> <span class='ocrx_word' id='word_1_400' title='bbox 1572 4988 1681 5057; x_wconf 84' lang='lat' dir='ltr'><strong>jam</strong></span> <span class='ocrx_word' id='word_1_401' title='bbox 1706 4989 1845 5055; x_wconf 83' lang='lat' dir='ltr'><strong>dixi,</strong></span> 
     </span>
    </p>
   </div>
   <div class='ocr_carea' id='block_1_52' title="bbox 254 5063 1850 5150">
    <p class='ocr_par' dir='ltr' id='par_1_52' title="bbox 254 5063 1850 5150">
     <span class='ocr_line' id='line_1_52' title="bbox 254 5063 1850 5150; baseline 0.015 -34"><span class='ocrx_word' id='word_1_402' title='bbox 254 5072 350 5117; x_wconf 83' lang='lat' dir='ltr'><strong>aut</strong></span> <span class='ocrx_word' id='word_1_403' title='bbox 380 5063 734 5135; x_wconf 85' lang='lat' dir='ltr'><strong>hypotbecam</strong></span> <span class='ocrx_word' id='word_1_404' title='bbox 753 5110 767 5135; x_wconf 95' lang='lat'><strong>,</strong></span> <span class='ocrx_word' id='word_1_405' title='bbox 798 5083 889 5126; x_wconf 86' lang='lat' dir='ltr'><strong>aut</strong></span> <span class='ocrx_word' id='word_1_406' title='bbox 916 5074 1125 5143; x_wconf 83' lang='lat' dir='ltr'><strong>pignus.</strong></span> <span class='ocrx_word' id='word_1_407' title='bbox 1152 5075 1285 5130; x_wconf 89' lang='lat' dir='ltr'><strong>Cum</strong></span> <span class='ocrx_word' id='word_1_408' title='bbox 1310 5078 1469 5134; x_wconf 86' lang='lat' dir='ltr'><strong>sciret</strong></span> <span class='ocrx_word' id='word_1_409' title='bbox 1504 5080 1682 5150; x_wconf 90' lang='lat' dir='ltr'><strong>itaque</strong></span> <span class='ocrx_word' id='word_1_410' title='bbox 1712 5083 1850 5139; x_wconf 86' lang='lat' dir='ltr'><strong>Deus</strong></span> 
     </span>
    </p>
   </div>
   <div class='ocr_carea' id='block_1_53' title="bbox 254 5155 1849 5237">
    <p class='ocr_par' dir='ltr' id='par_1_53' title="bbox 254 5155 1849 5237">
     <span class='ocr_line' id='line_1_53' title="bbox 254 5155 1849 5237; baseline 0.013 -29"><span class='ocrx_word' id='word_1_411' title='bbox 254 5155 527 5211; x_wconf 77' lang='lat' dir='ltr'><strong>neminem</strong></span> <span class='ocrx_word' id='word_1_412' title='bbox 556 5157 638 5213; x_wconf 88' lang='lat' dir='ltr'><strong>bis</strong></span> <span class='ocrx_word' id='word_1_413' title='bbox 659 5161 777 5217; x_wconf 87' lang='lat' dir='ltr'><strong>sine</strong></span> <span class='ocrx_word' id='word_1_414' title='bbox 797 5166 1130 5221; x_wconf 83' lang='lat' dir='ltr'><strong>cautionibus</strong></span> <span class='ocrx_word' id='word_1_415' title='bbox 1151 5166 1424 5237; x_wconf 73' lang='lat' dir='ltr'><strong>fmnerari,</strong></span> <span class='ocrx_word' id='word_1_416' title='bbox 1447 5172 1716 5228; x_wconf 89' lang='lat' dir='ltr'><strong>neminem</strong></span> <span class='ocrx_word' id='word_1_417' title='bbox 1737 5175 1849 5229; x_wconf 81' lang='lat' dir='ltr'><strong>sola</strong></span> 
     </span>
    </p>
   </div>
   <div class='ocr_carea' id='block_1_54' title="bbox 252 5247 1846 5322">
    <p class='ocr_par' dir='ltr' id='par_1_54' title="bbox 252 5247 1846 5322">
     <span class='ocr_line' id='line_1_54' title="bbox 252 5247 1846 5322; baseline 0.012 -19"><span class='ocrx_word' id='word_1_418' title='bbox 252 5247 541 5306; x_wconf 84' lang='lat' dir='ltr'><strong>clementia</strong></span> <span class='ocrx_word' id='word_1_419' title='bbox 570 5255 772 5309; x_wconf 83' lang='lat' dir='ltr'><strong>moveri</strong></span> <span class='ocrx_word' id='word_1_420' title='bbox 794 5298 806 5317; x_wconf 87' lang='lat'><strong>,</strong></span> <span class='ocrx_word' id='word_1_421' title='bbox 840 5256 935 5312; x_wconf 88' lang='lat' dir='ltr'><strong>sed</strong></span> <span class='ocrx_word' id='word_1_422' title='bbox 957 5257 1103 5314; x_wconf 89' lang='lat' dir='ltr'><strong>lucro</strong></span> <span class='ocrx_word' id='word_1_423' title='bbox 1126 5268 1330 5317; x_wconf 88' lang='lat' dir='ltr'><strong>tantum</strong></span> <span class='ocrx_word' id='word_1_424' title='bbox 1359 5266 1591 5321; x_wconf 87' lang='lat' dir='ltr'><strong>intentos</strong></span> <span class='ocrx_word' id='word_1_425' title='bbox 1616 5282 1801 5322; x_wconf 88' lang='lat' dir='ltr'><strong>omnes</strong></span> <span class='ocrx_word' id='word_1_426' title='bbox 1833 5288 1846 5322; x_wconf 87' lang='lat'><strong>:</strong></span> 
     </span>
    </p>
   </div>
   <div class='ocr_carea' id='block_1_55' title="bbox 254 5345 1852 5431">
    <p class='ocr_par' dir='ltr' id='par_1_55' title="bbox 254 5345 1852 5431">
     <span class='ocr_line' id='line_1_55' title="bbox 254 5345 1852 5431; baseline 0.011 -37"><span class='ocrx_word' id='word_1_427' title='bbox 254 5352 550 5412; x_wconf 82' lang='lat' dir='ltr'><strong>pauperem</strong></span> <span class='ocrx_word' id='word_1_428' title='bbox 579 5360 703 5400; x_wconf 84' lang='lat' dir='ltr'><strong>vero</strong></span> <span class='ocrx_word' id='word_1_429' title='bbox 727 5345 830 5401; x_wconf 87' lang='lat' dir='ltr'><strong>illis</strong></span> <span class='ocrx_word' id='word_1_430' title='bbox 851 5351 1096 5405; x_wconf 87' lang='lat' dir='ltr'><strong>omnibus</strong></span> <span class='ocrx_word' id='word_1_431' title='bbox 1122 5366 1241 5407; x_wconf 83' lang='lat' dir='ltr'><strong>esse</strong></span> <span class='ocrx_word' id='word_1_432' title='bbox 1260 5353 1604 5423; x_wconf 83' lang='lat' dir='ltr'><strong>destitutum;</strong></span> <span class='ocrx_word' id='word_1_433' title='bbox 1626 5374 1732 5411; x_wconf 89' lang='lat' dir='ltr'><strong>non</strong></span> <span class='ocrx_word' id='word_1_434' title='bbox 1757 5359 1852 5431; x_wconf 82' lang='lat' dir='ltr'><strong>hy-</strong></span> 
     </span>
    </p>
   </div>
   <div class='ocr_carea' id='block_1_56' title="bbox 256 5434 1851 5519">
    <p class='ocr_par' dir='ltr' id='par_1_56' title="bbox 256 5434 1851 5519">
     <span class='ocr_line' id='line_1_56' title="bbox 256 5434 1851 5519; baseline 0.013 -33"><span class='ocrx_word' id='word_1_435' title='bbox 256 5434 547 5503; x_wconf 77' lang='lat' dir='ltr'><strong>potb‘ecatn</strong></span> <span class='ocrx_word' id='word_1_436' title='bbox 590 5436 814 5505; x_wconf 86' lang='lat' dir='ltr'><strong>habere,</strong></span> <span class='ocrx_word' id='word_1_437' title='bbox 858 5442 946 5510; x_wconf 89' lang='lat' dir='ltr'><strong>qui</strong></span> <span class='ocrx_word' id='word_1_438' title='bbox 988 5442 1118 5496; x_wconf 83' lang='lat' dir='ltr'><strong>nihil</strong></span> <span class='ocrx_word' id='word_1_439' title='bbox 1151 5447 1452 5514; x_wconf 79' lang='lat' dir='ltr'><strong>possideat,</strong></span> <span class='ocrx_word' id='word_1_440' title='bbox 1495 5463 1600 5502; x_wconf 90' lang='lat' dir='ltr'><strong>non</strong></span> <span class='ocrx_word' id='word_1_441' title='bbox 1632 5450 1851 5519; x_wconf 76' lang='lat' dir='ltr'><strong>pignora</strong></span> 
     </span>
    </p>
   </div>
   <div class='ocr_carea' id='block_1_57' title="bbox 251 5525 1852 5602">
    <p class='ocr_par' dir='ltr' id='par_1_57' title="bbox 251 5525 1852 5602">
     <span class='ocr_line' id='line_1_57' title="bbox 251 5525 1852 5602; baseline 0.014 -26"><span class='ocrx_word' id='word_1_442' title='bbox 251 5525 343 5593; x_wconf 87' lang='lat' dir='ltr'><strong>qui</strong></span> <span class='ocrx_word' id='word_1_443' title='bbox 393 5525 568 5580; x_wconf 87' lang='lat' dir='ltr'><strong>nudus</strong></span> <span class='ocrx_word' id='word_1_444' title='bbox 608 5532 707 5594; x_wconf 80' lang='lat' dir='ltr'><strong>sit,</strong></span> <span class='ocrx_word' id='word_1_445' title='bbox 750 5544 854 5583; x_wconf 84' lang='lat' dir='ltr'><strong>neu</strong></span> <span class='ocrx_word' id='word_1_446' title='bbox 894 5548 1239 5602; x_wconf 70' lang='lat' dir='ltr'><strong>sponsorem,</strong></span> <span class='ocrx_word' id='word_1_447' title='bbox 1274 5539 1359 5592; x_wconf 89' lang='lat' dir='ltr'><strong>cui</strong></span> <span class='ocrx_word' id='word_1_448' title='bbox 1391 5554 1548 5593; x_wconf 87' lang='lat' dir='ltr'><strong>nemo</strong></span> <span class='ocrx_word' id='word_1_449' title='bbox 1575 5540 1760 5594; x_wconf 71' lang='lat' dir='ltr'><strong>credat</strong></span> <span class='ocrx_word' id='word_1_450' title='bbox 1784 5543 1852 5598; x_wconf 93' lang='lat' dir='ltr'><strong>ob</strong></span> 
     </span>
    </p>
   </div>
   <div class='ocr_carea' id='block_1_58' title="bbox 253 5616 1848 5702">
    <p class='ocr_par' dir='ltr' id='par_1_58' title="bbox 253 5616 1848 5702">
     <span class='ocr_line' id='line_1_58' title="bbox 253 5616 1848 5702; baseline 0.013 -33"><span class='ocrx_word' id='word_1_451' title='bbox 253 5616 493 5684; x_wconf 82' lang='lat' dir='ltr'><strong>inepiam</strong></span> <span class='ocrx_word' id='word_1_452' title='bbox 522 5635 533 5671; x_wconf 89' lang='lat'>:</span> <span class='ocrx_word' id='word_1_453' title='bbox 568 5629 623 5673; x_wconf 90' lang='lat' dir='ltr'><strong>ut</strong></span> <span class='ocrx_word' id='word_1_454' title='bbox 652 5621 781 5677; x_wconf 87' lang='lat' dir='ltr'><strong>vidit</strong></span> <span class='ocrx_word' id='word_1_455' title='bbox 802 5627 978 5695; x_wconf 83' lang='lat' dir='ltr'><strong>itaque</strong></span> <span class='ocrx_word' id='word_1_456' title='bbox 1007 5628 1152 5681; x_wconf 88' lang='lat' dir='ltr'><strong>illum</strong></span> <span class='ocrx_word' id='word_1_457' title='bbox 1180 5630 1250 5684; x_wconf 90' lang='lat' dir='ltr'><strong>ob</strong></span> <span class='ocrx_word' id='word_1_458' title='bbox 1272 5631 1503 5700; x_wconf 77' lang='lat' dir='ltr'><strong>impiam</strong></span> <span class='ocrx_word' id='word_1_459' title='bbox 1539 5635 1848 5702; x_wconf 87' lang='lat' dir='ltr'><strong>periclitari,</strong></span> 
     </span>
    </p>
   </div>
   <div class='ocr_carea' id='block_1_59' title="bbox 253 5708 1851 5795">
    <p class='ocr_par' dir='ltr' id='par_1_59' title="bbox 253 5708 1851 5795">
     <span class='ocr_line' id='line_1_59' title="bbox 253 5708 1851 5795; baseline 0.013 -34"><span class='ocrx_word' id='word_1_460' title='bbox 253 5708 477 5765; x_wconf 84' lang='lat' dir='ltr'><strong>divitem</strong></span> <span class='ocrx_word' id='word_1_461' title='bbox 509 5728 719 5781; x_wconf 79' lang='lat' dir='ltr'><strong>quoque</strong></span> <span class='ocrx_word' id='word_1_462' title='bbox 739 5719 1021 5785; x_wconf 79' lang='lat' dir='ltr'><strong>periclitari</strong></span> <span class='ocrx_word' id='word_1_463' title='bbox 1044 5720 1111 5773; x_wconf 88' lang='lat' dir='ltr'><strong>ob</strong></span> <span class='ocrx_word' id='word_1_464' title='bbox 1134 5721 1587 5785; x_wconf 84' lang='lat' dir='ltr'><strong>inhumanitatem,</strong></span> <span class='ocrx_word' id='word_1_465' title='bbox 1617 5728 1851 5795; x_wconf 81' lang='lat' dir='ltr'><strong>seipsum</strong></span> 
     </span>
    </p>
   </div>
   <div class='ocr_carea' id='block_1_60' title="bbox 258 5802 1846 5890">
    <p class='ocr_par' dir='ltr' id='par_1_60' title="bbox 258 5802 1846 5890">
     <span class='ocr_line' id='line_1_60' title="bbox 258 5802 1846 5890; baseline 0.01 -34"><span class='ocrx_word' id='word_1_466' title='bbox 258 5802 496 5860; x_wconf 84' lang='lat' dir='ltr'><strong>medium</strong></span> <span class='ocrx_word' id='word_1_467' title='bbox 538 5807 754 5875; x_wconf 82' lang='lat' dir='ltr'><strong>protulit</strong></span> <span class='ocrx_word' id='word_1_468' title='bbox 782 5810 967 5865; x_wconf 80' lang='lat' dir='ltr'><strong>vadem</strong></span> <span class='ocrx_word' id='word_1_469' title='bbox 1013 5816 1263 5883; x_wconf 84' lang='lat' dir='ltr'><strong>pauperi,</strong></span> <span class='ocrx_word' id='word_1_470' title='bbox 1309 5820 1497 5890; x_wconf 87' lang='lat' dir='ltr'><strong>pignus</strong></span> <span class='ocrx_word' id='word_1_471' title='bbox 1542 5815 1846 5876; x_wconf 62' lang='lat' dir='ltr'><strong>RBllL‘l&#39;itDll.</strong></span> 
     </span>
    </p>
   </div>
   <div class='ocr_carea' id='block_1_61' title="bbox 578 5898 1285 5961">
    <p class='ocr_par' dir='ltr' id='par_1_61' title="bbox 578 5898 1285 5961">
     <span class='ocr_line' id='line_1_61' title="bbox 578 5898 1285 5961; baseline 0.007 -5"><span class='ocrx_word' id='word_1_472' title='bbox 578 5898 850 5959; x_wconf 75' lang='lat' dir='ltr'><strong>PATnOL.</strong></span> <span class='ocrx_word' id='word_1_473' title='bbox 899 5901 1013 5958; x_wconf 66' lang='lat' dir='ltr'><strong>(in.</strong></span> <span class='ocrx_word' id='word_1_474' title='bbox 1066 5902 1285 5961; x_wconf 67' lang='lat' dir='ltr'><strong>XLIX.</strong></span> 
     </span>
    </p>
   </div>
   <div class='ocr_carea' id='block_1_62' title="bbox 1367 367 2390 437">
    <p class='ocr_par' dir='ltr' id='par_1_62' title="bbox 1367 367 2390 437">
     <span class='ocr_line' id='line_1_62' title="bbox 1367 367 2390 437; baseline -0.011 0"><span class='ocrx_word' id='word_1_475' title='bbox 1367 378 1456 437; x_wconf 82' lang='lat' dir='ltr'><strong>DE</strong></span> <span class='ocrx_word' id='word_1_476' title='bbox 1494 370 1966 437; x_wconf 69' lang='grc' dir='ltr'><strong>ΝΕΝΙΤΕΝΤΙΑ.</strong></span> <span class='ocrx_word' id='word_1_477' title='bbox 2007 373 2235 428; x_wconf 68' lang='lat' dir='ltr'><strong>HOMIL.</strong></span> <span class='ocrx_word' id='word_1_478' title='bbox 2281 367 2390 427; x_wconf 70' lang='grc' dir='ltr'><strong>γιι.</strong></span> 
     </span>
    </p>
   </div>
   <div class='ocr_carea' id='block_1_63' title="bbox 3433 360 3538 415">
    <p class='ocr_par' dir='ltr' id='par_1_63' title="bbox 3433 360 3538 415">
     <span class='ocr_line' id='line_1_63' title="bbox 3433 360 3538 415; baseline -0.01 0"><span class='ocrx_word' id='word_1_479' title='bbox 3433 360 3538 415; x_wconf 60' lang='grc' dir='ltr'><strong>πε</strong></span> 
     </span>
    </p>
   </div>
   <div class='ocr_carea' id='block_1_64' title="bbox 1949 475 3543 555">
    <p class='ocr_par' dir='ltr' id='par_1_64' title="bbox 1949 475 3543 555">
     <span class='ocr_line' id='line_1_64' title="bbox 1949 475 3543 555; baseline -0.009 -14"><span class='ocrx_word' id='word_1_480' title='bbox 1949 485 2065 541; x_wconf 80' lang='lat' dir='ltr'><strong>Non</strong></span> <span class='ocrx_word' id='word_1_481' title='bbox 2104 484 2281 543; x_wconf 88' lang='lat' dir='ltr'><strong>credis</strong></span> <span class='ocrx_word' id='word_1_482' title='bbox 2302 484 2463 551; x_wconf 82' lang='lat' dir='ltr'><strong>huic,</strong></span> <span class='ocrx_word' id='word_1_483' title='bbox 2506 483 2709 555; x_wconf 89' lang='lat' dir='ltr'><strong>inquit,</strong></span> <span class='ocrx_word' id='word_1_484' title='bbox 2755 481 2827 539; x_wconf 89' lang='lat' dir='ltr'><strong>ob</strong></span> <span class='ocrx_word' id='word_1_485' title='bbox 2855 480 3124 551; x_wconf 82' lang='lat' dir='ltr'><strong>inopiam,</strong></span> <span class='ocrx_word' id='word_1_486' title='bbox 3151 475 3282 532; x_wconf 88' lang='lat' dir='ltr'><strong>mihi</strong></span> <span class='ocrx_word' id='word_1_487' title='bbox 3321 484 3543 546; x_wconf 80' lang='lat' dir='ltr'><strong>propter</strong></span> 
     </span>
    </p>
   </div>
   <div class='ocr_carea' id='block_1_65' title="bbox 1946 561 3543 647">
    <p class='ocr_par' dir='ltr' id='par_1_65' title="bbox 1946 561 3543 647">
     <span class='ocr_line' id='line_1_65' title="bbox 1946 561 3543 647; baseline -0.012 -14"><span class='ocrx_word' id='word_1_488' title='bbox 1946 576 2154 647; x_wconf 84' lang='lat' dir='ltr'><strong>copiam</strong></span> <span class='ocrx_word' id='word_1_489' title='bbox 2177 575 2359 633; x_wconf 85' lang='lat' dir='ltr'><strong>crede.</strong></span> <span class='ocrx_word' id='word_1_490' title='bbox 2388 561 2532 631; x_wconf 70' lang='lat' dir='ltr'><strong>Vidit</strong></span> <span class='ocrx_word' id='word_1_491' title='bbox 2560 576 2870 645; x_wconf 86' lang='lat' dir='ltr'><strong>pauperem,</strong></span> <span class='ocrx_word' id='word_1_492' title='bbox 2899 580 2957 625; x_wconf 89' lang='lat' dir='ltr'><strong>et</strong></span> <span class='ocrx_word' id='word_1_493' title='bbox 2978 564 3344 625; x_wconf 88' lang='lat' dir='ltr'><strong>misericordia</strong></span> <span class='ocrx_word' id='word_1_494' title='bbox 3364 572 3543 618; x_wconf 80' lang='lat' dir='ltr'><strong>motus</strong></span> 
     </span>
    </p>
   </div>
   <div class='ocr_carea' id='block_1_66' title="bbox 1945 654 3541 738">
    <p class='ocr_par' dir='ltr' id='par_1_66' title="bbox 1945 654 3541 738">
     <span class='ocr_line' id='line_1_66' title="bbox 1945 654 3541 738; baseline -0.011 -13"><span class='ocrx_word' id='word_1_495' title='bbox 1945 676 2031 725; x_wconf 89' lang='lat' dir='ltr'><strong>est</strong></span> <span class='ocrx_word' id='word_1_496' title='bbox 2057 686 2072 721; x_wconf 89' lang='lat'><strong>:</strong></span> <span class='ocrx_word' id='word_1_497' title='bbox 2104 668 2240 723; x_wconf 89' lang='lat' dir='ltr'><strong>vidit</strong></span> <span class='ocrx_word' id='word_1_498' title='bbox 2264 681 2551 738; x_wconf 85' lang='lat' dir='ltr'><strong>pauperem</strong></span> <span class='ocrx_word' id='word_1_499' title='bbox 2572 706 2589 729; x_wconf 84' lang='lat'><strong>,</strong></span> <span class='ocrx_word' id='word_1_500' title='bbox 2634 673 2690 721; x_wconf 90' lang='lat' dir='ltr'><strong>et</strong></span> <span class='ocrx_word' id='word_1_501' title='bbox 2717 679 2835 719; x_wconf 85' lang='lat' dir='ltr'><strong>non</strong></span> <span class='ocrx_word' id='word_1_502' title='bbox 2862 660 3141 733; x_wconf 84' lang='lat' dir='ltr'><strong>despexit;</strong></span> <span class='ocrx_word' id='word_1_503' title='bbox 3184 656 3283 715; x_wconf 82' lang='lat' dir='ltr'><strong>sed</strong></span> <span class='ocrx_word' id='word_1_504' title='bbox 3305 654 3541 725; x_wconf 85' lang='lat' dir='ltr'><strong>seipsum</strong></span> 
     </span>
    </p>
   </div>
   <div class='ocr_carea' id='block_1_67' title="bbox 1947 746 3542 831">
    <p class='ocr_par' dir='ltr' id='par_1_67' title="bbox 1947 746 3542 831">
     <span class='ocr_line' id='line_1_67' title="bbox 1947 746 3542 831; baseline -0.011 -14"><span class='ocrx_word' id='word_1_505' title='bbox 1947 759 2093 817; x_wconf 89' lang='lat' dir='ltr'><strong>dedit</strong></span> <span class='ocrx_word' id='word_1_506' title='bbox 2120 760 2173 815; x_wconf 91' lang='lat' dir='ltr'><strong>in</strong></span> <span class='ocrx_word' id='word_1_507' title='bbox 2201 761 2393 831; x_wconf 74' lang='lat' dir='ltr'><strong>pignus</strong></span> <span class='ocrx_word' id='word_1_508' title='bbox 2416 758 2500 823; x_wconf 92' lang='lat' dir='ltr'><strong>ei,</strong></span> <span class='ocrx_word' id='word_1_509' title='bbox 2532 757 2621 829; x_wconf 93' lang='lat' dir='ltr'><strong>qui</strong></span> <span class='ocrx_word' id='word_1_510' title='bbox 2647 755 2776 811; x_wconf 87' lang='lat' dir='ltr'><strong>nihil</strong></span> <span class='ocrx_word' id='word_1_511' title='bbox 2807 746 3062 815; x_wconf 87' lang='lat' dir='ltr'><strong>haberet,</strong></span> <span class='ocrx_word' id='word_1_512' title='bbox 3091 760 3147 806; x_wconf 92' lang='lat' dir='ltr'><strong>et</strong></span> <span class='ocrx_word' id='word_1_513' title='bbox 3180 749 3249 806; x_wconf 80' lang='lat' dir='ltr'><strong>ob</strong></span> <span class='ocrx_word' id='word_1_514' title='bbox 3275 756 3542 819; x_wconf 79' lang='lat' dir='ltr'><strong>ingentem</strong></span> 
     </span>
    </p>
   </div>
   <div class='ocr_carea' id='block_1_68' title="bbox 1949 832 3545 922">
    <p class='ocr_par' dir='ltr' id='par_1_68' title="bbox 1949 832 3545 922">
     <span class='ocr_line' id='line_1_68' title="bbox 1949 832 3545 922; baseline -0.011 -16"><span class='ocrx_word' id='word_1_515' title='bbox 1949 832 2331 922; x_wconf 76' lang='lat' dir='ltr'><strong>benignitatem</strong></span> <span class='ocrx_word' id='word_1_516' title='bbox 2369 848 2513 919; x_wconf 91' lang='lat' dir='ltr'><strong>inopi</strong></span> <span class='ocrx_word' id='word_1_517' title='bbox 2541 843 2789 902; x_wconf 87' lang='lat' dir='ltr'><strong>adstitit:</strong></span> <span class='ocrx_word' id='word_1_518' title='bbox 2822 832 2961 899; x_wconf 86' lang='lat' dir='ltr'><strong>hanc</strong></span> <span class='ocrx_word' id='word_1_519' title='bbox 3000 856 3128 922; x_wconf 84' lang='lat' dir='ltr'><strong>vere</strong></span> <span class='ocrx_word' id='word_1_520' title='bbox 3162 834 3545 921; x_wconf 85' lang='lat' dir='ltr'><strong>benignitatem</strong></span> 
     </span>
    </p>
   </div>
   <div class='ocr_carea' id='block_1_69' title="bbox 1946 930 3546 1001">
    <p class='ocr_par' dir='ltr' id='par_1_69' title="bbox 1946 930 3546 1001">
     <span class='ocr_line' id='line_1_69' title="bbox 1946 930 3546 1001; baseline -0.013 -1"><span class='ocrx_word' id='word_1_521' title='bbox 1946 956 2069 1001; x_wconf 84' lang='lat' dir='ltr'><strong>esse</strong></span> <span class='ocrx_word' id='word_1_522' title='bbox 2094 941 2405 999; x_wconf 82' lang='lat' dir='ltr'><strong>testiﬁcatur</strong></span> <span class='ocrx_word' id='word_1_523' title='bbox 2438 940 2627 996; x_wconf 86' lang='lat' dir='ltr'><strong>beatus</strong></span> <span class='ocrx_word' id='word_1_524' title='bbox 2653 936 2816 994; x_wconf 86' lang='lat' dir='ltr'><strong>David</strong></span> <span class='ocrx_word' id='word_1_525' title='bbox 2849 935 2932 990; x_wconf 88' lang='lat' dir='ltr'><strong>his</strong></span> <span class='ocrx_word' id='word_1_526' title='bbox 2956 934 3164 999; x_wconf 81' lang='lat' dir='ltr'><strong>verbis,</strong></span> <span class='ocrx_word' id='word_1_527' title='bbox 3197 932 3330 1000; x_wconf 84' lang='lat' dir='ltr'><strong>Quia</strong></span> <span class='ocrx_word' id='word_1_528' title='bbox 3352 930 3546 985; x_wconf 85' lang='lat' dir='ltr'><strong>adstitit</strong></span> 
     </span>
    </p>
   </div>
   <div class='ocr_carea' id='block_1_70' title="bbox 1946 1026 3549 1109">
    <p class='ocr_par' dir='ltr' id='par_1_70' title="bbox 1946 1026 3549 1109">
     <span class='ocr_line' id='line_1_70' title="bbox 1946 1026 3549 1109; baseline -0.009 -21"><span class='ocrx_word' id='word_1_529' title='bbox 1946 1050 1980 1088; x_wconf 77' lang='grc' dir='ltr'><em>α</em></span> <span class='ocrx_word' id='word_1_530' title='bbox 2014 1032 2204 1089; x_wconf 74' lang='lat' dir='ltr'><strong>dextris</strong></span> <span class='ocrx_word' id='word_1_531' title='bbox 2239 1033 2478 1109; x_wconf 78' lang='lat' dir='ltr'><strong>pauperis</strong></span> <span class='ocrx_word' id='word_1_532' title='bbox 2505 1028 2676 1101; x_wconf 84' lang='lat' dir='ltr'><strong>(Psal.</strong></span> <span class='ocrx_word' id='word_1_533' title='bbox 2710 1028 2832 1083; x_wconf 76' lang='grc'><strong>108.</strong></span> <span class='ocrx_word' id='word_1_534' title='bbox 2861 1026 2977 1098; x_wconf 74' lang='grc'><strong>31).</strong></span> <span class='ocrx_word' id='word_1_535' title='bbox 3010 1026 3109 1092; x_wconf 85' lang='lat' dir='ltr'><strong>Qui</strong></span> <span class='ocrx_word' id='word_1_536' title='bbox 3135 1026 3401 1079; x_wconf 86' lang='lat' dir='ltr'><strong>miseretur</strong></span> <span class='ocrx_word' id='word_1_537' title='bbox 3421 1037 3549 1091; x_wconf 87' lang='lat' dir='ltr'><strong>pau-</strong></span> 
     </span>
    </p>
   </div>
   <div class='ocr_carea' id='block_1_71' title="bbox 1952 1114 3557 1197">
    <p class='ocr_par' dir='ltr' id='par_1_71' title="bbox 1952 1114 3557 1197">
     <span class='ocr_line' id='line_1_71' title="bbox 1952 1114 3557 1197; baseline -0.007 -18"><span class='ocrx_word' id='word_1_538' title='bbox 1952 1126 2109 1197; x_wconf 82' lang='lat' dir='ltr'><strong>peris,</strong></span> <span class='ocrx_word' id='word_1_539' title='bbox 2139 1126 2421 1196; x_wconf 72' lang='lat' dir='ltr'><strong>faencratur</strong></span> <span class='ocrx_word' id='word_1_540' title='bbox 2448 1123 2556 1179; x_wconf 87' lang='lat' dir='ltr'><strong>Deo</strong></span> <span class='ocrx_word' id='word_1_541' title='bbox 2588 1121 2769 1193; x_wconf 81' lang='lat' dir='ltr'><strong>(Prov.</strong></span> <span class='ocrx_word' id='word_1_542' title='bbox 2804 1120 2893 1176; x_wconf 80' lang='lat' dir='ltr'><strong>l9.</strong></span> <span class='ocrx_word' id='word_1_543' title='bbox 2928 1120 3049 1193; x_wconf 76' lang='grc'><strong>17).</strong></span> <span class='ocrx_word' id='word_1_544' title='bbox 3075 1117 3312 1182; x_wconf 83' lang='lat' dir='ltr'><strong>Conlide,</strong></span> <span class='ocrx_word' id='word_1_545' title='bbox 3343 1114 3557 1186; x_wconf 73' lang='lat' dir='ltr'><strong>inquit,</strong></span> 
     </span>
    </p>
   </div>
   <div class='ocr_carea' id='block_1_72' title="bbox 1950 1200 3547 1293">
    <p class='ocr_par' dir='ltr' id='par_1_72' title="bbox 1950 1200 3547 1293">
     <span class='ocr_line' id='line_1_72' title="bbox 1950 1200 3547 1293; baseline -0.008 -17"><span class='ocrx_word' id='word_1_546' title='bbox 1950 1218 2082 1276; x_wconf 88' lang='lat' dir='ltr'><strong>mihi</strong></span> <span class='ocrx_word' id='word_1_547' title='bbox 2112 1220 2411 1277; x_wconf 73' lang='grc' dir='ltr'><strong>ῐωιιεητίε.</strong></span> <span class='ocrx_word' id='word_1_548' title='bbox 2444 1218 2512 1273; x_wconf 85' lang='lat' dir='ltr'><strong>Et</strong></span> <span class='ocrx_word' id='word_1_549' title='bbox 2540 1202 2667 1287; x_wconf 88' lang='lat' dir='ltr'><strong>quid</strong></span> <span class='ocrx_word' id='word_1_550' title='bbox 2692 1224 2896 1271; x_wconf 81' lang='lat' dir='ltr'><strong>tantum</strong></span> <span class='ocrx_word' id='word_1_551' title='bbox 2924 1200 3057 1268; x_wconf 85' lang='lat' dir='ltr'><strong>lucri</strong></span> <span class='ocrx_word' id='word_1_552' title='bbox 3080 1211 3218 1293; x_wconf 66' lang='lat' dir='ltr'><strong>iacio</strong></span> <span class='ocrx_word' id='word_1_553' title='bbox 3249 1210 3340 1265; x_wconf 87' lang='lat' dir='ltr'><strong>tibi</strong></span> <span class='ocrx_word' id='word_1_554' title='bbox 3372 1209 3547 1265; x_wconf 61' lang='lat' dir='ltr'><strong>[mneo</strong></span> 
     </span>
    </p>
   </div>
   <div class='ocr_carea' id='block_1_73' title="bbox 1948 1296 3546 1380">
    <p class='ocr_par' dir='ltr' id='par_1_73' title="bbox 1948 1296 3546 1380">
     <span class='ocr_line' id='line_1_73' title="bbox 1948 1296 3546 1380; baseline -0.009 -11"><span class='ocrx_word' id='word_1_555' title='bbox 1948 1308 2111 1369; x_wconf 82' lang='lat' dir='ltr'><strong>rans?</strong></span> <span class='ocrx_word' id='word_1_556' title='bbox 2139 1315 2280 1368; x_wconf 84' lang='lat' dir='ltr'><strong>Sane</strong></span> <span class='ocrx_word' id='word_1_557' title='bbox 2295 1296 2685 1380; x_wconf 83' lang='lat' dir='ltr'><strong>iniquissimum</strong></span> <span class='ocrx_word' id='word_1_558' title='bbox 2710 1312 2792 1363; x_wconf 88' lang='lat' dir='ltr'><strong>est</strong></span> <span class='ocrx_word' id='word_1_559' title='bbox 2817 1323 2847 1360; x_wconf 91' lang='lat' dir='ltr'><strong>a</strong></span> <span class='ocrx_word' id='word_1_560' title='bbox 2873 1307 2984 1361; x_wconf 91' lang='lat' dir='ltr'><strong>Deo</strong></span> <span class='ocrx_word' id='word_1_561' title='bbox 3010 1304 3271 1359; x_wconf 87' lang='lat' dir='ltr'><strong>rationem</strong></span> <span class='ocrx_word' id='word_1_562' title='bbox 3293 1302 3546 1371; x_wconf 76' lang='lat' dir='ltr'><strong>exigere:</strong></span> 
     </span>
    </p>
   </div>
   <div class='ocr_carea' id='block_1_74' title="bbox 1950 1394 3548 1476">
    <p class='ocr_par' dir='ltr' id='par_1_74' title="bbox 1950 1394 3548 1476">
     <span class='ocr_line' id='line_1_74' title="bbox 1950 1394 3548 1476; baseline -0.008 -14"><span class='ocrx_word' id='word_1_563' title='bbox 1950 1420 2137 1462; x_wconf 89' lang='lat' dir='ltr'><strong>verum</strong></span> <span class='ocrx_word' id='word_1_564' title='bbox 2162 1414 2224 1459; x_wconf 90' lang='lat' dir='ltr'><strong>ut</strong></span> <span class='ocrx_word' id='word_1_565' title='bbox 2251 1404 2502 1476; x_wconf 65' lang='lat' dir='ltr'><strong>nequitia:</strong></span> <span class='ocrx_word' id='word_1_566' title='bbox 2530 1412 2635 1458; x_wconf 70' lang='lat' dir='ltr'><strong>tum</strong></span> <span class='ocrx_word' id='word_1_567' title='bbox 2656 1417 2743 1457; x_wconf 85' lang='lat' dir='ltr'><strong>me</strong></span> <span class='ocrx_word' id='word_1_568' title='bbox 2772 1402 3121 1470; x_wconf 86' lang='lat' dir='ltr'><strong>attemperem</strong></span> <span class='ocrx_word' id='word_1_569' title='bbox 3141 1439 3157 1462; x_wconf 94' lang='lat'><strong>,</strong></span> <span class='ocrx_word' id='word_1_570' title='bbox 3184 1403 3240 1451; x_wconf 84' lang='lat' dir='ltr'><strong>et</strong></span> <span class='ocrx_word' id='word_1_571' title='bbox 3265 1394 3548 1476; x_wconf 79' lang='lat' dir='ltr'><strong>clementia</strong></span> 
     </span>
    </p>
   </div>
   <div class='ocr_carea' id='block_1_75' title="bbox 1950 1478 3548 1559">
    <p class='ocr_par' dir='ltr' id='par_1_75' title="bbox 1950 1478 3548 1559">
     <span class='ocr_line' id='line_1_75' title="bbox 1950 1478 3548 1559; baseline -0.009 -6"><span class='ocrx_word' id='word_1_572' title='bbox 1950 1497 2211 1553; x_wconf 70' lang='lat' dir='ltr'><strong>szevitiem</strong></span> <span class='ocrx_word' id='word_1_573' title='bbox 2239 1501 2382 1551; x_wconf 84' lang='lat' dir='ltr'><strong>tuam</strong></span> <span class='ocrx_word' id='word_1_574' title='bbox 2409 1478 2636 1559; x_wconf 77' lang='lat' dir='ltr'><strong>soivam,</strong></span> <span class='ocrx_word' id='word_1_575' title='bbox 2661 1491 2779 1547; x_wconf 65' lang='lat' dir='ltr'><strong>hare</strong></span> <span class='ocrx_word' id='word_1_576' title='bbox 2800 1501 2984 1546; x_wconf 91' lang='lat' dir='ltr'><strong>mutuo</strong></span> <span class='ocrx_word' id='word_1_577' title='bbox 3007 1489 3395 1546; x_wconf 71' lang='lat' dir='ltr'><strong>examinemus.</strong></span> <span class='ocrx_word' id='word_1_578' title='bbox 3418 1484 3548 1540; x_wconf 78' lang='lat' dir='ltr'><strong>Aliis</strong></span> 
     </span>
    </p>
   </div>
   <div class='ocr_carea' id='block_1_76' title="bbox 1951 1571 3549 1658">
    <p class='ocr_par' dir='ltr' id='par_1_76' title="bbox 1951 1571 3549 1658">
     <span class='ocr_line' id='line_1_76' title="bbox 1951 1571 3549 1658; baseline -0.008 -14"><span class='ocrx_word' id='word_1_579' title='bbox 1951 1576 2224 1644; x_wconf 73' lang='lat' dir='ltr'><strong>foenerans</strong></span> <span class='ocrx_word' id='word_1_580' title='bbox 2251 1587 2377 1658; x_wconf 91' lang='lat' dir='ltr'><strong>quid</strong></span> <span class='ocrx_word' id='word_1_581' title='bbox 2399 1586 2660 1642; x_wconf 84' lang='lat' dir='ltr'><strong>lucraris?</strong></span> <span class='ocrx_word' id='word_1_582' title='bbox 2684 1584 2809 1657; x_wconf 89' lang='lat' dir='ltr'><strong>quid</strong></span> <span class='ocrx_word' id='word_1_583' title='bbox 2831 1583 2900 1639; x_wconf 89' lang='lat' dir='ltr'><strong>ab</strong></span> <span class='ocrx_word' id='word_1_584' title='bbox 2921 1571 3027 1638; x_wconf 80' lang='lat' dir='ltr'><strong>illis</strong></span> <span class='ocrx_word' id='word_1_585' title='bbox 3042 1581 3274 1639; x_wconf 67' lang='lat' dir='ltr'><strong>Iteno&#39;ris</strong></span> <span class='ocrx_word' id='word_1_586' title='bbox 3295 1573 3549 1650; x_wconf 63' lang='lat' dir='ltr'><strong>requiris?</strong></span> 
     </span>
    </p>
   </div>
   <div class='ocr_carea' id='block_1_77' title="bbox 1950 1671 3572 1759">
    <p class='ocr_par' dir='ltr' id='par_1_77' title="bbox 1950 1671 3572 1759">
     <span class='ocr_line' id='line_1_77' title="bbox 1950 1671 3572 1759; baseline -0.006 -22"><span class='ocrx_word' id='word_1_587' title='bbox 1950 1683 2081 1739; x_wconf 85' lang='lat' dir='ltr'><strong>num</strong></span> <span class='ocrx_word' id='word_1_588' title='bbox 2128 1682 2509 1747; x_wconf 88' lang='lat' dir='ltr'><strong>centesimam,</strong></span> <span class='ocrx_word' id='word_1_589' title='bbox 2542 1680 2586 1735; x_wconf 93' lang='lat' dir='ltr'><strong>si</strong></span> <span class='ocrx_word' id='word_1_590' title='bbox 2632 1678 2921 1750; x_wconf 74' lang='lat' dir='ltr'><strong>legitimam</strong></span> <span class='ocrx_word' id='word_1_591' title='bbox 2971 1674 3263 1759; x_wconf 80' lang='lat' dir='ltr'><strong>requiras?</strong></span> <span class='ocrx_word' id='word_1_592' title='bbox 3303 1671 3457 1755; x_wconf 86' lang='lat' dir='ltr'><strong>Quod</strong></span> <span class='ocrx_word' id='word_1_593' title='bbox 3504 1672 3572 1751; x_wconf 80' lang='lat' dir='ltr'><strong>si-</strong></span> 
     </span>
    </p>
   </div>
   <div class='ocr_carea' id='block_1_78' title="bbox 1952 1763 3549 1844">
    <p class='ocr_par' dir='ltr' id='par_1_78' title="bbox 1952 1763 3549 1844">
     <span class='ocr_line' id='line_1_78' title="bbox 1952 1763 3549 1844; baseline -0.008 -14"><span class='ocrx_word' id='word_1_594' title='bbox 1952 1774 2329 1844; x_wconf 89' lang='lat' dir='ltr'><strong>inexplebilem</strong></span> <span class='ocrx_word' id='word_1_595' title='bbox 2370 1772 2713 1841; x_wconf 87' lang='lat' dir='ltr'><strong>cupiditatem</strong></span> <span class='ocrx_word' id='word_1_596' title='bbox 2754 1768 2969 1825; x_wconf 85' lang='lat' dir='ltr'><strong>auxeris</strong></span> <span class='ocrx_word' id='word_1_597' title='bbox 2997 1769 3039 1835; x_wconf 73' lang='grc' dir='ltr'><strong>ί,</strong></span> <span class='ocrx_word' id='word_1_598' title='bbox 3074 1767 3344 1837; x_wconf 90' lang='lat' dir='ltr'><strong>duplicem</strong></span> <span class='ocrx_word' id='word_1_599' title='bbox 3376 1763 3549 1835; x_wconf 82' lang='lat' dir='ltr'><strong>tripli-</strong></span> 
     </span>
    </p>
   </div>
   <div class='ocr_carea' id='block_1_79' title="bbox 1952 1851 3548 1937">
    <p class='ocr_par' dir='ltr' id='par_1_79' title="bbox 1952 1851 3548 1937">
     <span class='ocr_line' id='line_1_79' title="bbox 1952 1851 3548 1937; baseline -0.008 -16"><span class='ocrx_word' id='word_1_600' title='bbox 1952 1874 2177 1937; x_wconf 71' lang='lat' dir='ltr'><strong>Cemque</strong></span> <span class='ocrx_word' id='word_1_601' title='bbox 2222 1851 2516 1921; x_wconf 85' lang='lat' dir='ltr'><strong>lucraberis</strong></span> <span class='ocrx_word' id='word_1_602' title='bbox 2557 1862 2913 1932; x_wconf 90' lang='lat' dir='ltr'><strong>iniquitatem.</strong></span> <span class='ocrx_word' id='word_1_603' title='bbox 2943 1860 3056 1929; x_wconf 82' lang='lat' dir='ltr'><strong>Ego</strong></span> <span class='ocrx_word' id='word_1_604' title='bbox 3103 1871 3233 1912; x_wconf 84' lang='lat' dir='ltr'><strong>vero</strong></span> <span class='ocrx_word' id='word_1_605' title='bbox 3270 1855 3548 1911; x_wconf 88' lang='lat' dir='ltr'><strong>avaritiam</strong></span> 
     </span>
    </p>
   </div>
   <div class='ocr_carea' id='block_1_80' title="bbox 1955 1936 3547 2031">
    <p class='ocr_par' dir='ltr' id='par_1_80' title="bbox 1955 1936 3547 2031">
     <span class='ocr_line' id='line_1_80' title="bbox 1955 1936 3547 2031; baseline -0.008 -20"><span class='ocrx_word' id='word_1_606' title='bbox 1955 1965 2099 2011; x_wconf 88' lang='lat' dir='ltr'><strong>tuam</strong></span> <span class='ocrx_word' id='word_1_607' title='bbox 2144 1970 2376 2026; x_wconf 89' lang='lat' dir='ltr'><strong>supero,</strong></span> <span class='ocrx_word' id='word_1_608' title='bbox 2427 1936 2912 2031; x_wconf 82' lang='lat' dir='ltr'><strong>inexplebilemque</strong></span> <span class='ocrx_word' id='word_1_609' title='bbox 2950 1940 3302 2019; x_wconf 78' lang='lat' dir='ltr'><strong>cupiditatem</strong></span> <span class='ocrx_word' id='word_1_610' title='bbox 3341 1947 3501 2024; x_wconf 85' lang='lat' dir='ltr'><strong>vinco</strong></span> <span class='ocrx_word' id='word_1_611' title='bbox 3532 1963 3547 1998; x_wconf 90' lang='lat'><strong>:</strong></span> 
     </span>
    </p>
   </div>
   <div class='ocr_carea' id='block_1_81' title="bbox 1952 2029 3549 2117">
    <p class='ocr_par' dir='ltr' id='par_1_81' title="bbox 1952 2029 3549 2117">
     <span class='ocr_line' id='line_1_81' title="bbox 1952 2029 3549 2117; baseline -0.008 -15"><span class='ocrx_word' id='word_1_612' title='bbox 1952 2047 2105 2117; x_wconf 88' lang='lat' dir='ltr'><strong>c0pia</strong></span> <span class='ocrx_word' id='word_1_613' title='bbox 2134 2046 2250 2100; x_wconf 85' lang='lat' dir='ltr'><strong>mea</strong></span> <span class='ocrx_word' id='word_1_614' title='bbox 2282 2029 2692 2100; x_wconf 84' lang='lat' dir='ltr'><strong>immoderatum</strong></span> <span class='ocrx_word' id='word_1_615' title='bbox 2727 2029 3022 2113; x_wconf 88' lang='lat' dir='ltr'><strong>appetitum</strong></span> <span class='ocrx_word' id='word_1_616' title='bbox 3064 2050 3213 2096; x_wconf 90' lang='lat' dir='ltr'><strong>tuum</strong></span> <span class='ocrx_word' id='word_1_617' title='bbox 3233 2038 3439 2109; x_wconf 83' lang='lat' dir='ltr'><strong>aperio.</strong></span> <span class='ocrx_word' id='word_1_618' title='bbox 3469 2035 3549 2091; x_wconf 86' lang='lat' dir='ltr'><strong>Tu</strong></span> 
     </span>
    </p>
   </div>
   <div class='ocr_carea' id='block_1_82' title="bbox 1954 2120 3549 2208">
    <p class='ocr_par' dir='ltr' id='par_1_82' title="bbox 1954 2120 3549 2208">
     <span class='ocr_line' id='line_1_82' title="bbox 1954 2120 3549 2208; baseline -0.008 -14"><span class='ocrx_word' id='word_1_619' title='bbox 1954 2128 2301 2194; x_wconf 77' lang='lat' dir='ltr'><strong>centesimam</strong></span> <span class='ocrx_word' id='word_1_620' title='bbox 2331 2135 2557 2208; x_wconf 73' lang='lat' dir='ltr'><strong>quaeris,</strong></span> <span class='ocrx_word' id='word_1_621' title='bbox 2582 2150 2683 2208; x_wconf 81' lang='lat' dir='ltr'><strong>ego</strong></span> <span class='ocrx_word' id='word_1_622' title='bbox 2706 2136 3013 2205; x_wconf 89' lang='lat' dir='ltr'><strong>centuplum</strong></span> <span class='ocrx_word' id='word_1_623' title='bbox 3051 2120 3119 2189; x_wconf 88' lang='lat' dir='ltr'><strong>do</strong></span> <span class='ocrx_word' id='word_1_624' title='bbox 3144 2131 3259 2187; x_wconf 91' lang='lat' dir='ltr'><strong>tibi.</strong></span> <span class='ocrx_word' id='word_1_625' title='bbox 3290 2131 3470 2199; x_wconf 90' lang='lat' dir='ltr'><strong>Itaque</strong></span> <span class='ocrx_word' id='word_1_626' title='bbox 3496 2129 3549 2183; x_wconf 88' lang='lat' dir='ltr'><strong>iu</strong></span> 
     </span>
    </p>
   </div>
   <div class='ocr_carea' id='block_1_83' title="bbox 1952 2210 3551 2299">
    <p class='ocr_par' dir='ltr' id='par_1_83' title="bbox 1952 2210 3551 2299">
     <span class='ocr_line' id='line_1_83' title="bbox 1952 2210 3551 2299; baseline -0.005 -16"><span class='ocrx_word' id='word_1_627' title='bbox 1952 2229 2127 2285; x_wconf 70' lang='lat' dir='ltr'><strong>{tenus</strong></span> <span class='ocrx_word' id='word_1_628' title='bbox 2144 2218 2365 2299; x_wconf 88' lang='lat' dir='ltr'><strong>accipis,</strong></span> <span class='ocrx_word' id='word_1_629' title='bbox 2391 2216 2635 2290; x_wconf 84' lang='lat' dir='ltr'><strong>Domine,</strong></span> <span class='ocrx_word' id='word_1_630' title='bbox 2656 2234 2710 2281; x_wconf 90' lang='lat' dir='ltr'><strong>et</strong></span> <span class='ocrx_word' id='word_1_631' title='bbox 2730 2224 2817 2280; x_wconf 91' lang='lat' dir='ltr'><strong>hic</strong></span> <span class='ocrx_word' id='word_1_632' title='bbox 2833 2226 2884 2280; x_wconf 90' lang='lat' dir='ltr'><strong>in</strong></span> <span class='ocrx_word' id='word_1_633' title='bbox 2905 2210 3084 2280; x_wconf 69' lang='lat' dir='ltr'><strong>lienus</strong></span> <span class='ocrx_word' id='word_1_634' title='bbox 3102 2222 3300 2292; x_wconf 88' lang='lat' dir='ltr'><strong>accipis</strong></span> <span class='ocrx_word' id='word_1_635' title='bbox 3318 2220 3551 2278; x_wconf 84' lang='lat' dir='ltr'><strong>eleemo-</strong></span> 
     </span>
    </p>
   </div>
   <div class='ocr_carea' id='block_1_84' title="bbox 1953 2308 3553 2395">
    <p class='ocr_par' dir='ltr' id='par_1_84' title="bbox 1953 2308 3553 2395">
     <span class='ocr_line' id='line_1_84' title="bbox 1953 2308 3553 2395; baseline -0.005 -18"><span class='ocrx_word' id='word_1_636' title='bbox 1953 2324 2143 2395; x_wconf 79' lang='lat' dir='ltr'><strong>synam</strong></span> <span class='ocrx_word' id='word_1_637' title='bbox 2174 2321 2395 2393; x_wconf 80' lang='lat' dir='ltr'><strong>pauperi</strong></span> <span class='ocrx_word' id='word_1_638' title='bbox 2420 2321 2621 2386; x_wconf 88' lang='lat' dir='ltr'><strong>datam,</strong></span> <span class='ocrx_word' id='word_1_639' title='bbox 2648 2308 2989 2391; x_wconf 80' lang='lat' dir='ltr'><strong>quandonam</strong></span> <span class='ocrx_word' id='word_1_640' title='bbox 3017 2319 3133 2373; x_wconf 74' lang='lat' dir='ltr'><strong>lucc</strong></span> <span class='ocrx_word' id='word_1_641' title='bbox 3158 2316 3288 2373; x_wconf 88' lang='lat' dir='ltr'><strong>mihi</strong></span> <span class='ocrx_word' id='word_1_642' title='bbox 3317 2314 3553 2371; x_wconf 69' lang='lat' dir='ltr'><strong>reddes?</strong></span> 
     </span>
    </p>
   </div>
   <div class='ocr_carea' id='block_1_85' title="bbox 1953 2400 3550 2485">
    <p class='ocr_par' dir='ltr' id='par_1_85' title="bbox 1953 2400 3550 2485">
     <span class='ocr_line' id='line_1_85' title="bbox 1953 2400 3550 2485; baseline -0.004 -17"><span class='ocrx_word' id='word_1_643' title='bbox 1953 2414 2147 2483; x_wconf 62' lang='lat' dir='ltr'><strong>Quaero</strong></span> <span class='ocrx_word' id='word_1_644' title='bbox 2174 2423 2322 2485; x_wconf 88' lang='lat' dir='ltr'><strong>pacta</strong></span> <span class='ocrx_word' id='word_1_645' title='bbox 2343 2423 2626 2485; x_wconf 77' lang='lat' dir='ltr'><strong>conventa,</strong></span> <span class='ocrx_word' id='word_1_646' title='bbox 2649 2421 2983 2470; x_wconf 90' lang='lat' dir='ltr'><strong>contractum</strong></span> <span class='ocrx_word' id='word_1_647' title='bbox 3001 2400 3324 2466; x_wconf 77' lang='lat' dir='ltr'><strong>continuare</strong></span> <span class='ocrx_word' id='word_1_648' title='bbox 3345 2409 3550 2471; x_wconf 77' lang='lat' dir='ltr'><strong>volens.</strong></span> 
     </span>
    </p>
   </div>
   <div class='ocr_carea' id='block_1_86' title="bbox 1953 2490 3551 2576">
    <p class='ocr_par' dir='ltr' id='par_1_86' title="bbox 1953 2490 3551 2576">
     <span class='ocr_line' id='line_1_86' title="bbox 1953 2490 3551 2576; baseline -0.003 -17"><span class='ocrx_word' id='word_1_649' title='bbox 1953 2502 2186 2576; x_wconf 85' lang='lat' dir='ltr'><strong>Designa</strong></span> <span class='ocrx_word' id='word_1_650' title='bbox 2216 2490 2358 2560; x_wconf 85' lang='lat' dir='ltr'><strong>mihi</strong></span> <span class='ocrx_word' id='word_1_651' title='bbox 2398 2504 2765 2559; x_wconf 87' lang='lat' dir='ltr'><strong>retributionis</strong></span> <span class='ocrx_word' id='word_1_652' title='bbox 2798 2513 3007 2572; x_wconf 88' lang='lat' dir='ltr'><strong>tempus</strong></span> <span class='ocrx_word' id='word_1_653' title='bbox 3044 2521 3059 2557; x_wconf 89' lang='lat'><strong>:</strong></span> <span class='ocrx_word' id='word_1_654' title='bbox 3094 2502 3362 2575; x_wconf 82' lang='lat' dir='ltr'><strong>constitue</strong></span> <span class='ocrx_word' id='word_1_655' title='bbox 3400 2499 3551 2555; x_wconf 85' lang='lat' dir='ltr'><strong>solu-</strong></span> 
     </span>
    </p>
   </div>
   <div class='ocr_carea' id='block_1_87' title="bbox 1956 2590 3550 2664">
    <p class='ocr_par' dir='ltr' id='par_1_87' title="bbox 1956 2590 3550 2664">
     <span class='ocr_line' id='line_1_87' title="bbox 1956 2590 3550 2664; baseline -0.006 -12"><span class='ocrx_word' id='word_1_656' title='bbox 1956 2597 2115 2653; x_wconf 92' lang='lat' dir='ltr'><strong>tionis</strong></span> <span class='ocrx_word' id='word_1_657' title='bbox 2146 2595 2452 2651; x_wconf 90' lang='lat' dir='ltr'><strong>terminum.</strong></span> <span class='ocrx_word' id='word_1_658' title='bbox 2488 2596 2599 2650; x_wconf 91' lang='lat' dir='ltr'><strong>lmo</strong></span> <span class='ocrx_word' id='word_1_659' title='bbox 2633 2608 2765 2649; x_wconf 89' lang='lat' dir='ltr'><strong>vero</strong></span> <span class='ocrx_word' id='word_1_660' title='bbox 2794 2593 2897 2649; x_wconf 89' lang='lat' dir='ltr'><strong>hoc</strong></span> <span class='ocrx_word' id='word_1_661' title='bbox 2925 2590 3251 2664; x_wconf 80' lang='lat' dir='ltr'><strong>superfluum</strong></span> <span class='ocrx_word' id='word_1_662' title='bbox 3276 2600 3360 2645; x_wconf 86' lang='lat' dir='ltr'><strong>est</strong></span> <span class='ocrx_word' id='word_1_663' title='bbox 3379 2632 3393 2654; x_wconf 94' lang='lat'><strong>,</strong></span> <span class='ocrx_word' id='word_1_664' title='bbox 3427 2604 3550 2643; x_wconf 90' lang='lat' dir='ltr'><strong>nam</strong></span> 
     </span>
    </p>
   </div>
   <div class='ocr_carea' id='block_1_88' title="bbox 1954 2670 3551 2757">
    <p class='ocr_par' dir='ltr' id='par_1_88' title="bbox 1954 2670 3551 2757">
     <span class='ocr_line' id='line_1_88' title="bbox 1954 2670 3551 2757; baseline -0.006 -14"><span class='ocrx_word' id='word_1_665' title='bbox 1954 2687 2151 2743; x_wconf 83' lang='lat' dir='ltr'><strong>Fidelis</strong></span> <span class='ocrx_word' id='word_1_666' title='bbox 2178 2673 2432 2744; x_wconf 83' lang='lat' dir='ltr'><strong>Dominus</strong></span> <span class='ocrx_word' id='word_1_667' title='bbox 2449 2687 2503 2741; x_wconf 85' lang='lat' dir='ltr'><strong>in</strong></span> <span class='ocrx_word' id='word_1_668' title='bbox 2531 2686 2761 2740; x_wconf 85' lang='lat' dir='ltr'><strong>omnibus</strong></span> <span class='ocrx_word' id='word_1_669' title='bbox 2779 2684 2936 2739; x_wconf 86' lang='lat' dir='ltr'><strong>verbis</strong></span> <span class='ocrx_word' id='word_1_670' title='bbox 2955 2684 3062 2738; x_wconf 85' lang='lat' dir='ltr'><strong>suis</strong></span> <span class='ocrx_word' id='word_1_671' title='bbox 3083 2680 3251 2757; x_wconf 79' lang='lat' dir='ltr'><strong>(Psal.</strong></span> <span class='ocrx_word' id='word_1_672' title='bbox 3276 2680 3396 2735; x_wconf 67' lang='lat' dir='ltr'><strong>Hi.</strong></span> <span class='ocrx_word' id='word_1_673' title='bbox 3422 2670 3513 2747; x_wconf 78' lang='lat'><strong>13)</strong></span> <span class='ocrx_word' id='word_1_674' title='bbox 3537 2696 3551 2733; x_wconf 89' lang='lat'>:</span> 
     </span>
    </p>
   </div>
   <div class='ocr_carea' id='block_1_89' title="bbox 1954 2762 3552 2852">
    <p class='ocr_par' dir='ltr' id='par_1_89' title="bbox 1954 2762 3552 2852">
     <span class='ocr_line' id='line_1_89' title="bbox 1954 2762 3552 2852; baseline -0.008 -17"><span class='ocrx_word' id='word_1_675' title='bbox 1954 2781 2076 2852; x_wconf 89' lang='lat' dir='ltr'><strong>quia</strong></span> <span class='ocrx_word' id='word_1_676' title='bbox 2104 2794 2231 2835; x_wconf 80' lang='lat' dir='ltr'><strong>vero</strong></span> <span class='ocrx_word' id='word_1_677' title='bbox 2258 2779 2311 2836; x_wconf 91' lang='lat' dir='ltr'><strong>in</strong></span> <span class='ocrx_word' id='word_1_678' title='bbox 2343 2793 2495 2835; x_wconf 84' lang='lat' dir='ltr'><strong>more</strong></span> <span class='ocrx_word' id='word_1_679' title='bbox 2536 2789 2588 2833; x_wconf 90' lang='lat' dir='ltr'><strong>et</strong></span> <span class='ocrx_word' id='word_1_680' title='bbox 2629 2764 2680 2831; x_wconf 86' lang='lat' dir='ltr'><strong>in</strong></span> <span class='ocrx_word' id='word_1_681' title='bbox 2709 2790 2873 2846; x_wconf 90' lang='lat' dir='ltr'><strong>scopo</strong></span> <span class='ocrx_word' id='word_1_682' title='bbox 2898 2783 2983 2830; x_wconf 90' lang='lat' dir='ltr'><strong>est</strong></span> <span class='ocrx_word' id='word_1_683' title='bbox 3022 2774 3104 2840; x_wconf 89' lang='lat' dir='ltr'><strong>ei,</strong></span> <span class='ocrx_word' id='word_1_684' title='bbox 3144 2773 3236 2843; x_wconf 88' lang='lat' dir='ltr'><strong>qui</strong></span> <span class='ocrx_word' id='word_1_685' title='bbox 3277 2762 3415 2828; x_wconf 87' lang='lat' dir='ltr'><strong>bona</strong></span> <span class='ocrx_word' id='word_1_686' title='bbox 3449 2770 3552 2824; x_wconf 87' lang='lat' dir='ltr'><strong>ﬁde</strong></span> 
     </span>
    </p>
   </div>
   <div class='ocr_carea' id='block_1_90' title="bbox 1954 2853 3553 2947">
    <p class='ocr_par' dir='ltr' id='par_1_90' title="bbox 1954 2853 3553 2947">
     <span class='ocr_line' id='line_1_90' title="bbox 1954 2853 3553 2947; baseline -0.008 -19"><span class='ocrx_word' id='word_1_687' title='bbox 1954 2873 2132 2928; x_wconf 71' lang='lat' dir='ltr'><strong>{tenus</strong></span> <span class='ocrx_word' id='word_1_688' title='bbox 2155 2872 2385 2943; x_wconf 87' lang='lat' dir='ltr'><strong>accipit,</strong></span> <span class='ocrx_word' id='word_1_689' title='bbox 2406 2880 2615 2943; x_wconf 90' lang='lat' dir='ltr'><strong>tempus</strong></span> <span class='ocrx_word' id='word_1_690' title='bbox 2645 2862 2841 2933; x_wconf 85' lang='lat' dir='ltr'><strong>metiri,</strong></span> <span class='ocrx_word' id='word_1_691' title='bbox 2874 2854 3127 2947; x_wconf 86' lang='lat' dir='ltr'><strong>diemque</strong></span> <span class='ocrx_word' id='word_1_692' title='bbox 3149 2853 3398 2929; x_wconf 84' lang='lat' dir='ltr'><strong>deﬁnire,</strong></span> <span class='ocrx_word' id='word_1_693' title='bbox 3429 2861 3553 2917; x_wconf 85' lang='lat' dir='ltr'><strong>audi</strong></span> 
     </span>
    </p>
   </div>
   <div class='ocr_carea' id='block_1_91' title="bbox 1953 2948 3553 3038">
    <p class='ocr_par' dir='ltr' id='par_1_91' title="bbox 1953 2948 3553 3038">
     <span class='ocr_line' id='line_1_91' title="bbox 1953 2948 3553 3038; baseline -0.009 -18"><span class='ocrx_word' id='word_1_694' title='bbox 1953 2964 2167 3038; x_wconf 85' lang='lat' dir='ltr'><strong>quando</strong></span> <span class='ocrx_word' id='word_1_695' title='bbox 2193 2973 2246 3020; x_wconf 90' lang='lat' dir='ltr'><strong>et</strong></span> <span class='ocrx_word' id='word_1_696' title='bbox 2273 2948 2361 3018; x_wconf 86' lang='lat' dir='ltr'><strong>ubi</strong></span> <span class='ocrx_word' id='word_1_697' title='bbox 2392 2962 2631 3019; x_wconf 90' lang='lat' dir='ltr'><strong>debitum</strong></span> <span class='ocrx_word' id='word_1_698' title='bbox 2669 2961 2759 3016; x_wconf 90' lang='lat' dir='ltr'><strong>tibi</strong></span> <span class='ocrx_word' id='word_1_699' title='bbox 2792 2958 2979 3015; x_wconf 76' lang='lat' dir='ltr'><strong>reddat</strong></span> <span class='ocrx_word' id='word_1_700' title='bbox 3012 2958 3081 3025; x_wconf 90' lang='lat' dir='ltr'><strong>is,</strong></span> <span class='ocrx_word' id='word_1_701' title='bbox 3108 2958 3195 3015; x_wconf 91' lang='lat' dir='ltr'><strong>cui</strong></span> <span class='ocrx_word' id='word_1_702' title='bbox 3224 2972 3321 3028; x_wconf 84' lang='lat' dir='ltr'><strong>per</strong></span> <span class='ocrx_word' id='word_1_703' title='bbox 3352 2968 3553 3025; x_wconf 75' lang='lat' dir='ltr'><strong>paupe-</strong></span> 
     </span>
    </p>
   </div>
   <div class='ocr_carea' id='block_1_92' title="bbox 1955 3040 3553 3114">
    <p class='ocr_par' dir='ltr' id='par_1_92' title="bbox 1955 3040 3553 3114">
     <span class='ocr_line' id='line_1_92' title="bbox 1955 3040 3553 3114; baseline -0.008 0"><span class='ocrx_word' id='word_1_704' title='bbox 1955 3074 2069 3114; x_wconf 90' lang='lat' dir='ltr'><strong>rem</strong></span> <span class='ocrx_word' id='word_1_705' title='bbox 2096 3041 2394 3113; x_wconf 68' lang='lat' dir='ltr'><strong>l&#39;aaneraris.</strong></span> <span class='ocrx_word' id='word_1_706' title='bbox 2423 3053 2552 3111; x_wconf 84' lang='lat' dir='ltr'><strong>Cum</strong></span> <span class='ocrx_word' id='word_1_707' title='bbox 2586 3054 2771 3109; x_wconf 85' lang='lat' dir='ltr'><strong>sederit</strong></span> <span class='ocrx_word' id='word_1_708' title='bbox 2818 3040 2867 3107; x_wconf 83' lang='lat' dir='ltr'><strong><em>F</em></strong></span> <span class='ocrx_word' id='word_1_709' title='bbox 2870 3052 2989 3107; x_wconf 81' lang='lat' dir='ltr'><strong>ilius</strong></span> <span class='ocrx_word' id='word_1_710' title='bbox 3022 3049 3242 3105; x_wconf 81' lang='lat' dir='ltr'><strong>hominis</strong></span> <span class='ocrx_word' id='word_1_711' title='bbox 3277 3050 3330 3103; x_wconf 88' lang='lat' dir='ltr'><strong>in</strong></span> <span class='ocrx_word' id='word_1_712' title='bbox 3370 3047 3553 3102; x_wconf 86' lang='lat' dir='ltr'><strong>throno</strong></span> 
     </span>
    </p>
   </div>
   <div class='ocr_carea' id='block_1_93' title="bbox 1953 3128 3552 3221">
    <p class='ocr_par' dir='ltr' id='par_1_93' title="bbox 1953 3128 3552 3221">
     <span class='ocr_line' id='line_1_93' title="bbox 1953 3128 3552 3221; baseline -0.007 -17"><span class='ocrx_word' id='word_1_713' title='bbox 1953 3150 2131 3221; x_wconf 71' lang='lat' dir='ltr'><strong>gloriae</strong></span> <span class='ocrx_word' id='word_1_714' title='bbox 2150 3162 2278 3212; x_wconf 64' lang='lat' dir='ltr'><strong>suat,</strong></span> <span class='ocrx_word' id='word_1_715' title='bbox 2304 3156 2353 3201; x_wconf 90' lang='lat' dir='ltr'><strong>et</strong></span> <span class='ocrx_word' id='word_1_716' title='bbox 2377 3145 2605 3200; x_wconf 81' lang='lat' dir='ltr'><strong>statuerit</strong></span> <span class='ocrx_word' id='word_1_717' title='bbox 2630 3161 2743 3199; x_wconf 83' lang='lat' dir='ltr'><strong>oves</strong></span> <span class='ocrx_word' id='word_1_718' title='bbox 2763 3144 2966 3212; x_wconf 86' lang='lat' dir='ltr'><strong>quidem</strong></span> <span class='ocrx_word' id='word_1_719' title='bbox 2990 3160 3022 3197; x_wconf 89' lang='lat' dir='ltr'><strong>a</strong></span> <span class='ocrx_word' id='word_1_720' title='bbox 3051 3128 3245 3197; x_wconf 72' lang='lat' dir='ltr'><strong>dextris</strong></span> <span class='ocrx_word' id='word_1_721' title='bbox 3271 3141 3376 3196; x_wconf 86' lang='lat' dir='ltr'><strong>suis</strong></span> <span class='ocrx_word' id='word_1_722' title='bbox 3395 3180 3411 3206; x_wconf 89' lang='lat'><strong>,</strong></span> <span class='ocrx_word' id='word_1_723' title='bbox 3444 3139 3552 3194; x_wconf 78' lang='lat' dir='ltr'><strong>hae-</strong></span> 
     </span>
    </p>
   </div>
   <div class='ocr_carea' id='block_1_94' title="bbox 1955 3222 3553 3308">
    <p class='ocr_par' dir='ltr' id='par_1_94' title="bbox 1955 3222 3553 3308">
     <span class='ocr_line' id='line_1_94' title="bbox 1955 3222 3553 3308; baseline -0.006 -12"><span class='ocrx_word' id='word_1_724' title='bbox 1955 3244 2048 3297; x_wconf 91' lang='lat' dir='ltr'><strong>dos</strong></span> <span class='ocrx_word' id='word_1_725' title='bbox 2071 3258 2187 3297; x_wconf 85' lang='lat' dir='ltr'><strong>vero</strong></span> <span class='ocrx_word' id='word_1_726' title='bbox 2210 3258 2241 3294; x_wconf 83' lang='grc' dir='ltr'><em>α</em></span> <span class='ocrx_word' id='word_1_727' title='bbox 2269 3224 2510 3306; x_wconf 86' lang='lat' dir='ltr'><strong>sinistris,</strong></span> <span class='ocrx_word' id='word_1_728' title='bbox 2543 3250 2590 3294; x_wconf 91' lang='lat' dir='ltr'><strong>et</strong></span> <span class='ocrx_word' id='word_1_729' title='bbox 2610 3224 2740 3293; x_wconf 80' lang='lat' dir='ltr'><strong>dicet</strong></span> <span class='ocrx_word' id='word_1_730' title='bbox 2768 3222 2861 3303; x_wconf 89' lang='lat' dir='ltr'><strong>iis,</strong></span> <span class='ocrx_word' id='word_1_731' title='bbox 2891 3237 2979 3308; x_wconf 88' lang='lat' dir='ltr'><strong>qui</strong></span> <span class='ocrx_word' id='word_1_732' title='bbox 3006 3253 3039 3289; x_wconf 92' lang='lat' dir='ltr'><strong>a</strong></span> <span class='ocrx_word' id='word_1_733' title='bbox 3064 3235 3257 3289; x_wconf 75' lang='lat' dir='ltr'><strong>dextris</strong></span> <span class='ocrx_word' id='word_1_734' title='bbox 3278 3242 3396 3289; x_wconf 89' lang='lat' dir='ltr'><strong>sunt</strong></span> <span class='ocrx_word' id='word_1_735' title='bbox 3420 3247 3440 3287; x_wconf 91' lang='lat'><strong><em>:</em></strong></span> <span class='ocrx_word' id='word_1_736' title='bbox 3466 3231 3553 3287; x_wconf 86' lang='lat' dir='ltr'><strong>hic</strong></span> 
     </span>
    </p>
   </div>
   <div class='ocr_carea' id='block_1_95' title="bbox 1954 3316 3551 3405">
    <p class='ocr_par' dir='ltr' id='par_1_95' title="bbox 1954 3316 3551 3405">
     <span class='ocr_line' id='line_1_95' title="bbox 1954 3316 3551 3405; baseline -0.005 -16"><span class='ocrx_word' id='word_1_737' title='bbox 1954 3333 2170 3391; x_wconf 88' lang='lat' dir='ltr'><strong>attende</strong></span> <span class='ocrx_word' id='word_1_738' title='bbox 2190 3338 2355 3405; x_wconf 17' lang='lat' dir='ltr'><strong>quam,</strong></span> <span class='ocrx_word' id='word_1_739' title='bbox 2369 3319 2660 3389; x_wconf 86' lang='lat' dir='ltr'><strong>benevolus</strong></span> <span class='ocrx_word' id='word_1_740' title='bbox 2680 3331 2750 3386; x_wconf 89' lang='lat' dir='ltr'><strong>sit</strong></span> <span class='ocrx_word' id='word_1_741' title='bbox 2769 3316 2979 3386; x_wconf 85' lang='lat' dir='ltr'><strong>debitor</strong></span> <span class='ocrx_word' id='word_1_742' title='bbox 2998 3344 3119 3399; x_wconf 86' lang='lat' dir='ltr'><strong>erga</strong></span> <span class='ocrx_word' id='word_1_743' title='bbox 3140 3328 3514 3384; x_wconf 72' lang='lat' dir='ltr'><strong>imucmtorcm</strong></span> <span class='ocrx_word' id='word_1_744' title='bbox 3536 3343 3551 3381; x_wconf 89' lang='lat'><strong>:</strong></span> 
     </span>
    </p>
   </div>
   <div class='ocr_carea' id='block_1_96' title="bbox 1954 3418 3552 3503">
    <p class='ocr_par' dir='ltr' id='par_1_96' title="bbox 1954 3418 3552 3503">
     <span class='ocr_line' id='line_1_96' title="bbox 1954 3418 3552 3503; baseline -0.004 -24"><span class='ocrx_word' id='word_1_745' title='bbox 1954 3442 2062 3497; x_wconf 87' lang='lat' dir='ltr'><strong>quo</strong></span> <span class='ocrx_word' id='word_1_746' title='bbox 2091 3436 2247 3497; x_wconf 89' lang='lat' dir='ltr'><strong>pacto</strong></span> <span class='ocrx_word' id='word_1_747' title='bbox 2276 3427 2344 3491; x_wconf 90' lang='lat' dir='ltr'><strong>is,</strong></span> <span class='ocrx_word' id='word_1_748' title='bbox 2375 3425 2737 3496; x_wconf 80' lang='lat' dir='ltr'><strong>quimutuum</strong></span> <span class='ocrx_word' id='word_1_749' title='bbox 2766 3420 3004 3503; x_wconf 86' lang='lat' dir='ltr'><strong>accepit,</strong></span> <span class='ocrx_word' id='word_1_750' title='bbox 3037 3421 3203 3476; x_wconf 91' lang='lat' dir='ltr'><strong>multa</strong></span> <span class='ocrx_word' id='word_1_751' title='bbox 3233 3434 3357 3475; x_wconf 90' lang='lat' dir='ltr'><strong>cum</strong></span> <span class='ocrx_word' id='word_1_752' title='bbox 3385 3418 3552 3490; x_wconf 81' lang='lat' dir='ltr'><strong>gratia</strong></span> 
     </span>
    </p>
   </div>
   <div class='ocr_carea' id='block_1_97' title="bbox 1955 3505 3552 3591">
    <p class='ocr_par' dir='ltr' id='par_1_97' title="bbox 1955 3505 3552 3591">
     <span class='ocr_line' id='line_1_97' title="bbox 1955 3505 3552 3591; baseline -0.006 -18"><span class='ocrx_word' id='word_1_753' title='bbox 1955 3512 2163 3575; x_wconf 85' lang='lat' dir='ltr'><strong>reddat.</strong></span> <span class='ocrx_word' id='word_1_754' title='bbox 2197 3505 2393 3582; x_wconf 73' lang='lat' dir='ltr'><strong>Venite,</strong></span> <span class='ocrx_word' id='word_1_755' title='bbox 2422 3516 2666 3572; x_wconf 84' lang='lat' dir='ltr'><strong>benedicti</strong></span> <span class='ocrx_word' id='word_1_756' title='bbox 2692 3514 2867 3569; x_wconf 89' lang='lat' dir='ltr'><strong>Patris</strong></span> <span class='ocrx_word' id='word_1_757' title='bbox 2886 3514 3019 3583; x_wconf 87' lang='lat' dir='ltr'><strong>mei,</strong></span> <span class='ocrx_word' id='word_1_758' title='bbox 3046 3514 3298 3591; x_wconf 81' lang='lat' dir='ltr'><strong>possidete</strong></span> <span class='ocrx_word' id='word_1_759' title='bbox 3318 3521 3552 3584; x_wconf 83' lang='lat' dir='ltr'><strong>paratum</strong></span> 
     </span>
    </p>
   </div>
   <div class='ocr_carea' id='block_1_98' title="bbox 1955 3605 3553 3682">
    <p class='ocr_par' dir='ltr' id='par_1_98' title="bbox 1955 3605 3553 3682">
     <span class='ocr_line' id='line_1_98' title="bbox 1955 3605 3553 3682; baseline -0.005 -16"><span class='ocrx_word' id='word_1_760' title='bbox 1955 3612 2094 3666; x_wconf 78' lang='lat' dir='ltr'><strong>vobis</strong></span> <span class='ocrx_word' id='word_1_761' title='bbox 2117 3621 2328 3682; x_wconf 81' lang='lat' dir='ltr'><strong>regnum</strong></span> <span class='ocrx_word' id='word_1_762' title='bbox 2357 3627 2390 3663; x_wconf 91' lang='lat' dir='ltr'><strong>a</strong></span> <span class='ocrx_word' id='word_1_763' title='bbox 2417 3610 2778 3665; x_wconf 84' lang='lat' dir='ltr'><strong>constitutione</strong></span> <span class='ocrx_word' id='word_1_764' title='bbox 2807 3608 3003 3662; x_wconf 88' lang='lat' dir='ltr'><strong>mundi.</strong></span> <span class='ocrx_word' id='word_1_765' title='bbox 3030 3606 3243 3676; x_wconf 83' lang='lat' dir='ltr'><strong>Quare?</strong></span> <span class='ocrx_word' id='word_1_766' title='bbox 3276 3605 3409 3672; x_wconf 85' lang='lat' dir='ltr'><strong>Quia</strong></span> <span class='ocrx_word' id='word_1_767' title='bbox 3433 3621 3553 3659; x_wconf 85' lang='lat' dir='ltr'><strong>esu-</strong></span> 
     </span>
    </p>
   </div>
   <div class='ocr_carea' id='block_1_99' title="bbox 1956 3685 3553 3766">
    <p class='ocr_par' dir='ltr' id='par_1_99' title="bbox 1956 3685 3553 3766">
     <span class='ocr_line' id='line_1_99' title="bbox 1956 3685 3553 3766; baseline -0.006 -9"><span class='ocrx_word' id='word_1_768' title='bbox 1956 3692 2070 3766; x_wconf 83' lang='lat' dir='ltr'><strong>rivi,</strong></span> <span class='ocrx_word' id='word_1_769' title='bbox 2102 3702 2150 3757; x_wconf 86' lang='lat' dir='ltr'><strong>et</strong></span> <span class='ocrx_word' id='word_1_770' title='bbox 2178 3702 2387 3757; x_wconf 86' lang='lat' dir='ltr'><strong>dedistis</strong></span> <span class='ocrx_word' id='word_1_771' title='bbox 2410 3685 2535 3756; x_wconf 68' lang='lat' dir='ltr'><strong>mihi</strong></span> <span class='ocrx_word' id='word_1_772' title='bbox 2563 3700 2873 3755; x_wconf 79' lang='lat' dir='ltr'><strong>manducare</strong></span> <span class='ocrx_word' id='word_1_773' title='bbox 2893 3716 2913 3753; x_wconf 83' lang='lat' dir='ltr'><strong>t</strong></span> <span class='ocrx_word' id='word_1_774' title='bbox 2941 3696 3097 3763; x_wconf 73' lang='lat' dir='ltr'><strong>silici,</strong></span> <span class='ocrx_word' id='word_1_775' title='bbox 3129 3707 3175 3752; x_wconf 88' lang='lat' dir='ltr'><strong>et</strong></span> <span class='ocrx_word' id='word_1_776' title='bbox 3196 3696 3406 3752; x_wconf 86' lang='lat' dir='ltr'><strong>dedistis</strong></span> <span class='ocrx_word' id='word_1_777' title='bbox 3428 3696 3553 3749; x_wconf 86' lang='lat' dir='ltr'><strong>mihi</strong></span> 
     </span>
    </p>
   </div>
   <div class='ocr_carea' id='block_1_100' title="bbox 1955 3792 3554 3863">
    <p class='ocr_par' dir='ltr' id='par_1_100' title="bbox 1955 3792 3554 3863">
     <span class='ocr_line' id='line_1_100' title="bbox 1955 3792 3554 3863; baseline -0.004 -13"><span class='ocrx_word' id='word_1_778' title='bbox 1955 3794 2120 3851; x_wconf 86' lang='lat' dir='ltr'><strong>bibere</strong></span> <span class='ocrx_word' id='word_1_779' title='bbox 2153 3811 2172 3850; x_wconf 90' lang='lat'><strong><em>:</em></strong></span> <span class='ocrx_word' id='word_1_780' title='bbox 2201 3796 2369 3850; x_wconf 89' lang='lat' dir='ltr'><strong>nudus</strong></span> <span class='ocrx_word' id='word_1_781' title='bbox 2392 3811 2528 3850; x_wconf 88' lang='lat' dir='ltr'><strong>eram</strong></span> <span class='ocrx_word' id='word_1_782' title='bbox 2548 3837 2563 3861; x_wconf 90' lang='lat'><strong>,</strong></span> <span class='ocrx_word' id='word_1_783' title='bbox 2595 3804 2645 3849; x_wconf 89' lang='lat' dir='ltr'><strong>et</strong></span> <span class='ocrx_word' id='word_1_784' title='bbox 2670 3793 3000 3863; x_wconf 87' lang='lat' dir='ltr'><strong>cooperuistis</strong></span> <span class='ocrx_word' id='word_1_785' title='bbox 3028 3810 3107 3846; x_wconf 84' lang='lat' dir='ltr'><strong>me</strong></span> <span class='ocrx_word' id='word_1_786' title='bbox 3134 3807 3153 3846; x_wconf 91' lang='lat'><strong><em>:</em></strong></span> <span class='ocrx_word' id='word_1_787' title='bbox 3176 3792 3228 3845; x_wconf 90' lang='lat' dir='ltr'><strong>in</strong></span> <span class='ocrx_word' id='word_1_788' title='bbox 3258 3806 3479 3855; x_wconf 88' lang='lat' dir='ltr'><strong>carcere,</strong></span> <span class='ocrx_word' id='word_1_789' title='bbox 3509 3799 3554 3844; x_wconf 86' lang='lat' dir='ltr'><strong>et</strong></span> 
     </span>
    </p>
   </div>
   <div class='ocr_carea' id='block_1_101' title="bbox 1954 3872 3554 3957">
    <p class='ocr_par' dir='ltr' id='par_1_101' title="bbox 1954 3872 3554 3957">
     <span class='ocr_line' id='line_1_101' title="bbox 1954 3872 3554 3957; baseline -0.004 -13"><span class='ocrx_word' id='word_1_790' title='bbox 1954 3876 2156 3944; x_wconf 75' lang='lat' dir='ltr'><strong>venistis</strong></span> <span class='ocrx_word' id='word_1_791' title='bbox 2186 3887 2254 3942; x_wconf 89' lang='lat' dir='ltr'><strong>ad</strong></span> <span class='ocrx_word' id='word_1_792' title='bbox 2278 3905 2356 3942; x_wconf 90' lang='lat' dir='ltr'><strong>me</strong></span> <span class='ocrx_word' id='word_1_793' title='bbox 2383 3905 2401 3943; x_wconf 75' lang='grc' dir='ltr'>ἱ</span> <span class='ocrx_word' id='word_1_794' title='bbox 2426 3872 2664 3957; x_wconf 81' lang='lat' dir='ltr'><strong>inﬁrmus</strong></span> <span class='ocrx_word' id='word_1_795' title='bbox 2690 3903 2851 3950; x_wconf 88' lang='lat' dir='ltr'><strong>eram,</strong></span> <span class='ocrx_word' id='word_1_796' title='bbox 2882 3895 2928 3941; x_wconf 88' lang='lat' dir='ltr'><strong>et</strong></span> <span class='ocrx_word' id='word_1_797' title='bbox 2957 3885 3196 3941; x_wconf 79' lang='lat' dir='ltr'><strong>visitastis</strong></span> <span class='ocrx_word' id='word_1_798' title='bbox 3223 3902 3305 3940; x_wconf 88' lang='lat' dir='ltr'><strong>me</strong></span> <span class='ocrx_word' id='word_1_799' title='bbox 3323 3900 3344 3940; x_wconf 88' lang='grc'><strong>.·</strong></span> <span class='ocrx_word' id='word_1_800' title='bbox 3369 3884 3554 3953; x_wconf 81' lang='lat' dir='ltr'><strong>hospes</strong></span> 
     </span>
    </p>
   </div>
   <div class='ocr_carea' id='block_1_102' title="bbox 1954 3968 3651 4051">
    <p class='ocr_par' dir='ltr' id='par_1_102' title="bbox 1954 3968 3651 4051">
     <span class='ocr_line' id='line_1_102' title="bbox 1954 3968 3651 4051; baseline -0.004 -16"><span class='ocrx_word' id='word_1_801' title='bbox 1954 3988 2091 4035; x_wconf 87' lang='lat' dir='ltr'><strong>eram</strong></span> <span class='ocrx_word' id='word_1_802' title='bbox 2111 4022 2126 4047; x_wconf 96' lang='lat'><strong>,</strong></span> <span class='ocrx_word' id='word_1_803' title='bbox 2176 3991 2222 4035; x_wconf 89' lang='lat' dir='ltr'><strong>et</strong></span> <span class='ocrx_word' id='word_1_804' title='bbox 2248 3968 2519 4051; x_wconf 76' lang='lat' dir='ltr'><strong>coitegistis</strong></span> <span class='ocrx_word' id='word_1_805' title='bbox 2544 3997 2623 4033; x_wconf 88' lang='lat' dir='ltr'><strong>me</strong></span> <span class='ocrx_word' id='word_1_806' title='bbox 2649 3978 2874 4051; x_wconf 75' lang='lat' dir='ltr'><strong>(Matth.</strong></span> <span class='ocrx_word' id='word_1_807' title='bbox 2903 3978 2994 4034; x_wconf 73' lang='grc'><strong>25.</strong></span> <span class='ocrx_word' id='word_1_808' title='bbox 3028 3979 3117 4034; x_wconf 75' lang='grc'><strong>51.</strong></span> <span class='ocrx_word' id='word_1_809' title='bbox 3140 3975 3323 4051; x_wconf 87' lang='lat' dir='ltr'><strong>seqq.).</strong></span> <span class='ocrx_word' id='word_1_810' title='bbox 3352 3977 3555 4033; x_wconf 84' lang='lat' dir='ltr'><strong>Deinde</strong></span> <span class='ocrx_word' id='word_1_811' title='bbox 3640 4024 3651 4029; x_wconf 74' lang='grc'><strong><em>,</em></strong></span> 
     </span>
    </p>
   </div>
   <div class='ocr_carea' id='block_1_103' title="bbox 1955 4069 3551 4143">
    <p class='ocr_par' dir='ltr' id='par_1_103' title="bbox 1955 4069 3551 4143">
     <span class='ocr_line' id='line_1_103' title="bbox 1955 4069 3551 4143; baseline -0.004 -16"><span class='ocrx_word' id='word_1_812' title='bbox 1955 4072 2046 4143; x_wconf 91' lang='lat' dir='ltr'><strong>qui</strong></span> <span class='ocrx_word' id='word_1_813' title='bbox 2078 4073 2403 4141; x_wconf 78' lang='lat' dir='ltr'><strong>in&#39;tempore</strong></span> <span class='ocrx_word' id='word_1_814' title='bbox 2430 4070 2567 4126; x_wconf 88' lang='lat' dir='ltr'><strong>bene</strong></span> <span class='ocrx_word' id='word_1_815' title='bbox 2597 4070 2986 4135; x_wconf 88' lang='lat' dir='ltr'><strong>ministrarunt,</strong></span> <span class='ocrx_word' id='word_1_816' title='bbox 3021 4073 3289 4140; x_wconf 83' lang='lat' dir='ltr'><strong>propriam</strong></span> <span class='ocrx_word' id='word_1_817' title='bbox 3319 4069 3551 4124; x_wconf 88' lang='lat' dir='ltr'><strong>inﬁrmi-</strong></span> 
     </span>
    </p>
   </div>
   <div class='ocr_carea' id='block_1_104' title="bbox 1955 4162 3552 4234">
    <p class='ocr_par' dir='ltr' id='par_1_104' title="bbox 1955 4162 3552 4234">
     <span class='ocr_line' id='line_1_104' title="bbox 1955 4162 3552 4234; baseline -0.002 -15"><span class='ocrx_word' id='word_1_818' title='bbox 1955 4174 2116 4219; x_wconf 83' lang='lat' dir='ltr'><strong>tatem</strong></span> <span class='ocrx_word' id='word_1_819' title='bbox 2144 4162 2498 4233; x_wconf 88' lang='lat' dir='ltr'><strong>respicientes</strong></span> <span class='ocrx_word' id='word_1_820' title='bbox 2517 4202 2533 4227; x_wconf 92' lang='lat'><strong>,</strong></span> <span class='ocrx_word' id='word_1_821' title='bbox 2563 4171 2720 4233; x_wconf 91' lang='lat' dir='ltr'><strong>atque</strong></span> <span class='ocrx_word' id='word_1_822' title='bbox 2745 4164 2895 4233; x_wconf 83' lang='lat' dir='ltr'><strong>ejus,</strong></span> <span class='ocrx_word' id='word_1_823' title='bbox 2921 4164 3008 4234; x_wconf 89' lang='lat' dir='ltr'><strong>qui</strong></span> <span class='ocrx_word' id='word_1_824' title='bbox 3038 4171 3279 4217; x_wconf 90' lang='lat' dir='ltr'><strong>mutuum</strong></span> <span class='ocrx_word' id='word_1_825' title='bbox 3305 4162 3511 4233; x_wconf 88' lang='lat' dir='ltr'><strong>accepit</strong></span> <span class='ocrx_word' id='word_1_826' title='bbox 3535 4203 3552 4225; x_wconf 87' lang='lat'><em>.</em></span> 
     </span>
    </p>
   </div>
   <div class='ocr_carea' id='block_1_105' title="bbox 1953 4252 3553 4326">
    <p class='ocr_par' dir='ltr' id='par_1_105' title="bbox 1953 4252 3553 4326">
     <span class='ocr_line' id='line_1_105' title="bbox 1953 4252 3553 4326; baseline -0.003 -14"><span class='ocrx_word' id='word_1_827' title='bbox 1953 4256 2266 4326; x_wconf 86' lang='lat' dir='ltr'><strong>dignitatem</strong></span> <span class='ocrx_word' id='word_1_828' title='bbox 2288 4295 2303 4322; x_wconf 95' lang='lat'><strong>,</strong></span> <span class='ocrx_word' id='word_1_829' title='bbox 2336 4254 2516 4309; x_wconf 90' lang='lat' dir='ltr'><strong>dicent</strong></span> <span class='ocrx_word' id='word_1_830' title='bbox 2550 4273 2564 4310; x_wconf 89' lang='lat'><strong>:</strong></span> <span class='ocrx_word' id='word_1_831' title='bbox 2594 4252 2845 4318; x_wconf 91' lang='lat' dir='ltr'><strong>Domine,</strong></span> <span class='ocrx_word' id='word_1_832' title='bbox 2885 4254 3089 4322; x_wconf 86' lang='lat' dir='ltr'><strong>quando</strong></span> <span class='ocrx_word' id='word_1_833' title='bbox 3116 4262 3164 4309; x_wconf 82' lang='lat' dir='ltr'><strong>te</strong></span> <span class='ocrx_word' id='word_1_834' title='bbox 3195 4253 3415 4309; x_wconf 82' lang='lat' dir='ltr'><strong>vidimus</strong></span> <span class='ocrx_word' id='word_1_835' title='bbox 3440 4269 3553 4308; x_wconf 87' lang='lat' dir='ltr'><strong>esu-</strong></span> 
     </span>
    </p>
   </div>
   <div class='ocr_carea' id='block_1_106' title="bbox 1954 4346 3555 4419">
    <p class='ocr_par' dir='ltr' id='par_1_106' title="bbox 1954 4346 3555 4419">
     <span class='ocr_line' id='line_1_106' title="bbox 1954 4346 3555 4419; baseline -0.002 -17"><span class='ocrx_word' id='word_1_836' title='bbox 1954 4350 2197 4415; x_wconf 88' lang='lat' dir='ltr'><strong>rientem,</strong></span> <span class='ocrx_word' id='word_1_837' title='bbox 2235 4358 2283 4401; x_wconf 92' lang='lat' dir='ltr'><strong>et</strong></span> <span class='ocrx_word' id='word_1_838' title='bbox 2310 4346 2539 4419; x_wconf 72' lang='lat' dir='ltr'><strong>ponimus</strong></span> <span class='ocrx_word' id='word_1_839' title='bbox 2568 4347 2652 4401; x_wconf 85' lang='lat' dir='ltr'><strong>te?</strong></span> <span class='ocrx_word' id='word_1_840' title='bbox 2690 4355 2779 4400; x_wconf 88' lang='lat' dir='ltr'><strong>aut</strong></span> <span class='ocrx_word' id='word_1_841' title='bbox 2817 4347 3103 4413; x_wconf 83' lang='lat' dir='ltr'><strong>sitientem,</strong></span> <span class='ocrx_word' id='word_1_842' title='bbox 3140 4357 3187 4401; x_wconf 88' lang='lat' dir='ltr'><strong>et</strong></span> <span class='ocrx_word' id='word_1_843' title='bbox 3235 4349 3555 4416; x_wconf 79' lang='lat' dir='ltr'><strong>potavimus?</strong></span> 
     </span>
    </p>
   </div>
   <div class='ocr_carea' id='block_1_107' title="bbox 1955 4438 3550 4509">
    <p class='ocr_par' dir='ltr' id='par_1_107' title="bbox 1955 4438 3550 4509">
     <span class='ocr_line' id='line_1_107' title="bbox 1955 4438 3550 4509; baseline 0 -15"><span class='ocrx_word' id='word_1_844' title='bbox 1955 4439 2007 4494; x_wconf 91' lang='lat' dir='ltr'><strong>in</strong></span> <span class='ocrx_word' id='word_1_845' title='bbox 2045 4453 2205 4509; x_wconf 91' lang='lat' dir='ltr'><strong>quem</strong></span> <span class='ocrx_word' id='word_1_846' title='bbox 2248 4438 2389 4493; x_wconf 90' lang='lat' dir='ltr'><strong>oculi</strong></span> <span class='ocrx_word' id='word_1_847' title='bbox 2416 4439 2653 4494; x_wconf 90' lang='lat' dir='ltr'><strong>omnium</strong></span> <span class='ocrx_word' id='word_1_848' title='bbox 2685 4449 2939 4507; x_wconf 87' lang='lat' dir='ltr'><strong>sperant,</strong></span> <span class='ocrx_word' id='word_1_849' title='bbox 2966 4447 3021 4494; x_wconf 84' lang='lat' dir='ltr'><strong>et</strong></span> <span class='ocrx_word' id='word_1_850' title='bbox 3058 4446 3113 4493; x_wconf 92' lang='lat' dir='ltr'><strong>tu</strong></span> <span class='ocrx_word' id='word_1_851' title='bbox 3144 4438 3240 4494; x_wconf 91' lang='lat' dir='ltr'><strong>das</strong></span> <span class='ocrx_word' id='word_1_852' title='bbox 3276 4454 3455 4494; x_wconf 88' lang='lat' dir='ltr'><strong>escam</strong></span> <span class='ocrx_word' id='word_1_853' title='bbox 3487 4439 3550 4494; x_wconf 87' lang='lat' dir='ltr'><strong>il-</strong></span> 
     </span>
    </p>
   </div>
   <div class='ocr_carea' id='block_1_108' title="bbox 1956 4516 3555 4603">
    <p class='ocr_par' dir='ltr' id='par_1_108' title="bbox 1956 4516 3555 4603">
     <span class='ocr_line' id='line_1_108' title="bbox 1956 4516 3555 4603; baseline 0.001 -19"><span class='ocrx_word' id='word_1_854' title='bbox 1956 4529 2130 4584; x_wconf 88' lang='lat' dir='ltr'><strong>lorum</strong></span> <span class='ocrx_word' id='word_1_855' title='bbox 2175 4529 2229 4584; x_wconf 92' lang='lat' dir='ltr'><strong>in</strong></span> <span class='ocrx_word' id='word_1_856' title='bbox 2273 4516 2597 4583; x_wconf 82' lang='lat' dir='ltr'><strong>abundantia</strong></span> <span class='ocrx_word' id='word_1_857' title='bbox 2629 4528 2801 4600; x_wconf 80' lang='lat' dir='ltr'><strong>(Psal.</strong></span> <span class='ocrx_word' id='word_1_858' title='bbox 2831 4528 2955 4586; x_wconf 70' lang='lat' dir='ltr'><strong>1M.</strong></span> <span class='ocrx_word' id='word_1_859' title='bbox 2981 4529 3108 4603; x_wconf 69' lang='lat'><strong>15)?</strong></span> <span class='ocrx_word' id='word_1_860' title='bbox 3137 4530 3181 4584; x_wconf 92' lang='grc'>0</span> <span class='ocrx_word' id='word_1_861' title='bbox 3202 4532 3424 4585; x_wconf 90' lang='lat' dir='ltr'><strong>multam</strong></span> <span class='ocrx_word' id='word_1_862' title='bbox 3454 4529 3555 4586; x_wconf 89' lang='lat' dir='ltr'><strong>bo-</strong></span> 
     </span>
    </p>
   </div>
   <div class='ocr_carea' id='block_1_109' title="bbox 1954 4621 3553 4692">
    <p class='ocr_par' dir='ltr' id='par_1_109' title="bbox 1954 4621 3553 4692">
     <span class='ocr_line' id='line_1_109' title="bbox 1954 4621 3553 4692; baseline 0.001 -16"><span class='ocrx_word' id='word_1_863' title='bbox 1954 4621 2207 4677; x_wconf 85' lang='lat' dir='ltr'><strong>nitatem!</strong></span> <span class='ocrx_word' id='word_1_864' title='bbox 2240 4621 2471 4676; x_wconf 91' lang='lat' dir='ltr'><strong>occultat</strong></span> <span class='ocrx_word' id='word_1_865' title='bbox 2494 4621 2806 4692; x_wconf 82' lang='lat' dir='ltr'><strong>dignitatem</strong></span> <span class='ocrx_word' id='word_1_866' title='bbox 2830 4621 2902 4677; x_wconf 93' lang='lat' dir='ltr'><strong>ob</strong></span> <span class='ocrx_word' id='word_1_867' title='bbox 2930 4621 3273 4679; x_wconf 89' lang='lat' dir='ltr'><strong>clementiam</strong></span> <span class='ocrx_word' id='word_1_868' title='bbox 3306 4639 3320 4676; x_wconf 93' lang='lat'><strong>:</strong></span> <span class='ocrx_word' id='word_1_869' title='bbox 3350 4621 3553 4679; x_wconf 65' lang='grc' dir='ltr'><strong>Επινίιὴ</strong></span> 
     </span>
    </p>
   </div>
   <div class='ocr_carea' id='block_1_110' title="bbox 1953 4704 3551 4786">
    <p class='ocr_par' dir='ltr' id='par_1_110' title="bbox 1953 4704 3551 4786">
     <span class='ocr_line' id='line_1_110' title="bbox 1953 4704 3551 4786; baseline 0.003 -16"><span class='ocrx_word' id='word_1_870' title='bbox 1953 4716 2108 4782; x_wconf 88' lang='lat' dir='ltr'><strong>enim,</strong></span> <span class='ocrx_word' id='word_1_871' title='bbox 2127 4724 2172 4770; x_wconf 90' lang='lat' dir='ltr'><strong>et</strong></span> <span class='ocrx_word' id='word_1_872' title='bbox 2194 4704 2403 4769; x_wconf 79' lang='lat' dir='ltr'><strong>dedistis</strong></span> <span class='ocrx_word' id='word_1_873' title='bbox 2424 4715 2548 4768; x_wconf 89' lang='lat' dir='ltr'><strong>mihi</strong></span> <span class='ocrx_word' id='word_1_874' title='bbox 2566 4716 2891 4770; x_wconf 82' lang='lat' dir='ltr'><strong>manducare.</strong></span> <span class='ocrx_word' id='word_1_875' title='bbox 2912 4715 2958 4771; x_wconf 93' lang='grc' dir='ltr'>Ο</span> <span class='ocrx_word' id='word_1_876' title='bbox 2978 4716 3199 4772; x_wconf 89' lang='lat' dir='ltr'><strong>multam</strong></span> <span class='ocrx_word' id='word_1_877' title='bbox 3221 4715 3551 4786; x_wconf 81' lang='lat' dir='ltr'><strong>bonitatem!</strong></span> 
     </span>
    </p>
   </div>
   <div class='ocr_carea' id='block_1_111' title="bbox 1953 4806 3551 4878">
    <p class='ocr_par' dir='ltr' id='par_1_111' title="bbox 1953 4806 3551 4878">
     <span class='ocr_line' id='line_1_111' title="bbox 1953 4806 3551 4878; baseline 0.001 -16"><span class='ocrx_word' id='word_1_878' title='bbox 1953 4823 1987 4863; x_wconf 91' lang='grc' dir='ltr'><strong>ο</strong></span> <span class='ocrx_word' id='word_1_879' title='bbox 2006 4808 2321 4863; x_wconf 86' lang='lat' dir='ltr'><strong>immensam</strong></span> <span class='ocrx_word' id='word_1_880' title='bbox 2342 4806 2753 4877; x_wconf 85' lang='lat' dir='ltr'><strong>benignitatem!</strong></span> <span class='ocrx_word' id='word_1_881' title='bbox 2777 4806 2867 4878; x_wconf 92' lang='lat' dir='ltr'><strong>qui</strong></span> <span class='ocrx_word' id='word_1_882' title='bbox 2889 4807 2981 4864; x_wconf 83' lang='lat' dir='ltr'><strong>dat</strong></span> <span class='ocrx_word' id='word_1_883' title='bbox 3002 4822 3180 4863; x_wconf 85' lang='lat' dir='ltr'><strong>escam</strong></span> <span class='ocrx_word' id='word_1_884' title='bbox 3205 4808 3351 4863; x_wconf 91' lang='lat' dir='ltr'><strong>omni</strong></span> <span class='ocrx_word' id='word_1_885' title='bbox 3381 4809 3551 4875; x_wconf 87' lang='lat' dir='ltr'><strong>carni,</strong></span> 
     </span>
    </p>
   </div>
   <div class='ocr_carea' id='block_1_112' title="bbox 1954 4882 3553 4972">
    <p class='ocr_par' dir='ltr' id='par_1_112' title="bbox 1954 4882 3553 4972">
     <span class='ocr_line' id='line_1_112' title="bbox 1954 4882 3553 4972; baseline -0.001 -16"><span class='ocrx_word' id='word_1_886' title='bbox 1954 4903 2043 4972; x_wconf 94' lang='lat' dir='ltr'><strong>qui</strong></span> <span class='ocrx_word' id='word_1_887' title='bbox 2082 4903 2257 4970; x_wconf 91' lang='lat' dir='ltr'><strong>aperit</strong></span> <span class='ocrx_word' id='word_1_888' title='bbox 2300 4915 2521 4964; x_wconf 88' lang='lat' dir='ltr'><strong>manus,</strong></span> <span class='ocrx_word' id='word_1_889' title='bbox 2572 4910 2623 4954; x_wconf 88' lang='lat' dir='ltr'><strong>et</strong></span> <span class='ocrx_word' id='word_1_890' title='bbox 2670 4899 2856 4969; x_wconf 84' lang='lat' dir='ltr'><strong>implet</strong></span> <span class='ocrx_word' id='word_1_891' title='bbox 2891 4914 3051 4955; x_wconf 87' lang='lat' dir='ltr'><strong>omne</strong></span> <span class='ocrx_word' id='word_1_892' title='bbox 3089 4901 3284 4956; x_wconf 88' lang='lat' dir='ltr'><strong>animal</strong></span> <span class='ocrx_word' id='word_1_893' title='bbox 3330 4882 3553 4957; x_wconf 82' lang='lat' dir='ltr'><strong>benedi-</strong></span> 
     </span>
    </p>
   </div>
   <div class='ocr_carea' id='block_1_113' title="bbox 1953 4978 3555 5064">
    <p class='ocr_par' dir='ltr' id='par_1_113' title="bbox 1953 4978 3555 5064">
     <span class='ocr_line' id='line_1_113' title="bbox 1953 4978 3555 5064; baseline -0.001 -15"><span class='ocrx_word' id='word_1_894' title='bbox 1953 4994 2132 5049; x_wconf 88' lang='lat' dir='ltr'><strong>ctione</strong></span> <span class='ocrx_word' id='word_1_895' title='bbox 2162 4978 2626 5064; x_wconf 69' lang='grc' dir='ltr'><strong>(Ρεαὶ.144.16),</strong></span> <span class='ocrx_word' id='word_1_896' title='bbox 2655 4991 2875 5057; x_wconf 80' lang='lat' dir='ltr'><strong>Esurivi,</strong></span> <span class='ocrx_word' id='word_1_897' title='bbox 2905 4993 3094 5062; x_wconf 88' lang='lat' dir='ltr'><strong>inquit,</strong></span> <span class='ocrx_word' id='word_1_898' title='bbox 3123 5002 3171 5046; x_wconf 86' lang='lat' dir='ltr'><strong>et</strong></span> <span class='ocrx_word' id='word_1_899' title='bbox 3199 4991 3411 5047; x_wconf 84' lang='lat' dir='ltr'><strong>dedistis</strong></span> <span class='ocrx_word' id='word_1_900' title='bbox 3429 4993 3555 5048; x_wconf 79' lang='lat' dir='ltr'><strong>mihi</strong></span> 
     </span>
    </p>
   </div>
   <div class='ocr_carea' id='block_1_114' title="bbox 1956 5083 3669 5155">
    <p class='ocr_par' dir='ltr' id='par_1_114' title="bbox 1956 5083 3669 5155">
     <span class='ocr_line' id='line_1_114' title="bbox 1956 5083 3669 5155; baseline 0.002 -18"><span class='ocrx_word' id='word_1_901' title='bbox 1956 5085 2295 5149; x_wconf 86' lang='lat' dir='ltr'><strong>manducare,</strong></span> <span class='ocrx_word' id='word_1_902' title='bbox 2343 5098 2451 5137; x_wconf 88' lang='lat' dir='ltr'><strong>non</strong></span> <span class='ocrx_word' id='word_1_903' title='bbox 2495 5085 2773 5139; x_wconf 85' lang='lat' dir='ltr'><strong>imminuta</strong></span> <span class='ocrx_word' id='word_1_904' title='bbox 2814 5083 3104 5153; x_wconf 86' lang='lat' dir='ltr'><strong>dignitate,</strong></span> <span class='ocrx_word' id='word_1_905' title='bbox 3149 5083 3243 5139; x_wconf 87' lang='lat' dir='ltr'><strong>sed</strong></span> <span class='ocrx_word' id='word_1_906' title='bbox 3282 5084 3400 5155; x_wconf 78' lang='lat' dir='ltr'><strong>ejus</strong></span> <span class='ocrx_word' id='word_1_907' title='bbox 3436 5085 3551 5141; x_wconf 66' lang='lat' dir='ltr'><strong>clcv</strong></span> <span class='ocrx_word' id='word_1_908' title='bbox 3654 5108 3669 5121; x_wconf 87' lang='lat'><strong>-</strong></span> 
     </span>
    </p>
   </div>
   <div class='ocr_carea' id='block_1_115' title="bbox 1955 5174 3555 5248">
    <p class='ocr_par' dir='ltr' id='par_1_115' title="bbox 1955 5174 3555 5248">
     <span class='ocr_line' id='line_1_115' title="bbox 1955 5174 3555 5248; baseline -0.002 -15"><span class='ocrx_word' id='word_1_909' title='bbox 1955 5178 2151 5233; x_wconf 74' lang='lat' dir='ltr'><strong>mentio</strong></span> <span class='ocrx_word' id='word_1_910' title='bbox 2188 5192 2284 5248; x_wconf 89' lang='lat' dir='ltr'><strong>pro</strong></span> <span class='ocrx_word' id='word_1_911' title='bbox 2328 5176 2652 5247; x_wconf 88' lang='lat' dir='ltr'><strong>pauperibus</strong></span> <span class='ocrx_word' id='word_1_912' title='bbox 2673 5174 3023 5243; x_wconf 80' lang='lat' dir='ltr'><strong>ﬁdejubente.</strong></span> <span class='ocrx_word' id='word_1_913' title='bbox 3064 5176 3236 5239; x_wconf 80' lang='lat' dir='ltr'><strong>Sitiui,</strong></span> <span class='ocrx_word' id='word_1_914' title='bbox 3267 5186 3315 5229; x_wconf 85' lang='lat' dir='ltr'><strong>et</strong></span> <span class='ocrx_word' id='word_1_915' title='bbox 3342 5177 3555 5245; x_wconf 83' lang='lat' dir='ltr'><strong>potastis</strong></span> 
     </span>
    </p>
   </div>
   <div class='ocr_carea' id='block_1_116' title="bbox 1956 5266 3548 5335">
    <p class='ocr_par' dir='ltr' id='par_1_116' title="bbox 1956 5266 3548 5335">
     <span class='ocr_line' id='line_1_116' title="bbox 1956 5266 3548 5335; baseline 0.001 -14"><span class='ocrx_word' id='word_1_916' title='bbox 1956 5285 2054 5322; x_wconf 87' lang='lat' dir='ltr'><strong>me.</strong></span> <span class='ocrx_word' id='word_1_917' title='bbox 2094 5268 2351 5335; x_wconf 84' lang='lat' dir='ltr'><strong>Quisnam</strong></span> <span class='ocrx_word' id='word_1_918' title='bbox 2402 5267 2517 5321; x_wconf 65' lang='lat' dir='ltr'><strong>haec</strong></span> <span class='ocrx_word' id='word_1_919' title='bbox 2560 5266 2727 5321; x_wconf 82' lang='lat' dir='ltr'><strong>dicit?</strong></span> <span class='ocrx_word' id='word_1_920' title='bbox 2766 5266 2868 5333; x_wconf 84' lang='lat' dir='ltr'><strong>Qui</strong></span> <span class='ocrx_word' id='word_1_921' title='bbox 2914 5267 3169 5334; x_wconf 84' lang='lat' dir='ltr'><strong>lacubus,</strong></span> <span class='ocrx_word' id='word_1_922' title='bbox 3208 5266 3548 5330; x_wconf 81' lang='lat' dir='ltr'><strong>ﬂuminibus,</strong></span> 
     </span>
    </p>
   </div>
   <div class='ocr_carea' id='block_1_117' title="bbox 1958 5358 3554 5430">
    <p class='ocr_par' dir='ltr' id='par_1_117' title="bbox 1958 5358 3554 5430">
     <span class='ocr_line' id='line_1_117' title="bbox 1958 5358 3554 5430; baseline 0 -17"><span class='ocrx_word' id='word_1_923' title='bbox 1958 5360 2193 5416; x_wconf 79' lang='lat' dir='ltr'><strong>fontibus</strong></span> <span class='ocrx_word' id='word_1_924' title='bbox 2223 5374 2376 5428; x_wconf 76' lang='lat' dir='ltr'><strong>aquae</strong></span> <span class='ocrx_word' id='word_1_925' title='bbox 2416 5367 2661 5427; x_wconf 76' lang='lat' dir='ltr'><strong>naturam</strong></span> <span class='ocrx_word' id='word_1_926' title='bbox 2692 5358 2955 5423; x_wconf 84' lang='lat' dir='ltr'><strong>infundit,</strong></span> <span class='ocrx_word' id='word_1_927' title='bbox 3005 5360 3093 5427; x_wconf 92' lang='lat' dir='ltr'><strong>qui</strong></span> <span class='ocrx_word' id='word_1_928' title='bbox 3138 5374 3232 5429; x_wconf 88' lang='lat' dir='ltr'><strong>per</strong></span> <span class='ocrx_word' id='word_1_929' title='bbox 3268 5359 3554 5430; x_wconf 84' lang='lat' dir='ltr'><strong>Evangelia</strong></span> 
     </span>
    </p>
   </div>
   <div class='ocr_carea' id='block_1_118' title="bbox 1956 5445 3552 5520">
    <p class='ocr_par' dir='ltr' id='par_1_118' title="bbox 1956 5445 3552 5520">
     <span class='ocr_line' id='line_1_118' title="bbox 1956 5445 3552 5520; baseline -0.001 -15"><span class='ocrx_word' id='word_1_930' title='bbox 1956 5450 2083 5505; x_wconf 80' lang='lat' dir='ltr'><strong>dicit</strong></span> <span class='ocrx_word' id='word_1_931' title='bbox 2110 5469 2123 5504; x_wconf 88' lang='lat'>:</span> <span class='ocrx_word' id='word_1_932' title='bbox 2156 5445 2255 5517; x_wconf 81' lang='lat' dir='ltr'><strong>Qui</strong></span> <span class='ocrx_word' id='word_1_933' title='bbox 2277 5449 2435 5503; x_wconf 89' lang='lat' dir='ltr'><strong>credit</strong></span> <span class='ocrx_word' id='word_1_934' title='bbox 2474 5450 2527 5502; x_wconf 88' lang='lat' dir='ltr'><strong>in</strong></span> <span class='ocrx_word' id='word_1_935' title='bbox 2552 5465 2651 5514; x_wconf 89' lang='lat' dir='ltr'><strong>me,</strong></span> <span class='ocrx_word' id='word_1_936' title='bbox 2684 5449 2813 5501; x_wconf 87' lang='lat' dir='ltr'><strong>sicut</strong></span> <span class='ocrx_word' id='word_1_937' title='bbox 2840 5448 2961 5503; x_wconf 85' lang='lat' dir='ltr'><strong>dicit</strong></span> <span class='ocrx_word' id='word_1_938' title='bbox 3001 5448 3299 5517; x_wconf 84' lang='lat' dir='ltr'><strong>Scriptura,</strong></span> <span class='ocrx_word' id='word_1_939' title='bbox 3332 5448 3552 5520; x_wconf 79' lang='lat' dir='ltr'><strong>ﬂumina</strong></span> 
     </span>
    </p>
   </div>
   <div class='ocr_carea' id='block_1_119' title="bbox 1955 5532 3553 5611">
    <p class='ocr_par' dir='ltr' id='par_1_119' title="bbox 1955 5532 3553 5611">
     <span class='ocr_line' id='line_1_119' title="bbox 1955 5532 3553 5611; baseline -0.002 -15"><span class='ocrx_word' id='word_1_940' title='bbox 1955 5540 2017 5596; x_wconf 88' lang='lat' dir='ltr'><strong>de</strong></span> <span class='ocrx_word' id='word_1_941' title='bbox 2042 5552 2209 5596; x_wconf 83' lang='lat' dir='ltr'><strong>ventre</strong></span> <span class='ocrx_word' id='word_1_942' title='bbox 2234 5543 2344 5611; x_wconf 85' lang='lat' dir='ltr'><strong>ejus</strong></span> <span class='ocrx_word' id='word_1_943' title='bbox 2369 5532 2527 5610; x_wconf 78' lang='lat' dir='ltr'><strong>ﬂuent</strong></span> <span class='ocrx_word' id='word_1_944' title='bbox 2544 5555 2689 5610; x_wconf 68' lang='lat' dir='ltr'><strong>aqum</strong></span> <span class='ocrx_word' id='word_1_945' title='bbox 2710 5542 2831 5593; x_wconf 73' lang='lat' dir='ltr'><strong>victe</strong></span> <span class='ocrx_word' id='word_1_946' title='bbox 2849 5538 3027 5611; x_wconf 79' lang='lat' dir='ltr'><strong>(Joan.</strong></span> <span class='ocrx_word' id='word_1_947' title='bbox 3055 5540 3105 5593; x_wconf 88' lang='lat'><strong>7.</strong></span> <span class='ocrx_word' id='word_1_948' title='bbox 3132 5539 3259 5605; x_wconf 79' lang='lat'><strong>58):</strong></span> <span class='ocrx_word' id='word_1_949' title='bbox 3286 5541 3375 5609; x_wconf 87' lang='lat' dir='ltr'><strong>qui</strong></span> <span class='ocrx_word' id='word_1_950' title='bbox 3396 5541 3553 5608; x_wconf 77' lang='lat' dir='ltr'><strong>dixit,</strong></span> 
     </span>
    </p>
   </div>
   <div class='ocr_carea' id='block_1_120' title="bbox 1956 5628 3552 5702">
    <p class='ocr_par' dir='ltr' id='par_1_120' title="bbox 1956 5628 3552 5702">
     <span class='ocr_line' id='line_1_120' title="bbox 1956 5628 3552 5702; baseline -0.001 -15"><span class='ocrx_word' id='word_1_951' title='bbox 1956 5633 2017 5688; x_wconf 85' lang='lat' dir='ltr'><strong>Si</strong></span> <span class='ocrx_word' id='word_1_952' title='bbox 2038 5633 2147 5702; x_wconf 82' lang='lat' dir='ltr'><strong>quis</strong></span> <span class='ocrx_word' id='word_1_953' title='bbox 2178 5632 2319 5697; x_wconf 87' lang='lat' dir='ltr'><strong>sitit,</strong></span> <span class='ocrx_word' id='word_1_954' title='bbox 2350 5632 2514 5685; x_wconf 70' lang='lat' dir='ltr'><strong>ueniat</strong></span> <span class='ocrx_word' id='word_1_955' title='bbox 2540 5633 2607 5683; x_wconf 86' lang='lat' dir='ltr'><strong>ad</strong></span> <span class='ocrx_word' id='word_1_956' title='bbox 2644 5648 2756 5696; x_wconf 88' lang='lat' dir='ltr'><strong>me,</strong></span> <span class='ocrx_word' id='word_1_957' title='bbox 2790 5641 2835 5684; x_wconf 89' lang='lat' dir='ltr'><strong>et</strong></span> <span class='ocrx_word' id='word_1_958' title='bbox 2866 5632 2999 5684; x_wconf 82' lang='lat' dir='ltr'><strong>bibat</strong></span> <span class='ocrx_word' id='word_1_959' title='bbox 3027 5628 3190 5701; x_wconf 78' lang='lat' dir='ltr'><strong>(Ibid.</strong></span> <span class='ocrx_word' id='word_1_960' title='bbox 3220 5651 3245 5685; x_wconf 84' lang='grc' dir='ltr'><strong><em>υ</em></strong></span> <span class='ocrx_word' id='word_1_961' title='bbox 3299 5632 3415 5701; x_wconf 75' lang='grc'><strong>57).</strong></span> <span class='ocrx_word' id='word_1_962' title='bbox 3441 5630 3552 5685; x_wconf 85' lang='lat' dir='ltr'><strong>Sed</strong></span> 
     </span>
    </p>
   </div>
   <div class='ocr_carea' id='block_1_121' title="bbox 1957 5762 3552 5889">
    <p class='ocr_par' dir='ltr' id='par_1_121' title="bbox 1957 5762 3552 5889">
     <span class='ocr_line' id='line_1_121' title="bbox 1957 5762 3552 5889; baseline 0 -72"><span class='ocrx_word' id='word_1_963' title='bbox 1957 5765 2284 5889; x_wconf 46' lang='lat' dir='ltr'><strong>{egerta&#39;aviL</strong></span> <span class='ocrx_word' id='word_1_964' title='bbox 2310 5775 2361 5818; x_wconf 85' lang='lat' dir='ltr'><strong>et</strong></span> <span class='ocrx_word' id='word_1_965' title='bbox 2384 5780 2480 5819; x_wconf 88' lang='lat' dir='ltr'><strong>uno</strong></span> <span class='ocrx_word' id='word_1_966' title='bbox 2514 5774 2651 5831; x_wconf 76' lang='lat' dir='ltr'><strong>tteg.,</strong></span> <span class='ocrx_word' id='word_1_967' title='bbox 2677 5766 2805 5832; x_wconf 87' lang='lat' dir='ltr'><strong>quod</strong></span> <span class='ocrx_word' id='word_1_968' title='bbox 2845 5765 2889 5819; x_wconf 83' lang='lat' dir='ltr'><strong>si</strong></span> <span class='ocrx_word' id='word_1_969' title='bbox 2910 5764 3089 5816; x_wconf 80' lang='lat' dir='ltr'><strong>malam</strong></span> <span class='ocrx_word' id='word_1_970' title='bbox 3133 5764 3284 5828; x_wconf 82' lang='lat' dir='ltr'><strong>ﬁdem</strong></span> <span class='ocrx_word' id='word_1_971' title='bbox 3303 5762 3552 5817; x_wconf 69' lang='lat' dir='ltr'><strong>abundare</strong></span> 
     </span>
    </p>
   </div>
   <div class='ocr_carea' id='block_1_122' title="bbox 3113 5898 3187 5957">
    <p class='ocr_par' dir='ltr' id='par_1_122' title="bbox 3113 5898 3187 5957">
     <span class='ocr_line' id='line_1_122' title="bbox 3113 5898 3187 5957; baseline 0 0"><span class='ocrx_word' id='word_1_972' title='bbox 3113 5898 3187 5957; x_wconf 67' lang='grc' dir='ltr'><strong>ΞΜ</strong></span> 
     </span>
    </p>
   </div>
  </div>
