  <div class='ocr_page' id='page_1' title='image "/cluster/home/n/w/nwhite01/storage/ocr_20150623/49/pst.000005712465/331.png"; bbox 0 0 4164 6324; ppageno 0'>
   <div class='ocr_carea' id='block_1_1' title="bbox 644 392 749 449">
    <p class='ocr_par' dir='ltr' id='par_1_1' title="bbox 644 392 749 449">
     <span class='ocr_line' id='line_1_1' title="bbox 644 392 749 449; baseline 0 0"><span class='ocrx_word' id='word_1_1' title='bbox 644 392 749 449; x_wconf 71' lang='grc'><strong>835</strong></span> 
     </span>
    </p>
   </div>
   <div class='ocr_carea' id='block_1_2' title="bbox 646 505 2226 578">
    <p class='ocr_par' dir='ltr' id='par_1_2' title="bbox 646 505 2226 578">
     <span class='ocr_line' id='line_1_2' title="bbox 646 505 2226 578; baseline -0.001 -16"><span class='ocrx_word' id='word_1_2' title='bbox 646 507 812 562; x_wconf 79' lang='lat' dir='ltr'><strong>nudus</strong></span> <span class='ocrx_word' id='word_1_3' title='bbox 835 523 1007 574; x_wconf 75' lang='lat' dir='ltr'><strong>erant,</strong></span> <span class='ocrx_word' id='word_1_4' title='bbox 1028 507 1235 578; x_wconf 89' lang='lat' dir='ltr'><strong>inquit,</strong></span> <span class='ocrx_word' id='word_1_5' title='bbox 1266 516 1314 562; x_wconf 82' lang='lat' dir='ltr'><strong>et</strong></span> <span class='ocrx_word' id='word_1_6' title='bbox 1342 507 1671 578; x_wconf 77' lang='lat' dir='ltr'><strong>cooperuistis</strong></span> <span class='ocrx_word' id='word_1_7' title='bbox 1699 522 1795 561; x_wconf 84' lang='lat' dir='ltr'><strong>me.</strong></span> <span class='ocrx_word' id='word_1_8' title='bbox 1839 505 2226 576; x_wconf 87' lang='lat' dir='ltr'><strong>Cooperuimus</strong></span> 
     </span>
    </p>
   </div>
   <div class='ocr_carea' id='block_1_3' title="bbox 646 592 2227 670">
    <p class='ocr_par' dir='ltr' id='par_1_3' title="bbox 646 592 2227 670">
     <span class='ocr_line' id='line_1_3' title="bbox 646 592 2227 670; baseline -0.003 -16"><span class='ocrx_word' id='word_1_9' title='bbox 646 614 769 655; x_wconf 91' lang='lat' dir='ltr'><strong>eum</strong></span> <span class='ocrx_word' id='word_1_10' title='bbox 790 642 804 665; x_wconf 91' lang='lat'><strong>,</strong></span> <span class='ocrx_word' id='word_1_11' title='bbox 830 599 920 669; x_wconf 92' lang='lat' dir='ltr'><strong>qui</strong></span> <span class='ocrx_word' id='word_1_12' title='bbox 943 600 1118 670; x_wconf 90' lang='lat' dir='ltr'><strong>operit</strong></span> <span class='ocrx_word' id='word_1_13' title='bbox 1150 592 1337 654; x_wconf 71' lang='lat' dir='ltr'><strong>cielum</strong></span> <span class='ocrx_word' id='word_1_14' title='bbox 1368 599 1629 665; x_wconf 86' lang='lat' dir='ltr'><strong>nubibus,</strong></span> <span class='ocrx_word' id='word_1_15' title='bbox 1668 598 1761 669; x_wconf 87' lang='lat' dir='ltr'><strong>qui</strong></span> <span class='ocrx_word' id='word_1_16' title='bbox 1792 598 2089 652; x_wconf 79' lang='lat' dir='ltr'><strong>universam</strong></span> <span class='ocrx_word' id='word_1_17' title='bbox 2118 596 2227 650; x_wconf 83' lang='lat' dir='ltr'><strong>Ec-</strong></span> 
     </span>
    </p>
   </div>
   <div class='ocr_carea' id='block_1_4' title="bbox 647 688 2230 763">
    <p class='ocr_par' dir='ltr' id='par_1_4' title="bbox 647 688 2230 763">
     <span class='ocr_line' id='line_1_4' title="bbox 647 688 2230 763; baseline -0.003 -17"><span class='ocrx_word' id='word_1_18' title='bbox 647 691 863 747; x_wconf 90' lang='lat' dir='ltr'><strong>clesiam</strong></span> <span class='ocrx_word' id='word_1_19' title='bbox 885 735 900 758; x_wconf 94' lang='lat'><strong>,</strong></span> <span class='ocrx_word' id='word_1_20' title='bbox 936 700 991 747; x_wconf 91' lang='lat' dir='ltr'><strong>et</strong></span> <span class='ocrx_word' id='word_1_21' title='bbox 1013 691 1219 747; x_wconf 90' lang='lat' dir='ltr'><strong>orbem.</strong></span> <span class='ocrx_word' id='word_1_22' title='bbox 1247 690 1501 763; x_wconf 75' lang='lat' dir='ltr'><strong>Quotquot</strong></span> <span class='ocrx_word' id='word_1_23' title='bbox 1525 690 1659 746; x_wconf 78' lang='lat' dir='ltr'><strong>enim</strong></span> <span class='ocrx_word' id='word_1_24' title='bbox 1685 692 1737 745; x_wconf 84' lang='lat' dir='ltr'><strong>in</strong></span> <span class='ocrx_word' id='word_1_25' title='bbox 1762 688 1960 746; x_wconf 79' lang='lat' dir='ltr'><strong>Christo</strong></span> <span class='ocrx_word' id='word_1_26' title='bbox 1986 688 2230 759; x_wconf 73' lang='lat' dir='ltr'><strong>baptismi</strong></span> 
     </span>
    </p>
   </div>
   <div class='ocr_carea' id='block_1_5' title="bbox 651 779 2228 854">
    <p class='ocr_par' dir='ltr' id='par_1_5' title="bbox 651 779 2228 854">
     <span class='ocr_line' id='line_1_5' title="bbox 651 779 2228 854; baseline -0.002 -18"><span class='ocrx_word' id='word_1_27' title='bbox 651 782 787 848; x_wconf 83' lang='lat' dir='ltr'><strong>estis,</strong></span> <span class='ocrx_word' id='word_1_28' title='bbox 816 779 1074 837; x_wconf 84' lang='lat' dir='ltr'><strong>Christum</strong></span> <span class='ocrx_word' id='word_1_29' title='bbox 1100 782 1338 836; x_wconf 80' lang='lat' dir='ltr'><strong>iaduistis</strong></span> <span class='ocrx_word' id='word_1_30' title='bbox 1363 780 1505 854; x_wconf 82' lang='lat' dir='ltr'><strong>(Gal.</strong></span> <span class='ocrx_word' id='word_1_31' title='bbox 1533 781 1588 837; x_wconf 78' lang='lat'><strong>3.</strong></span> <span class='ocrx_word' id='word_1_32' title='bbox 1617 780 1734 854; x_wconf 73' lang='grc'><strong>27).</strong></span> <span class='ocrx_word' id='word_1_33' title='bbox 1760 780 1821 834; x_wconf 82' lang='lat' dir='ltr'><strong>lu</strong></span> <span class='ocrx_word' id='word_1_34' title='bbox 1839 795 2039 834; x_wconf 84' lang='lat' dir='ltr'><strong>carcere</strong></span> <span class='ocrx_word' id='word_1_35' title='bbox 2066 795 2228 833; x_wconf 84' lang='lat' dir='ltr'><strong>eram.</strong></span> 
     </span>
    </p>
   </div>
   <div class='ocr_carea' id='block_1_6' title="bbox 650 868 2233 942">
    <p class='ocr_par' dir='ltr' id='par_1_6' title="bbox 650 868 2233 942">
     <span class='ocr_line' id='line_1_6' title="bbox 650 868 2233 942; baseline -0.003 -17"><span class='ocrx_word' id='word_1_36' title='bbox 650 870 704 925; x_wconf 91' lang='lat' dir='ltr'><strong>lu</strong></span> <span class='ocrx_word' id='word_1_37' title='bbox 739 884 957 927; x_wconf 79' lang='lat' dir='ltr'><strong>carcere</strong></span> <span class='ocrx_word' id='word_1_38' title='bbox 986 879 1073 936; x_wconf 91' lang='lat' dir='ltr'><strong>tu,</strong></span> <span class='ocrx_word' id='word_1_39' title='bbox 1104 872 1193 942; x_wconf 86' lang='lat' dir='ltr'><strong>qui</strong></span> <span class='ocrx_word' id='word_1_40' title='bbox 1234 870 1415 928; x_wconf 90' lang='lat' dir='ltr'><strong>educis</strong></span> <span class='ocrx_word' id='word_1_41' title='bbox 1452 871 1695 927; x_wconf 74' lang='lat' dir='ltr'><strong>vinctos?</strong></span> <span class='ocrx_word' id='word_1_42' title='bbox 1722 868 2078 940; x_wconf 85' lang='lat' dir='ltr'><strong>Interpretare</strong></span> <span class='ocrx_word' id='word_1_43' title='bbox 2112 884 2233 938; x_wconf 76' lang='lat' dir='ltr'><strong>quae.</strong></span> 
     </span>
    </p>
   </div>
   <div class='ocr_carea' id='block_1_7' title="bbox 651 958 2233 1033">
    <p class='ocr_par' dir='ltr' id='par_1_7' title="bbox 651 958 2233 1033">
     <span class='ocr_line' id='line_1_7' title="bbox 651 958 2233 1033; baseline -0.001 -17"><span class='ocrx_word' id='word_1_44' title='bbox 651 964 924 1033; x_wconf 89' lang='lat' dir='ltr'><strong>loqueris:</strong></span> <span class='ocrx_word' id='word_1_45' title='bbox 952 978 1076 1017; x_wconf 91' lang='lat' dir='ltr'><strong>nam</strong></span> <span class='ocrx_word' id='word_1_46' title='bbox 1096 962 1328 1033; x_wconf 75' lang='lat' dir='ltr'><strong>dignitas</strong></span> <span class='ocrx_word' id='word_1_47' title='bbox 1356 961 1517 1019; x_wconf 83' lang='lat' dir='ltr'><strong>tidem</strong></span> <span class='ocrx_word' id='word_1_48' title='bbox 1549 962 1772 1033; x_wconf 77' lang='lat' dir='ltr'><strong>derogat</strong></span> <span class='ocrx_word' id='word_1_49' title='bbox 1797 960 1974 1015; x_wconf 87' lang='lat' dir='ltr'><strong>dictis.</strong></span> <span class='ocrx_word' id='word_1_50' title='bbox 2008 958 2233 1027; x_wconf 85' lang='lat' dir='ltr'><strong>Quando</strong></span> 
     </span>
    </p>
   </div>
   <div class='ocr_carea' id='block_1_8' title="bbox 654 1049 2235 1124">
    <p class='ocr_par' dir='ltr' id='par_1_8' title="bbox 654 1049 2235 1124">
     <span class='ocr_line' id='line_1_8' title="bbox 654 1049 2235 1124; baseline -0.003 -15"><span class='ocrx_word' id='word_1_51' title='bbox 654 1063 705 1110; x_wconf 91' lang='lat' dir='ltr'><strong>te</strong></span> <span class='ocrx_word' id='word_1_52' title='bbox 730 1056 783 1109; x_wconf 91' lang='lat' dir='ltr'><strong>in</strong></span> <span class='ocrx_word' id='word_1_53' title='bbox 813 1064 954 1109; x_wconf 89' lang='lat' dir='ltr'><strong>tanta</strong></span> <span class='ocrx_word' id='word_1_54' title='bbox 991 1054 1167 1124; x_wconf 86' lang='lat' dir='ltr'><strong>inopia</strong></span> <span class='ocrx_word' id='word_1_55' title='bbox 1198 1052 1464 1109; x_wconf 74' lang='lat' dir='ltr'><strong>vidimus?</strong></span> <span class='ocrx_word' id='word_1_56' title='bbox 1486 1053 1699 1124; x_wconf 83' lang='lat' dir='ltr'><strong>quando</strong></span> <span class='ocrx_word' id='word_1_57' title='bbox 1738 1053 1851 1107; x_wconf 70' lang='lat' dir='ltr'><strong>haec</strong></span> <span class='ocrx_word' id='word_1_58' title='bbox 1879 1051 2137 1107; x_wconf 76' lang='lat' dir='ltr'><strong>fecimus?</strong></span> <span class='ocrx_word' id='word_1_59' title='bbox 2170 1049 2235 1105; x_wconf 88' lang='grc' dir='ltr'><strong>1η</strong></span> 
     </span>
    </p>
   </div>
   <div class='ocr_carea' id='block_1_9' title="bbox 650 1146 2235 1219">
    <p class='ocr_par' dir='ltr' id='par_1_9' title="bbox 650 1146 2235 1219">
     <span class='ocr_line' id='line_1_9' title="bbox 650 1146 2235 1219; baseline -0.001 -18"><span class='ocrx_word' id='word_1_60' title='bbox 650 1156 893 1217; x_wconf 81' lang='lat' dir='ltr'><strong>quantum</strong></span> <span class='ocrx_word' id='word_1_61' title='bbox 915 1188 931 1213; x_wconf 92' lang='lat'><strong>,</strong></span> <span class='ocrx_word' id='word_1_62' title='bbox 963 1148 1069 1213; x_wconf 97' lang='lat' dir='ltr'><strong>ait,</strong></span> <span class='ocrx_word' id='word_1_63' title='bbox 1102 1148 1191 1201; x_wconf 76' lang='lat' dir='ltr'><strong>imi</strong></span> <span class='ocrx_word' id='word_1_64' title='bbox 1216 1164 1279 1203; x_wconf 80' lang='lat' dir='ltr'><strong>ea:</strong></span> <span class='ocrx_word' id='word_1_65' title='bbox 1306 1147 1385 1202; x_wconf 73' lang='lat' dir='ltr'><strong>his</strong></span> <span class='ocrx_word' id='word_1_66' title='bbox 1405 1148 1625 1202; x_wconf 83' lang='lat' dir='ltr'><strong>minimis</strong></span> <span class='ocrx_word' id='word_1_67' title='bbox 1651 1147 1837 1219; x_wconf 72' lang='lat' dir='ltr'><strong>fecistis</strong></span> <span class='ocrx_word' id='word_1_68' title='bbox 1855 1188 1868 1209; x_wconf 96' lang='lat'><strong>,</strong></span> <span class='ocrx_word' id='word_1_69' title='bbox 1893 1146 2017 1199; x_wconf 78' lang='lat' dir='ltr'><strong>milii</strong></span> <span class='ocrx_word' id='word_1_70' title='bbox 2046 1146 2235 1215; x_wconf 81' lang='lat' dir='ltr'><strong>fecistis</strong></span> 
     </span>
    </p>
   </div>
   <div class='ocr_carea' id='block_1_10' title="bbox 660 1238 2237 1314">
    <p class='ocr_par' dir='ltr' id='par_1_10' title="bbox 660 1238 2237 1314">
     <span class='ocr_line' id='line_1_10' title="bbox 660 1238 2237 1314; baseline -0.001 -19"><span class='ocrx_word' id='word_1_71' title='bbox 660 1240 874 1314; x_wconf 69' lang='lat' dir='ltr'><strong>(Matth.</strong></span> <span class='ocrx_word' id='word_1_72' title='bbox 895 1240 988 1296; x_wconf 64' lang='lat'><strong>25.</strong></span> <span class='ocrx_word' id='word_1_73' title='bbox 1010 1241 1124 1311; x_wconf 69' lang='grc' dir='ltr'><strong>ιο).</strong></span> <span class='ocrx_word' id='word_1_74' title='bbox 1146 1242 1338 1297; x_wconf 82' lang='lat' dir='ltr'><strong>Annon</strong></span> <span class='ocrx_word' id='word_1_75' title='bbox 1360 1256 1519 1298; x_wconf 88' lang='lat' dir='ltr'><strong>verus</strong></span> <span class='ocrx_word' id='word_1_76' title='bbox 1532 1250 1616 1297; x_wconf 87' lang='lat' dir='ltr'><strong>est</strong></span> <span class='ocrx_word' id='word_1_77' title='bbox 1630 1254 1828 1307; x_wconf 81' lang='lat' dir='ltr'><strong>sermo,</strong></span> <span class='ocrx_word' id='word_1_78' title='bbox 1850 1238 1953 1305; x_wconf 81' lang='lat' dir='ltr'><strong>Qui</strong></span> <span class='ocrx_word' id='word_1_79' title='bbox 1974 1241 2237 1294; x_wconf 75' lang='lat' dir='ltr'><strong>miseretur</strong></span> 
     </span>
    </p>
   </div>
   <div class='ocr_carea' id='block_1_11' title="bbox 654 1331 2235 1405">
    <p class='ocr_par' dir='ltr' id='par_1_11' title="bbox 654 1331 2235 1405">
     <span class='ocr_line' id='line_1_11' title="bbox 654 1331 2235 1405; baseline 0.001 -20"><span class='ocrx_word' id='word_1_80' title='bbox 654 1333 912 1402; x_wconf 75' lang='lat' dir='ltr'><strong>pauperis,</strong></span> <span class='ocrx_word' id='word_1_81' title='bbox 941 1332 1216 1399; x_wconf 69' lang='lat' dir='ltr'><strong>{teneretur</strong></span> <span class='ocrx_word' id='word_1_82' title='bbox 1238 1331 1347 1387; x_wconf 87' lang='lat' dir='ltr'><strong>Deo</strong></span> <span class='ocrx_word' id='word_1_83' title='bbox 1373 1332 1555 1405; x_wconf 80' lang='lat' dir='ltr'><strong>(Prov.</strong></span> <span class='ocrx_word' id='word_1_84' title='bbox 1592 1331 1679 1387; x_wconf 81' lang='grc'><strong>19.</strong></span> <span class='ocrx_word' id='word_1_85' title='bbox 1705 1332 1835 1402; x_wconf 73' lang='lat' dir='ltr'><strong>l7)?</strong></span> <span class='ocrx_word' id='word_1_86' title='bbox 1863 1331 1930 1387; x_wconf 89' lang='lat' dir='ltr'><strong>Et</strong></span> <span class='ocrx_word' id='word_1_87' title='bbox 1959 1331 2084 1387; x_wconf 90' lang='lat' dir='ltr'><strong>vide</strong></span> <span class='ocrx_word' id='word_1_88' title='bbox 2122 1347 2235 1386; x_wconf 90' lang='lat' dir='ltr'><strong>rem</strong></span> 
     </span>
    </p>
   </div>
   <div class='ocr_carea' id='block_1_12' title="bbox 654 1408 2235 1495">
    <p class='ocr_par' dir='ltr' id='par_1_12' title="bbox 654 1408 2235 1495">
     <span class='ocr_line' id='line_1_12' title="bbox 654 1408 2235 1495; baseline -0.001 -17"><span class='ocrx_word' id='word_1_89' title='bbox 654 1408 995 1479; x_wconf 80' lang='lat' dir='ltr'><strong>mirabilem:</strong></span> <span class='ocrx_word' id='word_1_90' title='bbox 1038 1424 1239 1479; x_wconf 90' lang='lat' dir='ltr'><strong>nullum</strong></span> <span class='ocrx_word' id='word_1_91' title='bbox 1278 1425 1423 1479; x_wconf 91' lang='lat' dir='ltr'><strong>aliud</strong></span> <span class='ocrx_word' id='word_1_92' title='bbox 1462 1424 1673 1479; x_wconf 90' lang='lat' dir='ltr'><strong>virtutis</strong></span> <span class='ocrx_word' id='word_1_93' title='bbox 1706 1438 1841 1493; x_wconf 89' lang='lat' dir='ltr'><strong>opus</strong></span> <span class='ocrx_word' id='word_1_94' title='bbox 1878 1432 2072 1495; x_wconf 73' lang='lat' dir='ltr'><strong>praeter</strong></span> <span class='ocrx_word' id='word_1_95' title='bbox 2107 1422 2235 1478; x_wconf 90' lang='lat' dir='ltr'><strong>illud</strong></span> 
     </span>
    </p>
   </div>
   <div class='ocr_carea' id='block_1_13' title="bbox 652 1513 2231 1585">
    <p class='ocr_par' dir='ltr' id='par_1_13' title="bbox 652 1513 2231 1585">
     <span class='ocr_line' id='line_1_13' title="bbox 652 1513 2231 1585; baseline 0 -17"><span class='ocrx_word' id='word_1_96' title='bbox 652 1516 989 1569; x_wconf 82' lang='lat' dir='ltr'><strong>memoravit.</strong></span> <span class='ocrx_word' id='word_1_97' title='bbox 1020 1514 1177 1585; x_wconf 86' lang='lat' dir='ltr'><strong>Atqui</strong></span> <span class='ocrx_word' id='word_1_98' title='bbox 1206 1523 1416 1585; x_wconf 88' lang='lat' dir='ltr'><strong>poterat</strong></span> <span class='ocrx_word' id='word_1_99' title='bbox 1455 1514 1633 1571; x_wconf 85' lang='lat' dir='ltr'><strong>dicere</strong></span> <span class='ocrx_word' id='word_1_100' title='bbox 1662 1536 1676 1571; x_wconf 90' lang='lat'><strong>:</strong></span> <span class='ocrx_word' id='word_1_101' title='bbox 1706 1513 1897 1570; x_wconf 83' lang='lat' dir='ltr'><strong>Venite</strong></span> <span class='ocrx_word' id='word_1_102' title='bbox 1938 1513 2231 1579; x_wconf 87' lang='lat' dir='ltr'><strong>benedicti,</strong></span> 
     </span>
    </p>
   </div>
   <div class='ocr_carea' id='block_1_14' title="bbox 655 1604 2239 1675">
    <p class='ocr_par' dir='ltr' id='par_1_14' title="bbox 655 1604 2239 1675">
     <span class='ocr_line' id='line_1_14' title="bbox 655 1604 2239 1675; baseline 0.001 -18"><span class='ocrx_word' id='word_1_103' title='bbox 655 1604 781 1672; x_wconf 86' lang='lat' dir='ltr'><strong>quia</strong></span> <span class='ocrx_word' id='word_1_104' title='bbox 810 1604 1175 1671; x_wconf 84' lang='lat' dir='ltr'><strong>continentes,</strong></span> <span class='ocrx_word' id='word_1_105' title='bbox 1207 1604 1330 1675; x_wconf 82' lang='lat' dir='ltr'><strong>quia</strong></span> <span class='ocrx_word' id='word_1_106' title='bbox 1357 1604 1590 1675; x_wconf 75' lang='lat' dir='ltr'><strong>virgines</strong></span> <span class='ocrx_word' id='word_1_107' title='bbox 1620 1605 1794 1661; x_wconf 78' lang='lat' dir='ltr'><strong>fuistis</strong></span> <span class='ocrx_word' id='word_1_108' title='bbox 1816 1647 1830 1669; x_wconf 94' lang='lat'><strong>,</strong></span> <span class='ocrx_word' id='word_1_109' title='bbox 1860 1606 1981 1675; x_wconf 90' lang='lat' dir='ltr'><strong>quia</strong></span> <span class='ocrx_word' id='word_1_110' title='bbox 2010 1618 2239 1673; x_wconf 84' lang='lat' dir='ltr'><strong>evange-</strong></span> 
     </span>
    </p>
   </div>
   <div class='ocr_carea' id='block_1_15' title="bbox 652 1694 2235 1767">
    <p class='ocr_par' dir='ltr' id='par_1_15' title="bbox 652 1694 2235 1767">
     <span class='ocr_line' id='line_1_15' title="bbox 652 1694 2235 1767; baseline -0.001 -17"><span class='ocrx_word' id='word_1_111' title='bbox 652 1695 806 1751; x_wconf 86' lang='lat' dir='ltr'><strong>licam</strong></span> <span class='ocrx_word' id='word_1_112' title='bbox 848 1696 1011 1751; x_wconf 90' lang='lat' dir='ltr'><strong>vitam</strong></span> <span class='ocrx_word' id='word_1_113' title='bbox 1054 1697 1395 1767; x_wconf 83' lang='lat' dir='ltr'><strong>suscepistis;</strong></span> <span class='ocrx_word' id='word_1_114' title='bbox 1436 1696 1532 1752; x_wconf 90' lang='lat' dir='ltr'><strong>sed</strong></span> <span class='ocrx_word' id='word_1_115' title='bbox 1565 1697 1682 1751; x_wconf 60' lang='lat' dir='ltr'><strong>haec</strong></span> <span class='ocrx_word' id='word_1_116' title='bbox 1728 1705 1901 1763; x_wconf 91' lang='lat' dir='ltr'><strong>tacet,</strong></span> <span class='ocrx_word' id='word_1_117' title='bbox 1946 1711 2052 1750; x_wconf 88' lang='lat' dir='ltr'><strong>non</strong></span> <span class='ocrx_word' id='word_1_118' title='bbox 2094 1694 2235 1765; x_wconf 89' lang='lat' dir='ltr'><strong>quod</strong></span> 
     </span>
    </p>
   </div>
   <div class='ocr_carea' id='block_1_16' title="bbox 652 1786 2235 1859">
    <p class='ocr_par' dir='ltr' id='par_1_16' title="bbox 652 1786 2235 1859">
     <span class='ocr_line' id='line_1_16' title="bbox 652 1786 2235 1859; baseline 0.001 -19"><span class='ocrx_word' id='word_1_119' title='bbox 652 1788 923 1841; x_wconf 87' lang='lat' dir='ltr'><strong>mentione</strong></span> <span class='ocrx_word' id='word_1_120' title='bbox 962 1787 1070 1841; x_wconf 89' lang='lat' dir='ltr'><strong>sint</strong></span> <span class='ocrx_word' id='word_1_121' title='bbox 1099 1786 1347 1857; x_wconf 80' lang='lat' dir='ltr'><strong>indigna,</strong></span> <span class='ocrx_word' id='word_1_122' title='bbox 1382 1787 1478 1842; x_wconf 84' lang='lat' dir='ltr'><strong>sed</strong></span> <span class='ocrx_word' id='word_1_123' title='bbox 1515 1787 1659 1857; x_wconf 92' lang='lat' dir='ltr'><strong>quod</strong></span> <span class='ocrx_word' id='word_1_124' title='bbox 1696 1797 1817 1859; x_wconf 84' lang='lat' dir='ltr'><strong>post</strong></span> <span class='ocrx_word' id='word_1_125' title='bbox 1854 1787 2235 1858; x_wconf 89' lang='lat' dir='ltr'><strong>benignitatem</strong></span> 
     </span>
    </p>
   </div>
   <div class='ocr_carea' id='block_1_17' title="bbox 656 1876 2240 1949">
    <p class='ocr_par' dir='ltr' id='par_1_17' title="bbox 656 1876 2240 1949">
     <span class='ocr_line' id='line_1_17' title="bbox 656 1876 2240 1949; baseline 0.002 -20"><span class='ocrx_word' id='word_1_126' title='bbox 656 1876 890 1930; x_wconf 86' lang='lat' dir='ltr'><strong>secunda</strong></span> <span class='ocrx_word' id='word_1_127' title='bbox 921 1877 1048 1932; x_wconf 89' lang='lat' dir='ltr'><strong>sint.</strong></span> <span class='ocrx_word' id='word_1_128' title='bbox 1075 1876 1269 1932; x_wconf 88' lang='lat' dir='ltr'><strong>Verum</strong></span> <span class='ocrx_word' id='word_1_129' title='bbox 1291 1878 1737 1949; x_wconf 84' lang='lat' dir='ltr'><strong>quemadmodum</strong></span> <span class='ocrx_word' id='word_1_130' title='bbox 1762 1879 1845 1945; x_wconf 89' lang='lat' dir='ltr'><strong>iis,</strong></span> <span class='ocrx_word' id='word_1_131' title='bbox 1874 1879 1963 1948; x_wconf 89' lang='lat' dir='ltr'><strong>qui</strong></span> <span class='ocrx_word' id='word_1_132' title='bbox 1986 1894 2013 1932; x_wconf 90' lang='lat' dir='ltr'><strong>a</strong></span> <span class='ocrx_word' id='word_1_133' title='bbox 2035 1877 2240 1933; x_wconf 80' lang='lat' dir='ltr'><strong>dextris</strong></span> 
     </span>
    </p>
   </div>
   <div class='ocr_carea' id='block_1_18' title="bbox 652 1967 2239 2041">
    <p class='ocr_par' dir='ltr' id='par_1_18' title="bbox 652 1967 2239 2041">
     <span class='ocr_line' id='line_1_18' title="bbox 652 1967 2239 2041; baseline 0.004 -20"><span class='ocrx_word' id='word_1_134' title='bbox 652 1975 824 2031; x_wconf 88' lang='lat' dir='ltr'><strong>erant,</strong></span> <span class='ocrx_word' id='word_1_135' title='bbox 856 1968 925 2022; x_wconf 91' lang='lat' dir='ltr'><strong>ob</strong></span> <span class='ocrx_word' id='word_1_136' title='bbox 956 1967 1334 2038; x_wconf 75' lang='lat' dir='ltr'><strong>benignitatem</strong></span> <span class='ocrx_word' id='word_1_137' title='bbox 1360 1969 1593 2024; x_wconf 90' lang='lat' dir='ltr'><strong>delatum</strong></span> <span class='ocrx_word' id='word_1_138' title='bbox 1620 1971 1853 2025; x_wconf 82' lang='lat' dir='ltr'><strong>ostendit</strong></span> <span class='ocrx_word' id='word_1_139' title='bbox 1881 1986 2099 2041; x_wconf 90' lang='lat' dir='ltr'><strong>regnum</strong></span> <span class='ocrx_word' id='word_1_140' title='bbox 2118 2012 2131 2036; x_wconf 90' lang='lat'><strong>,</strong></span> <span class='ocrx_word' id='word_1_141' title='bbox 2161 1971 2239 2027; x_wconf 91' lang='lat' dir='ltr'><strong>sic</strong></span> 
     </span>
    </p>
   </div>
   <div class='ocr_carea' id='block_1_19' title="bbox 651 2061 2241 2134">
    <p class='ocr_par' dir='ltr' id='par_1_19' title="bbox 651 2061 2241 2134">
     <span class='ocr_line' id='line_1_19' title="bbox 651 2061 2241 2134; baseline 0.007 -21"><span class='ocrx_word' id='word_1_142' title='bbox 651 2068 709 2114; x_wconf 91' lang='lat' dir='ltr'><strong>et</strong></span> <span class='ocrx_word' id='word_1_143' title='bbox 737 2061 801 2115; x_wconf 90' lang='lat' dir='ltr'><strong>iis</strong></span> <span class='ocrx_word' id='word_1_144' title='bbox 830 2062 917 2131; x_wconf 90' lang='lat' dir='ltr'><strong>qui</strong></span> <span class='ocrx_word' id='word_1_145' title='bbox 944 2078 972 2116; x_wconf 90' lang='lat' dir='ltr'><strong>a</strong></span> <span class='ocrx_word' id='word_1_146' title='bbox 1001 2065 1104 2118; x_wconf 90' lang='lat' dir='ltr'><strong>sini</strong></span> <span class='ocrx_word' id='word_1_147' title='bbox 1136 2064 1269 2134; x_wconf 88' lang='lat' dir='ltr'><strong>tris,</strong></span> <span class='ocrx_word' id='word_1_148' title='bbox 1300 2068 1369 2121; x_wconf 92' lang='lat' dir='ltr'><strong>ob</strong></span> <span class='ocrx_word' id='word_1_149' title='bbox 1402 2066 1734 2123; x_wconf 82' lang='lat' dir='ltr'><strong>sterilitatem</strong></span> <span class='ocrx_word' id='word_1_150' title='bbox 1764 2070 2117 2124; x_wconf 84' lang='lat' dir='ltr'><strong>comminatus</strong></span> <span class='ocrx_word' id='word_1_151' title='bbox 2157 2080 2241 2125; x_wconf 90' lang='lat' dir='ltr'><strong>est</strong></span> 
     </span>
    </p>
   </div>
   <div class='ocr_carea' id='block_1_20' title="bbox 648 2152 2241 2229">
    <p class='ocr_par' dir='ltr' id='par_1_20' title="bbox 648 2152 2241 2229">
     <span class='ocr_line' id='line_1_20' title="bbox 648 2152 2241 2229; baseline 0.005 -23"><span class='ocrx_word' id='word_1_152' title='bbox 648 2166 864 2220; x_wconf 80' lang='lat' dir='ltr'><strong>pcenam</strong></span> <span class='ocrx_word' id='word_1_153' title='bbox 896 2172 906 2204; x_wconf 87' lang='lat'><em>:</em></span> <span class='ocrx_word' id='word_1_154' title='bbox 942 2152 1038 2218; x_wconf 87' lang='lat' dir='ltr'><strong>Ite,</strong></span> <span class='ocrx_word' id='word_1_155' title='bbox 1070 2155 1352 2220; x_wconf 85' lang='lat' dir='ltr'><strong>maledicti,</strong></span> <span class='ocrx_word' id='word_1_156' title='bbox 1384 2157 1437 2210; x_wconf 84' lang='lat' dir='ltr'><strong>in</strong></span> <span class='ocrx_word' id='word_1_157' title='bbox 1463 2157 1691 2212; x_wconf 77' lang='lat' dir='ltr'><strong>tenebras</strong></span> <span class='ocrx_word' id='word_1_158' title='bbox 1713 2159 2002 2222; x_wconf 75' lang='lat' dir='ltr'><strong>exteriores,</strong></span> <span class='ocrx_word' id='word_1_159' title='bbox 2036 2170 2241 2229; x_wconf 87' lang='lat' dir='ltr'><strong>paratas</strong></span> 
     </span>
    </p>
   </div>
   <div class='ocr_carea' id='block_1_21' title="bbox 648 2242 2239 2322">
    <p class='ocr_par' dir='ltr' id='par_1_21' title="bbox 648 2242 2239 2322">
     <span class='ocr_line' id='line_1_21' title="bbox 648 2242 2239 2322; baseline 0.009 -29"><span class='ocrx_word' id='word_1_160' title='bbox 648 2242 873 2308; x_wconf 78' lang='lat' dir='ltr'><strong>diabolo,</strong></span> <span class='ocrx_word' id='word_1_161' title='bbox 902 2253 948 2297; x_wconf 89' lang='lat' dir='ltr'><strong>et</strong></span> <span class='ocrx_word' id='word_1_162' title='bbox 971 2245 1166 2315; x_wconf 84' lang='lat' dir='ltr'><strong>angelis</strong></span> <span class='ocrx_word' id='word_1_163' title='bbox 1192 2248 1301 2313; x_wconf 84' lang='lat' dir='ltr'><strong>eius</strong></span> <span class='ocrx_word' id='word_1_164' title='bbox 1324 2245 1539 2319; x_wconf 71' lang='lat' dir='ltr'><strong>(Matth.</strong></span> <span class='ocrx_word' id='word_1_165' title='bbox 1568 2248 1660 2303; x_wconf 77' lang='lat'><strong>25.</strong></span> <span class='ocrx_word' id='word_1_166' title='bbox 1679 2248 1794 2322; x_wconf 77' lang='grc' dir='ltr'><strong>Η).</strong></span> <span class='ocrx_word' id='word_1_167' title='bbox 1812 2250 2023 2317; x_wconf 74' lang='lat' dir='ltr'><strong>Quare?</strong></span> <span class='ocrx_word' id='word_1_168' title='bbox 2048 2267 2149 2322; x_wconf 84' lang='lat' dir='ltr'><strong>qua</strong></span> <span class='ocrx_word' id='word_1_169' title='bbox 2172 2252 2239 2309; x_wconf 88' lang='lat' dir='ltr'><strong>de</strong></span> 
     </span>
    </p>
   </div>
   <div class='ocr_carea' id='block_1_22' title="bbox 649 2334 2236 2404">
    <p class='ocr_par' dir='ltr' id='par_1_22' title="bbox 649 2334 2236 2404">
     <span class='ocr_line' id='line_1_22' title="bbox 649 2334 2236 2404; baseline 0.006 -17"><span class='ocrx_word' id='word_1_170' title='bbox 649 2334 848 2388; x_wconf 82' lang='lat' dir='ltr'><strong>causa?</strong></span> <span class='ocrx_word' id='word_1_171' title='bbox 873 2335 1005 2401; x_wconf 82' lang='lat' dir='ltr'><strong>Quia</strong></span> <span class='ocrx_word' id='word_1_172' title='bbox 1039 2338 1220 2392; x_wconf 79' lang='lat' dir='ltr'><strong>esurivi</strong></span> <span class='ocrx_word' id='word_1_173' title='bbox 1240 2378 1255 2404; x_wconf 95' lang='lat'><strong>,</strong></span> <span class='ocrx_word' id='word_1_174' title='bbox 1282 2348 1330 2393; x_wconf 85' lang='lat' dir='ltr'><strong>et</strong></span> <span class='ocrx_word' id='word_1_175' title='bbox 1356 2356 1456 2392; x_wconf 87' lang='lat' dir='ltr'><strong>mm</strong></span> <span class='ocrx_word' id='word_1_176' title='bbox 1495 2339 1704 2395; x_wconf 79' lang='lat' dir='ltr'><strong>dedistis</strong></span> <span class='ocrx_word' id='word_1_177' title='bbox 1732 2342 1859 2395; x_wconf 77' lang='lat' dir='ltr'><strong>mihi</strong></span> <span class='ocrx_word' id='word_1_178' title='bbox 1908 2343 2236 2397; x_wconf 84' lang='lat' dir='ltr'><strong>manducare.</strong></span> 
     </span>
    </p>
   </div>
   <div class='ocr_carea' id='block_1_23' title="bbox 650 2424 2233 2501">
    <p class='ocr_par' dir='ltr' id='par_1_23' title="bbox 650 2424 2233 2501">
     <span class='ocr_line' id='line_1_23' title="bbox 650 2424 2233 2501; baseline 0.006 -22"><span class='ocrx_word' id='word_1_179' title='bbox 650 2424 768 2480; x_wconf 84' lang='lat' dir='ltr'><strong>Non</strong></span> <span class='ocrx_word' id='word_1_180' title='bbox 794 2427 947 2491; x_wconf 83' lang='lat' dir='ltr'><strong>dixit,</strong></span> <span class='ocrx_word' id='word_1_181' title='bbox 990 2428 1112 2498; x_wconf 85' lang='lat' dir='ltr'><strong>quia</strong></span> <span class='ocrx_word' id='word_1_182' title='bbox 1151 2427 1393 2485; x_wconf 79' lang='lat' dir='ltr'><strong>fornicati</strong></span> <span class='ocrx_word' id='word_1_183' title='bbox 1426 2432 1582 2495; x_wconf 86' lang='lat' dir='ltr'><strong>estis,</strong></span> <span class='ocrx_word' id='word_1_184' title='bbox 1612 2432 2002 2501; x_wconf 74' lang='lat' dir='ltr'><strong>quiaadulteri</strong></span> <span class='ocrx_word' id='word_1_185' title='bbox 2034 2432 2233 2500; x_wconf 79' lang='lat' dir='ltr'><strong>fuistis,</strong></span> 
     </span>
    </p>
   </div>
   <div class='ocr_carea' id='block_1_24' title="bbox 653 2518 2234 2594">
    <p class='ocr_par' dir='ltr' id='par_1_24' title="bbox 653 2518 2234 2594">
     <span class='ocr_line' id='line_1_24' title="bbox 653 2518 2234 2594; baseline 0.006 -23"><span class='ocrx_word' id='word_1_186' title='bbox 653 2520 777 2587; x_wconf 84' lang='lat' dir='ltr'><strong>quia</strong></span> <span class='ocrx_word' id='word_1_187' title='bbox 822 2518 974 2573; x_wconf 84' lang='lat' dir='ltr'><strong>furati</strong></span> <span class='ocrx_word' id='word_1_188' title='bbox 1006 2521 1173 2586; x_wconf 87' lang='lat' dir='ltr'><strong>estis,</strong></span> <span class='ocrx_word' id='word_1_189' title='bbox 1204 2522 1326 2591; x_wconf 88' lang='lat' dir='ltr'><strong>quia</strong></span> <span class='ocrx_word' id='word_1_190' title='bbox 1366 2520 1555 2577; x_wconf 87' lang='lat' dir='ltr'><strong>falsum</strong></span> <span class='ocrx_word' id='word_1_191' title='bbox 1602 2524 1963 2579; x_wconf 90' lang='lat' dir='ltr'><strong>testimonium</strong></span> <span class='ocrx_word' id='word_1_192' title='bbox 2007 2525 2234 2594; x_wconf 80' lang='lat' dir='ltr'><strong>tulistis,</strong></span> 
     </span>
    </p>
   </div>
   <div class='ocr_carea' id='block_1_25' title="bbox 652 2610 2237 2687">
    <p class='ocr_par' dir='ltr' id='par_1_25' title="bbox 652 2610 2237 2687">
     <span class='ocr_line' id='line_1_25' title="bbox 652 2610 2237 2687; baseline 0.006 -24"><span class='ocrx_word' id='word_1_193' title='bbox 652 2610 775 2679; x_wconf 87' lang='lat' dir='ltr'><strong>quia</strong></span> <span class='ocrx_word' id='word_1_194' title='bbox 818 2611 1114 2680; x_wconf 81' lang='lat' dir='ltr'><strong>pcjcrastis.</strong></span> <span class='ocrx_word' id='word_1_195' title='bbox 1148 2612 1274 2668; x_wconf 67' lang='lat' dir='ltr'><strong>Haec</strong></span> <span class='ocrx_word' id='word_1_196' title='bbox 1303 2614 1498 2684; x_wconf 88' lang='lat' dir='ltr'><strong>quippe</strong></span> <span class='ocrx_word' id='word_1_197' title='bbox 1538 2614 1820 2671; x_wconf 82' lang='lat' dir='ltr'><strong>manifeste</strong></span> <span class='ocrx_word' id='word_1_198' title='bbox 1845 2617 2062 2687; x_wconf 88' lang='lat' dir='ltr'><strong>quidem</strong></span> <span class='ocrx_word' id='word_1_199' title='bbox 2102 2620 2237 2675; x_wconf 90' lang='lat' dir='ltr'><strong>mala</strong></span> 
     </span>
    </p>
   </div>
   <div class='ocr_carea' id='block_1_26' title="bbox 651 2702 2235 2775">
    <p class='ocr_par' dir='ltr' id='par_1_26' title="bbox 651 2702 2235 2775">
     <span class='ocr_line' id='line_1_26' title="bbox 651 2702 2235 2775; baseline 0.007 -20"><span class='ocrx_word' id='word_1_200' title='bbox 651 2710 810 2769; x_wconf 82' lang='lat' dir='ltr'><strong>sunt,</strong></span> <span class='ocrx_word' id='word_1_201' title='bbox 843 2703 935 2757; x_wconf 89' lang='lat' dir='ltr'><strong>sed</strong></span> <span class='ocrx_word' id='word_1_202' title='bbox 983 2702 1233 2758; x_wconf 87' lang='lat' dir='ltr'><strong>inferiora</strong></span> <span class='ocrx_word' id='word_1_203' title='bbox 1277 2721 1437 2775; x_wconf 90' lang='lat' dir='ltr'><strong>quam</strong></span> <span class='ocrx_word' id='word_1_204' title='bbox 1487 2706 1712 2762; x_wconf 87' lang='lat' dir='ltr'><strong>durities</strong></span> <span class='ocrx_word' id='word_1_205' title='bbox 1755 2716 1811 2763; x_wconf 91' lang='lat' dir='ltr'><strong>et</strong></span> <span class='ocrx_word' id='word_1_206' title='bbox 1858 2708 2235 2766; x_wconf 88' lang='lat' dir='ltr'><strong>inhumanitas.</strong></span> 
     </span>
    </p>
   </div>
   <div class='ocr_carea' id='block_1_27' title="bbox 641 2792 2237 2859">
    <p class='ocr_par' dir='ltr' id='par_1_27' title="bbox 641 2792 2237 2859">
     <span class='ocr_line' id='line_1_27' title="bbox 641 2792 2237 2859; baseline 0.007 -14"><span class='ocrx_word' id='word_1_207' title='bbox 641 2792 847 2859; x_wconf 79' lang='lat' dir='ltr'><strong>Quare,</strong></span> <span class='ocrx_word' id='word_1_208' title='bbox 870 2792 1113 2859; x_wconf 90' lang='lat' dir='ltr'><strong>Domine,</strong></span> <span class='ocrx_word' id='word_1_209' title='bbox 1137 2811 1244 2850; x_wconf 88' lang='lat' dir='ltr'><strong>non</strong></span> <span class='ocrx_word' id='word_1_210' title='bbox 1267 2796 1489 2853; x_wconf 88' lang='lat' dir='ltr'><strong>aliarum</strong></span> <span class='ocrx_word' id='word_1_211' title='bbox 1512 2799 1714 2853; x_wconf 83' lang='lat' dir='ltr'><strong>viarum</strong></span> <span class='ocrx_word' id='word_1_212' title='bbox 1736 2801 2061 2857; x_wconf 87' lang='lat' dir='ltr'><strong>mentionem</strong></span> <span class='ocrx_word' id='word_1_213' title='bbox 2085 2803 2237 2857; x_wconf 83' lang='lat' dir='ltr'><strong>facis?</strong></span> 
     </span>
    </p>
   </div>
   <div class='ocr_carea' id='block_1_28' title="bbox 648 2881 2230 2957">
    <p class='ocr_par' dir='ltr' id='par_1_28' title="bbox 648 2881 2230 2957">
     <span class='ocr_line' id='line_1_28' title="bbox 648 2881 2230 2957; baseline 0.008 -21"><span class='ocrx_word' id='word_1_214' title='bbox 648 2881 766 2936; x_wconf 78' lang='lat' dir='ltr'><strong>Non</strong></span> <span class='ocrx_word' id='word_1_215' title='bbox 803 2882 982 2951; x_wconf 83' lang='lat' dir='ltr'><strong>judico</strong></span> <span class='ocrx_word' id='word_1_216' title='bbox 1005 2925 1021 2951; x_wconf 97' lang='lat'><strong>,</strong></span> <span class='ocrx_word' id='word_1_217' title='bbox 1050 2886 1218 2956; x_wconf 88' lang='lat' dir='ltr'><strong>inquit</strong></span> <span class='ocrx_word' id='word_1_218' title='bbox 1239 2927 1253 2950; x_wconf 90' lang='lat'><strong>,</strong></span> <span class='ocrx_word' id='word_1_219' title='bbox 1286 2898 1593 2957; x_wconf 88' lang='lat' dir='ltr'><strong>peccatum,</strong></span> <span class='ocrx_word' id='word_1_220' title='bbox 1619 2891 1713 2945; x_wconf 89' lang='lat' dir='ltr'><strong>sed</strong></span> <span class='ocrx_word' id='word_1_221' title='bbox 1750 2890 2185 2949; x_wconf 87' lang='lat' dir='ltr'><strong>inhumanitatem</strong></span> <span class='ocrx_word' id='word_1_222' title='bbox 2218 2913 2230 2950; x_wconf 93' lang='lat'>:</span> 
     </span>
    </p>
   </div>
   <div class='ocr_carea' id='block_1_29' title="bbox 648 2972 2232 3059">
    <p class='ocr_par' dir='ltr' id='par_1_29' title="bbox 648 2972 2232 3059">
     <span class='ocr_line' id='line_1_29' title="bbox 648 2972 2232 3059; baseline 0.009 -34"><span class='ocrx_word' id='word_1_223' title='bbox 648 2986 756 3027; x_wconf 81' lang='lat' dir='ltr'><strong>non</strong></span> <span class='ocrx_word' id='word_1_224' title='bbox 776 2972 959 3041; x_wconf 91' lang='lat' dir='ltr'><strong>judico</strong></span> <span class='ocrx_word' id='word_1_225' title='bbox 988 2986 1295 3044; x_wconf 86' lang='lat' dir='ltr'><strong>peccatores</strong></span> <span class='ocrx_word' id='word_1_226' title='bbox 1314 3019 1331 3045; x_wconf 97' lang='lat'><strong>,</strong></span> <span class='ocrx_word' id='word_1_227' title='bbox 1369 2980 1463 3035; x_wconf 90' lang='lat' dir='ltr'><strong>sed</strong></span> <span class='ocrx_word' id='word_1_228' title='bbox 1502 2996 1596 3036; x_wconf 90' lang='lat' dir='ltr'><strong>eos</strong></span> <span class='ocrx_word' id='word_1_229' title='bbox 1618 2982 1706 3052; x_wconf 91' lang='lat' dir='ltr'><strong>qui</strong></span> <span class='ocrx_word' id='word_1_230' title='bbox 1734 2985 2098 3059; x_wconf 82' lang='lat' dir='ltr'><strong>paenitentiam</strong></span> <span class='ocrx_word' id='word_1_231' title='bbox 2128 3001 2232 3041; x_wconf 90' lang='lat' dir='ltr'><strong>non</strong></span> 
     </span>
    </p>
   </div>
   <div class='ocr_carea' id='block_1_30' title="bbox 640 3060 2234 3144">
    <p class='ocr_par' dir='ltr' id='par_1_30' title="bbox 640 3060 2234 3144">
     <span class='ocr_line' id='line_1_30' title="bbox 640 3060 2234 3144; baseline 0.009 -27"><span class='ocrx_word' id='word_1_232' title='bbox 640 3072 868 3133; x_wconf 82' lang='lat' dir='ltr'><strong>egerunt</strong></span> <span class='ocrx_word' id='word_1_233' title='bbox 900 3082 911 3118; x_wconf 93' lang='lat'><strong>:</strong></span> <span class='ocrx_word' id='word_1_234' title='bbox 946 3066 1297 3124; x_wconf 78' lang='lat' dir='ltr'><strong>inclementia:</strong></span> <span class='ocrx_word' id='word_1_235' title='bbox 1330 3086 1425 3126; x_wconf 83' lang='lat' dir='ltr'><strong>vos</strong></span> <span class='ocrx_word' id='word_1_236' title='bbox 1458 3072 1689 3141; x_wconf 86' lang='lat' dir='ltr'><strong>damno,</strong></span> <span class='ocrx_word' id='word_1_237' title='bbox 1729 3073 1871 3144; x_wconf 91' lang='lat' dir='ltr'><strong>quod</strong></span> <span class='ocrx_word' id='word_1_238' title='bbox 1916 3060 2075 3129; x_wconf 65' lang='lat' dir='ltr'><strong>talem</strong></span> <span class='ocrx_word' id='word_1_239' title='bbox 2118 3087 2234 3131; x_wconf 88' lang='lat' dir='ltr'><strong>tan-</strong></span> 
     </span>
    </p>
   </div>
   <div class='ocr_carea' id='block_1_31' title="bbox 641 3159 2231 3240">
    <p class='ocr_par' dir='ltr' id='par_1_31' title="bbox 641 3159 2231 3240">
     <span class='ocr_line' id='line_1_31' title="bbox 641 3159 2231 3240; baseline 0.009 -31"><span class='ocrx_word' id='word_1_240' title='bbox 641 3164 863 3226; x_wconf 79' lang='lat' dir='ltr'><strong>tamque</strong></span> <span class='ocrx_word' id='word_1_241' title='bbox 907 3159 1090 3212; x_wconf 58' lang='lat' dir='ltr'><strong>sainlis</strong></span> <span class='ocrx_word' id='word_1_242' title='bbox 1134 3162 1451 3217; x_wconf 90' lang='lat' dir='ltr'><strong>medicinam</strong></span> <span class='ocrx_word' id='word_1_243' title='bbox 1490 3164 1787 3233; x_wconf 84' lang='lat' dir='ltr'><strong>habentes,</strong></span> <span class='ocrx_word' id='word_1_244' title='bbox 1835 3166 2231 3240; x_wconf 84' lang='lat' dir='ltr'><strong>elecmosynam</strong></span> 
     </span>
    </p>
   </div>
   <div class='ocr_carea' id='block_1_32' title="bbox 646 3244 2229 3321">
    <p class='ocr_par' dir='ltr' id='par_1_32' title="bbox 646 3244 2229 3321">
     <span class='ocr_line' id='line_1_32' title="bbox 646 3244 2229 3321; baseline 0.011 -23"><span class='ocrx_word' id='word_1_245' title='bbox 646 3244 873 3311; x_wconf 79' lang='lat' dir='ltr'><strong>scilicet,</strong></span> <span class='ocrx_word' id='word_1_246' title='bbox 902 3263 1001 3316; x_wconf 88' lang='lat' dir='ltr'><strong>qua</strong></span> <span class='ocrx_word' id='word_1_247' title='bbox 1034 3251 1209 3305; x_wconf 84' lang='lat' dir='ltr'><strong>omnia</strong></span> <span class='ocrx_word' id='word_1_248' title='bbox 1240 3265 1453 3320; x_wconf 89' lang='lat' dir='ltr'><strong>peccata</strong></span> <span class='ocrx_word' id='word_1_249' title='bbox 1491 3254 1757 3321; x_wconf 88' lang='lat' dir='ltr'><strong>delentur,</strong></span> <span class='ocrx_word' id='word_1_250' title='bbox 1788 3256 1890 3312; x_wconf 90' lang='lat' dir='ltr'><strong>hoc</strong></span> <span class='ocrx_word' id='word_1_251' title='bbox 1914 3258 2229 3316; x_wconf 81' lang='lat' dir='ltr'><strong>beneﬁcium</strong></span> 
     </span>
    </p>
   </div>
   <div class='ocr_carea' id='block_1_33' title="bbox 642 3334 2231 3417">
    <p class='ocr_par' dir='ltr' id='par_1_33' title="bbox 642 3334 2231 3417">
     <span class='ocr_line' id='line_1_33' title="bbox 642 3334 2231 3417; baseline 0.008 -24"><span class='ocrx_word' id='word_1_252' title='bbox 642 3334 983 3409; x_wconf 72' lang='lat' dir='ltr'><strong>despexistis.</strong></span> <span class='ocrx_word' id='word_1_253' title='bbox 1026 3339 1207 3411; x_wconf 81' lang='lat' dir='ltr'><strong>Itaque</strong></span> <span class='ocrx_word' id='word_1_254' title='bbox 1249 3342 1643 3400; x_wconf 88' lang='lat' dir='ltr'><strong>inclementiam</strong></span> <span class='ocrx_word' id='word_1_255' title='bbox 1681 3348 1986 3417; x_wconf 91' lang='lat' dir='ltr'><strong>exprohro,</strong></span> <span class='ocrx_word' id='word_1_256' title='bbox 2029 3360 2087 3405; x_wconf 91' lang='lat' dir='ltr'><strong>ut</strong></span> <span class='ocrx_word' id='word_1_257' title='bbox 2132 3366 2231 3406; x_wconf 88' lang='lat' dir='ltr'><strong>ne-</strong></span> 
     </span>
    </p>
   </div>
   <div class='ocr_carea' id='block_1_34' title="bbox 638 3430 2233 3506">
    <p class='ocr_par' dir='ltr' id='par_1_34' title="bbox 638 3430 2233 3506">
     <span class='ocr_line' id='line_1_34' title="bbox 638 3430 2233 3506; baseline 0.011 -24"><span class='ocrx_word' id='word_1_258' title='bbox 638 3430 824 3499; x_wconf 76' lang='lat' dir='ltr'><strong>quitia:</strong></span> <span class='ocrx_word' id='word_1_259' title='bbox 850 3432 1128 3502; x_wconf 88' lang='lat' dir='ltr'><strong>omnisque</strong></span> <span class='ocrx_word' id='word_1_260' title='bbox 1147 3433 1436 3506; x_wconf 79' lang='lat' dir='ltr'><strong>impietatis</strong></span> <span class='ocrx_word' id='word_1_261' title='bbox 1461 3435 1714 3504; x_wconf 88' lang='lat' dir='ltr'><strong>radicem,</strong></span> <span class='ocrx_word' id='word_1_262' title='bbox 1739 3439 2077 3497; x_wconf 89' lang='lat' dir='ltr'><strong>clementiam</strong></span> <span class='ocrx_word' id='word_1_263' title='bbox 2104 3458 2233 3500; x_wconf 86' lang='lat' dir='ltr'><strong>vero</strong></span> 
     </span>
    </p>
   </div>
   <div class='ocr_carea' id='block_1_35' title="bbox 644 3519 2228 3607">
    <p class='ocr_par' dir='ltr' id='par_1_35' title="bbox 644 3519 2228 3607">
     <span class='ocr_line' id='line_1_35' title="bbox 644 3519 2228 3607; baseline 0.012 -34"><span class='ocrx_word' id='word_1_264' title='bbox 644 3519 825 3587; x_wconf 89' lang='lat' dir='ltr'><strong>laudo,</strong></span> <span class='ocrx_word' id='word_1_265' title='bbox 857 3530 916 3576; x_wconf 91' lang='lat' dir='ltr'><strong>ut</strong></span> <span class='ocrx_word' id='word_1_266' title='bbox 942 3524 1174 3579; x_wconf 87' lang='lat' dir='ltr'><strong>radicem</strong></span> <span class='ocrx_word' id='word_1_267' title='bbox 1199 3528 1436 3582; x_wconf 91' lang='lat' dir='ltr'><strong>omnium</strong></span> <span class='ocrx_word' id='word_1_268' title='bbox 1476 3529 1770 3599; x_wconf 90' lang='lat' dir='ltr'><strong>bonorum;</strong></span> <span class='ocrx_word' id='word_1_269' title='bbox 1811 3544 1865 3588; x_wconf 92' lang='lat' dir='ltr'><strong>et</strong></span> <span class='ocrx_word' id='word_1_270' title='bbox 1892 3534 1995 3589; x_wconf 85' lang='lat' dir='ltr'><strong>illis</strong></span> <span class='ocrx_word' id='word_1_271' title='bbox 2015 3536 2228 3607; x_wconf 87' lang='lat' dir='ltr'><strong>quidem</strong></span> 
     </span>
    </p>
   </div>
   <div class='ocr_carea' id='block_1_36' title="bbox 647 3610 2228 3695">
    <p class='ocr_par' dir='ltr' id='par_1_36' title="bbox 647 3610 2228 3695">
     <span class='ocr_line' id='line_1_36' title="bbox 647 3610 2228 3695; baseline 0.014 -33"><span class='ocrx_word' id='word_1_272' title='bbox 647 3610 822 3678; x_wconf 78' lang='lat' dir='ltr'><strong>ignem</strong></span> <span class='ocrx_word' id='word_1_273' title='bbox 849 3621 1106 3668; x_wconf 75' lang='lat' dir='ltr'><strong>:eternum</strong></span> <span class='ocrx_word' id='word_1_274' title='bbox 1127 3619 1443 3687; x_wconf 82' lang='lat' dir='ltr'><strong>comminur,</strong></span> <span class='ocrx_word' id='word_1_275' title='bbox 1472 3622 1553 3677; x_wconf 87' lang='lat' dir='ltr'><strong>his</strong></span> <span class='ocrx_word' id='word_1_276' title='bbox 1574 3638 1700 3677; x_wconf 91' lang='lat' dir='ltr'><strong>vero</strong></span> <span class='ocrx_word' id='word_1_277' title='bbox 1727 3641 1948 3695; x_wconf 88' lang='lat' dir='ltr'><strong>regnum</strong></span> <span class='ocrx_word' id='word_1_278' title='bbox 1977 3630 2228 3684; x_wconf 65' lang='lat' dir='ltr'><strong>caelorum</strong></span> 
     </span>
    </p>
   </div>
   <div class='ocr_carea' id='block_1_37' title="bbox 647 3702 2225 3787">
    <p class='ocr_par' dir='ltr' id='par_1_37' title="bbox 647 3702 2225 3787">
     <span class='ocr_line' id='line_1_37' title="bbox 647 3702 2225 3787; baseline 0.016 -37"><span class='ocrx_word' id='word_1_279' title='bbox 647 3702 923 3767; x_wconf 79' lang='lat' dir='ltr'><strong>promitto.</strong></span> <span class='ocrx_word' id='word_1_280' title='bbox 948 3702 1198 3769; x_wconf 84' lang='lat' dir='ltr'><strong>Pulchra,</strong></span> <span class='ocrx_word' id='word_1_281' title='bbox 1227 3708 1468 3777; x_wconf 88' lang='lat' dir='ltr'><strong>Domine,</strong></span> <span class='ocrx_word' id='word_1_282' title='bbox 1493 3715 1752 3781; x_wconf 83' lang='lat' dir='ltr'><strong>promissa</strong></span> <span class='ocrx_word' id='word_1_283' title='bbox 1784 3726 1891 3782; x_wconf 89' lang='lat' dir='ltr'><strong>tua,</strong></span> <span class='ocrx_word' id='word_1_284' title='bbox 1926 3720 2225 3787; x_wconf 90' lang='lat' dir='ltr'><strong>pulchrum,</strong></span> 
     </span>
    </p>
   </div>
   <div class='ocr_carea' id='block_1_38' title="bbox 644 3791 2226 3880">
    <p class='ocr_par' dir='ltr' id='par_1_38' title="bbox 644 3791 2226 3880">
     <span class='ocr_line' id='line_1_38' title="bbox 644 3791 2226 3880; baseline 0.013 -36"><span class='ocrx_word' id='word_1_285' title='bbox 644 3791 788 3859; x_wconf 85' lang='lat' dir='ltr'><strong>quod</strong></span> <span class='ocrx_word' id='word_1_286' title='bbox 814 3805 1150 3865; x_wconf 73' lang='lat' dir='ltr'><strong>exspectatur</strong></span> <span class='ocrx_word' id='word_1_287' title='bbox 1191 3815 1411 3871; x_wconf 87' lang='lat' dir='ltr'><strong>regnum</strong></span> <span class='ocrx_word' id='word_1_288' title='bbox 1452 3814 1634 3870; x_wconf 91' lang='lat' dir='ltr'><strong>tuum,</strong></span> <span class='ocrx_word' id='word_1_289' title='bbox 1683 3806 1916 3878; x_wconf 87' lang='lat' dir='ltr'><strong>itemque</strong></span> <span class='ocrx_word' id='word_1_290' title='bbox 1961 3796 2226 3880; x_wconf 82' lang='lat' dir='ltr'><strong>gehenna,</strong></span> 
     </span>
    </p>
   </div>
   <div class='ocr_carea' id='block_1_39' title="bbox 644 3888 2228 3964">
    <p class='ocr_par' dir='ltr' id='par_1_39' title="bbox 644 3888 2228 3964">
     <span class='ocr_line' id='line_1_39' title="bbox 644 3888 2228 3964; baseline 0.018 -31"><span class='ocrx_word' id='word_1_291' title='bbox 644 3895 805 3951; x_wconf 90' lang='lat' dir='ltr'><strong>quam</strong></span> <span class='ocrx_word' id='word_1_292' title='bbox 847 3888 1219 3957; x_wconf 80' lang='lat' dir='ltr'><strong>comminaris;</strong></span> <span class='ocrx_word' id='word_1_293' title='bbox 1265 3907 1490 3961; x_wconf 88' lang='lat' dir='ltr'><strong>quorum</strong></span> <span class='ocrx_word' id='word_1_294' title='bbox 1539 3896 1668 3951; x_wconf 88' lang='lat' dir='ltr'><strong>illud</strong></span> <span class='ocrx_word' id='word_1_295' title='bbox 1696 3900 1893 3964; x_wconf 85' lang='lat' dir='ltr'><strong>allicit,</strong></span> <span class='ocrx_word' id='word_1_296' title='bbox 1940 3902 2053 3958; x_wconf 59' lang='lat' dir='ltr'><strong>haec</strong></span> <span class='ocrx_word' id='word_1_297' title='bbox 2098 3920 2228 3961; x_wconf 90' lang='lat' dir='ltr'><strong>vero</strong></span> 
     </span>
    </p>
   </div>
   <div class='ocr_carea' id='block_1_40' title="bbox 1269 388 3160 451">
    <p class='ocr_par' dir='ltr' id='par_1_40' title="bbox 1269 388 3160 451">
     <span class='ocr_line' id='line_1_40' title="bbox 1269 388 3160 451; baseline 0.001 -2"><span class='ocrx_word' id='word_1_298' title='bbox 1269 424 1305 434; x_wconf 60' lang='grc' dir='ltr'><strong>ις</strong></span> <span class='ocrx_word' id='word_1_299' title='bbox 1351 392 1407 449; x_wconf 84' lang='lat' dir='ltr'><strong>S.</strong></span> <span class='ocrx_word' id='word_1_300' title='bbox 1448 391 1728 449; x_wconf 71' lang='lat' dir='ltr'><strong>IOANNIS</strong></span> <span class='ocrx_word' id='word_1_301' title='bbox 1764 388 2240 449; x_wconf 68' lang='lat' dir='ltr'><strong>CIIRYSOSTOMI</strong></span> <span class='ocrx_word' id='word_1_302' title='bbox 2274 388 2596 447; x_wconf 73' lang='lat' dir='ltr'><strong>ARCHIEP.</strong></span> <span class='ocrx_word' id='word_1_303' title='bbox 2623 390 3160 451; x_wconf 75' lang='lat' dir='ltr'><strong>CONSTANTINOP.</strong></span> 
     </span>
    </p>
   </div>
   <div class='ocr_carea' id='block_1_41' title="bbox 3825 394 3929 450">
    <p class='ocr_par' dir='ltr' id='par_1_41' title="bbox 3825 394 3929 450">
     <span class='ocr_line' id='line_1_41' title="bbox 3825 394 3929 450; baseline 0 0"><span class='ocrx_word' id='word_1_304' title='bbox 3825 394 3929 450; x_wconf 67' lang='lat'><strong>336</strong></span> 
     </span>
    </p>
   </div>
   <div class='ocr_carea' id='block_1_42' title="bbox 2334 504 3938 579">
    <p class='ocr_par' dir='ltr' id='par_1_42' title="bbox 2334 504 3938 579">
     <span class='ocr_line' id='line_1_42' title="bbox 2334 504 3938 579; baseline 0.001 -18"><span class='ocrx_word' id='word_1_305' title='bbox 2334 504 2641 561; x_wconf 77' lang='lat' dir='ltr'><strong>deterrct&#39;:</strong></span> <span class='ocrx_word' id='word_1_306' title='bbox 2675 505 2843 561; x_wconf 85' lang='lat' dir='ltr'><strong>allicit</strong></span> <span class='ocrx_word' id='word_1_307' title='bbox 2887 505 3108 576; x_wconf 80' lang='lat' dir='ltr'><strong>pulchre</strong></span> <span class='ocrx_word' id='word_1_308' title='bbox 3156 521 3420 579; x_wconf 89' lang='lat' dir='ltr'><strong>regnum,</strong></span> <span class='ocrx_word' id='word_1_309' title='bbox 3447 506 3687 569; x_wconf 72' lang='lat' dir='ltr'><strong>deterret</strong></span> <span class='ocrx_word' id='word_1_310' title='bbox 3732 508 3938 563; x_wconf 75' lang='lat' dir='ltr'><strong>utiliter</strong></span> 
     </span>
    </p>
   </div>
   <div class='ocr_carea' id='block_1_43' title="bbox 2336 595 3938 668">
    <p class='ocr_par' dir='ltr' id='par_1_43' title="bbox 2336 595 3938 668">
     <span class='ocr_line' id='line_1_43' title="bbox 2336 595 3938 668; baseline 0.001 -17"><span class='ocrx_word' id='word_1_311' title='bbox 2336 596 2600 668; x_wconf 85' lang='lat' dir='ltr'><strong>gehenna.</strong></span> <span class='ocrx_word' id='word_1_312' title='bbox 2629 595 2941 652; x_wconf 83' lang='lat' dir='ltr'><strong>Gebennam</strong></span> <span class='ocrx_word' id='word_1_313' title='bbox 2972 598 3115 653; x_wconf 91' lang='lat' dir='ltr'><strong>enim</strong></span> <span class='ocrx_word' id='word_1_314' title='bbox 3142 598 3502 653; x_wconf 83' lang='lat' dir='ltr'><strong>comminatur</strong></span> <span class='ocrx_word' id='word_1_315' title='bbox 3523 598 3665 654; x_wconf 86' lang='lat' dir='ltr'><strong>Deus</strong></span> <span class='ocrx_word' id='word_1_316' title='bbox 3684 640 3699 664; x_wconf 95' lang='lat'><strong>,</strong></span> <span class='ocrx_word' id='word_1_317' title='bbox 3734 613 3841 654; x_wconf 87' lang='lat' dir='ltr'><strong>non</strong></span> <span class='ocrx_word' id='word_1_318' title='bbox 3873 606 3938 653; x_wconf 76' lang='lat' dir='ltr'><strong>ut</strong></span> 
     </span>
    </p>
   </div>
   <div class='ocr_carea' id='block_1_44' title="bbox 2338 687 3935 760">
    <p class='ocr_par' dir='ltr' id='par_1_44' title="bbox 2338 687 3935 760">
     <span class='ocr_line' id='line_1_44' title="bbox 2338 687 3935 760; baseline 0.002 -19"><span class='ocrx_word' id='word_1_319' title='bbox 2338 687 2389 741; x_wconf 91' lang='lat' dir='ltr'><strong>in</strong></span> <span class='ocrx_word' id='word_1_320' title='bbox 2407 687 2704 758; x_wconf 91' lang='lat' dir='ltr'><strong>gehennam</strong></span> <span class='ocrx_word' id='word_1_321' title='bbox 2730 688 2948 757; x_wconf 81' lang='lat' dir='ltr'><strong>iujiciat,</strong></span> <span class='ocrx_word' id='word_1_322' title='bbox 2970 689 3063 745; x_wconf 87' lang='lat' dir='ltr'><strong>sed</strong></span> <span class='ocrx_word' id='word_1_323' title='bbox 3086 690 3440 760; x_wconf 88' lang='lat' dir='ltr'><strong>utagehenna</strong></span> <span class='ocrx_word' id='word_1_324' title='bbox 3467 689 3676 747; x_wconf 89' lang='lat' dir='ltr'><strong>liberet.</strong></span> <span class='ocrx_word' id='word_1_325' title='bbox 3703 690 3759 746; x_wconf 87' lang='lat' dir='ltr'><strong>Si</strong></span> <span class='ocrx_word' id='word_1_326' title='bbox 3786 691 3935 745; x_wconf 83' lang='lat' dir='ltr'><strong>enim</strong></span> 
     </span>
    </p>
   </div>
   <div class='ocr_carea' id='block_1_45' title="bbox 2336 779 3942 849">
    <p class='ocr_par' dir='ltr' id='par_1_45' title="bbox 2336 779 3942 849">
     <span class='ocr_line' id='line_1_45' title="bbox 2336 779 3942 849; baseline 0.004 -16"><span class='ocrx_word' id='word_1_327' title='bbox 2336 780 2526 849; x_wconf 86' lang='lat' dir='ltr'><strong>punire</strong></span> <span class='ocrx_word' id='word_1_328' title='bbox 2559 779 2740 843; x_wconf 84' lang='lat' dir='ltr'><strong>vellet,</strong></span> <span class='ocrx_word' id='word_1_329' title='bbox 2770 796 2875 835; x_wconf 91' lang='lat' dir='ltr'><strong>non</strong></span> <span class='ocrx_word' id='word_1_330' title='bbox 2912 791 3035 837; x_wconf 86' lang='lat' dir='ltr'><strong>ante</strong></span> <span class='ocrx_word' id='word_1_331' title='bbox 3056 782 3287 837; x_wconf 90' lang='lat' dir='ltr'><strong>minatus</strong></span> <span class='ocrx_word' id='word_1_332' title='bbox 3306 793 3467 849; x_wconf 87' lang='lat' dir='ltr'><strong>esset,</strong></span> <span class='ocrx_word' id='word_1_333' title='bbox 3497 792 3555 838; x_wconf 91' lang='lat' dir='ltr'><strong>ut</strong></span> <span class='ocrx_word' id='word_1_334' title='bbox 3581 795 3737 839; x_wconf 87' lang='lat' dir='ltr'><strong>caute</strong></span> <span class='ocrx_word' id='word_1_335' title='bbox 3759 783 3942 839; x_wconf 80' lang='lat' dir='ltr'><strong>minas</strong></span> 
     </span>
    </p>
   </div>
   <div class='ocr_carea' id='block_1_46' title="bbox 2336 870 3941 971">
    <p class='ocr_par' dir='ltr' id='par_1_46' title="bbox 2336 870 3941 971">
     <span class='ocr_line' id='line_1_46' title="bbox 2336 870 3941 971; baseline 0.006 -52"><span class='ocrx_word' id='word_1_336' title='bbox 2336 870 2647 925; x_wconf 77' lang='lat' dir='ltr'><strong>vitarentus.</strong></span> <span class='ocrx_word' id='word_1_337' title='bbox 2662 870 3033 927; x_wconf 89' lang='lat' dir='ltr'><strong>Comminatur</strong></span> <span class='ocrx_word' id='word_1_338' title='bbox 3054 871 3396 943; x_wconf 90' lang='lat' dir='ltr'><strong>supplicium,</strong></span> <span class='ocrx_word' id='word_1_339' title='bbox 3418 882 3474 927; x_wconf 87' lang='lat' dir='ltr'><strong>ut</strong></span> <span class='ocrx_word' id='word_1_340' title='bbox 3496 873 3747 971; x_wconf 51' lang='lat' dir='ltr'><strong>supplipii</strong></span> <span class='ocrx_word' id='word_1_341' title='bbox 3771 888 3941 942; x_wconf 86' lang='lat' dir='ltr'><strong>expe-</strong></span> 
     </span>
    </p>
   </div>
   <div class='ocr_carea' id='block_1_47' title="bbox 2334 959 3941 1035">
    <p class='ocr_par' dir='ltr' id='par_1_47' title="bbox 2334 959 3941 1035">
     <span class='ocr_line' id='line_1_47' title="bbox 2334 959 3941 1035; baseline 0 -18"><span class='ocrx_word' id='word_1_342' title='bbox 2334 962 2626 1017; x_wconf 90' lang='lat' dir='ltr'><strong>rimentum</strong></span> <span class='ocrx_word' id='word_1_343' title='bbox 2671 959 2980 1031; x_wconf 87' lang='lat' dir='ltr'><strong>fugiamus:</strong></span> <span class='ocrx_word' id='word_1_344' title='bbox 3025 971 3195 1018; x_wconf 89' lang='lat' dir='ltr'><strong>terret</strong></span> <span class='ocrx_word' id='word_1_345' title='bbox 3238 963 3441 1030; x_wconf 86' lang='lat' dir='ltr'><strong>verbo,</strong></span> <span class='ocrx_word' id='word_1_346' title='bbox 3488 973 3547 1018; x_wconf 87' lang='lat' dir='ltr'><strong>ut</strong></span> <span class='ocrx_word' id='word_1_347' title='bbox 3595 959 3704 1019; x_wconf 73' lang='lat' dir='ltr'><strong>non</strong></span> <span class='ocrx_word' id='word_1_348' title='bbox 3746 964 3941 1035; x_wconf 85' lang='lat' dir='ltr'><strong>puniat</strong></span> 
     </span>
    </p>
   </div>
   <div class='ocr_carea' id='block_1_48' title="bbox 2339 1042 3939 1124">
    <p class='ocr_par' dir='ltr' id='par_1_48' title="bbox 2339 1042 3939 1124">
     <span class='ocr_line' id='line_1_48' title="bbox 2339 1042 3939 1124; baseline 0.004 -18"><span class='ocrx_word' id='word_1_349' title='bbox 2339 1065 2520 1122; x_wconf 90' lang='lat' dir='ltr'><strong>opere.</strong></span> <span class='ocrx_word' id='word_1_350' title='bbox 2548 1042 2899 1108; x_wconf 77' lang='lat' dir='ltr'><strong>aneremur</strong></span> <span class='ocrx_word' id='word_1_351' title='bbox 2921 1054 3098 1124; x_wconf 87' lang='lat' dir='ltr'><strong>itaque</strong></span> <span class='ocrx_word' id='word_1_352' title='bbox 3133 1055 3239 1110; x_wconf 88' lang='lat' dir='ltr'><strong>Deo</strong></span> <span class='ocrx_word' id='word_1_353' title='bbox 3280 1055 3642 1110; x_wconf 86' lang='lat' dir='ltr'><strong>clementiam.</strong></span> <span class='ocrx_word' id='word_1_354' title='bbox 3674 1054 3939 1112; x_wconf 75' lang='lat' dir='ltr'><strong>Ftenere-</strong></span> 
     </span>
    </p>
   </div>
   <div class='ocr_carea' id='block_1_49' title="bbox 2341 1144 3939 1211">
    <p class='ocr_par' dir='ltr' id='par_1_49' title="bbox 2341 1144 3939 1211">
     <span class='ocr_line' id='line_1_49' title="bbox 2341 1144 3939 1211; baseline 0.003 -14"><span class='ocrx_word' id='word_1_355' title='bbox 2341 1156 2493 1211; x_wconf 89' lang='lat' dir='ltr'><strong>mur,</strong></span> <span class='ocrx_word' id='word_1_356' title='bbox 2527 1153 2586 1198; x_wconf 91' lang='lat' dir='ltr'><strong>ut</strong></span> <span class='ocrx_word' id='word_1_357' title='bbox 2624 1144 2961 1200; x_wconf 79' lang='lat' dir='ltr'><strong>inveniamus</strong></span> <span class='ocrx_word' id='word_1_358' title='bbox 2992 1146 3139 1200; x_wconf 90' lang='lat' dir='ltr'><strong>illum</strong></span> <span class='ocrx_word' id='word_1_359' title='bbox 3168 1146 3467 1201; x_wconf 87' lang='lat' dir='ltr'><strong>debitorem</strong></span> <span class='ocrx_word' id='word_1_360' title='bbox 3487 1187 3503 1211; x_wconf 91' lang='lat'><strong>,</strong></span> <span class='ocrx_word' id='word_1_361' title='bbox 3552 1155 3612 1202; x_wconf 87' lang='lat' dir='ltr'><strong>ut</strong></span> <span class='ocrx_word' id='word_1_362' title='bbox 3636 1156 3761 1203; x_wconf 86' lang='lat' dir='ltr'><strong>ante</strong></span> <span class='ocrx_word' id='word_1_363' title='bbox 3788 1146 3939 1211; x_wconf 89' lang='lat' dir='ltr'><strong>dixi,</strong></span> 
     </span>
    </p>
   </div>
   <div class='ocr_carea' id='block_1_50' title="bbox 2341 1234 3939 1304">
    <p class='ocr_par' dir='ltr' id='par_1_50' title="bbox 2341 1234 3939 1304">
     <span class='ocr_line' id='line_1_50' title="bbox 2341 1234 3939 1304; baseline 0.003 -15"><span class='ocrx_word' id='word_1_364' title='bbox 2341 1250 2447 1289; x_wconf 82' lang='lat' dir='ltr'><strong>non</strong></span> <span class='ocrx_word' id='word_1_365' title='bbox 2469 1234 2745 1304; x_wconf 89' lang='lat' dir='ltr'><strong>judicem:</strong></span> <span class='ocrx_word' id='word_1_366' title='bbox 2790 1246 3071 1293; x_wconf 78' lang='lat' dir='ltr'><strong>reveretur</strong></span> <span class='ocrx_word' id='word_1_367' title='bbox 3111 1236 3254 1291; x_wconf 90' lang='lat' dir='ltr'><strong>enim</strong></span> <span class='ocrx_word' id='word_1_368' title='bbox 3300 1236 3511 1292; x_wconf 86' lang='lat' dir='ltr'><strong>debitor</strong></span> <span class='ocrx_word' id='word_1_369' title='bbox 3549 1236 3939 1301; x_wconf 80' lang='lat' dir='ltr'><strong>ftencrantem,</strong></span> 
     </span>
    </p>
   </div>
   <div class='ocr_carea' id='block_1_51' title="bbox 2341 1326 3937 1403">
    <p class='ocr_par' dir='ltr' id='par_1_51' title="bbox 2341 1326 3937 1403">
     <span class='ocr_line' id='line_1_51' title="bbox 2341 1326 3937 1403; baseline 0.002 -23"><span class='ocrx_word' id='word_1_370' title='bbox 2341 1336 2616 1381; x_wconf 84' lang='lat' dir='ltr'><strong>reveretur</strong></span> <span class='ocrx_word' id='word_1_371' title='bbox 2636 1341 2761 1382; x_wconf 90' lang='lat' dir='ltr'><strong>eum</strong></span> <span class='ocrx_word' id='word_1_372' title='bbox 2790 1336 2845 1382; x_wconf 90' lang='lat' dir='ltr'><strong>et</strong></span> <span class='ocrx_word' id='word_1_373' title='bbox 2872 1328 3161 1383; x_wconf 87' lang='lat' dir='ltr'><strong>erubescit.</strong></span> <span class='ocrx_word' id='word_1_374' title='bbox 3186 1326 3242 1383; x_wconf 91' lang='lat' dir='ltr'><strong>Si</strong></span> <span class='ocrx_word' id='word_1_375' title='bbox 3268 1327 3559 1384; x_wconf 70' lang='lat' dir='ltr'><strong>faenerator</strong></span> <span class='ocrx_word' id='word_1_376' title='bbox 3578 1327 3645 1383; x_wconf 89' lang='lat' dir='ltr'><strong>ad</strong></span> <span class='ocrx_word' id='word_1_377' title='bbox 3672 1328 3937 1403; x_wconf 85' lang='lat' dir='ltr'><strong>debitoris</strong></span> 
     </span>
    </p>
   </div>
   <div class='ocr_carea' id='block_1_52' title="bbox 2335 1415 3940 1491">
    <p class='ocr_par' dir='ltr' id='par_1_52' title="bbox 2335 1415 3940 1491">
     <span class='ocr_line' id='line_1_52' title="bbox 2335 1415 3940 1491; baseline 0.004 -23"><span class='ocrx_word' id='word_1_378' title='bbox 2335 1415 2553 1485; x_wconf 87' lang='lat' dir='ltr'><strong>januam</strong></span> <span class='ocrx_word' id='word_1_379' title='bbox 2579 1417 2820 1485; x_wconf 87' lang='lat' dir='ltr'><strong>accedat,</strong></span> <span class='ocrx_word' id='word_1_380' title='bbox 2847 1416 2933 1472; x_wconf 88' lang='lat' dir='ltr'><strong>hic</strong></span> <span class='ocrx_word' id='word_1_381' title='bbox 2958 1418 3003 1472; x_wconf 91' lang='lat' dir='ltr'><strong>si</strong></span> <span class='ocrx_word' id='word_1_382' title='bbox 3029 1418 3184 1488; x_wconf 87' lang='lat' dir='ltr'><strong>inops</strong></span> <span class='ocrx_word' id='word_1_383' title='bbox 3206 1417 3298 1484; x_wconf 86' lang='lat' dir='ltr'><strong>sit,</strong></span> <span class='ocrx_word' id='word_1_384' title='bbox 3325 1418 3487 1489; x_wconf 84' lang='lat' dir='ltr'><strong>fugit;</strong></span> <span class='ocrx_word' id='word_1_385' title='bbox 3514 1419 3595 1473; x_wconf 91' lang='lat' dir='ltr'><strong>sin</strong></span> <span class='ocrx_word' id='word_1_386' title='bbox 3626 1418 3940 1491; x_wconf 85' lang='lat' dir='ltr'><strong>opulentus,</strong></span> 
     </span>
    </p>
   </div>
   <div class='ocr_carea' id='block_1_53' title="bbox 2342 1508 3943 1583">
    <p class='ocr_par' dir='ltr' id='par_1_53' title="bbox 2342 1508 3943 1583">
     <span class='ocr_line' id='line_1_53' title="bbox 2342 1508 3943 1583; baseline 0.003 -22"><span class='ocrx_word' id='word_1_387' title='bbox 2342 1522 2465 1561; x_wconf 92' lang='lat' dir='ltr'><strong>eum</strong></span> <span class='ocrx_word' id='word_1_388' title='bbox 2498 1523 2617 1563; x_wconf 91' lang='lat' dir='ltr'><strong>cum</strong></span> <span class='ocrx_word' id='word_1_389' title='bbox 2649 1508 2837 1564; x_wconf 79' lang='lat' dir='ltr'><strong>ﬁducia</strong></span> <span class='ocrx_word' id='word_1_390' title='bbox 2867 1510 3086 1581; x_wconf 85' lang='lat' dir='ltr'><strong>excipit.</strong></span> <span class='ocrx_word' id='word_1_391' title='bbox 3110 1509 3249 1567; x_wconf 73' lang='lat' dir='ltr'><strong>Vide</strong></span> <span class='ocrx_word' id='word_1_392' title='bbox 3275 1509 3406 1566; x_wconf 89' lang='lat' dir='ltr'><strong>mihi</strong></span> <span class='ocrx_word' id='word_1_393' title='bbox 3432 1511 3659 1566; x_wconf 87' lang='lat' dir='ltr'><strong>alterum</strong></span> <span class='ocrx_word' id='word_1_394' title='bbox 3684 1511 3818 1581; x_wconf 89' lang='lat' dir='ltr'><strong>justi</strong></span> <span class='ocrx_word' id='word_1_395' title='bbox 3849 1512 3943 1583; x_wconf 87' lang='lat' dir='ltr'><strong>ju-</strong></span> 
     </span>
    </p>
   </div>
   <div class='ocr_carea' id='block_1_54' title="bbox 2342 1598 3943 1675">
    <p class='ocr_par' dir='ltr' id='par_1_54' title="bbox 2342 1598 3943 1675">
     <span class='ocr_line' id='line_1_54' title="bbox 2342 1598 3943 1675; baseline 0.004 -22"><span class='ocrx_word' id='word_1_396' title='bbox 2342 1598 2478 1654; x_wconf 81' lang='lat' dir='ltr'><strong>dicis</strong></span> <span class='ocrx_word' id='word_1_397' title='bbox 2505 1600 2821 1655; x_wconf 82' lang='lat' dir='ltr'><strong>miraculum</strong></span> <span class='ocrx_word' id='word_1_398' title='bbox 2848 1601 3096 1657; x_wconf 84' lang='lat' dir='ltr'><strong>humanis</strong></span> <span class='ocrx_word' id='word_1_399' title='bbox 3125 1617 3191 1658; x_wconf 90' lang='lat' dir='ltr'><strong>ex</strong></span> <span class='ocrx_word' id='word_1_400' title='bbox 3213 1603 3377 1659; x_wconf 83' lang='lat' dir='ltr'><strong>rebus</strong></span> <span class='ocrx_word' id='word_1_401' title='bbox 3398 1604 3748 1675; x_wconf 86' lang='lat' dir='ltr'><strong>propositum.</strong></span> <span class='ocrx_word' id='word_1_402' title='bbox 3775 1604 3832 1659; x_wconf 83' lang='lat' dir='ltr'><strong>Si</strong></span> <span class='ocrx_word' id='word_1_403' title='bbox 3852 1605 3943 1659; x_wconf 88' lang='lat' dir='ltr'><strong>cui</strong></span> 
     </span>
    </p>
   </div>
   <div class='ocr_carea' id='block_1_55' title="bbox 2346 1689 3943 1763">
    <p class='ocr_par' dir='ltr' id='par_1_55' title="bbox 2346 1689 3943 1763">
     <span class='ocr_line' id='line_1_55' title="bbox 2346 1689 3943 1763; baseline 0.004 -19"><span class='ocrx_word' id='word_1_404' title='bbox 2346 1689 2399 1744; x_wconf 91' lang='lat' dir='ltr'><strong>in</strong></span> <span class='ocrx_word' id='word_1_405' title='bbox 2429 1699 2742 1760; x_wconf 85' lang='lat' dir='ltr'><strong>paupertate</strong></span> <span class='ocrx_word' id='word_1_406' title='bbox 2771 1691 2984 1763; x_wconf 77' lang='lat' dir='ltr'><strong>degenti</strong></span> <span class='ocrx_word' id='word_1_407' title='bbox 3015 1692 3311 1749; x_wconf 72' lang='lat' dir='ltr'><strong>fmueratus</strong></span> <span class='ocrx_word' id='word_1_408' title='bbox 3340 1693 3528 1761; x_wconf 87' lang='lat' dir='ltr'><strong>fueris,</strong></span> <span class='ocrx_word' id='word_1_409' title='bbox 3560 1710 3625 1750; x_wconf 91' lang='lat' dir='ltr'><strong>ac</strong></span> <span class='ocrx_word' id='word_1_410' title='bbox 3650 1694 3846 1752; x_wconf 90' lang='lat' dir='ltr'><strong>deinde</strong></span> <span class='ocrx_word' id='word_1_411' title='bbox 3869 1696 3943 1750; x_wconf 88' lang='lat' dir='ltr'><strong>ad</strong></span> 
     </span>
    </p>
   </div>
   <div class='ocr_carea' id='block_1_56' title="bbox 2344 1784 3941 1857">
    <p class='ocr_par' dir='ltr' id='par_1_56' title="bbox 2344 1784 3941 1857">
     <span class='ocr_line' id='line_1_56' title="bbox 2344 1784 3941 1857; baseline 0.003 -21"><span class='ocrx_word' id='word_1_412' title='bbox 2344 1796 2655 1852; x_wconf 87' lang='lat' dir='ltr'><strong>prosperam</strong></span> <span class='ocrx_word' id='word_1_413' title='bbox 2683 1784 2949 1839; x_wconf 88' lang='lat' dir='ltr'><strong>fortunam</strong></span> <span class='ocrx_word' id='word_1_414' title='bbox 2981 1786 3193 1841; x_wconf 81' lang='lat' dir='ltr'><strong>venerit</strong></span> <span class='ocrx_word' id='word_1_415' title='bbox 3212 1786 3257 1840; x_wconf 93' lang='lat' dir='ltr'><strong>is</strong></span> <span class='ocrx_word' id='word_1_416' title='bbox 3277 1826 3294 1852; x_wconf 96' lang='lat'><strong>,</strong></span> <span class='ocrx_word' id='word_1_417' title='bbox 3317 1788 3408 1857; x_wconf 90' lang='lat' dir='ltr'><strong>qui</strong></span> <span class='ocrx_word' id='word_1_418' title='bbox 3437 1795 3677 1841; x_wconf 90' lang='lat' dir='ltr'><strong>mutuum</strong></span> <span class='ocrx_word' id='word_1_419' title='bbox 3706 1788 3941 1857; x_wconf 86' lang='lat' dir='ltr'><strong>accepit,</strong></span> 
     </span>
    </p>
   </div>
   <div class='ocr_carea' id='block_1_57' title="bbox 2344 1872 3944 1948">
    <p class='ocr_par' dir='ltr' id='par_1_57' title="bbox 2344 1872 3944 1948">
     <span class='ocr_line' id='line_1_57' title="bbox 2344 1872 3944 1948; baseline 0.004 -21"><span class='ocrx_word' id='word_1_420' title='bbox 2344 1872 2546 1945; x_wconf 86' lang='lat' dir='ltr'><strong>tibique</strong></span> <span class='ocrx_word' id='word_1_421' title='bbox 2575 1875 2813 1930; x_wconf 84' lang='lat' dir='ltr'><strong>debitum</strong></span> <span class='ocrx_word' id='word_1_422' title='bbox 2841 1875 3068 1933; x_wconf 87' lang='lat' dir='ltr'><strong>reddere</strong></span> <span class='ocrx_word' id='word_1_423' title='bbox 3098 1876 3296 1948; x_wconf 86' lang='lat' dir='ltr'><strong>possit,</strong></span> <span class='ocrx_word' id='word_1_424' title='bbox 3326 1877 3525 1934; x_wconf 88' lang='lat' dir='ltr'><strong>multos</strong></span> <span class='ocrx_word' id='word_1_425' title='bbox 3543 1879 3701 1944; x_wconf 88' lang='lat' dir='ltr'><strong>latet,</strong></span> <span class='ocrx_word' id='word_1_426' title='bbox 3731 1890 3787 1935; x_wconf 91' lang='lat' dir='ltr'><strong>et</strong></span> <span class='ocrx_word' id='word_1_427' title='bbox 3814 1879 3944 1934; x_wconf 61' lang='lat' dir='ltr'><strong>red-</strong></span> 
     </span>
    </p>
   </div>
   <div class='ocr_carea' id='block_1_58' title="bbox 2345 1963 3943 2041">
    <p class='ocr_par' dir='ltr' id='par_1_58' title="bbox 2345 1963 3943 2041">
     <span class='ocr_line' id='line_1_58' title="bbox 2345 1963 3943 2041; baseline 0.005 -24"><span class='ocrx_word' id='word_1_428' title='bbox 2345 1963 2445 2030; x_wconf 89' lang='lat' dir='ltr'><strong>dit,</strong></span> <span class='ocrx_word' id='word_1_429' title='bbox 2474 1979 2542 2019; x_wconf 91' lang='lat' dir='ltr'><strong>ne</strong></span> <span class='ocrx_word' id='word_1_430' title='bbox 2562 1964 2629 2020; x_wconf 91' lang='lat' dir='ltr'><strong>de</strong></span> <span class='ocrx_word' id='word_1_431' title='bbox 2656 1966 2819 2034; x_wconf 92' lang='lat' dir='ltr'><strong>priori</strong></span> <span class='ocrx_word' id='word_1_432' title='bbox 2847 1980 2946 2021; x_wconf 87' lang='lat' dir='ltr'><strong>suo</strong></span> <span class='ocrx_word' id='word_1_433' title='bbox 2975 1975 3118 2023; x_wconf 89' lang='lat' dir='ltr'><strong>statu</strong></span> <span class='ocrx_word' id='word_1_434' title='bbox 3146 1967 3469 2024; x_wconf 87' lang='lat' dir='ltr'><strong>erubescat:</strong></span> <span class='ocrx_word' id='word_1_435' title='bbox 3503 1976 3559 2024; x_wconf 88' lang='lat' dir='ltr'><strong>et</strong></span> <span class='ocrx_word' id='word_1_436' title='bbox 3585 1970 3789 2041; x_wconf 83' lang='lat' dir='ltr'><strong>gratias</strong></span> <span class='ocrx_word' id='word_1_437' title='bbox 3813 1969 3943 2041; x_wconf 87' lang='lat' dir='ltr'><strong>qui-</strong></span> 
     </span>
    </p>
   </div>
   <div class='ocr_carea' id='block_1_59' title="bbox 2346 2054 3944 2131">
    <p class='ocr_par' dir='ltr' id='par_1_59' title="bbox 2346 2054 3944 2131">
     <span class='ocr_line' id='line_1_59' title="bbox 2346 2054 3944 2131; baseline 0.004 -21"><span class='ocrx_word' id='word_1_438' title='bbox 2346 2054 2469 2110; x_wconf 88' lang='lat' dir='ltr'><strong>dem</strong></span> <span class='ocrx_word' id='word_1_439' title='bbox 2497 2056 2673 2111; x_wconf 83' lang='lat' dir='ltr'><strong>reddit</strong></span> <span class='ocrx_word' id='word_1_440' title='bbox 2691 2100 2705 2121; x_wconf 88' lang='lat'><strong>,</strong></span> <span class='ocrx_word' id='word_1_441' title='bbox 2734 2058 2828 2113; x_wconf 88' lang='lat' dir='ltr'><strong>sed</strong></span> <span class='ocrx_word' id='word_1_442' title='bbox 2854 2073 2965 2129; x_wconf 78' lang='lat' dir='ltr'><strong>prae</strong></span> <span class='ocrx_word' id='word_1_443' title='bbox 2995 2058 3190 2128; x_wconf 75' lang='lat' dir='ltr'><strong>inopiae</strong></span> <span class='ocrx_word' id='word_1_444' title='bbox 3218 2060 3462 2130; x_wconf 67' lang='lat' dir='ltr'><strong>pristinas</strong></span> <span class='ocrx_word' id='word_1_445' title='bbox 3500 2060 3705 2131; x_wconf 89' lang='lat' dir='ltr'><strong>pudore</strong></span> <span class='ocrx_word' id='word_1_446' title='bbox 3732 2061 3944 2117; x_wconf 73' lang='lat' dir='ltr'><strong>beneﬁ-</strong></span> 
     </span>
    </p>
   </div>
   <div class='ocr_carea' id='block_1_60' title="bbox 2345 2152 3945 2222">
    <p class='ocr_par' dir='ltr' id='par_1_60' title="bbox 2345 2152 3945 2222">
     <span class='ocr_line' id='line_1_60' title="bbox 2345 2152 3945 2222; baseline 0.004 -17"><span class='ocrx_word' id='word_1_447' title='bbox 2345 2152 2485 2206; x_wconf 90' lang='lat' dir='ltr'><strong>cium</strong></span> <span class='ocrx_word' id='word_1_448' title='bbox 2508 2154 2759 2211; x_wconf 87' lang='lat' dir='ltr'><strong>occultat.</strong></span> <span class='ocrx_word' id='word_1_449' title='bbox 2784 2157 2851 2208; x_wconf 84' lang='lat' dir='ltr'><strong>At</strong></span> <span class='ocrx_word' id='word_1_450' title='bbox 2869 2169 2974 2209; x_wconf 90' lang='lat' dir='ltr'><strong>non</strong></span> <span class='ocrx_word' id='word_1_451' title='bbox 2996 2154 3067 2209; x_wconf 88' lang='lat' dir='ltr'><strong>ita</strong></span> <span class='ocrx_word' id='word_1_452' title='bbox 3090 2154 3231 2211; x_wconf 88' lang='lat' dir='ltr'><strong>Deus</strong></span> <span class='ocrx_word' id='word_1_453' title='bbox 3255 2155 3399 2222; x_wconf 87' lang='lat' dir='ltr'><strong>facit,</strong></span> <span class='ocrx_word' id='word_1_454' title='bbox 3421 2155 3515 2211; x_wconf 89' lang='lat' dir='ltr'><strong>scd</strong></span> <span class='ocrx_word' id='word_1_455' title='bbox 3536 2156 3674 2211; x_wconf 91' lang='lat' dir='ltr'><strong>clam</strong></span> <span class='ocrx_word' id='word_1_456' title='bbox 3696 2166 3945 2211; x_wconf 89' lang='lat' dir='ltr'><strong>mutuum</strong></span> 
     </span>
    </p>
   </div>
   <div class='ocr_carea' id='block_1_61' title="bbox 2345 2243 3944 2316">
    <p class='ocr_par' dir='ltr' id='par_1_61' title="bbox 2345 2243 3944 2316">
     <span class='ocr_line' id='line_1_61' title="bbox 2345 2243 3944 2316; baseline 0.004 -20"><span class='ocrx_word' id='word_1_457' title='bbox 2345 2243 2558 2313; x_wconf 86' lang='lat' dir='ltr'><strong>accipit,</strong></span> <span class='ocrx_word' id='word_1_458' title='bbox 2582 2252 2635 2299; x_wconf 90' lang='lat' dir='ltr'><strong>et</strong></span> <span class='ocrx_word' id='word_1_459' title='bbox 2663 2244 2835 2313; x_wconf 88' lang='lat' dir='ltr'><strong>palam</strong></span> <span class='ocrx_word' id='word_1_460' title='bbox 2859 2244 3130 2316; x_wconf 89' lang='lat' dir='ltr'><strong>libereque</strong></span> <span class='ocrx_word' id='word_1_461' title='bbox 3157 2256 3400 2300; x_wconf 87' lang='lat' dir='ltr'><strong>mutuum</strong></span> <span class='ocrx_word' id='word_1_462' title='bbox 3424 2244 3617 2301; x_wconf 89' lang='lat' dir='ltr'><strong>reddit.</strong></span> <span class='ocrx_word' id='word_1_463' title='bbox 3641 2246 3773 2300; x_wconf 87' lang='lat' dir='ltr'><strong>Cum</strong></span> <span class='ocrx_word' id='word_1_464' title='bbox 3796 2246 3944 2302; x_wconf 86' lang='lat' dir='ltr'><strong>enim</strong></span> 
     </span>
    </p>
   </div>
   <div class='ocr_carea' id='block_1_62' title="bbox 2347 2333 3944 2407">
    <p class='ocr_par' dir='ltr' id='par_1_62' title="bbox 2347 2333 3944 2407">
     <span class='ocr_line' id='line_1_62' title="bbox 2347 2333 3944 2407; baseline 0.003 -21"><span class='ocrx_word' id='word_1_465' title='bbox 2347 2333 2570 2401; x_wconf 90' lang='lat' dir='ltr'><strong>accipit,</strong></span> <span class='ocrx_word' id='word_1_466' title='bbox 2598 2334 2736 2389; x_wconf 87' lang='lat' dir='ltr'><strong>clam</strong></span> <span class='ocrx_word' id='word_1_467' title='bbox 2780 2350 2876 2404; x_wconf 92' lang='lat' dir='ltr'><strong>per</strong></span> <span class='ocrx_word' id='word_1_468' title='bbox 2914 2335 3314 2406; x_wconf 85' lang='lat' dir='ltr'><strong>eleemosynam</strong></span> <span class='ocrx_word' id='word_1_469' title='bbox 3339 2336 3566 2407; x_wconf 88' lang='lat' dir='ltr'><strong>accipit;</strong></span> <span class='ocrx_word' id='word_1_470' title='bbox 3610 2352 3730 2391; x_wconf 88' lang='lat' dir='ltr'><strong>cum</strong></span> <span class='ocrx_word' id='word_1_471' title='bbox 3759 2346 3944 2393; x_wconf 88' lang='lat' dir='ltr'><strong>autem</strong></span> 
     </span>
    </p>
   </div>
   <div class='ocr_carea' id='block_1_63' title="bbox 2346 2425 3942 2491">
    <p class='ocr_par' dir='ltr' id='par_1_63' title="bbox 2346 2425 3942 2491">
     <span class='ocr_line' id='line_1_63' title="bbox 2346 2425 3942 2491; baseline 0.003 -13"><span class='ocrx_word' id='word_1_472' title='bbox 2346 2425 2555 2491; x_wconf 88' lang='lat' dir='ltr'><strong>reddit,</strong></span> <span class='ocrx_word' id='word_1_473' title='bbox 2599 2427 2652 2481; x_wconf 90' lang='lat' dir='ltr'><strong>in</strong></span> <span class='ocrx_word' id='word_1_474' title='bbox 2682 2427 2851 2482; x_wconf 89' lang='lat' dir='ltr'><strong>oculis</strong></span> <span class='ocrx_word' id='word_1_475' title='bbox 2891 2428 3155 2483; x_wconf 67' lang='lat' dir='ltr'><strong>universae</strong></span> <span class='ocrx_word' id='word_1_476' title='bbox 3199 2438 3463 2484; x_wconf 70' lang='lat' dir='ltr'><strong>creatum</strong></span> <span class='ocrx_word' id='word_1_477' title='bbox 3500 2427 3696 2484; x_wconf 88' lang='lat' dir='ltr'><strong>reddit.</strong></span> <span class='ocrx_word' id='word_1_478' title='bbox 3726 2428 3798 2483; x_wconf 82' lang='lat' dir='ltr'><strong>At</strong></span> <span class='ocrx_word' id='word_1_479' title='bbox 3835 2428 3942 2483; x_wconf 88' lang='lat' dir='ltr'><strong>for-</strong></span> 
     </span>
    </p>
   </div>
   <div class='ocr_carea' id='block_1_64' title="bbox 2348 2516 3943 2589">
    <p class='ocr_par' dir='ltr' id='par_1_64' title="bbox 2348 2516 3943 2589">
     <span class='ocr_line' id='line_1_64' title="bbox 2348 2516 3943 2589; baseline 0.004 -19"><span class='ocrx_word' id='word_1_480' title='bbox 2348 2524 2489 2572; x_wconf 89' lang='lat' dir='ltr'><strong>tasse</strong></span> <span class='ocrx_word' id='word_1_481' title='bbox 2523 2516 2670 2573; x_wconf 90' lang='lat' dir='ltr'><strong>dicat</strong></span> <span class='ocrx_word' id='word_1_482' title='bbox 2698 2519 2961 2589; x_wconf 88' lang='lat' dir='ltr'><strong>quispiam</strong></span> <span class='ocrx_word' id='word_1_483' title='bbox 2990 2538 3004 2575; x_wconf 92' lang='lat'><strong>:</strong></span> <span class='ocrx_word' id='word_1_484' title='bbox 3034 2521 3212 2586; x_wconf 79' lang='lat' dir='ltr'><strong>Quare</strong></span> <span class='ocrx_word' id='word_1_485' title='bbox 3235 2519 3449 2576; x_wconf 87' lang='lat' dir='ltr'><strong>tandem</strong></span> <span class='ocrx_word' id='word_1_486' title='bbox 3471 2561 3487 2587; x_wconf 96' lang='lat'><strong>,</strong></span> <span class='ocrx_word' id='word_1_487' title='bbox 3531 2529 3589 2576; x_wconf 89' lang='lat' dir='ltr'><strong>ut</strong></span> <span class='ocrx_word' id='word_1_488' title='bbox 3620 2520 3749 2586; x_wconf 82' lang='lat' dir='ltr'><strong>mihi</strong></span> <span class='ocrx_word' id='word_1_489' title='bbox 3787 2521 3943 2576; x_wconf 80' lang='lat' dir='ltr'><strong>diviti</strong></span> 
     </span>
    </p>
   </div>
   <div class='ocr_carea' id='block_1_65' title="bbox 2347 2606 3941 2682">
    <p class='ocr_par' dir='ltr' id='par_1_65' title="bbox 2347 2606 3941 2682">
     <span class='ocr_line' id='line_1_65' title="bbox 2347 2606 3941 2682; baseline 0.003 -21"><span class='ocrx_word' id='word_1_490' title='bbox 2347 2606 2511 2672; x_wconf 89' lang='lat' dir='ltr'><strong>dedit,</strong></span> <span class='ocrx_word' id='word_1_491' title='bbox 2545 2624 2647 2663; x_wconf 93' lang='lat' dir='ltr'><strong>non</strong></span> <span class='ocrx_word' id='word_1_492' title='bbox 2676 2610 2745 2663; x_wconf 90' lang='lat' dir='ltr'><strong>ita</strong></span> <span class='ocrx_word' id='word_1_493' title='bbox 2765 2625 2975 2680; x_wconf 90' lang='lat' dir='ltr'><strong>quoque</strong></span> <span class='ocrx_word' id='word_1_494' title='bbox 3014 2611 3234 2681; x_wconf 89' lang='lat' dir='ltr'><strong>pauperi</strong></span> <span class='ocrx_word' id='word_1_495' title='bbox 3268 2610 3457 2667; x_wconf 80' lang='lat' dir='ltr'><strong>dedit?</strong></span> <span class='ocrx_word' id='word_1_496' title='bbox 3484 2611 3700 2666; x_wconf 81' lang='lat' dir='ltr'><strong>Poterat</strong></span> <span class='ocrx_word' id='word_1_497' title='bbox 3720 2612 3941 2682; x_wconf 87' lang='lat' dir='ltr'><strong>quidem</strong></span> 
     </span>
    </p>
   </div>
   <div class='ocr_carea' id='block_1_66' title="bbox 2346 2701 3941 2773">
    <p class='ocr_par' dir='ltr' id='par_1_66' title="bbox 2346 2701 3941 2773">
     <span class='ocr_line' id='line_1_66' title="bbox 2346 2701 3941 2773; baseline 0.003 -20"><span class='ocrx_word' id='word_1_498' title='bbox 2346 2701 2439 2754; x_wconf 90' lang='lat' dir='ltr'><strong>tibi</strong></span> <span class='ocrx_word' id='word_1_499' title='bbox 2464 2701 2713 2756; x_wconf 89' lang='lat' dir='ltr'><strong>similiter</strong></span> <span class='ocrx_word' id='word_1_500' title='bbox 2736 2702 2896 2767; x_wconf 88' lang='lat' dir='ltr'><strong>dare,</strong></span> <span class='ocrx_word' id='word_1_501' title='bbox 2929 2712 2991 2757; x_wconf 92' lang='lat' dir='ltr'><strong>ut</strong></span> <span class='ocrx_word' id='word_1_502' title='bbox 3015 2704 3235 2773; x_wconf 86' lang='lat' dir='ltr'><strong>pauperi</strong></span> <span class='ocrx_word' id='word_1_503' title='bbox 3262 2702 3444 2769; x_wconf 90' lang='lat' dir='ltr'><strong>dedit;</strong></span> <span class='ocrx_word' id='word_1_504' title='bbox 3480 2703 3574 2758; x_wconf 89' lang='lat' dir='ltr'><strong>sed</strong></span> <span class='ocrx_word' id='word_1_505' title='bbox 3606 2704 3805 2768; x_wconf 83' lang='lat' dir='ltr'><strong>uoluit,</strong></span> <span class='ocrx_word' id='word_1_506' title='bbox 3840 2718 3941 2759; x_wconf 85' lang='lat' dir='ltr'><strong>nee</strong></span> 
     </span>
    </p>
   </div>
   <div class='ocr_carea' id='block_1_67' title="bbox 2344 2788 3940 2864">
    <p class='ocr_par' dir='ltr' id='par_1_67' title="bbox 2344 2788 3940 2864">
     <span class='ocr_line' id='line_1_67' title="bbox 2344 2788 3940 2864; baseline 0.004 -21"><span class='ocrx_word' id='word_1_507' title='bbox 2344 2788 2555 2845; x_wconf 86' lang='lat' dir='ltr'><strong>divitias</strong></span> <span class='ocrx_word' id='word_1_508' title='bbox 2582 2800 2698 2845; x_wconf 89' lang='lat' dir='ltr'><strong>tuas</strong></span> <span class='ocrx_word' id='word_1_509' title='bbox 2728 2790 3087 2846; x_wconf 83' lang='lat' dir='ltr'><strong>infructuosas</strong></span> <span class='ocrx_word' id='word_1_510' title='bbox 3114 2807 3235 2847; x_wconf 91' lang='lat' dir='ltr'><strong>esse</strong></span> <span class='ocrx_word' id='word_1_511' title='bbox 3273 2793 3467 2860; x_wconf 88' lang='lat' dir='ltr'><strong>voluit,</strong></span> <span class='ocrx_word' id='word_1_512' title='bbox 3499 2807 3599 2847; x_wconf 86' lang='lat' dir='ltr'><strong>nec</strong></span> <span class='ocrx_word' id='word_1_513' title='bbox 3637 2792 3779 2848; x_wconf 92' lang='lat' dir='ltr'><strong>illius</strong></span> <span class='ocrx_word' id='word_1_514' title='bbox 3820 2810 3940 2864; x_wconf 74' lang='lat' dir='ltr'><strong>pau</strong></span> 
     </span>
    </p>
   </div>
   <div class='ocr_carea' id='block_1_68' title="bbox 2344 2882 3940 2955">
    <p class='ocr_par' dir='ltr' id='par_1_68' title="bbox 2344 2882 3940 2955">
     <span class='ocr_line' id='line_1_68' title="bbox 2344 2882 3940 2955; baseline 0.003 -21"><span class='ocrx_word' id='word_1_515' title='bbox 2344 2888 2604 2950; x_wconf 90' lang='lat' dir='ltr'><strong>pertatem</strong></span> <span class='ocrx_word' id='word_1_516' title='bbox 2646 2882 2764 2937; x_wconf 90' lang='lat' dir='ltr'><strong>sine</strong></span> <span class='ocrx_word' id='word_1_517' title='bbox 2807 2882 3073 2938; x_wconf 87' lang='lat' dir='ltr'><strong>mercede.</strong></span> <span class='ocrx_word' id='word_1_518' title='bbox 3104 2883 3223 2940; x_wconf 88' lang='lat' dir='ltr'><strong>Tibi</strong></span> <span class='ocrx_word' id='word_1_519' title='bbox 3265 2883 3415 2939; x_wconf 82' lang='lat' dir='ltr'><strong>diviti</strong></span> <span class='ocrx_word' id='word_1_520' title='bbox 3454 2884 3723 2939; x_wconf 86' lang='lat' dir='ltr'><strong>concessit</strong></span> <span class='ocrx_word' id='word_1_521' title='bbox 3750 2896 3808 2938; x_wconf 91' lang='lat' dir='ltr'><strong>ut</strong></span> <span class='ocrx_word' id='word_1_522' title='bbox 3843 2900 3940 2955; x_wconf 82' lang='lat' dir='ltr'><strong>per</strong></span> 
     </span>
    </p>
   </div>
   <div class='ocr_carea' id='block_1_69' title="bbox 2344 2975 3940 3047">
    <p class='ocr_par' dir='ltr' id='par_1_69' title="bbox 2344 2975 3940 3047">
     <span class='ocr_line' id='line_1_69' title="bbox 2344 2975 3940 3047; baseline 0.002 -17"><span class='ocrx_word' id='word_1_523' title='bbox 2344 2976 2740 3046; x_wconf 88' lang='lat' dir='ltr'><strong>elecmosynam</strong></span> <span class='ocrx_word' id='word_1_524' title='bbox 2762 2975 2912 3031; x_wconf 89' lang='lat' dir='ltr'><strong>dives</strong></span> <span class='ocrx_word' id='word_1_525' title='bbox 2937 2992 3083 3031; x_wconf 85' lang='lat' dir='ltr'><strong>esses</strong></span> <span class='ocrx_word' id='word_1_526' title='bbox 3104 3018 3119 3042; x_wconf 94' lang='lat'><strong>,</strong></span> <span class='ocrx_word' id='word_1_527' title='bbox 3151 2984 3206 3031; x_wconf 90' lang='lat' dir='ltr'><strong>ct</strong></span> <span class='ocrx_word' id='word_1_528' title='bbox 3233 2977 3571 3047; x_wconf 88' lang='lat' dir='ltr'><strong>dispergeres</strong></span> <span class='ocrx_word' id='word_1_529' title='bbox 3612 2977 3665 3033; x_wconf 91' lang='lat' dir='ltr'><strong>in</strong></span> <span class='ocrx_word' id='word_1_530' title='bbox 3688 2977 3896 3047; x_wconf 83' lang='lat' dir='ltr'><strong>justitia</strong></span> <span class='ocrx_word' id='word_1_531' title='bbox 3924 2996 3940 3033; x_wconf 91' lang='lat'><strong>:</strong></span> 
     </span>
    </p>
   </div>
   <div class='ocr_carea' id='block_1_70' title="bbox 2344 3064 3940 3141">
    <p class='ocr_par' dir='ltr' id='par_1_70' title="bbox 2344 3064 3940 3141">
     <span class='ocr_line' id='line_1_70' title="bbox 2344 3064 3940 3141; baseline 0.004 -23"><span class='ocrx_word' id='word_1_532' title='bbox 2344 3064 2595 3136; x_wconf 87' lang='lat' dir='ltr'><strong>Dispersit</strong></span> <span class='ocrx_word' id='word_1_533' title='bbox 2626 3068 2788 3133; x_wconf 89' lang='lat' dir='ltr'><strong>enim,</strong></span> <span class='ocrx_word' id='word_1_534' title='bbox 2815 3067 2953 3122; x_wconf 86' lang='lat' dir='ltr'><strong>dedit</strong></span> <span class='ocrx_word' id='word_1_535' title='bbox 2972 3069 3276 3138; x_wconf 82' lang='lat' dir='ltr'><strong>pauperibus</strong></span> <span class='ocrx_word' id='word_1_536' title='bbox 3305 3084 3325 3122; x_wconf 91' lang='lat'><em>:</em></span> <span class='ocrx_word' id='word_1_537' title='bbox 3341 3069 3546 3139; x_wconf 81' lang='lat' dir='ltr'><strong>justitia</strong></span> <span class='ocrx_word' id='word_1_538' title='bbox 3570 3070 3678 3141; x_wconf 85' lang='lat' dir='ltr'><strong>ejus</strong></span> <span class='ocrx_word' id='word_1_539' title='bbox 3697 3081 3867 3124; x_wconf 80' lang='lat' dir='ltr'><strong>manet</strong></span> <span class='ocrx_word' id='word_1_540' title='bbox 3888 3072 3940 3125; x_wconf 68' lang='lat' dir='ltr'><strong>in</strong></span> 
     </span>
    </p>
   </div>
   <div class='ocr_carea' id='block_1_71' title="bbox 2343 3156 3939 3230">
    <p class='ocr_par' dir='ltr' id='par_1_71' title="bbox 2343 3156 3939 3230">
     <span class='ocr_line' id='line_1_71' title="bbox 2343 3156 3939 3230; baseline 0.004 -20"><span class='ocrx_word' id='word_1_541' title='bbox 2343 3158 2583 3210; x_wconf 70' lang='lat' dir='ltr'><strong>secutum</strong></span> <span class='ocrx_word' id='word_1_542' title='bbox 2605 3156 2773 3225; x_wconf 88' lang='lat' dir='ltr'><strong>(Psal.</strong></span> <span class='ocrx_word' id='word_1_543' title='bbox 2809 3159 2929 3212; x_wconf 79' lang='lat' dir='ltr'><strong>ill.</strong></span> <span class='ocrx_word' id='word_1_544' title='bbox 2958 3158 3037 3230; x_wconf 87' lang='lat'><strong>9).</strong></span> <span class='ocrx_word' id='word_1_545' title='bbox 3063 3156 3225 3214; x_wconf 84' lang='lat' dir='ltr'><strong>Vides</strong></span> <span class='ocrx_word' id='word_1_546' title='bbox 3248 3160 3391 3229; x_wconf 89' lang='lat' dir='ltr'><strong>quod</strong></span> <span class='ocrx_word' id='word_1_547' title='bbox 3418 3158 3567 3215; x_wconf 80' lang='lat' dir='ltr'><strong>dives</strong></span> <span class='ocrx_word' id='word_1_548' title='bbox 3589 3174 3683 3230; x_wconf 89' lang='lat' dir='ltr'><strong>per</strong></span> <span class='ocrx_word' id='word_1_549' title='bbox 3702 3159 3939 3216; x_wconf 88' lang='lat' dir='ltr'><strong>eleemo-</strong></span> 
     </span>
    </p>
   </div>
   <div class='ocr_carea' id='block_1_72' title="bbox 2340 3249 3943 3319">
    <p class='ocr_par' dir='ltr' id='par_1_72' title="bbox 2340 3249 3943 3319">
     <span class='ocr_line' id='line_1_72' title="bbox 2340 3249 3943 3319; baseline 0.002 -20"><span class='ocrx_word' id='word_1_550' title='bbox 2340 3260 2530 3318; x_wconf 86' lang='lat' dir='ltr'><strong>synam</strong></span> <span class='ocrx_word' id='word_1_551' title='bbox 2579 3258 2835 3303; x_wconf 67' lang='lat' dir='ltr'><strong>aeternam</strong></span> <span class='ocrx_word' id='word_1_552' title='bbox 2877 3249 3200 3305; x_wconf 83' lang='lat' dir='ltr'><strong>thesaurizet</strong></span> <span class='ocrx_word' id='word_1_553' title='bbox 3240 3249 3541 3319; x_wconf 71' lang='lat' dir='ltr'><strong>justitiam?</strong></span> <span class='ocrx_word' id='word_1_554' title='bbox 3579 3249 3705 3305; x_wconf 87' lang='lat' dir='ltr'><strong>vide</strong></span> <span class='ocrx_word' id='word_1_555' title='bbox 3742 3264 3943 3305; x_wconf 89' lang='lat' dir='ltr'><strong>rursus</strong></span> 
     </span>
    </p>
   </div>
   <div class='ocr_carea' id='block_1_73' title="bbox 2342 3338 3940 3415">
    <p class='ocr_par' dir='ltr' id='par_1_73' title="bbox 2342 3338 3940 3415">
     <span class='ocr_line' id='line_1_73' title="bbox 2342 3338 3940 3415; baseline 0.008 -24"><span class='ocrx_word' id='word_1_556' title='bbox 2342 3351 2664 3407; x_wconf 86' lang='lat' dir='ltr'><strong>pauperem,</strong></span> <span class='ocrx_word' id='word_1_557' title='bbox 2697 3339 2819 3410; x_wconf 88' lang='lat' dir='ltr'><strong>quia</strong></span> <span class='ocrx_word' id='word_1_558' title='bbox 2850 3339 3069 3399; x_wconf 73' lang='lat' dir='ltr'><strong>divitias</strong></span> <span class='ocrx_word' id='word_1_559' title='bbox 3096 3355 3201 3398; x_wconf 91' lang='lat' dir='ltr'><strong>non</strong></span> <span class='ocrx_word' id='word_1_560' title='bbox 3228 3338 3423 3411; x_wconf 89' lang='lat' dir='ltr'><strong>habet,</strong></span> <span class='ocrx_word' id='word_1_561' title='bbox 3452 3342 3648 3414; x_wconf 90' lang='lat' dir='ltr'><strong>quibus</strong></span> <span class='ocrx_word' id='word_1_562' title='bbox 3671 3345 3940 3415; x_wconf 88' lang='lat' dir='ltr'><strong>justitiam</strong></span> 
     </span>
    </p>
   </div>
   <div class='ocr_carea' id='block_1_74' title="bbox 2340 3431 3938 3505">
    <p class='ocr_par' dir='ltr' id='par_1_74' title="bbox 2340 3431 3938 3505">
     <span class='ocr_line' id='line_1_74' title="bbox 2340 3431 3938 3505; baseline 0.006 -20"><span class='ocrx_word' id='word_1_563' title='bbox 2340 3437 2609 3500; x_wconf 86' lang='lat' dir='ltr'><strong>Operctur,</strong></span> <span class='ocrx_word' id='word_1_564' title='bbox 2639 3431 2796 3487; x_wconf 87' lang='lat' dir='ltr'><strong>habet</strong></span> <span class='ocrx_word' id='word_1_565' title='bbox 2824 3441 3211 3501; x_wconf 88' lang='lat' dir='ltr'><strong>paupertatem,</strong></span> <span class='ocrx_word' id='word_1_566' title='bbox 3235 3449 3338 3505; x_wconf 89' lang='lat' dir='ltr'><strong>qua</strong></span> <span class='ocrx_word' id='word_1_567' title='bbox 3364 3436 3679 3502; x_wconf 85' lang='lat' dir='ltr'><strong>patientiam</strong></span> <span class='ocrx_word' id='word_1_568' title='bbox 3702 3436 3938 3494; x_wconf 85' lang='lat' dir='ltr'><strong>lucratur</strong></span> 
     </span>
    </p>
   </div>
   <div class='ocr_carea' id='block_1_75' title="bbox 2340 3522 3937 3599">
    <p class='ocr_par' dir='ltr' id='par_1_75' title="bbox 2340 3522 3937 3599">
     <span class='ocr_line' id='line_1_75' title="bbox 2340 3522 3937 3599; baseline 0.005 -22"><span class='ocrx_word' id='word_1_569' title='bbox 2340 3531 2614 3577; x_wconf 77' lang='lat' dir='ltr'><strong>:eternam.</strong></span> <span class='ocrx_word' id='word_1_570' title='bbox 2643 3522 2775 3577; x_wconf 88' lang='lat' dir='ltr'><strong>Nam</strong></span> <span class='ocrx_word' id='word_1_571' title='bbox 2806 3523 3061 3580; x_wconf 85' lang='lat' dir='ltr'><strong>Patientia</strong></span> <span class='ocrx_word' id='word_1_572' title='bbox 3089 3543 3370 3598; x_wconf 80' lang='lat' dir='ltr'><strong>pauperum</strong></span> <span class='ocrx_word' id='word_1_573' title='bbox 3392 3544 3492 3581; x_wconf 85' lang='lat' dir='ltr'><strong>non</strong></span> <span class='ocrx_word' id='word_1_574' title='bbox 3520 3530 3699 3599; x_wconf 84' lang='lat' dir='ltr'><strong>peribit</strong></span> <span class='ocrx_word' id='word_1_575' title='bbox 3718 3531 3772 3583; x_wconf 85' lang='lat' dir='ltr'><strong>in</strong></span> <span class='ocrx_word' id='word_1_576' title='bbox 3794 3542 3937 3585; x_wconf 70' lang='lat' dir='ltr'><strong>arter-</strong></span> 
     </span>
    </p>
   </div>
   <div class='ocr_carea' id='block_1_76' title="bbox 2341 3613 3938 3685">
    <p class='ocr_par' dir='ltr' id='par_1_76' title="bbox 2341 3613 3938 3685">
     <span class='ocr_line' id='line_1_76' title="bbox 2341 3613 3938 3685; baseline 0.008 -19"><span class='ocrx_word' id='word_1_577' title='bbox 2341 3629 2463 3667; x_wconf 86' lang='lat' dir='ltr'><strong>uum</strong></span> <span class='ocrx_word' id='word_1_578' title='bbox 2505 3613 2677 3682; x_wconf 84' lang='lat' dir='ltr'><strong>(Psal.</strong></span> <span class='ocrx_word' id='word_1_579' title='bbox 2708 3615 2762 3669; x_wconf 92' lang='lat'><strong>9.</strong></span> <span class='ocrx_word' id='word_1_580' title='bbox 2800 3614 2933 3685; x_wconf 82' lang='lat' dir='ltr'><strong>l9):</strong></span> <span class='ocrx_word' id='word_1_581' title='bbox 2974 3615 3027 3670; x_wconf 88' lang='lat' dir='ltr'><strong>in</strong></span> <span class='ocrx_word' id='word_1_582' title='bbox 3069 3616 3286 3671; x_wconf 85' lang='lat' dir='ltr'><strong>Christo</strong></span> <span class='ocrx_word' id='word_1_583' title='bbox 3326 3617 3553 3675; x_wconf 89' lang='lat' dir='ltr'><strong>Domino</strong></span> <span class='ocrx_word' id='word_1_584' title='bbox 3598 3629 3817 3685; x_wconf 82' lang='lat' dir='ltr'><strong>nostro.</strong></span> <span class='ocrx_word' id='word_1_585' title='bbox 3850 3624 3938 3677; x_wconf 88' lang='lat' dir='ltr'><strong>cui</strong></span> 
     </span>
    </p>
   </div>
   <div class='ocr_carea' id='block_1_77' title="bbox 2340 3704 3389 3777">
    <p class='ocr_par' dir='ltr' id='par_1_77' title="bbox 2340 3704 3389 3777">
     <span class='ocr_line' id='line_1_77' title="bbox 2340 3704 3389 3777; baseline 0.004 -19"><span class='ocrx_word' id='word_1_586' title='bbox 2340 3705 2505 3777; x_wconf 89' lang='lat' dir='ltr'><strong>gloria</strong></span> <span class='ocrx_word' id='word_1_587' title='bbox 2535 3704 2587 3759; x_wconf 92' lang='lat' dir='ltr'><strong>in</strong></span> <span class='ocrx_word' id='word_1_588' title='bbox 2612 3706 2801 3761; x_wconf 83' lang='lat' dir='ltr'><strong>saecula</strong></span> <span class='ocrx_word' id='word_1_589' title='bbox 2826 3707 3164 3762; x_wconf 64' lang='lat' dir='ltr'><strong>surculorum.</strong></span> <span class='ocrx_word' id='word_1_590' title='bbox 3197 3709 3389 3765; x_wconf 83' lang='lat' dir='ltr'><strong>Amen.</strong></span> 
     </span>
    </p>
   </div>
   <div class='ocr_carea' id='block_1_78' title="bbox 2403 3816 3943 3879">
    <p class='ocr_par' dir='ltr' id='par_1_78' title="bbox 2403 3816 3943 3879">
     <span class='ocr_line' id='line_1_78' title="bbox 2403 3816 3943 3879; baseline 0.008 -13"><span class='ocrx_word' id='word_1_591' title='bbox 2403 3818 2419 3848; x_wconf 74' lang='grc' dir='ltr'>ί</span> <span class='ocrx_word' id='word_1_592' title='bbox 2445 3818 2629 3879; x_wconf 62' lang='lat' dir='ltr'><strong>verba,</strong></span> <span class='ocrx_word' id='word_1_593' title='bbox 2655 3816 2760 3868; x_wconf 60' lang='lat' dir='ltr'><strong>ha’c</strong></span> <span class='ocrx_word' id='word_1_594' title='bbox 2787 3831 2896 3869; x_wconf 72' lang='lat' dir='ltr'><strong>tero</strong></span> <span class='ocrx_word' id='word_1_595' title='bbox 2930 3820 3156 3879; x_wconf 83' lang='lat' dir='ltr'><strong>deterret,</strong></span> <span class='ocrx_word' id='word_1_596' title='bbox 3194 3834 3290 3872; x_wconf 87' lang='lat' dir='ltr'><strong>non</strong></span> <span class='ocrx_word' id='word_1_597' title='bbox 3313 3822 3557 3873; x_wconf 83' lang='lat' dir='ltr'><strong>habentur</strong></span> <span class='ocrx_word' id='word_1_598' title='bbox 3592 3825 3642 3875; x_wconf 89' lang='lat' dir='ltr'><strong>in</strong></span> <span class='ocrx_word' id='word_1_599' title='bbox 3677 3826 3844 3877; x_wconf 65' lang='lat' dir='ltr'><strong>ﬂoret.</strong></span> <span class='ocrx_word' id='word_1_600' title='bbox 3886 3835 3943 3878; x_wconf 89' lang='lat' dir='ltr'><strong>et</strong></span> 
     </span>
    </p>
   </div>
   <div class='ocr_carea' id='block_1_79' title="bbox 2338 3876 3945 3951">
    <p class='ocr_par' dir='ltr' id='par_1_79' title="bbox 2338 3876 3945 3951">
     <span class='ocr_line' id='line_1_79' title="bbox 2338 3876 3945 3951; baseline 0.008 -25"><span class='ocrx_word' id='word_1_601' title='bbox 2338 3876 2512 3951; x_wconf 46' lang='lat' dir='ltr'><strong>savill.’;</strong></span> <span class='ocrx_word' id='word_1_602' title='bbox 2539 3881 2713 3951; x_wconf 33' lang='lat' dir='ltr'><strong>s‘ed‘in</strong></span> <span class='ocrx_word' id='word_1_603' title='bbox 2752 3888 2871 3943; x_wconf 82' lang='lat' dir='ltr'><strong>Reg.</strong></span> <span class='ocrx_word' id='word_1_604' title='bbox 2909 3894 3055 3943; x_wconf 87' lang='lat' dir='ltr'><strong>supra</strong></span> <span class='ocrx_word' id='word_1_605' title='bbox 3090 3876 3358 3934; x_wconf 86' lang='lat' dir='ltr'><strong>memorato</strong></span> <span class='ocrx_word' id='word_1_606' title='bbox 3394 3884 3643 3949; x_wconf 79' lang='lat' dir='ltr'><strong>leguntur,</strong></span> <span class='ocrx_word' id='word_1_607' title='bbox 3680 3895 3733 3937; x_wconf 88' lang='lat' dir='ltr'><strong>et</strong></span> <span class='ocrx_word' id='word_1_608' title='bbox 3754 3876 3945 3951; x_wconf 52' lang='lat' dir='ltr'><strong>etme</strong></span> 
     </span>
    </p>
   </div>
   <div class='ocr_carea' id='block_1_80' title="bbox 2342 3940 2892 4001">
    <p class='ocr_par' dir='ltr' id='par_1_80' title="bbox 2342 3940 2892 4001">
     <span class='ocr_line' id='line_1_80' title="bbox 2342 3940 2892 4001; baseline 0.007 -14"><span class='ocrx_word' id='word_1_609' title='bbox 2342 3940 2579 4001; x_wconf 84' lang='lat' dir='ltr'><strong>quadan</strong></span> <span class='ocrx_word' id='word_1_610' title='bbox 2595 3941 2652 3989; x_wconf 91' lang='lat' dir='ltr'><strong>ad</strong></span> <span class='ocrx_word' id='word_1_611' title='bbox 2674 3940 2892 3991; x_wconf 75' lang='lat' dir='ltr'><strong>sensum.</strong></span> 
     </span>
    </p>
   </div>
   <div class='ocr_carea' id='block_1_81' title="bbox 1850 4108 2752 4189">
    <p class='ocr_par' dir='ltr' id='par_1_81' title="bbox 1850 4108 2752 4189">
     <span class='ocr_line' id='line_1_81' title="bbox 1850 4108 2752 4189; baseline 0.017 -14"><span class='ocrx_word' id='word_1_612' title='bbox 1850 4108 1991 4178; x_wconf 87' lang='lat' dir='ltr'><strong>DE</strong></span> <span class='ocrx_word' id='word_1_613' title='bbox 2044 4110 2752 4189; x_wconf 65' lang='grc' dir='ltr'><strong>ΡΠΞΝΙΤΕΝΤΙΑ.</strong></span> 
     </span>
    </p>
   </div>
   <div class='ocr_carea' id='block_1_82' title="bbox 1964 4237 2256 4255">
    <p class='ocr_par' dir='ltr' id='par_1_82' title="bbox 1964 4237 2256 4255">
     <span class='ocr_line' id='line_1_82' title="bbox 1964 4237 2256 4255; baseline 0.003 -4"><span class='ocrx_word' id='word_1_614' title='bbox 1964 4237 2256 4255; x_wconf 65' lang='lat'><strong>_—</strong></span> 
     </span>
    </p>
   </div>
   <div class='ocr_carea' id='block_1_83' title="bbox 1174 4304 1657 4379">
    <p class='ocr_par' dir='ltr' id='par_1_83' title="bbox 1174 4304 1657 4379">
     <span class='ocr_line' id='line_1_83' title="bbox 1174 4304 1657 4379; baseline 0.012 -25"><span class='ocrx_word' id='word_1_615' title='bbox 1174 4316 1393 4358; x_wconf 64' lang='lat' dir='ltr'><strong>nomen</strong></span> <span class='ocrx_word' id='word_1_616' title='bbox 1434 4320 1526 4360; x_wconf 85' lang='lat' dir='ltr'><strong>vm</strong></span> <span class='ocrx_word' id='word_1_617' title='bbox 1558 4304 1657 4379; x_wconf 87' lang='lat' dir='ltr'><strong>(a).</strong></span> 
     </span>
    </p>
   </div>
   <div class='ocr_carea' id='block_1_84' title="bbox 715 4426 2230 4515">
    <p class='ocr_par' dir='ltr' id='par_1_84' title="bbox 715 4426 2230 4515">
     <span class='ocr_line' id='line_1_84' title="bbox 715 4426 2230 4515; baseline 0.016 -33"><span class='ocrx_word' id='word_1_618' title='bbox 715 4428 769 4482; x_wconf 77' lang='grc'><strong>1.</strong></span> <span class='ocrx_word' id='word_1_619' title='bbox 794 4426 1013 4485; x_wconf 83' lang='lat' dir='ltr'><strong>Etiamsi</strong></span> <span class='ocrx_word' id='word_1_620' title='bbox 1039 4429 1151 4487; x_wconf 87' lang='lat' dir='ltr'><strong>heri</strong></span> <span class='ocrx_word' id='word_1_621' title='bbox 1182 4448 1212 4487; x_wconf 91' lang='lat' dir='ltr'><strong>a</strong></span> <span class='ocrx_word' id='word_1_622' title='bbox 1242 4435 1392 4490; x_wconf 84' lang='lat' dir='ltr'><strong>vobis</strong></span> <span class='ocrx_word' id='word_1_623' title='bbox 1421 4437 1704 4507; x_wconf 85' lang='lat' dir='ltr'><strong>abfuerim,</strong></span> <span class='ocrx_word' id='word_1_624' title='bbox 1740 4452 1795 4496; x_wconf 86' lang='lat' dir='ltr'><strong>at</strong></span> <span class='ocrx_word' id='word_1_625' title='bbox 1821 4444 2037 4515; x_wconf 91' lang='lat' dir='ltr'><strong>invitus,</strong></span> <span class='ocrx_word' id='word_1_626' title='bbox 2057 4459 2111 4503; x_wconf 88' lang='lat' dir='ltr'><strong>at</strong></span> <span class='ocrx_word' id='word_1_627' title='bbox 2138 4468 2230 4507; x_wconf 87' lang='lat' dir='ltr'><strong>ne-</strong></span> 
     </span>
    </p>
   </div>
   <div class='ocr_carea' id='block_1_85' title="bbox 646 4520 2228 4610">
    <p class='ocr_par' dir='ltr' id='par_1_85' title="bbox 646 4520 2228 4610">
     <span class='ocr_line' id='line_1_85' title="bbox 646 4520 2228 4610; baseline 0.015 -36"><span class='ocrx_word' id='word_1_628' title='bbox 646 4520 897 4576; x_wconf 84' lang='lat' dir='ltr'><strong>cessitate</strong></span> <span class='ocrx_word' id='word_1_629' title='bbox 941 4524 1249 4593; x_wconf 86' lang='lat' dir='ltr'><strong>compulsus</strong></span> <span class='ocrx_word' id='word_1_630' title='bbox 1279 4546 1292 4579; x_wconf 88' lang='lat'><strong>:</strong></span> <span class='ocrx_word' id='word_1_631' title='bbox 1322 4543 1549 4599; x_wconf 89' lang='lat' dir='ltr'><strong>corpore</strong></span> <span class='ocrx_word' id='word_1_632' title='bbox 1591 4532 1756 4599; x_wconf 88' lang='lat' dir='ltr'><strong>abfui,</strong></span> <span class='ocrx_word' id='word_1_633' title='bbox 1782 4551 1886 4591; x_wconf 92' lang='lat' dir='ltr'><strong>non</strong></span> <span class='ocrx_word' id='word_1_634' title='bbox 1921 4543 2228 4610; x_wconf 84' lang='lat' dir='ltr'><strong>proposito;</strong></span> 
     </span>
    </p>
   </div>
   <div class='ocr_carea' id='block_1_86' title="bbox 642 4612 2230 4699">
    <p class='ocr_par' dir='ltr' id='par_1_86' title="bbox 642 4612 2230 4699">
     <span class='ocr_line' id='line_1_86' title="bbox 642 4612 2230 4699; baseline 0.018 -35"><span class='ocrx_word' id='word_1_635' title='bbox 642 4612 885 4668; x_wconf 88' lang='lat' dir='ltr'><strong>absentia</strong></span> <span class='ocrx_word' id='word_1_636' title='bbox 898 4616 1092 4682; x_wconf 86' lang='lat' dir='ltr'><strong>carnis,</strong></span> <span class='ocrx_word' id='word_1_637' title='bbox 1105 4632 1209 4672; x_wconf 90' lang='lat' dir='ltr'><strong>non</strong></span> <span class='ocrx_word' id='word_1_638' title='bbox 1225 4618 1413 4677; x_wconf 81' lang='lat' dir='ltr'><strong>all’ectu</strong></span> <span class='ocrx_word' id='word_1_639' title='bbox 1434 4623 1837 4682; x_wconf 89' lang='lat' dir='ltr'><strong>animi.Etenim</strong></span> <span class='ocrx_word' id='word_1_640' title='bbox 1855 4646 1951 4699; x_wconf 92' lang='lat' dir='ltr'><strong>pro</strong></span> <span class='ocrx_word' id='word_1_641' title='bbox 1962 4633 2097 4688; x_wconf 89' lang='lat' dir='ltr'><strong>virili</strong></span> <span class='ocrx_word' id='word_1_642' title='bbox 2113 4652 2230 4692; x_wconf 86' lang='lat' dir='ltr'><strong>mea</strong></span> 
     </span>
    </p>
   </div>
   <div class='ocr_carea' id='block_1_87' title="bbox 645 4705 2225 4782">
    <p class='ocr_par' dir='ltr' id='par_1_87' title="bbox 645 4705 2225 4782">
     <span class='ocr_line' id='line_1_87' title="bbox 645 4705 2225 4782; baseline 0.017 -28"><span class='ocrx_word' id='word_1_643' title='bbox 645 4716 743 4757; x_wconf 79' lang='lat' dir='ltr'><strong>vos</strong></span> <span class='ocrx_word' id='word_1_644' title='bbox 773 4705 1197 4776; x_wconf 85' lang='lat' dir='ltr'><strong>complectebar,</strong></span> <span class='ocrx_word' id='word_1_645' title='bbox 1222 4722 1507 4782; x_wconf 86' lang='lat' dir='ltr'><strong>menteque</strong></span> <span class='ocrx_word' id='word_1_646' title='bbox 1541 4731 1730 4772; x_wconf 86' lang='lat' dir='ltr'><strong>omnes</strong></span> <span class='ocrx_word' id='word_1_647' title='bbox 1763 4720 2225 4781; x_wconf 74' lang='lat' dir='ltr'><strong>circumferebant.</strong></span> 
     </span>
    </p>
   </div>
   <div class='ocr_carea' id='block_1_88' title="bbox 647 4793 2229 4874">
    <p class='ocr_par' dir='ltr' id='par_1_88' title="bbox 647 4793 2229 4874">
     <span class='ocr_line' id='line_1_88' title="bbox 647 4793 2229 4874; baseline 0.016 -25"><span class='ocrx_word' id='word_1_648' title='bbox 647 4793 870 4859; x_wconf 77' lang='lat' dir='ltr'><strong>Rursus,</strong></span> <span class='ocrx_word' id='word_1_649' title='bbox 897 4796 1087 4854; x_wconf 89' lang='lat' dir='ltr'><strong>fratres</strong></span> <span class='ocrx_word' id='word_1_650' title='bbox 1105 4842 1119 4864; x_wconf 84' lang='lat'><strong>,</strong></span> <span class='ocrx_word' id='word_1_651' title='bbox 1144 4800 1243 4857; x_wconf 90' lang='lat' dir='ltr'><strong>hoc</strong></span> <span class='ocrx_word' id='word_1_652' title='bbox 1274 4808 1597 4874; x_wconf 84' lang='lat' dir='ltr'><strong>temporario</strong></span> <span class='ocrx_word' id='word_1_653' title='bbox 1617 4808 1779 4865; x_wconf 87' lang='lat' dir='ltr'><strong>misso</strong></span> <span class='ocrx_word' id='word_1_654' title='bbox 1808 4814 1999 4869; x_wconf 88' lang='lat' dir='ltr'><strong>morbo</strong></span> <span class='ocrx_word' id='word_1_655' title='bbox 2022 4818 2229 4874; x_wconf 85' lang='lat' dir='ltr'><strong>ardenti</strong></span> 
     </span>
    </p>
   </div>
   <div class='ocr_carea' id='block_1_89' title="bbox 636 4885 2231 4963">
    <p class='ocr_par' dir='ltr' id='par_1_89' title="bbox 636 4885 2231 4963">
     <span class='ocr_line' id='line_1_89' title="bbox 636 4885 2231 4963; baseline 0.016 -24"><span class='ocrx_word' id='word_1_656' title='bbox 636 4885 815 4939; x_wconf 85' lang='lat' dir='ltr'><strong>studio</strong></span> <span class='ocrx_word' id='word_1_657' title='bbox 826 4888 1195 4944; x_wconf 83' lang='lat' dir='ltr'><strong>contendimus</strong></span> <span class='ocrx_word' id='word_1_658' title='bbox 1218 4902 1447 4947; x_wconf 87' lang='lat' dir='ltr'><strong>vestram</strong></span> <span class='ocrx_word' id='word_1_659' title='bbox 1470 4898 1705 4952; x_wconf 91' lang='lat' dir='ltr'><strong>contueri</strong></span> <span class='ocrx_word' id='word_1_660' title='bbox 1733 4898 1921 4958; x_wconf 90' lang='lat' dir='ltr'><strong>faciem</strong></span> <span class='ocrx_word' id='word_1_661' title='bbox 1944 4923 1956 4959; x_wconf 87' lang='lat'><strong>:</strong></span> <span class='ocrx_word' id='word_1_662' title='bbox 1977 4912 2231 4963; x_wconf 90' lang='lat' dir='ltr'><strong>manenti-</strong></span> 
     </span>
    </p>
   </div>
   <div class='ocr_carea' id='block_1_90' title="bbox 641 4974 2222 5063">
    <p class='ocr_par' dir='ltr' id='par_1_90' title="bbox 641 4974 2222 5063">
     <span class='ocr_line' id='line_1_90' title="bbox 641 4974 2222 5063; baseline 0.017 -34"><span class='ocrx_word' id='word_1_663' title='bbox 641 4974 741 5030; x_wconf 87' lang='lat' dir='ltr'><strong>bus</strong></span> <span class='ocrx_word' id='word_1_664' title='bbox 751 4978 901 5031; x_wconf 84' lang='lat' dir='ltr'><strong>enim</strong></span> <span class='ocrx_word' id='word_1_665' title='bbox 919 4979 1092 5036; x_wconf 87' lang='lat' dir='ltr'><strong>adhuc</strong></span> <span class='ocrx_word' id='word_1_666' title='bbox 1116 4984 1442 5052; x_wconf 72' lang='lat' dir='ltr'><strong>mgritudinis</strong></span> <span class='ocrx_word' id='word_1_667' title='bbox 1460 4988 1692 5059; x_wconf 90' lang='lat' dir='ltr'><strong>reliquiis</strong></span> <span class='ocrx_word' id='word_1_668' title='bbox 1716 4998 1993 5063; x_wconf 82' lang='lat' dir='ltr'><strong>properavi</strong></span> <span class='ocrx_word' id='word_1_669' title='bbox 2014 4999 2079 5053; x_wconf 91' lang='lat' dir='ltr'><strong>ad</strong></span> <span class='ocrx_word' id='word_1_670' title='bbox 2095 5002 2222 5055; x_wconf 83' lang='lat' dir='ltr'><strong>cari-</strong></span> 
     </span>
    </p>
   </div>
   <div class='ocr_carea' id='block_1_91' title="bbox 641 5074 2228 5165">
    <p class='ocr_par' dir='ltr' id='par_1_91' title="bbox 641 5074 2228 5165">
     <span class='ocr_line' id='line_1_91' title="bbox 641 5074 2228 5165; baseline 0.02 -46"><span class='ocrx_word' id='word_1_671' title='bbox 641 5078 804 5123; x_wconf 84' lang='lat' dir='ltr'><strong>tatem</strong></span> <span class='ocrx_word' id='word_1_672' title='bbox 823 5081 1069 5128; x_wconf 87' lang='lat' dir='ltr'><strong>vestram.</strong></span> <span class='ocrx_word' id='word_1_673' title='bbox 1104 5074 1233 5131; x_wconf 85' lang='lat' dir='ltr'><strong>Nam</strong></span> <span class='ocrx_word' id='word_1_674' title='bbox 1260 5080 1385 5149; x_wconf 80' lang='lat' dir='ltr'><strong>:egri</strong></span> <span class='ocrx_word' id='word_1_675' title='bbox 1404 5082 1618 5149; x_wconf 89' lang='lat' dir='ltr'><strong>quidem</strong></span> <span class='ocrx_word' id='word_1_676' title='bbox 1644 5080 1854 5156; x_wconf 78' lang='lat' dir='ltr'><strong>[morbo</strong></span> <span class='ocrx_word' id='word_1_677' title='bbox 1883 5091 2124 5165; x_wconf 83' lang='lat' dir='ltr'><strong>relevati]</strong></span> <span class='ocrx_word' id='word_1_678' title='bbox 2154 5095 2228 5149; x_wconf 88' lang='lat' dir='ltr'><strong>la-</strong></span> 
     </span>
    </p>
   </div>
   <div class='ocr_carea' id='block_1_92' title="bbox 642 5172 2225 5253">
    <p class='ocr_par' dir='ltr' id='par_1_92' title="bbox 642 5172 2225 5253">
     <span class='ocr_line' id='line_1_92' title="bbox 642 5172 2225 5253; baseline 0.018 -40"><span class='ocrx_word' id='word_1_679' title='bbox 642 5174 809 5253; x_wconf 82' lang='lat' dir='ltr'><strong>vacra</strong></span> <span class='ocrx_word' id='word_1_680' title='bbox 837 5176 1093 5234; x_wconf 88' lang='lat' dir='ltr'><strong>expetunt</strong></span> <span class='ocrx_word' id='word_1_681' title='bbox 1124 5178 1176 5224; x_wconf 93' lang='lat' dir='ltr'><strong>et</strong></span> <span class='ocrx_word' id='word_1_682' title='bbox 1217 5172 1441 5239; x_wconf 87' lang='lat' dir='ltr'><strong>balnea;</strong></span> <span class='ocrx_word' id='word_1_683' title='bbox 1470 5190 1571 5245; x_wconf 88' lang='lat' dir='ltr'><strong>ego</strong></span> <span class='ocrx_word' id='word_1_684' title='bbox 1612 5192 1740 5234; x_wconf 88' lang='lat' dir='ltr'><strong>vero</strong></span> <span class='ocrx_word' id='word_1_685' title='bbox 1780 5194 1957 5249; x_wconf 79' lang='lat' dir='ltr'><strong>operae</strong></span> <span class='ocrx_word' id='word_1_686' title='bbox 2000 5187 2225 5253; x_wconf 84' lang='lat' dir='ltr'><strong>pretium</strong></span> 
     </span>
    </p>
   </div>
   <div class='ocr_carea' id='block_1_93' title="bbox 637 5252 2226 5339">
    <p class='ocr_par' dir='ltr' id='par_1_93' title="bbox 637 5252 2226 5339">
     <span class='ocr_line' id='line_1_93' title="bbox 637 5252 2226 5339; baseline 0.019 -35"><span class='ocrx_word' id='word_1_687' title='bbox 637 5264 759 5306; x_wconf 86' lang='lat' dir='ltr'><strong>esse</strong></span> <span class='ocrx_word' id='word_1_688' title='bbox 783 5252 910 5307; x_wconf 88' lang='lat' dir='ltr'><strong>duxi</strong></span> <span class='ocrx_word' id='word_1_689' title='bbox 932 5255 1285 5316; x_wconf 86' lang='lat' dir='ltr'><strong>desideratam</strong></span> <span class='ocrx_word' id='word_1_690' title='bbox 1316 5275 1548 5320; x_wconf 90' lang='lat' dir='ltr'><strong>vestram</strong></span> <span class='ocrx_word' id='word_1_691' title='bbox 1593 5269 1779 5324; x_wconf 86' lang='lat' dir='ltr'><strong>faciem</strong></span> <span class='ocrx_word' id='word_1_692' title='bbox 1809 5252 2019 5339; x_wconf 83' lang='lat' dir='ltr'><strong>videre,</strong></span> <span class='ocrx_word' id='word_1_693' title='bbox 2044 5291 2106 5331; x_wconf 89' lang='lat' dir='ltr'><strong>ac</strong></span> <span class='ocrx_word' id='word_1_694' title='bbox 2135 5279 2226 5333; x_wconf 87' lang='lat' dir='ltr'><strong>dc-</strong></span> 
     </span>
    </p>
   </div>
   <div class='ocr_carea' id='block_1_94' title="bbox 634 5343 2218 5431">
    <p class='ocr_par' dir='ltr' id='par_1_94' title="bbox 634 5343 2218 5431">
     <span class='ocr_line' id='line_1_94' title="bbox 634 5343 2218 5431; baseline 0.017 -35"><span class='ocrx_word' id='word_1_695' title='bbox 634 5343 803 5399; x_wconf 86' lang='lat' dir='ltr'><strong>hitum</strong></span> <span class='ocrx_word' id='word_1_696' title='bbox 834 5346 957 5401; x_wconf 89' lang='lat' dir='ltr'><strong>illud</strong></span> <span class='ocrx_word' id='word_1_697' title='bbox 986 5359 1220 5406; x_wconf 87' lang='lat' dir='ltr'><strong>vestrum</strong></span> <span class='ocrx_word' id='word_1_698' title='bbox 1267 5355 1513 5411; x_wconf 87' lang='lat' dir='ltr'><strong>audiendi</strong></span> <span class='ocrx_word' id='word_1_699' title='bbox 1545 5360 1759 5428; x_wconf 81' lang='lat' dir='ltr'><strong>explere</strong></span> <span class='ocrx_word' id='word_1_700' title='bbox 1794 5362 2049 5431; x_wconf 88' lang='lat' dir='ltr'><strong>studium,</strong></span> <span class='ocrx_word' id='word_1_701' title='bbox 2102 5384 2218 5422; x_wconf 82' lang='lat' dir='ltr'><strong>ma-</strong></span> 
     </span>
    </p>
   </div>
   <div class='ocr_carea' id='block_1_95' title="bbox 637 5436 2219 5526">
    <p class='ocr_par' dir='ltr' id='par_1_95' title="bbox 637 5436 2219 5526">
     <span class='ocr_line' id='line_1_95' title="bbox 637 5436 2219 5526; baseline 0.017 -39"><span class='ocrx_word' id='word_1_702' title='bbox 637 5450 799 5503; x_wconf 86' lang='lat' dir='ltr'><strong>gnum</strong></span> <span class='ocrx_word' id='word_1_703' title='bbox 845 5436 947 5493; x_wconf 89' lang='lat' dir='ltr'><strong>hoc</strong></span> <span class='ocrx_word' id='word_1_704' title='bbox 991 5442 1225 5513; x_wconf 86' lang='lat' dir='ltr'><strong>pelagus,</strong></span> <span class='ocrx_word' id='word_1_705' title='bbox 1276 5446 1408 5501; x_wconf 90' lang='lat' dir='ltr'><strong>nihil</strong></span> <span class='ocrx_word' id='word_1_706' title='bbox 1458 5448 1662 5506; x_wconf 88' lang='lat' dir='ltr'><strong>habens</strong></span> <span class='ocrx_word' id='word_1_707' title='bbox 1712 5454 2014 5526; x_wconf 82' lang='lat' dir='ltr'><strong>salsuginis,</strong></span> <span class='ocrx_word' id='word_1_708' title='bbox 2070 5476 2219 5515; x_wconf 89' lang='lat' dir='ltr'><strong>mare</strong></span> 
     </span>
    </p>
   </div>
   <div class='ocr_carea' id='block_1_96' title="bbox 639 5526 2218 5604">
    <p class='ocr_par' dir='ltr' id='par_1_96' title="bbox 639 5526 2218 5604">
     <span class='ocr_line' id='line_1_96' title="bbox 639 5526 2218 5604; baseline 0.015 -23"><span class='ocrx_word' id='word_1_709' title='bbox 639 5526 891 5582; x_wconf 81' lang='lat' dir='ltr'><strong>ﬂuctibus</strong></span> <span class='ocrx_word' id='word_1_710' title='bbox 918 5544 1159 5585; x_wconf 85' lang='lat' dir='ltr'><strong>vacuum.</strong></span> <span class='ocrx_word' id='word_1_711' title='bbox 1205 5533 1333 5590; x_wconf 88' lang='lat' dir='ltr'><strong>Veni</strong></span> <span class='ocrx_word' id='word_1_712' title='bbox 1355 5552 1538 5591; x_wconf 87' lang='lat' dir='ltr'><strong>arvum</strong></span> <span class='ocrx_word' id='word_1_713' title='bbox 1566 5540 1831 5598; x_wconf 89' lang='lat' dir='ltr'><strong>invisurus</strong></span> <span class='ocrx_word' id='word_1_714' title='bbox 1862 5558 2091 5601; x_wconf 84' lang='lat' dir='ltr'><strong>vestrum</strong></span> <span class='ocrx_word' id='word_1_715' title='bbox 2122 5566 2218 5604; x_wconf 87' lang='lat' dir='ltr'><strong>cx-</strong></span> 
     </span>
    </p>
   </div>
   <div class='ocr_carea' id='block_1_97' title="bbox 642 5621 2217 5709">
    <p class='ocr_par' dir='ltr' id='par_1_97' title="bbox 642 5621 2217 5709">
     <span class='ocr_line' id='line_1_97' title="bbox 642 5621 2217 5709; baseline 0.02 -40"><span class='ocrx_word' id='word_1_716' title='bbox 642 5630 944 5688; x_wconf 88' lang='lat' dir='ltr'><strong>purgatum.</strong></span> <span class='ocrx_word' id='word_1_717' title='bbox 978 5621 1106 5689; x_wconf 85' lang='lat' dir='ltr'><strong>Quis</strong></span> <span class='ocrx_word' id='word_1_718' title='bbox 1133 5626 1274 5680; x_wconf 87' lang='lat' dir='ltr'><strong>enim</strong></span> <span class='ocrx_word' id='word_1_719' title='bbox 1324 5628 1443 5685; x_wconf 81' lang='lat' dir='ltr'><strong>talis</strong></span> <span class='ocrx_word' id='word_1_720' title='bbox 1510 5643 1693 5701; x_wconf 87' lang='lat' dir='ltr'><strong>portus</strong></span> <span class='ocrx_word' id='word_1_721' title='bbox 1737 5648 1818 5691; x_wconf 84' lang='lat' dir='ltr'><strong>est</strong></span> <span class='ocrx_word' id='word_1_722' title='bbox 1846 5638 1885 5705; x_wconf 84' lang='grc'><strong>¹,</strong></span> <span class='ocrx_word' id='word_1_723' title='bbox 1921 5642 2092 5709; x_wconf 89' lang='lat' dir='ltr'><strong>qualis</strong></span> <span class='ocrx_word' id='word_1_724' title='bbox 2138 5652 2217 5701; x_wconf 77' lang='lat' dir='ltr'><strong>est</strong></span> 
     </span>
    </p>
   </div>
   <div class='ocr_carea' id='block_1_98' title="bbox 696 5729 1797 5824">
    <p class='ocr_par' dir='ltr' id='par_1_98' title="bbox 696 5729 1797 5824">
     <span class='ocr_line' id='line_1_98' title="bbox 696 5729 1797 5824; baseline -0.004 0"><span class='ocrx_word' id='word_1_725' title='bbox 696 5729 1290 5824; x_wconf 44' lang='grc' dir='ltr'><strong>ίθξοξηθιξὲεθβὶὶῗὶθθῶθθ</strong></span> <span class='ocrx_word' id='word_1_726' title='bbox 1306 5743 1595 5824; x_wconf 40' lang='lat'><strong>5‘33}??-</strong></span> <span class='ocrx_word' id='word_1_727' title='bbox 1682 5814 1700 5824; x_wconf 89' lang='lat'><strong>.</strong></span> <span class='ocrx_word' id='word_1_728' title='bbox 1732 5810 1759 5824; x_wconf 94' lang='lat'><strong>..</strong></span> <span class='ocrx_word' id='word_1_729' title='bbox 1788 5811 1797 5820; x_wconf 94' lang='lat'><strong>.</strong></span> 
     </span>
    </p>
   </div>
   <div class='ocr_carea' id='block_1_99' title="bbox 752 5794 2162 5879">
    <p class='ocr_par' dir='ltr' id='par_1_99' title="bbox 752 5794 2162 5879">
     <span class='ocr_line' id='line_1_99' title="bbox 752 5794 2162 5879; baseline 0.019 -38"><span class='ocrx_word' id='word_1_730' title='bbox 752 5799 856 5854; x_wconf 68' lang='lat' dir='ltr'><strong>rro,</strong></span> <span class='ocrx_word' id='word_1_731' title='bbox 873 5794 981 5846; x_wconf 78' lang='lat' dir='ltr'><strong>talis</strong></span> <span class='ocrx_word' id='word_1_732' title='bbox 1003 5806 1183 5861; x_wconf 85' lang='lat' dir='ltr'><strong>portus,</strong></span> <span class='ocrx_word' id='word_1_733' title='bbox 1208 5803 1335 5863; x_wconf 86' lang='lat' dir='ltr'><strong>quod</strong></span> <span class='ocrx_word' id='word_1_734' title='bbox 1354 5794 1502 5856; x_wconf 53' lang='lat' dir='ltr'><strong>habet</strong></span> <span class='ocrx_word' id='word_1_735' title='bbox 1520 5794 1657 5871; x_wconf 53' lang='lat' dir='ltr'><strong>Reg,</strong></span> <span class='ocrx_word' id='word_1_736' title='bbox 1682 5810 1820 5872; x_wconf 73' lang='lat' dir='ltr'><strong>Editi,</strong></span> <span class='ocrx_word' id='word_1_737' title='bbox 1837 5810 1933 5863; x_wconf 80' lang='lat' dir='ltr'><strong>tale</strong></span> <span class='ocrx_word' id='word_1_738' title='bbox 1954 5820 2162 5879; x_wconf 78' lang='lat' dir='ltr'><strong>pratum.</strong></span> 
     </span>
    </p>
   </div>
   <div class='ocr_carea' id='block_1_100' title="bbox 2263 4224 2678 4278">
    <p class='ocr_par' dir='ltr' id='par_1_100' title="bbox 2263 4224 2678 4278">
     <span class='ocr_line' id='line_1_100' title="bbox 2263 4224 2678 4278; baseline 0.005 -22"><span class='ocrx_word' id='word_1_739' title='bbox 2263 4224 2678 4278; x_wconf 48' lang='lat' dir='ltr'><strong>(tm——</strong></span> 
     </span>
    </p>
   </div>
   <div class='ocr_carea' id='block_1_101' title="bbox 2342 4325 3938 4399">
    <p class='ocr_par' dir='ltr' id='par_1_101' title="bbox 2342 4325 3938 4399">
     <span class='ocr_line' id='line_1_101' title="bbox 2342 4325 3938 4399; baseline 0.005 -18"><span class='ocrx_word' id='word_1_740' title='bbox 2342 4326 2580 4382; x_wconf 84' lang='lat' dir='ltr'><strong>Ecclesia</strong></span> <span class='ocrx_word' id='word_1_741' title='bbox 2603 4328 2626 4381; x_wconf 81' lang='lat'><strong>?</strong></span> <span class='ocrx_word' id='word_1_742' title='bbox 2645 4329 2767 4399; x_wconf 89' lang='lat' dir='ltr'><strong>quis</strong></span> <span class='ocrx_word' id='word_1_743' title='bbox 2788 4325 3068 4397; x_wconf 88' lang='lat' dir='ltr'><strong>paradisus</strong></span> <span class='ocrx_word' id='word_1_744' title='bbox 3090 4328 3252 4384; x_wconf 73' lang='grc' dir='ltr'><strong>(ιωιυί</strong></span> <span class='ocrx_word' id='word_1_745' title='bbox 3283 4337 3464 4386; x_wconf 84' lang='lat' dir='ltr'><strong>vestro</strong></span> <span class='ocrx_word' id='word_1_746' title='bbox 3488 4329 3722 4386; x_wconf 78' lang='lat' dir='ltr'><strong>similis?</strong></span> <span class='ocrx_word' id='word_1_747' title='bbox 3747 4330 3938 4389; x_wconf 82' lang='lat' dir='ltr'><strong>Nullus</strong></span> 
     </span>
    </p>
   </div>
   <div class='ocr_carea' id='block_1_102' title="bbox 2342 4418 3939 4489">
    <p class='ocr_par' dir='ltr' id='par_1_102' title="bbox 2342 4418 3939 4489">
     <span class='ocr_line' id='line_1_102' title="bbox 2342 4418 3939 4489; baseline 0.003 -16"><span class='ocrx_word' id='word_1_748' title='bbox 2342 4418 2429 4473; x_wconf 91' lang='lat' dir='ltr'><strong>hic</strong></span> <span class='ocrx_word' id='word_1_749' title='bbox 2462 4418 2742 4473; x_wconf 88' lang='lat' dir='ltr'><strong>insidiator</strong></span> <span class='ocrx_word' id='word_1_750' title='bbox 2786 4433 3031 4489; x_wconf 88' lang='lat' dir='ltr'><strong>serpens,</strong></span> <span class='ocrx_word' id='word_1_751' title='bbox 3063 4419 3159 4476; x_wconf 89' lang='lat' dir='ltr'><strong>sed</strong></span> <span class='ocrx_word' id='word_1_752' title='bbox 3186 4418 3433 4475; x_wconf 80' lang='lat' dir='ltr'><strong>Christus</strong></span> <span class='ocrx_word' id='word_1_753' title='bbox 3476 4422 3751 4479; x_wconf 89' lang='lat' dir='ltr'><strong>institutor</strong></span> <span class='ocrx_word' id='word_1_754' title='bbox 3779 4441 3794 4477; x_wconf 92' lang='lat'><strong>:</strong></span> <span class='ocrx_word' id='word_1_755' title='bbox 3823 4439 3939 4480; x_wconf 90' lang='lat' dir='ltr'><strong>non</strong></span> 
     </span>
    </p>
   </div>
   <div class='ocr_carea' id='block_1_103' title="bbox 2338 4508 3940 4579">
    <p class='ocr_par' dir='ltr' id='par_1_103' title="bbox 2338 4508 3940 4579">
     <span class='ocr_line' id='line_1_103' title="bbox 2338 4508 3940 4579; baseline 0.006 -16"><span class='ocrx_word' id='word_1_756' title='bbox 2338 4508 2448 4564; x_wconf 87' lang='lat' dir='ltr'><strong>Eva</strong></span> <span class='ocrx_word' id='word_1_757' title='bbox 2478 4509 2892 4579; x_wconf 89' lang='lat' dir='ltr'><strong>supplantatrix,</strong></span> <span class='ocrx_word' id='word_1_758' title='bbox 2925 4511 3021 4567; x_wconf 86' lang='lat' dir='ltr'><strong>sed</strong></span> <span class='ocrx_word' id='word_1_759' title='bbox 3044 4510 3280 4567; x_wconf 85' lang='lat' dir='ltr'><strong>Ecclesia</strong></span> <span class='ocrx_word' id='word_1_760' title='bbox 3310 4512 3542 4569; x_wconf 89' lang='lat' dir='ltr'><strong>erectrix</strong></span> <span class='ocrx_word' id='word_1_761' title='bbox 3574 4532 3587 4567; x_wconf 91' lang='lat'>:</span> <span class='ocrx_word' id='word_1_762' title='bbox 3620 4529 3728 4570; x_wconf 87' lang='lat' dir='ltr'><strong>non</strong></span> <span class='ocrx_word' id='word_1_763' title='bbox 3753 4514 3842 4571; x_wconf 82' lang='lat' dir='ltr'><strong>hic</strong></span> <span class='ocrx_word' id='word_1_764' title='bbox 3864 4516 3940 4572; x_wconf 90' lang='lat' dir='ltr'><strong>fo-</strong></span> 
     </span>
    </p>
   </div>
   <div class='ocr_carea' id='block_1_104' title="bbox 2336 4598 3934 4679">
    <p class='ocr_par' dir='ltr' id='par_1_104' title="bbox 2336 4598 3934 4679">
     <span class='ocr_line' id='line_1_104' title="bbox 2336 4598 3934 4679; baseline 0.007 -25"><span class='ocrx_word' id='word_1_765' title='bbox 2336 4598 2406 4655; x_wconf 90' lang='lat' dir='ltr'><strong>lia</strong></span> <span class='ocrx_word' id='word_1_766' title='bbox 2430 4600 2683 4656; x_wconf 89' lang='lat' dir='ltr'><strong>arborum</strong></span> <span class='ocrx_word' id='word_1_767' title='bbox 2712 4644 2728 4668; x_wconf 90' lang='lat'><strong>,</strong></span> <span class='ocrx_word' id='word_1_768' title='bbox 2758 4602 2853 4657; x_wconf 91' lang='lat' dir='ltr'><strong>sed</strong></span> <span class='ocrx_word' id='word_1_769' title='bbox 2890 4601 3093 4658; x_wconf 87' lang='lat' dir='ltr'><strong>fructus</strong></span> <span class='ocrx_word' id='word_1_770' title='bbox 3122 4604 3339 4673; x_wconf 83' lang='lat' dir='ltr'><strong>spiritus</strong></span> <span class='ocrx_word' id='word_1_771' title='bbox 3370 4621 3384 4659; x_wconf 90' lang='lat'><strong>:</strong></span> <span class='ocrx_word' id='word_1_772' title='bbox 3426 4620 3534 4661; x_wconf 87' lang='lat' dir='ltr'><strong>non</strong></span> <span class='ocrx_word' id='word_1_773' title='bbox 3559 4620 3715 4677; x_wconf 89' lang='lat' dir='ltr'><strong>sepes</strong></span> <span class='ocrx_word' id='word_1_774' title='bbox 3742 4609 3934 4679; x_wconf 84' lang='lat' dir='ltr'><strong>spina-</strong></span> 
     </span>
    </p>
   </div>
   <div class='ocr_carea' id='block_1_105' title="bbox 2336 4693 3935 4769">
    <p class='ocr_par' dir='ltr' id='par_1_105' title="bbox 2336 4693 3935 4769">
     <span class='ocr_line' id='line_1_105' title="bbox 2336 4693 3935 4769; baseline 0.006 -22"><span class='ocrx_word' id='word_1_775' title='bbox 2336 4708 2478 4758; x_wconf 89' lang='lat' dir='ltr'><strong>rum,</strong></span> <span class='ocrx_word' id='word_1_776' title='bbox 2510 4694 2604 4750; x_wconf 87' lang='lat' dir='ltr'><strong>sed</strong></span> <span class='ocrx_word' id='word_1_777' title='bbox 2633 4695 2789 4750; x_wconf 87' lang='lat' dir='ltr'><strong>vinea</strong></span> <span class='ocrx_word' id='word_1_778' title='bbox 2820 4693 3109 4751; x_wconf 88' lang='lat' dir='ltr'><strong>fructifera.</strong></span> <span class='ocrx_word' id='word_1_779' title='bbox 3145 4695 3203 4751; x_wconf 91' lang='lat' dir='ltr'><strong>Si</strong></span> <span class='ocrx_word' id='word_1_780' title='bbox 3253 4712 3414 4768; x_wconf 87' lang='lat' dir='ltr'><strong>quam</strong></span> <span class='ocrx_word' id='word_1_781' title='bbox 3442 4699 3584 4753; x_wconf 88' lang='lat' dir='ltr'><strong>enim</strong></span> <span class='ocrx_word' id='word_1_782' title='bbox 3611 4699 3821 4769; x_wconf 85' lang='lat' dir='ltr'><strong>spinam</strong></span> <span class='ocrx_word' id='word_1_783' title='bbox 3852 4701 3935 4757; x_wconf 85' lang='lat' dir='ltr'><strong>of-</strong></span> 
     </span>
    </p>
   </div>
   <div class='ocr_carea' id='block_1_106' title="bbox 2334 4784 3933 4851">
    <p class='ocr_par' dir='ltr' id='par_1_106' title="bbox 2334 4784 3933 4851">
     <span class='ocr_line' id='line_1_106' title="bbox 2334 4784 3933 4851; baseline 0.006 -12"><span class='ocrx_word' id='word_1_784' title='bbox 2334 4784 2569 4851; x_wconf 86' lang='lat' dir='ltr'><strong>fendam,</strong></span> <span class='ocrx_word' id='word_1_785' title='bbox 2614 4787 2669 4840; x_wconf 86' lang='lat' dir='ltr'><strong>in</strong></span> <span class='ocrx_word' id='word_1_786' title='bbox 2696 4785 2890 4841; x_wconf 88' lang='lat' dir='ltr'><strong>olivam</strong></span> <span class='ocrx_word' id='word_1_787' title='bbox 2924 4797 3198 4843; x_wconf 85' lang='lat' dir='ltr'><strong>commuto</strong></span> <span class='ocrx_word' id='word_1_788' title='bbox 3225 4805 3239 4841; x_wconf 87' lang='lat'><strong>:</strong></span> <span class='ocrx_word' id='word_1_789' title='bbox 3268 4803 3375 4843; x_wconf 91' lang='lat' dir='ltr'><strong>non</strong></span> <span class='ocrx_word' id='word_1_790' title='bbox 3399 4788 3541 4844; x_wconf 87' lang='lat' dir='ltr'><strong>enim</strong></span> <span class='ocrx_word' id='word_1_791' title='bbox 3572 4788 3660 4845; x_wconf 90' lang='lat' dir='ltr'><strong>hic</strong></span> <span class='ocrx_word' id='word_1_792' title='bbox 3680 4791 3825 4847; x_wconf 85' lang='lat' dir='ltr'><strong>valet</strong></span> <span class='ocrx_word' id='word_1_793' title='bbox 3853 4795 3933 4848; x_wconf 89' lang='lat' dir='ltr'><strong>in-</strong></span> 
     </span>
    </p>
   </div>
   <div class='ocr_carea' id='block_1_107' title="bbox 2334 4877 3934 4953">
    <p class='ocr_par' dir='ltr' id='par_1_107' title="bbox 2334 4877 3934 4953">
     <span class='ocr_line' id='line_1_107' title="bbox 2334 4877 3934 4953; baseline 0.008 -23"><span class='ocrx_word' id='word_1_794' title='bbox 2334 4877 2454 4946; x_wconf 87' lang='lat' dir='ltr'><strong>opia</strong></span> <span class='ocrx_word' id='word_1_795' title='bbox 2477 4887 2697 4943; x_wconf 50' lang='lat' dir='ltr'><strong>natura“,</strong></span> <span class='ocrx_word' id='word_1_796' title='bbox 2722 4878 2813 4933; x_wconf 87' lang='lat' dir='ltr'><strong>sed</strong></span> <span class='ocrx_word' id='word_1_797' title='bbox 2847 4877 3064 4934; x_wconf 88' lang='lat' dir='ltr'><strong>libertas</strong></span> <span class='ocrx_word' id='word_1_798' title='bbox 3094 4880 3301 4935; x_wconf 89' lang='lat' dir='ltr'><strong>arbitrii</strong></span> <span class='ocrx_word' id='word_1_799' title='bbox 3323 4880 3636 4937; x_wconf 87' lang='lat' dir='ltr'><strong>honoratur.</strong></span> <span class='ocrx_word' id='word_1_800' title='bbox 3659 4881 3715 4938; x_wconf 89' lang='lat' dir='ltr'><strong>Si</strong></span> <span class='ocrx_word' id='word_1_801' title='bbox 3742 4883 3934 4953; x_wconf 74' lang='lat' dir='ltr'><strong>lupatis</strong></span> 
     </span>
    </p>
   </div>
   <div class='ocr_carea' id='block_1_108' title="bbox 2334 4967 3932 5045">
    <p class='ocr_par' dir='ltr' id='par_1_108' title="bbox 2334 4967 3932 5045">
     <span class='ocr_line' id='line_1_108' title="bbox 2334 4967 3932 5045; baseline 0.006 -24"><span class='ocrx_word' id='word_1_802' title='bbox 2334 4967 2608 5034; x_wconf 85' lang='lat' dir='ltr'><strong>invenero,</strong></span> <span class='ocrx_word' id='word_1_803' title='bbox 2639 4983 2790 5023; x_wconf 87' lang='lat' dir='ltr'><strong>ovem</strong></span> <span class='ocrx_word' id='word_1_804' title='bbox 2814 4967 2970 5037; x_wconf 85' lang='lat' dir='ltr'><strong>facio,</strong></span> <span class='ocrx_word' id='word_1_805' title='bbox 2999 4985 3104 5025; x_wconf 91' lang='lat' dir='ltr'><strong>non</strong></span> <span class='ocrx_word' id='word_1_806' title='bbox 3136 4982 3381 5027; x_wconf 88' lang='lat' dir='ltr'><strong>naturam</strong></span> <span class='ocrx_word' id='word_1_807' title='bbox 3406 4983 3639 5039; x_wconf 83' lang='lat' dir='ltr'><strong>mutans,</strong></span> <span class='ocrx_word' id='word_1_808' title='bbox 3671 4974 3769 5030; x_wconf 87' lang='lat' dir='ltr'><strong>sed</strong></span> <span class='ocrx_word' id='word_1_809' title='bbox 3800 4989 3932 5045; x_wconf 60' lang='lat' dir='ltr'><strong>pro.</strong></span> 
     </span>
    </p>
   </div>
   <div class='ocr_carea' id='block_1_109' title="bbox 2332 5061 2954 5129">
    <p class='ocr_par' dir='ltr' id='par_1_109' title="bbox 2332 5061 2954 5129">
     <span class='ocr_line' id='line_1_109' title="bbox 2332 5061 2954 5129; baseline -0.003 -14"><span class='ocrx_word' id='word_1_810' title='bbox 2332 5061 2565 5129; x_wconf 88' lang='lat' dir='ltr'><strong>positum</strong></span> <span class='ocrx_word' id='word_1_811' title='bbox 2608 5061 2954 5117; x_wconf 89' lang='lat' dir='ltr'><strong>transferens.</strong></span> 
     </span>
    </p>
   </div>
   <div class='ocr_carea' id='block_1_110' title="bbox 2408 5152 3939 5225">
    <p class='ocr_par' dir='ltr' id='par_1_110' title="bbox 2408 5152 3939 5225">
     <span class='ocr_line' id='line_1_110' title="bbox 2408 5152 3939 5225; baseline 0.006 -20"><span class='ocrx_word' id='word_1_812' title='bbox 2408 5152 2631 5207; x_wconf 79' lang='lat' dir='ltr'><strong>Ecclesia</strong></span> <span class='ocrx_word' id='word_1_813' title='bbox 2658 5168 2791 5207; x_wconf 64' lang='lat' dir='ltr'><strong>arcae</strong></span> <span class='ocrx_word' id='word_1_814' title='bbox 2832 5152 2947 5208; x_wconf 83' lang='lat' dir='ltr'><strong>Noe</strong></span> <span class='ocrx_word' id='word_1_815' title='bbox 2987 5164 3311 5223; x_wconf 81' lang='lat' dir='ltr'><strong>comparatur</strong></span> <span class='ocrx_word' id='word_1_816' title='bbox 3337 5155 3436 5225; x_wconf 83' lang='lat' dir='ltr'><strong>(a).</strong></span> <span class='ocrx_word' id='word_1_817' title='bbox 3465 5183 3536 5196; x_wconf 90' lang='lat'><strong>——</strong></span> <span class='ocrx_word' id='word_1_818' title='bbox 3564 5154 3939 5223; x_wconf 75' lang='lat' dir='ltr'><strong>Quamobrem</strong></span> 
     </span>
    </p>
   </div>
   <div class='ocr_carea' id='block_1_111' title="bbox 2331 5245 3937 5315">
    <p class='ocr_par' dir='ltr' id='par_1_111' title="bbox 2331 5245 3937 5315">
     <span class='ocr_line' id='line_1_111' title="bbox 2331 5245 3937 5315; baseline 0.004 -16"><span class='ocrx_word' id='word_1_819' title='bbox 2331 5259 2435 5299; x_wconf 91' lang='lat' dir='ltr'><strong>non</strong></span> <span class='ocrx_word' id='word_1_820' title='bbox 2464 5246 2729 5300; x_wconf 85' lang='lat' dir='ltr'><strong>erraverit</strong></span> <span class='ocrx_word' id='word_1_821' title='bbox 2749 5245 3009 5315; x_wconf 89' lang='lat' dir='ltr'><strong>quispiam</strong></span> <span class='ocrx_word' id='word_1_822' title='bbox 3040 5245 3084 5299; x_wconf 89' lang='lat' dir='ltr'><strong>si</strong></span> <span class='ocrx_word' id='word_1_823' title='bbox 3111 5245 3307 5301; x_wconf 79' lang='lat' dir='ltr'><strong>dixerit</strong></span> <span class='ocrx_word' id='word_1_824' title='bbox 3333 5245 3624 5301; x_wconf 83' lang='lat' dir='ltr'><strong>Ecclesiam</strong></span> <span class='ocrx_word' id='word_1_825' title='bbox 3651 5261 3772 5302; x_wconf 87' lang='lat' dir='ltr'><strong>esse</strong></span> <span class='ocrx_word' id='word_1_826' title='bbox 3797 5263 3937 5305; x_wconf 81' lang='lat' dir='ltr'><strong>arca</strong></span> 
     </span>
    </p>
   </div>
   <div class='ocr_carea' id='block_1_112' title="bbox 2330 5338 3933 5410">
    <p class='ocr_par' dir='ltr' id='par_1_112' title="bbox 2330 5338 3933 5410">
     <span class='ocr_line' id='line_1_112' title="bbox 2330 5338 3933 5410; baseline 0.004 -17"><span class='ocrx_word' id='word_1_827' title='bbox 2330 5338 2775 5408; x_wconf 71' lang='lat' dir='ltr'><strong>praestantiorem.</strong></span> <span class='ocrx_word' id='word_1_828' title='bbox 2818 5338 3027 5394; x_wconf 86' lang='lat' dir='ltr'><strong>Etenim</strong></span> <span class='ocrx_word' id='word_1_829' title='bbox 3069 5354 3189 5394; x_wconf 88' lang='lat' dir='ltr'><strong>arca</strong></span> <span class='ocrx_word' id='word_1_830' title='bbox 3240 5340 3488 5394; x_wconf 89' lang='lat' dir='ltr'><strong>animalia</strong></span> <span class='ocrx_word' id='word_1_831' title='bbox 3538 5338 3845 5410; x_wconf 78' lang='lat' dir='ltr'><strong>excipiebat</strong></span> <span class='ocrx_word' id='word_1_832' title='bbox 3874 5355 3933 5400; x_wconf 85' lang='lat' dir='ltr'><strong>et</strong></span> 
     </span>
    </p>
   </div>
   <div class='ocr_carea' id='block_1_113' title="bbox 2329 5429 3931 5505">
    <p class='ocr_par' dir='ltr' id='par_1_113' title="bbox 2329 5429 3931 5505">
     <span class='ocr_line' id='line_1_113' title="bbox 2329 5429 3931 5505; baseline 0.004 -21"><span class='ocrx_word' id='word_1_833' title='bbox 2329 5429 2576 5485; x_wconf 88' lang='lat' dir='ltr'><strong>animalia</strong></span> <span class='ocrx_word' id='word_1_834' title='bbox 2604 5430 2979 5497; x_wconf 82' lang='lat' dir='ltr'><strong>conservabat,</strong></span> <span class='ocrx_word' id='word_1_835' title='bbox 3014 5430 3249 5485; x_wconf 86' lang='lat' dir='ltr'><strong>Ecclesia</strong></span> <span class='ocrx_word' id='word_1_836' title='bbox 3277 5445 3403 5486; x_wconf 90' lang='lat' dir='ltr'><strong>vero</strong></span> <span class='ocrx_word' id='word_1_837' title='bbox 3440 5430 3689 5487; x_wconf 84' lang='lat' dir='ltr'><strong>animalia</strong></span> <span class='ocrx_word' id='word_1_838' title='bbox 3719 5434 3931 5505; x_wconf 84' lang='lat' dir='ltr'><strong>excipit</strong></span> 
     </span>
    </p>
   </div>
   <div class='ocr_carea' id='block_1_114' title="bbox 2328 5524 3928 5595">
    <p class='ocr_par' dir='ltr' id='par_1_114' title="bbox 2328 5524 3928 5595">
     <span class='ocr_line' id='line_1_114' title="bbox 2328 5524 3928 5595; baseline 0.004 -18"><span class='ocrx_word' id='word_1_839' title='bbox 2328 5534 2381 5577; x_wconf 89' lang='lat' dir='ltr'><strong>et</strong></span> <span class='ocrx_word' id='word_1_840' title='bbox 2412 5525 2671 5579; x_wconf 88' lang='lat' dir='ltr'><strong>immutat.</strong></span> <span class='ocrx_word' id='word_1_841' title='bbox 2704 5524 2946 5594; x_wconf 78' lang='lat' dir='ltr'><strong>Exempli</strong></span> <span class='ocrx_word' id='word_1_842' title='bbox 2974 5538 3155 5589; x_wconf 87' lang='lat' dir='ltr'><strong>causa,</strong></span> <span class='ocrx_word' id='word_1_843' title='bbox 3185 5524 3308 5579; x_wconf 89' lang='lat' dir='ltr'><strong>illuc</strong></span> <span class='ocrx_word' id='word_1_844' title='bbox 3342 5524 3615 5593; x_wconf 84' lang='lat' dir='ltr'><strong>ingressus</strong></span> <span class='ocrx_word' id='word_1_845' title='bbox 3641 5527 3928 5595; x_wconf 74' lang='lat' dir='ltr'><strong>accipiter,</strong></span> 
     </span>
    </p>
   </div>
   <div class='ocr_carea' id='block_1_115' title="bbox 2326 5615 3936 5688">
    <p class='ocr_par' dir='ltr' id='par_1_115' title="bbox 2326 5615 3936 5688">
     <span class='ocr_line' id='line_1_115' title="bbox 2326 5615 3936 5688; baseline 0.004 -18"><span class='ocrx_word' id='word_1_846' title='bbox 2326 5616 2582 5685; x_wconf 89' lang='lat' dir='ltr'><strong>accipiter</strong></span> <span class='ocrx_word' id='word_1_847' title='bbox 2606 5618 2751 5682; x_wconf 75' lang='lat' dir='ltr'><strong>exit;</strong></span> <span class='ocrx_word' id='word_1_848' title='bbox 2785 5617 3059 5688; x_wconf 84' lang='lat' dir='ltr'><strong>ingressus</strong></span> <span class='ocrx_word' id='word_1_849' title='bbox 3106 5619 3278 5687; x_wconf 85' lang='lat' dir='ltr'><strong>lupus,</strong></span> <span class='ocrx_word' id='word_1_850' title='bbox 3314 5617 3445 5673; x_wconf 91' lang='lat' dir='ltr'><strong>exiit</strong></span> <span class='ocrx_word' id='word_1_851' title='bbox 3488 5615 3645 5686; x_wconf 86' lang='lat' dir='ltr'><strong>lupus</strong></span> <span class='ocrx_word' id='word_1_852' title='bbox 3676 5635 3690 5671; x_wconf 92' lang='lat'>:</span> <span class='ocrx_word' id='word_1_853' title='bbox 3733 5627 3788 5673; x_wconf 86' lang='lat' dir='ltr'><strong>at</strong></span> <span class='ocrx_word' id='word_1_854' title='bbox 3817 5617 3936 5677; x_wconf 79' lang='lat' dir='ltr'><strong>huc</strong></span> 
     </span>
    </p>
   </div>
   <div class='ocr_carea' id='block_1_116' title="bbox 2330 5706 3934 5779">
    <p class='ocr_par' dir='ltr' id='par_1_116' title="bbox 2330 5706 3934 5779">
     <span class='ocr_line' id='line_1_116' title="bbox 2330 5706 3934 5779; baseline 0.001 -18"><span class='ocrx_word' id='word_1_855' title='bbox 2330 5707 2603 5778; x_wconf 87' lang='lat' dir='ltr'><strong>ingressus</strong></span> <span class='ocrx_word' id='word_1_856' title='bbox 2630 5709 2905 5779; x_wconf 87' lang='lat' dir='ltr'><strong>accipiter,</strong></span> <span class='ocrx_word' id='word_1_857' title='bbox 2938 5710 3049 5764; x_wconf 89' lang='lat' dir='ltr'><strong>exit</strong></span> <span class='ocrx_word' id='word_1_858' title='bbox 3076 5708 3321 5763; x_wconf 89' lang='lat' dir='ltr'><strong>columba</strong></span> <span class='ocrx_word' id='word_1_859' title='bbox 3347 5725 3362 5773; x_wconf 91' lang='lat'>;</span> <span class='ocrx_word' id='word_1_860' title='bbox 3391 5706 3669 5778; x_wconf 86' lang='lat' dir='ltr'><strong>ingressus</strong></span> <span class='ocrx_word' id='word_1_861' title='bbox 3725 5706 3896 5777; x_wconf 90' lang='lat' dir='ltr'><strong>lupus</strong></span> <span class='ocrx_word' id='word_1_862' title='bbox 3918 5746 3934 5769; x_wconf 86' lang='lat'><strong>.</strong></span> 
     </span>
    </p>
   </div>
   <div class='ocr_carea' id='block_1_117' title="bbox 2376 5818 3465 5883">
    <p class='ocr_par' dir='ltr' id='par_1_117' title="bbox 2376 5818 3465 5883">
     <span class='ocr_line' id='line_1_117' title="bbox 2376 5818 3465 5883; baseline 0.002 -16"><span class='ocrx_word' id='word_1_863' title='bbox 2376 5819 2448 5883; x_wconf 89' lang='lat' dir='ltr'><strong>(a)</strong></span> <span class='ocrx_word' id='word_1_864' title='bbox 2483 5820 2597 5871; x_wconf 74' lang='lat' dir='ltr'><strong>vide</strong></span> <span class='ocrx_word' id='word_1_865' title='bbox 2622 5820 2790 5872; x_wconf 81' lang='lat' dir='ltr'><strong>ltomil.</strong></span> <span class='ocrx_word' id='word_1_866' title='bbox 2824 5823 3039 5873; x_wconf 71' lang='lat' dir='ltr'><strong>interrae</strong></span> <span class='ocrx_word' id='word_1_867' title='bbox 3060 5828 3244 5872; x_wconf 85' lang='lat' dir='ltr'><strong>motum</strong></span> <span class='ocrx_word' id='word_1_868' title='bbox 3275 5826 3392 5870; x_wconf 83' lang='lat' dir='ltr'><strong>tom.</strong></span> <span class='ocrx_word' id='word_1_869' title='bbox 3420 5818 3465 5869; x_wconf 86' lang='grc' dir='ltr'><strong>ι.</strong></span> 
     </span>
    </p>
   </div>
  </div>
