4164 6324
209 360 315 418 5'57

211 479 324 533 exit
351 475 509 542 ovis;
554 474 829 546 ingressus
859 483 1085 543 serpens
1112 511 1126 538 ,
1155 466 1436 541 egreditur
1475 478 1681 538 agnus;
1711 476 1820 517 non

215 578 422 625 mutata
451 577 641 622 natura
672 609 688 634 ,
721 565 812 622 sed
841 564 1061 635 explosa
1108 560 1368 632 nequitia.
1411 557 1539 614 Ideo
1579 555 1824 626 frequen-

217 668 326 714 aem
351 659 420 714 de
449 658 770 729 pmnitentia
801 670 993 713 moveo
1033 668 1365 710 sermonem.
1408 651 1502 707 Est
1528 648 1673 706 enim
1717 660 1824 716 poe-

217 751 444 806 nitentia
469 791 486 817 ,
520 751 743 805 molesta
788 759 842 804 et
893 745 1250 803 formidabilis
1281 742 1547 815 peccaturi
1567 782 1582 807 ,
1615 737 1822 794 medela

215 842 560 908 delictorum,
591 839 929 908 consumptio
958 838 1319 908 iniquitalum,
1345 833 1534 889 cl'fusio
1560 832 1825 903 lacryma—

221 948 341 997 rum
371 974 389 1000 ,
419 932 612 989 fiducia
642 932 781 1004 apud
815 933 1000 996 Deum,
1019 938 1290 986 armatura
1316 936 1502 983 contra
1529 922 1821 988 diabolum,

215 1023 429 1094 Bladius
452 1024 570 1094 ejus
591 1033 749 1095 caput
775 1023 1097 1079 abscindens
1126 1064 1142 1089 ,
1175 1035 1300 1092 spes
1325 1019 1514 1074 salutis
1534 1059 1549 1083 ,
1571 1016 1825 1087 despera-

216 1115 379 1172 tionis
405 1115 753 1187 proﬁigatio‘.
792 1114 920 1170 Ηωε
946 1113 1135 1168 cadum
1161 1111 1356 1184 aperit,
1380 1109 1497 1165 lucc
1517 1109 1572 1164 in
1603 1106 1817 1178 paradi-

215 1220 336 1262 sum
387 1206 699 1273 introducit,
746 1205 863 1261 base
886 1205 1156 1261 diabolum
1185 1211 1404 1273 superat
1429 1199 1698 1273 (ideoque
1724 1198 1824 1253 hac

215 1300 283 1355 de
317 1314 376 1353 re
407 1297 716 1368 frequenter
757 1311 1062 1353 sermonem
1111 1293 1343 1367 moveo)
1378 1310 1392 1347 :
1424 1308 1543 1348 nam
1574 1291 1820 1346 ﬁduciam

220 1390 422 1446 inducit
445 1391 620 1461 ipsum
653 1405 811 1462 posse
839 1389 1129 1461 prosterni.
1180 1388 1438 1444 Peccator
1480 1386 1578 1441 es?
1617 1399 1684 1439 ne
1728 1382 1826 1438 de-

214 1496 402 1550 speres
435 1497 450 1535 :
481 1496 589 1537 non
617 1481 808 1537 desino
847 1497 943 1536 vos
973 1479 1172 1550 jngiter
1224 1477 1371 1533 hisce
1418 1474 1823 1532 medicamentis

215 1572 444 1628 allinere
474 1590 489 1626 ε
519 1573 717 1628 etenim
766 1572 888 1626 novi
917 1581 1172 1641 quantum
1202 1578 1390 1626 contra
1433 1566 1706 1623 diabolum
1754 1565 1824 1620 sit

216 1661 387 1718 telum
417 1678 526 1717 non
557 1660 872 1732 desperare.
899 1660 954 1717 Si
984 1660 1038 1716 in
1059 1660 1292 1732 peccatis
1315 1660 1410 1724 sis,
1441 1673 1510 1714 ne
1529 1657 1819 1727 desperes:

215 1751 338 1808 hac
359 1752 576 1808 dicendi
604 1752 811 1808 nullum
850 1751 1013 1807 ﬁnem
1050 1751 1187 1806 facio
1216 1768 1233 1804 :
1267 1750 1313 1805 si
1341 1749 1579 1820 quotidie
1608 1762 1818 1818 peccas,

213 1844 460 1916 quotidie
484 1845 854 1916 penitentiam
885 1859 1016 1914 age:
1044 1852 1098 1899 et
1117 1841 1259 1914 quod
1287 1841 1339 1896 in
1364 1841 1588 1896 vetustis
1615 1838 1823 1900 a-dibus

213 1951 382 2007 agere
408 1935 665 1999 solemus,
696 1950 821 1989 cum
861 1934 1192 1989 labefactata:
1241 1931 1478 1997 fuerint,
1522 1945 1641 2001 qua:
1678 1929 1824 1984 Iabe-

215 2025 417 2080 factata
459 2035 586 2080 sunt
607 2024 906 2080 auferimus
930 2066 948 2093 ,
979 2039 1046 2079 ac
1072 2039 1212 2079 nova
1238 2023 1607 2086 admovemus,
1651 2035 1825 2092 neque

216 2133 445 2189 usquam
475 2118 545 2173 ab
569 2118 784 2173 assidua
805 2133 931 2194 cura
961 2117 1308 2172 desistimus:
1339 2116 1440 2172 hoc
1463 2115 1626 2171 etiam
1652 2115 1708 2169 in
1726 2129 1825 2168 no-

216 2208 304 2265 bis
327 2209 584 2265 faciamus
609 2211 651 2264 ¹.
681 2209 739 2266 Si
766 2209 1096 2264 inveteratus
1125 2223 1184 2263 es
1231 2207 1390 2263 hodie
1418 2222 1448 2261 a
1480 2211 1719 2276 peccato,
1739 2219 1827 2261 re-

218 2315 362 2357 nova
390 2300 618 2372 teipsum
649 2315 748 2371 per
775 2301 1166 2370 ptenitentiam.
1199 2298 1439 2365 Licetne,
1471 2296 1700 2368 inquies,
1731 2310 1827 2366 per

219 2390 596 2462 pmnitentiam
664 2392 890 2448 salutem
927 2391 1230 2460 consequi?
1269 2389 1433 2444 Plane
1461 2389 1606 2445 licet.
1635 2388 1822 2444 Totam

217 2484 388 2542 vitam
437 2485 491 2539 in
539 2485 775 2556 peccatis
803 2484 1053 2552 contrivi,
1082 2494 1136 2540 et
1161 2483 1207 2539 si
1234 2483 1602 2552 paenitentiam
1630 2495 1791 2552 egero
1809 2521 1824 2546 ,

220 2575 405 2638 salvus
431 2577 568 2631 ero?
615 2575 844 2633 Prorsus
885 2577 1016 2634 eris.
1055 2576 1112 2632 Id
1159 2575 1299 2632 unde
1347 2574 1553 2646 liquet?
1580 2574 1665 2630 Ab
1713 2574 1828 2646 ipsa

223 2668 440 2724 Domini
469 2669 546 2724 tui
591 2684 714 2740 erga
742 2669 988 2724 homines
1018 2669 1365 2740 benignitate.
1407 2666 1546 2722 Num
1597 2681 1663 2721 ex
1709 2680 1829 2736 pte-

226 2762 454 2817 nitentia
506 2770 594 2816 tua
625 2775 782 2817 sumo
810 2760 1092 2817 fiduciam?
1122 2776 1248 2816 num
1277 2758 1589 2830 paenitentia
1620 2766 1706 2812 tua
1736 2772 1833 2827 po-

225 2863 333 2910 test
363 2863 439 2908 tot
460 2853 772 2925 abstergere
799 2853 977 2908 mala?
999 2852 1142 2908 Sane
1180 2851 1226 2906 si
1250 2851 1560 2922 pmnitentia
1600 2848 1713 2904 sola
1741 2861 1827 2903 es-

222 2953 327 3006 set,
349 2944 473 3012 jure
495 2943 750 3009 timeres;
783 2943 876 2998 sed
905 2942 1120 3014 quando
1146 2942 1482 3015 poenitentiae
1526 2948 1629 2996 tua:
1655 2939 1832 2994 admi-

224 3046 412 3090 scetnr
439 3035 538 3090 Dei
571 3035 860 3096 clementia
884 3076 901 3102 ,
937 3034 1171 3092 conﬁde.
1206 3034 1302 3089 Dei
1342 3033 1488 3090 enim
1531 3030 1833 3089 clementiae

226 3125 375 3181 nulla
402 3136 486 3181 est
512 3140 783 3191 mensura,
829 3140 1008 3195 neque
1047 3125 1164 3194 ejus
1200 3123 1412 3181 bonitas
1441 3123 1694 3192 explicari
1721 3138 1836 3178 sera

226 3235 389 3276 mone
419 3227 612 3289 potest.
639 3217 772 3274 Nam
813 3218 1010 3273 malitia
1037 3217 1255 3288 quidem
1287 3226 1373 3271 tua
1406 3214 1828 3272 mensuramdta-

227 3312 344 3376 bet,
374 3310 671 3366 remedium
701 3325 830 3365 vero
861 3325 1167 3367 mensuram
1218 3326 1322 3364 non
1371 3309 1571 3376 habet;
1626 3309 1826 3364 malitia

227 3413 343 3468 tua,
372 3404 780 3474 qualiscumque
825 3404 924 3468 sit,
953 3404 1185 3459 humana
1211 3413 1292 3459 est
1321 3403 1557 3470 malitia;
1589 3402 1681 3457 Dei
1709 3416 1837 3457 vero

225 3498 514 3553 clementia
558 3505 642 3553 est
683 3497 1026 3554 immensa':
1079 3497 1290 3553 conﬁde
1341 3497 1456 3552 fore
1495 3506 1554 3552 ut
1594 3511 1657 3553 ea
1689 3505 1835 3552 tuam

227 3593 412 3646 vincat
458 3591 737 3646 malitiam.
776 3590 962 3662 Cogita
1012 3591 1144 3646 mihi
1185 3591 1472 3647 scintillam
1512 3591 1563 3645 in
1619 3591 1838 3661 pelagus

225 3682 514 3738 cadentem
563 3699 578 3737 :
640 3696 767 3736 num
819 3691 997 3753 potest
1035 3683 1124 3738 illa
1177 3692 1356 3748 stare,
1404 3691 1496 3736 aut
1539 3680 1838 3751 apparere?

227 3774 553 3841 Quantaest
578 3773 809 3830 scintilla
834 3788 955 3828 cum
985 3775 1173 3844 pelago
1205 3773 1418 3839 collata,
1451 3781 1592 3827 tanta
1615 3781 1699 3828 est
1720 3786 1837 3826 ma-

230 3867 349 3922 litia
375 3907 391 3932 ,
426 3868 470 3921 si
498 3882 625 3924 cum
665 3866 992 3943 benignitate
1020 3866 1114 3922 Dei
1153 3874 1528 3936 comparetur;
1572 3866 1682 3921 imo
1707 3881 1838 3921 vero

231 3976 343 4014 non
374 3967 543 4024 tanta,
574 3959 669 4015 sed
715 3959 892 4015 multo
922 3958 1097 4029 major
1132 3957 1434 4029 benignitas
1463 3958 1571 4013 illa.
1614 3959 1839 4030 Pelagus

230 4053 402 4118 enim,
436 4066 691 4120 magnum
714 4052 843 4106 licet
867 4052 958 4118 sit,
983 4065 1292 4107 mensuram
1318 4051 1515 4120 habet,
1541 4050 1840 4121 benignitas

231 4156 366 4196 vero
402 4142 494 4196 Dei
513 4141 721 4197 nullum
749 4141 909 4197 habet
936 4142 1248 4197 terminum.

313 4229 451 4284 Vitia
480 4232 730 4300 paulatim
746 4233 1093 4286 cradicantur.
1120 4262 1190 4274 —
1213 4233 1336 4289 Ilaec
1358 4232 1502 4296 dico.
1533 4248 1637 4288 non
1661 4242 1718 4289 ut
1745 4249 1842 4289 vos

230 4323 510 4392 segniores
550 4322 794 4390 reddam,
835 4325 930 4379 sed
963 4333 1021 4380 ut
1058 4325 1425 4396 diligentiores
1454 4324 1704 4381 efﬁciam.
1731 4326 1841 4382 Vos

229 4432 379 4487 saepe
401 4416 584 4470 monui
613 4431 681 4472 ne
706 4417 759 4471 in
789 4418 994 4472 theatra
1035 4419 1420 4475 aseenderetis.
1475 4421 1707 4488 Audisti,
1743 4437 1843 4477 nec

230 4524 440 4565 morem
463 4509 676 4579 gessisti
710 4511 797 4564 :in
824 4509 1089 4565 theatrum
1120 4512 1431 4578 aseendisti,
1458 4515 1693 4568 sermoni
1720 4529 1841 4569 meo

231 4618 343 4658 non
385 4603 768 4672 obtemperasti
815 4619 930 4662 :ne
979 4613 1033 4660 te
1078 4605 1276 4673 pudeat
1316 4620 1502 4660 rursus
1527 4605 1755 4676 ingredi,
1787 4615 1843 4662 et

231 4693 443 4750 audire.
473 4695 688 4761 Audivi,
719 4709 818 4750 nec
857 4694 1161 4759 observavi,
1203 4695 1475 4766 quomodo
1513 4710 1729 4765 possum
1761 4696 1843 4749 in-

231 4788 388 4859 gredi
408 4788 433 4841 ?
454 4788 670 4843 Interim
702 4787 804 4842 hoc
830 4787 1004 4857 ipsum
1036 4788 1216 4854 nosti,
1249 4796 1300 4842 te
1328 4802 1435 4844 non
1471 4787 1791 4843 observasse
1823 4805 1837 4842 :

234 4879 452 4934 interim
485 4889 537 4934 te
566 4878 749 4948 pudet,
795 4868 1007 4933 interim
1037 4879 1345 4945 erubescis;
1381 4879 1595 4934 interim
1625 4880 1842 4935 nemine

232 4979 495 5042 arguente
564 4971 774 5026 frenum
822 4970 1179 5036 circumfers;
1255 4971 1467 5026 interim
1533 4988 1839 5028 sermonem

236 5080 417 5118 meum
460 5064 754 5118 radicatum
792 5061 1034 5129 habes‘,
1077 5077 1250 5132 neque
1288 5078 1392 5116 non
1443 5073 1710 5133 prmscnte
1741 5063 1841 5118 do-

236 5158 410 5214 ctrina
443 5171 560 5210 mea
591 5165 645 5211 te
667 5155 930 5224 puriﬁcat.
963 5155 1081 5210 Non
1117 5154 1436 5218 observasti,
1470 5154 1839 5208 condenmasti

238 5248 332 5303 te?
357 5261 422 5300 ex
451 5246 668 5302 dimidia
717 5256 867 5314 parte
895 5245 1211 5311 observasti,
1259 5244 1468 5299 etiamsi
1499 5261 1602 5297 non
1650 5246 1842 5300 obser-

236 5340 467 5403 vavcris,
497 5338 595 5393 sed
619 5337 821 5393 dixeris
848 5345 1075 5402 tantum,
1108 5353 1215 5393 non
1240 5337 1557 5393 observavi:
1589 5353 1711 5392 nam
1751 5338 1841 5409 qui

302 5499 320 5530 ⁸
339 5499 431 5568 _sic
452 5495 594 5568 savii.
643 5495 822 5545 melius
853 5508 998 5560 quam
1017 5495 1183 5546 Morel.
1205 5534 1218 5555 ,
1243 5498 1326 5560 qui
1369 5496 1509 5559 legit,
1557 5496 1844 5562 ignorantia

236 5557 530 5622 pr'oﬂiqatio.
872 5557 883 5560 ⁷
1260 5557 1275 5560 “
1425 5557 1440 5559 '
1572 5557 1595 5562 ’

299 5623 321 5653 ²
357 5612 489 5670 Illam
515 5619 896 5681 propositionem
918 5618 1099 5669 addidit
1122 5620 1262 5669 Savil.
1279 5628 1331 5671 et
1355 5634 1442 5670 nos
1468 5635 1529 5670 ex
1555 5622 1745 5673 Savilio.

301 5685 323 5717 ³
359 5690 500 5755 ιδεμ..
525 5681 779 5731 clementia
801 5696 912 5755 vero
948 5681 1046 5755 psi
1067 5691 1153 5733 est.
1203 5684 1364 5744 Savi|.,
1407 5683 1660 5736 clementia
1685 5693 1844 5738 autem

245 5745 437 5800 Domini
457 5756 737 5796 mensuram
759 5758 853 5794 non
875 5745 1032 5794 habet.

309 5810 341 5850 ⁸-
365 5811 578 5864 savilius
602 5805 754 5872 addit,
769 5808 819 5860 in
845 5814 996 5858 mente
1019 5815 1118 5857 tua.

1330 352 1421 408 DE
1469 345 1830 408 ΡίΕΝΙΤΕΝἸ

1937 386 1943 401 .
1984 345 2214 403 IIOMIL.
2257 343 2395 403 VIII.
3429 338 3534 394 538

1926 460 2162 530 seipsum
2189 461 2513 518 condemnat
2535 471 2604 514 eo
2629 455 2771 528 quod
2796 471 2903 512 non
2928 452 3302 512 observaverit
3323 494 3337 517 ,
3372 468 3436 509 co
3462 454 3539 509 fe-

1925 557 2094 612 stinat
2122 562 2180 607 ιιι
2207 554 2484 613 observet.
2518 554 2869 627 Ilespexisti?
2914 553 3246 624 iniquitatem
3277 562 3536 621 operatus

1926 646 2022 702 es?
2061 647 2362 702 meretricis
2405 647 2650 718 captivus
2693 645 2920 703 eﬁ'ectus
2972 646 3068 700 es?
3093 641 3423 700 descendisti
3467 641 3539 697 de

1929 721 2158 801 theatro.
2186 747 2239 794 et
2264 740 2458 794 iterum
2485 738 2803 795 recordatus
2828 736 3034 808 pudore
3061 735 3287 793 aﬂ'ectus
3311 734 3418 792 es?
3449 749 3541 789 ac.

1926 831 2078 888 cede.
2111 832 2340 888 Mmrore
2365 832 2587 888 affectus
2612 832 2709 887 es?
2728 830 2968 888 Obsecra
3001 830 3168 885 Deum
3199 846 3215 884 :
3241 829 3527 899 hucusque

1927 926 2290 982 resurrexisti.
2327 926 2417 982 Vae
2439 926 2592 994 mihi,
2624 924 2804 980 audivi
2829 933 2886 981 et
2910 939 3018 979 non
3048 923 3333 980 observavi
3357 965 3375 988 ,
3401 937 3540 995 quo-

1927 1016 2092 1072 modo
2139 1018 2190 1071 in
2234 1017 2520 1074 ecclesiam
2571 1016 2880 1088 ingrediar?
2914 1014 3188 1087 quomodo
3229 1028 3420 1071 rursus
3446 1029 3538 1069 au-

1927 1109 2112 1163 diam?
2139 1109 2251 1165 lmo
2273 1108 2576 1181 ingredere,
2606 1109 2730 1180 quia
2763 1125 2868 1164 non
2900 1108 3225 1174 observasti,
3251 1116 3309 1162 ut
3351 1120 3543 1162 rursus

1926 1202 2187 1270 audiens,
2235 1203 2511 1258 observes.
2562 1203 3012 1258 Medicamentum
3065 1201 3110 1257 si
3159 1201 3254 1256 tibi
3300 1199 3544 1256 medicus
3583 1205 3586 1208 ’

1927 1295 2190 1364 imponat,
2217 1310 2317 1350 nec
2346 1307 2398 1351 te
2424 1296 2716 1361 curaverit,
2750 1309 2931 1351 annon
2959 1281 3260 1365 insequenti
3300 1292 3390 1349 die
3418 1308 3539 1348 rur-

1927 1399 2018 1440 sus
2038 1387 2307 1457 apponet?
2332 1386 2388 1442 Si
2416 1387 2536 1457 quis
2562 1387 2822 1458 lignarius
2868 1401 3126 1457 quercum
3154 1385 3277 1441 velit
3309 1384 3542 1452 crdere,

1926 1478 2157 1534 securim
2186 1478 2394 1548 arripit,
2423 1479 2612 1534 incidit
2639 1479 2875 1534 radicem
2901 1495 2914 1532 :
2957 1479 3004 1535 si
3036 1493 3144 1534 uno
3171 1478 3283 1535 ictu
3311 1476 3543 1550 infrngi-

1927 1573 2039 1629 fera
2065 1570 2228 1625 arbor
2257 1585 2365 1625 non
2403 1569 2696 1638 deciderit,
2722 1585 2904 1626 annon
2931 1569 3080 1626 addit
3107 1569 3315 1626 alium?
3361 1584 3544 1628 annon

1924 1669 2175 1731 quartum
2193 1670 2248 1717 et
2272 1663 2553 1734 quintum?
2574 1677 2753 1718 annon
2766 1661 3072 1717 decimum?
3097 1661 3185 1718 Sic
3202 1670 3256 1717 et
3275 1670 3332 1718 tu
3359 1661 3542 1719 facito.

1924 1752 2168 1819 Quercus
2225 1761 2308 1808 est
2345 1754 2599 1810 meretrix
2653 1754 2693 1821 ι,
2747 1753 2911 1810 arbor
2967 1751 3280 1825 infrugifera
3314 1795 3329 1820 ,
3387 1755 3543 1827 glans

1925 1844 2023 1901 des
2073 1845 2357 1917 proferens
2411 1847 2465 1901 in
2496 1846 2806 1902 alimoniam
2862 1861 3145 1916 porcorum
3197 1847 3546 1905 irrationabi-

1928 1937 2058 1994 Iinm
2086 1940 2292 1995 :multo
2315 1949 2560 2012 tempore
2583 1941 2791 1996 radices
2820 1941 2998 2011 posuit
3028 1941 3079 1995 in
3116 1942 3298 1996 animo
3330 1950 3442 2010 tuo,
3490 1941 3544 1997 in

1927 2032 2180 2088 arborum
2229 2033 2463 2090 ambitus
2490 2035 2875 2090 conscientiam
2924 2046 3068 2090 luam
3100 2034 3296 2105 dejecit
3321 2053 3334 2089 :
3363 2050 3546 2096 sermo

1927 2140 2080 2181 meus
2120 2128 2327 2184 securis
2363 2137 2463 2183 est.
2507 2128 2720 2184 Audisti
2745 2129 2831 2184 die
2854 2145 2979 2184 uno.
3005 2129 3290 2199 Quomodo
3310 2129 3398 2186 die
3429 2146 3538 2185 uno

1928 2219 2122 2274 cadat'
2147 2227 2298 2276 tanto
2320 2221 2555 2276 radicata
2585 2222 2869 2294 tempore?
2901 2223 2956 2279 Si
3001 2222 3144 2279 enim
3192 2223 3275 2299 bis
3296 2264 3310 2290 ,
3354 2222 3400 2278 si
3428 2234 3544 2288 ter,

1930 2311 1974 2366 si
1997 2312 2202 2368 centies
2231 2355 2246 2378 ,
2276 2313 2319 2369 si
2348 2313 2532 2370 decies
2580 2315 2809 2382 millies,
2843 2314 2976 2370 nihil
3012 2315 3258 2379 mirabile
3280 2314 3459 2379 fuerit,
3489 2327 3548 2369 ut

1931 2420 2019 2461 res
2049 2406 2189 2461 mala
2235 2415 2290 2462 et
2320 2407 2471 2462 ﬁrma
2500 2449 2514 2470 ,
2543 2423 2706 2478 prava
2747 2407 3082 2464 consuetudo
3113 2447 3128 2471 .
3176 2407 3541 2463 exscindatur.

1931 2500 2123 2556 Manna
2162 2500 2514 2557 comedebant
2556 2500 2751 2567 Judazi,
2798 2511 2854 2557 et
2890 2517 3050 2573 cepas
3078 2501 3357 2574 Egyptias
3379 2502 3548 2572 requi-

1931 2596 2124 2649 rebant
2148 2611 2160 2648 :
2191 2593 2330 2650 Bene
2349 2595 2492 2650 nobis
2513 2606 2621 2650 erat
2642 2596 2695 2650 in
2718 2595 2951 2669 Afgypto
2983 2594 3170 2668 (Nunt.
3206 2594 3401 2667 II.I8)
3430 2614 3444 2652 :
3469 2597 3543 2650 ita

1935 2689 2106 2758 turpis
2123 2689 2464 2760 pessimaque
2481 2704 2568 2745 res
2590 2699 2676 2745 est
2705 2689 3061 2746 consuetudo.
3097 2690 3209 2746 Etsi
3242 2706 3338 2760 per
3363 2689 3550 2748 decent

1934 2777 2049 2834 dies
2076 2788 2220 2837 recte
2245 2781 2420 2851 egeris
2441 2823 2456 2847 ,
2483 2783 2527 2838 si
2561 2798 2655 2852 per
2672 2782 2877 2853 viginti,
2903 2783 2945 2837 si
2973 2798 3070 2854 per
3097 2782 3336 2855 triginta,
3360 2799 3469 2839 non
3500 2792 3552 2839 to

1935 2873 2196 2939 approbo,
2228 2887 2332 2927 non
2363 2873 2458 2928 tibi
2484 2875 2708 2945 gratiam
2744 2875 2940 2943 habeo,
2995 2891 3105 2930 non
3137 2885 3187 2932 le
3208 2877 3505 2946 amplector
3534 2893 3549 2929 :

1937 2968 2144 3015 tantum
2195 2977 2262 3017 ne
2287 2963 2524 3030 delicias,
2556 2963 2652 3020 sed
2685 2973 2736 3020 te
2758 2967 2973 3034 pudeat,
3005 2966 3236 3036 teipsum
3265 2981 3547 3037 coarguas.

2011 3053 2065 3108 Ως
2094 3055 2324 3111 Rursum
2347 3057 2414 3112 de
2445 3059 2671 3113 caritate
2707 3058 2938 3116 disserui
2959 3060 3198 3116 :~audisti
3223 3102 3235 3124 ,
3260 3060 3463 3128 abiisti,
3491 3069 3549 3115 et

1938 3145 2205 3214 rapuisti?
2243 3149 2496 3220 operibus
2534 3151 2757 3205 verbum
2818 3166 2926 3206 non
2977 3150 3304 3207 exhibuisti?
3355 3150 3432 3207 Ne
3476 3159 3553 3206 ta-

1939 3258 2063 3299 men
2104 3253 2156 3298 te
2185 3243 2386 3314 pudeat
2414 3259 2629 3298 rursum
2681 3243 2890 3314 ingredi
2933 3244 2983 3297 in
3011 3245 3297 3299 ecclesiam
3332 3253 3424 3299 :te
3451 3259 3551 3314 pu-

1940 3336 2063 3392 deat
2089 3336 2316 3406 peccati,
2344 3351 2448 3388 non
2481 3344 2531 3390 te
2561 3333 2756 3405 pudeat
2788 3335 3136 3404 paenitentiae.
3164 3335 3396 3392 Attende
3423 3335 3551 3406 quid

1941 3428 2038 3482 tibi
2059 3427 2245 3482 fecerit
2267 3426 2534 3481 diabolus.
2572 3425 2687 3481 Duo
2715 3435 2838 3481 sunt
2868 3424 3003 3492 lucc,
3036 3439 3316 3497 peccatum
3349 3437 3404 3483 et
3434 3443 3555 3499 pte-

1944 3520 2170 3576 nitentia
2199 3538 2211 3573 :
2248 3504 2526 3588 peccatum
2555 3527 2634 3573 est
2662 3519 2877 3580 vulnus.
2923 3518 3239 3589 poenitentia
3275 3534 3409 3574 vero
3431 3534 3550 3574 nte-

1942 3613 2082 3670 dela.
2112 3611 2576 3682 Quemadmodum
2627 3613 2770 3668 enim
2816 3611 2870 3666 in
2899 3626 3127 3682 corpore
3172 3620 3298 3666 sunt
3326 3609 3554 3667 medelas

1942 3715 1997 3761 et
2021 3706 2244 3762 vulnera
2291 3706 2409 3759 :sie
2434 3704 2566 3759 etin
2608 3704 2787 3758 anima
2838 3712 3059 3774 peccata
3090 3711 3145 3758 et
3194 3704 3554 3772 pmnitentia;

1944 3798 2038 3854 sed
2075 3806 2349 3868 peccatum
2381 3796 2639 3866 pudorem
2673 3795 2854 3860 habet,
2903 3795 3217 3865 poenitentia
3259 3809 3391 3850 vero
3412 3794 3552 3850 fidu-

1947 3891 2085 3946 ciam
2115 3889 2340 3945 obtinet.
2369 3887 2618 3952 Attende,
2643 3903 2847 3958 quxrso,
2882 3888 3012 3942 mihi
3033 3888 3341 3958 diligenter,
3372 3903 3442 3943 ne
3462 3903 3553 3943 or-

1946 3984 2127 4040 dinem
2179 3981 2517 4037 confundens
2557 3980 2843 4034 utilitatem
2895 3980 3109 4050 perdas.
3143 3981 3240 4034 Est
3277 3979 3469 4035 vulnus
3498 3991 3554 4036 et

1947 4074 2266 4141 remedium,
2300 4083 2575 4143 peceatum
2594 4080 2648 4126 et
2669 4072 3023 4144 poenitentia:
3054 4071 3245 4125 vulnus
3262 4081 3344 4127 est
3368 4087 3552 4142 pecca-

1951 4177 2084 4232 tum,
2114 4165 2410 4221 remedium
2444 4164 2756 4234 poenitentia
2787 4181 2800 4217 :
2829 4164 2880 4217 in
2911 4163 3132 4218 vulnere
3163 4164 3363 4226 sanies,
3389 4164 3442 4217 in
3461 4178 3553 4218 re-

1947 4259 2126 4313 medio
2156 4256 2471 4327 expurgatio
2500 4255 2668 4310 saniei
2705 4274 2718 4309 :
2751 4256 2802 4310 in
2831 4263 3052 4325 peccato
3091 4255 3291 4318 sanies,
3341 4254 3394 4308 in
3423 4269 3553 4324 pec-

1948 4361 2068 4408 cato
2096 4351 2375 4422 probrum,
2401 4349 2453 4404 in
2481 4358 2705 4419 peccato
2722 4348 2865 4403 risus
2892 4366 2904 4402 :
2928 4347 2980 4402 in
3001 4346 3310 4417 pinuitentia
3338 4345 3557 4415 ﬁducia,

1949 4444 2001 4499 in
2030 4444 2345 4515 ptenitentia
2369 4443 2608 4507 libertas,
2638 4443 2689 4495 in
2713 4440 3025 4510 pmnitentia
3059 4441 3304 4510 purgatio
3327 4440 3556 4508 peceati.

1948 4538 2183 4594 Attende
2237 4536 2540 4606 diligenter.
2588 4533 2870 4589 Peccatum
2921 4531 3128 4602 pudor,
3184 4530 3556 4602 pmnitentiam

1950 4633 2143 4687 fiducia
2170 4632 2432 4700 sequitur.
2459 4627 2900 4683 Animadvertisti
2929 4625 3072 4695 quod
3102 4625 3269 4680 dico?
3297 4625 3555 4680 Ordinem

1951 4725 2170 4778 invertit
2189 4733 2425 4787 satanas,
2449 4720 2703 4788 deditque
2735 4729 2956 4788 peccato
2983 4717 3364 4773 conﬁdentiam
3386 4759 3400 4784 ,
3434 4731 3554 4787 pm-

1951 4816 2187 4870 nitentia:
2224 4813 2505 4884 pudorem.
2549 4810 2664 4866 Non
2692 4811 2933 4866 desinam
2963 4825 3135 4880 usque
3160 4808 3228 4863 ad
3251 4823 3553 4879 vesperam,

1948 4907 2121 4964 donec
2149 4905 2279 4960 illud
2320 4906 2577 4960 solvero:
2623 4903 2944 4971 promissum
2995 4901 3247 4971 impleam
3295 4909 3507 4970 Oportet
3541 4917 3557 4955 :

1952 5015 2058 5055 non
2089 5013 2304 5068 possum
2329 4997 2612 5051 absistere.
2648 4994 2958 5048 Estvulnns
2984 5003 3037 5048 et
3063 4993 3361 5048 remedium
3396 5011 3409 5047 :
3444 4993 3558 5048 vul-

1952 5107 2053 5145 nus
2079 5091 2283 5145 saniem
2319 5088 2508 5151 habet,
2541 5085 2839 5141 remedium
2866 5085 3030 5139 saniei
3059 5085 3427 5154 purgationem
3458 5082 3552 5137 ob-

1952 5182 2254 5238 tinet.Num
2283 5180 2587 5236 inremedio
2606 5179 2821 5234 sanies?
2844 5194 2967 5232 num
2985 5180 3036 5233 in
3062 5179 3280 5233 vulnere
3307 5177 3512 5233 medela
3537 5177 3549 5232 l

1951 5293 2129 5333 annon
2161 5286 2212 5330 et
2242 5276 2356 5330 hmc
2380 5285 2433 5330 et
2476 5275 2560 5328 illa
2593 5273 2867 5343 proprium
2915 5280 3099 5326 tenent
3123 5272 3403 5326 ordinem?
3427 5287 3557 5326 nun‘.

1951 5381 2126 5442 potest
2157 5369 2258 5423 hoc
2287 5368 2351 5423 ad
2381 5367 2530 5431 illud,
2558 5366 2685 5420 illud
2714 5365 2778 5419 ad
2808 5364 2912 5420 hoc
2956 5362 3373 5418 transcendere?
3399 5361 3558 5418 Nullo

1951 5463 2129 5519 modo.
2183 5462 2299 5517 Iam
2345 5460 2617 5515 veniamus
2635 5457 2700 5513 ad
2735 5458 2966 5512 animam
3011 5457 3242 5526 peccatis
3285 5463 3556 5510 onustam.

1954 5558 2236 5614 Peccatum
2270 5555 2545 5625 probrum,
2585 5560 2858 5623 peccatum
2893 5550 3147 5620 pudorem
3177 5547 3556 5618 ignominiam-

1954 5666 2057 5721 que
2083 5649 2305 5704 sortitur
2340 5665 2353 5701 :
2389 5645 2698 5715 pmnitcntia
2748 5643 2997 5698 ﬁduciam
3025 5640 3208 5710 habet,
3241 5641 3554 5713 pmnitcntia

2020 5747 2034 5775 ι
2073 5751 2122 5792 ιιι
2139 5742 2303 5799 Savil.,
2324 5738 2592 5802 fornicatio,
2621 5749 2727 5802 pro.
2750 5735 3008 5802 meretrix.

2018 5810 2055 5842 ¹-
2073 5805 2260 5866 M0rcl.,
2286 5797 2472 5856 manu
2498 5802 2576 5855 die
2598 5797 2722 5865 tino;
2743 5801 2870 5853 intra
2897 5811 3044 5850 unum
3072 5798 3200 5851 diem
3225 5797 3438 5859 caderet,
3462 5805 3556 5848 etc.
