4164 6324
634 324 736 379 ’ὶὸθ

632 431 912 503 jejunium,
966 435 1274 502 penitentia
1302 435 1561 503 justitiam
1591 435 1796 492 obtinet
1824 454 1836 491 :
1869 435 1963 489 Dic
1998 436 2140 491 enim
2167 447 2220 490 tu

632 525 918 591 iniquitates
939 537 1053 580 tua:
1074 518 1286 595 primus,
1307 527 1666 598 urjustiﬁceris
1699 526 1850 598 (Isai.
1874 528 1960 585 45.
1983 528 2072 582 23.
2090 528 2216 601 26):

628 625 702 677 et,
732 613 916 670 Justus
939 618 991 671 in
1009 618 1257 686 principia
1276 619 1521 672 sermonis
1542 627 1808 674 accusator
1831 629 1905 672 est
1921 618 2034 686 αἱ(
2057 615 2214 677 Prov.

627 708 714 763 18.
749 706 876 780 Π).
894 708 1028 765 Cum
1058 710 1217 782 igitur
1234 710 1367 764 sciat
1398 720 1631 776 satanas,
1662 711 1800 782 quod
1827 719 2104 779 peccatum
2132 724 2219 766 see-

627 725 714 763 ιδ.
749 725 772 762 ι
792 725 810 762 ι
833 725 1028 780 puum
1115 725 1217 765 itur
1234 725 1367 764 sciat
1398 725 1631 776 satanas,
1662 725 1800 782 quau
1827 725 2104 779 peccatum
2132 725 2214 766 se.-

623 809 818 871 quatur
859 725 1166 872 pudor,.§ui
1198 803 1365 872 possit
1394 815 1726 872 peecatorem
1753 802 2060 867 deterrere;
2094 816 2214 871 pce-

622 893 841 948 nitentia
883 906 1012 948 vero
1037 892 1282 947 ﬁduciam
1318 892 1541 957 habeat,
1593 905 1711 962 quae
1737 892 1906 960 possit
1951 891 2214 961 peniten-

629 981 755 1035 tiam
785 984 999 1039 allicere
1031 1003 1042 1037 :
1075 981 1314 1039 ordinem
1343 985 1577 1046 invertit,
1607 983 1859 1050 deditque
1883 984 2213 1051 pmnitentia:

626 1073 904 1140 pudorem,
940 1085 1154 1144 peccato
1187 1075 1454 1131 fiduciam.
1487 1074 1764 1130 l'ndenam
1813 1074 1862 1130 id
1891 1075 2091 1143 liquet?
2114 1090 2212 1145 ego

621 1165 819 1218 dicam.
853 1166 1070 1235 Capitur
1114 1169 1236 1238 quis
1277 1168 1482 1222 ardenti
1509 1169 1936 1238 concupiscentia
1987 1168 2211 1237 publica:

623 1257 956 1322 meretricis;
1001 1262 1336 1315 meretricem
1389 1260 1478 1316 ille
1522 1275 1619 1314 ceu
1665 1261 1902 1330 captivus
1923 1260 2165 1329 sequitur
2191 1300 2209 1326 ,

625 1347 671 1400 iu
708 1351 1052 1416 prosubulum
1078 1352 1399 1421 ingreditur;
1429 1353 1577 1408 nullo
1603 1355 1825 1422 pudore,
1847 1355 2041 1409 rubere
2065 1356 2210 1410 nullo

619 1439 841 1494 allectus
857 1458 977 1497 cum
1006 1447 1284 1500 meretrice
1310 1445 1669 1513 congreditur,
1705 1457 2086 1516 peccatumque
2113 1447 2208 1502 ad-

622 1534 776 1587 uiittit
823 1553 835 1588 :
894 1547 1011 1603 [>031
1057 1537 1346 1591 admissum
1400 1547 1673 1607 peccatum
1731 1541 1870 1593 illinc
1917 1541 2206 1610 egreditur:

621 1641 672 1680 et
713 1628 780 1681 de
836 1630 1143 1696 poenitentia
1190 1633 1388 1702 agenda
1438 1633 1719 1687 erubescit.
1777 1633 1951 1696 Miser,
1997 1633 2208 1700 quando

619 1735 740 1773 cum
767 1723 1044 1776 meretrice
1087 1724 1537 1792 congredieharis,
1583 1743 1692 1780 non
1735 1727 2119 1786 crubesccbas;
2152 1737 2210 1781 at

619 1824 738 1862 cum
769 1811 833 1864 ad
866 1814 1230 1880 paenitentiam
1271 1816 1502 1881 accedis,
1536 1827 1660 1870 tunc
1688 1818 1998 1872 erubescis?
2039 1817 2207 1872 Pudet

618 1917 738 1954 eum
764 1942 778 1964 ,
811 1902 895 1957 dic
939 1905 1091 1958 mihi.
1122 1905 1298 1970 Quare
1327 1923 1443 1959 cum
1473 1908 1823 1962 fornicaretur
1870 1926 1974 1962 non
2006 1909 2206 1976 pudore

619 1994 982 2049 afficiebatur?
1010 1997 1212 2053 facinus
1240 2009 1528 2069 perpetrat,
1557 2011 1610 2054 et
1639 2015 1744 2054 non
1797 2002 2000 2068 pudore
2032 2001 2203 2055 afﬁci-

622 2097 725 2148 tur,
759 2087 903 2140 etde
941 2090 1099 2142 verbo
1146 2091 1455 2144 erubescit?
1505 2091 1707 2144 Diaboli
1755 2094 1947 2145 astutia
1993 2103 2094 2146 est.
2146 2093 2203 2146 In

619 2189 833 2247 peccato
856 2195 958 2232 non
983 2180 1107 2234 sinit
1133 2197 1252 2234 cum
1284 2183 1621 2244 erubescere,
1667 2182 1760 2236 sed
1810 2183 2016 2251 publice
2047 2185 2202 2238 inno-

619 2280 825 2324 tescere
850 2272 1014 2336 sinit;
1057 2274 1156 2327 scit
1185 2273 1326 2327 enim
1359 2273 1471 2328 fere
1517 2287 1571 2327 ut
1598 2274 1642 2328 si
1688 2275 1889 2344 pudore
1919 2275 2199 2341 afficiatur,

619 2371 891 2430 ['uzccatum
916 2361 1080 2431 fugiat
1111 2381 1124 2415 :
1159 2364 1209 2416 in
1234 2365 1538 2432 pomitentia
1560 2381 1684 2420 vero
1707 2367 2024 2420 erubescere
2043 2367 2200 2432 facit;

617 2455 760 2507 novit
782 2455 921 2509 enim
952 2470 1072 2511 eum
1096 2472 1202 2526 pra:
1224 2459 1422 2524 pudore
1447 2458 1808 2526 pmnitentiam
1834 2477 1936 2512 non
1957 2471 2200 2514 acturum

617 2561 752 2600 esse.
792 2546 903 2600 Duo
929 2547 1064 2609 mala
1089 2548 1214 2602 fat-it
1239 2591 1252 2610 ,
1302 2549 1367 2601 ad
1400 2559 1671 2618 peccatum
1720 2552 1939 2619 pellicit,
1970 2563 2204 2623 θηρω-

616 2638 828 2690 nitentia
859 2648 1021 2694 arcet.
1055 2638 1160 2694 Cur
1191 2649 1240 2694 te
1267 2641 1374 2709 jam
1407 2641 1565 2710 pudet
1583 2642 1604 2692 ’ἲ
1649 2639 1780 2696 Cum
1834 2644 2198 2712 fornicareris,

613 2744 716 2782 non
770 2730 1160 2796 erubescebas;
1190 2748 1309 2786 cum
1359 2733 1651 2788 remedium
1702 2737 1972 2802 admoves,
2002 2737 2202 2806 pudore

613 2820 971 2876 sntfunderis?
1018 2838 1140 2880 cum
1188 2826 1410 2894 tcipsum
1454 2842 1482 2877 a
1523 2837 1742 2896 peccato
1768 2829 1979 2891 liberas,
2011 2829 2203 2886 erube-

617 2912 748 2965 scis?
778 2911 929 2968 Tunc
957 2915 1273 2970 erubescere
1301 2917 1533 2972 debebas
1554 2960 1568 2982 ,
1598 2929 1723 2972 tunc
1765 2919 2017 2989 pudcﬁeri
2039 2933 2200 2990 Opor-

613 3003 774 3069 tebat,
804 3020 924 3060 cum
957 3021 1223 3076 peccares.
1248 3007 1379 3061 Cum
1409 3020 1656 3078 peccatur
1679 3012 1854 3072 lieres,
1888 3027 1990 3064 non
2013 3012 2204 3068 erubev

613 3096 828 3161 scchas;
858 3113 976 3154 cum
999 3099 1174 3168 justus
1202 3099 1449 3166 efﬁccris,
1477 3100 1790 3155 erubescis?
1815 3102 1912 3155 Dic
1940 3113 1990 3154 tu
2017 3103 2202 3172 iniqui-

613 3198 738 3240 tates
767 3199 876 3241 tuas
923 3191 1113 3258 primus
1138 3233 1152 3258 ,
1202 3201 1254 3245 ut
1270 3193 1570 3263 jttstiﬁceris
1599 3193 1749 3263 (lsai.
1803 3196 1893 3252 45.
1942 3195 2131 3271 25.Ιῖ(6

613 3276 727 3332 Non
753 3279 905 3345 dixit,
935 3291 993 3335 ut
1020 3298 1124 3336 non
1152 3284 1401 3351 plectaris
1426 3286 1721 3355 supplicio;
1764 3287 1879 3354 sed,
1917 3286 1983 3342 Ut
2003 3288 2203 3357 justiﬁ-

613 3372 749 3422 reris.
807 3373 994 3424 Annon
1037 3372 1327 3427 sufﬁciebat
1375 3376 1459 3440 ei,
1508 3375 1650 3444 quod
1693 3392 1797 3430 non
1829 3379 2014 3445 punias
2039 3394 2198 3445 eum,

612 3461 768 3512 etiam
792 3460 992 3527 justum
1020 3462 1226 3516 efﬁcis?
1251 3465 1410 3520 Plane
1441 3465 1676 3534 quidem.
1729 3468 1799 3520 At
1847 3469 2081 3522 sermoni
2110 3482 2201 3522 se—

613 3551 736 3603 dulu
767 3561 999 3606 mentem
1030 3553 1243 3609 adhibe.
1273 3555 1480 3610 Iustum
1511 3557 1658 3610 illum
1685 3557 1881 3612 efﬁcio.
1900 3559 1966 3612 Et
1987 3560 2200 3616 ubinam

615 3643 715 3697 hoc
744 3643 908 3697 fecit?
937 3644 988 3698 In
1020 3646 1245 3714 latrone,
1292 3657 1349 3700 ut
1378 3648 1479 3701 hoc
1497 3659 1704 3704 tantum
1737 3650 1903 3705 sodali
1949 3651 2152 3707 diceret
2185 3671 2200 3708 :

616 3732 795 3805 Neque
821 3746 873 3789 tu
915 3739 1056 3791 times
1090 3737 1269 3793 Deum.
1303 3740 1366 3793 Et
1385 3759 1475 3794 nos
1502 3744 1702 3813 quidem
1725 3746 1878 3813 jure;
1909 3762 2026 3798 nam
2048 3745 2202 3815 digna

615 3826 764 3893 factis
791 3827 1062 3895 recipimus
1083 3827 1231 3898 (Luc.
1263 3830 1353 3884 25.
1385 3831 1474 3885 40.
1508 3834 1621 3902 41).
1656 3834 1790 3887 Dicit
1815 3844 1866 3888 et
1909 3834 2154 3890 Salvator
2183 3853 2197 3888 :

615 3914 786 3970 Hodie
821 3933 1014 3970 mecum
1053 3920 1150 3973 eris
1179 3919 1231 3972 in
1260 3921 1498 3990 paradiso
1533 3921 1689 3995 (Ibid.
1725 3923 1838 3992 45).
1885 3923 1999 3979 Non
2027 3924 2199 3992 dixit,

614 4007 692 4062 Te
719 4023 748 4062 a
781 4023 932 4076 pinna
964 4019 1019 4066 et
1063 4011 1326 4080 supplicio
1356 4014 1553 4079 eximo,
1577 4014 1671 4070 sed
1717 4016 1886 4086 ipsum
1915 4018 2116 4087 justum
2146 4018 2200 4074 in

613 4102 918 4169 paradisum
949 4105 1254 4159 introducit.

683 4194 941 4266 Confessio
959 4197 1157 4265 justum
1183 4199 1345 4268 ejﬁcit.
1375 4230 1441 4239 —
1465 4199 1712 4256 Vidistin'
1728 4201 1927 4270 jusmm
1952 4217 2048 4273 per
2066 4217 2202 4258 con-

614 4284 900 4346 fessionem
945 4278 1232 4342 eﬂ'ectum?
1271 4290 1571 4344 Admodum
1603 4291 1863 4363 benignus
1893 4304 1974 4349 est
2019 4296 2201 4353 Deus:

616 4375 725 4429 ﬁlio
752 4392 862 4436 non
895 4379 1154 4447 pepercit,
1178 4388 1234 4434 ut
1264 4396 1419 4435 servo
1449 4395 1691 4451 parceret
1723 4404 1737 4438 :
1765 4385 1980 4440 tradidit
2005 4388 2202 4458 Unige-

616 4469 806 4536 nitum,
837 4477 894 4524 ut
918 4469 1155 4540 ingratos
1181 4485 1368 4526 servos
1395 4472 1686 4530 redimeret
1713 4495 1727 4532 :
1753 4479 2064 4548 sanguinem
2082 4479 2203 4536 Filii

615 4560 699 4615 sui
729 4562 779 4615 in
811 4560 1038 4632 pretium
1065 4561 1330 4628 deposuit.
1363 4561 1407 4617 Ο
1432 4565 1809 4636 benignitatem
1853 4569 2096 4625 Domini!
2125 4571 2204 4628 Ne

615 4651 746 4706 mihi
773 4666 988 4706 rursum
1015 4652 1162 4710 dicas
1194 4671 1206 4706 :
1228 4654 1446 4710 Peccavi
1469 4659 1714 4726 multum,
1734 4662 2001 4728 quomodo
2018 4672 2204 4733 potero

613 4742 836 4798 salutem
857 4745 1112 4813 consequi
1131 4744 1155 4798 ?
1171 4745 1249 4809 Tu
1269 4762 1373 4799 non
1394 4757 1564 4816 potes,
1587 4749 1839 4807 Dominus
1852 4760 1972 4808 tuus
1994 4765 2161 4824 potest
2184 4774 2201 4814 :

613 4844 776 4904 atque
800 4834 870 4893 ita
902 4845 1113 4908 potest,
1137 4846 1194 4891 ut
1231 4837 1407 4893 deleat
1432 4849 1649 4909 peccata
1682 4851 1790 4898 tua.
1823 4845 2054 4901 Attende
2080 4847 2204 4903 dili-

612 4937 837 4998 genter:
870 4931 939 4984 ita
964 4927 1108 4990 deiet
1133 4943 1370 5003 peccata,
1399 4945 1456 4987 ut
1483 4950 1548 4988 ne
1566 4935 1846 5006 vestigium
1873 4938 2085 5008 quidem
2112 4956 2206 4996 eo—

615 5035 734 5073 rum
764 5028 996 5078 maneat.
1039 5019 1099 5076 ln
1126 5023 1440 5092 corporibus
1470 5041 1578 5080 non
1608 5027 1732 5081 item
1760 5044 1773 5079 :
1808 5042 1929 5081 nam
1958 5029 2057 5084 etsi
2087 5046 2204 5087 me-

612 5113 765 5170 dicus
791 5114 987 5170 millies
1023 5115 1256 5170 studium
1308 5126 1362 5173 et
1406 5120 1640 5176 remedia
1698 5120 1969 5185 adhibeat,
2015 5124 2206 5180 vulnus

613 5205 829 5276 quidem
861 5221 892 5261 e
922 5206 1098 5261 medio
1121 5207 1295 5274 tollit;
1324 5210 1416 5265 sed
1441 5212 1751 5283 plerumque
1775 5214 1846 5280 ei,
1873 5215 1960 5284 qui
1985 5216 2035 5269 in
2068 5213 2203 5272 facie

622 5301 828 5370 plagam
875 5303 1124 5373 accepit,
1152 5303 1344 5380 vulnus
1391 5307 1605 5377 quidem
1657 5317 1826 5370 curat,
1860 5310 1952 5363 sed
1983 5310 2203 5366 cicatrix

616 5404 876 5460 remanet,
899 5404 954 5448 et
984 5395 1034 5450 in
1065 5407 1432 5468 argumentum
1479 5400 1713 5454 vulneris
1741 5402 1916 5456 vultus
1945 5402 2203 5457 deformi-

619 5497 781 5542 tatem
818 5485 1166 5544 circnmfert:
1195 5489 1445 5560 milleque
1476 5492 1650 5546 modis
1675 5494 1932 5547 annititur
1966 5495 2202 5552 medicus

618 5580 917 5634 cicatricem
946 5579 1149 5644 delere,
1175 5580 1269 5638 sed
1292 5597 1395 5637 non
1429 5594 1631 5652 potest;
1669 5594 1925 5654 repugnat
1945 5587 2084 5640 enim
2115 5587 2200 5642 iu-

619 5672 841 5726 ﬁnuitas
867 5683 1068 5727 naturae
1091 5715 1105 5738 ,
1139 5687 1237 5729 nec
1266 5689 1369 5728 non
1397 5676 1526 5729 artis
1554 5685 1606 5729 et
1638 5676 1994 5731 remediorum
2029 5679 2197 5735 imbe-

631 5766 824 5819 _i2titas.
851 5764 1045 5822 Contra
1067 5781 1193 5823 vero
1223 5766 1365 5825 Deus
1393 5781 1512 5824 cum
1544 5780 1761 5842 peccata
1792 5769 1956 5839 delet,
2000 5788 2097 5830 nec
2119 5775 2194 5837 ci-

1341 327 1399 384 S.
1440 320 1718 382 JOANXIS
1754 309 2232 374 CIIRYSOSTOMI
2272 311 2591 372 ARCIIIEP.
2632 317 3165 376 CONSTANTINOP.

3822 320 3925 375 ἔω

2329 432 2579 488 ratricem
2610 434 2883 504 relinquit,
2915 449 3014 489 nec
3064 432 3347 504 vestigium
3390 447 3608 490 manere
3654 434 3818 494 sinit,
3860 450 3922 487 ac

2323 539 2445 578 cum
2473 527 2700 580 sanitate
2731 527 2918 581 forma:
2942 528 3108 582 decus
3143 527 3383 597 largitur,
3411 542 3532 582 cum
3583 528 3922 583 immunitate

2319 629 2349 669 a
2381 616 2643 686 supplicio
2664 617 2926 688 justitiam
2945 617 3060 685 dat,
3090 633 3322 687 eumque
3346 619 3435 687 qui
3457 621 3697 690 peccavit
3715 620 3766 675 ei
3788 661 3805 684 ,
3827 619 3920 688 qui

2320 721 2426 761 non
2469 709 2732 778 peccavit,
2788 724 2968 779 parem
3000 708 3186 763 efﬁcit.
3218 709 3382 764 Tollit
3425 710 3568 764 enim
3616 722 3916 779 peccatum,

2318 810 2481 871 atque
2511 801 2562 856 id
2590 802 2755 858 efﬁcit
2776 813 2832 857 ut
2847 818 3028 871 neque
3060 805 3148 866 sit,
3180 819 3355 872 neque
3385 802 3582 858 factum
3615 803 3815 871 fuerit;
3846 805 3918 857 ita

2317 893 2519 948 scilicet
2558 893 2847 950 universim
2888 894 3033 952 delet
3071 894 3201 949 illud
3235 879 3384 948 {non
3427 902 3610 950 manet
3650 894 3874 950 cicatrix
3901 936 3914 957 ,

2317 999 2424 1038 non
2456 985 2756 1054 vestigium,
2781 1000 2887 1047 non
2915 998 3307 1055 argumentum,
3340 1001 3444 1040 non
3467 987 3697 1054 signum.

2386 1076 2439 1130 5.
2472 1075 2527 1130 Id
2559 1077 2825 1132 undenam
2872 1079 3077 1146 liquet?
3103 1078 3374 1132 Dictorum
3404 1077 3546 1131 enim
3575 1075 3918 1131 demonstra-

2316 1167 2490 1222 tiones
2532 1168 2790 1223 exhibere
2833 1169 3025 1231 debeo,
3079 1170 3149 1222 ita
3176 1178 3370 1223 utnon
3416 1183 3587 1222 meam
3641 1167 3914 1238 proferam

2313 1260 2654 1320 sententiam,
2674 1259 2766 1314 sed
2783 1276 2850 1315 ex
2865 1259 3158 1329 Scripturis
3178 1260 3565 1324 demonstrem,
3584 1267 3644 1311 ut
3659 1273 3743 1312 res
3764 1266 3915 1311 certa

2317 1348 2714 1420 indubitataque
2756 1361 2988 1406 maneat.
3039 1350 3235 1403 lnduco
3279 1350 3438 1419 igitur
3477 1349 3625 1403 vobis
3665 1348 3916 1403 homines

2318 1440 2631 1495 vulneribus
2677 1443 2980 1508 sauciatos,
3040 1440 3295 1510 populum
3343 1442 3606 1510 integrum
3666 1439 3917 1493 homines

2314 1535 2498 1599 plenos
2521 1533 2806 1598 ulceribus,
2823 1534 2991 1598 sanie,
3015 1534 3306 1597 vermibus,
3331 1532 3418 1602 qui
3439 1532 3564 1590 nihil
3586 1531 3727 1584 aliud
3748 1547 3914 1600 quam

2313 1623 2505 1677 vulnus
2530 1632 2583 1680 et
2611 1626 2761 1678 ulcus
2786 1625 2895 1678 sint
2928 1641 2940 1678 :
2972 1625 3062 1694 qui
3092 1635 3265 1676 tamen
3299 1623 3370 1676 ita
3396 1624 3574 1677 curari
3602 1623 3829 1692 possint,
3855 1631 3916 1673 ut

2312 1729 2414 1768 nec
2444 1715 2658 1768 cicatrix
2685 1755 2702 1779 ,
2754 1730 2855 1769 nec
2884 1715 3185 1784 vestigium,
3243 1728 3342 1767 nec
3387 1714 3596 1781 signum
3627 1713 3860 1781 supersit
3896 1729 3912 1764 :

2312 1807 2555 1861 homines
2580 1810 2666 1876 qui
2696 1823 2802 1861 non
2830 1823 3016 1870 unum,
3049 1822 3152 1859 non
3184 1806 3308 1870 duo,
3357 1819 3462 1858 non
3495 1805 3615 1867 tria,
3648 1818 3751 1856 non
3775 1817 3915 1872 qua-

2312 1908 2432 1953 tuor
2450 1901 2669 1955 vulnera
2700 1899 2948 1965 habeant,
2980 1896 3075 1953 sed
3119 1913 3150 1950 a
3185 1897 3358 1966 capite
3380 1896 3448 1949 ad
3474 1895 3636 1966 pedes
3667 1896 3763 1950 toti
3797 1894 3917 1947 vnl-

2309 2008 2411 2046 nus
2450 1995 2578 2046 sint.
2626 1992 2859 2048 Attende
2907 1991 3196 2062 diligenter
3218 1990 3446 2045 orationi
3477 1998 3597 2042 :est
3626 1989 3770 2042 enim
3823 1989 3914 2041 hic

2308 2100 2490 2139 sermo
2513 2095 2693 2139 noster
2712 2084 3012 2138 communis
3033 2093 3193 2153 atque
3221 2083 3488 2136 salutaris.
3515 2080 3914 2136 Medicamenta

2309 2191 2438 2248 paro
2468 2177 2798 2231 medicorum
2829 2173 3088 2231 remediis
3130 2175 3523 2244 przestautiora,
3583 2189 3704 2242 quae
3731 2187 3801 2227 ne
3825 2187 3914 2226 re-

2309 2284 2405 2339 ges
2447 2267 2662 2337 quidem
2711 2268 2976 2322 adornare
3022 2277 3265 2336 possunt.
3299 2264 3436 2330 Quid
3462 2280 3556 2317 rex
3600 2263 3821 2332 potest?
3866 2262 3913 2318 Ε

2308 2377 2526 2417 carcere
2580 2375 2790 2424 eruere,
2844 2376 2873 2413 a
2904 2361 3147 2430 gehenna
3199 2367 3376 2410 autem
3406 2357 3643 2410 eximere
3671 2370 3780 2408 non
3808 2371 3912 2425 po-

2310 2464 2414 2509 test
2445 2473 2458 2507 :
2489 2453 2743 2523 pecunias
2773 2453 2975 2520 largiri,
3007 2451 3240 2503 animam
3273 2464 3400 2503 vero
3429 2463 3646 2502 servare
3674 2463 3780 2502 non
3811 2464 3912 2501 va-

2307 2545 2400 2600 let.
2432 2545 2536 2600 Sed
2566 2545 2618 2598 in
2651 2559 2840 2598 manus
2871 2542 3199 2611 pmnitentize
3220 2556 3313 2594 vos
3346 2539 3518 2602 trado,
3550 2550 3608 2593 ut
3637 2540 3742 2592 vim
3792 2539 3912 2607 ejus

2307 2635 2576 2699 ediscatis,
2643 2645 2700 2688 ut
2727 2636 2944 2688 discatis
3001 2642 3279 2702 peccatum
3337 2648 3443 2685 non
3489 2633 3535 2685 ei
3585 2633 3908 2700 prtevalere,

2312 2743 2489 2799 neque
2519 2729 2680 2782 ullam
2708 2742 2827 2782 esse
2854 2728 3208 2796 iniquitatem,
3235 2739 3354 2792 quae
3383 2723 3487 2776 vim
3510 2723 3626 2792 ejus
3648 2738 3913 2793 superare

2309 2823 2497 2890 possit.
2523 2818 2739 2875 Interim
2772 2817 2966 2874 induco
2996 2834 3103 2872 non
3162 2831 3326 2870 unum
3352 2857 3366 2881 ,
3421 2831 3528 2869 non
3575 2814 3710 2869 duos
3735 2855 3749 2876 ,
3799 2830 3912 2869 non

2312 2923 2439 2978 tres,
2469 2911 2565 2966 sed
2595 2911 2795 2980 pluries
2823 2909 3069 2965 millenos
3095 2909 3362 2973 homines,
3381 2907 3690 2962 vulneribus
3713 2907 3912 2961 ulceri-

2309 3003 2512 3073 busque
2538 3003 2747 3072 plenos,
2789 3002 3082 3055 innumeris
3113 2998 3345 3069 peccatis
3394 3007 3618 3051 onustos
3641 3037 3655 3062 ,
3690 2999 3779 3067 qui
3812 3013 3909 3066 per

2311 3097 2681 3166 pmnitentiam
2709 3096 2778 3147 ita
2827 3093 3052 3147 salutem
3079 3090 3336 3161 consequi
3365 3099 3610 3159 potuere,
3642 3099 3698 3142 ut
3725 3104 3909 3158 neque

2308 3188 2590 3258 vestigium
2619 3201 2789 3257 neque
2807 3186 3020 3240 cicatrix
3046 3185 3281 3253 priorum
3314 3184 3554 3238 ulcerum
3580 3194 3910 3238 remaneret.

2308 3283 2504 3337 Verum
2526 3282 2810 3350 diligenter
2838 3279 3097 3334 attendite
3127 3277 3386 3343 sermoni,
3410 3291 3585 3345 neque
3604 3275 3778 3329 solum
3820 3284 3914 3330 at»

2305 3375 2528 3441 tendite,
2543 3374 2635 3428 sed
2655 3374 2813 3426 etiam
2836 3388 2919 3439 ea,
2935 3387 3052 3442 quae
3070 3368 3617 3435 dicuntur,memori:e
3635 3367 3912 3436 mandate,

2307 3477 2366 3521 ut
2392 3467 2642 3521 absentes
2675 3465 2997 3526 instituatis,
3037 3472 3089 3517 et
3109 3477 3231 3526 eos,
3266 3463 3352 3531 qui
3382 3461 3610 3515 utilitate
3640 3461 3914 3516 sermonis

2307 3561 2465 3632 hujus
2490 3559 2727 3615 destituti
2757 3568 2912 3623 sunt,
2940 3556 3308 3626 diligentiores
3363 3554 3617 3610 reddatis.
3669 3554 3914 3610 Accedat

2307 3656 2468 3724 igitur
2497 3653 2585 3708 ille
2612 3650 3039 3720 Seraphinorum
3068 3657 3343 3718 spectator
3371 3649 3553 3709 Isaias,
3585 3648 3674 3715 qui
3715 3647 3907 3716 mystio

2305 3761 2421 3800 eam
2455 3745 2599 3798 illam
2628 3744 2916 3799 melodiam
2943 3742 3178 3806 audivit,
3220 3741 3308 3810 qui
3348 3739 3553 3792 infinita
3595 3737 3663 3791 de
3691 3737 3914 3791 Christe

2308 3837 2571 3908 prtedixit.
2601 3835 2739 3902 Quid
2766 3837 2909 3891 dicat
2940 3843 3322 3904 percontemur
3348 3847 3362 3880 :
3400 3829 3570 3895 Visio,
3606 3845 3758 3896 quam
3786 3830 3915 3882 uidit

2307 3931 2474 3996 Isaias
2523 3931 2762 3985 adversm
2786 3917 3025 3983 Judw‘am
3064 3937 3113 3981 et
3138 3926 3377 3980 adversus
3416 3922 3707 3978 Jerusalem
3752 3921 3914 3995 (Iani.

2308 4024 2361 4078 i.
2389 4025 2464 4091 l).
2508 4022 2602 4076 Dic
2634 4022 2920 4085 visionem,
2950 4034 3110 4089 quam
3155 4017 3354 4072 vidisti.
3385 4015 3549 4079 Audi,
3599 4015 3813 4078 ca'lum,
3861 4026 3916 4069 et

2307 4115 2513 4170 auribus
2524 4115 2744 4185 percipe,
2760 4122 2913 4180 terra,
2926 4112 3045 4182 quia
3058 4109 3309 4165 Dominus
3322 4109 3556 4179 loquutus
3568 4119 3638 4162 est
3651 4107 3670 4178 (
3677 4106 3702 4160 Ι
3708 4109 3812 4162 bid.
3826 4108 3886 4177 2)
3897 4149 3913 4163 .

2307 4207 2424 4261 Alia
2456 4205 2721 4276 pollicitus
2746 4219 2826 4271 es,
2858 4213 2913 4258 et
2952 4204 3053 4257 alia
3075 4202 3232 4256 dicis.
3265 4201 3520 4269 Qumnam
3559 4199 3664 4254 alia
3692 4200 3912 4268 pollici-

2311 4309 2396 4356 tus
2427 4300 2584 4354 sum?
2611 4299 2881 4368 Principio
2903 4296 3058 4361 dicis,
3082 4295 3232 4350 Visio
3253 4294 3513 4347 adversus
3541 4292 3785 4346 Judaeum
3807 4333 3821 4356 ,
3857 4301 3920 4348 et

2309 4392 2566 4447 adversus
2586 4391 2918 4454 Jerusalem,
2946 4397 3001 4444 et
3041 4387 3203 4443 missa
3240 4383 3424 4442 Judma
3480 4393 3642 4454 atque
3686 4383 3918 4440 Jerusa-

2310 4485 2446 4549 lem,
2478 4482 2665 4537 Curium
2694 4481 3016 4552 alloqneris,
3040 4487 3096 4535 et
3126 4477 3190 4532 ad
3220 4487 3415 4532 terram
3457 4489 3768 4529 sermonem
3815 4474 3916 4531 dco

2309 4575 2479 4630 clinas
2503 4591 2516 4626 :
2543 4573 2829 4627 rationales
2855 4570 3101 4626 homines
3129 4570 3322 4622 missos
3343 4566 3473 4621 facis
3493 4609 3506 4632 ,
3533 4576 3587 4621 et
3623 4581 3747 4620 cum
3779 4565 3917 4619 irra.

2312 4665 2652 4722 tionabilibus
2695 4663 2980 4719 elementis
3034 4661 3197 4716 verba
3225 4659 3468 4714 conseris
3493 4660 3516 4712 ?
3541 4658 3675 4727 Quia
3707 4673 3912 4728 nempe

2310 4757 2761 4814 irrationabilibus
2790 4754 3216 4810 rationabiliores
3255 4751 3375 4807 facti
3405 4761 3529 4806 sunt
3555 4750 3915 4809 rationabiles

2311 4851 2424 4905 illi:
2457 4864 2630 4920 neque
2663 4848 2787 4903 ideo
2817 4856 3020 4901 tantum
3047 4887 3062 4913 ,
3085 4844 3177 4901 sed
3208 4845 3331 4914 quia
3358 4859 3478 4898 cum
3505 4842 3916 4904 introductum:

2310 4957 2403 4998 eos
2430 4952 2575 4998 esset
2601 4940 2811 5012 Moyses
2837 4941 2888 4994 in
2921 4947 3116 4996 terram
3145 4936 3518 5008 promissionis
3537 4979 3552 5002 ,
3583 4945 3639 4992 et
3668 4951 3791 5005 qua:
3819 4934 3915 4991 fu—

2312 5043 2429 5089 tura
2458 5041 2610 5088 emat
2644 5031 2998 5102 praevideret,
3028 5029 3170 5100 quod
3201 5029 3456 5082 nimirum
3493 5041 3613 5097 qua:
3661 5026 3765 5081 sibi
3797 5037 3912 5080 tra-

2309 5125 2418 5181 dita
2448 5123 3030 5194 fuerantcontempturi
3057 5131 3240 5178 essent
3267 5139 3280 5175 :
3308 5120 3467 5187 Audi,
3487 5123 3687 5188 cretum,
3713 5120 3912 5191 inquit,

2308 5227 2356 5272 et
2385 5217 2608 5271 attendat
2631 5226 2766 5271 terra
2794 5219 2942 5270 verba
2967 5232 3030 5270 ea:
3045 5232 3133 5270 ore
3160 5230 3271 5269 meo
3297 5213 3474 5285 (Deut.
3499 5213 3682 5283 52A).
3703 5212 3916 5270 Conte-

2309 5320 2424 5366 stor
2445 5311 2598 5364 vobis
2616 5311 2804 5364 cariem
2825 5317 2881 5363 et
2901 5320 3118 5373 terram,
3141 5307 3309 5377 inquit
3335 5306 3571 5377 Moyses,
3607 5304 3750 5375 quod
3768 5307 3812 5360 si
3830 5306 3915 5358 in-

2309 5403 2480 5474 gressi
2509 5403 2713 5457 fueritis
2730 5402 2781 5454 in
2801 5410 2998 5454 terram
3019 5399 3392 5469 promissionis
3407 5439 3421 5463 ,
3438 5407 3493 5452 et
3509 5397 3912 5468 dereliqueritis

2312 5494 2599 5549 Dominum
2625 5494 2812 5558 Deum,
2833 5491 3063 5545 futurum
3079 5491 3149 5544 sit
3167 5499 3223 5545 ut
3243 5489 3620 5560 dispergamiui
3642 5491 3692 5543 in
3720 5503 3915 5546 omnes

2309 5584 2680 5657 gentes.Venit
2698 5585 2858 5642 Isaias
2877 5601 2890 5635 :
2909 5582 3138 5637 futurum
3153 5591 3338 5636 eratut
3355 5580 3697 5635 comminatio
3712 5581 3918 5648 inopuu

2309 5679 2546 5749 prodiret
2577 5696 2588 5730 :
2621 5693 2726 5745 non
2755 5685 2962 5746 poterat
2999 5673 3233 5744 Moysth
3265 5687 3512 5735 evocare,
3543 5685 3642 5726 nec
3673 5686 3786 5735 eos,
3819 5669 3918 5739 qui
4001 5657 4018 5672 ’

2311 5773 2483 5844 ipsum
2505 5770 2800 5840 audierant,
2833 5778 3016 5841 utpote
3038 5767 3346 5835 defunctos;
3378 5775 3430 5822 et
3459 5765 3724 5821 elementa
3747 5763 3917 5825 adi-Q-
