4164 6324
326 309 433 364 559

324 431 464 500 ἔχει,
495 434 529 502 ὴ
569 431 828 502 μετάνοια
865 429 962 501 τὴν
985 429 1338 501 ,δικαιοσύνην
1382 431 1683 501 κέκτηται·
1728 427 1876 498 Λέγε
1903 425 2013 494 γὰρ

324 519 434 585 τὰς
470 519 726 589 ἀνομίας
771 534 890 573 σου
936 515 1187 587 πρῶτος,
1237 519 1340 572 ἵνα
1370 516 1720 587 δικαιωθῇςο
1778 515 1891 578 καὶ,
1924 515 2018 567 Δί-

325 623 500 673 καιος
529 605 1110 676 ἐαυτοῦαατήπορος
1139 607 1209 659 ἐν
1239 607 1631 675 πρωτολοξοίᾳ.
1665 602 1836 668 Εἰδὼς
1861 599 1954 658 οῦν
1988 606 2016 657 6

323 695 594 760 Σατανᾶς,
624 695 758 766 ὅτιή
791 694 890 765 μὲν
915 693 1156 766 ἁμαρτία
1179 694 1290 763 ἔχει
1323 695 1420 765 τὴν
1452 693 1742 764 αἰσχύνην,
1784 693 2016 762 πρᾶγμα

327 785 530 849 ἰκανῶς
549 782 889 856 ἀποκροῦσαι
915 784 1004 837 τὸν
1029 784 1410 854 ἁμαρτάνοντα
1437 783 1752 853 δυνάμενον,
1782 783 1814 851 ὴ
1840 781 1894 834 δὲ
1922 798 2017 851 με·

323 875 518 928 τάνοια
557 873 671 943 ἔχει
712 872 811 944 τὴν
838 873 1176 944 παρρησίαν,
1209 875 1442 944 πρᾶγμα
1490 870 1674 924 ἰκανὸν
1703 867 2017 922 ἐπισπάσα-

326 963 454 1017 σθαι
484 963 575 1016 τὸν
614 961 1001 1033 μετανοοῦντα,
1054 959 1311 1033 ἐνήλλαξε
1358 961 1456 1028 τὴν
1489 960 1664 1026 τάξιν,
1717 960 1810 1010 καί
1844 957 2013 1010 ἔδωκε

322 1052 429 1123 τὴν
459 1051 721 1124 αἰσχύνην
749 1055 815 1121 τῇ
852 1049 1131 1121 μετανοίᾳ,
1163 1051 1256 1102 καί
1271 1048 1368 1118 τὴν
1396 1047 1711 1120 παρρησίαν
1737 1048 1800 1116 τῇ
1828 1047 2010 1116 ἀμαρ-

324 1141 437 1211 τίᾳ.
468 1139 636 1193 Πόθεν
665 1139 855 1204 τοῦτο;
886 1137 995 1207 εγὼ
1025 1137 1186 1205 λέγω.
1227 1135 1535 1189 Ἀλίσκεταί
1566 1153 1648 1198 τις
1687 1130 1790 1187 ὑπὸ
1824 1131 2014 1186 ἐπιθυ-

326 1229 461 1298 μίας
507 1228 752 1300 χαλεπῆς
798 1228 936 1299 πρὸς
995 1226 1278 1296 πάνδημον
1332 1225 1576 1296 πόρνηνο
1631 1223 1916 1278 ἀκολουθεῖ
1942 1226 2010 1294 τῇ

323 1317 503 1388 πόρνῃ
554 1317 630 1380 ὡς
667 1315 1014 1386 αἰχμάλωτος
1037 1333 1050 1345 ·
1084 1314 1390 1384 εἰσέρχεται
1426 1315 1506 1374 εἰς
1543 1313 1604 1366 τὸ
1628 1310 2006 1380 καταγώγιονο

319 1407 423 1460 οὐκ
449 1408 855 1478 αἰσχυνόμενος,
887 1407 986 1459 οὐκ
1018 1405 1286 1477 ἐρυθριῶν
1325 1405 1697 1473 συμπλέκεται
1721 1407 1786 1475 τῇ
1813 1403 2009 1472 πόρνῃ,

325 1496 553 1564 πράττει
578 1497 673 1564 τὴν
703 1495 977 1565 ἁμαρτίαν
997 1512 1010 1526 ο
1047 1493 1284 1565 οὐδαμοῦ
1305 1495 1535 1564 αἰσχύνη
1567 1493 1734 1563 αὐτῷ,
1771 1491 2011 1561 οὐδαμοῦ

263 1587 272 1600 “
319 1582 550 1654 ἐρυθριᾷ
571 1601 583 1612 ·
608 1583 891 1654 ἐξέρχεται
921 1582 1132 1641 ἐκεῖθεν
1156 1582 1293 1652 μετά
1320 1581 1378 1633 τὸ
1399 1577 1548 1642 τέλος
1579 1580 1679 1650 τῆς
1713 1578 2010 1648 ἁμαρτίας,

319 1674 419 1726 καί
444 1674 530 1726 ἵνα
563 1673 872 1743 μετανοήσῃ
896 1670 1231 1740 αἰσχύνεται.
1271 1670 1455 1723 Ἀθλιε
1480 1710 1492 1732 ,
1525 1670 1612 1722 ὅτε
1648 1669 2009 1738 περιεπλέκου

318 1763 389 1832 τῇ
422 1763 620 1832 πόρνῃ,
652 1760 752 1813 οὐκ
780 1759 1038 1830 ᾐσχύνου,
1066 1759 1178 1811 ἀλλ’
1213 1760 1300 1811 ὅτε
1323 1755 1484 1829 ἦλθες
1515 1758 1869 1828 μετανοῆσαι,
1889 1757 2012 1810 τότε

318 1849 588 1921 αἰσχύνῃς
639 1848 984 1919 Αἰσχύνεται,
1014 1846 1164 1912 εἰπέ;
1215 1849 1296 1909 είς
1329 1847 1381 1899 τί
1426 1847 1514 1898 ὅτε
1556 1845 1884 1914 ἐπόρνευσεν
1912 1845 2013 1897 οὐκ

317 1937 620 2007 ᾐσχύνετος
646 1936 721 1990 T6
749 1939 984 2007 πρᾶγμα
1006 1937 1257 2005 πράττει,
1287 1936 1379 1987 καὶ
1411 1936 1510 1988 οὐκ
1547 1932 1882 2004 αἰσχύνεται,
1917 1932 2012 1985 καί

314 2025 382 2078 τὸ
411 2025 566 2096 ῥῆμα
596 2025 860 2097 ἐρυθριᾷς
890 2023 1147 2076 Διαδόλου
1168 2023 1225 2077 δέ
1247 2026 1366 2077 ὲστι
1391 2021 1700 2093 κακουργία
1733 2021 1896 2089 αῦτη.
1926 2023 2012 2074 Ἐν

315 2113 386 2181 τῇ
424 2113 669 2185 ἁμαρτίᾳ
707 2111 1054 2183 ούκιάφίησιν
1083 2110 1244 2164 αὐτὸν
1266 2109 1638 2180 αἰσχύνεσθαι,
1669 2109 1805 2161 ἀλλά
1842 2110 2010 2179 δημο-

318 2198 601 2254 σιεύεσθαι
620 2216 634 2231 ·
653 2195 924 2270 οἵδε-γάρ,
949 2201 1032 2253 ὅτι
1059 2199 1154 2252 έάν
1177 2199 1463 2268 αἰσχυνθῇ,
1489 2197 1680 2266 φεύγει
1707 2198 1805 2269 τὴν
1825 2199 2012 2269 ἀμαρ-

313 2289 472 2342 τίαν⁶
505 2289 565 2341 ὲν
592 2291 657 2358 τῇ
692 2288 952 2360 μετανοίᾳ
975 2289 1119 2340 ποιεῖ
1145 2287 1310 2338 αὑτὸν
1342 2286 1728 2356 αἰσχύνεσθαι,
1759 2283 1864 2339 οἶδε
1903 2287 2014 2358 γὰρ

312 2377 400 2431 ὅτι
429 2376 821 2448 αἰσχυνόμενος
849 2375 908 2427 οὐ
966 2377 1237 2446 μετανοεῖ.
1273 2373 1376 2426 Δύο
1411 2373 1557 2426 κακὰ.
1587 2375 1750 2437 ποιεῖ,
1785 2375 1879 2427 καὶ
1931 2377 2011 2438 εἰς

312 2464 418 2537 τὴν
438 2464 714 2536 ἁμαρτίαν
742 2463 912 2525 έλκει,
945 2465 1040 2516 καὶ
1057 2459 1154 2532 τὴν
1177 2462 1467 2531 μετάνοιαν
1493 2462 1708 2530 ἐπέχει.»
1732 2462 1774 2512 Τ
1781 2461 1797 2512 ί
1820 2462 2011 2530 αἰσχύ-

312 2570 384 2625 νῃ
407 2553 630 2619 λοιπόν;
659 2554 787 2607 Ὅτε
811 2552 1106 2623 ἐπόρνευες
1126 2593 1140 2617 ,
1180 2553 1281 2604 οὐκ
1312 2550 1546 2622 ᾐσχύνου
1569 2567 1582 2578 ’
1637 2551 1726 2602 ὅτε
1769 2553 1831 2604 τὸ
1867 2551 2010 2621 φάρ-

316 2661 496 2714 μακον
520 2643 792 2714 ἐπιτίθης,
820 2641 1050 2713 αἰσχύνῃ
1073 2660 1085 2708 ;
1110 2643 1198 2696 ὅτε
1226 2642 1589 2704 ἀπαλλάττεις
1611 2641 1802 2696 ἑαυτὸν
1830 2642 2012 2713 ἀμαρ-

311 2732 458 2796 τίας,
482 2731 750 2803 αἰσχύνῃς
791 2731 927 2785 Τότε
960 2731 1191 2799 ὦφειλες
1234 2730 1610 2799 αἰσχύνεσθαι,
1654 2731 1773 2783 τότε
1803 2731 1910 2783 ἔδει
1948 2748 2008 2782 σε

309 2821 670 2892 αἰσχύνεσθαι
703 2860 717 2884 ,
762 2821 851 2874 ὅτε
884 2821 1224 2892 ἡμάρτανες.
1251 2820 1381 2873 Ὅτε
1428 2821 1609 2887 ἐγίνου
1661 2819 2008 2890 ἁμαρτωλὸς,

310 2911 418 2964 οὐκ
470 2908 748 2982 ᾐσχύνουο
795 2909 884 2963 ὅτε
936 2910 1062 2981 γίνῃ
1121 2909 1346 2971 δίκαιος,
1405 2906 1671 2978 αἰσχύνῃ;
1723 2908 1872 2976 Λέγε
1901 2907 2010 2974 τὰς

308 2998 568 3068 ἀνομίας
598 3011 718 3053 σου
747 2996 998 3065 πρῶτος,
1033 2998 1134 3050 ἵνα
1157 2994 1499 3063 δικαιωθῇς.
1524 2991 1595 3046 Ὦ
1626 2994 2008 3065 φιλανθρωπία

309 3090 608 3141 Δεσπότου.
645 3087 760 3140 Ούκ
793 3082 969 3152 εἶπεν,
1005 3086 1121 3139 Ἵνα
1155 3086 1229 3155 μὴ
1273 3084 1565 3155 κολασθῇς,
1599 3083 1714 3137 ἀλλ’
1759 3084 1893 3138 ’Ἵνα
1922 3083 2008 3136 δι-

309 3174 576 3244 καιωθῇς
597 3190 612 3204 ⁸
658 3175 760 3228 ούκ
794 3176 953 3245 ἢρκει
987 3172 1158 3243 αὐτῷ,
1193 3173 1275 3225 ὅτι
1305 3174 1366 3224 ού
1404 3173 1655 3236 κολάζεις
1685 3173 1869 3235 αὐτὸν,
1924 3173 2005 3225 ἔτι

310 3265 411 3317 καὶ
432 3263 641 3318 δίκαιον
662 3264 838 3326 ποιεῖς
856 3278 872 3327 ;
894 3262 1005 3314 Καὶ
1022 3262 1184 3315 πάνυ.
1232 3260 1393 3313 Ἀλλά
1415 3260 1650 3331 πρόσεχε
1685 3262 1825 3332 μετά
1846 3263 2006 3333 ἀκρι-

309 3352 466 3415 6είας
513 3351 592 3423 τῷ
629 3351 794 3422 λόγῳ,
858 3350 1079 3404 Δίκαιον
1109 3347 1271 3403 αὑτὸν
1304 3348 1465 3403 ποιῶ.
1532 3350 1642 3402 Καὶ
1690 3349 1793 3403 ποῦ
1845 3351 2004 3405 τοῦτο

307 3441 601 3512 ὲποίησεν;
647 3441 770 3493 Ἐπὶ
796 3438 890 3492 τοῦ
915 3436 1140 3510 λῃστοῦ,
1180 3439 1267 3490 ἵνα
1291 3438 1418 3510 είπῃ
1445 3438 1604 3508 μόνον
1625 3439 1822 3503 έκεῖνο,
1851 3439 2006 3494 Οὐδὲ

307 3527 468 3599 φοϐῇ
507 3527 590 3584 σὺ
621 3528 726 3581 τὸν
753 3528 923 3592 Θεὸν,
955 3525 1033 3596 τῷ
1060 3525 1262 3596 ἑταίρῳ
1294 3525 1481 3580 αὑτοῦ.
1529 3525 1638 3579 Καὶ
1682 3527 1855 3594 ἡμεῖς
1884 3526 2005 3596 μὲν

305 3617 587 3682 δικαίωξι·
637 3615 776 3680 ἄξια
803 3616 913 3686 γὰρ
950 3609 1038 3669 ὧν
1091 3611 1435 3683 ἐπράξαμεν
1474 3613 1998 3700 ἀπολαμϐάνομςι.

306 3704 476 3773 Λέγει
510 3703 647 3776 πρὸς
671 3703 832 3756 αὑτὸν
858 3705 886 3754 ό
915 3703 1126 3774 Σωτήρ·
1163 3701 1434 3770 Σήμερον
1449 3700 1576 3769 μετ’
1606 3701 1753 3770 ἐμοῦ
1779 3704 1894 3771 ἔσῃ
1931 3703 2003 3758 ἐν

306 3791 394 3859 τῷ
422 3791 791 3862 παραδείσῳ.
847 3791 962 3844 Ούκ
1017 3787 1192 3853 εἶπεν,
1239 3790 1594 3844 Ἀπαλλάττω
1632 3808 1692 3844 σε
1722 3791 2000 3856 κολάσεως

308 3880 408 3934 καὶ
421 3880 712 3955 τιμωρίας,
745 3879 860 3934 ἀλλ’
884 3880 963 3943 εἰς
990 3880 1082 3932 τὸν
1111 3878 1440 3948 παράδεισον
1469 3878 1680 3948 εἰσάγει
1725 3879 1890 3934 αὐτὸν
1919 3880 1998 3934 δί-

304 3986 380 4028 κα
386 3985 487 4026 ιον.
726 4014 737 4023 .

378 4053 538 4122 Εἶδες
576 4056 685 4111 ἀπὺ
729 4054 1171 4128 έξομολογήσεως
1228 4055 1436 4110 δίκαιον
1487 4056 1816 4128 γενόμενον;
1852 4058 1992 4113 Πολὺ

305 4145 691 4218 φιλάνθρωπός
715 4147 863 4200 ἐστιν
890 4147 919 4200 6
943 4145 1076 4210 Θεός
1098 4161 1111 4174 ⁸
1149 4143 1281 4197 Υίοῦ
1307 4146 1406 4198 οὐκ
1440 4145 1716 4214 ἐφείσατο,
1750 4147 1836 4202 ἴνα
1869 4147 1990 4202 δού.

302 4234 401 4290 λου
433 4235 723 4306 φείσηταιο
759 4233 1046 4306 παρέδωκε
1096 4233 1189 4286 τὸν
1248 4233 1555 4304 Μονογενῆ,
1601 4234 1689 4288 ίνα
1743 4236 1994 4311 ἀγοράσῃ

300 4320 526 4385 δούλους
570 4319 934 4392 ἀγνώμονας·
988 4319 1051 4373 τὸ
1107 4314 1250 4392 αἷμα
1304 4319 1400 4373 τοῦ
1435 4319 1568 4374 Υἰοῦ
1622 4319 1790 4376 αὐτοῦ
1821 4323 1992 4395 τιμὴν

303 4408 627 4466 κατέϐαλεν.
653 4403 724 4462 Ὦ
757 4407 1138 4479 φιλανθρωπία
1163 4408 1458 4462 Δεσπότου.
1495 4409 1605 4463 Καὶ
1635 4412 1712 4483 μή
1751 4428 1841 4482 μοι
1862 4411 1988 4482 λέγε

299 4499 490 4555 πάλιν·
525 4497 816 4570 Ἥμαρτον
855 4495 1045 4562 πολλὰ,
1082 4497 1178 4550 καί⁸
1208 4495 1325 4561 πῶς
1360 4498 1661 4570 δυνήσομαι
1704 4499 1987 4570 σωθῆναι;

298 4587 376 4641 Σὺ
396 4587 458 4641 οὐ
485 4585 732 4650 δύνασαι,
763 4587 793 4640 6
824 4585 1103 4657 Δεσπότης
1160 4601 1254 4638 σου
1282 4584 1505 4640 δύναται
1523 4627 1538 4652 ,
1574 4586 1669 4641 καὶ
1699 4587 1873 4653 οὕτως
1911 4590 1988 4654 ὼς

297 4673 576 4746 ἐξαλεῖψαι
591 4673 661 4728 τὰ
685 4671 837 4747 [544]
853 4673 1250 4744 ἁμαρτήματα.
1272 4673 1514 4746 Πρόσεχε
1535 4674 1676 4745 μετά
1697 4675 1892 4748 ἀκριὸε
1903 4677 1986 4742 ίας

294 4762 378 4834 τῷ
404 4763 569 4834 λόγιεν
591 4760 766 4824 οὕτως
788 4759 1062 4830 ιξαλείφει
1079 4760 1150 4814 τὰ
1167 4762 1390 4833 άμαρτή
1399 4780 1562 4832 ματα,
1580 4762 1658 4826 ὡς
1678 4765 1818 4836 μήτε
1839 4765 1985 4837 ἴχνος

294 4850 481 4905 αὐτῶν
512 4853 717 4922 μεῖναι.
751 4850 875 4904 Ἐπὶ
899 4850 996 4920 μὲν
1019 4846 1129 4921 γὰρ
1153 4849 1264 4902 τῶν
1287 4851 1556 4921 σωμάτων
1585 4851 1687 4906 οὐκ
1705 4852 1784 4906 ἔνι
1800 4853 1980 4920 τοῦτο,

294 4939 436 4994 ἀλλά
467 4938 570 4994 κᾶν
599 4937 859 5013 μυριάκις
895 4937 1174 5010 σπουδάσῃ
1201 4939 1229 4991 6
1286 4938 1492 5011 ἰατρὸς,
1551 4940 1652 4993 κᾶν
1705 4942 1980 5013 φάρμακα

292 5025 459 5099 ἐπιθῇ
491 5027 572 5098 τῷ
606 5026 884 5098 τραύματι
909 5067 924 5091 ,
975 5028 1036 5080 τὸ
1067 5027 1166 5098 μὲν
1214 5027 1434 5098 τραῦμα
1483 5029 1752 5098 ἠφάνισεν
1773 5045 1786 5058 ·
1839 5031 1980 5086 ἀλλά

292 5113 556 5179 πολλάκις
589 5114 806 5185 ἐπλήγη
830 5132 914 5176 τις
965 5115 1043 5178 εἰς
1072 5114 1169 5185 τὴν
1195 5115 1318 5185 ὄψιν
1342 5154 1357 5179 ,
1397 5115 1492 5169 καὶ
1524 5116 1584 5170 τὸ
1613 5117 1713 5187 μὲν
1751 5117 1978 5191 τραῦμα

288 5203 622 5277 διώρθωσεν,
651 5204 685 5274 ἡ
711 5202 769 5256 δὲ
791 5203 922 5274 ούλὴ
953 5203 1327 5275 ἐναπέμεινεν,
1349 5203 1571 5276 ἔλεγχον
1592 5205 1686 5260 τοῦ
1721 5207 1862 5278 τραύ
1871 5226 1975 5279 μα-

288 5308 383 5355 τος
411 5292 783 5363 περιφέρουσα
814 5291 912 5360 τὴν
943 5289 1220 5360 ἀμορφίαν
1254 5291 1352 5362 τῆς
1379 5291 1584 5361 ὅψεωςο
1611 5294 1705 5347 καὶ
1739 5295 1976 5365 φιλονει-

287 5382 378 5433 κεῖ
414 5379 583 5451 μυρία
615 5381 644 5432 6
680 5377 862 5449 ἰατρὸς
884 5377 1166 5448 ἐξαλεῖψαι
1200 5379 1296 5433 καὶ
1318 5381 1420 5450 τὴν
1447 5381 1628 5453 οὐλὴν,
1658 5384 1718 5436 ού
1749 5383 1972 5438 δύναται

285 5468 380 5522 δέ’
411 5466 724 5522 ἀντιπίπτει
757 5465 867 5535 γάρ
900 5465 1048 5537 αύτῷ
1075 5468 1109 5536 ἡ
1145 5467 1401 5521 ἀσθένεια
1440 5469 1538 5532 τῖης
1579 5469 1820 5538 φύσεως,
1877 5474 1973 5526 καὶ⁹

345 5687 374 5796 ἶ
535 5685 646 5736 Sav.
691 5687 741 5734 in
789 5685 907 5736 Mor.
955 5689 1176 5738 quedam
1217 5691 1412 5739 desunt.
1456 5692 1578 5755 Reg.
1627 5694 1734 5745 hac
1791 5699 1958 5747 vitiata

286 5761 342 5799 re
365 5761 422 5799 cr
448 5784 462 5799 .

398 5763 462 5801 1⁵1..

1498 315 1590 372 DE
1628 305 2104 370 ΡΟΕΝΙΤΕΝΤΙΑ.
2149 305 2386 364 IIOMIL.
2429 307 2563 365 VIII.

3710 316 3818 373 5ίο

2123 421 2185 473 τὸ
2216 423 2510 498 ἀνίσχυρον
2543 426 2643 496 τῆς
2661 427 2880 500 τέχνης,
2913 427 3009 484 καί
3030 433 3085 484 :6
3112 431 3327 494 εὐτελὲς
3354 433 3462 485 τῶν
3488 434 3814 504 φαρμάκων.

2133 511 2192 564 '0
2215 510 2271 565 δὲ
2301 512 2434 578 Θεὸς
2471 514 2601 569 ὅταν
2633 514 2894 590 ἐξαλείφῃ
2922 518 2990 572 τά
3045 519 3443 592 ἁμαρτήματα,
3479 521 3603 574 οὐδὲ
3654 521 3819 595 ούλὴν
3915 538 3927 554 ·

2117 599 2366 670 ἀφίησιν,
2424 601 2548 656 οὐδὲ
2602 603 2746 674 ἴχνος
2797 609 3076 678 συγχωρεῖ
3130 610 3333 679 μεῖναι,
3369 608 3505 662 ἀλλὰ
3532 609 3675 681 μετά
3718 613 3820 682 τῆς

2121 689 2330 756 ὑγιείας
2357 690 2447 743 καί
2470 689 2567 762 τὴν
2599 693 2901 764 εὐμορφίαν
2927 695 3234 766 χαρίζεται,
3265 697 3402 765 μετὰ
3429 697 3529 767 τῆς
3571 699 3818 754 ἀπαλλα-

2119 777 2227 848 γῆς
2256 779 2356 849 τῆς
2395 779 2672 846 κολάσεως
2699 785 2793 835 καὶ
2824 783 3176 855 δικαιοσύνην
3206 785 3411 850 δίδωσι,
3435 787 3528 840 καὶ
3557 790 3703 842 ποιεῖ
3724 788 3816 843 τὸν

2118 867 2480 938 ἡμαρτηκότα
2512 871 2628 925 ῐσον
2646 866 2783 924 εἶναι
2806 871 2886 941 τῷ
2920 871 2992 942 μὴ
3024 874 3391 945 ἡμαρτηκότι.
3434 875 3679 948 Ἀναιρςῖ
3707 877 3819 948 γὰρ

2117 955 2180 1007 τὸ
2213 957 2548 1029 ἁμάρτημα,
2585 961 2675 1013 καί
2706 964 2850 1014 ποιεῖ
2875 961 3008 1016 αὐτὸ
3036 963 3171 1033 μηδὲ
3211 959 3351 1017 εἶναι
3373 1005 3386 1026 ,
3427 965 3566 1037 μηδὲ
3600 967 3818 1035 γεγονέ-

2119 1060 2241 1096 ναι·
2276 1043 2420 1098 οὕτω
2465 1046 2694 1101 καθόλου
2740 1049 2875 1103 arb-.6
2902 1051 3148 1122 ἀναιρεῖ·
3197 1040 3296 1105 ούκ
3326 1051 3478 1124 οὐλὴ,
3511 1053 3613 1108 οὑκ
3644 1055 3814 1125 ἴχνος,

2117 1133 2217 1186 οὐκ
2243 1133 2480 1204 ἔλεγχος,
2513 1137 2571 1190 ού
2599 1137 2816 1208 δεῖγμα.

2193 1228 2264 1289 γ’.
2291 1221 2394 1275 Καὶ
2429 1223 2596 1277 πόθεν
2621 1224 2781 1295 δῆλον
2796 1225 2990 1293 τοῦτο;
3021 1218 3122 1280 Ὧν
3135 1227 3246 1300 γὰρ
3272 1227 3382 1297 ἐγὼ
3411 1228 3685 1298 λέγω,καί
3715 1233 3820 1296 τάς

2117 1310 2425 1376 ἀποδείξεις
2452 1314 2655 1382 ὀφείλω
2685 1315 3088 1390 παρασχέσθαι,
3126 1316 3267 1370 ὥστε
3307 1317 3384 1388 μὴ
3415 1318 3814 1388 ἀποφαίνεσθαι

2121 1398 2302 1468 μόνον,
2341 1401 2454 1454 ἀλλ’
2485 1403 2867 1457 ἀποδεικνύναι
2897 1405 3006 1457 ἀπὸ
3032 1405 3143 1460 τῶν
3167 1404 3421 1478 Γραφῶν,
3447 1407 3533 1459 ἵνα
3563 1408 3816 1480 ἀσφαλὴς

2119 1487 2278 1560 μείνῃ
2318 1491 2350 1559 ἡ
2386 1490 2750 1564 πληροφορία.
2796 1493 3017 1562 Εἰσάγω
3057 1490 3150 1547 οὖν
3183 1495 3313 1564 ὑμῖν
3349 1495 3673 1566 ἀνθρώπους
3721 1516 3812 1552 τε-

2114 1580 2627 1650 τραυματισμένους
2655 1621 2670 1644 ,
2705 1581 2877 1652 δῆμον
2924 1582 3242 1654 ὁλόκληρον,
3300 1583 3476 1637 ἑλκῶν
3513 1585 3810 1656 γέμοντας,

2118 1666 2430 1736 σηπεδόνος,
2469 1669 2770 1740 σκωλήκων
2792 1709 2806 1734 ,
2846 1670 2967 1724 ὅλον
2996 1670 3222 1742 τραῦμα
3249 1671 3430 1739 ὄντας,
3483 1673 3603 1727 ὅλον
3634 1675 3812 1742 ἕλκος,

2116 1754 2210 1807 καί
2242 1753 2385 1808 οὕτω
2410 1755 2746 1826 δυναμένους
2763 1758 3192 1830 θεραπευθῆναι,
3219 1759 3295 1822 ὠς
3320 1758 3396 1831 μὴ
3423 1763 3606 1831 μεῖναι
3626 1763 3810 1835 οὐλὴν,

2113 1841 2188 1904 ὡς
2219 1842 2294 1914 μὴ
2330 1846 2513 1913 μεῖναι
2547 1844 2710 1915 ἴχνος,
2743 1846 2820 1912 ὡς
2864 1848 2938 1919 μὴ
2973 1851 3154 1918 μεῖναι
3195 1849 3422 1917 δεῖγμα·
3457 1851 3558 1920 οὐχ
3577 1849 3636 1903 ἒν
3661 1852 3813 1922 ἔχον-

2113 1946 2211 1996 τας
2235 1930 2480 2002 τραῦμα,
2506 1934 2564 1986 ού
2591 1934 2704 1998 δύο,
2737 1936 2800 1988 ού
2837 1937 2982 2007 τρία,
3015 1938 3078 1990 ού
3108 1937 3375 2009 τέσσαρα,
3410 1939 3526 1994 ἀλλ’
3562 1940 3673 1994 ἀπὸ
3712 1959 3810 1994 πο-

2111 2016 2219 2103 δῶν
2267 2021 2371 2082 ἓως
2427 2021 2671 2091 κεφαλῆς
2699 2023 2922 2094 τραῦμα
2957 2023 3138 2090 ὄντας.
3178 2026 3421 2101 Πρόσεχε
3471 2031 3612 2102 μετά
3659 2033 3817 2103 ἀκρι-

2067 2159 2072 2162 _
2114 2102 2266 2168 ϐείας
2297 2105 2372 2176 τῷ
2406 2107 2548 2178 λόγῳ
2570 2127 2581 2140 ο
2616 2111 2796 2174 κοινὸς
2823 2111 2929 2181 γάρ
2953 2114 2979 2164 6
3011 2112 3168 2181 λόγος
3207 2110 3358 2182 οὗτος
3391 2119 3548 2187 ἡμῶν
3577 2119 3671 2172 καὶ
3702 2102 3809 2170 σω-

2112 2193 2322 2263 τήριος.
2368 2195 2654 2266 Φάρμακαι
2681 2198 3081 2263 κατασκευάζω
3136 2201 3246 2254 τῶν
3288 2204 3493 2275 ἰατρῶν
3541 2204 3808 2275 βελτίονα,

2114 2276 2201 2334 οἶα
2229 2282 2356 2335 οὕτε
2391 2284 2634 2354 βασιλεῖς
2666 2288 3083 2342 κατασκευάσαι
3129 2290 3406 2345 δύνανται.
3459 2293 3726 2358 Βασιλεὺς
3747 2295 3810 2355 ,τί

2111 2369 2367 2437 δύναται;
2401 2375 2788 2444 Δεσμωτηρίου
2825 2375 3098 2440 ἐκϐαλεῖν,
3140 2379 3370 2452 γεέννης
3414 2381 3471 2434 δὲ
3502 2382 3808 2454 ἐλευθερῶ-

2115 2476 2205 2514 σαι
2234 2463 2294 2513 οὑ
2329 2461 2580 2515 δύναταιο
2615 2465 2876 2534 χρήματα
2918 2466 3288 2536 χαρίσασθαι,
3335 2469 3518 2543 ψυχὴν
3543 2471 3600 2524 δὲ
3633 2473 3808 2526 σῶσαι

2111 2549 2172 2601 ού
2205 2550 2448 2605 δύναται.
2491 2551 2652 2605 ’Λλλά
2696 2556 2762 2622 τῇ
2801 2554 2944 2624 χειρί
2973 2554 3072 2625 τῆς
3108 2556 3399 2626 μετανοίας
3450 2560 3597 2630 ὑμᾶς
3631 2563 3814 2632 ἐγχει-

2115 2635 2268 2708 ρίζω,
2304 2640 2390 2692 ἵνα
2419 2639 2626 2710 μάθητε
2659 2641 2830 2711 αὐτῆς
2860 2644 2959 2712 τὴν
2991 2642 3244 2714 δύναμιν,
3283 2645 3369 2700 ἵνα
3403 2647 3613 2718 μάθητε
3635 2651 3810 2722 αὐτῆς

2109 2728 2209 2799 τὴν
2240 2729 2414 2798 ἰσχὺν,
2450 2729 2536 2780 ἵνα
2567 2728 2778 2799 μάθητε
2819 2731 2901 2783 ὅτι
2933 2732 2995 2784 ού
3032 2733 3374 2804 περιγίνεται
3415 2736 3588 2807 αὐτῆς
3625 2739 3810 2810 ἀμάρο

2108 2831 2281 2885 τημα,
2315 2816 2436 2869 οὐδὲ
2471 2817 2587 2870 ἔστι
2621 2818 2942 2890 παρανομία
2985 2820 3248 2890 ἰσχύουσα
3279 2825 3670 2894 περιγενέσθαι
3706 2828 3808 2881 αύ-

2107 2906 2207 2975 τῆς
2241 2907 2338 2975 τῆς
2369 2905 2675 2975 δυνάμεως.
2734 2905 2884 2969 Τέως
2937 2909 3146 2977 εἰσάγω
3178 2909 3278 2980 ούχ
3328 2911 3447 2974 ἕνα,
3497 2912 3558 2964 ού
3603 2913 3718 2979 δύο,
3745 2917 3805 2970 ού

2109 2995 2277 3063 τρεῖς,
2320 2993 2458 3046 ἀλλά
2500 2993 2746 3063 χιλιάδας
2795 2994 3000 3059 πολλάς
3046 2997 3396 3068 ἡλκωμένας,
3439 3018 3807 3074 τετραυματι-

2109 3085 2337 3156 σμένας,
2373 3086 2583 3155 μυρίων
2596 3084 3032 3156 ,ἁμαρτημάτων
3054 3088 3356 3156 γεμούσας,
3381 3090 3491 3144 ἀπὸ
3508 3092 3611 3164 τῆς
3640 3111 3808 3164 μετα-

2106 3172 2258 3236 νοίας
2305 3172 2614 3243 δυναμένας
2655 3171 2918 3244 σωθῆναι,
2972 3172 3049 3239 ὡς
3083 3176 3218 3245 μηδὲ
3250 3176 3417 3249 ἴχνος,
3454 3182 3590 3260 μηδὲ
3642 3183 3807 3255 οὐλὴν

2105 3261 2250 3334 ἔχειν
2273 3261 2384 3316 τῶν
2414 3263 2588 3316 ἑλκῶν
2621 3261 2733 3317 τῶν
2771 3264 3077 3335 προτέρων.
3128 3266 3632 3342 Ἀλλὰ-προσέχετε
3666 3277 3806 3344 μετά

2105 3351 2395 3423 ἀκριϐείας
2410 3350 2490 3421 τῷ
2513 3350 2677 3421 λόγῳ,
2703 3353 2798 3405 καὶ
2822 3354 2896 3423 μὴ
2924 3355 3220 3425 προσέχετε
3248 3357 3430 3426 μόνον,
3459 3360 3596 3415 ἀλλά
3620 3365 3714 3417 καὶ
3735 3369 3802 3437 τῇ

2108 3443 2298 3513 μνήμῃ
2355 3440 2675 3512 παραδίδοτε
2716 3442 2783 3496 τά
2815 3442 3106 3512 λεγόμενα,
3138 3447 3224 3501 ἵνα
3279 3450 3530 3515 καὶτοὺς
3582 3455 3802 3510 ἀπολει-

2105 3529 2341 3598 φθέντας
2363 3529 2766 3602 συμϐιϐάσητε,
2801 3532 2896 3585 καὶ
2937 3534 3083 3588 οὓτω
3116 3538 3183 3608 τῇ
3221 3537 3465 3613 ὠφελείᾳ
3501 3541 3612 3597 τῶν
3651 3546 3801 3618 εἰρη-

2107 3621 2286 3689 μένων
2342 3621 2585 3692 ἐρήμους
2641 3621 2802 3686 ὅντας
2881 3623 3340 3699 σπουδαιοτέρους
3392 3635 3797 3706 καταστήσητε,

2102 3709 2373 3783 Παρέστω
2405 3711 2589 3766 τοίνυν
2625 3711 2858 3777 Ἡσαΐας
2903 3714 2931 3765 ὁ
2972 3715 3080 3768 τῶν
3115 3717 3369 3790 Σεραφίμ
3395 3719 3621 3795 θεωρὸς,
3661 3727 3690 3778 6
3736 3725 3799 3778 τὸ

2103 3800 2368 3870 μυστικὸν
2398 3799 2562 3887 μέλος
2607 3801 2850 3865 ἀκούσας
2876 3804 3076 3867 ὲκεῖνο,
3105 3807 3132 3859 6
3181 3807 3353 3877 μυρία
3392 3811 3639 3882 περὶτοῦ
3666 3815 3800 3887 Χρι-

2101 3887 2226 3942 στοῦ
2265 3886 2544 3956 προειπών
2565 3904 2578 3918 ⁸
2612 3889 2988 3961 ὲρωτήσωμεν
3022 3892 3076 3945 τί
3104 3911 3301 3965 φησιν’
3333 3897 3586 3967 Ὀρασις
3616 3899 3698 3970 ἦν
3714 3886 3798 3958 έτ-

2096 3976 2206 4031 δεν
2237 3975 2488 4043 Ἡσαΐας
2522 3977 2674 4031 κατὰ
2697 3976 2810 4046 τῆς
2849 3979 3171 4050 Ἰουδαίας,
3206 3983 3307 4039 καί
3341 3988 3494 4044 κατὰ
3529 3988 3643 4058 τῆς
3692 3991 3799 4047 ἰε.

2089 4064 2440 4134 ρουσαλήμ.
2475 4065 2614 4119 Εἰπὲ
2652 4066 2754 4138 τὴν
2806 4067 2997 4139 ὅρασιν
3057 4070 3126 4142 ἢν
3187 4069 3349 4139 εἶδες,
3414 4078 3646 4146 Ἄκουε,
3690 4084 3796 4137 οὐ·

2087 4154 2261 4222 ρανὲ,
2306 4151 2724 4221 καίἑνωτίζου,
2757 4157 2857 4226 γῆ,
2890 4156 2981 4212 ὅτι
3006 4160 3222 4228 Κύριος
3252 4161 3582 4232 ἐλάλησεν.
3625 4171 3794 4226 Ἀλλα

2097 4240 2432 4312 ὲπηγγείλω,
2455 4243 2551 4297 καὶ
2595 4242 2732 4298 ἀλλα
2779 4243 2976 4313 λέγεις.
3039 4245 3188 4321 ἶ545]
3234 4251 3371 4305 Ποῖα
3421 4253 3560 4310 ἄλλα
3615 4259 3792 4329 ἐπηγ-

2093 4329 2402 4418 γειλάμηνς
2474 4330 2810 4417 Ἀρχόμενος⁸
2861 4331 3077 4402 λέγεις·
3137 4337 3389 4407 Ὄρασις
3457 4347 3610 4399 κατὰ
3677 4347 3790 4418 τῆς

2106 4417 2402 4486 Ἰουδαίας
2453 4420 2554 4474 καί
2611 4419 2766 4475 κατά
2822 4421 3224 4495 Ἰερουσαλὴμ
3247 4467 3262 4492 ,
3319 4428 3414 4481 καὶ
3465 4432 3626 4500 ἀφεὶς
3688 4417 3790 4509 τήν

2105 4509 2365 4564 Ἰουδαίαν
2391 4550 2405 4574 ,
2447 4509 2541 4563 καί
2577 4511 2676 4581 τὴν
2714 4511 3094 4584 Ἰερουσαλὴμ,
3143 4515 3362 4588 ούρανῷ
3396 4523 3784 4600 προσδιαλέγῃ,

2091 4599 2187 4654 καὶ
2221 4600 2314 4654 ἐπὶ
2348 4600 2450 4674 τὴν
2477 4600 2584 4671 γῆν
2613 4601 2869 4666 ἐκκλίνας
2896 4602 2988 4656 τὸν
3018 4603 3196 4674 λόγον,
3227 4608 3449 4679 ἀφῆκας
3477 4613 3605 4676 τοὺς
3635 4613 3785 4684 λογι-

2089 4689 2222 4754 κοὺς
2251 4687 2596 4779 ἀνθρωπους,
2631 4692 2726 4744 καὶ
2768 4693 2884 4756 τοῖς
2923 4693 3141 4776 ἀλόγοις
3175 4699 3464 4768 στοιχείοις
3515 4700 3783 4779 magn];

2101 4777 2320 4850 Ἐπειδὴ
2354 4778 2462 4833 τῶν
2493 4779 2704 4849 ἀλόγων
2735 4779 3072 4853 ἀλογώτεροι
3097 4783 3144 4836 οἱ
3168 4787 3376 4854 λογικοί
3406 4788 3657 4858 ἐγένοντο
3683 4811 3694 4822 ·
3714 4777 3782 4849 ού

2083 4864 2173 4920 διὰ
2202 4866 2361 4921 τοῦτο
2388 4867 2444 4920 δὲ
2474 4867 2654 4938 μόνον,
2697 4868 2812 4924 ἀλλ’
2849 4870 3039 4941 ἐπειδὴ
3073 4871 3285 4942 μέλλων
3322 4877 3351 4928 6
3384 4877 3627 4951 Μωῡσῆς
3669 4883 3781 4936 εἰσι

2086 4955 2240 5025 ἀγειν
2267 4956 2470 5020 αὐτοὺς
2508 4959 2588 5019 εἰς
2621 4956 2722 5028 τὴν
2761 4957 2868 5028 γῆν
2891 4957 2991 5030 τῆς
3029 4961 3388 5030 ἐπαγγελίας,
3419 4967 3516 5019 καὶ
3557 4948 3811 5042 ἀφορῶν.

2082 5043 2153 5132 τά
2181 5043 2443 5114 μέλλοντα
2462 5043 2704 5111 ἔσεσθαι,
2721 5045 2803 5098 ὅτι
2833 5044 2902 5099 τά
2933 5047 3352 5120 παραδεδομένα
3384 5051 3609 5124 ἔμελλον
3636 5075 3777 5132 παρ-

2083 5131 2235 5188 ιδεῖν.
2270 5134 2500 5193 Ἄκουε,
2535 5132 2777 5202 οὐρανέ,
2809 5134 2966 5206 φησὶ,
3000 5137 3098 5190 καί
3149 5141 3496 5209 προσεχέτω
3538 5143 3615 5215 γῆ
3663 5131 3775 5216 pr}-

2074 5236 2236 5289 ματα
2265 5220 2335 5276 ἐκ
2364 5222 2664 5291 στόματός
2683 5241 2824 5291 μου.
2854 5224 3314 5298 Διαμαρτύρομαι
3339 5229 3470 5300 ὑμῖν
3492 5232 3583 5286 τὸν
3611 5235 3776 5308 ούρα-

2080 5309 2169 5363 νὸν
2198 5311 2291 5364 καὶ
2313 5310 2412 5381 τὴν
2442 5312 2567 5382 γῆν,
2595 5311 2624 5363 ὁ
2646 5312 2891 5382 Μωῦσῆς
2921 5329 3107 5383 φησιν,
3141 5316 3223 5369 ὅτι
3255 5315 3353 5371 ἐὰν
3376 5319 3660 5394 εἰσέλθητε
3692 5328 3773 5389 εἰς

2077 5398 2178 5469 τὴν
2209 5398 2314 5465 γῆν
2353 5397 2724 5466 ἐπαγγελίας,
2781 5399 2876 5453 καί
2923 5400 3363 5475 ὲγκαταλείπητε
3426 5406 3631 5478 Κύριον
3679 5412 3772 5466 τὸν

2077 5485 2230 5550 Θεὸν,
2262 5487 2416 5558 ἔχετε
2463 5488 2924 5558 διασκεδασθῆναι
2973 5491 3055 5555 εἰς
3079 5490 3261 5547 πάντα
3283 5493 3352 5546 τὰ
3377 5492 3530 5565 ἔθνη.
3561 5493 3768 5554 Ἦλθεν

2089 5577 2335 5643 Ἠσαίας,
2364 5577 2588 5648 ἔμελλεν
2622 5580 2655 5649 ἡ
2686 5579 2996 5650 ἀπειλὴ-κείς
3029 5580 3190 5652 ἔργον
3242 5583 3576 5654 ἐκφέρεσθαι
3598 5604 3614 5618 ·
3666 5591 3768 5645 ούκ

2076 5664 2303 5732 ἠδύνατο
2324 5667 2565 5720 Μωῦσέα
2595 5669 2823 5721 καλέσαι
2849 5669 2942 5723 τὸν
2970 5669 3332 5734 ἀποθανόντα,
3373 5675 3468 5726 καὶ
3487 5678 3613 5740 τοὺς
3644 5675 3769 5734 τότε

2075 5752 2414 5818 ἀκούσαντας
2453 5755 2546 5809 καὶ
2584 5755 3047 5829 τελευτήσαντας,
3093 5761 3187 5813 καὶ
3219 5759 3472 5818 καλεῖτά
3502 5771 3764 5838 στοιχεῖα,
