4164 6324
218 359 319 416 5n
1332 356 1424 413 os
1465 310 1937 415 PtEN/I'TENTIA.
1982 357 2206 415 nontL.
2251 358 2388 417 vnt.

214 461 327 520 eat,
349 464 385 523 q
406 462 468 504 ste
501 456 833 505 eontcstatus
859 449 1214 522 eratltoyscs.
1239 449 1378 507 Ecce
1402 466 1432 506 a
1463 452 1819 523 promissione

222 541 499 600 excidistis
525 584 540 608 ,
587 557 623 596 ο
658 540 827 598 Judzei
860 559 875 597 :
906 558 1034 599 ecce
1070 542 1430 614 dereliquistis
1462 544 1652 600 Deum.
1701 544 1821 614 Quo

222 645 380 707 pacto
419 645 474 691 te
511 634 817 700 advocabo,
864 635 1113 709 Moyses?
1149 634 1432 693 defunctus
1475 637 1619 694 enim
1660 653 1741 705 es,
1768 648 1820 694 et

224 728 387 783 vitam
408 725 613 784 obiistl.
643 727 762 795 Quo
787 738 942 798 pacto
970 729 1097 783 item
1132 730 1397 784 Aaronem
1428 729 1705 785 evocabo?
1734 730 1822 785 ille

220 826 441 891 quoque
501 830 730 876 mortem
792 820 1069 889 oppetivit.
1150 818 1265 875 Non
1335 829 1490 891 potes
1550 819 1821 876 hominem

217 910 488 966 evocare?
527 925 692 966 evoca
738 911 1023 966 elementa.
1066 909 1267 966 Idcirco
1292 911 1435 966 enim
1465 919 1520 967 et
1565 926 1666 982 ego
1691 910 1819 966 dum

218 1003 480 1072 viverem,
517 1017 624 1059 non
660 1006 928 1059 Aaronem
976 1002 1171 1071 solum,
1216 1019 1321 1059 non
1366 1004 1514 1059 illum
1565 1013 1619 1061 et
1671 1005 1819 1061 illum

218 1096 565 1151 contestabar
585 1137 602 1162 ,
632 1097 753 1167 quia
781 1095 979 1152 obituri
1018 1106 1199 1162 erant;
1236 1096 1331 1153 sed
1372 1097 1635 1152 elementa
1656 1140 1672 1165 ,
1702 1113 1822 1166 quae

218 1196 463 1252 manent,
487 1203 679 1257 nempe
698 1188 889 1244 caelum
927 1196 981 1245 et
1009 1198 1231 1255 terram,
1261 1197 1555 1244 contestor.
1587 1190 1671 1245 Ait
1719 1191 1819 1259 igi-

216 1287 307 1335 tur
338 1278 522 1343 lsaias,
545 1280 702 1348 Audi,
731 1281 932 1347 mlunt,
961 1291 1009 1336 et
1030 1282 1238 1337 auribus
1265 1283 1483 1349 percipe,
1514 1294 1668 1339 terra.
1712 1282 1819 1338 Vos

214 1371 363 1428 enim
381 1373 542 1443 jussit
565 1373 775 1447 Moyses
799 1373 960 1430 hodie
981 1374 1265 1432 advocare.
1288 1374 1469 1447 Neque
1493 1376 1626 1431 hanc
1646 1376 1820 1432 solum

214 1463 289 1518 ob
313 1480 532 1521 causam
572 1476 727 1522 vocat
751 1467 1038 1535 elementa,
1065 1468 1159 1525 sed
1189 1469 1310 1540 quia
1337 1469 1556 1526 Juda-os
1583 1471 1823 1539 alloque-

214 1553 397 1611 batur.
432 1556 590 1623 Audi,
632 1556 815 1613 cretum
836 1573 859 1623 ;
884 1550 947 1613 tu‘
962 1558 1106 1613 enim
1138 1574 1329 1615 manna
1376 1560 1637 1616 demisisti
1666 1579 1682 1617 :
1709 1560 1821 1615 Au-

212 1646 357 1703 ribus
385 1649 606 1718 percipe,
654 1658 827 1715 terra;
854 1657 912 1705 tu
958 1665 1188 1722 namque
1231 1652 1561 1708 coturnicem
1605 1651 1820 1708 dedisti.

212 1741 377 1809 Audi,
402 1742 606 1809 etclam,
629 1741 750 1798 audi
780 1761 795 1799 :
826 1752 881 1799 tu
906 1744 1048 1801 enim
1071 1759 1262 1799 manna
1285 1743 1548 1800 demisiin
1566 1761 1581 1811 ;
1602 1753 1656 1800 tu
1676 1745 1822 1800 enim

212 1847 339 1905 quae
364 1850 523 1904 supra
552 1845 795 1891 naturam
817 1845 971 1893 erant
990 1837 1279 1893 exhibuisti
1314 1855 1329 1893 :
1356 1852 1571 1894 sursum
1593 1853 1737 1904 eras.
1762 1846 1819 1895 et

212 1940 398 1982 aream
448 1926 763 1983 imitaberis.
820 1928 1043 1983 Auribus
1086 1931 1311 2000 percipe,
1346 1938 1479 1984 terra
1517 1944 1537 1985 :
1582 1938 1638 1985 tu
1678 1931 1821 1986 enim

211 2014 469 2072 deorsum
508 2032 629 2075 eras
657 2057 674 2083 ,
718 2026 772 2072 et
835 2019 1254 2087 extemporalem
1311 2034 1553 2075 mensam
1592 2020 1813 2087 parasti.

212 2106 397 2168 Otiose,
423 2117 536 2163 erat
564 2116 775 2174 natura,
801 2116 854 2162 et
869 2109 1036 2178 gratia
1062 2119 1279 2178 operata
1301 2118 1386 2165 est
1416 2124 1431 2164 :
1462 2109 1622 2164 boum
1644 2109 1823 2165 nullus

212 2207 335 2255 erat
360 2198 533 2265 labor,
562 2210 617 2255 et
645 2201 789 2270 spica
819 2199 1219 2269 proferebatur:
1251 2216 1357 2257 non
1382 2202 1675 2271 eoquorum
1703 2217 1821 2256 ma-

211 2307 339 2357 nus,
364 2306 472 2347 non
498 2283 706 2362 j'ussum
736 2294 924 2349 aderat
957 2311 971 2348 :
998 2293 1092 2349 sed
1131 2308 1327 2349 manna
1353 2294 1515 2348 fontis
1541 2294 1713 2349 sancti
1741 2294 1824 2348 in-

211 2394 329 2440 star
349 2372 591 2441 omnium
619 2386 793 2442 vicem
824 2385 1110 2456 supplebat
1148 2404 1163 2442 :
1195 2394 1381 2441 natura
1413 2387 1642 2456 propria:
1666 2387 1821 2443 inbr—

210 2476 419 2536 mitatis
474 2475 909 2533 obliviscebatur.
970 2476 1090 2544 Quo
1140 2485 1294 2548 pacto
1356 2477 1599 2546 ipsorum
1644 2488 1824 2537 vestes

209 2566 429 2626 detrita:
452 2582 560 2622 non
586 2567 756 2623 sunt?
783 2567 1063 2635 Quomodo
1081 2569 1317 2642 ipsorum
1332 2569 1695 2626 calceamenta
1714 2585 1819 2627 non

211 2666 342 2714 sunt
365 2666 630 2715 vetustate
650 2660 1005 2729 consumpta?
1034 2661 1222 2716 Omnia
1252 2661 1321 2717 ad
1344 2661 1556 2717 illorum
1581 2661 1823 2719 ministe-

212 2734 358 2806 rium
415 2749 799 2806 inserviebam.
844 2750 1003 2816 Audi,
1048 2749 1251 2818 calum,
1284 2761 1332 2807 et
1358 2754 1565 2807 auribus
1600 2755 1819 2825 percipe,

211 2848 375 2894 terra.
406 2838 535 2895 Post
565 2848 643 2896 tot
673 2842 894 2904 monita.
923 2852 1043 2912 post
1069 2851 1147 2897 tot
1190 2842 1470 2906 beneﬁcia,
1500 2846 1820 2901 contumelia

212 2928 453 2985 afllcitur
480 2930 757 2987 Dominus.
790 2932 958 3001 Quem
1006 2933 1289 3002 alloquar?
1316 2950 1442 2988 num
1470 2936 1609 2989 vos?
1637 2934 1820 2991 Nemi-

213 3036 341 3076 nem
370 3021 461 3091 qui
487 3021 663 3076 audiat
695 3022 891 3079 habeo.
922 3022 1055 3078 Ecce
1072 3025 1204 3091 veni,
1227 3033 1275 3078 el
1296 3025 1469 3083 nullus
1500 3035 1609 3080 erat
1628 3027 1782 3081 homo
1801 3043 1821 3080 :

212 3114 457 3182 loquutus
486 3131 620 3181 sum,
651 3132 744 3171 nec
764 3127 875 3171 erat
900 3118 987 3189 qui
1006 3120 1221 3171 audiret.
1262 3118 1650 3175 lrrationabilia
1681 3119 1820 3175 allo-

212 3219 375 3275 quar,
422 3205 853 3275 quandoquidem
900 3208 1246 3263 rationabiles
1275 3208 1340 3262 ad
1380 3208 1820 3268 irrationabilium

212 3295 474 3351 vilitatem
498 3296 702 3366 delapsi
730 3308 870 3352 sunt.
896 3297 1254 3366 Quamobrem
1274 3300 1423 3355 'alius
1454 3302 1717 3371 prepheta
1745 3304 1822 3357 vi-

210 3386 306 3443 det
334 3386 601 3445 furentem
634 3404 840 3460 regem,
870 3390 1067 3448 idolum
1094 3391 1240 3447 cultu
1277 3392 1620 3457 honoratum,
1654 3394 1820 3449 Deum

209 3481 537 3536 contumelia
566 3481 837 3549 aliectum,
880 3483 1016 3538 alios
1045 3498 1235 3540 omnes
1255 3488 1530 3550 attonitos,
1561 3497 1617 3543 et
1644 3488 1771 3542 dicit
1802 3503 1819 3543 :

209 3573 355 3627 Audi
395 3591 494 3636 me,
545 3575 725 3639 altare,
776 3576 902 3630 audi
942 3592 1021 3630 me
1068 3578 1144 3646 (3.
1198 3576 1325 3648 Reg.
1376 3578 1463 3634 15.
1508 3579 1602 3649 2).
1659 3579 1820 3650 Lapi-

210 3664 338 3719 dem
368 3680 437 3719 ne
462 3665 788 3736 alluqueris?
815 3666 989 3722 Etiam
1023 3686 1038 3721 :
1061 3668 1494 3739 quandoquidem
1525 3686 1617 3726 rex
1645 3670 1821 3727 minus

208 3766 297 3813 est
341 3772 562 3826 compos
607 3774 883 3824 sensuum,
925 3775 1082 3831 quam
1128 3762 1297 3830 lapis..
1322 3762 1459 3819 Audi
1496 3780 1593 3830 me,
1635 3765 1817 3832 altare,

210 3848 339 3904 audi
361 3865 384 3915 ;
414 3848 523 3903 hac
546 3849 670 3903 dicit
700 3848 970 3925 Dominus.
1002 3852 1071 3907 Et
1108 3852 1284 3907 statim
1331 3854 1499 3911 altare
1547 3855 1817 3922 diruptutn

210 3948 298 3997 est
331 3959 347 3995 :
375 3950 431 3996 et
450 3941 585 4010 lapis
605 3942 826 4007 audivit,
856 3944 991 4013 lapis
1015 3946 1259 4016 diruptus
1286 3956 1388 4006 est.
1414 3960 1469 4002 et
1494 3948 1818 4004 sacriﬁcium

208 4028 427 4086 eludit.
460 4030 740 4098 Quomodo
754 4048 860 4087 non
891 4035 1091 4090 audivit
1113 4034 1309 4090 homo?
1325 4036 1586 4091 Extondit
1603 4054 1818 4094 manum

208 4136 389 4186 suam,
450 4133 503 4177 ut
549 4132 758 4193 raperet
798 4124 1153 4193 prophetam:
1183 4136 1237 4183 et
1284 4128 1411 4199 quid
1457 4129 1580 4184 facit
1636 4130 1820 4185 Deus?

208 4213 455 4269 Arel‘ecit
480 4214 595 4283 ejus
623 4231 862 4271 manum.
887 4216 1020 4272 Vide
1044 4218 1294 4288 quidnam
1340 4218 1544 4284 fecerit,
1568 4220 1688 4276 vide
1713 4221 1819 4276 Do-

211 4305 347 4359 mini
378 4305 719 4361 clementiam
752 4348 766 4370 ,
799 4318 850 4362 et
879 4308 1017 4362 servi
1063 4320 1363 4378 peccatum.
1395 4309 1573 4378 Quare
1620 4328 1725 4368 non
1752 4313 1820 4369 ab

208 4393 366 4449 initio
392 4410 610 4450 manum
639 4397 755 4466 ejus
796 4397 1055 4453 arefecit?
1081 4399 1149 4456 Ut
1189 4400 1402 4470 dirupto
1432 4402 1606 4471 lapide
1632 4405 1819 4475 resipi-

208 4495 412 4543 sceret.
449 4486 658 4542 Etenim
710 4489 757 4543 si
788 4490 920 4560 lapis
949 4491 1194 4560 diruptus
1219 4509 1327 4548 non
1375 4496 1580 4557 luisset.
1612 4498 1705 4553 tibi
1729 4514 1821 4567 pe-

210 4572 549 4649 percissem:
599 4579 720 4649 quia
751 4594 879 4635 vero
924 4582 1180 4637 discissus
1228 4594 1310 4639 est
1348 4586 1502 4655 lapis,
1553 4595 1681 4641 ettu
1714 4605 1817 4643 non

208 4669 533 4731 emendatus
571 4686 653 4735 es,
684 4671 816 4725 iram
844 4672 896 4727 in
936 4681 989 4729 te
1015 4676 1293 4729 transfero.
1327 4676 1579 4731 Extendit
1604 4694 1818 4733 manum

210 4766 271 4815 ut
318 4768 537 4827 raperet
582 4762 920 4832 prophetam.
958 4777 1009 4818 et
1053 4766 1280 4821 arefacta
1312 4776 1395 4823 est
1444 4785 1653 4824 manus.
1686 4770 1819 4826 Ere-

208 4861 359 4907 ctum
392 4862 508 4907 erat
556 4860 814 4922 tropaeum
849 4872 863 4909 :
895 4856 1119 4911 aderant
1168 4866 1245 4914 tot
1271 4861 1531 4916 satellites
1560 4871 1611 4914 et
1659 4862 1821 4917 duces

210 4942 516 5005 exercitus,
535 4943 792 4998 auxilium
820 4947 1026 5015 ingens,
1049 4955 1104 5001 et
1125 4963 1339 5004 manum
1361 4951 1477 5020 ejus
1502 4953 1822 5007 contrahere

210 5049 322 5088 non
368 5042 653 5102 poterant;
701 5036 795 5092 sed
825 5038 997 5094 stabat
1027 5055 1214 5093 manus
1253 5056 1385 5096 voce
1409 5043 1689 5098 declarans
1717 5045 1820 5100 itn-

211 5124 432 5193 pietatis
467 5124 912 5195 prolligatiOnem,
955 5130 1169 5198 pietatis
1216 5140 1497 5200 tropteum,
1552 5134 1643 5190 Dei
1692 5152 1818 5208 erga

210 5214 469 5271 homines
497 5214 897 5289 benignitatem,
932 5220 1074 5277 illius
1100 5222 1380 5281 insaniam.
1412 5224 1477 5280 Et
1508 5226 1651 5281 illam
1686 5243 1818 5282 cono

213 5307 438 5363 trahere
459 5322 564 5363 non
595 5320 859 5378 poterant.

284 5402 346 5456 4.
373 5398 574 5455 Verum
607 5418 672 5458 ne
702 5405 924 5458 verbum
951 5420 1017 5460 ex
1050 5406 1217 5462 verbo
1246 5416 1489 5465 texentes
1520 5412 1818 5480 argumenti

212 5491 623 5560 obliviscamur,
666 5510 764 5565 age
810 5512 929 5560 qua:
958 5499 1178 5566 polliciti
1217 5516 1404 5555 sumus
1448 5503 1815 5557 ostendamus.

212 5585 485 5659 Quidnam
518 5587 738 5656 polliciti
777 5605 963 5645 sumus
992 5591 1015 5643 ?
1043 5592 1195 5659 Quod
1227 5594 1270 5648 si
1297 5596 1416 5665 quis
1456 5596 1723 5651 sexcentis
1752 5597 1823 5650 sit

214 5678 449 5734 allectus
477 5677 808 5746 vulneribus,
837 5682 1308 5755 posuiteutiamque
1337 5694 1476 5756 agat,
1523 5697 1572 5740 et
1624 5687 1819 5741 bunum

200 5779 496 5851 speretur,
549 5770 628 5825 sic
665 5787 725 5827 ea
751 5771 953 5827 delebit
998 5774 1160 5841 Deus,
1205 5786 1259 5831 ut
1308 5791 1407 5831 nec
1438 5776 1696 5845 cicatrix,
1722 5794 1823 5834 nec

216 5861 531 5927 vestigium.
569 5877 669 5919 nec
716 5862 966 5929 iudicium
1006 5866 1244 5938 priurum
1276 5879 1615 5941 peccatorum
1658 5886 1819 5943 appa-

3418 360 3528 416 5B

1929 463 2064 508 rcat.
2090 434 2217 509 llaec
2244 454 2486 523 promisi,
2519 452 2635 510 haec
2664 452 3041 512 demonstrare
3062 456 3318 517 conabor.
3348 454 3486 511 Audi
3502 497 3521 525 ,

1927 546 2128 609 caelum,
2168 553 2215 607 et
2270 546 2480 601 auribus
2527 562 2729 618 percipe
2763 586 2781 615 ,
2815 556 2972 613 terra,
3001 554 3121 619 quia
3156 546 3405 602 Dominus
3442 547 3523 602 ls-

1926 648 2112 709 quutus
2139 647 2211 693 est
2238 636 2393 706 (Isai.
2418 640 2469 694 1.
2498 639 2555 693 2.
2588 638 2656 713 ad
2684 639 2764 710 4.)
2792 639 2886 694 Dic
2927 640 3081 703 mihi,
3113 638 3240 709 quid
3265 638 3521 706 loquutus

1927 731 2045 785 est?
2076 728 2239 786 Filios
2253 732 2404 802 genui
2432 739 2479 785 et
2508 730 2748 796 exaltari,
2782 731 3080 802 ipsiautem
3104 731 3400 799 spreverunt
3425 747 3527 801 me.

1931 819 2175 891 Cognovit
2196 822 2285 874 bos
2305 837 2666 891 possessorem,
2697 820 3152 877 irrationabilibus
3182 820 3528 877 irrationabi-

1928 913 2128 970 liores:
2159 924 2207 969 et
2229 915 2403 968 asinus
2444 931 2670 986 prazsepe
2704 913 2897 968 domini
2930 914 3014 969 sui
3031 955 3047 979 ,
3079 913 3247 969 asinis
3282 913 3531 969 hebetio-

1928 1021 2037 1060 res.
2070 1004 2237 1060 Israel
2259 1016 2426 1059 autem
2458 1022 2537 1059 me
2562 1022 2665 1060 non
2693 1007 2944 1076 cognovit,
2988 1015 3033 1060 et
3071 1003 3309 1077 populus.
3322 1020 3403 1059 nte
3423 1019 3527 1058 non

1930 1098 2197 1153 intellexit.
2239 1098 2327 1154 Vae
2355 1099 2493 1170 genti
2533 1098 2817 1167 peccatrici.
2872 1096 3001 1156 Cur.
3030 1096 3222 1165 inquit,
3266 1096 3407 1151 nulla
3445 1102 3529 1151 est

1928 1203 2055 1261 spes
2078 1190 2438 1256 salutis?th
2461 1189 2531 1244 de
2557 1204 2716 1243 causa
2743 1189 2897 1256 dicis,
2926 1186 3051 1242 Vae?
3075 1187 3208 1253 Quia
3246 1201 3352 1242 non
3378 1186 3529 1241 invo-
3610 1214 3613 1217 -

1930 1285 2023 1339 nio
2046 1284 2328 1340 medelam.
2361 1284 2475 1353 Qua
2505 1285 2575 1340 tle
2596 1299 2753 1338 causa
2772 1283 2929 1345 dicis,
2971 1279 3061 1337 νω
3077 1281 3103 1335 7
3131 1280 3263 1350 Quia
3288 1279 3529 1336 medicae

1930 1389 2110 1434 menta
2138 1377 2386 1439 adhibui,
2421 1390 2521 1431 nec
2553 1378 2718 1432 cessit
2739 1375 2889 1431 ulcus
2919 1376 2933 1428 l
2974 1374 3096 1429 ideo
3139 1387 3359 1428 aversus
3388 1386 3527 1426 sunt.

1931 1471 2068 1539 Quid
2097 1470 2227 1524 mihi
2253 1470 2411 1538 igitur
2433 1468 2734 1525 faciendum
2766 1476 2849 1523 est
2876 1468 2900 1521 ?
2927 1466 3045 1523 Non
3062 1466 3318 1521 laborabo
3343 1473 3401 1520 ut
3426 1478 3528 1519 cu-

1930 1578 2068 1619 rem.
2100 1561 2189 1616 Vae
2219 1562 2240 1617 l
2280 1562 2553 1617 Mulierem
2595 1568 2947 1631 repraesentat
2980 1558 3365 1614 lamentantem
3401 1574 3417 1612 :
3471 1563 3528 1611 et

1931 1651 2068 1709 bene
2095 1651 2527 1714 facit/Animum,
2546 1667 2750 1720 quaeso,
2778 1651 2909 1706 mihi
2938 1649 3194 1705 adhibete
3219 1647 3531 1718 diligenter.

1942 1743 2053 1810 γω,
2083 1746 2299 1816 quare?
2337 1745 2470 1812 Quia
2513 1744 2743 1819 idipsum
2772 1744 2825 1798 in
2853 1741 3170 1812 corporibus
3209 1740 3322 1795 ﬁeri
3367 1738 3532 1796 solet.

1929 1836 2065 1892 Cum
2082 1838 2225 1892 enim
2252 1835 2445 1891 viderit
2468 1820 2707 1891 medicus
2726 1848 2926 1905 :rgrum
2944 1831 3146 1887 nullam
3173 1830 3363 1886 salutis
3378 1843 3532 1897 spem
3560 1884 3562 1887 .

1930 1927 2238 1995 habentem,
2264 1928 2591 1999 lacrymatur
2614 1933 2705 1983 :ct
2729 1923 3009 1981 domestici
3040 1931 3097 1978 et
3115 1922 3303 1977 affines
3327 1918 3534 1991 ejulant

1930 2030 2089 2089 atque
2110 2020 2493 2085 lamentantur,
2521 2018 2617 2075 sed
2650 2017 2849 2073 frustra
2879 2016 3133 2085 nulloque
3174 2013 3347 2070 fructu
3373 2031 3388 2068 :
3417 2028 3563 2069 mo-‘

1929 2112 2157 2167 riturum
2201 2113 2345 2167 enim
2393 2126 2463 2166 ne
2514 2109 2747 2167 mundus
2798 2107 3014 2180 quidem
3056 2115 3197 2162 totus
3243 2105 3534 2175 deplorans

1931 2203 2206 2261 excitabit.
2237 2204 2489 2258 Planctus
2518 2218 2648 2273 ergo
2676 2202 2767 2258 ille
2791 2202 2857 2256 ad
2881 2201 3083 2256 luctum
3107 2199 3278 2266 valet,
3310 2213 3419 2253 non
3464 2196 3534 2254 ad

1930 2296 2337 2350 restaurandam
2354 2296 2660 2354 sanitatem.
2693 2293 2862 2348 Secus
2878 2302 3057 2347 autem
3079 2292 3132 2346 in
3160 2290 3337 2345 anima
3363 2308 3379 2345 :
3406 2304 3533 2347 nam

1931 2385 1976 2440 si
2005 2383 2238 2449 fleveris,
2263 2399 2408 2453 stupe
2431 2383 2682 2453 eum,qui
2709 2383 2886 2438 anima
2916 2392 3163 2438 mortuus
3192 2388 3305 2448 est,
3331 2381 3535 2436 excita.

1930 2474 2034 2531 bis.
2074 2474 2291 2542 Quare?
2331 2476 2465 2543 Quia
2511 2489 2709 2545 corpus
2751 2484 3025 2530 mortuum
3067 2473 3119 2527 vi
3165 2471 3397 2527 humana
3414 2480 3535 2529 ’non

1931 2568 2222 2634 excitatur,
2268 2568 2446 2623 anima
2472 2581 2604 2623 vero
2630 2575 2841 2621 mortua
2868 2564 3207 2629 correctione
3246 2562 3532 2618 excitatur.

1933 2660 2161 2731 Respice
2192 2660 2560 2721 fornicarium.
2586 2670 2638 2715 et
2664 2659 2833 2730 plora,
2864 2671 3117 2727 saepeque
3144 2655 3292 2710 illum
3329 2654 3537 2711 excita-

1930 2754 2033 2811 bis.
2057 2752 2290 2823 Ideoque
2318 2751 2513 2807 Paulus
2539 2766 2646 2806 non
2694 2750 2966 2805 scribebat
3007 2760 3064 2803 et
3093 2745 3415 2803 admonebat
3440 2758 3536 2800 so-

1932 2848 2039 2903 lum
2073 2887 2091 2914 ,
2139 2845 2235 2902 sed
2263 2845 2423 2899 etiam
2451 2859 2571 2900 cum
2623 2841 2876 2914 lacrymis
2902 2850 2956 2895 et
2985 2840 3239 2896 lamentis
3273 2836 3535 2893 hortabae-

1937 2946 2027 2994 tur
2055 2953 2514 3007 unumquemque.
2546 2936 2676 2991 Esto
2697 2925 3009 2998 admoneas,
3031 2948 3128 2989 cur
3142 2934 3301 2987 etiam
3328 2930 3536 3001 ploras?

1932 3028 2005 3086 Ut
2032 3028 2078 3084 si
2108 3045 2213 3083 non
2240 3028 2413 3083 valeat
2438 3026 2757 3089 admonitio,
2783 3025 3111 3080 auxilientur
3138 3024 3410 3093 lacrymae.
3442 3020 3535 3077 Sic

1933 3129 1988 3178 et
2019 3119 2278 3190 propheta
2310 3121 2653 3174 lamentatur.
2689 3118 2944 3173 Dominus
2974 3116 3101 3172 item
3131 3124 3317 3172 noster
3338 3114 3529 3170 videns

1933 3213 2232 3283 proximam
2259 3210 2611 3284 Jerosolyma:
2640 3209 2849 3264 ruinam
2880 3208 3010 3265 dicit
3036 3226 3051 3263 :
3078 3207 3393 3273 Jerusalem,
3416 3219 3533 3275 qua!
3590 3198 3593 3201 ¹

1931 3305 2118 3359 occidis
2176 3304 2478 3373 prapltetas,
2524 3313 2570 3358 et
2612 3303 2812 3372 lepidas
2844 3318 2927 3356 eos
2973 3301 3062 3371 qui
3088 3302 3158 3355 ad
3177 3310 3225 3354 te
3250 3299 3392 3354 missi
3419 3306 3534 3353 sunt

1934 3394 1955 3467 (
1984 3394 2172 3450 Matth.
2200 3394 2432 3465 25.57).
2465 3394 2661 3451 Urbem
2697 3393 2985 3464 compellat
3022 3392 3129 3463 jam
3172 3393 3397 3463 lapsam,
3431 3390 3531 3448 lto--

1933 3488 2239 3558 mincmque
2291 3488 2560 3556 lugentem
2602 3486 2860 3540 imitatur.
2913 3484 3185 3555 Propheta
3237 3499 3400 3546 vero,
3439 3481 3527 3538 γε

1930 3579 2068 3649 genti
2113 3578 2377 3647 peccatrici
2402 3619 2416 3641 ,
2451 3575 2641 3647 papula
2693 3576 2843 3645 pleno
2891 3576 3108 3645 peccatis
3142 3573 3161 3647 (
3189 3572 3320 3627 Isai.
3340 3574 3390 3627 l.
3409 3574 3445 3629 4
3468 3575 3487 3643 )
3513 3590 3532 3630 :

1932 3670 2061 3725 nihil
2093 3669 2250 3725 habet
2270 3685 2458 3724 sanum
2481 3685 2676 3740 corpus
2705 3668 2854 3723 illud.
2880 3668 3124 3723 Vidistin‘
3144 3682 3238 3723 eos
3262 3667 3536 3724 ulceribus

1931 3761 2167 3832 plenos?
2198 3760 2392 3816 Semini
2413 3777 2647 3827 nequam.
2673 3763 2865 3831 popqu
2912 3760 3059 3830 pleno
3105 3760 3345 3830 peccatis.
3399 3757 3529 3826 Cur,

1930 3869 2134 3924 qtnrso,
2165 3854 2509 3908 lamentatis?
2548 3851 2900 3922 Dercliquistis
2935 3850 3211 3905 Dominum
3232 3892 3245 3915 ,
3279 3860 3324 3903 et
3351 3850 3529 3904 irrita-

1930 3946 2020 3999 stis
2048 3945 2296 4000 Sanctum
2317 3943 2502 3999 Israel.
2535 3943 2671 4010 Quid
2698 3944 2831 3998 ultra
2860 3942 3211 4013 percutiamini
3245 3939 3409 4010 (Ibid.
3433 3941 3533 4012 5)?

1930 4035 2045 4103 Qua
2072 4051 2168 4091 vos
2195 4036 2345 4106 plaga
2380 4035 2602 4091 feriam?
2628 4033 2844 4091 lamene
2874 4050 2941 4088 an
2972 4043 3122 4105 peste
3147 4033 3170 4087 ’ἒ
3199 4032 3371 4089 Omne
3400 4047 3533 4101 sup-

1929 4130 2073 4199 plicii
2113 4146 2284 4201 genus
2332 4130 2588 4195 accessit,
2616 4136 2670 4182 ct
2713 4128 2948 4197 nequitia
2994 4136 3172 4181 vestra
3212 4136 3533 4196 consumpta

1931 4240 2039 4278 non
2087 4233 2171 4279 est
2226 4242 2240 4280 :
2286 4222 2539 4277 Addentes
2590 4221 3052 4291 pravaricationes.
3097 4219 3451 4293 Omne'caput
3477 4219 3535 4273 in

1932 4315 2175 4383 laborem,
2214 4325 2264 4371 et
2292 4332 2440 4370 omne
2486 4332 2572 4369 cor
2598 4316 2650 4369 in
2677 4316 2934 4368 tristitiam
2957 4330 2977 4368 :
3002 4331 3065 4368 uo
3092 4358 3102 4367 .
3133 4321 3208 4367 est
3235 4313 3409 4384 plaga,
3427 4330 3530 4367 non

1930 4410 2145 4465 cicatrix
2172 4408 2333 4475 (Ibid.
2357 4409 2432 4477 6).
2459 4408 2567 4462 Res
2593 4423 2727 4461 nova
2746 4407 2785 4459 ί.
2811 4405 2974 4460 Paulo
3004 4413 3127 4460 ante
3157 4404 3373 4460 dicebas
3398 4422 3411 4457 :
3435 4403 3535 4459 Se-

1931 4518 2042 4555 men
2065 4517 2278 4569 nequam
2304 4540 2319 4565 ,
2347 4498 2446 4567 ﬁlii
2470 4498 2650 4569 iniqui,
2685 4497 3019 4565 dereliquistis
3066 4495 3360 4561 Dominum,
3388 4503 3434 4549 et
3455 4498 3533 4549 ir-

1932 4594 2120 4648 ritostis
2143 4594 2390 4647 Sanctum
2415 4590 2600 4653 Israel;
2618 4600 2691 4658 et,
2719 4588 2811 4645 Vte
2824 4590 2961 4661 genti
2990 4589 3273 4660 peccatrici.
3304 4587 3534 4643 Lamen-

1934 4688 2081 4746 taris.
2115 4688 2265 4755 luges
2290 4725 2306 4749 ,
2359 4684 2602 4753 quereris
2631 4726 2646 4746 .
2674 4683 2894 4737 vulnera
2938 4696 3223 4745 recenses;
3253 4689 3308 4737 et
3338 4677 3535 4735 deinde

1932 4776 2089 4841 dicis,
2122 4774 2303 4845 Neque
2348 4777 2564 4837 vulnus,
2598 4791 2756 4844 neque
2795 4773 3049 4829 cicatrix?
3079 4773 3328 4828 Attende.
3383 4772 3535 4827 Tunc

1930 4868 2125 4922 vulnus
2152 4867 2383 4923 efﬁcitur
2409 4910 2425 4934 ,
2457 4882 2578 4921 cum
2630 4866 2733 4920 alia
2761 4866 3004 4935 corporis
3047 4874 3200 4935 parte
3231 4863 3480 4919 incolumi
3514 4903 3533 4930 ,

1934 4975 2035 5014 una
2064 4960 2307 5028 corporis
2335 4975 2457 5029 pars
2503 4974 2663 5013 sensu
2696 4957 2973 5013 destituta
3019 4968 3199 5013 manet
3246 4974 3261 5011 :
3292 4956 3380 5013 hic
3403 4972 3535 5011 vero

1933 5051 2094 5115 dicit,
2125 5061 2291 5107 totum
2323 5065 2518 5118 corpus
2546 5064 2669 5105 esse
2709 5048 2907 5103 vulnus
2935 5065 2950 5100 :
2982 5046 3166 5119 Neque
3193 5047 3407 5112 uulnus,
3442 5065 3534 5102 ne-

1934 5159 2029 5212 que
2050 5143 2281 5207 cicatrix,
2314 5156 2476 5212 neque
2504 5142 2659 5211 plaga
2686 5149 2916 5205 tumens;
2934 5140 3027 5195 scd
3060 5156 3089 5195 a
3118 5139 3342 5210 pedibus
3364 5154 3536 5209 usque

1932 5233 1998 5287 ad
2022 5242 2181 5302 caput
2216 5248 2320 5286 non
2358 5241 2532 5302 potest
2559 5232 2758 5301 imponi
2793 5230 3091 5287 fomentum
3124 5274 3137 5295 .
3172 5247 3279 5285 non
3320 5231 3523 5295 oleum.

1933 5342 2040 5380 non
2094 5326 2367 5395 ligamina.
2424 5324 2581 5380 Terra
2611 5335 2770 5379 vestra
2806 5314 3029 5387 deserta,
3080 5324 3305 5377 civitates
3359 5335 3533 5379 vestris

1933 5436 2186 5474 succensa!
2214 5420 2341 5491 igni,
2372 5422 2602 5491 regiones
2628 5429 2817 5474 vestras
2859 5419 3017 5473 alieni
3046 5418 3316 5471 comedunt
3347 5419 3365 5489 (
3395 5417 3527 5473 Ibid.

1935 5511 2009 5579 7).
2047 5510 2173 5566 Haec
2202 5511 2381 5565 omnia
2420 5508 2544 5577 feci,
2574 5520 2629 5565 et
2651 5504 2746 5565 vos
2791 5526 2897 5565 non
2941 5510 3244 5579 resipuistis
3272 5526 3286 5564 :
3317 5525 3532 5565 omnem

1934 5602 2153 5657 adhibui
2178 5612 2387 5668 artem,
2417 5610 2471 5657 et
2495 5617 2639 5674 aeger
2686 5610 2931 5658 mortuus
2976 5611 3176 5657 manet.
3210 5600 3409 5668 Venite,
3438 5617 3533 5655 au-

1936 5694 2039 5747 dite
2063 5693 2267 5748 uerbum
2307 5693 2515 5747 Domini
2540 5737 2555 5761 ,
2587 5695 2838 5765 principes
2869 5691 3213 5781 Sodomgrum
3240 5704 3286 5747 et
3315 5690 3531 5747 Gomor-

1939 5788 2064 5840 rlzaz.
2120 5785 2233 5853 Quo
2275 5787 2400 5839 mihi
2453 5786 2822 5841 multitudinem
2882 5786 3197 5840 uictimarum
3250 5795 3541 5844 uestrarum

1997 5883 2011 5910 '
2050 5880 2122 5930 sic
2143 5877 2284 5929 Savil.
2308 5886 2359 5930 At
2378 5878 2559 5937 δίοποι,
2587 5889 2663 5927 res
2690 5888 2821 5926 tunc.
