4164 6324
618 351 723 410 δικ
1361 351 1418 398 S.
1462 351 1741 396 Joannis
1775 351 2206 395 υιιιιιδυδιω

622 436 1006 513 (lsai.l.l0)?
1047 434 1184 503 Quid
1236 433 1424 505 igitur?
1476 430 1849 487 Sodomitasne
1876 424 2206 497 alloquitur?

623 526 1313 601 Nequaquam,sed1udzcos
1327 524 1629 579 Sodomitas
1654 520 1909 592 appellat.
1942 517 2203 585 Quoniam

622 627 763 680 enim
784 636 968 677 eorum
1011 633 1187 674 mores
1218 614 1565 670 imitabantur
1584 656 1599 679 ,
1632 628 1817 670 eorum
1850 610 1979 680 ipsis
2009 623 2204 664 nomen

623 715 873 790 imponit.
901 712 1093 777 Venite,
1127 710 1298 763 audite
1326 709 1531 762 verbum
1558 707 1783 770 Domini,
1816 704 2070 775 principes
2100 701 2206 757 Sa-

622 812 888 865 domorum
911 813 957 859 et
986 802 1307 858 Gomorrhoe.
1334 800 1447 864 Quo
1474 799 1596 849 mihi
1643 795 2015 848 multitudinem
2058 793 2203 845 victi.

623 915 820 953 marum
849 905 1126 950 vestrarum
1154 892 1179 946 .’
1227 892 1350 944 dicit
1398 889 1665 942 Dominus.
1700 885 1890 940 Plenus
1919 901 2029 937 sum
2058 883 2185 941 bolo

626 991 817 1045 caustis
842 988 1053 1041 arietum
1074 1028 1088 1051 ,
1117 996 1163 1038 et
1190 984 1394 1052 adipem
1439 997 1685 1051 agnorum
1716 980 1851 1032 nolo.
1885 979 1945 1032 Si
1982 977 2206 1042 offeratis

630 1086 751 1138 mihi
781 1084 1015 1144 similam,
1048 1095 1229 1133 uanum
1256 1093 1272 1130 :
1308 1076 1580 1145 thymiama
1606 1074 1908 1125 abonzinutio
1946 1080 2015 1124 est
2044 1070 2205 1121 mihi:

628 1174 913 1230 neomenias
937 1181 1124 1225 vestras
1146 1180 1191 1222 et
1219 1169 1422 1221 sabbata
1451 1167 1555 1218 odit
1586 1167 1753 1217 anima
1776 1180 1883 1216 mea
1914 1179 1933 1215 :
1952 1163 2207 1233 jejunium

633 1279 678 1320 et
702 1266 832 1319 diem
864 1279 1104 1333 magnum
1130 1278 1229 1315 non
1252 1261 1380 1329 fero.
1413 1258 1537 1313 Cum
1569 1255 1885 1311 cxtenderitis
1925 1271 2106 1307 manus
2127 1269 2211 1305 re-

620 1367 757 1410 stras
800 1354 868 1406 ad
909 1369 987 1406 me
1009 1393 1025 1415 ,
1062 1363 1281 1403 avertam
1326 1348 1497 1402 oculos
1524 1364 1657 1401 meos
1685 1365 1715 1398 a
1741 1348 1875 1399 vobis
1906 1345 2065 1414 (Ibid.
2112 1346 2209 1399 l3-

630 1447 923 1513 l5).Estne
955 1446 1028 1498 ira
1065 1443 1185 1496 huic
1210 1442 1475 1509 :cqualis?
1511 1439 1772 1508 Propheta
1819 1438 2007 1492 cmlum
2042 1438 2209 1491 adio-

626 1549 732 1602 cat,
762 1539 1083 1591 lamentatur
1105 1577 1119 1601 ,
1159 1535 1343 1605 ejulat,
1378 1535 1567 1602 plorat,
1597 1533 1831 1601 dicitque
1857 1531 1964 1596 illi,
1996 1530 2112 1583 Non
2144 1540 2213 1584 est

621 1630 825 1689 vulnus,
874 1644 974 1681 non
1004 1636 1075 1680 est
1103 1627 1357 1679 cicatrix:
1391 1626 1530 1680 Deus
1572 1625 1822 1678 irascitur
1846 1663 1860 1686 ,
1908 1639 2012 1675 non
2052 1621 2217 1677 susci-

626 1724 701 1792 pit
726 1722 1017 1785 victimam,
1043 1734 1148 1773 non
1202 1718 1559 1783 neomeuiam,
1605 1732 1707 1770 non
1761 1716 2035 1768 sabbatum
2060 1754 2072 1777 ,
2108 1729 2213 1767 non

626 1815 878 1877 similam,
912 1828 1017 1866 non
1048 1813 1367 1875 orationem,
1401 1824 1505 1864 non
1536 1825 1784 1863 manuum
1806 1808 2195 1861 extensionem.

640 1904 883 1958 Vidistin’
906 1903 1056 1956 ulcus
1076 1905 1100 1954 ’ί
1143 1902 1377 1954 vidistin‘
1400 1902 1641 1955 morbum
1688 1898 2037 1953 incurabilcm
2064 1939 2079 1963 ,
2108 1911 2216 1951 non

579 1995 808 2059 ounius,
838 2009 941 2047 non
970 1994 1196 2047 duorum
1219 2036 1232 2057 ,
1265 2008 1372 2046 non
1395 1998 1605 2055 decem,
1632 1990 1723 2045 sed
1772 1990 2060 2044 multorum
2100 1988 2219 2042 mil-

641 2087 773 2140 lium
804 2084 986 2149 ?Quid
1017 2085 1177 2153 igitur
1224 2092 1407 2153 postea
1438 2085 1460 2135 ?
1497 2082 1761 2152 Lava'mini
1788 2122 1800 2143 ,
1850 2080 2026 2133 mundi
2068 2088 2220 2133 estote

633 2179 651 2248 (
688 2176 823 2230 Ibid.
860 2176 926 2229 l6
951 2178 988 2243 ).
1034 2176 1166 2229 Num
1216 2184 1296 2228 est
1344 2185 1619 2243 peccatum
1652 2189 1748 2242 pro
1776 2188 1878 2239 quo
1910 2172 1978 2223 sit
2029 2171 2219 2237 despe-

631 2266 902 2321 randum?
931 2268 1045 2335 ipse
1078 2267 1331 2321 Dominus
1360 2308 1374 2333 ,
1404 2265 1489 2334 qui
1531 2264 1691 2329 dicit,
1729 2263 1842 2318 Non
1884 2261 2042 2316 audio
2079 2278 2173 2314 vos
2200 2278 2215 2326 ;

646 2360 774 2413 dicit
804 2361 985 2422 etiam,
1014 2357 1297 2410 Laramini.
1354 2358 1434 2412 Ad
1466 2357 1590 2425 quid
1638 2357 1753 2411 inec
1785 2357 2016 2425 loqueris
2048 2355 2069 2408 ?
2112 2355 2220 2408 Cur

632 2452 730 2505 ista
759 2450 781 2501 ?
808 2452 965 2504 ambo
996 2462 1116 2503 sunt
1146 2452 1293 2503 utilia
1326 2468 1339 2502 :
1374 2450 1460 2503 illa
1492 2492 1504 2512 ,
1535 2459 1591 2503 ut
1635 2458 1865 2503 terreant
1896 2466 1907 2509 ;
1964 2446 2079 2499 inec
2115 2488 2128 2507 ,
2160 2454 2219 2499 ut

632 2544 919 2598 attraham.
960 2542 1015 2598 Si
1070 2558 1172 2603 non
1200 2543 1351 2596 audis
1390 2543 1507 2596 illos
1537 2585 1550 2605 ,
1584 2557 1732 2611 spem
1776 2541 1962 2595 salutis
1993 2554 2095 2592 non
2128 2539 2222 2591 ha-

635 2638 763 2692 bent
788 2655 801 2690 :
833 2638 875 2691 si
903 2652 1052 2706 spem
1100 2637 1284 2691 salutis
1312 2653 1416 2690 non
1447 2638 1644 2691 habent
1672 2677 1687 2700 ,
1720 2652 1814 2691 cur
1843 2636 1975 2687 dicis
2002 2675 2016 2697 ,
2058 2632 2219 2685 Lava-

635 2729 755 2782 mitti
789 2729 813 2781 ξ’
844 2728 1037 2782 Verum
1068 2728 1222 2781 Pater
1244 2738 1325 2782 est
1354 2730 1581 2781 ﬁliorum
1603 2743 1809 2792 amans,
1834 2728 1978 2781 solus
2008 2728 2175 2781 bonus
2200 2766 2215 2791 ,

640 2818 757 2886 plus
782 2831 938 2887 quam
975 2826 1125 2886 pater
1152 2816 1217 2871 ad
1250 2819 1771 2873 commiserationem
1805 2833 2023 2886 pronus.
2067 2816 2136 2869 Et
2163 2824 2222 2870 ut

638 2908 817 2962 discas
846 2909 1015 2975 ipsum
1044 2922 1164 2962 esse
1190 2916 1418 2975 patrem,
1450 2908 1524 2961 ait
1554 2908 1677 2971 illis,
1700 2907 1836 2971 Quid
1862 2908 2048 2978 faciam
2078 2949 2089 2968 ,
2118 2904 2222 2958 Ju-

635 3008 700 3056 da
728 3002 751 3055 ?
778 3002 860 3055 Au
890 3003 1067 3056 nescis
1100 3001 1229 3071 quid
1271 3002 1505 3057 facturus
1541 3003 1655 3058 sis?
1698 3004 1833 3057 Novi
1890 3006 2083 3071 plane,
2129 3002 2223 3056 sed

636 3094 798 3150 nolo:
830 3094 995 3163 exigit
1023 3104 1359 3162 peccatorum
1396 3102 1605 3161 natura,
1636 3094 1728 3148 sed
1757 3094 1968 3148 cohibet
1991 3096 2223 3147 clemen-

634 3186 721 3240 titn
746 3187 1069 3256 magnitudo.
1098 3187 1233 3251 Quid
1285 3187 1469 3239 faciam
1506 3188 1595 3241 tibi
1621 3187 1644 3240 ?
1674 3202 1956 3256 parcamue
2004 3186 2133 3240 tibi?
2171 3194 2225 3240 at

634 3279 849 3348 segnior
875 3278 1087 3333 evades.
1116 3278 1380 3334 Ultionem
1409 3279 1473 3333 de
1504 3289 1561 3333 te
1588 3281 1841 3333 sumam?
1890 3281 1983 3333 sed
2028 3280 2077 3333 id
2118 3294 2223 3333 non

638 3371 833 3439 patitur
862 3371 1142 3426 clementia
1168 3388 1305 3425 mea.
1335 3372 1469 3440 Quid
1498 3373 1687 3427 faciam
1719 3373 1851 3426 tibi?
1880 3389 1947 3426 an
1973 3382 2027 3425 ut
2050 3372 2224 3427 Sodo-

638 3476 778 3515 mam
818 3471 870 3515 le
913 3478 1148 3531 ponam,
1196 3465 1277 3517 vel
1323 3474 1378 3516 ut
1424 3464 1778 3517 Gomorrham
1835 3473 2069 3517 evertam
2125 3475 2176 3516 te
2203 3463 2225 3515 ’ἶ

639 3552 969 3608 Conversum
996 3562 1077 3608 est
1107 3570 1198 3607 cor
1244 3571 1439 3607 meum.
1476 3556 1681 3608 Allectu
1710 3556 1824 3607 licet
1857 3568 2055 3608 vacuus
2080 3596 2093 3616 ,
2125 3553 2225 3607 ho-

638 3644 837 3697 minem
866 3644 1056 3698 aﬂecm
1105 3645 1383 3713 praeditum
1429 3645 1708 3709 imitatur;
1741 3647 1848 3698 imo
1899 3645 2073 3713 potius
2116 3661 2229 3698 ma-

635 3743 770 3787 trem
801 3734 964 3802 prolis
1011 3745 1299 3789 amantcm.
1322 3736 1651 3789 Convetsum
1678 3745 1758 3790 est
1797 3752 1893 3789 cor
1923 3752 2134 3801 meum;
2164 3751 2227 3791 ac

638 3922 721 3965 DE
768 3920 1210 3978 ΡΟΕΝῙἸῈΝΤῙΔ,
1257 3922 1337 3963 ΕΤ
1381 3922 1463 3963 DE
1522 3921 1602 3964 IIS
1646 3921 1753 3973 QUI
1802 3926 1837 3965 Δ
1884 3921 2219 3965 COLLECTIS

2329 3924 2687 3981 uncunuur,

1361 341 1418 398 ε.
1462 333 1741 396 JOANMS
1775 333 2251 395 CHRYSOSTOMI
2290 330 2609 395 ARCﬂlEP.
2650 325 3184 385 CONSTANTINOP.

3801 329 3913 383 341

2317 446 2360 501 si
2398 443 2543 501 dicat
2568 444 2757 500 mulier
2786 444 2855 499 de
2885 458 3071 512 puero,
3100 441 3433 497 Conversum
3464 449 3547 494 cst
3590 454 3684 493 cur
3725 453 3917 494 meum

2310 546 2553 593 materno
2581 551 2747 591 more.
2780 536 2849 590 At
2880 544 2985 588 n'on
3011 534 3140 589 satis
3166 532 3351 587 habuit
3372 531 3553 601 priora
3576 531 3663 585 illa
3680 529 3915 595 dixisse,

2310 627 2430 691 sed,
2479 625 2734 682 Turbatus
2759 641 2871 679 sum
2899 624 2951 678 in
2981 623 3272 695 pauitantia
3316 639 3430 676 mea
3461 623 3479 693 (
3508 620 3636 676 Osee
3706 623 3798 679 Η.
3832 623 3914 693 8).

2318 718 2531 772 Deusne
2558 716 2798 773 turbatur
2824 716 2848 769 ?
2874 715 3049 769 Absit.
3099 713 3305 769 Numen
3353 713 3674 767 turbationis
3714 728 3925 783 expers

2312 819 2395 864 est
2420 826 2436 873 ;
2466 808 2583 874 sed,
2617 817 2675 862 ut
2699 808 2807 877 jam
2834 808 2969 873 dixi,
3003 817 3245 861 nostrum
3279 804 3529 875 loquendi
3559 822 3764 861 morem
3791 806 3927 860 imi-

2314 908 2477 955 tatur.
2505 899 2833 953 Conversum
2884 909 2965 953 est
3004 913 3096 953 cor
3131 912 3345 962 meum;
3396 897 3679 963 Laramini,
3732 896 3930 951 mundi

2312 1002 2487 1046 estote.
2517 989 2653 1057 Quid
2693 1004 2809 1043 sum
2851 990 3004 1043 vobis
3033 988 3343 1059 pollicitus?
3368 988 3520 1055 Quod
3552 998 3872 1057 peccatores
3908 1027 3926 1054 ,

2314 1084 2469 1138 etiam
2517 1083 2780 1136 sexcentis
2808 1091 3030 1135 onustos
3056 1082 3291 1151 peccatis
3315 1122 3330 1146 ,
3384 1080 3755 1149 ulceribusque
3806 1080 3929 1148 ple-

2315 1192 2433 1238 nos,
2465 1174 2510 1228 si
2544 1174 2911 1243 paenitentiam
2942 1182 3139 1243 agant,
3171 1173 3309 1226 Deus
3338 1180 3618 1239 susceptos
3643 1172 3711 1224 ita
3738 1180 3929 1237 curet,

2316 1278 2371 1320 ut
2406 1282 2471 1320 ne
2503 1266 2785 1334 vestigium
2818 1306 2832 1330 ,
2865 1273 2923 1319 ut
2975 1280 3042 1319 ne
3084 1264 3386 1318 cicatricem
3410 1304 3427 1329 ,
3460 1271 3518 1316 ut
3563 1278 3631 1317 ne
3662 1261 3931 1316 indicium

2316 1360 2528 1429 quidem
2556 1369 2897 1429 peccatorum
2921 1358 3203 1424 relinquat.
3230 1354 3511 1419 Lavamini,
3540 1356 3713 1407 mundi
3739 1364 3930 1417 estote,

2318 1454 2513 1518 auferte
2540 1449 2785 1520 nequitias
2834 1459 3024 1500 vestras
3067 1448 3127 1499 ab
3155 1447 3421 1499 animabus
3467 1447 3643 1499 vestris
3679 1463 3695 1499 :
3740 1445 3937 1498 discite

2320 1545 2439 1597 bene
2467 1547 2629 1607 facere
2659 1546 2675 1611 (
2710 1541 2836 1595 Isai.
2872 1542 2918 1593 l.
2959 1540 3039 1594 l6.
3072 1540 3177 1607 17).
3209 1539 3275 1592 Et
3306 1538 3430 1607 quid
3463 1537 3586 1591 boui
3640 1537 3937 1606 prmcipis?

2316 1632 2553 1685 Judicate
2604 1632 2886 1701 pupillum,
2931 1630 3281 1701 etjustiﬁcate
3324 1628 3550 1681 viduam.
3597 1627 3707 1681 Non
3741 1628 3936 1697 gratia

2323 1734 2589 1791 prmcepta
2644 1733 2788 1786 sunt,
2843 1721 2936 1774 sed
2966 1721 3030 1773 ad
3056 1735 3174 1787 qua:
3222 1730 3405 1771 natura
3436 1721 3547 1786 ipsa
3597 1733 3761 1785 prona
3821 1720 3938 1772 sit:

2319 1814 2529 1868 mulieri
2552 1815 2693 1867 enim
2724 1816 2972 1868 convenit
2996 1813 3382 1867 misericordia.
3426 1812 3489 1864 Et
3517 1814 3695 1873 venite,
3728 1822 3782 1864 et
3816 1813 3933 1865 dis-

2322 1907 2612 1977 ceptemus(
2646 1906 2782 1961 Ibid.
2810 1907 2875 1959 18
2995 1906 3128 1959 Dicit
3170 1905 3448 1968 Dominus,
3472 1904 3735 1958 modicum
3768 1903 3940 1972 quid-

2324 2002 2466 2071 piam
2499 2002 2655 2055 facite
2680 2043 2692 2065 ,
2718 2014 2770 2055 et
2798 2018 2899 2071 ego
2925 2000 3065 2071 quod
3094 2002 3353 2069 reliquum
3405 2008 3487 2053 est
3537 1998 3727 2051 addam
3763 2014 3778 2049 :
3812 1997 3940 2050 exi-

2323 2108 2483 2163 guum
2506 2092 2702 2162 aliquid
2725 2092 2851 2144 mihi
2879 2092 3020 2157 date,
3054 2103 3105 2144 et
3130 2101 3295 2145 totum
3326 2105 3425 2158 ego
3453 2091 3773 2158 impertiam.
3826 2086 3937 2141 l'c-

2324 2186 2445 2239 nite.
2478 2186 2718 2251 Quonam
2746 2185 3043 2238 abeamus?
3099 2185 3177 2237 Ad
3228 2199 3333 2245 me,
3375 2198 3532 2253 quem
3565 2181 3935 2250 provocastis,

2324 2292 2480 2345 quem
2511 2276 2784 2337 irritastis;
2810 2276 2874 2327 ad
2907 2291 2991 2329 me
3016 2276 3104 2343 qui
3131 2274 3271 2338 dico,
3300 2272 3419 2326 Non
3445 2274 3604 2325 audio
3629 2289 3735 2336 vos,
3763 2281 3825 2325 ut
3850 2272 3942 2324 itt-

2328 2369 2707 2421 tertninatione
2734 2368 3003 2437 perterriti
3030 2409 3044 2432 ,
3080 2368 3211 2420 iram
3254 2365 3476 2421 sedetis.
3506 2363 3695 2419 Venite
3721 2364 3792 2417 ad
3820 2378 3938 2416 non

2327 2460 2632 2513 audientem
2664 2500 2678 2524 ,
2712 2470 2766 2511 ut
2796 2459 2996 2512 audiat.
3048 2458 3115 2513 Et
3155 2458 3279 2527 quid
3333 2457 3497 2512 facis?
3527 2456 3640 2510 Non
3683 2455 3946 2525 relinquo

2328 2550 2613 2618 vestigium
2649 2590 2662 2613 ,
2705 2565 2809 2602 non
2842 2550 3069 2602 indicem
3101 2591 3116 2613 ,
3150 2563 3255 2602 non
3285 2548 3609 2601 cicatricem.
3653 2544 3859 2611 Venite,
3895 2554 3948 2600 et

2328 2641 2679 2709 disceptemus,
2708 2641 2832 2692 dicit
2866 2638 3109 2692 Dominus
3144 2655 3161 2689 .'
3210 2647 3263 2693 ct
3303 2637 3469 2701 addit,
3517 2636 3577 2691 Si
3598 2636 3794 2704 fuerint
3820 2652 3946 2703 pce-

2328 2741 2439 2784 cata
2465 2742 2627 2785 vestra
2650 2741 2707 2784 ut
2736 2732 3031 2795 coccinum,
3066 2730 3211 2797 quasi
3238 2730 3401 2783 nivem
3444 2726 3685 2787 dealbabo
3732 2738 3755 2797 t
3788 2725 3945 2779 Ibid.

2334 2824 2441 2893 l8).
2491 2822 2750 2877 Numcubi
2799 2823 3064 2877 cicatrix?
3115 2820 3367 2876 numcubi
3411 2834 3540 2889 ruga
3588 2819 3751 2872 etiam
3807 2832 3943 2872 cum

2331 2917 2507 2969 colore
2535 2914 2889 2982 expiationis?
2917 2914 2980 2967 Et
3010 2914 3051 2967 si
3079 2913 3265 2983 fuerint
3291 2921 3345 2965 ut
3374 2912 3648 2975 coccinum,
3675 2912 3829 2979 quasi
3855 2911 3946 2961 fa-

2334 3024 2452 3059 num
2484 3006 2751 3059 dealbabo.
2812 3006 3077 3061 Numcubi
3133 3006 3400 3074 uigricans
3441 3003 3633 3058 color?
3678 3004 3952 3058 nurucubi

2333 3099 2537 3151 macula
2566 3098 2675 3151 ?Et
2702 3112 2809 3167 quo
2838 3106 2993 3167 pacto
3047 3098 3180 3151 fiunt
3208 3098 3350 3151 ista?
3379 3095 3514 3150 Num
3541 3094 3661 3148 alia:
3688 3094 3946 3163 promis-

2332 3190 2561 3242 siones?
2608 3204 2669 3243 os
2718 3190 2859 3243 enim
2910 3190 3119 3243 Domini
3166 3189 3286 3243 'hcec
3334 3189 3608 3257 loquutum
3656 3195 3761 3242 est.
3819 3186 3949 3241 Non

2332 3281 2503 3333 solum
2529 3280 2947 3350 magnitudinem
2971 3281 3148 3334 vidisti
3188 3282 3569 3350 promissorum
3597 3321 3613 3344 ,
3641 3277 3734 3333 sed
3766 3288 3826 3333 et
3851 3279 3950 3333 di-

2334 3374 2587 3443 gnitatem
2619 3374 2907 3443 largientis.
2939 3374 3047 3427 Deo
3079 3376 3220 3427 enim
3252 3372 3521 3443 possibilia
3553 3381 3677 3425 sunt
3696 3372 3889 3425 omnia
3922 3413 3938 3435 ,

2336 3466 2423 3533 qui
2454 3475 2626 3533 potest
2651 3481 2679 3518 a
2709 3464 2925 3520 sordido
2951 3464 3125 3519 facere
3146 3466 3422 3519 mundum.
3444 3464 3596 3519 Hunc
3627 3464 3789 3532 igitur
3815 3479 3950 3517 cum

2335 3558 2679 3621 audierimus,
2712 3568 2765 3613 et
2789 3559 3117 3628 poenitentite
3148 3557 3407 3613 medelam
3438 3557 3749 3611 noverimus
3774 3597 3791 3618 ,
3821 3557 3951 3625 glo-

2336 3649 2467 3699 riam
2518 3648 2617 3716 ipsi
2667 3649 3093 3702 transmittamus
3126 3665 3141 3701 :
3172 3648 3296 3718 quia
3344 3648 3509 3718 ipsius
3537 3656 3620 3702 est
3664 3644 3841 3717 gloria
3892 3654 3954 3702 et

2289 3776 2298 3784 ι
2340 3739 2623 3805 imperium
2649 3739 2700 3791 in
2724 3740 2940 3793 scecula.
2968 3741 3161 3794 Amen.

2760 3926 3047 3983 ITEMQUB
3090 3926 3173 3967 DE
3229 3924 3426 3968 εΑςιιΑ
3471 3924 3681 3969 »πεπυ
3724 3925 3811 3968 ΕΤ
3859 3925 3955 3969 ΒΕ

2128 3990 2452 4044 wnrcro“.

1273 4122 1488 4163 ηοιιιιιλ
1518 4123 1589 4161 ιι.

714 4242 1172 4317 Quemadmodum
1222 4242 1354 4295 nihil
1387 4241 1604 4311 prodest
1648 4242 1711 4295 iis
1737 4242 1825 4309 qui
1854 4242 2143 4307 seminaut,
2189 4243 2233 4295 si

642 4335 795 4406 juxta
847 4334 985 4388 viam
1025 4337 1227 4387 semina
1269 4332 1466 4401 jaciant
1496 4349 1508 4385 :
1538 4333 1608 4384 ita
1655 4347 1828 4401 neque
1876 4333 2029 4387 nobis
2077 4332 2233 4401 quid-

645 4444 805 4499 quam
841 4426 1099 4497 proderit,
1141 4424 1185 4478 si
1215 4423 1501 4478 Christiani
1550 4422 1810 4485 dicamur,
1854 4423 1954 4477 nisi
1981 4439 2099 4493 qum
2143 4438 2238 4493 ap-

644 4518 919 4588 pellationi
960 4526 1157 4571 nostrae
1181 4514 1507 4570 conveniant
1544 4528 1707 4582 opera
1738 4523 2075 4582 prmstemus.
2106 4514 2237 4582 Ejus

644 4609 747 4672 rei,
786 4607 831 4661 si
876 4609 1068 4677 placet,
1094 4604 1361 4660 adhibebo
1388 4604 1491 4658 fide
1537 4604 1755 4675 dignum
1796 4614 1983 4659 testem
2015 4605 2236 4661 fratrem

645 4702 738 4757 Dei
783 4699 1042 4756 Iacobum
1085 4697 1387 4753 dicentem:
1419 4695 1574 4751 Fides
1618 4698 1725 4769 sine
1770 4697 2001 4767 operibus
2036 4708 2239 4751 mortua

643 4805 717 4850 est
747 4792 948 4868 (Iacob.
976 4792 1029 4847 2.
1062 4789 1173 4863 17).
1206 4792 1347 4861 Ergo
1371 4790 1565 4861 ubique
1595 4804 1730 4859 opus
1755 4800 1836 4845 est
1867 4791 2234 4845 mandatorum

645 4885 996 4955 Operatione:
1028 4898 1147 4937 nam
1177 4882 1263 4937 illa
1288 4882 1528 4945 absente,
1561 4896 1733 4948 neque
1752 4880 2039 4937 Christiani
2067 4883 2238 4937 nomi-

652 4978 736 5030 nis
764 4976 1050 5046 appellatio
1068 4974 1221 5031 nobis
1252 4974 1507 5045 prodesse
1539 4974 1752 5043 poterit.
1789 4973 1856 5028 Et
1895 4987 1963 5027 ne
2003 4974 2235 5028 mireris.

645 5066 785 5136 Quid
826 5066 996 5133 enim,
1034 5065 1123 5121 dic
1172 5064 1325 5129 mihi,
1370 5065 1502 5119 lucri
1546 5063 1707 5119 habet
1756 5064 1909 5119 miles
1948 5065 2156 5134 quando
2183 5065 2236 5119 iu

649 5159 888 5214 exercitu
913 5167 1015 5223 εει,
1044 5158 1146 5213 nisi
1173 5158 1361 5212 militia
1389 5156 1576 5226 dignus
1602 5157 1668 5211 sit
1686 5199 1700 5221 ,
1728 5166 1781 5211 et
1807 5172 1903 5227 pro
1929 5171 2050 5226 rege
2081 5172 2109 5211 a
2132 5172 2237 5227 quo

740 5414 937 5467 Titulus
988 5413 1038 5464 in
1096 5413 1313 5468 Colbert.
1338 5450 1351 5473 ,
1416 5414 1641 5477 Ejusdem
1673 5416 1735 5466 de
1767 5418 2047 5466 necessitate
2083 5414 2239 5466 sacris

652 5478 905 5548 assistendi
920 5476 1147 5548 collectis,
1163 5477 1339 5538 rejecto
1358 5476 1488 5548 muni
1498 5477 1851 5548 impedimento,
1869 5484 1922 5548 et
1935 5477 2240 5548 deipmniten-

649 5542 734 5595 tia.
759 5553 916 5591 sermo
937 5539 1227 5601 trigesimum
1246 5538 1512 5601 secundum
1531 5540 1876 5601 ttssprdiuem.
1912 5542 2096 5588 Initium
2122 5552 2239 5601 vero

650 5594 890 5672 sermonis
912 5605 981 5672 sic
995 5594 1148 5672 liabet
1173 5614 1184 5649 :
1208 5594 1396 5669 intecti,
1424 5600 1723 5672 nausa/ficit
1763 5615 1847 5672 nos
1884 5607 2061 5672 temere
2086 5606 2139 5672 ,ει
2162 5600 2236 5649 in-

652 5665 866 5715 consulto
887 5663 1184 5713 Christianos
1216 5662 1469 5717 nominari.
1494 5670 1558 5723 et,
1593 5662 1636 5714 Si
1661 5662 1865 5725 placeat,
1900 5662 2136 5712 adhibebo
2168 5672 2237 5711 te-

653 5734 773 5797 stem
795 5725 893 5797 ﬁde
918 5727 1120 5797 dignum
1150 5726 1354 5797 fratrem
1390 5728 1475 5777 Dei
1506 5724 1734 5777 Jacobttm
1768 5724 2003 5778 dicentem
2029 5738 2044 5775 :
2074 5724 2233 5776 t‘idcs.

651 5786 776 5839 infra
796 5786 959 5850 deest,
972 5786 1030 5840 "et
1052 5802 1110 5839 nc
1134 5788 1342 5842 mireris.

2340 4108 2521 4175 alitur,
2571 4110 2837 4165 militet“!
2880 4110 3039 4166 Forte
3080 4118 3279 4172 autem,
3334 4109 3542 4164 tametsi
3582 4109 3823 4165 terribile
3863 4120 3957 4167 est

2340 4200 2478 4269 quod
2509 4201 2721 4269 dicitur,
2764 4201 2953 4258 melius
2992 4202 3041 4257 ei
3087 4211 3203 4257 erat
3242 4218 3347 4256 non
3390 4202 3636 4264 militare,
3678 4217 3846 4271 quam
3894 4203 3955 4259 in

2339 4292 2527 4347 militia
2555 4308 2739 4348 curam
2768 4304 2823 4349 et
2856 4294 3114 4349 honorem
3161 4294 3301 4364 regis
3339 4293 3632 4365 negligere.
3662 4292 3769 4359 Qui
3794 4295 3955 4350 enim

2341 4384 2451 4439 fieri
2482 4394 2657 4454 potest
2683 4394 2744 4441 ut
2781 4401 2888 4440 non
2933 4387 3186 4456 puniatur
3216 4386 3280 4450 is,
3310 4384 3398 4455 qui
3440 4400 3470 4439 a
3513 4399 3640 4454 rege
3680 4385 3951 4453 nutritur,

2341 4491 2437 4545 pro
2479 4492 2605 4547 rege
2651 4486 2828 4533 autem
2874 4491 2982 4531 non
3030 4476 3241 4531 certat?
3287 4474 3425 4543 Quid
3475 4482 3651 4529 autem
3688 4473 3816 4529 dico
3846 4491 3958 4545 pro

2342 4570 2505 4639 rege?
2545 4570 2746 4624 utinam
2774 4570 2935 4625 etiam
2968 4585 3064 4639 pro
3108 4568 3306 4625 nostris
3329 4566 3610 4621 animabus
3638 4580 3824 4622 curam
3854 4583 3958 4640 ge.

2341 4678 2585 4717 reremus
2622 4662 2727 4717 lEt
2770 4661 3059 4732 quomodo,
3103 4662 3198 4726 ait,
3237 4659 3493 4731 possibile
3537 4660 3590 4715 in
3637 4659 3847 4714 mundo
3899 4670 3959 4717 et

2343 4754 2521 4808 medio
2550 4754 2825 4809 hominum
2867 4757 2944 4810 sic
2972 4764 3271 4809 versantem
3316 4754 3556 4809 salvari?
3598 4752 3736 4821 Quid
3778 4753 3955 4821 dicis,

2343 4845 2544 4900 homo?
2586 4836 2673 4901 Vis
2718 4847 2950 4902 breviter
2993 4846 3271 4923 ostendam
3317 4860 3424 4901 non
3471 4860 3594 4900 esse
3619 4844 3801 4899 locum
3853 4845 3956 4915 qui

2339 4938 2525 5003 salvet,
2574 4937 2667 4993 sed
2709 4954 2887 4994 mores
2908 4947 2963 4993 et
2990 4938 3314 4993 voluntatem
3339 4937 3362 4989 ἲ
3385 4936 3553 4991 Adam
3586 4936 3637 4990 in
3663 4937 3956 5006 paradiso,

2341 5042 2398 5085 ut
2427 5031 2479 5085 in
2522 5040 2675 5102 portu
2708 5032 3039 5102 naufragium
3084 5030 3209 5087 fecit
3237 5028 3389 5103 (Gen.
3418 5028 3474 5097 5)
3507 5046 3519 5081 :
3550 5028 3684 5083 Loth
3736 5029 3792 5084 in
3842 5031 3957 5087 So-

2340 5124 2513 5179 domis
2534 5126 2671 5180 sicut
2697 5126 2749 5178 in
2780 5125 2965 5194 pelago
2993 5134 3234 5177 senatus
3264 5131 3346 5177 est
3374 5120 3523 5192 (Gen.
3581 5121 3667 5190 19}
3692 5137 3705 5173 :
3732 5120 3843 5176 Job
3899 5123 3954 5177 in

2340 5226 2577 5273 stercore
2632 5218 2949 5287 justilicatus
2994 5226 3075 5270 est
3120 5212 3245 5285 (Job'
3282 5213 3339 5287 2)
3382 5214 3546 5271 :Saiil
3593 5214 3682 5269 ille
3727 5214 3785 5267 iu
3830 5213 3955 5269 the-

2341 5310 2513 5363 snuris
2566 5324 2789 5364 versans
2859 5324 3021 5377 regno
3077 5308 3326 5378 praesenti
3389 5317 3443 5359 et
3495 5306 3671 5360 futuro
3735 5307 3960 5361 excidit

2343 5400 2554 5472 (LReg.
2574 5402 2684 5471 l8).
2708 5402 2821 5457 Non
2844 5410 2927 5456 est
2946 5400 3207 5463 defensio,
3230 5400 3370 5470 quod
3404 5398 3557 5463 dicis,
3583 5397 3695 5452 Non
3718 5413 3958 5466 possum

2343 5494 2393 5546 in
2411 5493 2607 5546 mundo
2634 5493 2856 5555 versari,
2887 5503 3046 5561 atque
3078 5493 3129 5546 in
3162 5492 3339 5546 medio
3354 5490 3685 5558 negotiorum
3704 5486 3942 5543 salvari.

2344 5583 2449 5639 Sed
2482 5583 2595 5639 lucc
2622 5584 2799 5655 gravia
2827 5583 2967 5639 unde
3006 5582 3295 5637 accidunt?
3318 5580 3451 5649 Quia
3482 5581 3570 5635 alii
3595 5577 3795 5636 divinis
3822 5595 3954 5651 pro-

2407 5724 2421 5754 ¹
2452 5730 2499 5772 tu
2518 5722 2671 5777 colb..
2686 5721 2810 5784 Quid
2827 5722 2957 5772 enim
2974 5720 3101 5772 lucri
3118 5720 3255 5768 habet
3281 5715 3417 5784 miles
3438 5730 3503 5770 ex
3522 5712 3711 5779 militia,
3732 5714 3835 5768 nisi
3858 5726 3962 5777 qua

2346 5783 2519 5837 rirtute
2560 5778 2759 5837 militem
2785 5786 2921 5837 decet
2937 5798 3031 5851 pro
3055 5796 3167 5847 rege
3191 5778 3401 5832 militet?
