4164 6324
298 514 480 579 cibus,
500 512 591 569 alii
609 510 804 568 divinis
823 509 1178 567 conventibus
1205 508 1511 578 frequentes
1526 522 1633 564 non
1654 505 1854 563 adestis
1868 506 1910 559 ⁸.

300 605 504 662 Annon
551 603 748 658 videtis
783 615 879 657 eos
918 602 1010 673 qui
1036 601 1226 656 volunt
1265 598 1574 670 dignitatem
1618 613 1651 654 a
1699 605 1912 653 terreno

299 709 434 767 rege
473 693 743 764 accipere,
776 692 1048 763 quomodo
1075 690 1335 758 assident,
1372 689 1643 761 quomodo
1680 688 1815 744 alios
1840 686 1910 744 ad

299 782 751 860 patrocinandum
795 785 1039 851 incitant,
1084 790 1143 839 ut
1181 781 1454 854 potiantur
1481 796 1549 838 eo
1583 779 1727 853 quod
1762 794 1911 851 quas-

301 888 428 935 ruut
445 877 473 932 τ
498 877 628 933 Haec
666 892 770 948 ego
797 875 1044 931 dixerim.
1066 875 1133 929 ad
1180 890 1276 930 eos
1305 868 1396 944 qui
1422 872 1631 929 divinas
1658 871 1911 929 collectas

298 969 640 1039 relinquunt,
666 976 722 1023 et
741 968 843 1023 sub
868 966 1056 1022 horam
1081 964 1337 1022 terribilis
1362 972 1420 1021 et
1445 964 1685 1038 mysticae
1708 976 1911 1019 mensae

298 1059 589 1131 colloquiis
622 1067 679 1115 et
712 1058 865 1113 vanis
911 1056 1451 1113 sermocinationibus
1479 1055 1723 1126 occupati
1760 1062 1906 1109 sunt.

297 1147 443 1216 Quid
494 1148 659 1216 lacis,
715 1147 918 1203 homo?
964 1163 1070 1202 non
1122 1148 1414 1218 promisisti
1448 1146 1769 1214 sacerdoti,
1816 1141 1908 1216 qui

296 1238 459 1304 dixit,
484 1239 706 1295 Sursum
735 1248 951 1292 mentem
975 1248 1025 1293 et
1048 1239 1227 1306 corda,
1253 1245 1309 1293 et
1327 1236 1524 1303 dixisti,
1550 1235 1815 1292 Habemus
1839 1235 1909 1292 ad

296 1330 582 1386 Dominum
600 1332 626 1384 1'
655 1344 761 1385 non
798 1331 1064 1386 revereris
1093 1339 1149 1384 et
1177 1328 1473 1396 erubescis,
1509 1329 1653 1400 quod
1677 1329 1765 1384 illa
1792 1329 1907 1397 ipsa

296 1423 435 1479 hora
464 1423 695 1478 mendax
738 1422 1068 1478 inveniaris‘l
1096 1422 1291 1493 Papael
1342 1436 1526 1477 mensa
1555 1420 1780 1492 mystica
1808 1435 1910 1489 pa-

299 1524 421 1570 rata
445 1524 551 1579 est,
580 1524 636 1570 et
661 1530 831 1585 agnus
850 1515 945 1571 Dei
971 1528 1068 1584 pro
1094 1524 1146 1571 te
1176 1514 1503 1580 immolatur,
1532 1514 1784 1569 sacerdos
1806 1527 1905 1583 pro

296 1612 356 1661 te
381 1593 619 1675 angitur,
649 1605 785 1697 ignis
815 1603 1110 1673 spiritualis
1140 1619 1206 1658 ex
1252 1619 1403 1658 sacra
1438 1619 1621 1658 mensa
1651 1602 1903 1671 erumpit,

292 1694 592 1753 Cherubim
616 1694 850 1762 adstant,
878 1695 1158 1765 Seraphim
1180 1694 1458 1761 advolant,
1488 1703 1543 1750 et
1572 1694 1791 1762 spiritus
1812 1708 1903 1747 sex

292 1785 415 1842 alas
443 1786 707 1841 habentes
738 1787 929 1841 faciem
971 1794 1176 1855 tegunt,
1208 1800 1396 1841 omnes
1437 1786 1769 1854 incorporea:
1796 1786 1906 1837 vir-

294 1886 444 1933 tutes
472 1893 568 1947 pro
613 1887 664 1933 te
692 1893 813 1932 cum
858 1878 1136 1933 sacerdote
1174 1877 1513 1933 intercedunt
1540 1896 1555 1931 :
1585 1877 1721 1947 ignis
1749 1877 1907 1946 spiri-

292 1968 458 2024 tualis
491 1984 523 2024 e
568 1969 705 2024 calo
734 1969 1032 2037 descendit,
1061 1970 1281 2041 sanguis
1321 1969 1375 2024 in
1423 1980 1633 2026 cratere
1676 1970 1728 2025 in
1760 1980 1902 2025 tuam

291 2062 725 2131 puriﬁcationem
767 2077 836 2118 ex
877 2064 1220 2118 immaculato
1260 2063 1430 2118 latere
1456 2062 1656 2118 cﬂ'usus
1694 2074 1776 2117 est
1807 2080 1821 2117 :
1848 2070 1904 2117 et

291 2168 406 2207 non
434 2154 710 2209 erubescis
739 2169 802 2209 ac
846 2152 1134 2220 revereris,
1176 2170 1274 2209 nec
1313 2162 1365 2209 te
1391 2155 1554 2223 pudet
1584 2154 1636 2209 in
1678 2154 1763 2208 illa
1796 2164 1905 2210 tre-

288 2248 491 2303 menda
517 2246 649 2301 hora
678 2247 989 2302 mendacem
1022 2257 1075 2303 le
1102 2246 1472 2316 deprehendi?
1490 2247 1717 2301 Centum
1747 2261 1903 2302 sexa-

288 2337 440 2408 ginta
471 2347 595 2393 octo
615 2336 777 2392 horas
806 2336 1036 2391 habente
1066 2335 1426 2401 hebdomada,
1459 2351 1616 2390 unam
1647 2343 1704 2390 et
1730 2336 1899 2390 solam

289 2429 485 2485 horam
532 2428 635 2484 sibi
665 2428 766 2499 ipsi
814 2428 1116 2497 segregavit
1147 2428 1305 2492 Deus,
1352 2438 1405 2481 et
1449 2425 1589 2481 hanc
1638 2427 1689 2481 in
1737 2441 1900 2495 opera

288 2519 597 2585 saecularia,
639 2527 693 2574 et
734 2518 787 2573 in
822 2518 1069 2583 ridicula,
1102 2529 1157 2573 et
1203 2519 1255 2572 in
1284 2532 1417 2572 vana
1455 2519 1718 2587 colloquia
1748 2517 1897 2573 insu-

226 2610 233 2615 ’
287 2609 442 2666 mis?
485 2607 622 2664 Cum
652 2625 757 2679 qua
788 2618 969 2678 postea
999 2609 1193 2664 liducia
1232 2609 1297 2663 ad
1339 2609 1593 2681 mysteria
1634 2609 1926 2675 accedes?,

288 2710 418 2757 cum
441 2715 544 2771 qua
577 2700 779 2770 polluta
803 2701 1173 2756 conscientia?
1198 2700 1337 2755 Num
1375 2702 1419 2755 si
1456 2712 1662 2756 stercus
1692 2703 1744 2756 in
1777 2718 1892 2756 mi-

289 2790 455 2846 nibus
500 2789 752 2856 haberes,
784 2790 1015 2846 auderes
1040 2791 1352 2861 contingere
1382 2790 1648 2853 ﬁmbriam
1694 2794 1897 2848 terreni

287 2881 509 2953 rcgis’?

364 2971 434 3026 In
461 2969 790 3027 Eucharistia
818 2990 921 3028 non
950 2974 1117 3040 panis,
1150 2990 1253 3028 non
1275 2975 1447 3029 uinum
1474 2984 1567 3042 est,
1600 2976 1690 3031 sed
1713 2992 1898 3047 corpus

287 3073 343 3120 et
383 3065 593 3133 sanguis
637 3064 844 3118 Christi.
869 3064 1044 3120 —Ne
1087 3065 1238 3136 quasi
1288 3082 1476 3135 panem
1519 3067 1569 3121 id
1614 3068 1905 3137 respicias,

288 3168 399 3209 ncu
427 3154 581 3224 quasi
614 3155 799 3209 vinum
840 3156 1159 3211 existimes:
1193 3172 1364 3226 neque
1409 3157 1552 3211 enim
1600 3156 1717 3212 Ιιςυο
1760 3158 1899 3212 sicut

289 3246 488 3316 reliqui
524 3247 628 3301 cibi
661 3247 715 3301 in
745 3262 1019 3303 secessum
1050 3248 1273 3302 vadunt.
1306 3249 1462 3303 Absit
1490 3266 1504 3302 :
1550 3264 1618 3303 ne
1644 3252 1722 3304 sic
1751 3249 1899 3318 cogi-

289 3345 399 3393 tes.
451 3336 913 3406 Quemadmodum
965 3337 1108 3393 enim
1154 3353 1274 3394 cera
1331 3340 1437 3409 igni
1487 3338 1725 3406 admota,
1767 3340 1897 3393 nihil

287 3430 608 3485 substantia:
637 3432 921 3497 amittitur,
952 3431 1083 3485 nihil
1109 3434 1388 3501 superlluit
1416 3450 1430 3486 :
1457 3431 1536 3486 sic
1560 3443 1612 3487 et
1658 3432 1744 3487 hic
1771 3442 1895 3501 puta

289 3521 551 3591 mysteria
569 3522 815 3573 consumi
836 3523 1077 3590 corporis
1097 3506 1414 3576 substantia.
1442 3522 1661 3591 Propter
1676 3523 1815 3593 quod
1844 3532 1898 3578 et

289 3610 618 3665 accedentes
659 3626 727 3665 ne
769 3612 966 3679 putetis
1008 3627 1104 3667 vos
1148 3614 1390 3682 accipere
1428 3614 1664 3669 divinum
1702 3631 1898 3685 corpus

288 3714 359 3756 es
379 3700 620 3763 homine.
653 3701 746 3757 sed
776 3718 842 3757 ex
873 3703 1001 3772 ipsis
1040 3702 1321 3774 Seraphim
1368 3704 1569 3775 forcipe
1609 3708 1805 3777 ignem,
1835 3717 1894 3762 ut

290 3789 501 3845 scilicet
522 3788 688 3845 Isaias
710 3791 843 3845 vidit
873 3791 1028 3864 (Isai.
1057 3793 1137 3865 6).
1163 3794 1399 3849 divinum
1430 3810 1625 3866 c0rpus
1653 3800 1898 3868 accipere

292 3891 481 3953 putate
512 3892 605 3939 :et
647 3885 799 3953 quasi
842 3885 1025 3940 divino
1069 3897 1123 3940 et
1169 3886 1449 3955 impolluta
1490 3889 1643 3943 lateri
1697 3890 1895 3945 admoti

292 3974 471 4040 labiis,
524 3976 604 4032 sic
631 3976 854 4032 salutari
889 3978 1132 4047 sanguini
1178 3980 1575 4048 participenius.
1609 3981 1890 4049 Quocirca,

291 4063 515 4131 fratres,
547 4081 644 4120 oro
676 4081 772 4121 vos
798 4076 852 4122 et
886 4067 1134 4132 obsecro,
1169 4084 1236 4123 nc
1273 4069 1511 4124 absimus
1538 4070 1607 4124 ab
1632 4073 1895 4140 ecclesiis,

292 4173 475 4229 neque
520 4158 591 4213 ibi
635 4159 917 4230 colloquiis
944 4169 1000 4215 et
1037 4162 1332 4229 garrulitati
1375 4178 1663 4219 vacemus:
1694 4174 1897 4220 stemus

295 4257 597 4304 trementes
635 4257 691 4304 et
737 4250 930 4316 timidi,
962 4250 1211 4306 demissis
1248 4252 1438 4319 oculis,
1488 4253 1689 4308 elevata
1717 4266 1896 4311 autem

292 4339 501 4405 anima,
533 4349 811 4411 gementes
837 4342 954 4395 sine
983 4357 1133 4409 voce,
1157 4341 1446 4411 jubilantes
1487 4344 1669 4399 corde.
1703 4347 1899 4401 Annon

294 4430 497 4487 videtis
537 4447 655 4499 eos,
684 4433 777 4503 qui
820 4434 1080 4502 sensibili,
1127 4436 1479 4506 corruptibili,
1512 4438 1812 4508 temporali,
1845 4447 1901 4495 et

365 4609 381 4640 ³
403 4613 527 4678 neg.
556 4621 569 4656 :
601 4615 697 4678 non
719 4612 788 4658 est
826 4606 1041 4670 defensio
1064 4608 1194 4678 quod
1215 4607 1340 4678 dicis
1370 4608 1712 4678 :_!mpossibile
1746 4617 1815 4662 est
1844 4611 1900 4678 in

295 4668 463 4732 medio
483 4668 789 4732 negotiortan
801 4668 1086 4732 uersantem
1099 4670 1279 4721 salvari
1298 4684 1314 4727 ;
1332 4672 1418 4721 sed
1437 4668 1499 4720 ea
1519 4671 1762 4723 discamus
1778 4673 1901 4725 oriri

296 4744 366 4780 ea:
388 4729 479 4779 hoc
502 4729 630 4792 quod
654 4730 879 4793 precibus
900 4738 946 4780 et
970 4732 1242 4794 praesertim
1265 4732 1440 4783 divinis
1457 4732 1555 4783 illis
1577 4733 1788 4786 collectis
1805 4748 1900 4787 non

300 4803 546 4843 vacamus.

364 4856 387 4886 ³
410 4841 582 4918 Totum
605 4852 735 4903 hunc
758 4853 915 4903 locum
940 4841 1010 4904 sic
1031 4854 1153 4917 legit
1177 4863 1292 4918 Reg.
1318 4869 1331 4904 :
1353 4856 1537 4918 Papa!
1574 4865 1693 4907 Cum
1737 4872 1902 4913 mensa

299 4917 527 4985 mattea.
552 4921 726 4985 parata
756 4923 844 4974 est,
879 4922 926 4965 et
970 4928 1123 4979 agnus
1148 4917 1237 4966 Dei
1273 4931 1362 4985 pro
1395 4917 1439 4967 te
1462 4918 1770 4985 immolatur;
1790 4935 1901 4972 cum

300 4975 430 5039 ignis
452 4975 721 5039 spiritualis
738 4990 765 5026 ε
778 4990 931 5039 sacra
952 4975 1115 5027 mima
1131 4975 1376 5039 erumpit;
1402 4992 1513 5028 cum
1544 4982 1737 5031 adstant
1754 4975 1901 5034 ἐθνα-

302 5037 588 5150 gitimam!
609 5038 864 5088 cherubim
882 5040 1106 5107 advolant
1127 5053 1150 5109 ς.
1178 5037 1289 5110 cum
1320 5040 1518 5112 spiritus
1548 5056 1636 5092 sea:
1679 5043 1782 5095 alas
1816 5047 1903 5097 Ita-

331 5106 464 5149 entes
490 5100 664 5150 faciem
686 5105 848 5150 teaunt
867 5114 884 5150 :
906 5113 1018 5150 cum
1048 5114 1175 5150 IlI/.18
1207 5115 1259 5150 in
1286 5108 1459 5150 smrttu
1485 5104 1765 5150 descendit:
1790 5120 1900 5150 cum

331 5100 664 5170 entesfaciem
686 5105 884 5171 tegunt;
906 5113 1018 5171 στί-τη
1048 5100 1181 5171 ignis
1207 5102 1259 5151 in
1286 5100 1459 5162 spiritu
1485 5104 1732 5171 descendit
1750 5120 1900 5171 ,',cum

301 5160 503 5231 starguis
524 5160 575 5211 in
599 5160 887 5211 cratere.....
911 5160 1089 5231 emistus
1113 5170 1198 5212 est.
1228 5160 1328 5231 non
1346 5171 1390 5213 te
1415 5166 1580 5223 pudet,
1606 5178 1698 5231 non
1731 5160 1901 5219 erube-

302 5223 418 5279 scis,
444 5235 597 5287 neque
630 5234 776 5287 curas
810 5237 898 5287 pro
937 5223 981 5272 te
1010 5223 1116 5287 ipso
1154 5225 1352 5287 quidem
1390 5234 1541 5287 [tcum
1580 5226 1793 5283 placare.
1818 5244 1899 5279 ne-

304 5297 400 5353 que
424 5283 732 5353 conscientia,
755 5298 784 5353 ᾳ
807 5283 967 5353 homo,
999 5283 1044 5334 te
1079 5283 1273 5336 accusat
1296 5284 1318 5334 ἒ)
1342 5286 1470 5353 quod
1503 5288 1703 5346 scilicet,
1722 5298 1902 5353 septem

305 5344 414 5396 dies
455 5344 656 5395 habente
696 5345 1027 5403 hebdomade,
1062 5360 1208 5395 unam
1241 5360 1333 5395 non
1356 5344 1552 5397 tribuas
1594 5344 1782 5401 βαθεῖ’
1807 5360 1902 5403 toto

302 5409 477 5475 corde,
520 5406 680 5475 sedili
702 5408 789 5457 illa
805 5409 911 5471 ipsa
934 5409 1016 5475 die
1030 5408 1166 5475 panis
1192 5408 1505 5475 colloquiiset
1538 5413 1735 5475 negotiis
1759 5415 1899 5475 judi~

304 5468 511 5533 cialibus
532 5468 807 5533 indulgeas.
824 5468 888 5519 'Et
921 5469 1039 5533 quid
1078 5470 1204 5533 dico,
1240 5482 1386 5533 unum
1419 5472 1547 5533 diem
1569 5468 1796 5524 I"utinafn
1830 5477 1902 5527 rel

305 5538 405 5582 tres
428 5531 573 5581 horas
600 5530 699 5580 Deo
712 5544 823 5594 cum
838 5530 1021 5594 ardore
1040 5532 1430 5594 persolverinms!
1452 5535 1543 5582 sed
1549 5575 1561 5590 ,
1587 5548 1615 5584 ο
1637 5540 1786 5586 corda
1803 5546 1902 5588 tor-

510 5601 593 5643 aut
615 5594 771 5664 potius
792 5592 985 5664 ingrata
1001 5592 1019 5641 !
1041 5592 1188 5643 unum
1206 5602 1265 5664 let
1284 5594 1453 5664 ⁸δοῑαγῃ
1475 5595 1603 5664 diem
1626 5597 1718 5664 sibi
1740 5613 1902 5664 segre-

305 5654 437 5717 garit
459 5654 885 5723 Deugéetillamin
896 5655 1381 5723 operasaecularia...
1428 5657 1627 5723 insuatis
1649 5657 1667 5707 .'
1693 5670 1729 5709 0
1746 5654 1899 5723 homo,

308 5715 517 5783 quacum
552 5715 740 5783 ﬁducia
762 5719 827 5768 ad
860 5715 1090 5783 mysteria
1122 5725 1282 5783 postea
1306 5718 1525 5778 accedes,
1572 5728 1652 5770 aut
1698 5715 1904 5783 quacum

309 5780 599 5830 conscientia
618 5778 643 5829 ?
667 5788 807 5837 Nam,
842 5778 885 5829 si
909 5778 1078 5828 manus
1103 5778 1306 5839 pollutas
1330 5790 1411 5827 aut
1436 5788 1644 5831 stercore
1672 5778 1901 5838 contami-

309 5846 448 5892 natas
468 5841 691 5903 haberes,
716 5840 961 5907 ﬁmbriam
987 5841 1114 5905 regis
1138 5841 1343 5892 auderes
1370 5840 1639 5905 contingere
1661 5844 1687 5895 Ρ

1440 396 1529 454 DE
1568 392 2038 454 PCENITENTIA.
2079 390 2312 450 HOMlL.
2356 392 2447 453 IX.

3512 396 3618 454 M6

2019 512 2235 562 terreno
2284 507 2399 578 regi
2438 501 2697 563 assistunt
2721 500 2760 573 ί,
2790 517 2950 577 quam
2991 507 3100 564 sint
3146 506 3470 577 immobiles,
3506 526 3617 568 non

2015 596 2315 668 loquentes.
2347 612 2454 653 non
2481 598 2803 669 agitati,non
2843 599 3030 655 oculos
3073 598 3181 656 huc
3220 607 3277 656 et
3315 599 3443 657 illuc
3488 602 3618 658 mito

2016 699 2211 755 tentes,
2239 689 2335 747 sed
2375 690 2576 758 mresti,
2600 691 2839 759 demissi,
2871 691 3354 763 pertimescentesl
3378 693 3457 750 Ex
3483 694 3618 766 ipsis

2013 783 2393 840 documentum
2419 783 2662 855 accipite,
2695 798 2730 839 ο
2749 783 3018 851 homines,
3039 793 3095 841 et
3119 786 3200 841 sic
3221 786 3458 841 assistite
3479 784 3617 853 Deo,

2014 878 2177 933 veluti
2206 878 2275 934 ad
2319 886 2597 933 terrenum
2636 892 2816 948 regem
2852 877 3171 934 accedentes
3200 877 3374 936 facitis
3403 896 3417 933 :
3446 879 3617 935 multo

2014 972 2185 1042 magis
2229 972 2428 1027 caelesti
2455 972 2567 1042 regi
2609 986 2729 1027 cum
2762 970 2956 1026 timore
2996 970 3212 1028 adstare
3236 979 3469 1044 oportet.
3500 972 3617 1028 Hoc

2013 1079 2158 1136 saepe
2186 1062 2329 1130 dico,
2378 1074 2434 1120 et
2470 1064 2650 1120 dicere
2695 1078 2801 1118 non
2831 1062 3077 1129 cessabo,
3129 1062 3302 1120 donec
3339 1073 3614 1125 correctos

2013 1155 2244 1213 videam.
2299 1154 2666 1226 lngredientes
2708 1162 2886 1211 autem
2919 1154 2973 1210 in
3018 1156 3325 1223 ecclesiam,
3354 1164 3417 1211 ut
3453 1155 3614 1212 decet

2013 1247 2182 1304 Deum
2204 1246 2544 1311 accedamus,
2577 1263 2645 1303 ne
2670 1247 2920 1303 vindictae
2959 1247 3303 1318 cupiditatem
3347 1249 3402 1304 in
3428 1259 3623 1305 mente

2013 1339 2296 1403 habentes,
2324 1337 2583 1394 adversus
2609 1352 2707 1393 nos
2734 1352 3045 1408 precemur,
3086 1338 3329 1395 dicentes
3356 1356 3372 1394 :
3401 1337 3615 1395 Dimitte

2011 1430 2194 1497 nobis,
2254 1430 2388 1484 sicut
2420 1439 2499 1493 .et
2550 1446 2642 1486 nos
2698 1430 3001 1485 dimittimus
3058 1430 3366 1485 debitoribus
3426 1432 3614 1486 nostris

2013 1524 2226 1596 (Matth.
2255 1525 2307 1581 6.
2337 1523 2450 1597 12).
2488 1525 2752 1581 Terribile
2781 1527 2926 1583 enim
2956 1533 3041 1582 est
3067 1527 3189 1594 hoc,
3221 1527 3365 1598 quod
3390 1526 3610 1595 dicitur,

2010 1626 2063 1671 et
2091 1615 2260 1672 ferme
2294 1617 2373 1671 sic
2399 1615 2464 1669 ad
2494 1616 2659 1672 Deum
2687 1617 2902 1683 clamat,
2932 1617 3021 1688 qui
3052 1618 3155 1672 hoc
3187 1618 3317 1672 dicit
3344 1634 3359 1673 :
3395 1618 3606 1683 Dimisi,

2012 1709 2255 1771 Domine,
2302 1708 2545 1773 dimitte;
2597 1708 2764 1773 solvi;
2796 1708 2981 1775 solve;
3029 1709 3228 1781 ignovi,
3272 1709 3610 1780 ignosce:si

2007 1800 2227 1883 retinui,
2258 1801 2466 1865 retine;
2494 1800 2539 1855 si
2570 1815 2676 1855 non
2714 1799 2853 1855 solvi
2879 1801 3146 1871 proximo,
3180 1816 3356 1872 neque
3386 1811 3439 1856 tu
3487 1816 3609 1858 mea

2009 1891 2187 1946 solvas
2234 1902 2448 1961 peccata
2490 1908 2503 1944 :
2541 1890 2594 1946 in
2648 1906 2751 1962 qua
2798 1904 3052 1949 mensura
3102 1894 3296 1949 metior
3338 1894 3604 1964 proximo,

2006 1982 2195 2037 eadem
2221 1982 2522 2037 remeliaris
2548 1982 2699 2039 mihi.

2081 2071 2208 2127 Post
2263 2083 2479 2127 mortem
2529 2073 2661 2127 nihil
2708 2072 3266 2145 meremur.—igitur
3316 2087 3437 2129 cum
3490 2073 3605 2132 hate

2005 2162 2264 2228 sciamus,
2296 2177 2361 2218 ac
2384 2163 2525 2218 diem
2568 2163 2714 2216 illum
2757 2163 3051 2219 terribilem
3082 2164 3238 2219 nobis
3270 2176 3606 2233 reputemus,

2006 2267 2062 2310 et
2091 2253 2268 2325 ignem
2302 2255 2471 2322 illum,
2504 2265 2560 2311 et
2590 2256 2885 2312 terribilem
2919 2265 3304 2311 tormentorum
3343 2258 3517 2312 locum
3549 2259 3604 2313 in

2006 2355 2243 2401 mentem
2269 2347 2612 2416 accipiamus,
2658 2358 3033 2403 convertamus
3065 2363 3162 2403 nos
3189 2348 3239 2402 in
3266 2356 3541 2421 posterum
3573 2364 3605 2405 a
3648 2366 3651 2369 ‘

2003 2436 2088 2491 via
2118 2452 2219 2507 qua
2264 2438 2585 2493 erravimus.
2624 2438 2816 2495 Veniet
2858 2439 3002 2493 enim
3035 2439 3169 2495 hora
3199 2441 3416 2511 quando
3457 2442 3606 2497 thea-

2005 2536 2145 2582 trum
2177 2528 2300 2583 vita:
2326 2529 2485 2598 hujus
2522 2531 2780 2597 solvetur,
2826 2540 2883 2586 et
2911 2532 3088 2586 nullus
3118 2541 3303 2601 postea
3332 2517 3561 2589 certabit
3586 2550 3602 2589 :

2003 2634 2111 2674 non
2139 2628 2223 2675 est
2253 2628 2373 2690 post
2406 2620 2563 2691 hujus
2589 2621 2712 2675 vitae
2742 2621 2900 2677 linem
2930 2625 3260 2693 negotiatio:
3292 2622 3395 2678 hoc
3429 2623 3606 2679 soluto

2003 2710 2216 2766 theatro
2252 2726 2485 2767 coronas
2525 2714 2721 2768 mereri
2766 2728 2873 2769 non
2901 2713 3079 2769 datur.
3128 2715 3240 2770 Hoc
3270 2724 3481 2785 tempus
3521 2723 3606 2770 est

2002 2804 2354 2870 panitentim,
2389 2802 2519 2858 illud
2540 2802 2724 2874 judicii
2758 2821 2771 2856 :
2806 2804 2908 2859 hoc
2935 2820 3187 2875 agonum,
3224 2805 3352 2860 illud
3378 2820 3605 2861 corona-

2002 2907 2121 2947 rum
2154 2912 2166 2947 :
2202 2893 2306 2949 hoc
2349 2894 2568 2959 laboris,
2616 2893 2745 2949 illud
2774 2895 3122 2950 relaxationis
3148 2912 3161 2947 :
3189 2896 3291 2949 hoc
3325 2911 3602 2963 aerumnae,

2004 2982 2135 3038 illud
2162 2984 2549 3039 retributionis.
2576 2982 2900 3051 Excitemni,
2926 2986 3171 3051 obsecro,
3198 2985 3526 3047 excitemini,
3546 2993 3605 3040 et

2003 3090 2124 3146 qua:
2148 3074 2405 3129 dicuntur
2442 3076 2682 3130 suaviter
2715 3075 3016 3130 audiamus.
3051 3076 3294 3131 Viximus
3334 3078 3385 3130 in
3413 3091 3600 3142 Came,

2002 3167 2246 3220 vivamus
2271 3165 2495 3235 posthac
2521 3165 2575 3221 in
2614 3165 2803 3236 spiritu
2835 3185 2848 3221 :
2877 3166 3108 3222 viximus
3138 3168 3191 3222 iu
3218 3167 3600 3237 voluptatibus,

2002 3258 2246 3313 vivamus
2274 3257 2325 3311 in
2354 3258 2643 3312 virtutibus
2671 3274 2685 3311 :
2716 3259 2948 3314 viximus
2980 3260 3035 3313 in
3077 3258 3422 3329 negligentia,
3453 3259 3605 3313 viva-

2004 3361 2124 3402 mus
2162 3348 2214 3401 in
2250 3347 2579 3416 poenitentia.
2616 3348 2752 3415 Quid
2789 3350 3013 3417 superbit
3045 3360 3178 3403 terra
3226 3359 3273 3402 et
3312 3349 3439 3403 cinis
3472 3348 3602 3421 (Ec-

2002 3438 2087 3491 cli.
2114 3436 2201 3492 10.
2232 3437 2331 3509 9)?
2372 3438 2509 3506 Quid
2542 3438 2768 3502 inﬂaris,
2809 3440 3006 3494 homo?
3036 3440 3162 3507 quid
3201 3454 3457 3511 arrogans
3498 3441 3599 3497 es?

2002 3529 2129 3600 quid
2149 3544 2334 3599 speras
2352 3547 2415 3585 ex
2438 3531 2605 3601 gloria
2628 3531 2809 3586 mundi
2832 3542 2886 3587 et
2909 3531 3107 3587 divitiis
3125 3530 3513 3602 i’Egrediamur
3533 3532 3600 3589 ad

2002 3623 2268 3692 sepulcra,
2300 3623 2561 3689 obsecro;
2595 3624 2869 3679 videamus
2901 3626 2973 3680 ibi
3013 3628 3289 3697 mysteria,
3324 3625 3602 3681 videamus

2003 3715 2327 3784 discerptam
2363 3726 2629 3777 naturam,
2661 3731 2783 3772 ossa
2814 3731 3058 3783 corrosa,
3100 3733 3330 3786 corpora
3359 3715 3603 3787 putrefa-

2002 3819 2110 3863 cta.
2140 3807 2197 3863 Si
2226 3809 2441 3878 sapiens
2469 3823 2548 3871 es,
2581 3808 2894 3873 considera;
2940 3810 2984 3864 si
3027 3808 3283 3881 prudens,
3327 3809 3414 3865 dic
3445 3808 3599 3873 mihi,

2002 3900 2122 3970 quis
2170 3900 2279 3955 illic
2317 3915 2413 3955 rex
2460 3910 2515 3955 et
2544 3901 2665 3970 quis
2706 3901 2971 3971 privatus,
3014 3902 3133 3972 quis
3162 3901 3357 3957 nobilis
3402 3901 3605 3971 etquis

2002 4006 2226 4055 servus,
2280 3992 2399 4061 quis
2444 3991 2661 4060 sapiens
2699 4001 2754 4047 et
2801 3992 2922 4061 quis
2978 3991 3269 4061 insipiens?
3328 3990 3440 4048 Ubi.
3486 3991 3605 4064 pul-

2002 4081 2250 4137 chritudo
2297 4082 2407 4136 illic
2452 4082 2850 4148 adolescentiae,
2902 4082 2988 4137 ubi
3024 4084 3293 4153 gratiosus
3328 4092 3600 4153 aspectus,

2001 4174 2092 4230 ubi
2120 4175 2259 4229 oculi
2286 4174 2536 4244 speciosi,
2566 4175 2654 4229 ubi
2675 4177 2892 4246 elegans
2920 4190 3101 4239 nasus,
3128 4175 3217 4229 ubi
3247 4175 3411 4245 ignita
3437 4174 3600 4243 labia,

2002 4269 2092 4323 ubi
2124 4266 2464 4338 pulchritudo
2508 4281 2788 4338 genarum,
2833 4266 2930 4321 ubi
2961 4267 3109 4321 frons
3138 4266 3393 4320 radians?
3421 4281 3603 4321 annon

2002 4360 2183 4415 omnia
2208 4359 2387 4414 cinis?
2418 4376 2596 4414 nonne
2635 4359 2817 4414 omnia
2864 4358 3075 4427 pulvis?
3104 4373 3281 4414 nonne
3307 4359 3486 4412 omnia
3524 4356 3606 4412 fa-

2006 4454 2166 4507 villa?
2196 4467 2374 4509 nonne
2399 4453 2578 4506 omnia
2604 4452 2844 4506 vermis?
2875 4466 3055 4507 nonne
3081 4451 3261 4506 omnia
3301 4450 3526 4520 putrédo
3549 4460 3607 4506 et

2005 4544 2200 4601 fretur?
2228 4544 2355 4599 Haec
2382 4545 2562 4598 animo
2607 4553 2943 4613 reputantes,
2977 4543 3189 4609 fratres,
3222 4552 3277 4598 et
3304 4554 3603 4598 extremum

2008 4637 2150 4691 diem
2182 4637 2361 4690 animo
2395 4646 2691 4699 versantes,
2739 4634 2863 4689 dum
2911 4643 3122 4702 tempus
3169 4634 3448 4698 habemus,
3476 4648 3603 4689 con-

2004 4739 2274 4786 vertamur
2301 4745 2329 4783 a
2359 4729 2441 4783 via
2466 4736 2669 4795 nostra,
2700 4744 2803 4798 qua
2830 4728 3147 4783 erravimus.
3179 4728 3449 4797 Sanguine
3478 4744 3602 4795 pre-

2006 4824 2144 4877 tioso
2174 4821 2435 4889 redempti
2456 4835 2643 4876 sumus
2673 4821 2749 4897 (gl.
2778 4819 2923 4875 Petr.
2960 4821 3037 4889 l).
3062 4820 3289 4890 Propter
3314 4832 3383 4882 te,
3416 4820 3601 4883 homo.

2009 4914 2150 4968 Deus
2189 4929 2351 4983 super
2387 4922 2582 4967 terram
2622 4902 2771 4968 vis‘us
2816 4920 2918 4977 est,
2952 4928 3057 4967 non
3092 4913 3292 4968 habens
3328 4914 3413 4967 ubi
3444 4923 3605 4981 caput

2007 5006 2229 5061 reclinet
2274 5004 2421 5075 (Luc.
2448 5006 2501 5061 9.
2532 5005 2646 5074 58).
2682 5005 2860 5074 Papte,
2910 5022 3022 5060 rem
3068 5006 3403 5061 mirabilem!
3442 5006 3607 5075 judcx

2007 5099 2072 5152 ad
2102 5098 2331 5153 tribunal
2370 5098 2579 5152 ducitur
2626 5107 2842 5167 propter
2886 5113 3046 5153 reos:
3077 5099 3180 5152 vita
3210 5081 3456 5153 ἰηοτιοηι
3504 5114 3602 5167 gu-

2072 5278 2088 5308 ί
2121 5283 2340 5341 Beg._.....
2367 5283 2442 5325 Sic
2467 5272 2672 5341 salutari
2694 5273 2917 5341 sanguini
2939 5274 3238 5338 participare
3256 5275 3416 5341 animo
3428 5274 3608 5341 ducite,

2006 5351 2177 5402 neque,
2195 5336 2410 5394 obsecro,
2439 5336 2517 5402 ,αὑ
2543 5336 2759 5402 ecclesiis
2782 5336 3023 5395 'absim'us,
3067 5336 3217 5399 neque
3257 5337 3507 5400 colloquiis
3530 5336 3609 5389 in-

2008 5397 2306 5469 dulgeamus
2324 5411 2340 5447 :
2358 5397 2553 5469 stemus.
2571 5397 2694 5469 sicut
2718 5406 3015 5469 prazceptum
3033 5407 3119 5469 est,
3140 5397 3402 5469 trementes
3418 5409 3463 5449 ct
3486 5402 3609 5467 timi-

2009 5460 2232 5517 di.i~ultu
2272 5460 2479 5511 demisso
2502 5460 2683 5518 iniusti,
2710 5460 2759 5509 in
2782 5467 2965 5509 terram
2990 5462 3169 5515 oculos.
3193 5461 3242 5510 in
3270 5460 3443 5510 cwlum
3469 5464 3605 5510 men-

2009 5528 2104 5571 tem
2125 5524 2349 5583 ferentes.
2376 5530 2626 5583 Gemonias
2664 5522 2767 5572 sine
2806 5534 2936 5581 voce,
2976 5522 3419 5583 corrtegiubilemicv.
3452 5534 3612 5573 nonne

2008 5582 2143 5633 vides
2166 5597 2244 5633 eos
2268 5583 2349 5644 qui
2372 5582 2482 5645 huic
2507 5590 2697 5633 terreno
2718 5591 2763 5633 et
2782 5582 3087 5639 corruptibili
3102 5592 3146 5633 et
3165 5584 3417 5645 temporali
3440 5593 3485 5633 et
3499 5598 3609 5632 sen-

2007 5646 2131 5696 sibili
2164 5645 2265 5708 regi
2298 5644 2543 5693 assistunt.
2580 5645 2773 5707 Reliqua
2798 5646 2857 5694 ad
2882 5645 3027 5694 ﬁttetn
3052 5660 3209 5708 usque
3233 5647 3356 5695 adeo
3380 5646 3611 5708 uiderunt

2009 5722 2105 5757 non
2125 5719 2200 5764 re,
2219 5707 2309 5756 Sed
2327 5721 2493 5765 sensu,
2514 5717 2569 5756 ut
2594 5708 2804 5756 exscribi
2820 5709 2979 5756 omnia
3003 5707 3208 5769 Opus’sit
3233 5709 3298 5765 ei,
3335 5720 3418 5769 qtu
3443 5707 3611 5755 discri-

2009 5770 2140 5879 mime
2175 5769 2337 5879 agonia
2361 5777 2721 5832 reprtesentare
2765 5769 2916 5832 velit;
2961 5770 3093 5831 quod
3124 5783 3246 5821 sane
3285 5769 3417 5821 nullo
3443 5779 3607 5833 Operae

2012 5844 2172 5879 ω·θό
2228 5843 2352 5879 ere.

2012 5838 2172 5895 pretio
2194 5838 2352 5881 heret.
