4164 6324
258 376 354 430 δςι

1204 371 1268 425 IN
1309 369 1470 426 DIEM
1510 365 1836 423 NATALEM
1881 366 1938 418 Ι).
1983 364 2044 418 Ν.
2089 363 2252 419 JESU
2293 361 2582 418 CHRISTI.

3461 375 3567 430 ὅδ’

257 495 3564 522 NW

258 601 531 643 IIIIMILIA
575 598 638 638 IN
684 593 1068 637 SEIH’ATORIS
1113 591 1336 632 NOSTRI
1379 588 1528 630 JESU
1594 586 1843 628 CHRISTI
1912 587 2067 626 DIE.“
2136 588 2454 643 NATALEM,
2503 591 2618 643 QUI
2672 594 2919 645 QUIDEM
2983 598 3125 642 DIES
3183 600 3562 645 INCOGNITUS

336 698 552 744 suum:
600 695 756 736 ILllS
801 690 1222 742 TEMPORIBUS,
1271 689 1434 730 ANTE
1480 685 1712 728 PAUCOS
1759 684 2073 726 ADMODL‘M
2121 688 2317 730 assos
2362 690 2769 736 INNOTUERAT
2813 697 2932 738 PER
2978 699 3265 757 ALIQUOS,
3311 701 3421 754 QUI
3478 703 3561 745 ex

331 797 680 843 occwears
725 793 1062 838 venerum
1105 789 1313 841 ATQUE
1359 785 1830 830 lNDICAVERANT
1879 765 1990 845 (α).

1680 925 2102 982 arma
2237 949 2259 980 ι

325 1080 373 1130 1.
402 1077 532 1143 Quae
570 1076 677 1143 jam
704 1073 830 1126 olim
875 1068 1191 1139 patriarcha:
1235 1063 1532 1126 ardebant,
1577 1061 1851 1130 propheta:

250 1169 642 1240 pmdicebant,
673 1165 800 1233 justi
827 1174 1048 1216 cernere
1073 1158 1358 1226 cupiebant
1379 1155 1590 1223 (Matth.
1618 1153 1701 1207 15.
1730 1152 1845 1219 17),

246 1278 310 1318 ea
339 1276 589 1324 evenere,
620 1268 671 1312 et
704 1256 861 1310 finem
891 1254 1149 1307 hodierno
1173 1251 1260 1305 die
1285 1254 1608 1346 acceperit-nt
1635 1262 1648 1297 :
1671 1245 1846 1346 'De'us—

249 1370 355 1426 que
383 1368 480 1423 per
508 1365 721 1405 carnem
751 1348 801 1401 in
834 1357 974 1400 terra
1003 1345 1150 1398 visus
1177 1349 1279 1406 est,
1307 1349 1360 1394 et
1389 1352 1510 1393 cum
1543 1334 1845 1390 hominibus

243 1453 598 1498 conversatus
613 1450 698 1495 est
717 1437 944 1507 (Βαιτιεὴ
983 1437 1038 1490 5.
1057 1434 1168 1495 38).
1190 1431 1528 1488 Gaudeamus
1547 1427 1769 1498 proinde
1790 1436 1844 1480 et

241 1535 590 1598 exsultemus',
611 1531 810 1586 dilecti.
829 1529 960 1584 Nam
979 1527 1024 1582 si
1043 1527 1276 1581 Joannes
1298 1523 1536 1579 adhucin
1555 1530 1704 1575 utero
1725 1534 1842 1573 ma-

239 1637 418 1693 terno,
443 1625 607 1679 Maria
628 1620 957 1692 ingrediente
971 1618 1036 1674 ad
1060 1614 1620 1682 Elizabet,exsultavit
1639 1629 1652 1665 τ
1673 1611 1842 1666 multo

241 1719 414 1788 magis
435 1731 549 1779 nos,
574 1731 677 1770 non
699 1714 940 1780 Mariam,
959 1711 1052 1766 sed
1074 1712 1358 1781 ipsummet
1379 1709 1720 1764 Servatorem
1743 1721 1838 1808 no-

237 1823 409 1868 stmm
439 1809 600 1864 hodie
628 1817 810 1863 natum
833 1806 1243 1874 conspicientes,
1268 1802 1540 1857 exsultare
1567 1809 1620 1854 et
1642 1797 1838 1900 gaudio

233 1906 434 1977 gestire
459 1919 555 1973 par
581 1910 694 1966 est;
723 1910 778 1954 et
799 1899 1071 1969 suSpicere
1093 1906 1252 1965 atque
1275 1909 1396 1949 cum
1421 1890 1835 1994 stuporeadmi-

232 1999 341 2051 rari
361 1994 744 2050 incarnationis
760 1993 876 2060 ejus
891 1987 1333 2059 magnitudinem,
1351 1983 1498 2040 omni
1515 1983 1836 2052 cogitatione

230 2089 591 2159 superiorem.
629 2085 828 2139 Tecum
855 2083 997 2136 enim
1026 2088 1212 2148 reputa
1241 2084 1498 2147 quantum
1524 2074 1624 2139 sit,
1663 2073 1832 2128 solem

229 2197 297 2236 ex
335 2180 484 2233 caelis
521 2174 936 2231 descendentem
976 2171 1162 2226 videre
1201 2173 1256 2222 in
1298 2180 1439 2223 terra
1483 2173 1787 2221 currentem
1812 2203 1828 2228 ,

230 2273 522 2340 radiosque
550 2269 675 2322 hinc
696 2281 822 2322 suos
843 2264 1092 2319 omnibus
1113 2261 1464 2317 emittentem.
1489 2257 1642 2326 Quod
1663 2258 1708 2311 si
1726 2257 1831 2311 tale

225 2365 426 2434 aliquid
451 2364 504 2417 in
531 2360 713 2416 sensili
737 2359 829 2413 illo
847 2357 1097 2413 luminari
1114 2355 1385 2420 eveniens,
1405 2353 1596 2407 merito
1616 2364 1826 2450 omnes,

223 2461 489 2524 quotquot
515 2452 568 2506 id
595 2451 874 2515 viderent,
904 2449 955 2502 in
984 2458 1256 2517 stuporem
1277 2453 1523 2544 raperet:
1546 2440 1827 2544 considera

224 2560 370 2601 nunc
398 2543 529 2598 mihi
566 2549 619 2596 et
645 2540 913 2611 perpende
933 2581 947 2604 ,
979 2554 1138 2609 quam
1166 2538 1321 2607 longe
1349 2535 1523 2604 majus
1549 2535 1644 2598 sit,
1669 2535 1826 2602 justi-

221 2639 313 2692 tite
353 2635 526 2690 solem
568 2648 635 2686 ex
675 2644 856 2689 nostra
894 2646 1055 2687 carne
1093 2630 1274 2685 radios
1308 2643 1435 2683 suos
1473 2626 1824 2697 ejaculantem

219 2730 806 2800 aspicere,animasque
820 2736 1028 2780 nostras
1045 2724 1422 2777 illustrantem.
1441 2717 1821 2823 Desiderabam

216 2838 321 2892 ego
338 2823 449 2891 jam
475 2820 679 2890 pridem
705 2819 848 2873 diem
877 2817 1016 2870 hunc
1039 2815 1220 2869 videre
1247 2830 1262 2880 ;
1295 2815 1453 2882 idque
1477 2827 1583 2865 non
1607 2811 1818 2912 simpli-

216 2917 373 2980 citer,
403 2914 498 2968 sed
515 2927 636 2966 cum
661 2920 803 2964 tanta
834 2908 1161 2978 frequentia,
1190 2913 1387 2975 quanta
1412 2917 1553 2957 nunc
1574 2903 1771 3006 adestis
1801 2921 1814 2955 :

214 3004 619 3073 identidemque
637 3001 829 3055 intueri
855 2999 1174 3069 exoptabam
1194 2997 1458 3054 theatrum
1482 3003 1722 3095 nostrum
1745 2997 1815 3095 ita

212 3096 500 3167 compleri,
527 3091 977 3164 quemadmodum
1008 3104 1147 3144 nunc
1163 3089 1345 3143 videre
1363 3097 1463 3141 est.
1484 3087 1649 3156 Cujus
1668 3086 1812 3140 desi-

210 3189 351 3243 derii
387 3186 497 3240 mei
533 3197 741 3240 summa
770 3181 1000 3252 denique
1038 3183 1236 3237 evenit.
1282 3180 1531 3235 Nondum
1572 3179 1812 3233 decimus

209 3292 388 3332 annus
417 3285 501 3332 est
529 3292 596 3330 ex
624 3290 730 3346 quo
759 3274 846 3328 hic
873 3275 988 3342 ipse
1017 3273 1131 3328 dies
1159 3271 1442 3327 manifeste
1467 3271 1622 3325 nobis
1652 3271 1808 3324 inno-

208 3367 312 3422 tuit
341 3385 355 3420 :
383 3375 621 3421 attamen
646 3408 660 3429 ,
691 3364 914 3434 perinde
940 3379 1001 3418 ac
1027 3365 1072 3418 si
1094 3364 1203 3433 jam
1231 3363 1355 3418 olim
1385 3379 1416 3417 a
1449 3362 1629 3416 multis
1655 3363 1808 3418 annis

208 3459 366 3513 nobis
393 3457 622 3511 traditus
647 3467 808 3520 esset,
832 3456 904 3510 ita
929 3470 1087 3524 opera
1116 3465 1290 3509 vestra
1317 3455 1614 3509 celebratus
1638 3454 1806 3508 incla-

206 3553 338 3605 ruit.
373 3551 549 3616 Quare
580 3564 683 3602 non
713 3548 992 3614 erraverit,
1022 3547 1108 3617 qui
1141 3545 1388 3600 eumdem
1421 3560 1614 3600 novum
1647 3546 1803 3600 simul

206 3653 262 3696 et
307 3643 585 3710 antiquum
634 3648 903 3708 nuncupet
933 3656 946 3691 :
980 3651 1175 3690 novum
1224 3636 1436 3706 quidem
1480 3635 1622 3705 quod
1662 3651 1803 3690 nunc

205 3736 426 3789 demum
458 3733 599 3787 illius
627 3732 812 3786 notitia
838 3731 904 3785 ad
931 3745 1028 3784 nos
1056 3729 1384 3798 pervenerit;
1409 3729 1682 3797 antiquum
1711 3744 1800 3783 ve-

205 3842 265 3881 ro
293 3837 348 3880 et
376 3833 664 3889 vetustum,
688 3822 829 3892 quod
855 3822 1100 3876 celeriter
1125 3821 1502 3874 vetustioribus
1527 3829 1682 3874 :etate
1709 3836 1800 3875 ve-

206 3918 283 3971 lut
303 3931 503 3986 suppar
523 3914 760 3969 redditus
783 3915 871 3978 sit,
897 3925 944 3967 et
973 3913 1038 3966 ad
1061 3913 1301 3967 eamdem
1326 3927 1446 3967 cum
1475 3915 1605 3982 ipsis
1626 3916 1796 3968 aetatis

205 4021 516 4064 mensuram
560 4005 880 4075 pervenerit.
925 4003 992 4058 Ut
1020 4003 1162 4058 enim
1193 4019 1465 4074 generosae
1501 4013 1554 4059 et
1591 4004 1796 4059 nobiles

199 4100 398 4169 stirpes
425 4096 581 4152 simul
605 4107 764 4166 atque
793 4107 951 4151 teme
977 4096 1281 4150 inseruntur
1305 4139 1320 4161 ,
1354 4098 1514 4152 etiam
1547 4097 1796 4152 celeriter

198 4192 251 4246 in
272 4189 610 4244 altitudinem
629 4202 876 4257 magnam
893 4196 1256 4254 succrescunt,
1285 4187 1643 4259 fructibusque
1663 4205 1793 4245 one~

197 4295 385 4341 rantur
420 4301 433 4338 :
462 4299 571 4338 non
596 4283 749 4337 aliter
773 4282 859 4336 hic
883 4282 998 4336 dies
1023 4323 1037 4348 ,
1065 4297 1185 4336 cum
1217 4281 1286 4335 ab
1314 4283 1534 4337 exordio
1562 4283 1626 4337 iis
1649 4325 1663 4348 ,
1700 4285 1790 4354 qui

197 4378 248 4432 in
280 4376 574 4432 Occidente
604 4375 843 4428 habitant
865 4415 880 4440 ,
909 4373 1155 4443 cognitus
1192 4372 1390 4440 fuerit,
1419 4390 1560 4429 nunc
1588 4376 1653 4430 ad
1691 4391 1791 4431 nos

198 4468 416 4523 demum
448 4480 554 4519 non
583 4473 707 4519 ante
734 4464 930 4518 multos
955 4478 1128 4518 annos
1155 4465 1498 4518 transmissus
1523 4507 1537 4532 ,
1568 4479 1790 4536 repente

197 4560 265 4611 ita
311 4556 578 4622 increvit,
620 4538 888 4623 talemque
928 4554 1047 4608 tulit
1084 4553 1346 4620 fructum,
1390 4557 1600 4625 qualem
1649 4575 1791 4616 nunc

194 4663 420 4704 eernere
441 4647 584 4713 licet,
607 4647 771 4715 septis
794 4645 990 4700 nostris
1011 4645 1206 4716 ubique
1229 4647 1458 4713 refertis,
1485 4651 1788 4721 temploque

194 4741 450 4795 universo
488 4754 597 4807 pne
640 4736 975 4791 multitudine
1015 4738 1446 4792 concurrentium
1483 4752 1782 4808 angustato.

191 4833 310 4900 Quo
333 4840 517 4884 ve5tro
547 4839 650 4882 tam
682 4838 927 4897 prompto
960 4828 1135 4881 studio
1164 4828 1378 4897 dignum
1417 4833 1690 4897 prremium
1721 4834 1788 4888 ab

191 4940 256 4979 eo
277 4965 293 4988 ,
323 4923 414 4991 qui
447 4921 604 4975 hodie
637 4921 927 4975 secundum
957 4935 1170 4975 carnem
1203 4922 1442 4977 Chrisrus
1473 4935 1627 4979 natus
1663 4939 1746 4981 eSt
1769 4969 1784 4993 ,

189 5022 502 5079 exSpectate
526 5030 538 5066 :
565 5013 653 5066 ille
682 5011 829 5066 vobis
856 5013 994 5066 hanc
1021 5011 1347 5068 alacritatem
1375 5015 1586 5071 abunde
1609 5034 1787 5074 remu-

190 5105 509 5168 nerabitur;
556 5103 844 5157 maximum
887 5103 1148 5172 siquidem
1192 5120 1314 5175 erga
1360 5118 1539 5161 natum
1587 5113 1784 5166 amoris

190 5195 447 5248 indicium
479 5202 560 5248 est
591 5195 822 5249 studium
864 5194 1122 5249 hodierno
1152 5196 1236 5249 die
1268 5198 1581 5265 impensum.
1633 5200 1784 5268 Quod

95 5345 100 5348 _
190 5287 234 5338 si
262 5285 519 5338 nonnulla
559 5287 720 5338 etiam
756 5300 786 5338 a
820 5286 974 5340 nobis
1011 5290 1285 5342 conservis
1319 5292 1507 5345 vestris
1543 5291 1608 5345 ad
1649 5295 1784 5346 hanc

195 5389 307 5428 rem
329 5373 575 5446 facientia
605 5373 781 5428 afferri
811 5384 1072 5443 oporteat,
1099 5393 1158 5431 ea
1188 5377 1420 5433 feremus
1441 5393 1494 5434 et
1523 5397 1639 5443 nos,
1664 5399 1782 5451 quae

196 5439 522 5534 poterimus;
550 5468 632 5521 vel
656 5467 851 5535 potius,
881 5483 996 5537 qua:
1017 5468 1194 5523 divina
1220 5473 1387 5540 gratia
1409 5472 1473 5527 ad
1503 5474 1780 5531 utilitatem

251 5711 266 5741 ι
305 5709 410 5757 Duo
433 5711 538 5752 Mss.
575 5736 591 5763 ,
612 5716 704 5752 non
728 5715 1012 5765 possumus;
1049 5714 1101 5754 et
1123 5719 1253 5766 mox,
1277 5708 1591 5763 iureniamur.

253 5816 320 5865 ta;
345 5805 526 5855 (pilata
553 5816 661 5852 cum
687 5804 798 5856 Mss.
825 5808 984 5872 Regiis
1011 5807 1148 5868 1959,
1170 5810 1309 5870 2026,
1335 5814 1477 5877 2028,
1501 5819 1648 5868 Ἠῶ.

498 5888 765 5954 Pyrum"
815 5900 929 5958 Gn.
979 5901 1030 5961 Χ
1049 5901 1112 5962 LI
1129 5904 1203 5966 Χ.

1956 1061 2186 1109 vestram
2213 1055 2436 1112 dicenda
2461 1060 2688 1118 dederit.
2718 1066 2853 1133 Quid
2881 1070 3039 1138 igitur
3066 1071 3327 1129 hodierno
3350 1075 3440 1132 die
3462 1093 3558 1133 au-

1955 1142 2070 1197 dire
2099 1148 2329 1214 cupitis?
2362 1151 2486 1219 quid
2513 1155 2680 1222 aliud,
2709 1173 2868 1227 quam
2893 1161 2961 1215 de
2989 1163 3091 1218 hoc
3117 1164 3234 1234 ipso
3261 1167 3389 1223 die?
3417 1170 3552 1227 Nam
3607 1237 3610 1240 ,

1952 1235 2152 1292 multos
2173 1239 2330 1293 etiam
2354 1257 2496 1297 nunc
2518 1245 2656 1301 inter
2674 1264 2733 1302 se
2753 1250 2822 1306 de
2841 1266 2907 1306 eo
2928 1253 3043 1323 ipso
3061 1256 3361 1328 disceptare
3383 1264 3552 1332 probe

1953 1326 2076 1382 novi
2108 1347 2120 1384 :
2154 1340 2208 1385 et
2243 1331 2343 1387 hos
2377 1337 2591 1405 quidem
2633 1341 2779 1396 illum
2824 1326 3258 1418 reprehendere,
3287 1326 3423 1409 alios
3452 1356 3550 1410 de-

1949 1420 2198 1487 fendere;
2226 1428 2425 1482 multus
2455 1433 2649 1501 ubique
2675 1434 2744 1489 de
2767 1435 2866 1491 hoc
2895 1437 2980 1493 die
3009 1455 3212 1508 sermo,
3240 1447 3435 1514 partim
3464 1449 3546 1504 in-

1947 1514 2270 1580 cusantinm,
2300 1519 2449 1586 quasi
2478 1536 2646 1577 novus
2676 1525 2765 1592 sit,
2793 1542 3042 1600 nuncque
3069 1547 3258 1589 recens
3283 1537 3544 1606 invectus,

1947 1604 2140 1672 partim
2171 1608 2417 1664 eumdem
2450 1618 2897 1683 propugnantium
2921 1662 2935 1686 ,
2966 1630 3237 1692 tamquam
3267 1604 3546 1698 antiquum

1945 1709 2008 1750 ac
2035 1707 2336 1767 vetustum;
2369 1717 2489 1757 cum
2518 1715 2570 1759 et
2600 1707 2728 1761 olim
2761 1712 3085 1769 nativitatem
3123 1717 3239 1786 ejus
3271 1721 3545 1790 propheta:

1945 1787 2307 1856 praedixerint,
2331 1802 2385 1847 et
2405 1794 2514 1861 jam
2548 1797 2670 1853 inde
2696 1816 2726 1854 a
2758 1803 3051 1870 primordio
3077 1808 3145 1860 ab
3171 1787 3284 1879 ipsa
3310 1787 3540 1870 Thracia

1945 1875 2122 1932 Gades
2141 1894 2306 1950 usque
2330 1885 2684 1944 incolentibus
2707 1894 3015 1950 manifestus
3038 1908 3090 1952 et
3111 1900 3337 1957 celebris
3357 1889 3535 1961 fuerit.

1944 1967 2188 2036 Agedum
2229 1973 2387 2042 igitur
2412 2015 2427 2042 ,
2463 1976 2528 2031 de
2571 1977 2717 2035 hisce
2756 1996 3061 2060 sermonem
3091 1990 3450 2050 exordiamur.
3484 1997 3539 2052 Si

1942 2061 2086 2113 enim
2114 2060 2200 2116 hic
2228 2064 2340 2133 ipse
2363 2068 2478 2122 dies
2506 2069 2679 2126 adhuc
2707 2073 2758 2126 in
2786 2074 3171 2147 disceptatione
3196 2086 3400 2150 positus
3426 2095 3540 2142 tan-

1941 2159 1997 2206 ta
2026 2153 2192 2208 animi
2219 2158 2380 2211 vestri
2407 2163 2764 2230 propensione
2792 2165 3006 2234 fruitur,
3038 2172 3220 2242 utique
3246 2175 3290 2230 si
3318 2179 3496 2234 notior
3519 2219 3535 2245 ,

1937 2252 2096 2313 atque
2115 2247 2251 2302 adeo
2273 2251 2588 2308 manifestus
2609 2257 2818 2322 evadat,
2844 2259 2983 2315 haud
3007 2262 3167 2319 dubie
3186 2267 3345 2338 longe
3366 2271 3536 2341 majo-

1936 2351 2050 2390 rem
2075 2338 2296 2406 hujusee
2314 2343 2475 2397 studii
2496 2347 2662 2401 vestri
2682 2349 2914 2406 fructum
2937 2357 3215 2426 percipiet,
3239 2338 3533 2432 perspicui-

1935 2435 2064 2493 tate,
2088 2444 2205 2499 quce
2227 2447 2293 2486 ex
2317 2434 2417 2489 hac
2437 2435 2660 2494 docendi
2682 2444 2889 2499 ratione
2910 2458 3176 2515 nascetur,
3206 2451 3342 2509 hanc
3360 2456 3528 2524 ipsam

1933 2520 2095 2574 animi
2125 2523 2285 2579 vestri
2315 2526 2648 2585 affectionem
2675 2533 2933 2603 majorem
2971 2539 3024 2593 in
3053 2541 3203 2596 vobis
3240 2544 3528 2603 efficiente.

2006 2608 2184 2665 Tribus
2227 2615 2737 2677 demonstrationibus
2768 2627 2946 2693 probat
2985 2646 3044 2684 eo
3085 2641 3307 2702 tempore
3351 2647 3527 2693 natum

1927 2717 2035 2756 esse
2064 2703 2337 2761 Christum.
2387 2707 2661 2782 Evangelii
2699 2719 2993 2787 pradicaaio
3029 2725 3212 2791 qualis.
3243 2755 3315 2766 —
3345 2727 3530 2786 Habeo

1929 2809 2089 2855 porro
2120 2805 2226 2851 tres
2253 2798 2321 2853 ad
2349 2801 2680 2868 probandum
2708 2807 3200 2870 demonstrationes
3225 2857 3240 2881 ,
3273 2833 3369 2889 per
3392 2836 3529 2890 quas

1925 2889 2143 2944 omnino
2171 2892 2516 2961 intelligimus
2543 2897 2647 2954 hoc
2679 2901 2850 2970 ipsum
2879 2919 3000 2960 esse
3029 2917 3269 2978 tempus,
3298 2889 3524 2982 quoile-

1923 2992 2014 3032 sus
2035 2980 2280 3038 Christus
2304 2985 2559 3042 Dominus
2577 3001 2760 3047 noster
2776 3009 2839 3050 ac
2857 2995 2996 3051 Deus
3015 2998 3247 3056 Verbum
3273 2980 3330 3057 In
3348 3005 3520 3063 lucem

1921 3078 2008 3123 est
2032 3071 2222 3127 editus.
2259 3075 2493 3142 Quarum
2536 3082 2652 3135 haec
2692 3085 2861 3151 prima
2900 3097 2999 3151 est,
3051 3091 3192 3158 quod
3248 3103 3392 3149 tanta
3431 3112 3524 3152 ce-

1918 3159 2125 3216 leritate
2152 3179 2551 3234 quaquaversus
2580 3171 2681 3225 hoc
2712 3174 2903 3229 festum
2929 3176 3301 3237 denuntiatum
3331 3185 3432 3252 sit,
3464 3196 3520 3242 et

1920 3251 1989 3304 ad
2023 3259 2228 3308 tantum
2258 3253 2526 3327 fastigium
2556 3266 2854 3319 excreverit
2874 3306 2887 3329 ,
2915 3268 3156 3340 adeoque
3186 3272 3513 3333 inclaruerit.

1920 3342 1987 3396 Et
2009 3346 2149 3412 quod
2178 3345 2437 3405 Gamaliel
2464 3351 2532 3407 de
2574 3355 2950 3422 praedicatione
2974 3362 3107 3419 dixit
3137 3381 3148 3416 :
3182 3365 3444 3434 Quoniam
3469 3372 3514 3428 si

1912 3443 1996 3490 est
2032 3450 2100 3490 ex
2128 3436 2435 3496 hominibus
2457 3483 2472 3508 ,
2519 3443 2874 3515 dissolvetur;
2922 3452 2966 3505 si
2993 3469 3125 3508 vero
3158 3472 3224 3512 ex
3255 3459 3366 3515 Deo
3391 3472 3509 3530 est,

1912 3541 2016 3580 non
2046 3532 2270 3597 potestis
2301 3533 2318 3563 ⁸
2344 3522 2638 3593 dissulvere
2668 3540 2797 3595 illud
2820 3584 2834 3608 ,
2866 3559 2932 3599 ne
2962 3546 3098 3603 forte
3128 3560 3182 3604 et
3210 3551 3319 3608 Deo
3349 3570 3513 3625 repu-

1909 3631 2075 3686 gnare
2105 3621 2448 3678 inveniamini
2483 3627 2614 3698 (Act.
2642 3630 2692 3684 5.
2723 3632 2812 3687 38.
2840 3632 2930 3706 39)
2958 3654 2971 3690 :
3004 3637 3106 3694 hoc
3129 3649 3185 3696 et
3209 3658 3307 3714 ego
3337 3621 3512 3702 fiden-

1912 3719 1993 3764 ter
2018 3711 2085 3766 de
2109 3713 2198 3768 die
2222 3715 2325 3771 hoc
2347 3721 2801 3786 pronuntiaverim
2826 3746 2840 3782 :
2864 3731 3117 3796 quoniam
3139 3749 3205 3788 ex
3233 3711 3342 3792 Deo
3367 3724 3510 3797 Deus

1911 3799 2162 3864 Verbum,
2181 3815 2264 3860 est
2296 3807 2498 3864 idcirco
2526 3826 2631 3866 non
2659 3815 2833 3870 solum
2864 3833 2967 3873 non
2999 3819 3314 3880 dissolutum
3343 3843 3464 3886 esse
3488 3849 3503 3886 :

1906 3893 2029 3961 quin
2071 3897 2246 3964 petitis
2294 3914 2391 3969 per
2420 3917 2590 3958 annos
2625 3905 2864 3977 singulos
2905 3913 3076 3981 majus
3115 3915 3504 3978 incrementum

1904 3999 2118 4042 sumere
2146 3987 2536 4062 clarioremque
2570 3997 2799 4054 evadere
2828 4018 2840 4052 :
2870 4005 3124 4072 quoniam
3154 4016 3210 4062 et
3237 4008 3327 4065 illa
3361 4029 3503 4082 pra:-

1904 4076 2099 4133 dicatio
2117 4095 2407 4150 paucorum
2432 4101 2694 4144 annorum
2717 4094 2888 4161 spatio
2910 4098 3215 4157 universum
3238 4113 3502 4166 terrarum

1900 4170 2088 4226 orbem
2128 4177 2440 4244 occupavit;
2474 4194 2799 4251 quamquam
2840 4188 3194 4248 tentoriorum
3234 4197 3457 4265 opifices
3481 4242 3499 4268 ,

1901 4261 2212 4331 piscatores,
2235 4267 2505 4324 literarum
2523 4272 2683 4328 rudes
2703 4285 2756 4330 et
2779 4277 3007 4349 imperiti
3031 4261 3284 4343 homines
3295 4261 3492 4359 essent,

1899 4354 1989 4423 qui
2033 4354 2175 4410 illam
2207 4373 2612 4429 quoquoversus
2636 4366 2934 4434 perferrent
2963 4389 2977 4426 :
3009 4390 3184 4446 neque
3211 4354 3497 4452 quidquam

1898 4444 2264 4503 ministrorum
2309 4451 2485 4508 vilitas
2532 4457 2753 4522 nocuit,
2805 4475 2925 4515 cum
2972 4444 3373 4539 potentia-ejus-
3406 4479 3500 4542 qui

1898 4538 2317 4606 przedicabatur,
2350 4547 2529 4600 omnia
2559 4550 2876 4620 anticiparet
2899 4596 2914 4619 ,
2950 4538 3331 4628 impedimenta
3367 4538 3499 4622 suib-

1897 4639 2156 4697 moveret,
2189 4647 2251 4687 ac
2275 4649 2424 4691 suam
2455 4637 2564 4692 vim
2593 4655 2884 4699 exsereret.

1964 4720 2019 4775 2.
2063 4724 2237 4778 Altera
2253 4725 2632 4786 demonstratio.
2655 4732 2742 4788 Ea:
2759 4745 2981 4808 tempore
3000 4743 3352 4814 descriptionis
3366 4758 3495 4805 tem-

1903 4831 2002 4883 pus
2036 4817 2344 4873 Nativitatis
2382 4830 2547 4887 patet.
2575 4855 2638 4864 -—
2666 4825 2821 4889 Quod
2852 4829 2896 4882 si
2929 4830 3051 4899 quis
3073 4831 3214 4889 forte
3240 4839 3492 4906 pervica-

1908 4908 2038 4973 cior,
2066 4908 2168 4963 illis
2199 4926 2319 4979 quae
2345 4911 2489 4967 dicta
2526 4923 2653 4968 sunt.
2679 4932 2787 4971 non
2817 4921 3125 4990 acquiescat
3157 4944 3170 4978 :
3203 4936 3286 4982 est
3315 4930 3486 4985 altera

1902 4999 2310 5063 demonstratio,
2329 5019 2488 5072 quam
2508 5006 2816 5064 aﬂ‘eremus.
2836 5009 2967 5075 Quae
2985 5030 3114 5070 vero
3129 5016 3230 5071 ista
3243 5019 3266 5072 ?
3281 5018 3412 5085 Quae
3430 5022 3483 5076 in

1902 5085 2264 5155 descriptione
2287 5090 2394 5154 illa,
2419 5094 2574 5160 cujus
2590 5092 2876 5166 Evangelia
2901 5103 3236 5160 mentionem
3255 5107 3479 5177 faciunt,

1901 5175 2001 5229 sita
2020 5186 2120 5229 est.
2147 5177 2371 5233 Factum
2395 5194 2467 5235 est
2493 5185 2650 5250 enim,
2671 5187 2847 5255 inquit
2865 5193 3195 5262 evangelista
3223 5197 3370 5265 (Luc.
3398 5175 3476 5268 2),

1889 5275 1941 5320 in
1972 5269 2144 5323 diebus
2166 5272 2268 5326 illis
2291 5313 2307 5339 ,
2336 5280 2456 5326 exiit
2480 5280 2700 5330 edictum
2730 5296 2760 5331 a
2789 5283 2988 5335 Cazsare
3015 5289 3239 5356 Augusto
3261 5329 3276 5353 ,
3307 5301 3362 5344 ut
3399 5293 3481 5344 de-

1889 5361 2184 5416 scriberetur
2211 5366 2468 5421 universus
2495 5369 2645 5424 orbis.
2690 5370 2816 5426 Ilazc
2856 5375 3127 5446 descriptio
3160 5383 3324 5449 prima
3350 5387 3491 5454 facta

1889 5461 1960 5507 est
1987 5454 2200 5523 praeside
2237 5455 2405 5526 Syria:
2429 5458 2661 5523 Cyrenio.
2700 5461 2765 5515 Et
2790 5465 2929 5520 ibant
2968 5485 3138 5524 omnes
3157 5513 3171 5535 ,
3199 5483 3251 5524 ut
3279 5476 3477 5542 proﬁte-

1888 5553 2078 5608 rentur,
2107 5546 2294 5617 singuli
2318 5549 2368 5600 in
2390 5555 2642 5604 civitatem
2667 5571 2830 5608 suam.
2865 5558 3096 5615 Ascendit
3123 5573 3292 5618 autem
3314 5577 3360 5621 et
3384 5565 3483 5621 Ιο-

1888 5640 2010 5707 scph
2035 5656 2066 5691 a
2095 5637 2309 5695 Calilwa
2335 5642 2396 5695 de
2422 5644 2619 5698 civitate
2650 5645 2909 5704 Nazareth
2935 5654 2989 5706 in
3016 5653 3052 5706 .1
3057 5656 3255 5710 ιιάωανη
3281 5698 3296 5725 ,
3327 5660 3379 5714 in
3405 5662 3480 5713 ci-

1888 5730 2088 5783 vitatem
2126 5729 2292 5785 David
2315 5773 2330 5798 ,
2361 5749 2473 5803 qua:
2501 5747 2705 5792 vocatur
2732 5739 3022 5799 Bethlehem
3045 5788 3058 5811 ,
3092 5764 3149 5801 eo
3190 5751 3325 5819 quod
3357 5766 3481 5804 essrt

1882 5828 1949 5878 de
1985 5820 2133 5875 domo
2167 5833 2212 5876 et
2248 5823 2445 5893 familia
2490 5825 2653 5882 David
2679 5845 2699 5884 :
2725 5842 2776 5886 ut
2814 5838 3133 5906 proﬁteretur
3169 5857 3280 5894 cum
3316 5841 3482 5898 Maria

3061 5926 3136 5966 δὴ
