4164 6324
652 375 756 429 353

654 492 959 553 desponsata
997 482 1092 538 sibi
1132 494 1286 548 urere
1327 484 1633 547 prcgnante.
1672 467 1894 553 factum
1919 478 1989 525 est
2021 477 2188 522 autem
2213 508 2227 532 ,

649 595 765 636 cum
800 585 960 633 essent
997 574 1063 628 ibi
1089 614 1104 639 ,
1129 570 1318 640 impleti
1346 575 1463 622 sunt
1498 564 1604 619 dies
1630 572 1682 616 ut
1709 570 1904 634 pareret
1928 575 1948 615 :
1970 570 2016 615 et
2042 558 2231 629 peperit

651 672 814 736 ﬁlium
842 684 990 723 suum
1020 660 1401 735 primogenitum
1426 697 1441 724 ,
1467 667 1515 711 et
1557 656 1737 726 pannis
1776 668 1891 707 eum
1920 648 2153 715 involvit,
2184 656 2233 701 et

651 761 911 815 reclinavit
939 774 1049 812 eum
1086 755 1139 808 in
1178 750 1421 822 prasepio
1447 766 1465 803 :
1489 748 1609 819 quia
1637 762 1737 800 non
1771 752 1879 799 erat
1906 743 1976 797 eis
2014 742 2152 795 locus
2179 740 2233 794 in

652 851 946 906 diversorio.
974 848 1052 902 Ex
1078 846 1159 900 his
1182 845 1368 914 liquet,
1395 843 1582 911 prima:
1605 834 1974 905 descriptionis
1996 841 2235 902 tempore

656 952 839 998 natum
868 954 1008 996 esse.
1042 937 1109 992 Et
1134 936 1218 991 cui
1245 945 1453 989 veteres
1490 928 1829 985 historiarum
1867 923 2079 980 codices
2102 964 2117 989 ,
2145 923 2234 994 qui

657 1033 841 1090 Romae
866 1029 1071 1101 publice
1095 1033 1464 1087 asservantur,
1496 1018 1733 1075 lectitare
1763 1017 1957 1079 libeat,
1985 1012 2238 1084 perfacile

654 1126 817 1180 etiam
846 1131 1050 1189 tempus
1081 1118 1232 1187 hujus
1257 1111 1627 1183 descriptionis
1650 1116 1896 1163 accurate
1913 1106 2123 1162 discere
2145 1120 2237 1173 po-

656 1219 800 1274 terit.
829 1216 1095 1271 ϐιιιιετιηιι
1124 1211 1249 1279 quid
1276 1211 1375 1264 hoc
1399 1208 1463 1262 ad
1493 1219 1590 1260 nos
1615 1204 1757 1260 dicat
1783 1202 1991 1272 aliquis,
2016 1200 2107 1271 qui
2133 1200 2240 1255 illic

656 1323 830 1379 neque
858 1322 1042 1363 smnus
1069 1318 1240 1374 neque
1280 1303 1473 1356 fuimus
1502 1295 1791 1367 umquam?
1820 1294 2108 1359 Ausculta;
2141 1307 2239 1347 ne.

655 1414 761 1471 que
778 1397 1008 1462 difﬁdas,
1037 1398 1157 1466 quia
1182 1392 1371 1448 abillis
1393 1389 1483 1461 qui
1504 1396 1742 1444 exactam
1768 1386 1926 1455 hujus
1954 1384 2029 1439 rei
2056 1383 2238 1453 cogni-

657 1492 859 1546 tionem
889 1487 1083 1541 habent
1112 1485 1304 1554 quique
1334 1482 1477 1536 illam
1517 1478 1703 1534 urbem
1735 1476 2069 1539 inhabitant,
2100 1473 2242 1528 hunc

658 1582 801 1635 diem
824 1577 1125 1645 accepimus
1150 1592 1163 1629 :
1186 1588 1304 1627 nam
1331 1571 1405 1625 illi
1431 1568 1550 1638 ipsi,
1576 1568 1665 1637 qui
1690 1567 1796 1621 illic
1820 1573 2239 1629 commorantur,

659 1669 825 1726 multo
846 1677 967 1723 ante
988 1675 1042 1721 et
1060 1680 1122 1719 ex
1146 1665 1359 1731 antiqua
1382 1659 1662 1715 traditione
1687 1657 1859 1727 ipsum
1881 1654 2240 1721 celebrantes,

659 1759 726 1814 ad
757 1772 855 1812 nos
882 1771 1048 1825 usque
1078 1754 1217 1807 illius
1247 1751 1487 1805 notitiam
1518 1762 1654 1803 nunc
1681 1745 2108 1801 transmiserunt.
2140 1742 2245 1799 Ne-

660 1864 763 1920 que
801 1849 943 1904 enim
984 1844 1308 1914 evangelista
1348 1840 1660 1911 simpliciter
1689 1838 1843 1893 nobis
1876 1836 2005 1893 illud
2034 1846 2245 1906 tempus

662 1940 944 2003 iudicavit;
974 1936 1065 1991 sed
1096 1936 1188 1998 ita,
1220 1944 1278 1987 ut
1302 1932 1460 1988 etiam
1489 1947 1591 1984 una
1624 1930 1762 1984 hunc
1788 1928 1929 1984 diem
1954 1927 2107 1982 nobis
2134 1940 2246 1980 ma-

664 2032 914 2085 nifestum
943 2025 1191 2081 redderet
1217 2030 1270 2078 et
1298 2021 1630 2091 exploratum
1654 2058 1671 2085 ,
1700 2018 1899 2088 Deique
1927 2016 2249 2071 incarnatio-

664 2136 785 2175 nem
817 2120 1155 2187 patefaceret.
1192 2113 1374 2181 Neque
1402 2112 1542 2165 enim
1568 2116 1759 2178 suopte
1782 2107 2035 2177 impulsu,
2066 2116 2158 2160 aut
2180 2120 2245 2159 ex

663 2225 723 2264 se
752 2209 867 2279 ipso
897 2207 1165 2275 Augustus
1201 2202 1434 2257 edictum
1464 2200 1564 2254 hoc
1592 2197 1979 2269 promulgavit,
2012 2196 2107 2251 sed
2136 2196 2247 2251 Deo

664 2300 899 2353 animum
946 2297 1111 2365 ipsius
1154 2295 1487 2357 concitante,
1536 2298 1593 2343 ut
1631 2286 1716 2342 vel
1759 2287 1953 2343 invitus
2000 2285 2249 2342 adventui

667 2389 935 2458 Unigeniti
962 2386 1309 2441 subserviret.
1340 2387 1409 2437 At
1433 2381 1557 2451 quid
1585 2380 1720 2444 hoc,
1750 2379 1926 2449 inquis
1944 2419 1959 2443 ,
1987 2377 2052 2433 ad
2078 2378 2250 2432 incar-

666 2480 935 2535 nationem
968 2475 1348 2531 ostendendam
1374 2462 1627 2527 momenti
1650 2469 1843 2525 habet?
1866 2467 1981 2523 Non
2003 2484 2246 2539 parvum,

667 2570 878 2634 dilecte,
909 2582 1080 2637 neque
1107 2566 1275 2620 ubivis
1303 2564 1513 2618 obvium
1535 2603 1550 2627 ,
1581 2560 1675 2616 sed
1704 2575 1953 2631 magnum
1985 2559 2204 2613 omnino
2234 2576 2246 2611 :

666 2663 905 2729 adeoque
937 2674 1097 2713 unum
1124 2673 1187 2711 ex
1219 2657 1281 2710 iis
1310 2657 1408 2709 hoc
1432 2664 1545 2716 est,
1574 2668 1692 2724 quae
1718 2651 2023 2707 necessario
2050 2665 2112 2705 ac
2138 2662 2252 2704 stuc

667 2754 819 2807 diose
848 2757 1172 2819 queruntur.
1206 2745 1373 2813 Quale
1403 2742 1615 2798 tandem
1645 2742 1812 2797 illud?
1858 2740 2075 2798 Galilzea
2104 2740 2252 2811 regio

668 2840 911 2910 qumdam
940 2847 1022 2893 est
1038 2838 1365 2900 Palaestinzn;
1392 2834 1653 2889 Nazareth
1675 2843 1852 2889 autem
1878 2833 1930 2888 in
1956 2848 2015 2887 ea
2038 2832 2246 2887 civitas.

668 2934 873 2987 ltursus
896 2929 1082 2984 Judaea
1110 2928 1255 2997 regio
1281 2937 1382 2989 est,
1410 2925 1476 2979 ab
1502 2924 1764 2994 indigenis
1791 2923 1892 2979 hoc
1917 2925 2133 2979 nomine
2157 2938 2251 2978 vo-

668 3022 861 3085 citata;
894 3017 1202 3074 Bcthlehem
1225 3032 1352 3071 vero
1377 3016 1575 3070 Iudaea:
1598 3016 1807 3069 civitas.
1838 3014 2104 3069 Christum
2130 3030 2254 3084 por-

668 3128 733 3169 ro
775 3126 965 3167 omnes
1010 3109 1282 3178 [N'OpllCllL‘
1314 3107 1670 3176 praedixerant
1692 3147 1708 3174 ,
1737 3121 1843 3161 non
1873 3120 1903 3159 a
1947 3106 2205 3161 Nazarctb
2235 3147 2251 3173 ,

671 3208 765 3262 sed
794 3222 823 3259 λ
853 3204 1167 3260 Bethlehem
1199 3210 1508 3265 venturum,
1542 3201 1752 3269 illicque
1781 3198 2123 3255 nasciturum.
2179 3198 2253 3253 Ita

672 3296 814 3352 enim
860 3296 1118 3363 scriptum
1147 3304 1229 3347 est
1262 3310 1275 3347 :
1306 3289 1369 3344 Et
1400 3300 1453 3344 tu
1482 3288 1771 3344 Bethlehem
1801 3299 1936 3343 terra
1961 3289 2100 3342 Judu
2124 3329 2140 3354 ,
2169 3305 2256 3342 ne-

672 3404 919 3459 quaquam
963 3387 1173 3440 mininta
1215 3402 1265 3438 es
1301 3386 1353 3437 in
1390 3382 1697 3453 principibus
1728 3379 1890 3434 Iuda.
1938 3380 2022 3435 Ea:
2051 3392 2097 3434 te
2122 3382 2256 3435 enim

679 3482 807 3534 exiet
837 3478 961 3532 Dua:
988 3517 1003 3542 ,
1032 3479 1116 3545 qui
1140 3486 1274 3545 reget
1304 3474 1546 3545 populum
1573 3486 1738 3526 meum
1764 3470 1931 3525 Israel
1958 3469 2167 3539 (Matth.
2198 3470 2252 3526 2.

675 3572 708 3624 6
752 3587 766 3632 ;
800 3569 957 3621 Mich.
989 3569 1041 3623 5.
1072 3567 1106 3620 2
1128 3564 1168 3638 ).
1214 3566 1279 3618 Iit
1319 3563 1489 3618 Judaei
1530 3562 1656 3616 olim
1695 3565 1762 3615 ab
1792 3560 2002 3615 Herode
2031 3560 2258 3615 interro-

674 3664 802 3730 gati,
834 3661 920 3715 ubi
954 3670 1263 3714 nasceretur
1291 3655 1533 3711 Christus
1562 3694 1575 3718 ,
1606 3656 1709 3708 hoc
1735 3654 1905 3721 ipsum
1937 3653 1986 3706 ei
2016 3653 2256 3706 testimo-

676 3754 820 3805 nium
852 3751 1163 3804 retulerunt.
1213 3748 1357 3800 lianc
1385 3746 1627 3799 eamdem
1663 3742 1732 3799 ob
1760 3757 1975 3797 causam
2008 3743 2258 3811 loquente

676 3840 1000 3895 Nathanaele
1027 3838 1093 3890 ad
1123 3836 1444 3906 Philippum,
1466 3844 1747 3904 postquam
1768 3834 1817 3887 ei
1839 3833 2056 3896 dicenti,
2081 3830 2260 3884 Iesum

676 3950 708 3985 a
741 3930 1001 3984 Nazareth
1027 3928 1302 3982 invenimus
1328 3925 1501 3999 (Joan.
1538 3925 1587 3977 i.
1620 3924 1687 3977 45
1704 3923 1848 3991 47),
1878 3922 2257 3991 respondisset,

682 4026 723 4075 Α
753 4019 1013 4074 Nazareth
1042 4028 1204 4088 potest
1232 4016 1423 4086 aliquid
1453 4015 1567 4067 boui
1605 4013 1754 4067 esse?
1781 4014 2024 4067 Christus
2049 4012 2116 4066 de
2146 4013 2261 4082 ipso

681 4112 756 4165 ait
784 4132 797 4165 ;
826 4109 957 4163 Ecce
984 4124 1093 4162 vere
1118 4107 1353 4161 Israelita
1380 4147 1394 4171 ,
1418 4107 1477 4159 in
1511 4121 1609 4175 quo
1650 4104 1795 4157 dolus
1823 4120 1923 4156 non
1961 4112 2051 4155 est.
2101 4100 2263 4171 Cujus

680 4211 855 4257 autem
891 4202 967 4255 rei
993 4201 1159 4270 gratia
1188 4200 1357 4267 ipsum
1388 4198 1461 4250 ita
1490 4194 1919 4250 commendavit?
1945 4193 2096 4259 Quod
2128 4210 2265 4246 nun-

682 4294 758 4348 tio
787 4296 874 4348 illo
914 4292 1138 4360 Philippi
1181 4305 1285 4343 non
1334 4290 1573 4358 protinus
1615 4286 1773 4340 fuerit
1814 4286 2065 4352 abreptus
2098 4301 2110 4334 :
2142 4299 2264 4337 nam

682 4384 967 4439 manifeste
991 4386 1250 4452 planeque
1270 4380 1492 4443 sciebat,
1521 4393 1691 4447 neque
1714 4379 1767 4430 in
1786 4374 2069 4440 Nazaretb,
2094 4390 2267 4445 neque

682 4478 736 4532 in
767 4477 982 4532 Galilaia
1008 4474 1274 4529 Christum
1300 4470 1447 4525 nasci
1477 4470 1697 4534 debere,
1724 4466 1818 4522 sed
1849 4467 1901 4520 in
1927 4465 2111 4520 Judaza
2137 4476 2189 4519 et
2215 4466 2266 4518 in

682 4568 997 4625 Bethlehem
1023 4584 1035 4618 :
1060 4565 1200 4634 quod
1226 4576 1279 4618 et
1302 4565 1370 4616 ita
1394 4562 1587 4615 factum
1612 4559 1798 4612 fuerat.
1828 4555 2267 4625 Quandoquidem

684 4678 814 4731 ergo
842 4660 1141 4727 Philippum
1174 4655 1226 4709 id
1254 4654 1449 4707 latebat
1473 4695 1487 4720 ,
1517 4650 1809 4707 Nathanael
1846 4659 2022 4703 autem
2050 4664 2146 4718 pro
2171 4664 2267 4717 pe-

685 4754 805 4808 ritia
830 4766 989 4820 quam
1018 4748 1147 4818 legis
1178 4747 1439 4808 habebat,
1468 4760 1587 4797 cum
1621 4743 1780 4795 sciret
1808 4757 1869 4796 ea
1895 4783 1909 4807 ,
1939 4758 2056 4811 quae
2085 4757 2112 4792 a
2143 4756 2270 4810 pro-

687 4843 865 4913 phetis
892 4841 1030 4895 dicta
1060 4847 1266 4904 essent,
1298 4851 1613 4905 re5p0nsum
1644 4834 1892 4887 vaticinia
1921 4834 2165 4901 superius
2194 4832 2272 4885 al-

689 4934 796 4987 lato
832 4940 1250 4985 consentaneum
1285 4927 1481 4991 dabat,
1512 4944 1541 4980 a
1571 4924 1833 4980 Nazm‘eth
1866 4922 2133 4978 Christum
2164 4940 2270 4979 non

690 5038 968 5081 venturum
1018 5045 1029 5078 :
1066 5035 1356 5096 prepterea
1402 5025 1562 5079 etiam
1608 5024 1776 5092 inquit
1822 5022 2108 5077 Christus:
2145 5022 2273 5078 Ecce

690 5134 801 5172 vere
846 5116 1081 5171 Israelita
1109 5157 1123 5182 ,
1154 5118 1211 5169 in
1252 5132 1350 5186 quo
1392 5114 1537 5169 dolus
1583 5130 1681 5166 non
1725 5123 1814 5165 est.
1866 5113 1974 5167 Hac
2017 5115 2175 5167 etiam
2206 5114 2274 5169 de

690 5212 851 5265 causa
870 5208 1083 5277 quidam
1101 5208 1403 5262 Judaeorum
1415 5205 1704 5260 Nicodemo
1720 5204 1991 5258 dicebant:
2013 5205 2267 5271 Scrutare,

691 5312 735 5354 et
764 5302 876 5354 vide
904 5302 1022 5369 quia
1049 5316 1075 5351 e
1101 5298 1314 5352 Galilaza
1356 5298 1599 5367 prapheta
1628 5312 1727 5351 non
1743 5296 1999 5348 excitatur
2019 5282 2196 5364 (Joa‘u.
2221 5296 2271 5349 7.

692 5393 805 5458 5'2).
840 5392 905 5444 Et
934 5406 1118 5459 rursus
1149 5407 1160 5442 :
1197 5388 1382 5443 Nonne
1406 5406 1435 5440 a
1462 5387 1753 5441 Bethlehem
1795 5387 2003 5439 castello
2023 5426 2036 5453 ,
2061 5390 2143 5439 ubi
2170 5397 2290 5439 erat-

694 5485 886 5550 Ilavid,
914 5483 1145 5537 Christus
1172 5481 1299 5534 venit
1326 5481 1374 5551 (Ι
1382 5482 1483 5535 bid.
1516 5481 1609 5551 42)
1632 5480 1654 5533 ?
1681 5482 1853 5548 Atque
1880 5478 2013 5531 adeo
2039 5494 2274 5532 commu-

695 5579 777 5631 nis
808 5575 1043 5629 mnnium
1094 5574 1354 5628 sententia
1392 5582 1509 5627 erat
1531 5614 1545 5637 ,
1576 5572 1715 5625 haud
1746 5571 1907 5625 dubie
1947 5572 2090 5624 illinc
2112 5613 2128 5638 ,
2171 5588 2273 5624 non

696 5682 871 5724 autem
900 5684 933 5722 a
960 5668 1174 5723 Galilwa
1198 5706 1213 5731 ,
1247 5676 1527 5719 venturum
1556 5680 1693 5720 esse.

769 5763 882 5829 Qua
909 5762 1169 5817 occasione
1197 5758 1422 5815 Christus
1448 5769 1595 5813 natus
1620 5760 1672 5812 in
1712 5752 2277 5823 Bethlehem.—-—ltaque

1380 362 1435 418 Β.
1476 356 1749 417 JOANNIS
1784 352 2256 412 CIIRYSOS'I'OMI
2296 352 2614 411 ARClllEP.
2655 352 3190 411 CONSTANTINOP.

3821 347 3925 403 355

2336 484 2459 525 cum
2504 462 2701 539 Joscph
2749 477 2803 524 et
2848 460 3033 535 Maria,
3081 469 3227 522 cives
3266 463 3689 530 Bcthlehemittc,
3742 464 3930 519 relicta

2338 561 2505 631 patria
2532 560 2585 614 in
2614 559 2873 615 Nazareth
2904 559 3065 613 vitam
3113 572 3262 613 suam
3309 557 3680 621 instituissent,
3729 566 3787 612 et
3825 557 3934 612 illic

2336 660 2815 719 commorarentur,
2846 660 2903 705 ut
2944 650 3190 705 videlicet
3231 664 3374 719 saepe
3400 650 3579 705 multis
3624 648 3935 703 hominibus

2338 757 2437 796 usu
2465 742 2649 796 venire
2672 740 2830 807 solet,
2859 741 2947 810 qui
2978 755 3009 795 e
3036 740 3363 805 civitatibus,
3393 738 3537 794 unde
3557 749 3736 793 ortum
3766 738 3932 794 duxe-

2341 840 2479 897 rant,
2510 831 2855 901 emigrantes,
2882 830 2935 884 in
2971 830 3088 885 aliis
3120 830 3171 884 in
3200 829 3399 899 quibus
3414 829 3480 884 ab
3506 828 3660 884 initio
3681 829 3793 883 nati
3820 844 3926 883 non

2341 921 2568 988 fuerant,
2590 931 3015 986 commoremur;
3048 927 3431 993 oporteretque
3450 918 3724 974 Christum
3744 921 3797 974 in
3824 920 3929 975 Be-

2343 1013 2576 1068 thlehem
2610 1013 2754 1067 nasci
2779 1030 2792 1065 :
2816 1013 2946 1067 exiit
2975 1012 3231 1077 edictum,
3263 1011 3429 1081 quod,
3449 1012 3559 1067 Deo
3585 1014 3658 1066 ita
3686 1021 3932 1067 statuen-

2343 1113 2415 1169 te,
2445 1105 2605 1158 etiam
2637 1104 2829 1160 invitos
2860 1103 3003 1158 illam
3052 1104 3107 1159 in
3136 1103 3319 1159 urbem
3348 1104 3623 1175 compulit.
3654 1103 3768 1158 Lex
3792 1102 3934 1158 enim

2341 1210 2459 1265 qua:
2481 1194 2703 1264 jubebat
2727 1209 3159 1264 unumquemque
3186 1195 3239 1249 in
3260 1196 3427 1264 patria
3457 1208 3552 1249 sua
3582 1208 3782 1249 nomen
3811 1208 3936 1264 pro-

2345 1287 2503 1353 iiteri,
2524 1286 2701 1357 adegit
2729 1301 2823 1343 eos
2851 1301 2881 1340 a
2912 1285 3173 1341 Nazareth
3198 1286 3389 1355 pedem
3410 1284 3601 1342 efferre
3616 1295 3674 1341 et
3699 1287 3751 1341 in
3770 1285 3936 1341 Beth-

2345 1379 2518 1434 lehem
2570 1379 2747 1435 redire
2773 1379 2839 1434 ad
2878 1394 3074 1435 nomen
3130 1380 3239 1435 illic
3280 1374 3448 1433 suum
3497 1378 3937 1434 describendum.

2346 1472 2457 1528 iioc
2486 1488 2613 1543 ergo
2654 1472 2997 1528 subindicans
3033 1471 3359 1542 evangelista
3398 1471 3472 1526 ait
3500 1489 3514 1524 :
3542 1470 3789 1525 Ascendit
3823 1487 3940 1542 ergo

2344 1565 2535 1635 Ioseph
2579 1584 2610 1620 a
2650 1566 2865 1621 Gali/tea
2900 1582 2962 1620 es
2992 1566 3191 1620 civitate
3227 1564 3489 1619 Nazareth
3517 1565 3568 1618 in
3595 1561 3861 1629 Indicant,
3890 1563 3941 1617 in

2346 1660 2595 1713 civitatem
2633 1658 2818 1727 Dauid,
2854 1676 2967 1732 qui}:
2993 1668 3195 1714 uocatur
3221 1657 3535 1723 Bethlehem,
3557 1672 3614 1710 eo
3642 1654 3779 1726 quod
3815 1664 3946 1709 esset

2347 1751 2411 1805 tle
2438 1751 2588 1804 domo
2621 1758 2667 1805 et
2710 1751 2908 1819 familia
2937 1748 3105 1804 David
3136 1765 3155 1804 :
3183 1758 3237 1803 ut
3280 1750 3600 1819 proﬁteretur
3626 1763 3746 1801 cum
3776 1746 3947 1800 Neria

2350 1844 2656 1913 desponsata
2679 1844 2775 1897 sibi
2794 1860 2951 1897 mre
2966 1852 3277 1913 prwgnante.
3301 1840 3518 1896 Factum
3537 1852 3608 1896 est
3622 1850 3812 1906 autent,
3831 1856 3948 1895 cum

2348 1947 2508 1991 essent
2532 1937 2621 2004 ibi,
2646 1937 2841 2008 impleti
2864 1946 2979 1991 sunt
3005 1938 3131 2003 dies,
3154 1947 3210 1991 ut
3232 1947 3444 2005 pareret,
3491 1947 3539 1991 et
3563 1937 3761 2007 peperit
3783 1936 3948 2006 ﬁliuni

2351 2045 2499 2081 suum
2530 2028 2918 2101 primogenitum
2945 2027 3094 2097 (Luc.
3124 2026 3179 2081 3.
3204 2028 3349 2098 4-7).

2422 2122 2476 2175 ὅ.
2508 2121 2731 2189 Vidisti,
2760 2120 2976 2185 dilecte,
3007 2120 3374 2190 providentem
3400 2119 3495 2175 Del
3530 2119 3949 2174 administratio-

2351 2226 2496 2273 nem,
2527 2227 2623 2281 per
2667 2211 2911 2266 inﬁdeles
2949 2221 3109 2281 atque
3140 2210 3321 2266 fideles
3347 2226 3411 2266 ea
3439 2225 3559 2281 quze
3599 2210 3666 2264 ad
3698 2225 3758 2265 se
3788 2211 3951 2280 perti-

2350 2310 2480 2356 nent
2507 2301 2866 2371 dispensantis
2898 2319 2912 2355 :
2946 2315 3137 2371 nempe
3167 2310 3225 2355 ut
3244 2302 3350 2355 vim
3381 2301 3782 2371 potentiamque
3809 2302 3950 2370 ejus,

2352 2392 2499 2460 quia
2531 2406 2662 2446 vero
2706 2391 2875 2460 ipsius
2911 2393 3053 2446 cultu
3101 2392 3261 2447 alieni
3316 2400 3461 2457 sunt,
3512 2400 3832 2461 agnoscant.
3882 2390 3951 2446 Et

2354 2482 2505 2537 stella
2530 2481 2743 2552 quidem
2775 2495 2957 2553 magos
2994 2482 3063 2536 ab
3088 2481 3307 2538 Oriente
3350 2482 3595 2552 perduxit
3637 2481 3871 2552 (Matth.
3894 2482 3949 2537 2.

2356 2573 2409 2628 l.
2442 2584 2488 2627 et
2515 2572 2573 2645 2)
2598 2591 2613 2640 ;
2640 2584 2695 2629 at
2720 2574 2808 2629 lex
2838 2574 3056 2629 Mariam
3088 2575 3139 2628 in
3174 2574 3399 2643 patriam
3429 2589 3460 2628 a
3488 2573 3768 2644 prophetis
3814 2590 3954 2645 prte-

2355 2661 2547 2716 dictam
2605 2664 2781 2717 traxit.
2828 2663 2962 2719 ilinc
3000 2663 3153 2719 nobis
3215 2663 3492 2719 evidenter
3535 2674 3749 2719 constat
3796 2666 3956 2721 etiam

2355 2749 2626 2819 Virginem
2652 2751 2819 2821 ipsam
2847 2768 2911 2807 ex
2941 2768 3137 2822 genere
3166 2752 3417 2807 Davidico
3444 2752 3623 2808 fuisse.
3659 2754 3798 2808 Nam
3827 2754 3873 2808 si
3890 2770 3956 2810 ex

2357 2841 2665 2896 Bethlehem
2693 2852 2869 2896 ortum
2895 2842 3063 2909 duxit,
3099 2845 3443 2898 manilestum
3473 2853 3584 2908 est,
3613 2843 3761 2914 quod
3790 2846 3952 2900 etiam

2355 2945 2426 2985 ex
2454 2932 2616 2986 domo
2639 2940 2693 2985 et
2719 2930 2914 2986 familia
2946 2932 3110 2987 David
3149 2932 3329 2988 fuerit.
3360 2933 3515 2999 Quod
3544 2934 3671 2989 item
3703 2938 3953 3005 superius

2357 3022 2640 3077 manifeste
2669 3024 2850 3077 docuit
2878 3025 3222 3094 evangelista,
3263 3041 3384 3080 cum
3410 3024 3565 3091 dixit,
3594 3025 3839 3080 Ascendit
3863 3044 3960 3081 uu-

2358 3124 2455 3167 tem
2481 3123 2528 3167 et
2557 3112 2748 3183 Ioseph
2778 3131 2840 3169 ea:
2870 3112 3085 3169 Galiltea
3113 3132 3229 3169 cum
3258 3115 3454 3184 Maria,
3482 3133 3539 3170 eo
3564 3119 3699 3184 quod
3742 3129 3875 3173 esset
3903 3135 3962 3172 e3

2358 3204 2507 3259 domo
2544 3215 2590 3259 et
2628 3206 2827 3276 familia
2868 3204 3035 3259 Dauid
3066 3205 3217 3277 (Luc.
3246 3207 3300 3260 Ξ.
3328 3208 3405 3279 4).
3451 3207 3584 3261 Nam
3611 3204 3737 3263 cum
3766 3210 3962 3264 seriem

2358 3298 2538 3366 stirpis
2590 3297 2787 3367 Ioseph
2832 3298 3223 3364 recensuisset,
3273 3298 3434 3370 hujus
3487 3310 3670 3354 autem
3722 3302 3964 3370 majores

2359 3403 2518 3443 nemo
2562 3397 2618 3442 ut
2664 3388 2803 3442 illius
2849 3398 3261 3457 enumerasset,
3309 3405 3379 3445 ne
3425 3390 3549 3445 hinc
3586 3390 3681 3445 tibi
3736 3390 3959 3445 dubita-

2362 3479 2436 3532 tio
2464 3480 2713 3543 oriretur,
2764 3496 2827 3534 ac
2863 3479 3088 3546 diceres,
3139 3479 3278 3535 unde
3318 3494 3449 3550 ergo
3488 3479 3775 3536 manifeste
3821 3492 3965 3551 patet

2361 3571 2521 3625 etiam
2549 3572 2717 3638 ipsam
2740 3583 2771 3624 e
2797 3568 2961 3623 David
2990 3580 3163 3624 ortam
3184 3569 3209 3621 ἲ
3230 3568 3439 3626 audies.
3467 3568 3535 3623 In
3556 3585 3747 3635 mense,
3772 3572 3964 3641 inquit,

2361 3674 2502 3717 sexto
2546 3662 2727 3716 missus
2773 3673 2848 3716 est
2892 3665 3100 3733 angelus
3144 3661 3352 3717 Gabriel
3394 3680 3427 3715 a
3455 3661 3563 3716 Deo
3606 3665 3659 3717 in
3704 3664 3962 3719 civitatein

2364 3754 2616 3822 Galiltm’,
2654 3756 2738 3809 cui
2781 3773 2961 3810 nomen
2992 3755 3274 3822 Nazareth,
3307 3757 3374 3809 ad
3403 3756 3646 3827 virginem
3686 3758 3963 3826 desponsa-

2362 3857 2465 3901 tam
2509 3849 2635 3914 uiro,
2686 3849 2767 3901 cui
2813 3865 2994 3902 nomen
3045 3860 3151 3901 erat
3200 3847 3412 3917 Ioseph,
3482 3849 3545 3900 de
3596 3848 3745 3900 domo
3796 3847 3963 3902 David

2365 3940 2538 4011 (Luc.
2588 3941 2640 3993 1.
2689 3940 2779 3995 26.
2825 3940 2892 3994 27
2923 3942 2961 4011 ).
3016 3941 3147 4005 Quae
3199 3938 3389 4003 verba,
3444 3939 3507 3992 de
3553 3939 3704 3993 domo
3758 3938 3963 4003 Dauid,

2365 4030 2672 4100 accipienda
2701 4040 2827 4084 sunt
2870 4039 3137 4101 tamquam
3164 4028 3233 4085 de
3274 4030 3487 4099 Virgine
3525 4030 3689 4096 dicta,
3736 4030 3883 4100 quod
3911 4039 3962 4084 et

2369 4124 2456 4178 hic
2484 4122 2763 4179 manileste
2792 4122 3077 4177 indicatum
3108 4133 3210 4177 est.
3244 4124 3419 4191 Atque
3447 4120 3547 4175 hac
3572 4122 3639 4175 de
3668 4137 3831 4175 causa
3854 4121 3964 4175 edi-

2372 4223 2515 4268 ctum
2546 4224 2600 4268 et
2626 4214 2709 4268 lex
2742 4214 2829 4268 illa
2861 4215 3191 4284 promulgata
3223 4211 3341 4278 fuit,
3387 4229 3506 4283 quae
3531 4227 3624 4268 eos
3652 4212 3707 4265 in
3749 4213 3965 4268 Bethle-

2371 4303 2494 4358 hem
2539 4304 2798 4358 duceret:
2828 4304 2984 4359 simul
3018 4315 3181 4373 atque
3220 4304 3362 4358 enim
3388 4304 3440 4357 in
3471 4304 3740 4357 civitatem
3784 4318 3960 4358 ascen-

2373 4394 2599 4459 dissent,
2630 4396 2910 4451 confestim
2952 4397 3110 4450 etiam
3154 4395 3310 4450 Iesus
3340 4396 3577 4451 nascitur
3606 4411 3621 4448 :
3652 4409 3716 4449 ac
3746 4396 3972 4464 proinde

2373 4489 2530 4543 etiam
2564 4489 2616 4542 in
2669 4489 2894 4557 praisepi
2923 4488 3251 4551 reciinatur;
3280 4486 3421 4557 quod
3465 4486 3698 4556 undique
3726 4486 3886 4541 multi
3912 4502 3975 4541 eo

2376 4580 2793 4646 concurrissent,
2846 4589 2900 4634 et
2943 4580 3057 4634 loca
3103 4589 3591 4648 praeoccupassent,
3640 4592 3969 4648 magnasque

2375 4670 2671 4725 divertendi
2715 4671 2985 4741 angustias
3031 4670 3336 4725 eliecissent
3364 4688 3375 4722 :
3404 4685 3510 4739 quo
3552 4669 3605 4722 in
3650 4669 3773 4722 loco
3814 4674 3973 4723 etiam

2379 4766 2517 4833 magi
2550 4765 2699 4818 illum
2738 4764 3116 4818 adoraverunt.
3147 4761 3213 4817 Ut
3241 4772 3418 4815 autem
3450 4761 3696 4829 (hujusce
3724 4762 3855 4829 diei)
3895 4760 3974 4814 di-

2378 4854 2688 4908 lucidiorem
2717 4853 2892 4907 adhuc
2914 4852 3424 4905 demonstrationem
3454 4848 3757 4913 exhibeant,
3788 4852 3973 4903 vestris

2384 4959 2593 4998 mecum
2620 4943 2890 5013 adsurgite
2918 4942 3110 4996 animis
3134 4958 3149 5006 ;
3181 4956 3302 4995 nam
3331 4941 3623 5010 longiorem
3649 4954 3835 4994 rerum
3866 4956 3971 4994 me-

2379 5037 2604 5089 moriam
2649 5035 2884 5088 excitare
2912 5040 2968 5086 et
3014 5031 3217 5100 priscas
3259 5030 3402 5100 leges
3444 5030 3669 5084 recitare
3710 5031 3894 5093 statui,
3924 5039 3972 5084 ut

2380 5145 2444 5184 ex
2473 5129 2615 5182 omni
2649 5138 2799 5196 parte
2842 5126 2991 5181 vobis
3028 5126 3324 5180 orationem
3369 5132 3607 5177 nostram
3648 5121 3974 5177 manifestio-

2380 5236 2493 5274 rem
2522 5218 2762 5273 reddam.

2452 5314 2561 5369 Lex
2588 5314 2887 5367 Judworum
2910 5313 3140 5383 quaedam
3160 5312 3466 5379 antiqua.—
3486 5309 3593 5363 Lex
3616 5318 3733 5362 erat
3758 5309 3972 5374 Iudaeis,

2381 5422 2551 5476 eaque
2597 5410 2910 5475 perantiqua
2939 5421 2953 5457 :
2986 5404 3078 5458 sed
3109 5418 3228 5473 age,
3259 5399 3435 5471 potius
3476 5400 3637 5471 paulo
3676 5399 3843 5453 altius
3869 5415 3972 5454 ser-

2386 5514 2596 5553 monem
2626 5509 2949 5567 repetamus.
2974 5496 3091 5563 Quo
3115 5506 3355 5563 tempore
3375 5494 3441 5547 ab
3457 5492 3793 5564 JEgyptiacis
3816 5492 3976 5546 turbis

2384 5600 2439 5643 et
2463 5590 2686 5644 barbara
2715 5589 3006 5643 Pharaonis
3035 5584 3314 5657 tyrannide
3344 5583 3691 5638 Hebrmornm
3727 5583 3971 5650 populum

2389 5682 2528 5734 Deus
2572 5680 2853 5745 liberavit;
2887 5678 3071 5736 videns
3098 5679 3241 5746 ipsos
3283 5674 3567 5743 impietatis
3593 5673 3772 5726 adhuc
3802 5686 3971 5727 secum

2388 5773 2637 5842 reliquias
2664 5775 2889 5841 habere,
2927 5774 3191 5841 rebusque
3231 5766 3480 5822 omnibus
3506 5766 3607 5821 sub
3650 5780 3971 5821 sensuch-
