4164 6324
665 375 773 431 355
1373 375 1429 428 S.
1470 375 1590 430 .IOA
1600 374 1686 428 NN
1695 375 1754 429 IS
1790 374 2250 432 CHRYSOSTOM

2355 377 2642 436 MCIIIEP.
2683 381 3233 440 CONSTANTINOP.
3838 385 3933 438 556

662 505 782 550 τας,
817 487 1104 542 ἐκέλευσεν
1152 489 1333 552 αὐτοῖς
1395 487 1817 560 οἰκοδομηθῆναι
1851 490 1998 552 ναὸν,
2026 491 2149 559 οὐχὶ
2175 490 2240 560 τῇ

665 572 978 641 πολυτελείᾳ
1033 571 1133 639 τῆς
1175 564 1305 640 ῦλης
1344 571 1524 640 μόνον,
1571 573 1692 626 ούδέ
1757 577 1822 645 τῇ
1879 573 2121 644 ποικιλίᾳ
2145 571 2245 641 τῆς

665 653 876 724 τέχνης,
918 654 1054 706 άλλά
1097 654 1188 706 καὶ
1221 653 1298 724 τῷ
1342 655 1584 724 σχήματι
1636 659 1736 719 τῆς
1783 656 2071 726 οἰκοδομῆς
2112 655 2246 708 πάν-

663 754 760 801 τας
790 738 916 800 τοὺς
944 739 1002 790 ἐν
1047 740 1112 806 τῇ
1158 739 1228 807 γῇ
1267 740 1424 800 ναοὺς
1467 740 1908 810 ἀποκρύπτοντα.
1937 739 2048 792 Καὶ
2075 738 2246 793 καθά-

665 838 771 890 περ
800 819 983 891 πατὴρ
1018 822 1373 892 φιλόστοργος
1401 822 1487 875 διὰ
1521 823 1719 876 πολλοῦ
1761 823 1957 894 χρόνου
2005 822 2098 874 τὸν
2130 822 2245 876 υίὸν

663 905 754 957 τὸν
809 905 1004 958 ἑαυτοῦ
1043 907 1262 974 μιαροῖς
1311 904 1623 974 ἀνθρώποις
1671 905 1770 958 καὶ
1830 905 2093 976 φθορεῦσι
2150 906 2246 959 καὶ

663 990 896 1052 ἀσώτοις
935 989 1455 1061 συναναστραφέντα
1479 991 1573 1042 καὶ
1617 989 1820 1059 πολλῆς
1861 988 2245 1042 ἀπολαύσαντα

662 1073 873 1146 τρυφῆς
902 1070 1104 1135 λαϐὼν,
1142 1073 1282 1142 μετά
1312 1073 1614 1140 ἀσφαλείας
1645 1074 1741 1127 καὶ
1784 1073 2115 1143 σεμνότητος
2150 1074 2246 1126 ἐπὶ

663 1157 868 1211 πλείονι
923 1156 1246 1226 καθίστησιν
1280 1157 1441 1210 αὐτὸν
1475 1158 1729 1228 ἀψθονίᾳ,
1776 1158 1918 1212 ὥστε
1951 1163 2087 1228 μήτε
2120 1175 2242 1210 στε·

663 1240 1036 1312 νοχωρηθέντα
1081 1243 1190 1294 τῶν
1235 1243 1518 1314 προτέρων
1557 1244 1800 1313 *μνήμην
1842 1243 2050 1306 λαϐεῖν,
2105 1246 2242 1315 μήτε

662 1327 743 1389 εἰς
792 1325 1090 1395 ἐπιθυμίαν
1142 1328 1368 1381 ἐκείνων
1415 1327 1617 1380 ἐλθεῖν·
1673 1327 1816 1381 οὕτω
1864 1331 1960 1382 καὶ
2025 1332 2054 1383 6
2112 1331 2245 1394 Θεὸς

664 1408 881 1481 βλέπων
909 1412 1035 1472 τούς
1061 1421 1087 1449 α
1130 1411 1415 1474 Ἰουδαίους
1447 1413 1578 1483 περὶ
1609 1413 1680 1465 τά
1701 1414 1938 1485 αἰσθητά
1967 1415 2241 1485 ἐπτοημέ-

660 1512 807 1558 νους,
849 1495 943 1548 καὶ
1001 1496 1058 1546 ἐν
1109 1495 1318 1560 τούτοις
1367 1497 1568 1567 πολλὴν
1606 1501 1844 1553 ποιεῖται
1883 1499 1982 1570 τὴν
2018 1498 2243 1570 ὑπερϐο-

663 1581 759 1648 λὴν
791 1621 806 1643 ,
855 1579 995 1634 ὥστε
1047 1581 1245 1644 αὐτοὺς
1320 1582 1592 1651 μηδέποτε
1646 1585 1727 1646 εἰς
1789 1584 2083 1655 ἐπιθυμίαν
2134 1583 2242 1636 τῶν

660 1664 976 1732 Αἰγυπτίων
1010 1664 1042 1733 ἦ
1073 1663 1183 1717 τῶν
1215 1666 1680 1734 παρἈίγυπτίοις
1714 1666 1911 1719 ἐλθεῖν.
1944 1670 2052 1721 Καὶ
2080 1670 2246 1723 ποιεῖ-

659 1763 751 1799 ται
789 1748 881 1799 τὸν
918 1747 1045 1800 ναὸν
1085 1749 1221 1816 πρὸς
1259 1749 1358 1818 τὴν
1391 1750 1579 1802 εἰκόνα
1615 1748 1710 1800 τοῦ
1759 1751 1964 1821 κόσμου
2020 1751 2242 1816 παντὸς,

659 1828 757 1880 τοῦ
782 1846 841 1880 τε
872 1830 1130 1898 αἰσθητοῦ
1172 1831 1268 1884 καὶ
1296 1831 1511 1900 νοητοῦ.
1569 1833 1836 1904 Καθάπερ
1877 1834 1989 1903 γάρ
2023 1833 2142 1885 ἐστι
2171 1835 2242 1904 γῆ

663 1915 756 1966 καὶ
777 1913 1025 1981 οὐρανὸς,
1044 1913 1140 1966 καὶ
1163 1914 1327 1983 μέσον
1355 1915 1684 1986 διάφραγμα
1705 1917 1763 1968 τὸ
1785 1917 2070 1985 στερέωμα
2091 1915 2241 1988 [559]

661 1996 838 2048 τοῦτο·
870 1995 1012 2048 οὕτω
1043 1998 1292 2051 κάκεῖνον
1328 1998 1583 2052 ἐκέλευσε
1615 1999 1891 2066 γενέσθαι.
1915 2003 2025 2054 Καὶ
2055 2003 2134 2064 εἰς
2153 2002 2246 2055 δύο

659 2076 931 2148 διατεμὼν
960 2080 1050 2130 τὸν
1080 2080 1205 2130 ναὸν
1257 2078 1468 2139 τοῦτον,
1513 2082 1608 2132 καὶ
1653 2083 2057 2150 καταπέτασμα
2087 2084 2246 2150 ἀφεὶς

664 2161 859 2230 μέσον,
896 2161 957 2212 τὸ
1004 2161 1101 2230 μὲν
1144 2160 1250 2226 ἔξω
1283 2163 1378 2214 τοῦ
1420 2167 1915 2232 καταπετάσματος
1940 2165 2075 2216 πᾶσι
2115 2182 2245 2217 συν-

662 2244 948 2315 εχώρησεν
1005 2241 1145 2297 εἶναι
1213 2246 1408 2314 βατὸν,
1462 2246 1522 2298 τὸ
1581 2246 1638 2298 δὲ
1691 2246 1838 2299 ἔνδον
1896 2246 2097 2300 ἄϐατον
2150 2247 2246 2301 καὶ

663 2331 888 2382 ἀθέατον
911 2331 1068 2391 πᾶσι,
1095 2331 1230 2398 πλὴν
1253 2329 1344 2382 τοῦ
1365 2330 1668 2401 ἀρχιερέως
1697 2331 1878 2400 μόνου.
1906 2331 2015 2384 Καὶ
2037 2332 2118 2384 ὅτι
2148 2332 2246 2402 οὐχ

663 2414 932 2484 ἡμέτερος
961 2414 1132 2466 ταῦτα
1156 2415 1482 2484 στοχασμὸς,
1502 2415 1616 2467 ἀλλ’
1648 2417 1704 2469 ἐν
1735 2416 1891 2486 τύπῳ
1911 2416 2005 2469 τοῦ
2037 2416 2245 2486 κόσμου

664 2497 865 2559 παντὸς
895 2497 924 2548 6
977 2496 1104 2558 ναὸς
1154 2496 1586 2558 κατεσκεύαστο,
1644 2497 1877 2551 ἄκουσον
1917 2498 1970 2550 τί
2021 2515 2186 2569 φησιν
2219 2499 2248 2550 6

664 2579 873 2642 Παῦλος
901 2620 912 2640 ,
964 2581 1096 2648 περὶ
1152 2579 1243 2631 τοῦ
1280 2578 1516 2649 Χριστοῦ
1559 2580 1733 2648 λέγων
1773 2583 1852 2645 εἰς
1890 2582 1982 2634 τὸν
2017 2581 2247 2650 οὐρανὸν

661 2663 978 2726 ἀναϐάντος·
1018 2665 1099 2716 Οὐ
1126 2666 1233 2731 γὰρ
1266 2666 1353 2727 εἰς
1377 2667 1762 2732 χειροποίητα
1795 2665 1932 2734 ἅγια
1961 2663 2251 2730 εἰσῆλθεν

663 2750 696 2801 ό
721 2747 998 2812 Χριστὸς,
1030 2748 1331 2801 ἀντίτυπα
1380 2749 1499 2801 τῶν
1546 2747 1884 2817 ἀληθινῶν·
1917 2749 2132 2809 δεικνὺς
2165 2749 2249 2800 ὅτι

660 2831 730 2884 τά
760 2831 995 2885 ἐνταῦθα
1021 2833 1290 2886 ἀντίτυπα
1315 2829 1381 2903 ἢν
1405 2833 1518 2885 τῶν
1545 2831 1570 2868 δ
1605 2832 1894 2902 ἀληθινῶν.
1917 2833 2040 2886 ’Ὁτι
2069 2832 2124 2883 δὲ
2155 2831 2249 2884 καὶ

659 2915 723 2969 τὸ
757 2915 1154 2984 καταπέτασμα
1179 2915 1382 2986 διεῖργε
1405 2915 1472 2966 τὰ
1493 2916 1661 2982 ’Ἅγια
1684 2915 1792 2966 τῶν
1812 2915 1982 2981 ἀγίων
2008 2915 2115 2965 ἀπὸ
2139 2913 2248 2966 τῶν

662 2997 835 3064 ἁγίων
866 2997 973 3049 τῶ)
1001 2996 1126 3061 ἔξω,
1176 2997 1428 3069 καθάπερ
1481 2994 1634 3061 οὗτος
1671 2999 1699 3050 6
1753 2998 1981 3067 οὐρανὸς
2009 2997 2078 3048 τὰ
2109 2998 2249 3068 ὐπέρ

661 3079 824 3132 αὐτὸν
853 3080 1188 3149 ἀποτειχίζει
1231 3079 1435 3133 τούτων
1481 3079 1587 3133 τῶν
1624 3078 1748 3132 καθ’
1780 3081 1928 3148 ἡμᾶς
1959 3080 2246 3143 ἁπάντων,

662 3163 896 3216 ἄκουσον
927 3163 1043 3223 πῶς
1083 3164 1178 3215 καὶ
1216 3161 1378 3214 τοῦτο
1399 3162 1647 3233 ᾐνίξατο,
1689 3163 1781 3215 τὸν
1815 3162 2043 3233 οὐρανὸν
2076 3165 2251 3214 ’κατα-

664 3245 923 3313 πέτασμα
959 3244 1216 3307 καλέσας.
1249 3246 1385 3316 Περὶ
1417 3246 1524 3315 γὰρ
1559 3246 1656 3315 τῆς
1691 3244 1906 3306 ἐλπίδος
1939 3243 2134 3310 λέγων,
2167 3246 2249 3298 ὅτι

665 3325 741 3388 ὼς
771 3327 1017 3396 ἄγκυραν
1047 3328 1215 3398 αὐτὴν
1246 3329 1442 3398 ἔχομεν
1479 3329 1577 3395 τῆς
1599 3329 1778 3398 ψυχῆς
1817 3329 2032 3398 ἀσφαλῆ
2075 3344 2133 3380 τε
2157 3329 2251 3380 καὶ

668 3407 914 3479 βεϐαίαν,
943 3412 1213 3480 ἐπήγαγε·
1244 3409 1352 3462 Καὶ
1380 3408 1815 3479 εἰσερχομένην
1844 3413 1927 3476 είς
1957 3409 2022 3462 τὸ
2041 3408 2253 3462 ἐσώτε-

663 3507 775 3559 ρον
807 3493 914 3544 τοῦ
937 3491 1493 3561 καταπετάσματος,
1537 3493 1691 3545 ὅπου
1732 3491 2069 3561 πρόδρομος
2099 3491 2252 3560 ὑπὲρ

665 3573 837 3642 ἡμῶν
863 3574 1155 3640 εἰσῆλθεν
1189 3574 1428 3642 Ἰησοῦς
1449 3586 1496 3640 ιε,
1515 3574 1669 3643 ὑπὲρ
1695 3575 1804 3628 τὸν
1825 3576 2088 3642 οὐρανὸν
2106 3575 2248 3632 ἄνω.

677 3659 842 3729 Ὁρᾷς
899 3659 1018 3722 πῶς
1064 3659 1471 3730 καταπέτασμα
1525 3660 1615 3712 τὸν
1672 3659 1901 3729 οὐρανὸν
1961 3659 2250 3725 ἐκάλεσεν;

671 3742 819 3806 Ἐξω
853 3742 951 3812 μὲν
969 3739 1064 3796 οὖν
1095 3741 1190 3794 τοῦ
1227 3742 1723 3810 καταπετάσματος
1756 3737 1823 3810 ἦν
1850 3744 1883 3811 ἡ
1908 3741 2123 3811 λυχνία,
2158 3743 2253 3796 καὶ

667 3828 701 3895 ἡ
733 3824 1002 3896 τράπεζα,
1051 3826 1142 3878 καὶ
1171 3824 1351 3894 βωμὸς
1384 3825 1641 3894 χαλκοῦς,
1675 3825 1772 3885 τὰς
1804 3823 1994 3886 θυσίας
2025 3825 2252 3894 δεχόμε-

669 3927 756 3970 νος
790 3909 884 3960 καὶ
918 3907 986 3960 τά
1013 3906 1597 3977 όλοκαυτώματα·¹ἔσω
1621 3906 1675 3958 δέ
1704 3905 1797 3958 τοῦ
1830 3907 2255 3976 καταπετάσμα-

667 4009 760 4056 τος
792 3996 823 4063 ή
847 3992 1100 4054 κιϐωτὸς,
1120 3991 1643 4061 περικεκαλυμμένη
1675 3986 1702 4027 ἀ
1736 3991 1997 4044 πάντοθεν
2023 3992 2252 4061 χρυσίῳ,

666 4074 767 4137 τὰς
813 4076 1023 4138 πλάκας
1070 4075 1265 4145 ἔχουσα
1320 4075 1420 4146 τῆς
1475 4073 1777 4144 διαθήκης,
1827 4076 1918 4128 καὶ
1957 4074 2057 4144 τὴν
2130 4074 2256 4127 στά-

673 4174 802 4228 μνοι·
853 4158 952 4227 τὴν
998 4159 1234 4229 χρυσῆν,
1269 4157 1363 4211 καὶ
1394 4158 1492 4227 τὴν
1535 4158 1729 4227 ῥάϐδον
1773 4158 1979 4227 Ἀαρὼν
2004 4156 2102 4228 τὴν
2130 4156 2258 4228 βλαι

673 4241 972 4311 στήσασαν,
1036 4241 1127 4293 καὶ
1196 4239 1376 4310 βωμὸν
1432 4239 1688 4310 χρυσοῦν,
1751 4241 1872 4309 οὐχὶ
1904 4240 2104 4293 θυσιῶν
2135 4240 2258 4293 οὐδέ

670 4322 1160 4393 ὁλοκαυτωμάτων,
1180 4323 1316 4376 ἀλλὰ
1343 4322 1682 4393 θυμιάματος
1713 4323 1892 4391 μόνου.
1929 4323 2038 4374 Καὶ
2059 4322 2126 4376 τὰ
2160 4323 2258 4389 μὲν

674 4406 779 4471 ἔξω
810 4407 1002 4460 πατεῖν
1029 4409 1194 4460 πᾶσιν
1237 4408 1416 4476 ἐφεῖτο
1435 4449 1448 4468 ,
1477 4407 1544 4460 τά
1572 4407 1627 4458 δὲ
1660 4405 1806 4460 ἔνδον
1834 4408 1981 4477 μόνῳ
2004 4407 2082 4477 τῷ
2115 4409 2256 4477 ἀρχ-

675 4493 830 4561 ιερεῖ.
874 4493 985 4544 Καὶ
1017 4490 1222 4543 τούτων
1260 4491 1316 4543 δέ
1365 4490 1543 4543 αὐτῶν
1593 4490 1902 4560 μαρτυρίαν
1950 4489 2258 4561 παρέξομαι

673 4573 858 4636 πάλιν,
895 4573 986 4627 τοῦ
1020 4574 1234 4626 Παύλου
1268 4573 1412 4625 οὓτω
1469 4591 1583 4637 πως
1633 4575 1884 4641 λέγοντος
1908 4589 1921 4602 ο
1975 4570 2120 4642 Εἶχε
2143 4572 2260 4642 μὲν

675 4653 789 4712 οὖν
814 4660 854 4727 ὴ
887 4658 1086 4725 πρώτη
1117 4658 1320 4724 σκηνὴ
1355 4657 1716 4726 δικαιώματα
1757 4659 2058 4725 λατρείας,
2095 4659 2163 4710 τό
2197 4674 2260 4709 τε

676 4740 848 4809 ἅγιον
880 4741 1199 4810 κοσμικόν.
1229 4742 1418 4809 Ἀγιον
1452 4741 1508 4794 δέ
1537 4741 1800 4812 κοσμικδν
1840 4741 1992 4796 καλεῖ
2027 4742 2122 4813 τὴν
2155 4741 2260 4808 ἔξω

678 4825 904 4895 σκηνὴν.
940 4822 1128 4894 ἐπειδὴ
1167 4823 1244 4893 τῷ
1283 4824 1474 4894 κόσμῳ
1514 4825 1674 4876 παντὶ
1707 4825 1934 4877 εἰσιέναι
1983 4825 2140 4895 θέμις
2168 4821 2256 4896 ἦν’

689 4903 849 4979 Ἐνῇ
874 4907 912 4975 ἢ
939 4925 1005 4961 τε
1033 4910 1257 4976 λυχνία
1286 4909 1384 4963 καὶ
1411 4911 1449 4976 η
1475 4907 1729 4976 τράπεζα
1761 4910 1861 4962 καὶ
1894 4911 1932 4976 η
1977 4911 2261 4977 πρόθεσις

677 4991 799 5044 τῶν
836 4992 1048 5058 ἀρτων.
1088 4990 1252 5047 Μετὰ
1283 4992 1352 5045 δὲ
1384 4995 1448 5047 τὸ
1499 4993 1784 5062 δεύτερον
1827 4993 2262 5064 καταπέτασμα

679 5075 884 5142 σκηνὴ
916 5078 954 5143 ἡ
985 5076 1278 5145 λεγομένη
1317 5077 1388 5131 τὰ
1420 5078 1583 5146 Ἅγια
1615 5077 1733 5130 τῶν
1755 5078 1957 5146 ἁγίων,
1978 5080 2262 5148 χρυσοῦν

681 5159 911 5226 ἔχουσα
940 5160 1343 5227 θυμιατήριον,
1380 5160 1477 5213 καὶ
1502 5160 1618 5226 τὴν
1641 5161 1890 5214 κιϐωτὸν
1917 5162 2026 5231 τῆς
2060 5163 2264 5228 διαθή-

682 5259 795 5307 κης
835 5242 1433 5312 περικεκαλυμμένην
1475 5243 1775 5300 πάντοθεν
1821 5248 2071 5314 χρυσίῳ·
2122 5249 2192 5302 ἐν
2221 5239 2263 5318 ᾗ

749 5554 893 5625 {Alii
919 5557 944 5600 6
966 5554 1084 5625 Θεὸς
1106 5555 1264 5625 λαϐὼν
1298 5558 1421 5616 τούς,
1442 5557 1526 5625 ρίἱί
1619 5559 1736 5614 θεὸς
1759 5561 1947 5622 βλέπων
1967 5560 2092 5622 τούς,
2119 5576 2262 5625 quam

687 5621 980 5682 parm:ququ
1004 5620 1277 5682 _lec‘lionem
1313 5619 1540 5680 sequitur
1562 5619 1830 5682 inlerprés.

746 5673 774 5712 ι)
798 5677 893 5723 Alii
912 5677 971 5736 ἧν
997 5677 1186 5725 ἐκείνων
1207 5683 1318 5727 τῶν.

749 5738 771 5802 ἦ
922 5739 1133 5795 εἰσῆλθεν
1153 5741 1373 5802 Χριστός.

747 5797 775 5836 ιι
795 5797 893 5846 Alii
916 5797 1382 5863 κατακεκαλυμμένη.

2353 491 2626 562 στάμνος
2649 495 2856 564 χρυσῆ
2881 498 3115 567 ἔχουσα
3160 496 3223 550 τὸ
3272 495 3498 566 μάννα,
3528 496 3623 550 καί
3659 496 3696 563 ἡ
3719 493 3938 562 ῥάϐδος

2360 574 2578 644 Ἀαρὼν
2605 580 2644 645 ἡ
2678 579 3121 645 βλαστήσασα,
3176 580 3274 635 καὶ
3309 583 3369 633 αι
3402 577 3631 642 πλάκες
3676 576 3791 646 τῆς
3819 576 3938 632 δια·

2349 659 2560 724 θήκης
2588 661 2865 730 ὑπεράνω
2893 661 2963 715 δὲ
2983 663 3176 731 αὐτῆς
3199 661 3488 732 Χερουϐὶμ
3513 662 3726 729 δόξης,
3760 676 3938 714 κατα»

2350 742 2672 803 σκιάζοντα
2708 745 2777 799 τὸ
2816 744 3190 814 ἱλαστήριον.
3249 747 3480 799 Τούτων
3511 744 3581 797 δὲ
3617 744 3776 798 οὕτω
3801 758 3937 797 κατ-

2347 828 2927 896 εσκευασμένουςεὶς
2933 828 3050 897 μὲν
3059 828 3176 895 τὴν
3191 827 3433 896 πρώτην
3442 826 3685 895 σκηνὴν
3698 826 3939 880 amar-

2347 909 2450 974 τὸς
2465 909 2731 962 εἰσίασιν
2748 913 2804 963 οἱ
2832 911 3027 979 ἱερεῖς,
3052 913 3158 978 τὰς
3183 912 3459 979 λατρείας
3493 909 3938 976 ἐπιτελοῦντες-θ

2346 993 2435 1056 εἰς
2460 990 2529 1044 δὲ
2557 991 2672 1059 τὴν
2697 991 2990 1062 δευτέραν
3035 994 3200 1058 ἅπαξ
3234 994 3341 1049 τοῦ
3365 993 3649 1048 ἐνιαυτοῦ
3677 992 3876 1063 μόνος
3907 994 3941 1046 ό

2346 1075 2682 1143 ἀρχιερεὺς,
2707 1078 2781 1130 οὐ
2811 1076 2992 1144 χωρὶς
3019 1078 3291 1146 αἵματος,
3326 1078 3355 1129 ὃ
3409 1075 3740 1146 προσφέρει
3789 1074 3942 1142 ὑπὲρ

2347 1157 2566 1211 ἑαυτοῦ
2597 1161 2696 1212 καὶ
2731 1157 2852 1211 τῶν
2887 1159 2994 1213 τοῦ
3028 1160 3182 1214 ,λαοῦ
3211 1159 3624 1230 ἀγνοημάτων.
3667 1159 3839 1230 Ὁρᾷς
3863 1159 3942 1211 ὅτι

2347 1240 2442 1294 καὶ
2482 1240 2643 1309 μόνος
2681 1243 2988 1313 εἰσέρχεται
3027 1243 3054 1296 6
3118 1244 3443 1315 ἀρχιερεὺς,
3489 1242 3586 1296 καὶ
3637 1241 3792 1309 ἅπαξ
3849 1239 3940 1295 τοῦ

2347 1325 2600 1378 ἐνιαυτοῦ
2630 1327 2828 1390 παντός
2852 1345 2866 1392 ;

2418 1409 2573 1468 δ’.,Τί
2609 1408 2703 1464 οὖν
2737 1412 2932 1479 ταῦτα,
2951 1413 3107 1484 φησὶ,
3125 1411 3262 1483 πρὸς
3283 1415 3383 1482 τὴν
3398 1412 3774 1483 προκειμένην

2352 1513 2485 1565 ρανς
2524 1497 2880 1567 Ἀναμείνατε
2912 1497 3128 1568 μικρὸν,
3161 1499 3255 1550 καὶ
3289 1497 3364 1567 μὴ
3387 1495 3729 1567 θορυϐεῖσθε.
3766 1497 3942 1548 Ἀνω-

2349 1578 2440 1631 θεν
2460 1579 2568 1649 γὰρ
2597 1578 2696 1648 τὴν
2728 1581 2912 1651 πηγὴν
2943 1579 3314 1649 διορύττομεν,
3346 1580 3444 1632 καὶ
3465 1580 3554 1632 ἐπ’
3578 1579 3752 1650 αὐτὴν
3777 1577 3946 1632 σπεύ-

2345 1663 2510 1731 δομεν
2538 1664 2636 1732 τὴν
2672 1663 2917 1734 κορυφὴν
2951 1664 3156 1721 ἐλθεῖν.
3204 1664 3344 1717 ὥστε
3379 1665 3497 1734 μετ’
3531 1664 3790 1726 εὐκολίας
3822 1663 3947 1732 ὑμῖν

2348 1748 2563 1801 ἅπαντα
2588 1746 2840 1813 γενέσθαι
2869 1746 3024 1817 δῆλα·
3055 1746 3256 1817 μᾶλλον
3280 1747 3359 1809 δὲ,
3386 1748 3474 1800 ἴνα
3503 1747 3579 1817 μὴ
3605 1749 3773 1818 μέχρι
3793 1744 3947 1818 [560]

2346 1829 2544 1884 πολλοῦ
2577 1832 2606 1883 6
2637 1831 2795 1899 λόγος
2830 1832 3292 1900 συνεσκιασμένος
3319 1828 3377 1904 ᾖ,
3411 1831 3546 1901 μηδὲ
3568 1831 3948 1898 ἀσαφέστερος

2346 1913 2424 1966 ὢν
2447 1913 2817 1986 ἀπαγορεύειν
2864 1915 3010 1985 ὑμᾶς
3064 1916 3268 1986 ποιήσῃ
3315 1914 3454 1984 πρὸς
3509 1913 3572 1965 τὸ
3626 1913 3806 1983 μῆκος
3841 1911 3947 1964 τῶν

2348 1997 2682 2067 λεγομένων,
2723 1997 2824 2068 ῆδη
2866 1997 2965 2067 τὴν
2997 1997 3180 2049 αἰτίαν
3209 1999 3337 2066 ὑμῖν
3384 1995 3515 2067 ἐρῶ,
3569 1997 3634 2049 δι’
3671 1997 3739 2066 ῆν
3772 1993 3947 2047 ταῦτα

2349 2081 2529 2133 πάντα
2572 2081 2892 2151 άνεκίνησα.
2935 2080 3032 2143 Τίς
3080 2076 3173 2133 οῦν
3221 2082 3367 2132 ἐστιν
3395 2081 3429 2149 ἡ
3473 2080 3655 2144 αἰτίας
3713 2076 3817 2140 Ἓξ
3845 2078 3942 2144 μῆ⁸

2349 2181 2446 2226 νας
2479 2167 2535 2216 ἐν
2563 2164 2763 2234 γαστρὶ
2789 2163 3022 2234 ἐχούσης
3053 2164 3152 2232 τῆς
3203 2162 3488 2216 Ἐλισάϐετ
3525 2163 3618 2214 τὸν
3664 2159 3946 2231 Ἰωάννην,

2348 2249 2382 2318 ἡ
2408 2249 2597 2318 Μαρία
2633 2247 2837 2317 ἤρξατο
2872 2247 3291 2316 συλλαμϐάνειν.
3339 2247 3436 2299 ’Ἂν
3469 2246 3646 2298 τοίνυν
3682 2243 3950 2315 μάθωμεν

2353 2336 2501 2395 ποῖος
2534 2335 2740 2394 ἐκεῖνος
2780 2331 2810 2382 6
2839 2332 2946 2401 μὴν
2986 2333 3014 2382 6
3057 2331 3215 2395 ἕκτος
3243 2326 3332 2400 ἦν,
3380 2329 3641 2399 εἰσόμεθα
3671 2329 3772 2381 καὶ
3824 2328 3952 2381 πότε

2349 2414 2555 2485 ἤρξατο
2585 2412 2986 2484 συλλαμϐάνειν
3027 2415 3060 2483 ἡ
3100 2413 3311 2483 Μαρία·
3346 2407 3469 2465 εἶτα
3505 2409 3799 2481 μαθόντες,
3826 2410 3954 2463 πότε

2351 2496 2552 2566 ῆρξατο
2605 2494 3029 2563 συλλαμϐάνειν,
3078 2495 3342 2564 είσόμεθα
3391 2494 3487 2546 καὶ
3537 2493 3671 2547 πότε
3735 2491 3944 2552 ἔτεκεν,

2349 2581 2510 2633 ἐννέα
2539 2579 2716 2649 μῆνας
2748 2579 3153 2648 ἀριθμήσαντες
3179 2580 3244 2631 ἐκ
3277 2578 3375 2645 τῆς
3406 2575 3741 2645 συλλήψεως.

2424 2661 2594 2715 Πόθεν
2628 2657 2720 2713 οὖν
2770 2660 3030 2730 εἰσόμεθα
3056 2700 3070 2723 ,
3122 2663 3273 2723 ποῖος
3315 2656 3381 2731 ἦν
3434 2663 3462 2713 6
3496 2659 3655 2720 ἕκτος
3695 2660 3807 2726 μὴν
3850 2653 3947 2724 τῆς

2351 2747 2601 2814 κυήσεως
2627 2744 2724 2810 τῆς
2752 2742 3036 2796 Ἑλισάϐετ
3057 2760 3071 2807 ;
3089 2744 3185 2795 Ἂν
3205 2741 3467 2812 μάθωμεν
3490 2743 3646 2802 ποῖος
3666 2735 3734 2808 ῆν
3760 2741 3789 2790 6
3821 2737 3944 2808 μὴν,

2351 2829 2473 2882 καθ’
2521 2829 2580 2880 ὃν
2632 2828 2837 2896 ἤρξατο
2887 2826 3312 2894 συλλαμϐάνειν.
3355 2826 3525 2878 Πόθεν
3568 2825 3626 2877 δέ
3683 2822 3946 2893 είσόμεθα

2353 2913 2502 2973 ποῖος
2544 2907 2613 2980 ἦν
2645 2913 2672 2962 6
2707 2911 2836 2979 μὴν,
2878 2908 3000 2962 καθ’
3031 2908 3090 2960 ὂν
3153 2899 3485 2972 συνέλαϐεν;
3527 2909 3624 2960 ’Δν
3686 2905 3948 2978 μάθωμεν

2352 2993 2495 3047 κατὰ
2527 2995 2678 3044 ποῖον
2713 2991 2906 3060 καιρὸν
2941 2991 3307 3061 εὐηγγελίσθη
3352 2991 3627 3062 Ζαχαρίας
3660 2991 3689 3041 ὁ
3738 2989 3949 3057 ταύτης

2351 3078 2511 3146 ἀνήρ.
2544 3074 2682 3127 Αὐτὸ
2711 3074 2768 3124 δέ
2815 3072 2974 3126 τοῦτο
3025 3075 3188 3129 πόθεν
3243 3076 3376 3145 ἡμῖν
3429 3076 3584 3127 ἔσται
3633 3071 3947 3143 γνὼριμον;

2366 3159 2498 3210 Ἀπὸ
2530 3157 2638 3210 τῶν
2665 3155 2826 3209 θείων
2853 3157 3109 3227 Γραφῶν·
3131 3156 3315 3220 καθὼς
3348 3157 3412 3210 τὸ
3434 3157 3588 3223 ἅγιον
3613 3154 3949 3222 Εὐαγγέλιον

2351 3241 2519 3310 λέγει,
2542 3241 2624 3293 ὅτι
2659 3242 2738 3303 εἰς
2765 3243 2831 3293 τά
2852 3242 3018 3309 ’Ἅγια
3049 3241 3157 3294 τῶν
3185 3240 3356 3308 ἁγίων
3385 3239 3534 3293 ἔνδον
3563 3239 3694 3292 ὅντα
3727 3239 3822 3290 τὸν
3848 3239 3950 3290 Ζα-

2353 3325 2550 3396 χαρίαν
2577 3327 2606 3377 6
2631 3324 2862 3392 ἄγγελος
2888 3323 3302 3393 εὐηγγελίσατο,
3333 3324 3427 3376 καὶ
3450 3319 3603 3376 εἶπεν
3639 3321 3793 3392 αὐτῴ
3825 3321 3952 3388 περὶ

2352 3407 2448 3461 τοῦ
2480 3407 2704 3460 τοκετοῦ
2753 3407 3021 3461 Ἰωάννου.
3060 3409 3158 3461 "Av
3187 3409 3366 3460 τοίνυν
3387 3405 3681 3476 ἀποδειχθῇ
3710 3415 3735 3444 ε
3765 3404 3951 3472 σαφῶς

2354 3493 2462 3546 ἀπὸ
2476 3491 2584 3546 τῶν
2601 3491 2854 3563 Γραφῶν,
2875 3492 3071 3544 ὃτικαὶ
3098 3491 3246 3555 ἀπαξ
3268 3492 3558 3561 εἰσήρχετο
3579 3492 3659 3553 εἰς
3687 3487 3761 3542 τά
3785 3489 3953 3557 Ἀγια

2353 3577 2462 3630 τῶν
2495 3575 2667 3645 ἁγίων
2694 3577 2721 3629 6
2749 3576 3062 3646 ἀρχιερεὺς,
3109 3577 3204 3628 καὶ
3256 3575 3439 3645 μόνος,
3486 3575 3582 3627 καὶ
3625 3574 3758 3626 πότε
3785 3612 3801 3638 ,
3861 3573 3953 3625 καὶ

2355 3660 2493 3728 ποίῳ
2518 3658 2648 3730 μηνὶ
2675 3658 2769 3711 τοῦ
2803 3659 3054 3712 ἐνιαυτοῦ
3083 3659 3144 3712 τὺ
3194 3657 3339 3724 ἅπαξ
3387 3657 3546 3710 τοῦτο
3605 3656 3916 3727 εἰσέρχεται
3936 3695 3951 3717 ,

2355 3743 2578 3813 εὐδηλος
2613 3742 2764 3794 ἔσται
2809 3743 2837 3794 6
2864 3743 3074 3812 καιρὸς,
3099 3741 3222 3796 καθ’
3252 3741 3312 3794 ὃν
3340 3741 3732 3812 εὐηγγελίσθη·
3759 3739 3952 3793 τούτου

2354 3828 2411 3881 δέ
2434 3825 2729 3895 γενομένου
2752 3825 2936 3895 δήλου,
2957 3825 3052 3879 καὶ
3087 3828 3120 3896 ἡ
3153 3825 3298 3897 ἀρχὴ
3327 3825 3426 3896 τῆς
3451 3825 3773 3895 συλλήψεως
3801 3825 3953 3877 ἔσται

2354 3914 2467 3973 τοῖς
2505 3911 2635 3960 πᾶσι
2663 3907 2960 3978 γνώριμος.
3013 3908 3133 3961 Ὅτι
3171 3910 3269 3978 μὲν
3309 3904 3401 3961 οὖν
3445 3907 3590 3974 ἅπαξ
3628 3906 3724 3960 τοῦ
3775 3909 3954 3960 ἐνιαυ-

2356 3993 2450 4047 τοῦ
2481 3994 2790 4063 εἰσήρχετο,
2819 3993 2912 4044 καὶ
2940 3993 2968 4044 6
2998 3991 3212 4054 Παῦλος
3240 3991 3500 4063 ἐδήλωσε,
3524 3992 3620 4045 καὶ
3651 3993 3678 4045 6
3705 3991 3953 4060 Μωῦσῆς

2357 4076 2414 4128 δὲ
2441 4075 2600 4129 τοῦτο
2621 4074 2756 4127 αὐτὸ
2778 4074 2938 4143 δῆλον
2963 4077 3125 4138 ποιεῖ,
3145 4074 3288 4127 οὕτω
3319 4075 3514 4143 λέγων’
3538 4073 3649 4130 Καὶ
3680 4073 3956 4140 ὲλάλησε

2358 4160 2572 4226 Κύριος
2632 4157 2784 4224 πρὸς
2838 4155 3104 4224 Μωῦσῆν
3153 4155 3352 4225 λέγων
3375 4171 3389 4185 ·
3452 4154 3749 4223 Λάλησον
3804 4154 3955 4222 πρὸς

2372 4240 2598 4308 Ἀαρὼν
2626 4241 2734 4294 τὸν
2760 4241 3030 4310 ἀδελφόν
3064 4255 3204 4306 σου,
3241 4241 3342 4295 καί
3387 4240 3474 4311 μὴ
3504 4240 3956 4308 είσπορευέσθω

2361 4324 2570 4379 πᾶσαν
2583 4321 2744 4392 ὤραν
2770 4325 2859 4390 εἰς
2903 4323 2968 4377 τὸ
2995 4325 3169 4392 ἅγιον
3189 4324 3258 4377 τὸ
3279 4317 3582 4393 ἐσώτερον
3615 4323 3729 4378 τοῦ
3769 4339 3952 4378 κατα·

2361 4409 2743 4479 πετάσματος
2765 4411 2853 4474 εἰς
2899 4407 2966 4462 τὸ
3005 4409 3336 4478 πρόσωπον
3366 4407 3476 4462 τοῦ
3491 4406 3874 4476 Ὧαστηρίου
3908 4402 3988 4470 τ,¹

2364 4496 2396 4548 ὅ
2423 4495 2592 4548 ἐστιν
2623 4493 2722 4546 ἐπὶ
2750 4490 2862 4559 τῆς
2887 4492 3138 4546 κιϐωτοῦ
3176 4492 3283 4546 τοῦ
3318 4493 3677 4561 μαρτυρίου,
3711 4490 3815 4544 καὶ
3844 4491 3956 4544 οὐκ

2362 4575 2767 4631 ἀποθανεῖται.
2818 4575 2928 4627 Καὶ
2974 4573 3154 4628 πάλιν·
3185 4574 3297 4628 Καὶ
3335 4573 3457 4641 πᾶς
3495 4574 3811 4642 ἄνθρωπος
3845 4576 3958 4626 οὐκ

2363 4663 2535 4716 ἔσται
2564 4662 2633 4715 ἐν
2653 4660 2727 4729 τῇ
2753 4657 2956 4728 σκηνῇ
2993 4659 3120 4713 τοῦ·
3135 4661 3491 4730 μαρτιιρίου,
3524 4657 3960 4727 εἰσπορευομέ-

2362 4763 2475 4800 νου
2507 4745 2696 4798 αὑτοῦ
2725 4744 3123 4808 ἐξιλάσασθαι
3160 4745 3249 4809 είς
3271 4742 3345 4796 τὰ
3371 4743 3530 4812 ἅγια,
3552 4743 3665 4809 ἕως
3685 4742 3766 4796 ἂν
3784 4742 3958 4808 ἐξέλ-

2364 4833 2457 4896 θῃ,
2501 4828 2599 4880 καὶ
2639 4827 2982 4891 ἐξιλάσεται
3029 4828 3165 4894 περί
3213 4827 3457 4886 ἑαυτοῦ.
3507 4826 3749 4881 καὶτοῦ
3784 4827 3958 4880 olm

2363 4910 2582 4974 αὑτοῦ,
2629 4910 2729 4964 καὶ
2780 4910 2984 4977 πάσης
3038 4910 3151 4979 τῆς
3209 4910 3575 4982 συναγωγῆς
3628 4909 3751 4964 τῶν
3809 4907 3958 4965 υιὼν

2378 4997 2637 5065 Ἰσραήλ’
2675 4996 2772 5050 καὶ
2816 4995 3163 5059 ἐξιλάσεται
3183 4996 3282 5050 ἐπὶ
3314 4995 3380 5050 τὸ
3411 4995 3854 5066 θυσιαστήριον
3892 4996 3955 5049 τὸ

2363 5079 2570 5134 ἔναντι
2597 5081 2843 5147 Κυρίου.
2875 5079 2998 5132 Ὅτι
3035 5079 3133 5149 μὲν
3161 5073 3254 5133 οὖν
3292 5080 3355 5132 οὐ
3387 5078 3477 5133 διὰ
3529 5079 3736 5143 παντὸς
3781 5080 3957 5151 εἰσῄει

2364 5166 2445 5228 εἰς
2494 5163 2563 5216 τὰ
2597 5164 2764 5230 ’Ἅγια
2807 5162 2915 5215 τῶν
2976 5162 3169 5230 ἁγίων,
3202 5161 3330 5216 οὐτε
3383 5162 3532 5217 ἔνδον
3589 5163 3745 5228 ϐντος
3788 5162 3955 5218 αὐτοῦ

2365 5247 2607 5315 ἅψασθαι
2638 5246 2795 5317 θέμις
2824 5242 2892 5316 ἦν
2932 5262 3074 5309 τινα,
3129 5246 3245 5300 ἀλλ’
3286 5247 3394 5313 ἔξω
3425 5246 3576 5320 παρὰ
3615 5249 3679 5303 τδ
3711 5249 3957 5305 καταπέ-

2364 5348 2548 5401 τασμα
2575 5331 2821 5392 ἑστάναι,
2869 5329 3029 5397 δῆλον
3059 5331 3170 5384 ἀπὸ
3200 5331 3427 5388 τούτων.
3471 5331 3638 5388 Ἀλλὰ
3692 5335 3954 5405 κατέχετε

2364 5415 2428 5486 δὴ
2459 5413 2631 5469 ταῦτα
2655 5416 2791 5484 μετά
2813 5413 3121 5486 ἀκριϐείας.
3146 5417 3472 5472 Ὑπόλοιπον
3497 5419 3606 5490 γάρ
3623 5419 3744 5472 ἐστι
3763 5420 3952 5487 δεῖξαι,

2368 5501 2517 5561 ποῖος
2565 5494 2633 5568 ῆν
2661 5502 2688 5552 6
2719 5500 2930 5570 καιρὸς,
2963 5501 3085 5554 καθ’
3118 5501 3176 5555 ὃν
3216 5502 3390 5574 εἰσῄει
3430 5504 3510 5568 εἰς
3544 5504 3615 5558 τὰ
3646 5505 3818 5574 Ἅγια
3849 5505 3952 5558 τῶν

2427 5689 2454 5748 -_
2483 5687 2580 5735 Alii
2600 5687 2937 5748 ἀποδείξωμεν.

2436 5745 2457 5787 ΐ
2483 5748 2565 5816 Si_c
2599 5746 2734 5816 edit.‘
2760 5745 2897 5816 εἰςτὸ
2917 5748 3177 5816 πρόσωπον
3205 5749 3294 5800 τοῦ
3331 5753 3627 5816 ἱλαστηρίου,
3660 5768 3778 5806 mss.
3810 5753 3873 5808 εἰς
3901 5750 3953 5798 τὸ

2371 5811 2664 5874 ἱλαστήριον.
2690 5814 2742 5858 ει
2758 5810 2830 5860 sic
2856 5810 2978 5872 legit
3001 5811 3268 5873 imerpres.
