4164 6324
253 389 360 444 355

251 500 504 557 dentibus
532 496 597 552 ad
641 494 899 551 insaniam
930 504 1098 559 usque
1124 486 1386 545 addictos.
1423 484 1848 551 templorumque

249 565 744 664 magniludinisvac
808 580 1223 654 pulchritudinis
1275 574 1631 664 admiratione
1677 572 1844 664 duci,

252 658 511 754 templum
558 679 685 750 ipsis
729 673 982 733 aediﬁcari
1024 669 1298 743 praecipit,
1343 663 1487 738 quod
1532 658 1847 754 nonmodo

249 750 492 830 materia:
534 766 925 840 magniﬁcentia
973 775 1133 833 atque
1176 759 1307 840 artis
1347 756 1622 820 varietate,
1670 750 1767 808 sed
1792 757 1849 805 et

245 874 534 921 structum
559 862 750 927 forma,
768 866 962 915 caetera
990 853 1190 919 omnia,
1217 866 1334 921 quae
1361 847 1557 917 ubique
1582 853 1845 906 terrarum

244 966 401 1013 erant
449 953 667 1024 templa,
713 951 1046 1005 obscuraret.
1088 944 1159 999 Et
1197 938 1644 1014 quemadmodum
1695 943 1848 1005 pater

246 1048 538 1103 liberorum
566 1060 754 1099 amans
782 1041 946 1096 ﬁlium
977 1036 1290 1108 profligatis,
1318 1030 1655 1105 perniciosis,
1688 1025 1844 1081 lasci-

246 1140 331 1195 vis
375 1138 683 1194 hominibus
711 1149 888 1199 usum,
936 1130 1207 1200 nimioque
1235 1128 1362 1181 luxu
1406 1122 1745 1185 dissolutum,
1778 1116 1846 1171 ad

244 1247 310 1289 se
355 1232 514 1301 longo
543 1227 801 1298 temporis
838 1221 1121 1280 intervallo
1164 1216 1453 1287 recipiens,
1486 1220 1601 1268 tuto
1639 1217 1699 1266 et
1723 1221 1847 1301 cum

248 1299 514 1397 dignitate
538 1322 591 1377 in
613 1318 804 1392 majori
830 1330 1011 1373 rerum
1036 1309 1355 1368 abundantia
1377 1303 1766 1397 constituit,_ne
1792 1299 1847 1354 in

246 1392 523 1489 angustias
566 1413 769 1484 aliquas
813 1408 1107 1479 conjectus,
1156 1403 1393 1474 priorum
1436 1392 1845 1489 recordatione,

243 1482 409 1579 atque
433 1506 595 1562 etiam
640 1482 930 1573 cupiditate
957 1494 1278 1566 corripiatur
1308 1508 1322 1545 :
1352 1489 1423 1543 ita
1455 1486 1598 1542 Deus
1628 1482 1848 1579 Iudaeos

239 1572 337 1657 ad-
364 1613 455 1656 res
499 1572 727 1655 sensiles
770 1608 894 1649 cum
953 1600 1173 1659 stupore
1217 1596 1515 1658 propensos
1558 1577 1764 1641 videns,
1794 1572 1849 1629 in

246 1692 398 1748 hisce
427 1690 557 1761 ipsis
584 1687 747 1744 rebus
786 1678 1283 1755 praestantissimum
1320 1670 1521 1746 aliquid
1564 1668 1748 1731 efﬁcit,
1780 1678 1851 1761 ne

245 1754 502 1853 umquam
531 1788 716 1851 postea
764 1754 1140 1847 [Egyptiorum
1182 1770 1275 1824 aut
1320 1779 1507 1822 eorum
1541 1776 1662 1833 qua:
1709 1754 1849 1827 apud

247 1872 537 1944 Egyptios
592 1867 798 1940 experti
868 1864 1115 1932 fuerant,
1176 1857 1469 1930 cupiditate
1530 1856 1851 1944 caperentur

246 1938 469 2037 (hired.
520 1961 633 2032 26)
664 1938 682 2015 ξ
714 1958 1079 2027 templumque
1127 1952 1258 2024 ipsis
1314 1947 1501 2005 statuit
1544 1945 1613 2000 ad
1663 1938 1851 1998 mundi

240 2054 541 2125 exemplar,
563 2051 834 2118 totiusque
856 2046 1111 2114 universi,
1156 2053 1265 2099 tam
1306 2040 1448 2112 quod
1477 2051 1661 2099 sensu,
1689 2047 1849 2105 quam

245 2147 394 2220 quod
419 2146 551 2202 solo.
564 2143 837 2200 intellectu
876 2138 1079 2213 percipi
1122 2142 1318 2206 potest.
1348 2132 1498 2187 Sicut
1536 2128 1678 2220 enim
1707 2134 1850 2220 terra

241 2218 347 2304 est,
377 2245 435 2294 et
452 2236 663 2303 caelum,
693 2240 749 2288 et
788 2231 1044 2295 medium,
1073 2225 1355 2299 sepimenti
1400 2225 1587 2286 instar,
1633 2218 1735 2273 hoc
1763 2218 1851 2269 fir-

242 2338 581 2387 mamentum
616 2344 630 2383 :
660 2327 733 2381 ita
758 2335 813 2380 et
844 2322 973 2378 illud
1001 2335 1216 2392 quoque
1241 2317 1358 2373 ﬁeri
1394 2314 1576 2385 jussit.
1603 2312 1852 2379 Duasque

241 2424 300 2479 in
343 2430 523 2492 partes
552 2418 725 2473 diviso
765 2416 868 2471 hoc
897 2413 1119 2483 templo,
1166 2420 1219 2465 et
1262 2408 1328 2463 ad
1368 2405 1604 2462 medium
1632 2402 1852 2457 obtentu

241 2513 388 2580 velo,
432 2525 550 2566 eam
585 2515 812 2579 partem,
846 2520 965 2574 qua:
1004 2511 1155 2557 extra
1201 2500 1378 2555 velum
1426 2503 1561 2559 erat,
1603 2492 1853 2549 omnibus

239 2599 579 2673 ingrediendi
608 2605 930 2669 potestatem
981 2594 1107 2648 fecit
1140 2610 1152 2647 :
1183 2590 1249 2645 ad
1291 2590 1513 2644 alteram
1545 2599 1675 2639 vero
1705 2583 1851 2673 illam

242 2672 557 2747 interiorem
601 2686 841 2752 nemini,
890 2692 1246 2755 prteterquam
1289 2692 1502 2733 summo
1544 2672 1807 2729 sacerdoti
1832 2710 1849 2742 ,

238 2785 445 2841 aditum
477 2791 641 2853 atque
665 2779 912 2835 intuitum
938 2784 1122 2845 patere
1142 2772 1403 2843 permisit.
1423 2766 1687 2823 Caeterum
1709 2761 1852 2834 quod

242 2878 365 2932 bare
395 2890 503 2929 non
549 2879 734 2928 nostra
783 2869 1093 2938 conjectura
1138 2866 1226 2930 sit,
1270 2862 1366 2919 sed
1411 2859 1553 2931 quod
1595 2856 1851 2923 templum

242 2979 433 3021 revera
462 2962 627 3018 totius
656 2958 839 3015 mundi
868 2956 935 3011 ad
965 2954 1271 3023 exemplum
1309 2956 1639 3007 exstructum
1665 2945 1850 3010 fuerit,

244 3054 375 3110 audi
421 3051 550 3123 quid
602 3049 798 3113 Paulus
827 3048 895 3102 de
934 3045 1151 3100 Christo
1198 3043 1251 3097 in
1295 3041 1483 3096 caelum
1529 3035 1854 3093 ascendente

242 3148 471 3218 loquens
499 3142 645 3199 dicat
672 3160 686 3196 :
716 3140 838 3195 Non
858 3139 990 3193 enim
1026 3138 1081 3191 in
1106 3137 1401 3205 manufacta
1421 3140 1603 3186 sancta
1629 3128 1855 3183 introivit

242 3239 495 3302 Christus,
513 3232 825 3301 exemplaria
849 3245 1080 3286 verorum
1105 3226 1291 3299 (Hebr.
1314 3223 1480 3294 9.24)
1502 3241 1515 3278 :
1537 3221 1848 3287 ostendens,

247 3330 394 3401 quod
423 3343 544 3399 qua:
588 3324 730 3396 apud
762 3338 859 3379 nos
897 3329 1042 3384 sunt,
1089 3332 1340 3375 verorum
1369 3318 1478 3372 sint
1504 3313 1852 3384 exemplaria.

245 3422 402 3492 Quod
428 3434 589 3492 porro
611 3419 788 3474 velum
813 3416 1088 3472 dirimeret
1114 3421 1299 3467 sancta
1340 3419 1647 3465 sanctorum
1675 3420 1707 3460 a
1731 3420 1856 3460 sau-

246 3514 356 3569 ctis
381 3521 531 3567 extra
557 3510 768 3583 positis,
800 3510 935 3563 sicut
965 3506 1069 3561 hoc
1092 3504 1284 3559 etelum
1326 3516 1447 3571 qua:
1476 3514 1637 3570 super
1664 3513 1724 3553 se
1752 3497 1852 3551 sita

246 3613 394 3669 sunt,
422 3602 492 3658 ab
515 3601 763 3658 omnibus
788 3614 905 3670 quae
949 3596 1088 3666 apud
1120 3609 1217 3650 nos
1242 3601 1386 3659 sunt,
1417 3589 1670 3661 disjungit
1692 3606 1705 3642 :
1730 3587 1855 3643 audi

244 3692 518 3765 quomodo
559 3691 721 3746 etiam
750 3690 852 3745 hoc
879 3686 1317 3747 subindicaverit,
1364 3697 1488 3740 cum
1516 3682 1705 3736 caelum
1752 3693 1850 3733 ve-

248 3786 363 3841 lum
393 3782 654 3854 appellat.
681 3780 757 3835 De
785 3794 880 3848 spe
929 3790 1158 3845 namque
1203 3772 1462 3837 referens,
1491 3770 1636 3841 quod
1681 3769 1852 3837 ipsam

244 3878 388 3934 sicut
415 3875 703 3930 anchoram
744 3872 936 3927 anima:
981 3870 1273 3924 habeamus
1299 3880 1461 3921 unam
1487 3878 1553 3919 ac
1596 3864 1803 3917 ﬁrmam
1837 3902 1853 3927 ,

246 3965 445 4023 deinde
479 3964 767 4035 subjungit
800 3981 813 4018 :
848 3961 912 4015 Et
951 3960 1261 4013 incedentem
1294 3970 1450 4025 usque
1494 3952 1565 4007 ad
1610 3952 1856 4006 interiora

248 4056 560 4120 selaminis;
608 4054 691 4107 ubi
739 4066 1024 4124 prwcursor
1060 4065 1154 4118 pro
1206 4047 1349 4100 nobis
1398 4045 1620 4098 introivit
1662 4042 1851 4109 Iesus,

251 4166 414 4218 supra
434 4147 616 4201 calum
632 4160 833 4198 sursum
860 4140 1045 4213 (Hebr.
1064 4140 1117 4194 6.
1142 4138 1231 4194 19.
1255 4137 1373 4205 20).
1402 4134 1565 4190 Vides
1585 4131 1853 4203 quomodo

242 4242 445 4305 caelum
492 4238 741 4293 velamen
792 4230 1179 4304 appellaverit?
1228 4228 1394 4283 Extra
1441 4227 1615 4281 velum
1673 4233 1853 4278 autem

253 4342 375 4389 erat
401 4327 807 4393 candelabrum,
854 4332 911 4379 et
954 4336 1161 4389 mensa,
1209 4327 1265 4374 et
1304 4318 1471 4372 altare
1517 4331 1737 4380 meum,
1786 4314 1851 4367 ad

250 4424 520 4481 sacrificia
560 4429 617 4477 et
659 4420 1092 4474 holocautomata
1120 4410 1456 4483 excipienda.
1500 4410 1645 4465 intra
1674 4408 1852 4463 velum

249 4530 383 4570 vero
432 4527 555 4567 arca
604 4512 947 4565 circtuntecta
974 4521 1039 4561 ex
1087 4503 1233 4559 omni
1282 4509 1432 4572 parte
1461 4516 1615 4565 auro,
1647 4497 1855 4552 tabulas

252 4602 560 4661 testamenti
578 4602 801 4665 habens,
819 4607 873 4653 et
893 4611 1081 4651 urnam
1109 4609 1349 4655 auream,
1375 4590 1646 4660 utvirgam
1674 4591 1854 4642 Aaron

248 4711 373 4767 qua:
399 4693 732 4756 fronduerat,
762 4699 817 4744 et
842 4690 1009 4743 altare
1053 4701 1297 4749 aureum,
1330 4698 1436 4737 non
1483 4680 1613 4735 illud
1648 4678 1853 4733 sacriﬁ-

250 4789 462 4843 ciorum
508 4796 563 4840 et
591 4783 1047 4844 bolocaustorum,
1080 4778 1175 4833 sed
1220 4777 1385 4831 solius
1429 4773 1740 4828 sufﬁmenti.
1789 4771 1857 4826 Et

254 4896 356 4952 per
384 4894 447 4934 ea
492 4891 612 4948 quis
638 4884 789 4931 extra
817 4880 991 4939 erant,
1017 4871 1266 4926 omnibus
1298 4868 1548 4925 incedere
1592 4865 1671 4919 fas
1697 4877 1851 4931 erat;

250 4988 352 5044 per
381 4985 443 5026 ea
490 4982 619 5023 vero
661 4983 781 5037 quae
829 4968 993 5029 intus,
1046 4962 1150 5017 soli
1200 4976 1411 5016 summo
1460 4957 1746 5015 sacerdoti.
1778 4958 1857 5013 De

254 5064 404 5117 hisce
433 5060 563 5128 ipsis
589 5074 773 5113 rursus
804 5055 1167 5111 testimonium
1193 5068 1260 5107 ex
1288 5051 1452 5106 Paulo
1479 5050 1636 5113 dabo,
1662 5050 1749 5119 qui
1778 5050 1856 5105 sic

252 5154 330 5206 ait
360 5168 374 5203 :
410 5149 603 5203 Habuit
645 5148 845 5217 quidem
888 5146 1029 5213 prius
1058 5143 1435 5196 tabernaculum
1462 5142 1856 5210 justiﬁcationes

254 5242 489 5306 culturis,
536 5250 583 5293 et
622 5248 851 5291 sanctum
894 5235 1136 5290 sarculare
1180 5233 1353 5301 (Hebr.
1394 5233 1447 5288 9.
1484 5233 1536 5303 1)
1573 5243 1852 5286 :sanctum

254 5332 514 5388 maculare
544 5329 775 5399 appellat
798 5327 1032 5381 exterius
1056 5326 1452 5379 tabernaculum
1484 5341 1496 5375 :
1525 5323 1857 5394 quandoqui—

245 5432 370 5487 dem
405 5430 504 5481 toti
532 5423 736 5480 mundo
772 5417 976 5487 ingredi
1017 5417 1213 5473 licebat
1243 5434 1254 5467 :
1288 5416 1339 5468 in
1368 5432 1464 5484 quo
1494 5415 1856 5469 candelabrum

262 5522 306 5567 et
337 5527 509 5563 mensa
534 5521 579 5561 et
612 5510 889 5579 propositio
919 5523 1127 5577 panum.
1160 5506 1284 5561 Post
1326 5508 1659 5560 velamentum
1689 5518 1855 5559 autem

256 5603 533 5657 secundum
547 5602 944 5666 tabernaculum,
963 5598 1095 5669 quod
1134 5599 1316 5652 dicitur
1336 5607 1510 5652 sancta
1530 5610 1817 5653 sanctorum
1838 5638 1853 5665 ,

256 5710 466 5755 aureum
487 5694 673 5745 habens
692 5691 1024 5758 thuribulum,
1043 5701 1088 5745 ct
1108 5708 1280 5744 arcam
1295 5692 1574 5745 testamenti
1594 5692 1857 5745 circumte-

256 5795 389 5839 ctam
417 5800 477 5837 ea:
504 5786 641 5837 omni
686 5797 824 5855 parte
870 5784 1106 5851 auro,in
1142 5800 1240 5852 qua
1288 5799 1419 5835 urna
1470 5799 1622 5835 aurea
1669 5782 1853 5837 habent

1215 371 1281 428 IN
1321 370 1486 427 DlEM
1522 364 1852 424 NATALEH
1892 363 1954 419 Β.
1996 360 2060 418 Ν.
2097 360 2262 419 JESU
2300 356 2599 418 CHRISTI.
2690 416 2693 417 ν

3449 356 3556 413 356

1959 490 2169 540 manna,
2200 484 2246 529 et
2273 476 2413 543 virga
2437 474 2610 527 Aaron
2632 486 2748 544 quia
2768 469 3085 540 fronduerat,
3125 481 3173 525 et
3196 470 3379 527 tabula:
3404 481 3556 527 testa-

1954 565 2109 620 menti
2144 580 2164 619 :
2196 581 2351 636 super
2391 580 2503 619 eam
2531 572 2698 618 autem
2724 572 2867 618 erant
2909 561 3177 619 Cherubin:
3217 562 3428 635 gloriae,
3464 564 3555 617 ob-

1955 656 2243 713 umbrantia
2286 655 2717 726 propitiatorium.
2763 650 2863 707 His
2905 668 3022 709 vero
3046 653 3120 708 ita
3160 654 3471 723 compositis,
3501 655 3554 708 in

1955 749 2115 820 priori
2136 746 2339 817 quidem
2368 747 2698 802 tabernaculo
2725 762 2922 815 semper
2948 744 3223 801 introibant
3247 746 3553 810 sacerdotes,

1951 841 2318 910 sacriﬁciorum
2357 839 2519 910 oﬂicia
2560 845 3002 904 consummantes;
3042 836 3097 891 in
3133 837 3355 892 secundo
3388 846 3558 891 autem

1951 932 2105 986 semel
2129 932 2183 986 in
2217 946 2353 986 anno
2377 931 2515 986 solus
2544 930 2793 1000 pontifex,
2826 945 2930 983 non
2953 929 3061 983 sine
3099 930 3366 998 sanguine,
3408 945 3557 999 quem

1952 1023 2100 1091 olfert
2121 1040 2213 1094 pro
2242 1039 2335 1078 sua
2356 1031 2405 1077 et
2419 1022 2595 1094 pOpuii
2621 1021 2911 1093 ignorantia
2936 1019 3122 1088 (Hebr.
3142 1020 3195 1075 9.
3217 1019 3363 1093 2-7).
3394 1019 3559 1075 Vides

1952 1114 2124 1170 solum
2153 1112 2357 1184 ingredi
2374 1126 2641 1167 summum
2662 1109 3023 1178 sacerdotem,
3042 1110 3204 1181 idque
3222 1110 3388 1166 semel
3409 1108 3557 1165 dum-

1953 1214 2097 1260 taxat
2127 1212 2238 1260 toto
2263 1203 2445 1259 anno?
3580 1256 3584 1260 Α

2023 1297 2079 1352 4.
2108 1294 2305 1350 Verum
2334 1293 2461 1367 quid
2491 1292 2628 1359 haec,
2672 1294 2870 1365 inquis,
2920 1292 2987 1349 ad
3026 1303 3346 1365 praesentem
3376 1294 3556 1351 diem?

1954 1386 2613 1458 Exspectate'paulisper,
2668 1398 2768 1441 nec
2817 1384 3260 1441 tumultuemini:
3306 1401 3338 1441 a
3380 1387 3558 1456 capite

1952 1481 2094 1535 enim
2127 1478 2325 1534 fontem
2354 1476 2623 1544 ducimus,
2650 1485 2703 1531 et
2732 1475 2800 1532 ad
2829 1476 3003 1559 ipsum
3025 1476 3104 1532 rei
3132 1475 3403 1548 fastigium
3430 1492 3556 1547 per-

1954 1572 2139 1628 venire
2173 1569 2569 1635 contendimus,
2597 1576 2657 1624 ut
2705 1579 2900 1625 cuncta
2934 1568 3086 1625 nullo
3132 1572 3347 1642 negotio
3402 1571 3555 1626 vobis

1954 1670 2139 1732 aperta
2166 1668 2326 1732 atque
2353 1668 2634 1730 perspecta
2662 1658 2792 1715 sint.
2824 1658 3079 1726 Quinimo
3104 1675 3177 1717 ne
3198 1660 3399 1715 diutius
3428 1676 3552 1715 ver-

1953 1754 2143 1809 borum
2170 1752 2550 1823 integumentis
2585 1759 2769 1808 nostra
2798 1752 3149 1809 obumbretur
3183 1752 3379 1819 oratio,
3420 1768 3557 1809 neve

1955 1843 2277 1915 implicatior
2296 1842 2409 1910 ﬁat,
2439 1843 2709 1913 nimiaque
2729 1857 2938 1911 eorum,
2972 1858 3094 1914 qua:
3128 1843 3400 1912 dicuntur,
3432 1844 3552 1899 lon-

1953 1934 2194 2006 gitudine
2216 1932 2583 2004 defatigemini
2609 1949 2623 1986 :
2646 1934 2759 2005 jam
2775 1924 3039 1989 rationem
3063 1933 3217 1989 vobis
3259 1949 3551 2004 exponam,

1954 2040 2051 2080 cur
2074 2024 2190 2080 baac
2230 2025 2429 2092 omnia,
2478 2033 2585 2079 tam
2634 2024 2744 2079 alte
2796 2025 3043 2095 repetita,
3090 2025 3375 2080 moverim.
3422 2024 3553 2093 Qua:

1957 2133 2118 2189 porro
2138 2117 2297 2187 hujus
2322 2117 2400 2173 rei
2428 2117 2597 2173 ratio?
2622 2115 2755 2172 Cum
2781 2132 2994 2172 menses
3011 2117 3123 2187 jam
3167 2132 3264 2174 sex
3311 2118 3556 2174 Elizabet

1954 2209 2212 2266 Joannem
2239 2210 2291 2264 in
2323 2218 2476 2265 utero
2495 2216 2751 2281 gestaret,
2775 2216 2885 2263 tum
2900 2207 3062 2265 Maria
3088 2208 3354 2280 concepit.
3376 2208 3557 2279 itaque

1955 2304 2002 2358 si
2027 2302 2317 2371 discamus,
2350 2302 2595 2374 quisnam
2622 2309 2807 2357 sextus
2831 2301 2923 2357 ille
2963 2302 3165 2357 mensis
3194 2300 3371 2368 fuerit,
3407 2311 3557 2357 certo

1955 2396 2113 2451 etiam
2142 2396 2401 2463 sciemus,
2433 2395 2648 2467 quando
2671 2395 2897 2468 coeperit
2923 2394 3086 2451 Maria
3113 2395 3416 2466 concipere.
3450 2397 3557 2452 De-

1958 2486 2081 2541 inde
2123 2500 2245 2541 cum
2302 2487 2745 2557 cognoverimus,
2802 2485 3070 2557 quodnam
3120 2493 3416 2557 conceptus
3470 2488 3555 2543 sui

1957 2576 2276 2648 principium
2299 2577 2563 2642 habuerit,
2589 2578 2772 2648 utiQue
2800 2576 3014 2647 quando
3043 2579 3312 2648 pepererit
3353 2591 3556 2649 cogno-

1955 2684 2189 2736 scemus,
2222 2684 2415 2725 novem
2446 2683 2659 2725 menses
2685 2684 2717 2723 a
2740 2669 3091 2739 conceptione
3121 2680 3485 2725 numerantes.

2025 2758 2312 2814 Zacharias
2338 2776 2437 2830 quo
2468 2771 2691 2831 tempore
2711 2742 2951 2829 angelum
2976 2759 3288 2830 alloquutus.
3308 2790 3380 2801 --
3404 2760 3561 2818 Unde

1958 2850 2138 2919 igitur,
2165 2850 2410 2921 quisnam
2433 2850 2525 2905 ille
2546 2860 2732 2905 sextus
2752 2850 2957 2905 mensis
2986 2850 3144 2905 fuerit
3177 2854 3554 2923 prmgnationis

1956 2939 2218 3005 Elizabet,
2244 2941 2401 2996 nobis
2419 2941 2727 2996 constabit?
2754 2940 2889 2996 Hinc
2920 2942 3145 3010 scilicet,
3174 2943 3219 2997 si
3247 2959 3353 3015 quo
3373 2961 3560 3003 mense

1957 3030 2174 3100 gravida
2208 3031 2325 3085 ﬁeri
2353 3031 2599 3100 coeperit,
2630 3032 3011 3101 intelligamus.
3035 3032 3191 3088 Unde
3214 3043 3416 3101 autem,
3439 3037 3562 3109 quis

1957 3123 2048 3178 ille
2076 3122 2255 3189 fuerit,
2282 3121 2660 3177 addiscemus?
2716 3122 2775 3176 Si
2804 3123 3035 3177 sciamus
3058 3138 3165 3194 quo
3193 3132 3435 3196 tempore
3461 3127 3562 3182 l:e-'

1958 3226 2071 3271 tum
2103 3215 2206 3270 hac
2225 3214 2295 3269 de
2321 3229 2381 3270 re
2406 3214 2652 3269 nuntium
2679 3212 2965 3269 Zacharias
2994 3213 3111 3285 ejus
3150 3217 3374 3273 maritus
3398 3234 3558 3275 acce-

1958 3311 2117 3380 perit.
2145 3310 2415 3365 Caeterum
2461 3308 2564 3363 hoc
2621 3308 2796 3378 ipsum
2840 3309 2984 3365 unde
3036 3299 3194 3367 nobis
3232 3312 3557 3383 explicatum

1959 3400 2101 3455 erit?
2122 3400 2199 3454 Ex
2231 3399 2427 3454 divinis
2457 3398 2747 3468 Scripturis
2772 3418 2784 3453 :
2814 3401 3085 3471 quomodo
3116 3418 3326 3458 sacrum
3377 3405 3561 3460 Evan-

1956 3493 2154 3563 gelium
2184 3490 2348 3547 refert
2373 3492 2646 3547 Zacharia:
2670 3493 2909 3549 versanti
2946 3494 3085 3549 intra
3128 3506 3310 3552 sancta
3348 3508 3562 3554 sancto-

1958 3599 2079 3638 rum
2106 3584 2355 3653 angelum
2387 3583 2567 3638 ltetum
2593 3584 2837 3640 attulisse
2878 3587 3146 3654 nuntium,
3202 3597 3258 3643 et
3288 3589 3357 3644 de
3406 3600 3561 3660 partu

1958 3675 2181 3732 Joannis
2202 3675 2253 3729 ei
2282 3674 2614 3745 prmdixisse.
2662 3675 2719 3731 Si
2769 3692 2954 3748 ergoe
2995 3682 3162 3734 sacris
3205 3681 3375 3737 literis
3419 3683 3564 3739 clare

1958 3766 2319 3835 docuerimus,
2352 3766 2519 3822 semel
2549 3767 2828 3823 dumtaxat
2856 3778 3038 3825 sancta
3068 3780 3375 3828 sanctorum
3414 3790 3562 3829 sum-

1959 3873 2105 3913 mum
2154 3856 2489 3913 sacerdotem
2532 3859 2652 3914 sine
2704 3858 2814 3915 ullo
2862 3862 3060 3918 comite
3110 3863 3339 3933 ingredi,
3376 3873 3431 3921 et
3454 3882 3562 3937 quo

1961 3960 2227 4021 tempore,
2260 3960 2315 4007 et
2339 3960 2505 4022 quoto
2547 3951 2678 4006 anni
2706 3968 2893 4009 mense
2914 3994 2931 4021 ,
2956 3954 3110 4009 unica
3139 3956 3223 4010 illa
3247 3958 3364 4013 vice
3388 3958 3561 4015 intro-

1959 4049 2046 4097 eat
2081 4059 2094 4097 :
2126 4043 2180 4096 in
2208 4044 2569 4112 cognitionem
2616 4054 2857 4113 apertam
2891 4048 3174 4116 temporis,
3228 4065 3335 4119 quo
3379 4048 3561 4105 laetum

1960 4134 2106 4188 illum
2150 4134 2393 4188 nuntium
2421 4136 2657 4204 accepit,
2694 4135 3041 4191 deveniemus
3072 4155 3084 4191 :
3124 4153 3230 4207 quo
3266 4138 3559 4204 declarato,

1960 4228 2119 4283 etiam
2150 4227 2472 4297 principium
2499 4228 2868 4298 conceptionis
2896 4229 3140 4299 protinus
3166 4232 3416 4287 omnibus
3444 4234 3561 4288 elu-

1959 4327 2159 4373 cescet.
2215 4317 2398 4388 Itaque
2424 4318 2565 4388 quod
2585 4319 2755 4373 semel
2786 4328 2989 4373 tantum
3017 4321 3069 4372 in
3099 4335 3241 4374 anno
3268 4320 3373 4375 huc
3404 4322 3562 4377 intro-

1962 4409 2147 4471 iretur,
2206 4409 2368 4463 etiam
2400 4409 2595 4464 Paulus
2643 4409 3004 4465 manifestavit
3036 4427 3049 4464 :
3083 4413 3208 4482 quin
3254 4423 3307 4468 et
3351 4414 3560 4488 Moyses

1962 4500 2190 4569 itlipsum
2218 4509 2403 4568 aperte
2433 4500 2687 4565 ostendit,
2724 4501 2826 4555 hoc
2873 4502 3034 4555 modo
3076 4503 3301 4572 loquens
3331 4523 3344 4559 :
3382 4504 3447 4559 Et
3483 4508 3563 4561 lo-

1960 4602 2143 4660 quutus
2168 4601 2240 4643 est
2290 4573 2541 4646 Dominus
2587 4593 2655 4644 ad
2690 4590 2922 4661 Moysen.
2952 4594 3124 4648 dicens
3170 4612 3189 4648 :
3238 4595 3469 4666 Loquere
3494 4600 3562 4652 ad

1960 4684 2132 4735 Aaron
2163 4683 2374 4751 fratrem
2404 4692 2565 4745 tuum,
2596 4692 2643 4735 et
2688 4696 2751 4737 ne
2786 4685 2925 4737 omni
2961 4693 3184 4755 tempore
3238 4688 3559 4757 ingrediatur

1962 4774 2327 4837 sanctuarium,
2360 4773 2496 4843 quod
2526 4784 2598 4827 est
2623 4775 2758 4827 intra
2785 4775 2949 4829 velum
2986 4792 3158 4829 coram
3185 4780 3557 4849 prapitiatorio,

1961 4869 2096 4939 quod
2124 4876 2197 4921 est
2222 4882 2381 4937 supra
2409 4883 2580 4920 arcam
2607 4868 2894 4933 testimonii,
2934 4877 2980 4922 et
3017 4885 3119 4923 non
3146 4872 3391 4925 moriatur
3411 4872 3558 4942 (Leu.

1965 4959 2051 5013 16.
2086 4959 2159 5028 1).
2207 4958 2275 5013 Et
2304 4958 2497 5013 iterum
2530 4976 2545 5011 :
2575 4958 2641 5011 Et
2663 4960 2827 5011 omnis
2865 4961 3014 5013 homo
3064 4977 3165 5017 non
3196 4965 3287 5018 erit
3312 4964 3366 5014 in
3393 4963 3564 5017 taber-

1962 5051 2147 5103 naculo
2174 5050 2467 5114 testimonii,
2495 5048 2698 5117 quando
2749 5050 2861 5118 ipse
2890 5055 3234 5107 summarium
3280 5056 3555 5125 ingreditur

1962 5141 2031 5193 ad
2058 5140 2399 5208 expiandum,
2431 5140 2588 5193 donec
2617 5141 2946 5210 egrediatur;
2977 5152 3023 5196 et
3065 5146 3285 5214 expiabit
3321 5162 3414 5213 pro
3439 5165 3489 5200 se
3515 5160 3560 5201 et

1964 5233 2113 5285 domo
2143 5249 2255 5298 sua,
2281 5241 2327 5285 et
2378 5248 2470 5299 pro
2518 5234 2747 5287 universo
2782 5245 2912 5287 coetu
2957 5231 3123 5291 Israel
3154 5235 3314 5307 (Ibid.
3350 5239 3457 5307 17).
3497 5240 3565 5292 Et

1964 5325 2184 5395 expiabit
2210 5341 2365 5391 super
2389 5326 2569 5389 altare,
2600 5326 2735 5392 quod
2761 5338 2833 5380 est
2864 5341 3037 5379 coram
3065 5327 3283 5382 Domino
3306 5329 3413 5397 (Ib.
3448 5330 3557 5398 18).

1965 5415 2045 5469 Ex
2077 5417 2159 5469 liis
2188 5416 2372 5483 liquet,
2402 5430 2509 5469 non
2550 5416 2787 5485 quolibet
2834 5426 3073 5488 tempore
3114 5420 3167 5474 in
3196 5432 3379 5475 sancta
3432 5438 3559 5475 sau-

1965 5517 2171 5561 ctorum
2218 5508 2516 5575 ingressum
2548 5507 2731 5573 fuisse,
2760 5516 2813 5561 et
2842 5508 2967 5562 dum
2998 5514 3139 5564 intus
3169 5520 3331 5573 esset.
3360 5514 3558 5567 nemini

1967 5600 2043 5653 las
2073 5598 2236 5653 fuisse
2268 5614 2328 5652 ea
2360 5599 2671 5669 contingere
2697 5642 2709 5664 ,
2744 5600 2838 5654 sed
2872 5610 3023 5656 extra
3052 5604 3226 5657 velum
3259 5607 3559 5660 consisten-

1966 5690 2091 5743 dum
2124 5690 2307 5744 fuisse.
2334 5690 2529 5745 Verum
2570 5690 2683 5745 inec
2715 5707 2809 5746 vos
2841 5693 3027 5747 sedulo
3072 5706 3249 5748 incute
3279 5707 3451 5750 vestra
3485 5709 3561 5752 tc-

1968 5791 2109 5837 nete.
2163 5782 2440 5847 Reliquum
2476 5782 2612 5836 enim
2646 5792 2747 5850 est,
2798 5790 2852 5837 ut
2894 5784 3157 5854 quodnam
3192 5784 3318 5839 illud
3354 5796 3567 5858 tempus
