4164 6324
651 336 754 390 357

651 448 831 512 luerit,
864 460 966 516 quo
996 444 1140 499 solus
1165 441 1562 514 ingrediebstur
1599 441 1650 496 in
1683 449 1862 503 sancta
1902 451 2229 506 sanctorum,

651 537 811 606 idque
836 536 1002 590 semel
1034 535 1309 589 dumtaxat
1352 534 1405 588 in
1442 548 1603 596 anno,
1651 532 1803 587 vobis
1853 532 2231 586 demonstrem.

652 630 764 696 Qua
793 628 997 680 ratione
1028 635 1202 681 autem
1235 625 1336 680 hoc
1367 624 1607 692 patebit?
1633 625 1709 678 Ex
1755 624 1940 678 eodem
1986 622 2233 676 nimirum

649 718 754 772 ltoc
785 718 920 772 libro
968 734 979 768 :
1022 719 1090 770 ita
1121 717 1261 770 enim
1293 715 1526 770 dicitur:
1563 715 1738 770 Mense
1764 717 1996 784 septimo,
2043 713 2236 767 decima

650 809 738 861 die
764 810 966 871 mensis,
997 806 1324 861 Itumiliabitis
1353 808 1550 860 animas
1598 815 1801 871 vestras,
1831 813 1876 858 et
1918 819 2065 858 omne
2107 819 2235 873 opus

647 915 749 951 non
773 899 970 966 iacietis
998 899 1136 957 :sive
1160 899 1421 966 indigena,
1448 899 1551 952 sive
1575 897 1786 961 advena,
1811 896 1897 966 qui
1920 895 2127 948 additur
2154 895 2235 949 in-

647 1001 722 1042 ter
742 1007 846 1046 vos.
879 989 941 1042 In
969 991 1062 1042 bac
1079 991 1206 1044 enim
1236 990 1316 1041 die
1344 989 1564 1058 expiatio
1595 989 1686 1042 erit
1715 988 1881 1053 vestri,
1915 997 1969 1041 ut
1995 986 2234 1040 emunde-

646 1081 772 1134 ntini
799 1083 860 1134 ab
885 1078 1112 1134 omnibus
1132 1081 1346 1149 peccatis
1373 1080 1547 1133 vestris
1577 1095 1596 1133 :
1621 1096 1792 1132 coram
1831 1078 2053 1132 Domino
2087 1095 2234 1132 mun-

648 1173 845 1226 demini
863 1187 882 1224 :
911 1172 1117 1225 sabbata
1140 1171 1483 1237 sabbatorum,
1512 1171 1704 1240 requies
1735 1171 1827 1223 erit
1863 1171 1972 1224 htec
1997 1169 2147 1236 vobis,
2186 1178 2233 1223 et

646 1263 971 1317 humiliabitis
1013 1264 1209 1317 animas
1256 1272 1481 1324 vestras;
1519 1261 1705 1326 eritque
1747 1261 1883 1315 vobis
1939 1261 2031 1314 hoc
2069 1260 2234 1330 legiti-

643 1370 781 1405 suum
807 1353 1183 1422 sempiternum.
1227 1352 1465 1421 Expiabit
1491 1361 1657 1405 autem
1682 1353 1934 1414 sacerdos,
1957 1367 2103 1419 quem
2131 1366 2232 1403 un-

642 1445 828 1508 serint,
859 1455 902 1497 et
928 1445 1078 1513 cujus
1104 1459 1281 1496 manus
1302 1443 1629 1508 initiaverint,
1662 1453 1715 1495 ut
1739 1442 2021 1496 sacerdotio
2043 1443 2231 1514 funga-

644 1549 729 1586 tur
749 1543 858 1603 post
883 1544 1077 1604 patrem
1091 1550 1259 1598 suum,
1282 1542 1330 1586 et
1359 1533 1597 1587 induetur
1622 1533 1752 1588 stola
1768 1542 1961 1596 sancta,
1985 1542 2033 1586 et
2057 1537 2233 1603 expia.

643 1626 714 1679 bit
758 1637 933 1679 sancta
966 1635 1276 1691 sanctorum,
1321 1636 1369 1680 et
1409 1625 1790 1679 tabernaculum
1831 1625 2134 1688 testimonii;
2185 1634 2232 1678 et

644 1717 807 1770 altare
828 1718 1083 1786 expiabit;
1110 1726 1154 1769 et
1180 1732 1270 1784 pro
1294 1716 1612 1770 sacerdotum
1639 1715 1874 1785 peccatis,
1921 1725 1968 1768 et
1996 1730 2088 1783 pro
2114 1715 2232 1767 uni-

643 1824 785 1876 verso
812 1806 989 1876 populi
1012 1817 1137 1859 ctetu
1160 1807 1399 1876 expiabit.
1430 1806 1642 1874 Eritque
1667 1805 1760 1858 hoc
1790 1806 1924 1859 vobis
1954 1804 2233 1875 legitimum

643 1875 1024 1966 sempiternum,
1059 1907 1110 1949 ut
1161 1875 1372 1964 expietis
1421 1914 1512 1967 pro
1547 1897 1666 1967 ﬁliis
1695 1896 1861 1950 Israel
1901 1896 1964 1949 ab
2005 1896 2235 1951 omnibus

645 1988 860 2057 peccatis
890 2004 1084 2040 eorum.
1119 1986 1291 2041 Semel
1311 1988 1363 2040 in
1382 2003 1518 2040 anno
1545 1988 1652 2055 ﬁet,
1682 1987 1812 2040 sicut
1841 1987 2080 2056 praecepit
2121 1984 2234 2038 Do-

643 2078 811 2130 minus
833 2076 1002 2146 Moysi
1022 2075 1207 2145 (Levii.
1248 2079 1450 2150 16-29).
1480 2073 1556 2129 De
1586 2074 1723 2130 festo‘
1749 2075 2233 2130 Tabernaculorum

646 2168 734 2222 hic
763 2183 942 2222 sermo
972 2177 1054 2222 est
1087 2184 1099 2218 :
1135 2178 1260 2222 tunc
1309 2165 1450 2222 enim
1490 2167 1658 2221 semel
1700 2182 1940 2222 summus
1981 2167 2233 2222 sacerdos

643 2259 930 2327 quotannis
959 2258 1354 2328 iugrediebatur
1385 2274 1398 2311 :
1430 2258 1574 2328 quod
1601 2268 1655 2312 et
1682 2259 1798 2327 ipse
1836 2258 2121 2328 explicavit
2150 2258 2233 2314 his

645 2352 848 2415 verbis,
879 2352 1127 2420 quoniam
1155 2351 1309 2404 semel
1334 2350 1388 2404 in
1403 2367 1537 2404 anno
1557 2351 1658 2405 hoc
1684 2351 1791 2420 ﬁet.

715 2444 770 2499 5.
822 2441 877 2496 Si
922 2457 1050 2511 ergo
1096 2442 1214 2496 festi
1263 2441 1751 2498 Tabernaculorum
1805 2452 2047 2512 tempore
2089 2442 2234 2498 solus

642 2549 885 2588 summus
929 2533 1183 2588 sacerdos
1227 2533 1523 2603 ingreditur
1561 2534 1615 2588 in
1659 2544 1840 2588 sancta
1888 2542 2230 2599 sanctorum;

642 2640 742 2695 age
779 2624 1032 2693 deinceps
1071 2623 1437 2691 ostendamus,
1492 2633 1618 2703 tunc
1659 2624 1930 2680 Zachariae
1983 2625 2231 2695 angelum

640 2718 972 2789 apparuisse,
1021 2717 1236 2786 quando
1267 2717 1319 2772 in
1369 2718 1569 2771 sanctis
1611 2727 1917 2772 sanctorum
1950 2728 2103 2774 erat:
2134 2717 2234 2772 soli

641 2811 785 2863 enim
832 2809 930 2880 ipsi
979 2809 1254 2863 incensum
1306 2810 1536 2864 adoleuti
1595 2811 1876 2865 visusest:
1907 2810 2052 2866 solus
2106 2824 2234 2865 vero

641 2914 935 2968 numquam
983 2898 1281 2971 ingreditur
1325 2915 1566 2955 summus
1621 2900 1914 2967 sacerdos,
1954 2901 2055 2956 nisi
2106 2909 2234 2957 tunc

643 2992 922 3063 temporis.
969 2991 1110 3048 Nihil
1161 3001 1337 3048 autem
1371 2991 1598 3062 impedit
1644 2993 1771 3061 quin
1804 2993 1917 3062 ipsa
1955 2991 2233 3047 audiamus

640 3085 802 3139 verba
833 3086 1197 3156 evangelista.
1228 3083 1351 3138 Fuit
1366 3085 1418 3138 in
1439 3083 1612 3138 diebus
1636 3082 1855 3138 Herodis
1882 3084 2013 3154 regis
2036 3083 2235 3140 Judtea:

640 3177 879 3231 sacerdos
898 3177 1104 3247 quidam
1134 3177 1334 3230 nomine
1352 3175 1651 3242 Zacharias,
1685 3185 1731 3229 et
1755 3191 1886 3229 uxor
1909 3175 2049 3230 illius
2088 3177 2151 3231 de
2170 3177 2234 3244 ﬁ-

640 3265 804 3320 liabus
829 3266 1021 3331 Aaron,
1052 3276 1097 3320 et
1125 3282 1306 3320 nomen
1334 3268 1444 3338 ejus
1477 3265 1707 3319 Elizabet
1751 3264 1901 3335 (Luc.
1930 3266 1982 3319 1.
2019 3265 2095 3335 5).
2121 3264 2231 3319 Fa-

640 3365 777 3410 ctum
801 3365 874 3409 est
898 3365 1087 3422 autem,
1111 3372 1224 3409 cum
1238 3356 1346 3426 ipse
1366 3356 1645 3411 sacerdotio
1669 3361 1964 3428 fungeretur
1985 3355 2039 3408 in
2057 3355 2236 3409 ordine

639 3447 760 3507 vicis
783 3462 891 3500 sute
917 3456 1036 3502 ante
1075 3445 1263 3511 Deum,
1293 3447 1571 3501 secundum
1621 3447 2036 3502 consuetudinem
2063 3461 2234 3500 sacer-

638 3539 784 3604 dotii,
811 3548 944 3594 sorte
965 3539 1106 3605 exiit,
1135 3547 1188 3592 ut
1209 3539 1468 3593 incensum
1495 3547 1722 3608 poneret,
1752 3539 2009 3608 ingressus
2035 3538 2088 3592 in
2109 3545 2235 3590 tem-

643 3630 782 3696 plum
838 3628 1067 3686 Domini.
1116 3628 1182 3689 Et
1198 3630 1360 3684 omnis
1401 3629 1668 3683 multitudo
1716 3631 1892 3700 p0puli
1933 3640 2040 3683 erat
2079 3645 2231 3683 orans

642 3719 787 3789 foris,
810 3720 936 3773 Itora
956 3721 1146 3774 incensi
1166 3719 1326 3790 (Ibid.
1348 3721 1534 3793 8-10).
1557 3721 1671 3777 Hoc
1691 3721 1810 3776 loco
1835 3722 1887 3775 in
1915 3721 2231 3776 memoriam

642 3826 861 3874 revera,
884 3811 1094 3875 dilecte,
1117 3811 1474 3865 testimonium
1498 3811 1650 3878 illud,
1675 3811 1816 3880 quod
1832 3812 1905 3865 ait
1933 3829 1946 3864 :
1977 3810 2043 3864 Et
2068 3811 2232 3864 omnis

641 3902 791 3954 homo
836 3917 935 3954 non
972 3902 1065 3953 erit
1115 3901 1167 3953 in
1214 3900 1546 3954 tabernaculo
1585 3899 1873 3964 testimonii,
1922 3900 2234 3970 ingrediente

638 3994 752 4068 ipso
769 3991 835 4044 ad
855 3991 1163 4059 expiandum
1189 3993 1243 4044 in
1265 4001 1439 4046 sancta
1468 4000 1758 4045 sanctorum
1774 4031 1789 4056 ,
1819 3991 1978 4045 donec
2003 3991 2233 4061 egredia-

640 4093 722 4138 tur
746 4083 929 4157 (Leuit.
963 4085 1048 4138 16.
1081 4085 1194 4156 17).
1214 4084 1464 4153 Apparuit
1490 4093 1661 4138 autem
1683 4084 1761 4137 illi
1785 4082 1994 4152 angelus
2019 4081 2230 4136 Domini

640 4187 779 4234 stans
802 4192 832 4227 a
859 4175 1049 4233 dextris
1077 4175 1255 4237 altaris
1300 4168 1488 4228 incensi
1522 4173 1671 4244 (Luc.
1720 4174 1772 4228 1.
1805 4173 1919 4242 11).
1953 4172 2071 4226 Non
2096 4172 2230 4226 dixit

641 4269 827 4324 altaris
867 4267 1276 4335 sacrificiorum,
1327 4267 1421 4322 sed
1447 4267 1624 4320 altaris
1673 4267 1863 4320 incensi
1899 4281 1917 4319 :
1948 4274 2229 4335 propterea

641 4361 784 4438 quod
833 4360 1000 4415 altare
1041 4360 1422 4414 sacriliciorﬁm
1487 4367 1543 4416 et
1607 4357 2035 4415 bolocaustorum
2097 4355 2231 4410 loris

641 4461 806 4519 esset,
839 4452 979 4506 intus
1016 4465 1143 4505 vero
1170 4449 1393 4514 incensi,
1418 4457 1473 4505 ut
1521 4447 1600 4502 vel
1627 4447 1770 4513 hinc,
1803 4447 1946 4516 quod
2001 4447 2099 4514 ipsi
2129 4446 2230 4500 soli

640 4546 1064 4614 conspiceretur,
1096 4552 1150 4596 ct
1180 4540 1320 4609 quod
1378 4540 1583 4593 dicatur
1624 4537 1850 4608 p0pulus
1880 4537 2068 4617 ipsum
2098 4536 2230 4591 loris

640 4645 1000 4705 exspectasse,
1032 4631 1370 4687 manifestum
1389 4629 1598 4695 evadat,
1627 4630 1678 4688 in
1702 4638 1881 4684 sancta
1921 4638 2226 4683 sanctorum

641 4725 817 4795 ipsum
847 4723 1146 4794 ingressum
1176 4721 1361 4776 fuisse.
1389 4719 1456 4774 Et
1487 4719 1713 4773 turbatus
1733 4728 1808 4773 est
1833 4718 2113 4785 Zacharias
2150 4719 2226 4770 vi-

640 4816 784 4881 dens,
803 4825 848 4869 et
862 4817 1011 4869 timor
1031 4812 1210 4867 cecidit
1225 4828 1378 4880 super
1397 4811 1585 4880 ipsunt.
1615 4809 1756 4864 Dixit
1781 4819 1947 4863 autem
1968 4811 2038 4866 ad
2060 4809 2228 4877 ipsum

641 4906 890 4975 angelus;
914 4903 998 4960 Ne
1019 4903 1214 4968 timeas,
1238 4900 1492 4956 Zucharia
1510 4915 1530 4965 ;
1551 4901 1791 4962 quoniam
1832 4901 2006 4954 audita
2031 4908 2104 4957 est
2143 4901 2230 4953 de-

643 4997 864 5066 precatio
892 5006 998 5060 tua,
1039 5003 1086 5047 et
1125 5010 1255 5055 uxor
1279 5002 1365 5046 tua
1393 4991 1622 5046 Elizabet
1650 4992 1811 5059 pariet
1842 4991 1929 5043 tibi
1955 4992 2138 5060 ﬁlium,
2184 5001 2231 5044 et

641 5087 836 5140 vocabis
855 5101 1034 5139 nomen
1062 5086 1170 5164 ejus
1194 5083 1446 5138 Joannem
1469 5081 1575 5152 (Ib.
1603 5081 1688 5135 12.
1709 5081 1822 5154 15).
1840 5081 1905 5136 Et
1935 5091 2049 5135 erat
2091 5080 2229 5150 plebs

640 5186 934 5246 exspectans
963 5174 1267 5229 Zachariam
1301 5190 1318 5227 :
1348 5184 1394 5229 ct
1435 5172 1780 5240 mirabantur,
1818 5174 1955 5242 quod
2007 5174 2231 5228 tardaret

641 5269 817 5337 ipsein
847 5267 1050 5337 templo.
1071 5266 1316 5338 Egressus
1351 5276 1519 5320 autem
1549 5266 1809 5330 innuebat,
1843 5282 2000 5336 neque
2033 5275 2230 5336 poterat

642 5359 920 5430 loquiipsis
943 5358 1048 5430 (Ib.
1077 5358 1166 5411 ἐι.
1194 5357 1480 5427 22).Vides
1510 5357 1647 5411 intra
1670 5356 1846 5411 velum
1867 5354 2230 5417 luisse?Tunc

645 5454 804 5530 igitur
833 5452 974 5506 bunc
1016 5452 1191 5505 Ianum
1225 5450 1463 5503 nuntium
1514 5448 1744 5518 accepit.
1773 5447 2007 5516 Tempus
2051 5456 2228 5502 autem

645 5554 754 5611 tum
781 5553 896 5598 erat
918 5542 1034 5597 festi
1064 5540 1545 5595 Tabernaculorum
1591 5549 1646 5596 et
1668 5540 1862 5610 jejuuii
1896 5558 1908 5594 :
1954 5539 2057 5594 hoc
2081 5540 2226 5598 enim

647 5638 732 5691 illa
776 5637 934 5699 verba
987 5632 1085 5688 sibi
1134 5633 1359 5698 volunt,
1410 5631 1757 5686 Humiliabitis
1799 5632 1995 5686 animas
2045 5641 2230 5687 vestras

648 5729 829 5801 (Lrt'it.
864 5726 948 5784 16.
998 5724 1110 5797 29),
1168 5725 1326 5796 idque
1381 5740 1406 5778 a
1459 5724 1656 5780 ludtcis
1688 5723 1785 5779 sub
1819 5724 1974 5780 linem
2024 5723 2224 5780 mensis

1392 328 1450 384 S.
1487 325 1765 383 JOANNIS
1803 325 2276 383 CllRYSOSTlnll
2317 325 2637 383 ARCHIEP.
2679 327 3215 386 CONSTANTINOP.
3836 325 3933 381 ’558

2351 439 2700 509 Septembris,
2725 444 2865 511 quod
2883 451 2937 496 et
2958 458 3051 498 vos
3074 443 3358 507 testamini,
3381 443 3768 499 celebrabatur.
3795 444 3935 498 Tunc

2345 532 2489 584 enim
2541 531 2712 600 longis
2748 533 3088 602 copiosisque
3130 533 3459 588 orationibus
3502 536 3554 587 in
3597 533 3815 588 Judzeos
3861 549 3932 586 u5t

2342 636 2546 687 sumus,
2576 623 2936 692 importunum
2963 639 3147 678 eorum
3175 625 3434 694 jejunium
3458 634 3795 681 accusantes.
3825 624 3934 679 line

2342 729 2471 784 ergo
2497 723 2738 784 tempore
2760 717 2918 771 etiam
2947 717 3186 772 Elizabet
3212 734 3343 771 uxor
3365 718 3640 772 Zachariae
3663 721 3930 788 concepit.

2343 804 2410 858 Et
2457 805 2762 861 occultabat
2813 822 2871 861 se
2911 808 3180 863 mensibus
3231 809 3506 878 quinque.
3560 810 3787 865 dicens:
3842 810 3928 865 Sic

2340 896 2467 949 mihi
2489 898 2607 966 fecit
2661 896 2913 953 Dominus
2948 900 3002 952 in
3044 901 3241 964 diebus,
3289 901 3468 969 quibus
3487 904 3708 971 respeait
3737 906 3940 973 auferre

2341 989 2668 1058 approbrium
2685 1006 2849 1044 meum
2869 991 3001 1043 inter
3028 991 3252 1045 homines
3274 990 3428 1060 (Luc.
3457 991 3508 1046 1.
3531 993 3646 1061 25).
3669 992 3935 1046 Caeterum

2340 1091 2698 1150 opportunum
2732 1097 2877 1136 nunc
2910 1081 3142 1149 videtur,
3175 1093 3232 1136 ut
3257 1084 3602 1138 ostendamus
3656 1094 3936 1153 prmterea.

2341 1186 2462 1226 cum
2494 1183 2705 1228 sextum
2737 1172 2849 1242 jam
2880 1188 3118 1228 mensem
3163 1173 3273 1242 ipsa
3299 1172 3562 1228 Joannem
3587 1174 3640 1228 in
3673 1185 3832 1228 utero
3851 1189 3945 1244 ge—

2340 1273 2526 1330 staret,
2550 1264 2766 1318 M‘ariam
2792 1266 2973 1319 laetum
2994 1266 3061 1320 de
3080 1268 3434 1335 conceptione
3455 1281 3548 1321 sua
3572 1269 3821 1322 nuntium
3848 1283 3934 1322 ac-

2341 1354 2568 1422 cepisse.
2605 1353 2828 1420 Quando
2851 1355 2992 1409 enim
3019 1356 3159 1409 venit
3188 1356 3252 1409 ad
3285 1371 3406 1409 eam
3435 1355 3671 1421 Gabriel,
3695 1367 3754 1411 et
3772 1357 3933 1411 dixit:

2342 1443 2427 1497 Ne
2453 1446 2647 1509 timeas,
2679 1444 2885 1511 Maria;
2905 1447 3138 1499 invenisti
3158 1447 3290 1499 enim
3312 1449 3530 1518 gratiam
3571 1448 3714 1515 apud
3742 1447 3929 1502 Deum.

2345 1533 2413 1588 Et
2439 1550 2548 1589 ecce
2578 1535 2835 1604 concipies
2884 1536 2939 1589 in
2966 1546 3125 1599 utero,
3159 1545 3206 1589 et
3222 1537 3391 1604 paries
3425 1537 3612 1605 ﬁlium,
3645 1546 3692 1591 et
3739 1539 3938 1591 vocabis

2341 1642 2521 1682 nomen
2547 1629 2657 1697 ejus
2684 1627 2863 1680 Iesum
2894 1626 3044 1697 (Luc.
3080 1629 3130 1680 1.
3163 1627 3253 1682 30.
3287 1629 3400 1697 31).
3430 1627 3673 1697 Cumque
3698 1629 3815 1698 ipsa
3840 1627 3941 1685 hoc

2341 1731 2591 1773 sermone
2617 1719 2941 1784 turbaretur,
2972 1718 3298 1788 modumque
3317 1718 3434 1788 ejus
3463 1719 3542 1772 rei
3559 1717 3772 1773 discere
3793 1734 3940 1788 quae-

2341 1817 2505 1873 reret,
2560 1809 2895 1879 respondens
2939 1811 3161 1880 angelus
3209 1809 3343 1863 dixit
3390 1809 3460 1864 ad
3509 1825 3671 1865 eam:
3714 1810 3943 1879 Spiritus

2340 1909 2545 1954 sanctus
2573 1903 2891 1969 superveniet
2910 1902 2963 1954 in
2985 1911 3051 1966 te,
3083 1910 3129 1954 et
3151 1905 3310 1955 virtus
3337 1901 3588 1955 Altissimi
3621 1902 3946 1956 obumbralrit

2344 1991 2434 2043 tibi
2460 2007 2477 2043 :
2503 1990 2715 2062 ideoque
2743 2002 2792 2046 et
2818 1992 2954 2062 quod
2974 2001 3209 2045 nascetur
3234 2008 3298 2045 ea:
3325 2003 3373 2045 te
3398 2001 3651 2058 sanctum,
3677 1992 3948 2047 vocabitur

2345 2077 2509 2134 Filius
2520 2079 2634 2135 Dei.
2650 2083 2722 2136 Et
2743 2097 2855 2135 ecce
2881 2079 3112 2135 Elisabet
3134 2091 3350 2152 cognata
3376 2092 3483 2146 tua,
3507 2092 3555 2136 et
3580 2083 3693 2150 ipsa
3713 2085 3947 2156 concepit

2341 2170 2509 2237 ﬁlium
2537 2173 2589 2224 in
2643 2181 2901 2226 senectute
2937 2189 3032 2226 sua
3056 2188 3075 2226 :
3105 2182 3152 2226 et
3195 2173 3276 2225 hic
3305 2175 3492 2227 mensis
3533 2182 3608 2227 est
3636 2183 3811 2228 sextus
3843 2175 3942 2240 illi,

2341 2275 2457 2327 qua:
2481 2268 2697 2313 vocatur
2746 2261 2953 2325 sterilis,
2999 2263 3119 2329 quia
3157 2278 3258 2316 non
3306 2262 3401 2315 erit
3443 2263 3754 2332 impossibile
3806 2263 3949 2334 apud

2342 2350 2510 2405 Deum
2559 2367 2706 2404 omne
2729 2351 2931 2404 verbum
2980 2351 3138 2419 (Ibid.
3171 2352 3385 2421 35-57).
3415 2351 3568 2419 Quod
3595 2354 3640 2407 si
3664 2369 3796 2424 ergo
3827 2365 3952 2423 post

2340 2455 2580 2495 mensem
2611 2441 2914 2510 Gorpitcum
2944 2457 3039 2497 seu
3069 2443 3436 2511 Septembrem
3483 2443 3725 2498 Elizabet
3743 2461 3942 2502 conce-

2344 2531 2441 2602 pit,
2476 2541 2533 2585 ut
2561 2542 2836 2587 ostensum
2864 2541 2946 2586 est
2975 2549 2989 2585 :
3017 2533 3370 2587 adnumerare
3392 2543 3604 2603 oportet
3629 2550 3726 2589 sex
3761 2535 3830 2590 ab
3875 2551 3944 2591 eo

2343 2622 2690 2678 intermedios
2725 2637 2939 2677 menses
2968 2639 2982 2674 :
3013 2632 3136 2677 sunt
3156 2632 3335 2677 autem
3364 2622 3441 2691 bi,
3488 2623 3942 2695 llyperberetaus

2343 2713 2459 2767 sive
2501 2712 2754 2777 October,
2805 2713 2932 2766 Dius
2977 2713 3090 2767 sive
3141 2713 3466 2780 November,
3513 2716 3818 2785 Appellcus
3849 2733 3948 2773 seu

2343 2801 2658 2870 December,
2681 2802 2986 2857 Audonteus
3007 2818 3100 2857 seu
3126 2801 3432 2872 Januarius,
3461 2804 3690 2861 Peritius
3716 2823 3812 2863 seu
3842 2807 3946 2863 Fe-

2343 2891 2610 2959 bruarius,
2640 2894 2861 2964 Dystrus
2881 2909 2975 2948 seu
3003 2892 3241 2948 Martius.

2415 2984 2770 3054 Conceptionis
2815 2984 3000 3038 mensis
3048 2985 3260 3053 primus.
3283 3013 3357 3025 —
3398 2984 3581 3056 Itaque
3622 2996 3750 3058 post
3799 2989 3945 3043 hunc

2342 3087 2552 3133 sextum
2581 3091 2822 3132 mensem
2850 3077 3173 3146 principium
3201 3079 3570 3147 conceptionis
3596 3082 3805 3150 accepit
3836 3082 3949 3136 Ma-

2342 3167 2420 3222 ria
2452 3181 2466 3221 :
2500 3181 2530 3220 a
2570 3180 2678 3237 quo
2706 3167 2751 3221 si
2796 3182 2994 3222 novem
3021 3182 3238 3222 menses
3265 3183 3634 3235 numeremus,
3677 3172 3869 3241 utique
3894 3173 3950 3227 in

2345 3268 2662 3328 praesentem
2685 3259 2831 3313 bunc
2861 3273 3101 3313 mensem
3130 3258 3500 3314 deveniemus.
3529 3259 3629 3314 Est
3653 3261 3817 3330 igitur
3839 3265 3950 3333 pri-

2344 3364 2463 3403 mus
2479 3348 2846 3418 conceptionis
2867 3349 3070 3402 mensis
3091 3347 3290 3416 Aprilis
3311 3349 3427 3403 sive
3441 3348 3728 3413 Xanticus,
3749 3351 3948 3408 deinde

2343 3439 2665 3496 Artemisius
2708 3453 2801 3493 seu
2843 3437 3033 3504 Maius,
3052 3437 3240 3493 Desius
3282 3438 3402 3493 sive
3425 3438 3639 3506 Junius,
3672 3439 3949 3497 Panemus

2342 3531 2455 3585 sive
2498 3529 2693 3595 Julius,
2728 3529 2912 3596 Loius,
2942 3531 3056 3584 sive
3086 3531 3380 3599 Augustus,
3412 3529 3694 3601 Gorpircus
3722 3548 3817 3589 seu
3850 3536 3949 3590 Se-

2343 3622 2604 3698 ptember,
2669 3619 3142 3692 Hyperberetteus,
3186 3620 3300 3674 sive
3347 3618 3599 3689 October,
3652 3622 3780 3678 Dius
3831 3626 3949 3680 sive

2339 3713 2660 3778 November,
2721 3712 3028 3782 Appellteus
3093 3725 3186 3766 seu
3245 3711 3561 3766 December.
3631 3715 3807 3783 Atque
3861 3713 3948 3770 hic

2341 3807 2542 3861 mensis
2569 3813 2674 3870 est,
2703 3819 2860 3874 quem
2892 3809 3213 3873 prmsentem
3257 3801 3536 3868 habemus,
3569 3818 3679 3872 quo
3704 3813 3762 3860 et
3801 3806 3944 3860 hunc

2340 3899 2482 3956 diem
2504 3898 2862 3955 celebramus.
2895 3894 2964 3950 Ut
2990 3902 3169 3949 autem
3195 3895 3338 3964 quod
3365 3895 3487 3949 dico
3512 3896 3674 3950 etiam
3702 3898 3943 3965 apertius

2338 3991 2493 4045 vobis
2522 3991 2826 4058 clariusque
2864 3987 3072 4051 evadat,
3104 3986 3338 4041 breviter
3379 3985 3495 4041 haec
3538 4002 3750 4048 rursum
3779 4004 3942 4059 repe—

2340 4092 2479 4145 tens,
2508 4082 2778 4137 dilectioni
2811 4090 3003 4136 vestra:
3033 4079 3350 4135 edisseram.
3380 4079 3556 4134 Semel
3592 4079 3644 4134 in
3683 4095 3829 4135 anno
3856 4083 3942 4136 in-

2339 4171 2682 4242 grediebatur
2709 4172 2855 4227 solus
2880 4187 3124 4226 summus
3147 4168 3403 4226 sacerdos
3432 4169 3485 4223 in
3516 4180 3701 4240 sancta
3727 4181 3946 4228 saneto-

2340 4279 2478 4326 rum,
2530 4262 2688 4333 idque
2743 4262 2992 4332 Gorpiteo
3038 4277 3132 4317 seu
3180 4261 3482 4332 Septembri
3531 4277 3734 4318 mense.
3788 4262 3945 4320 Tunc

2343 4354 2612 4425 ingressus
2654 4363 2738 4411 est
2777 4354 3063 4409 Zacharias
3110 4355 3161 4408 in
3204 4365 3388 4408 sancta
3441 4363 3784 4422 sanctorum,
3815 4364 3946 4412 tunc

2339 4448 2584 4527 nuntium
2626 4448 2694 4503 de
2740 4447 2964 4503 Joannis
3014 4449 3292 4503 nativitate
3342 4448 3545 4503 habuit.
3592 4449 3744 4506 Illinc
3767 4452 3941 4508 abiit:

2339 4547 2465 4594 tunc
2491 4553 2624 4593 uxor
2645 4539 2765 4607 ejus
2796 4539 3062 4607 concepit.
3112 4538 3240 4593 Post
3284 4554 3527 4594 mensem
3575 4548 3754 4596 autem
3799 4543 3944 4598 Gor-

2338 4629 2532 4699 piteum
2569 4644 2664 4685 seu
2703 4630 3094 4699 Septembrem,
3139 4645 3260 4685 eum
3305 4641 3514 4684 sextum
3540 4631 3650 4700 jam
3695 4649 3945 4690 mensem

2339 4721 2454 4789 ipsa
2505 4721 2558 4776 in
2603 4731 2761 4777 utero
2789 4721 3034 4786 haberet,
3065 4721 3155 4790 qui
3204 4721 3407 4776 scilicet
3434 4732 3518 4777 est
3567 4723 3797 4795 Dystrus
3849 4741 3944 4782 seu

2336 4810 2575 4877 Martius,
2606 4811 2722 4881 ipsa
2745 4810 2980 4882 denique
3015 4810 3178 4865 Maria
3213 4813 3479 4881 concepit.
3507 4815 3551 4867 Α
3581 4813 3812 4868 Xantico
3846 4831 3944 4873 seu

2336 4904 2507 4973 Aprili
2547 4904 2707 4974 igitur
2735 4903 3062 4973 incipiendo,
3097 4918 3290 4958 novem
3337 4918 3550 4960 menses
3584 4896 3636 4958 si
3681 4921 3942 4965 numere-

2336 5011 2473 5062 mus,
2505 4995 2558 5048 in
2602 5003 2921 5063 praesentem
2967 4993 3285 5061 incidemus,
3312 5008 3421 5064 quo
3465 4994 3722 5050 Dominus
3753 5007 3940 5054 noster

2336 5085 2492 5141 Jesus
2516 5084 2762 5141 Christus
2796 5093 2954 5139 natus
2981 5092 3085 5139 est.

2409 5177 2461 5232 6.
2503 5177 2678 5247 Atque
2713 5175 2895 5231 omnia
2929 5175 3164 5245 quidem,
3192 5190 3312 5246 quae
3340 5175 3408 5232 de
3452 5177 3555 5232 hoc
3581 5177 3669 5232 die
3711 5178 3941 5236 dicenda

2338 5277 2510 5335 erant,
2549 5269 2701 5324 vobis
2740 5268 2998 5322 hactenus
3036 5268 3402 5337 exposuimus.
3437 5268 3608 5324 Unum
3653 5279 3862 5326 tantum
3893 5272 3941 5326 si

2339 5375 2482 5423 nunc
2529 5360 2805 5425 addidero,
2834 5359 3062 5414 orationi
3089 5373 3224 5414 mea:
3271 5358 3433 5414 linem
3479 5360 3786 5428 imponam;
3819 5378 3942 5433 quae

2339 5449 2541 5518 majora
2580 5460 2732 5513 sunt,
2776 5448 3047 5504 communi
3098 5447 3303 5503 doctori
3344 5448 3567 5504 dicenda
3602 5451 3939 5522 relinquens.

2408 5538 2439 5592 Ι
2445 5538 2656 5605 nﬁdeles
2684 5539 2982 5594 Christiana
3006 5539 3246 5607 dogmata
3275 5538 3527 5603 irrident;
3566 5537 3941 5597 Hernicorum

2339 5631 2543 5684 delicta.
2579 5661 2649 5672 —
2690 5630 2954 5698 Quoniam
3005 5629 3147 5684 enim
3201 5629 3352 5683 multi
3399 5627 3771 5698 ethnicorum,
3819 5651 3943 5691 cum

2349 5725 2570 5781 audiunt
2602 5724 2766 5780 Deum
2798 5725 2850 5778 in
2882 5737 3042 5779 carne
3071 5730 3274 5792 natum,
3307 5721 3529 5780 irrident
3572 5737 3690 5794 nos,
3719 5734 3775 5781 et
3808 5729 3951 5786 inso-
