4164 6324
310 434 417 490 359

288 552 517 610 ctantnr,
550 543 854 611 multosque
892 554 957 595 ex
999 533 1409 606 simplicioribus
1458 531 1673 586 turbant
1718 538 1876 599 atque

293 637 589 706 inquietant
605 651 620 686 :
639 646 777 702 Opus
799 640 902 695 est,
925 643 1045 683 cum
1071 627 1138 681 ad
1160 626 1322 695 ipsos,
1344 634 1455 680 tum
1480 620 1548 678 ad
1571 617 1876 706 hujusmodi

290 705 379 792 qui
428 722 574 777 hisce
626 720 927 782 turbantur,
978 729 1279 772 sermonem
1328 713 1588 781 dirigere,
1645 723 1714 765 ne
1753 705 1878 777 quid

294 829 560 885 umquam
602 812 805 866 insanis
851 806 1155 865 hominibus
1191 804 1593 875 acquiescentes
1636 812 1878 856 commo—

296 912 545 970 veantur,
575 911 669 960 aut
705 903 983 959 turbentur
1006 914 1074 956 ex
1098 895 1403 967 huiusmodi
1431 892 1721 950 inﬁdelium
1752 890 1875 945 irri-

286 994 464 1051 sione.
487 994 621 1051 Nam
649 1003 706 1051 et
733 994 883 1065 parvi
922 991 1071 1063 pueri
1109 1005 1198 1047 res
1221 989 1408 1055 serias,
1439 995 1597 1058 atque
1621 984 1758 1041 adeo
1782 998 1879 1039 ne-

284 1086 549 1142 cessarias
586 1102 729 1156 saepe
770 1084 925 1141 nobis
950 1082 1269 1154 agitantibus
1309 1079 1485 1135 ridere
1524 1076 1735 1133 solent:
1766 1089 1871 1129 non

285 1186 471 1232 tamen
500 1176 694 1231 ideirco
722 1176 864 1233 risus
900 1174 989 1229 hic
1014 1179 1382 1243 argumentum
1412 1178 1495 1224 est
1524 1181 1726 1232 rerum,
1754 1179 1875 1234 quae

287 1267 549 1334 ridentur,
578 1266 816 1333 vilitatis,
846 1263 940 1319 sed
974 1278 1183 1328 eorum,
1206 1261 1297 1331 qui
1323 1258 1519 1324 rident,
1547 1255 1872 1313 stoliditatis.

281 1358 438 1427 Quod
482 1358 620 1413 idem
649 1357 803 1411 nobis
834 1354 905 1411 de
946 1353 1094 1410 hisce
1132 1344 1360 1410 ethnicis
1385 1350 1565 1406 dicere
1589 1349 1748 1404 licet:
1781 1347 1873 1418 qui

285 1450 467 1518 pueris
496 1449 628 1519 ipsis
667 1462 833 1519 prope
870 1446 1192 1501 amentiores
1229 1459 1351 1499 cum
1379 1441 1505 1508 sint,
1536 1455 1599 1495 ea
1628 1438 1870 1504 irrident,

280 1558 407 1612 quas
432 1541 679 1612 religioso
718 1538 960 1610 quodam.
994 1538 1218 1592 horrore
1259 1544 1420 1604 atque
1445 1533 1592 1587 omni
1636 1530 1871 1586 admira-

283 1633 434 1688 tione
474 1632 630 1702 plena
677 1639 834 1695 sunt,
871 1629 959 1696 illa
1011 1636 1212 1692 autem,
1243 1640 1362 1696 qua:
1413 1638 1600 1678 revera
1650 1618 1872 1676 ridenda

280 1734 456 1790 erant,
505 1721 785 1792 magniﬁce
830 1718 1091 1775 extollunt
1144 1726 1303 1787 atque
1350 1710 1633 1771 exornant.
1677 1712 1870 1766 Verum

280 1809 426 1869 enim
458 1828 587 1869 vero
612 1821 668 1868 et
693 1821 872 1866 nostra
915 1811 987 1865 ita
1017 1810 1085 1863 ab
1110 1809 1240 1877 ipsis
1270 1808 1424 1863 irrisa
1454 1806 1507 1861 in
1536 1804 1748 1876 propria
1773 1818 1870 1859 sua

284 1905 631 1961 nihilominus
658 1902 937 1973 majestate
981 1900 1289 1971 perdurant,
1320 1898 1471 1953 nullo
1512 1913 1607 1967 per
1635 1897 1870 1966 ipsorum

283 1997 474 2060 risum,
520 1992 661 2061 quod
712 1991 777 2047 ad
828 1990 1184 2059 pra‘stantiam
1234 2002 1385 2043 suam
1435 1987 1645 2049 attinet,
1676 1986 1872 2040 damno

280 2094 505 2154 accepto
532 2100 546 2137 :
574 2093 630 2137 et
655 2083 889 2151 ipsorum
912 2088 1117 2142 contra,
1151 2079 1274 2134 licet
1303 2084 1580 2143 exornata,
1611 2078 1868 2146 privatam

282 2189 435 2228 suam
490 2172 868 2241 turpitudinem
929 2169 1175 2239 produnt.
1223 2167 1411 2222 Nonne
1456 2168 1598 2221 enim
1646 2165 1867 2220 extremi

282 2264 561 2336 cujusdam
590 2264 822 2333 stuporis
846 2271 949 2327 est,
983 2261 1101 2315 illos
1127 2272 1350 2314 errones
1377 2259 1432 2312 in
1453 2258 1676 2329 lapides,
1706 2258 1866 2327 ligna,

283 2372 341 2418 et
388 2362 516 2415 vilia
560 2362 708 2430 signa
732 2358 863 2419 deos
908 2372 1033 2412 suos
1076 2355 1408 2418 inducentcs,
1437 2360 1492 2406 et
1521 2364 1787 2420 tamquam
1816 2352 1867 2404 in

281 2469 499 2510 carcere
537 2454 786 2521 quopiam
826 2447 1225 2509 concludentes,
1258 2444 1387 2497 nihil
1416 2452 1593 2497 tamen
1623 2442 1869 2496 arbitrari

280 2560 343 2599 se
370 2552 526 2612 turpe
549 2551 641 2596 aut
669 2540 853 2595 dicere
880 2548 973 2592 aut
996 2535 1188 2591 facere
1212 2552 1224 2585 :
1268 2550 1367 2589 nos
1392 2540 1567 2588 autem
1596 2546 1866 2597 accusare,

282 2631 427 2704 quod
473 2644 797 2694 asseramus,
845 2629 1008 2683 Deum
1057 2626 1158 2680 sibi
1206 2624 1463 2693 templum
1510 2624 1689 2677 vivum
1736 2636 1869 2677 cou-

281 2725 543 2780 struxisse
568 2738 637 2776 ex
660 2721 860 2791 Spiritu
891 2728 1095 2782 sancto,
1129 2731 1225 2786 per
1253 2716 1399 2786 quod
1444 2715 1557 2770 orbi
1607 2723 1868 2769 terrarum

284 2810 535 2869 universo
564 2810 763 2883 profuit
784 2811 809 2862 ?
850 2810 914 2862 Et
942 2805 1237 2875 cujusmodi
1265 2805 1478 2860 tandem
1517 2806 1620 2859 hoc
1647 2819 1868 2860 accusa-

282 2904 447 2960 tionis
482 2900 686 2972 genus?
733 2900 789 2954 Si
834 2898 975 2954 enim
1022 2906 1175 2973 turpe
1214 2904 1296 2957 est
1326 2896 1490 2956 Deum
1535 2896 1592 2956 in
1637 2900 1871 2956 humano

281 3013 511 3069 corpore
554 2997 815 3060 habitare,
862 2995 1029 3049 multo
1060 2993 1226 3063 magis
1273 2994 1327 3046 in
1370 2992 1514 3062 ligno
1559 3002 1613 3045 et
1660 2991 1867 3061 lapide:

281 3104 413 3145 sane
454 3098 600 3142 tanto
642 3086 868 3155 turpius,
897 3094 1096 3154 quanto
1138 3083 1271 3151 lapis
1300 3092 1354 3137 et
1403 3083 1604 3152 lignum
1654 3082 1870 3138 homine

281 3181 480 3234 vilius:
513 3178 615 3233 nisi
662 3178 800 3232 forte
827 3177 937 3246 ipsa
968 3175 1190 3229 materia
1221 3190 1409 3229 sensus
1448 3182 1669 3242 experte
1703 3189 1871 3244 genus

284 3278 527 3325 nostrum
556 3259 815 3337 abjectius
849 3266 953 3320 illis
995 3279 1114 3320 esse
1148 3264 1404 3320 videatur.
1438 3263 1574 3332 Quin
1617 3265 1775 3319 etiam
1816 3264 1868 3319 in

282 3360 417 3417 feles
442 3368 497 3415 et
522 3374 684 3415 canes
713 3358 836 3427 ipsi,
868 3356 1017 3410 multi
1055 3364 1233 3410 autem
1274 3353 1647 3409 haereticorum
1686 3355 1739 3408 in
1768 3354 1870 3408 alia

282 3452 503 3522 insuper
543 3450 691 3506 hisce
734 3449 1163 3521 ignominiosiora
1209 3447 1407 3501 audent
1450 3447 1540 3503 Dei
1582 3447 1868 3501 essentiam

285 3544 579 3600 habitatum
622 3543 932 3597 immittere.
964 3540 1114 3607 Quod
1140 3554 1238 3615 nos
1279 3555 1451 3608 neque
1492 3538 1737 3602 dicimus,
1772 3552 1869 3591 ne-

284 3650 393 3705 que
419 3634 658 3688 dicentes
678 3631 960 3701 aliquando
985 3630 1168 3682 audire
1206 3631 1579 3683 sustineamus.
1614 3628 1716 3681 Sed
1742 3628 1869 3681 illud

287 3734 493 3780 tantum
534 3721 846 3785 asserimus,
887 3718 1155 3773 Christum
1200 3732 1412 3771 carnem
1442 3717 1713 3782 mundam,
1745 3732 1871 3769 san-

284 3825 460 3881 ctam,
509 3811 1029 3883 irreprehensibilem
1074 3816 1394 3879 peccatoque
1435 3810 1581 3863 omni
1628 3810 1871 3863 inacces-

285 3921 420 3972 sam,
454 3920 521 3960 ex
550 3904 787 3973 virgineo
816 3910 967 3957 utero
1017 3901 1365 3972 prodeuntem
1391 3900 1763 3967 assumpsisse,
1795 3908 1875 3953 at—

285 4010 393 4065 que
416 3995 489 4048 ita
517 4007 670 4048 suum
711 3991 1019 4059 ﬁgmentum
1050 3999 1401 4045 restaurasse.
1429 3990 1507 4043 Ac
1533 3989 1606 4042 illi
1634 3987 1868 4057 quidem,

286 4094 346 4141 et
368 4084 459 4154 qui
486 4086 598 4155 pari
624 4097 743 4137 cum
775 4083 903 4151 ipsis
929 4082 1208 4151 impietate
1232 4080 1545 4149 delinquunt
1572 4079 1869 4145 Manichrei,

288 4176 345 4232 in
378 4190 541 4231 canes
580 4183 635 4229 et
675 4174 858 4227 simias
902 4172 1148 4241 ferasque
1187 4174 1361 4226 omnis
1399 4174 1612 4240 generis
1640 4170 1870 4224 divinam

288 4270 578 4323 essentiam
609 4265 919 4320 iuducentes
950 4281 963 4317 :
999 4264 1228 4318 animam
1255 4265 1397 4316 enim
1428 4262 1677 4317 omnibus
1705 4262 1787 4316 his
1808 4278 1873 4316 ex

290 4359 377 4414 illa
406 4358 639 4412 essentia
666 4370 786 4411 esse
810 4354 1034 4417 dicunt;
1069 4369 1173 4407 non
1216 4352 1435 4407 horrent
1463 4368 1636 4421 neque
1676 4352 1872 4407 erube-

291 4456 486 4506 scunt:
521 4462 617 4499 nos
644 4461 769 4499 vero
798 4445 909 4500 Deo
935 4444 1149 4513 indigna
1177 4443 1355 4497 dicere
1382 4444 1551 4508 aiunt,
1590 4444 1714 4512 quia
1743 4443 1873 4497 nihil

293 4543 483 4595 horum
508 4553 575 4594 ne
592 4538 911 4607 cogitatione
941 4536 1155 4606 quidem
1180 4536 1527 4598 admittimus,
1550 4536 1643 4591 sed
1671 4544 1874 4591 tantum

289 4630 435 4701 quod
489 4629 598 4683 Deo
636 4630 961 4683 conveniens
1007 4616 1164 4696 atque
1214 4627 1412 4683 decens
1453 4636 1569 4682 erat
1612 4628 1870 4683 dicimus:

293 4734 486 4791 nempe
522 4719 692 4785 ipsum
730 4718 1031 4782 advenisse,
1076 4728 1140 4795 et
1180 4718 1280 4772 hoc
1318 4719 1675 4787 generationis
1713 4720 1874 4774 modo

293 4812 568 4881 proprium
594 4825 747 4864 suum
777 4826 908 4879 opus
939 4819 1285 4864 restaurasse.
1308 4810 1443 4877 Quid
1466 4812 1582 4865 ais?
1609 4812 1691 4865 dic
1722 4811 1874 4864 mihi.

293 4901 467 4961 Tune.
486 4900 578 4967 qui
622 4900 1003 4953 homicidarum
1054 4908 1108 4951 et
1155 4901 1597 4969 praestigiatorum
1641 4901 1871 4954 animam

294 4992 490 5047 divina:
515 4990 760 5045 essentia).
788 5006 906 5045 esse
932 4992 1145 5055 asseris,
1170 5005 1269 5045 nos
1293 5006 1543 5046 accusare
1572 4994 1759 5060 audes,
1787 4993 1876 5062 qui

294 5085 489 5139 horum
518 5082 728 5152 quidem
772 5080 905 5135 nihil
932 5097 1039 5135 non
1066 5080 1226 5135 modo
1254 5096 1359 5135 non
1390 5081 1607 5137 ierimus
1633 5093 1723 5139 aut
1745 5098 1870 5138 sus-

293 5177 527 5229 tinemus
569 5172 751 5227 audire
774 5214 791 5239 ,
821 5171 916 5227 sed
944 5174 1032 5241 qui
1075 5173 1160 5227 illa
1190 5172 1390 5239 dicunt,
1419 5173 1607 5243 impios
1631 5191 1750 5230 esse
1786 5176 1877 5246 ju-

293 5266 571 5322 dicamus?
596 5264 731 5332 Quid
761 5265 916 5335 igitur
940 5265 1203 5319 dicimus?
1231 5265 1361 5320 Illud
1386 5266 1633 5320 nimirum
1656 5284 1669 5319 :
1712 5270 1874 5323 Deum

295 5368 605 5414 constructo
653 5366 837 5412 sancto
884 5357 986 5411 hoc
1027 5358 1126 5412 sibi
1169 5358 1387 5427 templo,
1414 5375 1510 5428 per
1536 5360 1762 5428 idipsum
1809 5376 1873 5415 ex

303 5451 438 5507 caelo
495 5451 764 5506 caelestem
813 5449 1093 5518 quemdam
1147 5465 1323 5503 rerum
1372 5462 1564 5504 statum
1614 5452 1663 5505 in
1714 5452 1875 5506 vitam

305 5550 542 5597 nostram
569 5539 849 5593 invexisse.
880 5538 944 5591 Et
966 5537 1145 5607 quidni
1173 5539 1362 5592 merito
1400 5540 1588 5594 millies
1614 5555 1711 5595 vos
1736 5542 1880 5610 capi-

302 5631 371 5686 tis
396 5628 700 5691 damnandi,
732 5638 842 5682 tum
869 5629 939 5681 ob
979 5629 1389 5693 accusationem,
1418 5644 1520 5697 qua
1574 5645 1672 5685 nos
1714 5635 1882 5700 impe-

299 5720 430 5786 titis,
456 5729 566 5773 tum
611 5718 683 5771 oh
723 5716 1063 5787 impietatem,
1093 5731 1248 5783 quam
1294 5715 1347 5769 in
1394 5717 1559 5770 Deum
1601 5719 1883 5775 admittere

299 5826 404 5865 non
449 5808 738 5897 desinitis?
794 5808 847 5858 Si
894 5805 1035 5858 cnim
1080 5804 1190 5859 Deo
1238 5815 1317 5859 est
1361 5806 1632 5872 indecens,
1681 5819 1738 5863 ut
1787 5825 1881 5865 vos

1253 412 1320 469 IN
1363 414 1525 497 DlElil
1562 414 1890 473 NATALEM
1936 417 1995 472 D.
2039 415 2102 472 N.
2140 416 2307 474 .IESU
2341 412 2641 473 CHRISTI.

3464 417 3568 474 560

1985 524 2179 591 dicitis,
2223 524 2523 581 inhabitare
2574 539 2770 596 corpus
2808 542 2997 597 purum
3045 537 3099 582 et
3146 528 3566 597 immaculatmn,

1982 619 2152 674 multo
2173 627 2317 674 certe
2343 618 2677 674 indecentius
2702 627 2787 674 est
2828 621 3247 690 praistigiatoris,
3287 623 3567 692 sepulcro-

1982 725 2101 764 rum
2145 709 2469 777 suﬂ‘ossoris,
2509 709 2749 774 latronis,
2779 710 2887 764 imo
2931 712 3180 768 siinimet
3221 714 3404 779 canis;
3458 729 3566 771 non

1981 809 2158 855 autem
2184 808 2423 855 sanctum
2454 799 2585 855 illud
2612 808 2770 871 atque
2795 801 3289 871 incontaminatutn,
3318 806 3569 877 quodque

1980 906 2124 947 nunc
2172 892 2223 946 in
2267 891 2488 947 dextera
2512 892 2689 947 Patris
2716 892 2890 948 sedet.
2918 893 3069 960 Quod
3098 895 3243 951 enim
3287 896 3564 965 damnum,

1980 992 2071 1038 aut
2095 983 2301 1038 macula
2342 984 2453 1037 Deo
2475 984 2763 1039 accesserit
2806 998 2874 1039 ex
2920 982 3019 1039 hac
3062 988 3400 1041 oeconomia?
3451 988 3567 1049 Non

1980 1076 2172 1132 videtis
2215 1076 2383 1131 solem
2433 1074 2599 1141 hunc,
2629 1077 2782 1147 cujus
2820 1092 3016 1147 corpus
3063 1079 3335 1146 sensibile,
3378 1072 3567 1135 (ξονι-υς

1980 1168 2151 1239 ptioni
2175 1168 2470 1238 subjectum
2492 1179 2650 1239 atque
2680 1168 2950 1224 inﬁrmum
2973 1179 3075 1234 est,
3102 1181 3417 1242 rumpantur
3444 1172 3571 1228 licet

1978 1260 2172 1315 millies
2197 1259 2313 1315 hinc
2339 1258 2623 1315 audientes
2663 1261 2889 1330 gentiles
2927 1276 2990 1316 ac
3018 1261 3333 1318 Manichzci?
3385 1263 3571 1334 Neque
3638 1255 3642 1258 ’

1976 1366 2106 1407 vero
2130 1350 2211 1406 sol
2236 1350 2531 1416 dumtaxat,
2556 1350 2649 1405 sed
2679 1352 2841 1407 etiam
2870 1361 3035 1419 terra,
3071 1368 3242 1419 mare,
3273 1362 3432 1423 atque
3454 1372 3570 1409 om-

1978 1442 2061 1515 nis
2084 1438 2303 1496 omnino
2352 1457 2532 1497 rerum
2563 1442 2760 1498 fabrica
2786 1432 2886 1498 sub
2927 1453 3203 1513 aspectum
3230 1444 3451 1512 cadens,
3477 1460 3570 1500 va-

1977 1534 2127 1590 nitati
2158 1534 2398 1605 subjecta
2423 1542 2527 1590 est.
2568 1534 2700 1590 Nam
2741 1535 2865 1592 audi
2894 1536 3118 1592 Paulum
3158 1536 3261 1593 hoc
3290 1536 3571 1593 manifeste

1977 1627 2280 1695 docentem,
2307 1627 2434 1682 dum
2464 1628 2583 1683 ait:
2622 1626 2850 1683 Vanitati
2889 1629 3024 1684 enim
3065 1638 3298 1683 creatura
3342 1630 3571 1698 subjecta

1976 1730 2069 1787 est,
2096 1737 2198 1774 non
2225 1720 2417 1788 volens,
2452 1720 2541 1776 sed
2588 1729 2793 1792 propter
2818 1738 2952 1785 eum,
2982 1724 3073 1792 qui
3116 1722 3329 1793 subjecit
3374 1739 3487 1777 eam
3516 1723 3570 1778 in

1975 1826 2066 1878 spe
2092 1810 2267 1881 (Rom.
2296 1811 2350 1865 8.
2376 1810 2490 1880 20).
2531 1809 2633 1878 Qui
2659 1810 2855 1869 deinde
2880 1813 3163 1867 ostendere
3201 1814 3384 1867 volens
3409 1812 3568 1884 quid-

1976 1918 2098 1957 nam
2135 1903 2226 1957 sit‘
2251 1902 2382 1958 illud
2421 1903 2640 1957 vanitati
2670 1903 2971 1973 subjectum
2997 1918 3140 1969 esse,
3166 1904 3445 1959 subintulit
3480 1904 3567 1959 die
3646 1962 3651 1965 ,

1974 2008 2104 2049 cens
2135 2012 2148 2047 :
2183 1993 2314 2060 Quia
2341 2003 2389 2048 et
2418 1994 2531 2063 ipsa
2556 2002 2792 2049 creatura
2827 1994 3117 2049 liberabitur
3141 2012 3174 2048 α
3196 1996 3429 2051 servitute
3455 2012 3570 2051 cor-

1973 2085 2244 2150 ruptionis,
2272 2084 2326 2137 in
2352 2084 2632 2139 libertatm:
2662 2086 2841 2157 gloria
2867 2087 3092 2156 ﬁliorum
3119 2086 3218 2141 Dei
3260 2087 3419 2161 (Ibid.
3452 2089 3567 2160 ξι).

1972 2174 2175 2244 Nempe
2201 2176 2544 2245 corruptibile
2568 2177 2695 2245 quid
2726 2192 2868 2231 nunc
2886 2186 2970 2233 est
2997 2188 3240 2235 creatura
3254 2198 3274 2243 7:
3303 2180 3567 2251 siquidem

1973 2265 2300 2334 corruptioni
2329 2267 2529 2326 servire
2559 2267 2689 2321 nihil
2717 2278 2801 2325 est
2831 2269 2997 2333 aliud,
3029 2286 3188 2339 quam
3219 2273 3570 2341 eorruptibile

1978 2370 2117 2411 esse.
2149 2357 2301 2425 Quod
2331 2358 2374 2411 si
2406 2372 2535 2427 ergo
2579 2358 2681 2421 sol,
2722 2375 2915 2429 corpus
2960 2362 3304 2431 corruptibile
3326 2380 3446 2419 cum
3476 2365 3565 2430 sit,

1978 2448 2171 2517 ubique
2216 2450 2392 2504 radios
2421 2466 2547 2504 suos
2594 2452 2809 2519 emittit,
2838 2468 3015 2519 coeno,
3049 2456 3315 2521 sordibus,
3342 2456 3571 2525 aliisque

1978 2539 2159 2593 multis
2182 2540 2231 2594 id
2258 2556 2427 2611 genus
2454 2542 2613 2596 rebus
2639 2556 2759 2596 sese
2780 2546 3202 2611 communicaris,
3224 2546 3356 2599 nihil
3389 2558 3569 2603 tamen

1979 2645 2041 2684 ex
2074 2630 2174 2685 hac
2215 2632 2454 2687 fmditate
2482 2646 2860 2699 corporearum
2891 2636 3187 2690 istiusmodi
3232 2637 3468 2691 sordium
3514 2639 3571 2693 in

1982 2734 2077 2776 sua
2120 2721 2207 2774 illa
2239 2723 2466 2789 puritate
2495 2722 2723 2786 laeditur,
2749 2724 2842 2778 sed
2876 2726 3103 2779 mundos
3131 2727 3251 2781 illos
3278 2741 3403 2781 suos
3431 2730 3482 2781 in
3508 2744 3569 2784 se

1976 2812 2154 2866 radios
2201 2813 2443 2879 retrahit,
2473 2829 2538 2869 ac
2589 2815 2771 2871 multis
2815 2826 3027 2871 rursum
3074 2818 3409 2888 corporibus,
3448 2836 3569 2890 quas

1976 2903 2151 2974 ipsum
2180 2905 2498 2976 suscipiunt,
2526 2909 2634 2963 vim
2683 2923 2835 2963 suam
2881 2910 3237 2977 virtutemque
3266 2912 3566 2980 participat,

1976 3013 2041 3053 ac
2070 2983 2213 3053 noxii
2249 3008 2340 3053 aut
2367 3001 2567 3055 sordidi
2594 3016 2660 3056 ex
2690 3001 2797 3056 illis
2818 3016 2884 3057 ne
2910 3003 3185 3057 minimum
3214 3002 3428 3072 quidem
3455 3004 3570 3073 ipse

1975 3089 2029 3144 in
2051 3104 2109 3143 se
2148 3090 2411 3159 recipiens
2439 3108 2453 3142 :
2498 3100 2698 3159 quanto
2726 3087 2922 3170 magis_
2943 3092 3161 3161 justitite
3204 3094 3294 3150 ille
3337 3093 3450 3157 Sol,
3480 3093 3570 3151 ille

1980 3180 2243 3236 Virtutum
2276 3179 2712 3250 incorporearum
2743 3182 3021 3249 Dominus,
3050 3184 3101 3237 in
3135 3199 3323 3255 puram
3350 3198 3569 3241 carnem

1975 3271 2281 3341 ingrediens
2306 3287 2410 3325 non
2441 3271 2613 3325 solum
2646 3286 2755 3325 non
2778 3270 3085 3341 inquinatus
3112 3283 3215 3338 est,
3244 3275 3338 3329 sed
3380 3284 3569 3330 contra

1975 3363 2136 3417 etiam
2182 3363 2455 3433 puriorem
2503 3378 2620 3417 eam
2667 3363 2839 3432 ipsam
2882 3366 3313 3436 sanctioremque
3354 3368 3571 3426 etfecit?

1973 3454 2149 3522 Atque
2193 3452 2308 3517 haec
2338 3452 2550 3523 quidem
2577 3453 2755 3507 omnia
2788 3464 2966 3509 mente
2992 3454 3286 3520 volventes,
3318 3468 3372 3510 et
3414 3473 3566 3510 com-

1975 3553 2335 3601 memorantes
2372 3537 2605 3599 divinam
2657 3561 2866 3609 vocem,
2910 3545 3220 3601 dicentem:
3264 3547 3567 3605 lnhabitabo

1974 3636 2027 3687 in
2057 3634 2181 3699 illis,
2208 3644 2253 3688 et
2282 3635 2604 3689 inambulaba
2652 3634 2834 3706 (Leuit.
2867 3638 2956 3691 26.
2992 3639 3089 3702 {2;
3122 3638 3176 3690 2.
3210 3640 3326 3691 Cor.
3356 3638 3410 3695 6.
3444 3640 3563 3710 ‘16);

1976 3734 2030 3779 et
2055 3741 2263 3780 rursum
2304 3744 2317 3779 :
2359 3725 2460 3780 Vas
2489 3727 2728 3794 templum
2757 3727 2850 3781 Dei
2877 3729 3017 3795 estis,
3035 3738 3083 3782 et
3108 3728 3333 3798 Spiritus
3361 3729 3458 3784 Dei
3484 3733 3567 3785 in-

1976 3814 2165 3867 habitat
2206 3815 2261 3869 in
2298 3817 2431 3870 vobis
2463 3817 2537 3887 (l.
2570 3816 2688 3871 Cor.
2722 3819 2776 3873 5.
2823 3817 2933 3890 l6),
2963 3820 3123 3873 etiam
3172 3835 3270 3875 nos
3312 3819 3569 3878 adversus

1977 3903 2109 3957 istos
2136 3904 2397 3968 dicamus,
2427 3915 2479 3959 et
2520 3906 2847 3975 impudentia
2886 3908 3168 3980 impiorum
3199 3924 3291 3964 ora
3318 3912 3567 3967 obstrua-

1979 4010 2119 4062 mus,
2149 3997 2453 4066 nostrisque
2480 3999 2689 4054 interim
2722 3984 2877 4055 bonis
2904 4000 3166 4068 laetemur,
3192 4017 3256 4058 ac
3284 4002 3453 4060 Deum
3482 4005 3568 4060 in-

1977 4096 2255 4141 carnatum
2280 4087 2349 4140 ob
2377 4097 2483 4141 tam
2528 4089 2887 4159 indulgentem
2916 4090 2985 4146 ad
3013 4107 3112 4147 nos
3143 4109 3328 4164 usque
3358 4096 3438 4151 sui
3468 4097 3569 4152 de-

1980 4178 2291 4233 missionem
2338 4177 2729 4249 gloriﬁcemus,
2774 4188 2829 4235 et
2879 4195 2975 4249 pro
3023 4183 3217 4237 virium
3263 4194 3569 4241 nostrarum

1978 4266 2227 4323 facultate
2277 4268 2594 4338 condignam
2648 4269 2749 4337 ipsi
2792 4272 3188 4325 venerationem
3233 4274 3570 4344 gratiamque

1979 4358 2265 4414 reddamus
2290 4379 2304 4415 :
2334 4360 2445 4415 Deo
2492 4374 2669 4414 autem
2699 4360 2841 4416 nulla
2868 4376 2899 4415 a
2933 4362 3086 4417 nobis
3131 4364 3418 4433 gratiarum
3472 4382 3572 4436 par

1982 4450 2267 4504 retributio
2296 4450 2415 4504 ﬁeri
2441 4451 2750 4523 queat,nisi
2786 4452 2957 4507 solum
2983 4467 3066 4516 ea,
3094 4470 3215 4523 quae
3240 4456 3484 4509 consistit
3513 4455 3573 4511 in

1980 4550 2161 4594 nostra
2187 4541 2592 4609 animarumque
2619 4550 2919 4595 nostrarum
2968 4543 3161 4607 salute,
3192 4553 3352 4613 atque
3378 4545 3429 4599 in
3457 4546 3571 4599 vir-

1983 4632 2109 4684 tutis
2146 4631 2341 4686 studio.

2054 4724 2105 4776 7.
2158 4725 2280 4788 Quis
2332 4725 2510 4777 modus
2557 4725 2825 4779 accedendi
2868 4726 2934 4777 ad
2990 4725 3162 4779 divina
3199 4728 3455 4797 mysteria.
3497 4757 3574 4767 -

1981 4812 2058 4869 Ne
2082 4813 2249 4869 simus
2272 4829 2401 4884 ergo
2428 4814 2514 4868 hic
2548 4816 2736 4885 ingrati
2762 4831 2888 4886 erga
2923 4816 3051 4870 tanti
3088 4816 3139 4870 in
3183 4831 3281 4871 nos
3322 4818 3579 4873 beneficii.

1981 4914 2275 4970 auctorem,
2299 4904 2394 4959 sed
2417 4919 2605 4962 omnes
2634 4906 2811 4959 omnia
2848 4907 2897 4960 ei
2936 4920 3033 4974 pro
3060 4906 3201 4961 virili
3237 4907 3526 4962 offeramus
3546 4946 3568 4975 ,

1984 4999 2142 5053 tidem
2162 5038 2177 5064 ,
2216 5014 2364 5068 spem
2385 5039 2401 5065 ,
2444 5001 2716 5053 caritatem
2737 5039 2751 5063 ,
2785 4999 3228 5068 temperantiam,
3267 5000 3573 5054 miscricor-

1983 5092 2124 5146 diam
2150 5133 2165 5157 ,
2196 5092 2628 5163 hospitalitatem.
2658 5091 2725 5145 Et
2746 5090 2813 5146 ad
2840 5091 2983 5161 quod
3010 5106 3181 5161 nuper
3202 5106 3298 5147 vos
3318 5091 3571 5146 cohorta-

1986 5191 2068 5236 tus
2095 5197 2235 5247 sum,
2258 5181 2325 5237 ad
2347 5182 2401 5236 id
2425 5182 2586 5236 etiam
2615 5196 2757 5235 nunc
2777 5191 2832 5235 et
2856 5182 2907 5235 in
2937 5190 3208 5250 posterum
3234 5196 3446 5251 semper
3473 5197 3582 5237 vos

1986 5273 2392 5327 cohortari‘non
2419 5272 2693 5326 desistam.
2736 5272 2999 5340 Quidnam
3042 5270 3188 5325 hoc?
3216 5270 3352 5326 Cum
3391 5286 3575 5327 acces-

1988 5365 2097 5419 suri
2126 5365 2255 5419 estis
2278 5364 2345 5418 ad
2368 5364 2696 5420 tremendam
2714 5364 3054 5434 divinamque
3081 5365 3227 5419 illam
3252 5378 3492 5420 mensam
3520 5373 3582 5420 et

1989 5472 2139 5510 sacra
2157 5456 2429 5526 mysteria,
2456 5470 2578 5511 cum
2599 5457 2789 5511 timore
2815 5472 2877 5512 ac
2905 5466 3134 5511 tremore
3162 5457 3265 5511 hoc
3291 5456 3448 5511 facite
3470 5456 3580 5527 (α),

1989 5560 2109 5600 cum
2149 5561 2280 5614 pura
2324 5546 2647 5602 conscientia
2676 5587 2690 5611 ,
2720 5560 2841 5599 cum
2884 5545 3087 5616 jejunio
3125 5555 3180 5601 et
3223 5547 3529 5615 precatione
3556 5562 3581 5598 :.

1991 5653 2095 5693 non
2126 5637 2510 5693 tumultuantes
2534 5679 2550 5703 ,
2581 5653 2689 5692 non
2716 5637 3053 5693 calcitrantes
3075 5677 3091 5702 ,
3134 5652 3241 5692 non
3273 5636 3585 5707 proximum

2057 5820 2130 5885 (η)
2164 5821 2280 5872 vide
2301 5819 2548 5871 nomiliam
2570 5822 2621 5871 in
2640 5827 2685 5870 s.
2712 5818 3057 5882 Philogonium,
3080 5821 3117 5867 ι.
3147 5818 3188 5866 1.
