4164 6324
641 365 741 421 361
1345 361 1402 417 8.
1439 355 1724 417 JOANNIS
1759 350 2248 412 CHRYSOSTOMI
2291 348 2610 406 ARCHIEP.
2656 336 3197 402 CONSTANTINOP.

643 475 975 544 lmpellcntcs
1006 491 1018 526 :
1059 482 1317 526 extrema:
1346 469 1485 523 enim
1523 466 1625 523 hoc
1659 467 1921 537 superbia:
1946 474 2062 532 est,
2089 479 2217 518 con-

643 565 1050 634 temptionisque
1095 564 1312 618 minime
1350 562 1576 632 vulgaris
1619 578 1632 614 :
1677 575 1842 630 quare
1887 559 2045 612 etiam
2093 557 2214 612 talia

643 657 1066 725 perpetrantibus
1096 656 1418 726 punitionem
1461 652 1680 707 multam
1723 651 1986 706 conciliat.
2021 650 2220 704 Tecum

641 757 822 814 reputa
840 788 855 814 ,
884 762 916 802 ο
952 748 1112 801 homo
1136 787 1152 812 ,
1179 746 1387 815 qualem
1417 742 1646 798 hostiam
1674 756 1732 797 es
1759 749 2181 796 contrectaturus
2201 781 2216 806 ,

637 837 847 905 qualem
875 852 1113 891 mensam
1153 835 1423 897 aditurus;
1462 842 1634 887 tecum
1678 839 1860 899 reputa
1889 871 1902 897 ,
1929 830 2070 900 quod
2095 844 2217 884 cum

638 937 782 982 terra
809 930 881 983 sis
905 939 958 984 et
984 929 1138 991 cinis,
1168 941 1359 994 corpus
1386 934 1441 980 et
1465 923 1776 994 sanguinem
1801 921 2000 981 Christi
2029 923 2213 976 sumis.

637 1018 766 1073 Etsi
797 1035 891 1074 vos
917 1035 1009 1075 rex
1035 1019 1246 1088 quidem
1273 1017 1339 1072 ad
1369 1017 1667 1072 convivium
1688 1026 1859 1079 vocet,
1883 1031 2002 1070 cum
2029 1017 2220 1070 timore

637 1110 968 1175 accumbitis,
994 1110 1247 1180 cibosque
1269 1108 1539 1179 appositos
1569 1122 1687 1161 cum
1726 1107 2024 1162 reverentia
2056 1115 2110 1160 et
2147 1106 2220 1161 si-

638 1197 799 1252 lentio
820 1200 1029 1253 sumitis
1058 1217 1072 1265 ;
1103 1200 1211 1254 Deo
1237 1209 1413 1254 autem
1453 1207 1504 1252 te
1542 1197 1609 1252 ad
1652 1213 1802 1252 suam
1845 1212 2084 1251 mensam
2127 1212 2218 1251 vo-

634 1300 792 1344 cante
812 1331 828 1354 ,
861 1290 1157 1360 Filiumque
1184 1305 1338 1344 suum
1368 1289 1441 1343 ibi
1477 1297 1778 1358 apponente
1802 1329 1816 1355 ,
1846 1288 1934 1342 ubi
1963 1289 2219 1357 angelicae

635 1387 927 1445 potestates
951 1379 1214 1434 adsistunt
1237 1394 1358 1434 cum
1387 1380 1579 1433 timore
1599 1386 1653 1432 et
1675 1388 1906 1433 tremore
1929 1420 1944 1444 ,
1969 1379 2054 1434 ubi
2082 1379 2220 1435 Che-

636 1465 811 1521 rubini
844 1469 1020 1521 velant
1057 1469 1215 1523 facies
1253 1483 1414 1534 suas,
1452 1476 1612 1537 atque
1650 1467 1930 1536 Seraphini
1957 1484 2077 1524 cum
2107 1478 2218 1525 tre-

635 1574 786 1614 more
819 1561 1066 1626 clamant,
1113 1561 1356 1625 Sanctus,
1397 1560 1644 1624 Sanctus,
1672 1560 1901 1616 Sanctus
1925 1557 2222 1616 Dominus?

636 1660 690 1703 tu
714 1650 841 1704 mihi
863 1651 1026 1706 audes
1053 1650 1391 1706 vociferando
1413 1665 1476 1704 ac
1503 1650 1870 1704 tumultuando
1892 1652 1957 1704 ad
1983 1653 2221 1720 spiritale

637 1739 767 1794 illud
815 1741 1114 1795 convivium
1159 1741 1457 1796 accedere?
1494 1741 1575 1794 An
1619 1749 1669 1794 te
1707 1740 1840 1811 fugit
1878 1758 1942 1796 eo
1986 1751 2222 1812 tempore

635 1833 799 1885 multa
831 1833 1211 1903 tranquillitate
1256 1841 1487 1886 mentem
1526 1846 1646 1887 esse
1689 1833 1899 1904 plenam
1930 1835 2222 1902 oportere?

635 1921 902 1992 Multaque
929 1938 1056 1992 pace
1079 1938 1139 1976 ac
1159 1924 1335 1991 quiete
1361 1938 1491 1991 opus
1514 1931 1617 1988 est,
1647 1938 1752 1977 non
1778 1932 1954 1978 autem
1973 1925 2220 1993 tumultu,

635 2012 904 2068 iracundia
929 2056 944 2080 ,
977 2015 1304 2084 strepituque
1337 2031 1350 2067 :
1386 2014 1498 2069 haec
1538 2015 1681 2068 enim
1726 2015 2053 2068 immundam
2102 2017 2220 2070 ani-

635 2116 776 2155 mam
805 2104 1142 2158 accedentem
1167 2104 1422 2158 efficiunt.
1453 2104 1711 2170 Quasnam
1739 2115 1918 2160 autem
1944 2107 2094 2160 venia
2122 2122 2222 2161 no-

636 2190 717 2244 bis
746 2191 1001 2247 habeatur
1028 2234 1043 2259 ,
1085 2193 1130 2247 si
1170 2202 1298 2265 post
1327 2201 1470 2247 tanta
1511 2204 1726 2263 peccata
1750 2235 1765 2258 ,
1799 2195 1985 2250 saltem
2012 2203 2222 2265 tempus

637 2278 758 2345 hoc,
787 2297 893 2351 quo
917 2282 982 2335 ad
1010 2297 1214 2336 sacram
1247 2284 1382 2337 hanc
1406 2299 1645 2338 mensam
1676 2283 1904 2350 adimus,
1933 2285 2001 2339 ab
2024 2286 2224 2340 irratio-

637 2373 901 2428 nabilibus
925 2375 1069 2429 hisce
1097 2375 1582 2443 perturbationibus
1602 2391 1706 2430 non
1735 2377 2062 2446 purgemus?
2086 2377 2223 2444 Quid

635 2475 814 2518 autem
843 2467 1061 2520 omnino
1091 2477 1172 2520 est
1201 2468 1366 2536 magis
1405 2467 1764 2522 necessarium
1783 2507 1798 2531 ,
1827 2482 1987 2536 quam
2016 2483 2079 2524 ea
2105 2484 2224 2538 quae

636 2560 688 2613 in
720 2557 818 2611 hac
849 2572 1031 2612 mensa
1065 2559 1475 2626 proponuntur?
1500 2567 1592 2613 aut
1619 2558 1746 2628 quid
1786 2569 1938 2628 urget
1983 2574 2082 2613 nos
2104 2601 2120 2626 ,
2166 2569 2224 2614 ut

634 2649 992 2713 connitamur,
1024 2648 1383 2716 spiritualibus
1413 2649 1575 2703 rebus
1599 2649 1803 2704 relictis
1827 2690 1843 2716 ,
1875 2649 2004 2704 illuc
2033 2665 2224 2719 prope-

636 2750 757 2790 rare
780 2735 835 2788 “3
877 2736 954 2790 Ne
977 2778 992 2799 ,
1025 2752 1154 2806 rogo
1179 2753 1274 2792 vos
1312 2749 1472 2808 atque
1497 2738 1753 2804 obtestor,
1802 2755 1870 2794 ne
1906 2738 2139 2794 divinam
2169 2741 2224 2795 in

637 2839 736 2880 nos
754 2826 885 2880 iram
908 2828 1269 2882 concitemus:
1293 2829 1736 2884 medicamentum
1753 2839 1834 2885 est
1859 2830 1911 2884 id
1932 2831 2072 2900 quod
2101 2846 2224 2900 pro-

635 2915 852 2983 ponitur
871 2917 1151 2971 vulnerum
1184 2928 1490 2973 nostrorum
1514 2921 1745 2976 salutare
1764 2962 1778 2986 ,
1800 2921 2001 2976 divitiae
2026 2923 2226 2977 indesi-

641 3015 852 3070 nentes,
880 3022 1000 3076 quae
1026 3008 1275 3062 ca'lorum
1308 3009 1463 3064 nobis
1491 3026 1712 3080 regnum
1751 3012 2058 3067 conciliant.
2089 3013 2222 3068 Cum

637 3096 862 3151 horrore
892 3098 1067 3166 itaque
1093 3097 1408 3153 accedamus
1426 3140 1442 3166 ,
1469 3101 1666 3169 gratias
1692 3116 1909 3170 agamus
1929 3117 2224 3172 ,,procum-

636 3186 825 3242 bamus
853 3187 1166 3243 confitentes
1197 3199 1410 3258 peccata
1455 3201 1672 3257 nostra;
1700 3191 2057 3263 lacrymemur
2085 3193 2221 3247 mala

639 3288 821 3333 nostra
849 3282 1123 3350 lugentes;
1153 3283 1384 3338 intentas
1407 3298 1472 3339 ac
1497 3284 1673 3354 largas
1691 3300 1877 3354 preces
1905 3287 2013 3341 Deo
2035 3285 2224 3340 funda-

637 3383 757 3422 mus
787 3387 800 3424 :
826 3371 1008 3439 sicque
1047 3387 1147 3427 nos
1187 3372 1334 3442 ipsos
1372 3374 1723 3429 emundantes
1745 3415 1760 3439 ,
1790 3375 1946 3429 tacite
1967 3413 1983 3439 ,
2011 3384 2066 3430 et
2101 3390 2224 3430 cum

639 3457 814 3514 debita
837 3460 1093 3516 modestia
1117 3472 1382 3532 tamquam
1403 3465 1469 3518 ad
1489 3466 1739 3519 caelorum
1764 3480 1942 3534 regem
1965 3465 2225 3520 adeuntes

637 3551 1000 3609 accedamus:
1038 3565 1384 3627 sanctamque
1439 3555 1576 3612 hanc
1617 3563 1673 3612 et
1701 3557 2089 3613 immaculatam
2131 3559 2230 3613 ho-

702 3703 720 3736 ⁸
754 3707 883 3774 tias,
907 3710 958 3754 ut
981 3705 1256 3769 (cantemus
1287 3716 1352 3768 et,
1371 3707 1646 3772 spiritualta
1675 3709 2010 3774 relinquentes,
2034 3711 2100 3760 ad
2125 3723 2228 3760 cor-

639 3764 827 3827 poralia
857 3764 1185 3830 properemus.

3808 342 3914 398 3ii‘2

2323 463 2478 518 stiam
2508 463 3255 534 recipientes,exosculemur,
3283 462 3454 518 oculis
3479 477 3598 517 eam
3620 463 3911 530 complexi,

2330 565 2666 624 mentemque
2701 564 2754 610 et
2790 556 3025 610 animum
3053 555 3430 619 incendamus,
3472 571 3541 610 ne
3569 556 3621 610 in
3650 554 3909 624 judicium

2327 657 2418 701 aut
2443 648 2837 701 damnationem
2863 647 3267 712 conveniamus,
3296 647 3390 702 sed
3417 647 3469 702 in
3497 649 3687 702 animae
3719 657 3913 718 tempe-

2327 741 2573 804 rantiam,
2607 740 2659 792 in
2681 737 3042 804 dilectionem,
3069 740 3121 792 in
3152 740 3423 807 virtutem,
3454 751 3508 795 et
3535 757 3659 798 cum
3689 743 3800 796 Deo
3833 755 3913 795 re-

2325 830 2750 884 conciliationem
2771 870 2789 896 ,
2826 831 2876 884 in
2912 845 3094 900 pacem
3140 830 3348 885 firmam
3369 873 3383 896 ,
3407 847 3471 886 ac
3510 833 3655 887 mille
3681 833 3914 903 denique

2326 920 2585 974 benorum
2614 921 2946 976 occasionem
2977 939 2990 974 :
3020 931 3075 976 ut
3105 931 3160 977 et
3189 938 3286 977 nos
3311 924 3455 992 ipsos
3484 931 3696 978 sanctos
3720 924 3913 978 redda-

2327 1027 2478 1078 mus,
2527 1025 2581 1068 et
2626 1013 2898 1083 proximos
2937 1014 3283 1070 azdificemns.
3327 1016 3404 1070 De
3448 1016 3529 1069 his
3569 1015 3787 1070 assidue
3823 1030 3918 1069 vo-

2327 1101 2530 1156 biscum
2569 1118 2687 1171 ago,
2727 1118 2826 1158 nec
2862 1119 3019 1173 agere
3046 1105 3322 1159 desistam.
3365 1105 3494 1172 Qu:e
3532 1107 3676 1161 enim
3715 1105 3919 1158 utilitas

2326 1195 2545 1248 omnino
2571 1203 2773 1250 temere
2795 1195 2897 1249 huc
2922 1210 3263 1262 concurrere,
3289 1198 3331 1250 si
3354 1197 3484 1250 nihil
3508 1196 3651 1265 quod
3672 1196 3807 1250 utile
3827 1195 3915 1262 sit,

2327 1285 2611 1340 addiscatis
2629 1287 2652 1339 ?
2669 1285 2970 1351 Quodnam,
2996 1289 3242 1353 obsecro,
3267 1288 3472 1342 lucrum
3499 1287 3674 1352 aﬂ'ert,
3701 1303 3920 1358 semper

2326 1377 2392 1431 ad
2417 1379 2638 1446 gratiam
2666 1378 2816 1432 vobis
2837 1379 3184 1434 concionari?
3206 1379 3376 1433 Breve
3396 1394 3632 1447 praesens
3657 1380 3765 1434 hoc
3784 1390 3919 1434 tem-

2328 1482 2425 1536 pus
2451 1477 2562 1534 est,
2591 1484 2623 1523 ο
2647 1468 2827 1524 dilecti
2857 1487 2870 1523 :
2900 1470 3063 1525 sobrii
3093 1472 3280 1534 simus,
3311 1471 3610 1540 vigilemus,
3645 1487 3746 1525 nos
3771 1471 3917 1541 ipsos

2327 1572 2739 1627 componamus;
2759 1575 2919 1614 omne
2942 1560 3186 1615 benevoli
3209 1561 3373 1614 animi
3400 1562 3633 1615 studium
3657 1564 3711 1615 in
3730 1577 3919 1618 omnes

2327 1649 2534 1703 sincere
2560 1651 2934 1705 ostendamus:
2968 1651 3020 1705 in
3047 1652 3294 1707 omnibus
3323 1663 3631 1707 reverenter
3654 1669 3909 1723 agamus,

2328 1753 2421 1793 seu
2447 1739 2624 1794 divina
2645 1740 2804 1794 verba
2833 1741 3035 1805 audire,
3059 1742 3172 1796 sive
3196 1757 3371 1808 orare,
3403 1743 3517 1798 sive
3543 1744 3608 1797 ad
3643 1745 3736 1799 Dei
3763 1761 3922 1801 men-

2328 1845 2442 1884 sam
2467 1832 2742 1898 accedere,
2771 1833 2883 1888 sive
2907 1834 3048 1888 aliud
3075 1835 3203 1905 quid
3228 1835 3461 1906 denique
3494 1836 3797 1892 faciendum
3830 1839 3920 1903 sit,

2328 1935 2448 1976 cum
2473 1923 2662 1977 timore
2683 1938 2745 1978 ac
2769 1926 3031 1980 tremore'
3055 1925 3106 1978 id
3136 1925 3225 1979 ﬁat
3254 1943 3267 1979 :
3297 1941 3364 1982 ne
3390 1927 3707 1996 negligentia
3741 1938 3924 1982 nostra

2329 2011 2756 2067 maledictionem
2801 2015 2955 2068 nobis
2991 2029 3347 2070 accersamus.
3397 2015 3704 2073 Maledictus
3745 2019 3882 2073 enim
3907 2061 3923 2084 ,

2330 2101 2499 2170 inquit
2526 2102 2807 2171 propheta,
2829 2105 3012 2170 omnis,
3035 2106 3122 2174 qui
3146 2107 3269 2177 facit
3289 2122 3417 2175 opus
3438 2106 3647 2161 Domini
3667 2110 3929 2180 negligen-

2330 2200 2403 2243 ter
2426 2190 2568 2260 (Jer.
2596 2192 2683 2246 ιε.
2711 2192 2835 2263 10).
2862 2193 3225 2249 Tumultuatio
3245 2197 3386 2250 enim
3418 2206 3472 2251 et
3496 2198 3771 2253 iracundia
3800 2202 3821 2231 ³
3847 2203 3927 2254 ef-

2330 2279 2507 2334 ficitur
2531 2283 2853 2336 contumelia
2895 2283 2948 2337 in
2985 2284 3211 2338 hostiam
3243 2301 3360 2354 qua:
3391 2288 3728 2356 proponitur.
3762 2289 3927 2345 Certe

2329 2384 2568 2428 extrema
2587 2377 2912 2443 contemptio
2931 2385 3034 2440 est,
3055 2377 3473 2432 contaminatum
3492 2394 3550 2434 se
3565 2379 3762 2436 oﬂ‘erre
3781 2381 3892 2437 Deo
3911 2400 3926 2438 :

2331 2477 2452 2514 nam
2501 2463 2626 2517 audi
2671 2464 2797 2532 quid
2840 2464 2908 2519 de
2950 2464 3143 2519 talibus
3189 2465 3333 2520 dicat
3374 2468 3687 2536 apostolus:
3722 2469 3785 2524 Si
3813 2472 3930 2540 quis

2329 2555 2572 2623 templum
2595 2552 2692 2607 Dei
2719 2564 3027 2624 corrumpat,
3052 2556 3304 2624 disperdet
3333 2556 3479 2610 illum
3503 2555 3642 2612 Deus
3672 2558 3692 2626 (
3720 2559 3770 2613 1.
3799 2559 3926 2615 Cor.

2329 2646 2382 2700 5.
2411 2647 2535 2716 17).
2567 2645 2644 2701 Ne
2671 2662 2798 2716 ergo
2824 2662 2921 2715 pro
2941 2662 3007 2701 eo
3026 2648 3167 2717 quod
3199 2648 3368 2703 Deum
3396 2650 3549 2704 nobis
3573 2652 3929 2709 reconciliare

2329 2739 2653 2794 debebamus
2676 2782 2690 2806 ,
2734 2756 2855 2794 eum
2899 2742 2952 2795 in
2989 2757 3086 2795 nos
3115 2742 3384 2796 irritemus
3410 2760 3423 2795 :
3453 2741 3547 2798 sed
3578 2759 3794 2798 omnem
3827 2761 3927 2798 cu-

2331 2845 2467 2894 ram,
2492 2831 2830 2897 munditiem,
2854 2833 3150 2902 animaeque
3173 2833 3607 2903 tranquillitatem
3629 2849 3741 2902 pra:
3771 2837 3930 2891 nobis

2330 2921 2582 2988 ferentes,
2609 2937 2732 2977 cum
2762 2923 3005 2992 precibus
3028 2936 3082 2978 et
3111 2924 3274 2979 corde
3298 2925 3531 2979 contrito
3577 2925 3920 2981 accedamus.

2329 3011 2402 3068 Ut
2428 3011 2530 3067 hoc
2554 3023 2708 3082 pacto
2738 3014 3018 3068 Dominum
3049 3025 3290 3069 nostrum
3319 3015 3501 3071 Jesum
3522 3014 3792 3072 Christum
3822 3033 3923 3073 no-

2330 3103 2414 3159 bis
2433 3105 2719 3175 prapitium
2739 3103 3046 3169 reddentes,
3069 3106 3332 3175 promissa
3355 3107 3508 3163 nobis
3524 3107 3662 3163 bona
3683 3108 3930 3166 obtinere

2332 3193 2635 3263 possimus,
2674 3197 2842 3264 gratia
2870 3205 2924 3249 et
2965 3197 3292 3267 benignitate
3333 3197 3542 3253 Domini
3583 3203 3750 3254 nostri
3795 3199 3928 3257 Jesu

2330 3282 2548 3351 Christi,
2572 3300 2695 3340 cum
2719 3300 2827 3356 quo
2851 3286 2993 3342 Patri
3019 3302 3122 3342 una
3143 3303 3264 3344 cum
3291 3297 3476 3344 sancto
3500 3289 3702 3360 Spiritu
3730 3293 3924 3362 gloria,

2329 3384 2567 3442 potestas
2591 3415 2608 3440 ,
2636 3375 2828 3445 honor,
2857 3392 2999 3432 nunc
3022 3386 3078 3433 et
3104 3393 3338 3449 semper,
3363 3388 3420 3436 et
3444 3383 3498 3436 in
3523 3383 3718 3438 saecula
3750 3398 3930 3439 mu-

2333 3469 2527 3527 lorum.
2555 3470 2747 3526 Amen.

2395 3708 2412 3738 ι
2449 3703 2553 3763 Alii,
2578 3717 2688 3754 cum
2710 3703 2878 3755 timore
2899 3711 2946 3756 et

2393 3769 2414 3798 '
2449 3767 2583 3827 aditi,
2599 3772 2646 3816 et
2667 3765 2849 3816 clmnor
2866 3779 2886 3828 ,°
2905 3763 3030 3828 uss,
3056 3771 3102 3817 et
3117 3763 3393 3816 iractmdia.

683 3915 3818 3958 Μ

1183 4161 1263 4222 IN
1306 4158 1722 4222 HOMILIAM
1762 4159 1870 4219 DE
1905 4158 2309 4219 BAPTISMO
2353 4155 2672 4220 CHRISTI
2710 4157 2814 4219 ET
2847 4157 2956 4217 DE
2987 4155 3420 4218 EPIPHANIA

754 4428 906 4486 Hanc
931 4428 1208 4484 homilism
1228 4428 1419 4499 paucis
1444 4427 1646 4496 elapsis
1676 4432 1801 4498 post
1831 4425 2220 4495 praecedentem
2263 4425 2330 4482 de
2359 4423 2537 4482 Natali
2570 4423 2778 4480 Christi
2803 4423 3015 4488 diebus,
3047 4423 3309 4480 nimirum
3362 4426 3417 4480 in
3472 4424 3562 4480 die
3590 4423 3917 4496 Epiphania

681 4525 809 4578 anni
834 4524 936 4579 587
971 4523 1214 4578 habitam
1249 4521 1443 4587 fuisse,
1477 4521 1723 4590 quadam
1753 4521 1982 4576 suadere
2010 4520 2284 4576 videntur.
2316 4517 2453 4573 Nam
2484 4515 2630 4588 quod
2668 4515 2803 4571 dicit
2833 4514 2975 4570 infra
3001 4531 3230 4571 numero
3259 4525 3456 4585 quarto
3485 4534 3497 4570 :
3537 4513 3664 4570 Scio
3709 4517 3822 4583 fore
3859 4527 3926 4572 ut

682 4615 1059 4688 quamplurimi
1083 4613 1223 4681 apud
1264 4628 1355 4666 nos
1397 4629 1461 4666 ea:
1496 4614 1617 4680 {esti
1644 4611 2015 4666 consuetudine
2045 4612 2114 4665 ad
2139 4627 2350 4665 sacram
2389 4611 2523 4664 hanc
2562 4624 2806 4663 mensam.
2843 4616 3127 4660 accurrunt
3152 4624 3172 4661 :
3203 4623 3330 4662 sane
3377 4609 3588 4678 quidem
3629 4611 3924 4678 expediret,

689 4708 746 4762 id
772 4705 911 4776 quod
940 4705 1074 4759 alias
1101 4720 1238 4773 serpe
1268 4703 1441 4757 dicere
1470 4702 1733 4769 praeerti,
1762 4701 1838 4764 ὡς
1864 4701 1958 4754 καὶ
1990 4700 2221 4754 πολλάκι

2328 4699 2435 4770 ,θην
2460 4698 2648 4764 εἰπών,
2685 4705 2744 4751 ut
2769 4697 2905 4766 festa
2931 4711 3258 4766 nequaquam
3284 4695 3685 4753 observarentur
3707 4703 3926 4769 quando

685 4802 1072 4857 communicare
1105 4815 1232 4868 opus
1264 4807 1420 4860 esset,
1462 4798 1551 4850 sed
1573 4805 1630 4850 ut
1656 4796 1974 4849 conscientia
2003 4795 2374 4859 mandaretur,
2401 4801 2531 4858 etc.,
2555 4791 2683 4846 illud
2706 4790 2885 4861 ipsum
2912 4803 3075 4858 porro
3099 4788 3311 4843 dixerat
3337 4790 3528 4856 paucis
3551 4799 3678 4844 ante
3706 4792 3926 4858 diebus,

686 4895 945 4948 nimirum
971 4894 1027 4946 in
1058 4889 1195 4946 festo
1233 4887 1293 4942 S.
1322 4887 1650 4957 Philogonii,
1680 4901 1751 4939 xx
1780 4883 2094 4940 Decembris
2113 4885 2243 4939 anni
2269 4883 2398 4946 586,
2430 4897 2582 4936 num.
2619 4881 2693 4935 ει
2720 4899 2734 4934 :
2781 4879 2937 4933 Nunc
2967 4888 3144 4932 autem
3169 4877 3326 4932 multi
3355 4879 3599 4947 ﬁdelium
3631 4882 3689 4935 in
3718 4891 3930 4938 tantam

686 4988 978 5042 vecordiam
1010 4995 1314 5051 tantumque
1337 4997 1514 5036 uenere
1550 4988 1924 5049 contemptum,
1954 4989 2012 5032 ut
2035 4995 2154 5033 cum
2174 4979 2466 5033 innumeris
2496 4985 2732 5032 scateant
2761 4974 2942 5038 malis,
2975 4973 3280 5040 nullamque
3308 4972 3428 5025 vita
3454 4987 3567 5026 sua
3610 4987 3801 5026 curam
3832 4977 3931 5025 ha-

685 5079 862 5144 beant,
899 5080 953 5131 in
982 5077 1163 5130 diebus
1193 5075 1339 5145 festis
1376 5075 1691 5146 negligenter
1717 5091 1779 5129 ac
1817 5083 2005 5129 temere
2057 5075 2127 5128 ad
2163 5080 2424 5128 ‘mensam
2457 5074 2591 5127 hanc
2641 5071 2912 5135 accedant,
2965 5076 3069 5123 etc.
3107 5066 3165 5122 In
3201 5067 3308 5123 hoc
3361 5068 3492 5123 item
3542 5067 3615 5124 De
3666 5069 3930 5137 baptismo

688 5172 888 5228 Christi
919 5184 1190 5234 sermone,
1222 5170 1411 5224 eodem
1446 5183 1675 5224 numero
1703 5178 1896 5239 quarto
1925 5169 2006 5224 sic
2026 5169 2220 5224 habet:
2248 5168 2531 5233 Quodnam
2567 5167 2732 5237 igitur
2766 5164 2902 5219 illud
2933 5171 3203 5231 peccatum
3220 5170 3297 5215 est
3322 5161 3347 5214 7
3375 5160 3515 5230 quod
3537 5175 3657 5215 cum
3706 5167 3930 5215 tremore

688 5283 791 5321 non
828 5245 1159 5333 accedamus,
1195 5265 1285 5319 sed
1330 5260 1561 5317 calcibus
1613 5259 1935 5326 impetentes,
1982 5258 2345 5328 percutientes,
2395 5258 2480 5311 ira
2520 5266 2804 5324 turgentes,
2852 5254 3164 5316 clamantes,
3212 5251 3560 5307 conviciantes
3603 5253 3928 5320 proximum,

690 5359 959 5414 trudentes
990 5373 1008 5410 :
1030 5357 1138 5410 hac
1159 5366 1207 5409 et
1230 5371 1365 5422 saepe
1394 5353 1532 5418 dixi,
1560 5361 1608 5406 et
1634 5352 1806 5405 dicere
1827 5365 1928 5404 non
1959 5351 2191 5406 cessabo.
2221 5351 2278 5404 lu
2307 5349 2558 5404 oratione
2585 5356 2766 5404 autem
2795 5347 2864 5401 de
2887 5344 3061 5400 Natali
3087 5344 3288 5401 Christi
3321 5345 3573 5401 similiter
3597 5359 3828 5401 numero
3852 5347 3882 5398 7
3911 5363 3928 5399 :

692 5448 763 5503 Et
792 5449 860 5503 ad
883 5449 1018 5519 Quod
1041 5461 1203 5515 nuper
1235 5446 1254 5517 (
1280 5446 1486 5502 scilicet
1508 5446 1563 5500 in
1596 5444 1735 5502 festo
1763 5443 1820 5499 S.
1849 5442 2192 5514 Philogonii)
2233 5460 2320 5498 vos
2350 5444 2654 5498 cohortatus
2687 5458 2802 5497 sum
2823 5481 2838 5504 ,
2868 5441 2936 5494 ad
2964 5441 3018 5493 id
3065 5441 3227 5494 etiam
3281 5457 3417 5495 nunc
3464 5449 3513 5494 et
3565 5442 3619 5494 in
3660 5451 3928 5510 posterum

689 5559 888 5611 semper
921 5558 1006 5595 vos
1035 5540 1302 5595 cohortari
1323 5557 1422 5595 non
1461 5541 1734 5596 desistam.
1774 5537 2034 5603 Quidnam
2074 5539 2218 5593 hoc?
2265 5537 2399 5595 Cum
2437 5537 2699 5592 accessuri
2726 5537 2846 5591 estis
2913 5537 2981 5590 ad
3023 5532 3344 5590 tremendam
3385 5532 3718 5592 divinumque
3776 5531 3926 5584 illam
