4164 6324
245 348 345 406 561

242 467 463 521 ποιοῦσι
501 466 603 536 τὴν
658 465 878 520 κόλασιν
931 466 1024 522 καὶ
1060 467 1158 538 τὴν
1191 466 1483 537 τιμωρίαν.
1524 466 1831 535 Ἐννόησον,

241 542 289 602 ὢ
327 548 609 621 ἄνθρωπε,
660 549 821 612 ποίας
877 549 1093 620 μέλλεις
1142 547 1412 603 ἅπτεσθαι
1462 547 1673 611 θυσίας,
1707 547 1838 618 ποίᾳ

241 632 647 705 προσέρχεσθαι
703 634 975 705 τραπέζῃ·
1006 633 1343 705 ἐνθυμήθητι
1392 633 1486 687 καὶ
1517 634 1599 686 ὅτι
1639 633 1709 702 γῆ
1761 631 1836 687 ὢν

239 718 338 771 καὶ
359 717 576 780 σποδὸς,
610 713 750 787 αἷμα
783 718 876 771 καὶ
909 718 1069 789 σῶμα
1097 716 1339 789 Χριστοῦ
1376 715 1834 788 μεταλαμϐάνεις.

238 802 355 855 Καὶ
382 800 650 871 βασιλέως
678 802 777 871 μὲν
804 802 885 864 εἰς
920 800 1156 871 εὐωχίαν
1187 800 1479 863 καλοῦντος
1503 800 1666 870 ὑμᾶς,
1700 799 1839 869 μετά

240 885 411 953 φόϐου
436 883 809 946 ἀνακλίνεσθε,
835 884 928 937 καὶ
952 883 1060 936 τῶν
1088 883 1470 955 προκειμένων
1494 884 1633 953 μετὰ
1653 881 1838 947 αἰδοῦς

240 970 337 1023 καὶ
364 969 597 1041 ἡσυχίας
628 967 1075 1038 μεταλαμϐάνετε
1107 967 1443 1037 ἐδεσμάτων·
1472 964 1569 1019 τοῦ
1613 965 1749 1019 Θεοῦ
1780 966 1837 1021 δὲ

238 1052 538 1114 καλοῦντος
573 1050 666 1102 ἐπὶ
691 1049 792 1119 τὴν
822 1049 1019 1103 ἑαυτοῦ
1047 1049 1349 1120 τράπεζαν,
1381 1049 1476 1103 καὶ
1505 1050 1599 1101 τὸν
1640 1048 1835 1104 ἑαυτοῦ

237 1133 591 1206 προ-τιθέντος
624 1132 770 1193 Υἰὸν,
798 1131 1107 1199 ἀγγελικῶν
1155 1131 1441 1202 δυνάμεων
1494 1131 1838 1203 παρισταμέ-

238 1234 349 1270 νων
386 1214 525 1284 μετά
565 1214 732 1283 φόϐου
764 1214 857 1266 καὶ
903 1214 1129 1285 τρόμου,
1164 1214 1259 1267 καὶ
1288 1213 1396 1266 τῶν
1422 1214 1704 1285 Χερουϐὶμ
1732 1232 1837 1268 κα-

234 1298 697 1354 τακαλυπτόντων
716 1297 785 1350 τά
807 1296 1095 1368 πρόσωπα,
1118 1296 1228 1349 τῶν
1248 1297 1499 1368 Σεραφὶμ
1527 1296 1837 1368 κραζόντων

235 1386 449 1455 τρόμῳ,
498 1385 707 1451 Ἀγιος,
739 1380 912 1449 ἅγιος,
950 1380 1108 1449 ἅγιος
1127 1379 1352 1452 Κύριοςο
1384 1380 1449 1432 σὺ
1483 1380 1729 1450 κράζεις,
1756 1382 1837 1433 εἰ-

237 1467 310 1519 πέ
347 1482 461 1536 μοι,
504 1467 599 1518 καὶ
647 1463 852 1534 θορυϐᾗ
902 1464 1043 1534 πρὸς
1085 1462 1180 1536 τὴν
1213 1464 1595 1533 πνευματικὴν
1632 1462 1837 1535 ταύτην

237 1549 519 1613 ἑστίασινς
560 1547 675 1601 Οὐκ
721 1542 893 1609 οἶδας,
951 1547 1036 1615 ὃτι
1088 1544 1334 1616 γαλήνης
1379 1539 1459 1597 δεῖ
1499 1546 1693 1614 γέμειν
1737 1546 1837 1617 τὴν

233 1633 420 1703 ψυχὴν
450 1632 572 1683 κατ’
606 1632 814 1682 ἐκεῖνον
840 1629 934 1681 τὸν
968 1630 1195 1700 καιρόν;
1225 1630 1462 1700 Εἰρήνης
1494 1628 1695 1699 πολλῆς
1742 1629 1837 1682 καὶ

236 1715 475 1787 ἡσυχίας
510 1713 689 1784 χρεία,
710 1713 833 1781 οὐχὶ
859 1710 1092 1783 θορύϐου
1128 1712 1223 1764 καὶ
1245 1709 1420 1781 θυμοῦ
1452 1712 1545 1763 καὶ
1564 1711 1834 1782 ταραχῆς·

236 1799 413 1854 ταῦτα
436 1796 548 1866 γὰρ
574 1794 885 1865 ἀκάθαρτον
935 1798 1083 1849 ποιεῖ
1130 1795 1231 1857 τὴν
1271 1792 1606 1868 προσιοῦσαν
1633 1794 1834 1865 ψυχήν.

235 1882 335 1948 Τίς
373 1878 470 1936 οὖν
503 1880 570 1935 ἂν
593 1881 806 1949 γένοιτο
834 1879 967 1948 ἡμῖν
996 1876 1320 1949 συγγνώμη,
1353 1878 1404 1931 εἰ
1438 1878 1575 1948 μετὰ
1596 1877 1837 1934 τοσαῦτα

234 1966 616 2037 ἁμαρτήματα
649 1961 785 2033 μηδὲ
826 1962 917 2014 τὸν
952 1960 1144 2031 καιρὸν
1169 1961 1270 2031 τῆς
1302 1960 1715 2033 προσελεύσεως
1737 1977 1837 2014 κα-

236 2049 549 2122 θαρεύομεν
575 2045 686 2100 τῶν
718 2045 931 2114 ἀλόγων
974 2043 1165 2099 παθῶν
1216 2044 1473 2110 ὲκείνωνς
1521 2046 1587 2098 Τί
1616 2044 1675 2098 δὲ
1698 2043 1835 2109 ὅλως

234 2132 672 2204 ἀναγκαιότερον
699 2129 807 2183 τῶν
847 2129 1258 2201 προκειμένων;
1282 2128 1315 2197 ἢ
1345 2128 1399 2182 τί
1428 2130 1574 2199 ἡμᾶς
1590 2128 1833 2199 θορυϐεῖ,

236 2218 329 2271 ῐνα
358 2213 779 2282 σπουδάσωμεν,
809 2209 968 2264 τοῦτο
983 2211 1397 2275 καταλιπόντες,
1416 2213 1533 2265 ἐκεῖ
1546 2213 1762 2284 τρέχειν
1782 2224 1832 2277 α;

235 2299 354 2369 Μὴ,
389 2296 585 2367 δέομαι
627 2296 722 2350 καὶ
756 2293 1047 2359 ἀντιϐολῶ,
1080 2292 1156 2365 μὴ
1196 2296 1507 2365 κινήσωμεν
1541 2294 1639 2366 τὴν
1662 2295 1834 2367 ὀργὴν

232 2381 331 2435 τοῦ
347 2378 488 2434 Θεοῦ
523 2377 649 2433 καθ’
680 2377 911 2431 ἑαυτῶν.
941 2376 1239 2448 Φάρμακον
1263 2377 1380 2429 ἐστι
1408 2379 1676 2447 σωτήριον
1723 2378 1834 2431 τῶν

235 2464 528 2535 ἡμετέρων
559 2462 893 2534 τραυμάτων
918 2461 979 2514 τὸ
1007 2460 1387 2533 προκείμενον,
1422 2460 1653 2524 πλοῦτός
1687 2463 1834 2516 ἐστιν

234 2546 559 2617 ἀνελλιπὴς,
593 2544 875 2617 βασιλείας
920 2542 1166 2613 οὐρανῶν
1231 2544 1503 2615 πρόξενος.
1549 2543 1834 2615 Φρίξωμεν

232 2629 420 2682 τοίνυν
449 2628 794 2697 προσιόντες,
842 2627 1351 2697 εὐχαριστήσωμεν,
1406 2627 1831 2698 προσπέσωμεν,

235 2709 726 2783 ἐξομολογούμενοι
759 2709 828 2762 τά
851 2709 1167 2778 πταίσματα
1182 2708 1360 2779 ἡμῶν,
1386 2708 1745 2779 δακρύσωμεν
1764 2710 1834 2779 τά

234 2797 419 2850 οἰκεῖα
453 2792 780 2854 πενθοῦντες
833 2793 1002 2859 κακά,
1052 2792 1292 2854 ἐκτενεῖς
1336 2791 1503 2862 εὐχάς
1543 2792 1835 2864 ἀποδῶμεν

234 2877 316 2949 τῷ
354 2877 498 2947 Θεῷ·
546 2878 643 2930 καὶ
693 2875 837 2929 οὓτω
887 2875 1318 2949 διακαθάραντες
1354 2877 1582 2939 ἑαυτοὺς
1624 2878 1832 2948 ἠρέμα,

235 2964 328 3021 καὶ
370 2962 511 3031 μετά
534 2960 636 3030 τῆς
667 2959 1054 3031 προσηκούσης
1099 2957 1372 3023 εὐταξίας,
1412 2958 1487 3022 ὡς
1514 2958 1594 3029 τῷ
1624 2959 1836 3030 βασιλεῖ

238 3043 562 3115 προσιόντες
580 3042 692 3095 τῶν
712 3041 981 3113 οὐρανῶν,
1015 3041 1158 3096 οὓτω
1189 3042 1599 3113 προσέλθωμεν·
1629 3043 1725 3097 καὶ
1749 3043 1837 3096 δε-

239 3125 465 3200 ξάμενοι
487 3126 590 3195 τὴν
612 3126 843 3196 ἄμωμον
890 3126 986 3178 καὶ
1020 3125 1181 3192 ἁγίαν
1221 3125 1413 3179 θυσίαν
1451 3125 1838 3198 καταφιλήσω-

303 3233 332 3262 ι
356 3230 469 3294 ﬂes.
494 3230 572 3278 ἵνα
588 3230 951 3294 σπουδάζωμεν,
976 3232 1058 3280 καὶ
1079 3231 1141 3280 τά
1166 3231 1462 3293 πνευματικά
1478 3231 1836 3294 καταλιπόντες,

237 3294 301 3351 εἰς
320 3293 386 3342 τὰ
407 3290 620 3355 σαρκικὰ
639 3290 939 3354 σπεύδωμεν.

1224 353 1312 408 DE
1354 355 1694 412 BAPTISMO
1739 357 2037 413 CHRISTI.
2076 384 2148 396 -—
2193 360 2530 419 MONITUM.

3425 358 3533 413 562

1940 483 2062 535 μεν,
2088 470 2201 531 τοῖς
2222 467 2524 537 ὀφθαλμοῖς
2563 469 3048 542 περιπτυξώμεθα,
3082 469 3535 541 διαθερμάνωμεν

1936 550 2147 605 ἑαυτῶν
2190 551 2288 625 τὴν
2323 542 2587 629 διάνοιαν,
2621 554 2708 607 ἶνα
2740 554 2814 627 μὴ
2842 556 2924 619 εἰς
2975 558 3152 626 κρῖμα
3186 553 3221 625 ἦ
3253 555 3333 618 εἰς
3363 553 3536 610 κατά-
3606 560 3613 565 ”

1936 650 2113 704 κριμα
2145 634 2557 707 ωνερχὼμεθα,
2594 636 2709 690 ἀλλ’
2738 639 2818 701 εἰς
2835 636 3200 709 ’σωφροσύνην
3224 637 3424 708 ψυχῆς,
3451 640 3535 700 εἰς

1935 716 2179 788 ἀγάπην,
2217 720 2299 783 εἰς
2337 719 2564 791 ἀρετὴν,
2605 721 2702 774 καὶ
2735 722 3086 792 καταλλαγὴν
3124 721 3247 793 τῆν’
3271 720 3408 793 πρὸς
3443 723 3537 777 τὸν

1936 798 2091 863 Θεὸν,
2118 802 2199 864 εἰς
2238 802 2463 873 εἰρήνην
2487 802 2733 872 βεϐαίαν,
2773 805 2870 858 καὶ
2910 806 3121 877 μυρίων
3149 802 3372 872 ἀγαθῶν
3405 802 3541 855 ὁπός·

1937 881 2109 949 θεσιν,
2142 884 2229 939 ἵνα
2251 885 2346 939 καὶ
2375 886 2603 950 ἑαυτοὺς
2644 886 2988 958 ἀγιάσωμεν,
3033 888 3128 940 καὶ
3149 888 3277 950 τοὺς
3304 884 3536 956 πλησίον

1936 966 2405 1038 οἰκοδομήσωμεν.
2438 968 2626 1022 Ταῦτα
2652 969 2893 1039 συνεχῶς
2924 969 3091 1038 λέγω.
3130 970 3224 1022 καὶ
3254 968 3429 1037 λέγων
3469 968 3532 1021 οὐ

1935 1048 2239 1119 παύσομαι.
2291 1049 2357 1117 Τί
2393 1049 2501 1121 γάρ
2540 1050 2753 1120 ὄφελος,
2793 1052 2984 1115 ἁπλῶς
3017 1054 3112 1106 καὶ
3145 1052 3268 1122 εἰκῆ
3317 1051 3537 1123 τρέχειν

1937 1130 2195 1191 ἐνταῦθα,
2218 1132 2385 1201 μηδὲν
2403 1132 2515 1185 τῶν
2538 1133 2831 1205 χρησίμων
2864 1134 3269 1204 μανθάνοντας;
3297 1136 3450 1185 ποῖον
3478 1132 3538 1185 δὲ

1939 1215 2151 1286 κέρδος,
2188 1216 2275 1268 ἀεὶ
2295 1214 2365 1268 τὰ
2406 1217 2545 1288 πρὸς
2565 1216 2725 1288 χάριν
2751 1218 2997 1289 ὁμιλεῖνς
3025 1218 3243 1289 Βραχὺς
3282 1219 3310 1270 ὁ
3345 1217 3539 1287 παρὼν
3612 1228 3615 1231 ’

1937 1298 2153 1371 καιρὸς,
2193 1298 2490 1370 ἀγαπητοί·
2542 1299 2825 1370 νήψωμεν,
2878 1303 3342 1373 γρηγορήσωμεν,
3401 1316 3540 1369 συγ-

1938 1382 2300 1452 κροτήσωμεν
2348 1382 2599 1448 ἑαυτοὺς,
2642 1385 2827 1438 πᾶσαν
2874 1383 3111 1455 σπουδὴν
3162 1382 3291 1454 περὶ
3331 1382 3541 1446 πάντας

1937 1464 2173 1535 γνησίαν
2199 1463 2620 1536 ὲπιδειξώμεθα,
2664 1468 2797 1539 περὶ
2835 1468 3015 1521 πάντα
3045 1464 3333 1537 γενώμεθα
3380 1464 3540 1518 εὐλα-

1938 1546 2076 1611 ϐεῖςο
2112 1547 2218 1603 κᾶν
2249 1548 2559 1619 ἀκροᾶσθαι
2583 1550 2693 1603 δέοι
2727 1551 2833 1605 τῶν
2854 1551 3017 1605 θείων
3059 1550 3280 1618 λογίων,
3308 1550 3415 1603 κᾶν
3444 1545 3541 1603 εὐ-

1939 1632 2152 1703 χεσθαι,
2192 1626 2297 1686 κᾶν
2353 1633 2662 1705 προσιέναι,
2695 1632 2799 1688 κᾶν
2829 1633 3017 1705 ἕτερόν
3063 1650 3117 1686 τι
3166 1636 3365 1695 ποιεῖν,
3401 1633 3543 1703 μετά

1942 1714 2110 1784 φόϐου
2143 1714 2238 1769 καὶ
2267 1716 2474 1787 τρόμου
2510 1716 2669 1770 τοῦτο
2701 1717 2938 1784 γινέσθω
2984 1716 3034 1780 ιι,
3065 1718 3157 1770 ἵνα
3195 1717 3269 1787 μὴ
3293 1716 3541 1785 κατάραν

1940 1798 2381 1869 ἔπισπασώμεθα
2428 1798 2517 1851 διὰ
2571 1800 2676 1871 τῆς
2723 1800 3023 1871 ῥᾳθυμίας.
3072 1798 3543 1868 Ἐπικατάρατος

1940 1881 2071 1951 γάρ,
2102 1880 2255 1952 φησι,
2287 1880 2407 1946 πᾶς
2432 1884 2466 1935 ό
2504 1881 2693 1937 ποιῶν
2714 1883 2783 1937 τὸ
2812 1884 2993 1953 ἔργον
3018 1882 3127 1937 τοῦ
3150 1882 3374 1950 Κυρίου
3399 1880 3544 1950 ἀμε-

1935 1964 2079 2032 λῶς.
2119 1964 2177 2019 '0
2210 1963 2442 2036 θόρυϐος
2468 1966 2565 2019 καὶ
2591 1967 2624 2037 ἡ
2670 1966 2811 2037 ὀργὴ
2842 1976 2866 2005 ε
2898 1965 3057 2038 ὕϐρις
3081 1968 3163 2029 εἰς
3190 1966 3290 2035 τὴν
3313 1980 3543 2036 προκει-
3640 1990 3645 1993 ι

1941 2050 2111 2121 μένην
2135 2047 2331 2102 θυσίαν
2360 2048 2591 2115 γίνεται.
2628 2049 3055 2121 Καταφρόνησις
3094 2048 3321 2118 ἐσχάτη,
3364 2063 3540 2118 μεμο-

1938 2130 2209 2201 λυσμένον
2232 2126 2384 2202 [566]
2415 2130 2614 2196 ἑαυτὸν
2652 2131 3022 2203 προσενέγκαι
3057 2130 3136 2201 τῷ
3164 2128 3309 2200 Θεῷ.
3339 2131 3542 2183 ’Ἄκου-

1938 2232 2031 2270 σον
2069 2214 2123 2266 τί
2158 2212 2287 2284 περὶ
2310 2211 2421 2265 τῶν
2444 2213 2705 2267 τοιούτων
2726 2214 2894 2285 φησὶν
2916 2217 2945 2268 ό
2982 2213 3335 2276 Ἀπόστολος·⁹
3356 2212 3429 2264 El
3450 2228 3544 2278 τις

1935 2298 2044 2352 τὸν
2064 2296 2220 2351 ναὸν
2244 2294 2353 2350 τοῦ
2388 2296 2536 2351 Θεοῦ
2562 2298 2808 2366 φθείρει,
2840 2297 3281 2374 φθερεῖιτοῦτον
3302 2298 3347 2349 ὀ
3370 2296 3539 2362 Θεός.

1936 2383 2029 2453 Μὴ
2056 2381 2235 2434 τοίνυν
2266 2380 2388 2434 ἀντὶ
2421 2380 2772 2452 καταλλαγῆς
2812 2381 3208 2453 παροξύνωμεν
3234 2378 3328 2433 τὸν
3381 2377 3541 2457 Θεὸν,

1935 2463 2071 2519 ἀλλὰ
2125 2464 2307 2517 πᾶσαν
2353 2462 2674 2533 ἐπιμέλειαν
2712 2464 2809 2518 καὶ¹
2854 2464 3037 2518 πάντα
3076 2463 3283 2532 κόσμον
3330 2461 3542 2515 ἐπιδει-

1937 2546 2217 2617 κνύμενοι,
2245 2546 2340 2599 καὶ
2379 2545 2691 2617 ἀταραξίαν
2720 2548 2920 2618 ψυχῆς,
2959 2549 3074 2618 μετ’
3097 2549 3264 2620 εὐχῆς
3291 2549 3387 2603 καὶ
3419 2563 3545 2600 συν-

1934 2628 2308 2699 τετριμμένης
2332 2627 2568 2699 καρδίας
2600 2631 2939 2701 προσίωμεν,
2960 2629 3047 2683 ἴνα
3071 2632 3167 2684 καὶ
3183 2631 3334 2703 αὐτῷ
3363 2628 3542 2702 τούτῳ

1935 2712 2028 2765 τὸν
2062 2712 2344 2782 Δεσπότην
2377 2710 2538 2782 ἡμῶν
2571 2710 2784 2783 Ἰησοῦν
2826 2714 3064 2784 Χριστὸν
3089 2712 3538 2785 ὲξιλεωσάμενοι,

1936 2795 2253 2867 δυνηθῶμεν
2275 2796 2553 2859 ἐπιτυχεῖν
2578 2795 2689 2850 τῶν
2706 2796 2951 2865 ἐπηγγελ
2958 2797 3135 2863 μένων
3148 2799 3280 2869 ἡμῖν
3295 2796 3540 2867 ἀγαθῶν,

1938 2878 2119 2949 χάριτι
2148 2877 2243 2930 καὶ
2266 2876 2653 2950 φιλανθρωπίᾳ
2678 2878 2845 2932 αὐτοῦ
2880 2877 2977 2932 τοῦ
3004 2878 3211 2951 Κυρίου
3245 2881 3404 2951 ήμῶν
3431 2881 3540 2951 Ἰη-

1943 2959 2039 3013 σοῦ
2061 2959 2322 3031 Χριστοῦ,
2368 2958 2486 3029 μεθ’
2509 2954 2570 3013 οὗ
2606 2958 2687 3030 τῷ
2709 2960 2909 3033 Ila-cpi,
2942 2959 3061 3033 ἅμα
3081 2961 3160 3034 τῷ
3187 2963 3331 3034 ἀγίῳ
3366 2965 3537 3020 Πνεό-

1946 3064 2098 3118 ματιν
2132 3045 2282 3113 δόξαν
2316 3047 2541 3119 κράτοῖν
2582 3048 2741 3123 τιμὴ.
2772 3047 2870 3104 νῦν
2892 3050 2988 3102 καὶ
3034 3050 3142 3117 ἀεὶ,
3176 3051 3271 3105 καὶ
3304 3052 3384 3117 εἰς
3412 3054 3539 3116 τοὺς

1942 3130 2149 3195 αἰῶνας
2168 3130 2277 3184 τῶν
2310 3129 2548 3184 αἰώνων.
2588 3130 2784 3202 Ἀμήν.

2007 3235 2039 3277 ιι
2059 3234 2162 3299 Alli
2187 3236 2337 3299 φόϐου
2358 3236 2441 3284 καὶ
2465 3234 2767 3299 διακρίσεως
2786 3237 3007 3299 γινέσθω.

2013 3301 2035 3328 °
2058 3296 2297 3349 Editi'xal
2322 3299 2353 3354 ἡ
2378 3297 2582 3360 κραυγή,
2601 3296 2734 3347 'mss.
2758 3296 2842 3346 καὶ
2864 3300 2896 3354 ἡ
2922 3298 3059 3361 ὀργή.

238 3906 3512 3963 Mm:-

1678 4153 2084 4216 MONITUM.

253 4459 521 4509 mensum,
560 4448 610 4495 et
645 4453 800 4494 sacra
829 4441 1101 4507 mysteria,
1141 4445 1262 4485 eum
1290 4429 1477 4483 timore
1513 4442 1577 4480 ac
1606 4435 1834 4480 tremore
1873 4425 1969 4479 hoc
2010 4425 2194 4495 facite,
2225 4440 2345 4479 cum
2384 4441 2521 4493 pura
2556 4425 2901 4489 conscientia,
2942 4439 3064 4479 eum
3094 4421 3307 4495 jejunio
3330 4433 3383 4479 et
3410 4438 3536 4496 prec

258 4542 471 4598 catione
490 4554 509 4593 :
534 4551 638 4590 non
665 4531 1069 4593 tumultuantes,
1103 4542 1206 4580 non
1232 4523 1592 4588 calcitrantes,
1621 4537 1725 4575 non
1744 4520 2049 4591 proximum
2072 4520 2420 4591 impellentes,
2449 4530 2558 4576 etc.
2597 4519 2694 4575 His
2722 4530 2889 4590 porro
2917 4515 3226 4586 conspectis
3274 4515 3536 4586 probabi-

262 4634 389 4688 liter
414 4627 822 4685 existimamus.
867 4622 1033 4678 hasce
1060 4630 1173 4675 tres
1204 4616 1461 4673 homilias
1490 4615 1680 4671 eodem
1706 4624 1978 4684 tempore,
2005 4615 2315 4685 paucisque
2354 4614 2694 4685 interpositis
2738 4614 2883 4669 inter
2914 4610 3163 4681 singulas
3204 4608 3402 4665 diebus
3436 4610 3539 4665 ha-

262 4723 409 4779 bitas
439 4717 630 4772 fuisse.

337 4811 399 4867 In
439 4812 544 4865 hac
571 4822 736 4879 porro
771 4805 846 4860 De
882 4806 1151 4875 baptismo
1166 4812 1216 4858 et
1254 4801 1553 4873 Epiphania
1582 4798 1786 4855 Christi
1810 4799 2096 4864 concione,
2126 4808 2417 4869 postquam
2457 4800 2715 4870 populum
2752 4816 2820 4856 au
2860 4799 3151 4857 ecclesiam
3180 4797 3540 4865 frequentan-

267 4904 397 4958 dam
425 4900 682 4954 hortatus
712 4903 819 4960 est,
851 4894 918 4949 de
947 4892 1151 4962 duplici
1176 4891 1383 4946 Christi
1425 4888 1731 4959 Epiphania
1760 4888 1891 4958 agit,
1917 4888 1984 4944 de
2017 4888 2107 4943 illa
2134 4904 2350 4959 nempe.
2379 4903 2486 4959 qua
2529 4887 2701 4959 Magis
2735 4889 3013 4961 apparuit,
3061 4889 3240 4959 deque
3263 4896 3541 4958 postrema

270 5009 383 5066 qua
409 4993 467 5046 in
498 4988 972 5047 consummatione
1006 4982 1191 5042 saeculi
1216 4996 1341 5038 cum
1382 4980 1552 5056 gloria
1582 4986 1637 5033 et
1665 4978 1957 5049 splendore
1983 4987 2251 5033 venturus
2280 4986 2384 5033 est.
2434 4977 2761 5034 Miraculum
2793 4980 2993 5035 deinde
3022 4979 3171 5034 circa
3207 4993 3404 5048 aquam
3432 4965 3543 5032 iba-

270 5085 464 5161 ptismi
488 5086 775 5140 enuntiat:
817 5092 942 5138 nam
970 5096 1095 5138 cum
1124 5091 1315 5133 versus
1348 5074 1584 5130 mediam
1617 5082 1835 5129 noctem
1860 5074 2005 5129 diem
2039 5074 2357 5144 Epiphaniae
2394 5076 2815 5145 praecedentem,
2882 5072 3081 5143 singuli
3135 5070 3207 5126 de
3257 5084 3400 5141 aqua
3450 5070 3545 5124 illa

274 5177 539 5250 baptismi
567 5176 780 5240 latices,
807 5162 1047 5246 νάματα,
1080 5188 1265 5229 secum
1312 5178 1678 5241 asportarent,
1709 5185 1854 5240 aqua
1889 5169 1981 5223 illa
2008 5184 2116 5225 non
2165 5172 2646 5241 corrumpebatur,
2678 5169 2774 5227 sed
2836 5169 3052 5239 integro
3086 5181 3253 5228 anno.
3314 5164 3448 5235 quin
3492 5172 3551 5219 et

277 5270 505 5329 biennio
532 5276 589 5323 et
617 5267 857 5322 triennio
890 5266 1205 5333 incorrupta
1234 5262 1511 5317 manebat.
1545 5258 1724 5316 Docet
1756 5260 1947 5315 deinde
1973 5260 2106 5331 quid
2135 5261 2351 5316 intersit
2376 5260 2715 5317 discriminis
2743 5260 2886 5315 inter
2916 5258 3188 5330 baptisma
3207 5254 3547 5321 Iudaeorum,

277 5365 553 5434 baptisma
578 5361 807 5418 Joannis
832 5370 887 5415 et
930 5361 1204 5431 baptisma
1237 5358 1464 5414 Christi.
1528 5355 1669 5411 Hinc
1718 5356 1954 5425 explicat
1985 5356 2263 5429 quomodo
2314 5357 2569 5415 Christus
2616 5356 2926 5428 impleverit
2978 5370 3198 5411 omnem
3231 5352 3502 5425 justitiam
3533 5366 3550 5416 ;

281 5455 613 5524 domumque
640 5451 847 5508 claudit
877 5451 1128 5506 hortatus
1159 5449 1418 5520 populum
1454 5456 1513 5502 ut
1539 5461 1738 5518 magna
1778 5464 1903 5505 cum
1932 5450 2237 5506 reverentia
2263 5450 2335 5507 ad
2364 5450 2649 5508 tremenda
2684 5448 2951 5523 mysteria
2991 5441 3277 5503 accedant.

351 5545 739 5617 interpretatio
763 5542 956 5599 Latina
989 5552 1073 5601 est
1108 5542 1400 5599 Frontonis
1438 5540 1642 5597 Ducai.
