4164 6324
1587 398 1672 452 DE
1718 399 1798 452 BA
1811 398 2053 457 PTISSIO
2092 396 2383 464 ClliilS'ﬂ.

3440 423 3544 478 365

288 1084 611 1128 ADVERSUS
656 1082 768 1127 EOS
812 1082 921 1135 QUI
965 1085 999 1128 Δ
1046 1081 1283 1125 DIVINIS
1324 1081 1564 1124 ABSUNT
1606 1081 1899 1136 OFFICIIS,

2007 1082 2027 1123 Γ
2070 1083 2151 1123 DE
2194 1081 2430 1125 SANCTO
2482 1083 2559 1125 AC
2614 1084 2923 1127 εΑιυτΑιιι
2980 1086 3377 1132 ΒΑΡΤιεΜΑΤε
3419 1090 3554 1135 SAL-

368 1184 636 1228 VATORIS
679 1182 901 1228 NOSTBI
944 1182 1097 1224 JESU
1140 1181 1418 1234 CHRISTI,
1464 1179 1675 1232 DEQUE
1719 1181 1799 1223 HS
1844 1179 1951 1232 QUI
1994 1180 2257 1223 INDIGNE
2299 1180 2782 1236 COMMUNICANT,

2842 1183 2923 1225 ΕΤ
2963 1183 3137 1235 QUOD
3190 1185 3298 1237 QUI
3350 1188 3563 1231 ιη’υῆ-

368 1286 530 1328 οιΑΜ
574 1281 1028 1327 IMPEBFECTAM
1072 1278 1589 1333 DEBELINQUUNT,
1634 1278 1845 1331 ATQUE
1886 1279 2052 1322 ANTE
2098 1278 2483 1323 POSTREMAM
2523 1281 2893 1328 οΒΑτιοΝΕΜ
2944 1283 3420 1343 EGBEDIUNTUR,
3463 1288 3568 1331 JU-

369 1384 501 1425 muu
547 1379 928 1435 IMITENTUR,
971 1376 1204 1421 onmo
1236 1361 1331 1433 (α).

380 1884 434 1936 1.
462 1879 662 1934 Omnes
682 1886 776 1925 vos
797 1872 848 1923 in
878 1867 1056 1922 ketitia
1080 1862 1236 1917 hodie
1257 1901 1271 1925 ,
1300 1871 1398 1927 ego
1425 1868 1554 1911 vero
1583 1852 1636 1907 in
1662 1863 1898 1906 maerore

306 1989 426 2029 sum
464 1970 629 2024 solus.
654 1964 785 2019 Nam
813 1974 932 2016 cum
960 1959 1013 2011 in
1043 1957 1143 2009 hoc
1171 1949 1443 2023 spirituale
1474 1947 1692 2015 pelagus
1714 1941 1899 1997 oculos

306 2077 460 2124 meos
501 2069 790 2123 converto,
817 2067 871 2111 et
909 2051 1195 2109 immensas
1243 2038 1498 2102 Ecclesia:
1524 2037 1741 2124 divitias
1764 2046 1896 2085 con-

307 2158 540 2224 templor
567 2195 580 2215 ,
611 2167 673 2205 ac
702 2146 894 2203 deinde
932 2139 1202 2212 perpendo
1241 2138 1353 2193 fore
1377 2177 1392 2202 ,
1424 2137 1482 2188 ut
1515 2145 1637 2187 cum
1668 2123 1896 2223 primum

306 2246 621 2303 Solemnitas
668 2242 767 2294 ista
813 2232 1171 2306 prmterierit,
1223 2226 1504 2282 multitudo
1556 2237 1741 2278 rursus
1795 2214 1894 2271 ista

307 2336 514 2392 resiliat
542 2348 604 2385 ac
630 2328 904 2387 discedat,
935 2323 1144 2378 crucior
1187 2328 1241 2374 ct
1266 2318 1426 2371 animi
1471 2314 1657 2368 dolore
1686 2323 1849 2379 angor
1875 2322 1891 2360 :

306 2424 473 2493 quod,
503 2437 622 2476 cum
673 2428 777 2472 tam
818 2414 1012 2469 multos
1055 2411 1254 2465 liberos
1303 2404 1567 2476 pepererit
1618 2399 1893 2461 Ecclesia,

308 2492 416 2569 non
446 2513 552 2567 illis
578 2509 758 2563 itidem
791 2507 842 2559 in
873 2503 1095 2572 singulis
1124 2498 1409 2560 collectis,
1438 2494 1532 2549 sed
1566 2494 1615 2544 in
1645 2492 1779 2544 festo
1804 2503 1896 2542 so-

309 2602 586 2662 lummodo
622 2599 721 2651 frui
764 2595 947 2665 possit.
970 2593 1212 2658 Quanta,
1246 2602 1457 2656 quzeso,
1492 2584 1579 2636 illa
1609 2580 1898 2653 spiritu-llis

305 2695 593 2751 exsultatio
614 2692 770 2754 foret,
791 2695 1048 2757 quantum
1073 2680 1342 2753 gaudium,
1365 2685 1562 2748 quanta
1595 2674 1686 2727 Dei
1706 2671 1894 2741 gloria,

305 2800 504 2861 quanta
536 2787 735 2841 utilitas
760 2782 1055 2836 animarum
1084 2818 1097 2842 ,
1128 2775 1173 2853 si
1198 2772 1440 2829 collecta:
1480 2768 1736 2837 cujusque
1765 2772 1899 2818 tem-

304 2856 439 2952 pore
464 2881 545 2933 sic
573 2876 774 2944 repleta
800 2870 1040 2925 ecclesia:
1058 2874 1205 2935 septa
1229 2858 1603 2918 cerneremus?
1623 2856 1738 2909 .lain
1770 2867 1898 2905 vero

305 2946 483 3028 nauta:
537 2967 754 3038 quidem
800 2977 861 3017 ac
897 2961 1283 3028 gubernatores
1317 2952 1495 3007 omnia
1538 2946 1814 3010 efficiunt,
1844 2950 1900 2996 ut

305 3066 525 3135 pelagus
555 3060 757 3116 emensi
783 3098 798 3123 ,
831 3054 1041 3109 tandem
1083 3051 1148 3104 ad
1179 3056 1386 3118 portum
1415 3040 1765 3111 perveniant:
1802 3049 1899 3088 nos

304 3130 496 3212 contra
527 3155 579 3207 in
611 3153 719 3204 alto
748 3148 880 3202 mari
913 3145 1169 3198 fluctuare
1203 3135 1576 3193 contendimus
1600 3171 1615 3196 ,
1643 3130 1768 3183 dum
1798 3142 1901 3179 sa:-

305 3247 570 3303 cularium
602 3240 932 3311 negotiorum
965 3233 1213 3303 procellis
1240 3242 1452 3297 semper
1476 3222 1753 3277 obruimur
1778 3258 1793 3281 ,
1824 3225 1903 3269 at-

306 3354 414 3409 que
444 3336 496 3389 in
531 3334 659 3388 foris
681 3338 733 3385 et
761 3324 1115 3383 tribunalibus
1136 3320 1373 3390 iudicum
1397 3317 1680 3385 jactamur,
1703 3310 1786 3362 hic
1809 3323 1903 3361 au-

307 3438 420 3483 tem
447 3424 613 3480 semel
639 3430 727 3476 aut
752 3420 945 3473 iterum
978 3416 1063 3469 vix
1096 3422 1207 3467 toto
1234 3424 1377 3463 anno
1401 3415 1792 3473 comparemus.

382 3520 611 3573 Ecclesia
652 3523 847 3585 portus.
874 3542 942 3552 -
968 3512 1049 3564 An
1078 3520 1206 3562 vero
1246 3501 1500 3573 ignoratis
1529 3540 1543 3563 ,
1578 3509 1633 3552 ut
1677 3497 1727 3549 in
1771 3492 1902 3547 tuari

307 3804 519 3846 summa
560 3783 936 3854 tranquillitate
984 3775 1281 3848 potiamur?
1310 3772 1427 3827 Non
1467 3770 1609 3824 enim
1649 3766 1903 3820 ﬂuctuum

311 3883 398 3937 hic
426 3890 509 3934 cst
539 3873 931 3933 reformidanda
961 3878 1247 3938 tempestas
1268 3908 1282 3926 .
1314 3880 1417 3918 ncn
1445 3863 1709 3916 latronum
1730 3860 1905 3911 incur-

311 3975 492 4030 siones
528 4013 542 4036 ,
585 3984 692 4022 non
736 3967 1045 4034 eruptiones
1094 3959 1401 4031 praedonum
1429 3997 1445 4022 ,
1475 3969 1580 4008 non
1625 3961 1903 4005 ventorum

312 4067 573 4134 impetus,
605 4075 709 4114 non
736 4057 941 4111 insidia:
972 4053 1265 4107 bellnarum
1293 4068 1305 4103 :
1338 4057 1521 4117 portus
1546 4046 1687 4100 enim
1715 4052 1797 4097 est
1837 4043 1904 4095 ab

312 4158 396 4210 his
420 4153 669 4209 omnibus
712 4150 965 4203 immunis
990 4159 1055 4212 ac
1085 4144 1250 4210 liber,
1280 4149 1469 4211 portus
1495 4147 1578 4193 est
1606 4134 1903 4205 Spiritualis

311 4250 634 4321 animarum.
686 4244 857 4319 Atque
891 4254 1076 4294 eorum
1123 4252 1243 4308 quae
1290 4234 1398 4288 dixi
1429 4231 1740 4299 vosmetipsi
1772 4226 1903 4282 mihi

311 4349 482 4396 testes
506 4336 653 4392 estis.
689 4334 745 4389 Si
768 4335 884 4402 quis
910 4331 1052 4387 enim
1082 4337 1317 4383 vestrum
1344 4324 1728 4380 conscientiam
1750 4335 1901 4376 suam

311 4428 647 4492 excusserit,
680 4425 899 4478 multam
956 4423 1097 4475 intus
1144 4419 1375 4488 reperiet
1422 4414 1900 4485 tranquillitatem:

310 4536 419 4575 non
447 4517 593 4573 enim
620 4517 695 4570 ira
718 4515 985 4585 negotium
1016 4509 1249 4574 facessit,
1276 4523 1381 4562 non
1404 4505 1666 4575 cupiditas
1692 4503 1901 4558 inﬂam-

314 4624 469 4679 mat,
504 4625 608 4664 non
652 4608 849 4662 invidia
887 4604 1134 4660 tabeiacit
1159 4644 1173 4666 ,
1222 4618 1327 4655 non
1361 4599 1510 4678 inflat
1560 4597 1859 4668 arrogantia
1884 4636 1900 4665 ,

312 4721 421 4760 non
461 4702 635 4756 inanis
680 4699 862 4770 gloriae
894 4711 1045 4751 amor
1084 4694 1412 4762 corrumpit;
1438 4693 1532 4746 sed
1588 4698 1905 4745 coercentur

309 4808 505 4851 omnes
528 4792 612 4846 lue
638 4791 830 4846 bellua:
851 4830 864 4853 ,
896 4802 1017 4843 cum
1046 4787 1274 4856 primum
1301 4826 1315 4849 ,
1348 4783 1498 4852 quasi
1524 4780 1790 4850 quoddam
1817 4778 1899 4832 di-

314 4887 498 4940 vinum
536 4896 752 4937 carmen
776 4921 791 4943 ,
815 4892 1088 4933 sacrarum
1132 4861 1333 4928 auditio
1374 4872 1768 4940 Scripturarum
1808 4882 1904 4938 per

312 4989 473 5030 aures
494 4974 545 5027 in
576 4970 806 5025 animam
839 4969 1096 5038 cujusque
1123 4962 1453 5037 penetravit,
1476 4972 1531 5017 et
1559 4961 1675 5015 illas
1699 4960 1902 5014 alienas

312 5082 343 5122 a
377 5064 585 5119 ratione
611 5060 1041 5131 perturbationes
1070 5056 1283 5126 sepivit.
1309 5054 1438 5122 Quis
1469 5067 1573 5106 non
1620 5052 1780 5121 igitur
1809 5064 1902 5103 eos

311 5155 398 5210 vel
438 5151 831 5208 infelicissimos
872 5147 1111 5218 iudicet,
1164 5145 1252 5214 qui
1292 5158 1415 5199 cum
1456 5153 1653 5196 tantam
1694 5155 1900 5194 morum

312 5243 652 5300 sanctitatem
678 5249 894 5311 possent
919 5238 1176 5308 adipisci,
1206 5252 1310 5291 non
1341 5236 1554 5291 assidue
1582 5243 1861 5289 versentur
1884 5273 1899 5297 ,

312 5351 376 5391 ac
397 5337 656 5390 ventitant
679 5334 745 5387 ad
775 5347 1109 5387 communem
1134 5329 1370 5385 omnium
1403 5338 1691 5398 parentem.
1715 5326 1906 5381 Eccle—

314 5429 449 5481 siam
487 5424 775 5481 nimirum?
798 5424 1007 5478 Etenim
1038 5438 1198 5493 quam
1229 5422 1439 5475 tandem
1468 5435 1585 5476 esse
1614 5421 1705 5474 tibi
1736 5420 1904 5489 magis

378 5597 452 5668 (α)
475 5595 651 5668 uallata
673 5608 782 5667 cum
806 5593 947 5644 Codd.
970 5593 1236 5668 ῌθελρϐᾗ
1264 5594 1400 5654 1976,
1424 5595 1507 5656 qui
1527 5596 1651 5668 mire
1670 5592 1904 5668 differunt

312 5654 396 5708 ιδ’
425 5654 603 5729 ἱειΙὶιίξς
628 5658 894 5768 ξῦξὲἱριιθε
926 5654 1080 5705 solum
1122 5654 1359 5705 lectiones
1397 5654 1743 5705 atinotavimus.
1784 5660 1902 5703 item

312 5732 426 5768 cuiu
448 5726 607 5768 Remis
689 5752 718 5765 -
754 5752 768 5768 .
791 5717 983 5768 Met
1003 5717 1212 5767 Colbert.
1236 5716 1347 5768 970.

312 5732 426 5769 cun
448 5718 607 5782 Regiis
628 5716 768 5779 2028,
779 5716 915 5768 1343
931 5725 983 5768 et
1003 5717 1212 5767 Colbert.
1236 5716 1347 5768 970.

2005 1847 2331 1903 fructuosam
2361 1846 2763 1916 occupationem
2791 1847 2999 1902 causari
3027 1848 3200 1917 possis
3220 1856 3312 1903 aut
3341 1864 3590 1921 congres-

2004 1952 2121 1990 sum
2153 1937 2450 1991 utiliorcm?
2471 1937 2734 2005 quodnam
2763 1946 2938 1991 autem
2980 1939 3436 2008 impedimentum,
3465 1959 3590 2012 quo-

2005 2028 2180 2081 minus
2220 2027 2307 2082 hic
2345 2027 2625 2081 uobiscum
2652 2027 2916 2082 verseris?
2939 2027 3312 2099 Paupertatem
3342 2032 3594 2087 nimirum

2004 2119 2095 2172 tibi
2123 2119 2504 2188 impedimento
2525 2133 2645 2173 esse
2670 2118 2838 2184 dices,
2875 2124 3164 2189 quominus
3185 2123 3442 2189 prmclaro
3468 2124 3592 2179 huic

2001 2213 2162 2273 coetui
2207 2211 2460 2273 intersis:
2489 2228 2540 2272 at
2584 2212 2817 2289 legitima
2869 2226 2974 2265 non
3020 2222 3102 2265 est
3145 2212 3258 2266 hinc
3296 2216 3593 2270 excusatio.

2001 2312 2217 2381 Septem
2263 2311 2423 2365 habet
2467 2311 2582 2365 dies
2621 2310 2954 2367 hebdomada
2984 2329 2997 2364 :
3026 2309 3205 2368 divisit
3247 2307 3343 2368 lios
3386 2318 3590 2385 septem

2001 2404 2278 2457 nobiscum
2307 2402 2469 2465 Deus,
2493 2416 2666 2470 neque
2690 2402 2791 2456 sibi
2817 2402 3030 2471 quidem
3060 2405 3320 2473 potiorem
3344 2417 3550 2473 partem
3574 2445 3592 2469 ,

2000 2493 2155 2548 nobis
2183 2501 2360 2547 autem
2388 2482 2649 2546 minorem
2676 2493 2961 2561 impertiit;
2996 2492 3102 2545 imo
3134 2509 3201 2547 ne
3231 2495 3280 2546 in
3306 2494 3438 2546 duas
3464 2496 3591 2563 qui-

2006 2584 2129 2638 dem
2158 2584 2388 2653 aequales
2417 2593 2591 2652 partes
2620 2597 2713 2636 eas
2743 2582 3047 2646 distribuit;
3074 2598 3178 2636 non
3216 2584 3313 2637 sibi
3362 2594 3468 2638 tres
3511 2600 3597 2638 as-

2002 2678 2266 2744 sumpsit,
2293 2686 2507 2746 tresque
2535 2676 2755 2745 largitus
2779 2684 2861 2731 est
2887 2693 2900 2729 :
2929 2691 3113 2731 verum
3137 2677 3228 2730 tibi
3260 2678 3475 2747 quidem
3503 2694 3597 2734 sex

2006 2766 2282 2836 impertiit,
2307 2781 2465 2820 unam
2496 2781 2624 2821 vero
2651 2766 2750 2820 sibi
2782 2765 2999 2836 reliquit
3026 2783 3041 2819 :
3073 2781 3171 2821 nec
3209 2767 3260 2820 in
3294 2768 3391 2822 hac
3418 2777 3595 2822 tamen

2006 2868 2112 2911 tota
2157 2873 2187 2911 a
2240 2858 2466 2927 negotiis
2510 2858 2856 2912 saecularibus
2898 2859 3167 2913 abstinere
3195 2859 3469 2928 dignaris,
3500 2859 3595 2914 sed

2007 2949 2110 3004 hoc
2151 2951 2323 3019 ipsum
2363 2950 2506 3019 qttod
2552 2948 2755 3004 faciunt
2780 2949 2872 3019 qui
2898 2963 3080 3005 sacras
3104 2952 3359 3019 pecunias
3394 2951 3601 3020 deprae-

2005 3042 2198 3097 dantur
2227 3083 2241 3106 ,
2275 3052 2329 3096 tu
2359 3041 2455 3095 hac
2484 3042 2642 3095 etiam
2684 3041 2771 3095 die
2801 3050 3014 3110 patrare
3044 3042 3210 3097 audes
3243 3061 3255 3095 :
3284 3044 3411 3096 dum
3456 3045 3598 3098 illam

2002 3134 2110 3203 jam
2134 3142 2370 3187 sanctam
2387 3141 2442 3187 et
2461 3132 2812 3200 Spiritualium
2844 3133 3177 3201 eloquiorum
3201 3135 3455 3189 auditioni
3474 3150 3601 3189 con~

2008 3235 2268 3279 secratain
2313 3224 2654 3292 surripis,et
2701 3223 2764 3275 ad
2812 3223 3101 3277 saeculares
3145 3240 3304 3279 curas
3331 3226 3601 3281 abutendo

2010 3314 2261 3369 traducis.
2296 3313 2402 3367 Sed
2432 3314 2557 3382 quid
2580 3327 2679 3382 ego
2709 3312 2775 3367 de
2804 3313 3012 3382 integro
3042 3314 3128 3367 die
3156 3313 3390 3383 loquer?
3417 3315 3498 3370 vel
3548 3317 3599 3371 id

2009 3420 2202 3469 unum,
2230 3403 2372 3473 quod
2409 3405 2460 3457 in
2488 3404 2827 3474 eleemosyna
2851 3402 3008 3457 vidua
3058 3402 3223 3468 fecit,
3256 3414 3308 3458 tu
3347 3406 3397 3458 in
3446 3406 3602 3475 hujus

2008 3497 2115 3561 diei
2144 3506 2381 3565 tempore
2398 3495 2557 3550 facito
2574 3512 2586 3547 :
2603 3495 2740 3549 sicut
2759 3496 2849 3550 illa
2875 3494 3008 3549 duos
3031 3495 3219 3549 obolos
3241 3496 3381 3549 misit
3402 3496 3598 3567 (Hart.

2011 3588 2097 3643 12.
2122 3589 2208 3643 42.
2240 3586 2397 3658 sqq.),
2423 3588 2747 3655 multamque
2772 3602 2802 3639 a
2835 3586 2946 3641 Deo
2970 3587 3193 3655 gratiam
3227 3587 3372 3639 iniiit
3404 3604 3417 3640 :
3446 3589 3521 3641 sic
3547 3598 3602 3642 et

2012 3690 2064 3734 tu
2096 3680 2227 3733 duas
2258 3679 2413 3732 horas
2440 3678 2545 3733 Deo
2565 3676 2840 3732 commoda
2860 3716 2877 3744 ,
2906 3686 2961 3731 et
2989 3685 3360 3730 sexcentarum
3391 3676 3599 3733 dierum

2012 3771 2214 3825 lucrum
2261 3772 2312 3823 in
2352 3771 2570 3823 domum
2612 3777 2754 3821 tuam
2800 3766 3131 3835 importabis.
3162 3766 3315 3834 Quod
3355 3770 3397 3820 si
3429 3767 3477 3820 id
3502 3768 3600 3823 tle-

2012 3873 2225 3926 trectes,
2258 3861 2377 3915 vide
2404 3876 2469 3914 ne
2496 3859 2651 3927 forte,
2683 3858 2806 3913 dum
2832 3858 2897 3911 ad
2924 3858 3168 3927 exiguum
3202 3861 3453 3928 temporis
3474 3874 3602 3930 spa-

2013 3956 2141 4010 tium
2167 3955 2393 4023 teipsum
2421 3969 2525 4007 non
2557 3954 2636 4006 vis
2662 3966 2692 4005 a
2725 3951 2949 4005 terrenis
2981 3952 3140 4003 lucris
3170 3966 3395 4004 avocare
3416 3992 3428 4009 ,
3464 3954 3603 4004 intr-

2009 4060 2223 4116 grorum
2265 4059 2525 4099 annorum
2570 4043 2780 4099 labores
2816 4042 3049 4099 amittas.
3079 4042 3224 4100 Solet
3267 4043 3409 4101 enim
3463 4050 3604 4104 Deus

2009 4155 2131 4194 cum
2161 4148 2497 4209 contemptus
2534 4137 2694 4192 fuerit
2724 4138 2977 4193 collectas
3014 4139 3263 4207 pedunias
3290 4140 3549 4210 dissipare
3584 4159 3597 4194 :

2009 4232 2151 4303 quod
2178 4241 2232 4287 et
2255 4231 2451 4287 JUdiDiS
2472 4231 2764 4286 minitando
2790 4230 2998 4286 dicebat
3025 4272 3040 4296 ,
3072 4234 3320 4303 quoniam
3348 4235 3603 4288 sollicitu-

2010 4328 2188 4382 dinem
2246 4325 2428 4396 templi
2476 4339 2689 4379 omnem
2740 4324 3067 4393 abjiciebant
3102 4342 3115 4377 :
3149 4322 3404 4378 Intuliuis
3448 4341 3507 4377 ea
3548 4326 3601 4379 in

2011 4419 2185 4473 domos
2214 4427 2399 4471 vestras
2420 4458 2435 4482 ,
2464 4426 2507 4469 et
2537 4415 2807 4485 exsufﬂaoi
2836 4430 2894 4467 ea
2912 4455 2928 4478 ,
2958 4414 3080 4467 dicit
3108 4413 3353 4468 Dominus
3396 4410 3601 4483 (Agga'i

2011 4510 2135 4582 19).
2157 4506 2291 4574 Quid
2320 4506 2459 4560 enim
2484 4546 2498 4570 ,
2528 4520 2731 4574 quaiso,
2757 4518 2822 4558 ex
2851 4504 2914 4558 iis
2933 4545 2947 4569 ,
2972 4517 3090 4573 qua:
3112 4505 3407 4558 necessaria
3438 4515 3562 4558 sunt
3581 4546 3597 4567 ,

2011 4610 2063 4653 te
2108 4598 2399 4668 poterimus
2434 4597 2668 4663 docere,
2697 4611 2816 4651 cum
2864 4597 3029 4651 semel
3072 4605 3162 4649 aut
3206 4595 3398 4651 iterum
3446 4599 3601 4651 annis

2008 4690 2227 4759 singulis
2253 4689 2317 4743 ad
2349 4705 2445 4743 nos
2474 4690 2699 4742 ventites
2725 4728 2739 4752 ,
2768 4686 2835 4742 de
2861 4688 3037 4741 anima
3066 4687 3314 4741 nimirum
3333 4728 3346 4751 ,
3379 4687 3448 4743 de
3475 4704 3600 4742 cor-

2010 4797 2159 4851 pore,
2186 4780 2254 4835 de
2284 4780 2701 4845 immortalitate,
2732 4779 2800 4833 de
2818 4794 2982 4849 regno
3003 4778 3278 4845 cailorum,
3307 4778 3375 4834 de
3405 4781 3596 4849 pmuis,

2010 4875 2075 4927 de
2104 4872 2365 4943 gehenna,
2392 4871 2459 4925 de
2492 4871 2581 4923 Dei
2613 4870 3034 4939 longanimitate,
3068 4870 3135 4924 de
3165 4870 3513 4940 indulgentia,
3533 4872 3601 4927 de

2011 4962 2320 5034 ptenitentia
2341 5004 2354 5027 ,
2379 4961 2445 5016 de
2490 4960 2772 5029 baptismo,
2801 4960 2867 5015 de
2892 4960 3208 5014 remissione
3236 4970 3597 5029 peccatorum,

2010 5057 2076 5111 de
2106 5057 2222 5110 istis
2253 5054 2433 5108 mundi
2480 5068 2599 5108 cum
2645 5053 2939 5121 superioris
2995 5062 3105 5105 tum
3152 5052 3420 5107 inferioris
3446 5068 3597 5107 crea-

2010 5149 2162 5214 turis,
2189 5147 2255 5203 de
2286 5146 2557 5199 hominum
2580 5154 2762 5198 natura
2784 5185 2799 5206 ,
2824 5143 2889 5198 de
2916 5144 3135 5212 angelis,
3166 5142 3233 5196 de
3261 5142 3601 5212 improbitate

2010 5240 2308 5295 damonuin
2330 5279 2343 5301 ,
2368 5238 2433 5291 de
2458 5235 2652 5290 diaboli
2676 5233 2947 5288 fraudibus
2967 5274 2981 5297 ,
3013 5232 3080 5285 de
3106 5231 3345 5286 moribus
3364 5272 3378 5293 ,
3405 5232 3472 5285 de
3499 5233 3601 5285 do-

2008 5331 2274 5401 gmatibus
2293 5369 2307 5394 ,
2335 5328 2402 5383 de
2428 5338 2569 5382 recta
2597 5325 2701 5380 ﬁde
2725 5367 2740 5392 ,
2770 5325 2838 5379 de
2862 5323 3125 5393 corruptis
3165 5321 3497 5377 bmresibus?
3521 5323 3599 5376 si-

2008 5422 2219 5491 quidem
2247 5421 2346 5474 ista
2368 5428 2421 5474 et
2441 5418 2608 5473 multo
2634 5418 2779 5486 plura
2804 5408 2965 5471 nosse
2984 5415 3342 5470 Christianum
3368 5423 3598 5483 oportet,

2012 5516 2307 5584 horumque
2358 5512 2593 5567 omnium
2642 5509 2864 5565 reddere
2891 5507 3151 5563 rationem
3192 5508 3257 5562 iis
3290 5508 3378 5577 qui
3419 5507 3601 5561 scisci~

2011 5618 2210 5663 tentur.
2241 5606 2346 5659 Vos
2381 5619 2507 5659 vero
2534 5619 2601 5659 ne
2626 5600 2900 5657 minimam
2929 5599 3143 5671 quidem
3187 5598 3374 5653 borum
3418 5606 3602 5652 tenere

2012 5710 2217 5774 partem
2262 5696 2499 5768 poteritis
2525 5735 2541 5763 ,
2588 5694 2633 5749 si
2678 5695 2843 5749 semel
2886 5691 3009 5759 hic,
3042 5691 3199 5761 idque
3242 5688 3602 5763 perfunctorie
