4164 6324
624 384 728 440 365

622 496 972 565 conveniatis,
1002 510 1101 554 nec
1129 505 1233 553 tam
1264 504 1480 567 propter
1502 496 1695 552 animae
1724 495 1975 568 pietatem
1994 538 2008 561 ,
2042 510 2203 565 quam

625 598 841 658 propter
866 588 1307 643 consuetudinem
1328 586 1677 643 solemnitatis
1701 605 1715 641 :
1738 588 1825 642 vix
1850 588 1991 643 enim
2020 587 2211 656 cuique

621 680 923 735 assistendo
944 682 1203 745 collectre,
1234 679 1427 749 aliquis
1451 694 1515 735 ex
1542 680 1789 735 omnibus
1818 689 1999 733 exacte
2028 686 2212 746 posset

618 770 799 825 omnia
828 772 914 825 illa
949 772 1179 827 discere.
1207 771 1405 827 Servos
1434 771 1641 827 habetis
1668 771 1820 826 multi
1844 810 1860 835 ,
1887 768 2077 824 horum
2119 770 2209 840 qui

621 861 708 917 hic
733 862 945 927 adsunt,
977 872 1032 917 et
1056 864 1194 917 iilios
1218 883 1235 917 :
1255 877 1483 932 cumque
1508 862 1625 917 illos
1645 863 1837 915 artium
1868 861 2135 931 magistris
2156 864 2209 915 in

619 954 955 1025 disciplinam
985 956 1192 1015 tradere
1220 954 1397 1015 vultis,
1427 968 1560 1022 quos
1588 953 1888 1023 elegeritis,
1911 963 2210 1008 vestrarum

622 1044 731 1099 illis
750 1044 943 1100 aedium
973 1045 1215 1114 ingressu
1241 1044 1556 1100 interdicitis
1582 1046 1772 1111 semel,
1801 1045 1887 1100 ubi
1918 1046 2209 1115 stragulam

622 1146 861 1203 vestem,
916 1136 1113 1191 cibaria
1156 1152 1477 1207 omnemque
1526 1137 1684 1191 aliam
1732 1137 2114 1207 supellectilem
2156 1146 2210 1191 ct

622 1236 931 1297 apparatum
967 1229 1344 1298 suppeditastls
1374 1245 1388 1283 :
1418 1244 1521 1284 una
1549 1243 1668 1284 cum
1698 1229 1950 1298 magistro
1998 1228 2211 1283 habita-

624 1332 735 1375 tum
789 1321 998 1376 mittitis
1028 1362 1043 1387 ,
1086 1336 1151 1376 ac
1206 1336 1274 1375 ne
1315 1320 1532 1377 domum
1570 1329 1801 1376 vestram
1844 1320 2036 1375 adeant
2083 1336 2211 1390 pro-

623 1409 817 1464 hibetis
849 1428 862 1465 :
889 1420 965 1474 ut,
994 1410 1119 1465 dum
1160 1410 1231 1463 ibi
1259 1412 1513 1465 continue
1540 1420 1855 1477 versantur,
1891 1409 2097 1465 facilius
2123 1425 2211 1464 ar-

625 1508 733 1553 tem
753 1498 1011 1565 ediscant,
1038 1514 1135 1554 nec
1157 1500 1262 1553 ulla
1289 1499 1645 1556 sollicitudine
1666 1500 1901 1555 studium
1925 1501 2134 1555 illorum
2157 1509 2212 1555 et

620 1590 900 1657 occupatio
916 1589 1302 1659 interpellctur.
1317 1590 1435 1645 1am
1454 1604 1581 1645 vero
1602 1606 1722 1645 cum
1741 1606 1847 1645 non
1868 1591 2099 1659 vulgaris
2122 1606 2211 1646 ars

621 1678 886 1747 quaedam,
903 1679 997 1733 sed
1018 1679 1254 1733 omnium
1277 1681 1506 1733 maxima
1529 1680 1680 1734 vobis
1696 1680 1765 1734 sit
1787 1680 2211 1749 ediscenda,quo

622 1778 778 1837 pacto
795 1768 904 1822 Deo
916 1767 1228 1837 placendum
1246 1769 1334 1833 sit,
1351 1777 1403 1822 et
1422 1768 1651 1823 catlestia
1664 1767 1801 1823 bona
1813 1769 2182 1839 consequentia
2192 1811 2208 1836 ,

621 1856 977 1926 perfunctorie
1007 1872 1102 1911 vos
1132 1858 1183 1911 id
1214 1858 1471 1927 perlicere
1499 1872 1654 1927 posse
1679 1859 1913 1913 censetis
1937 1860 1960 1911 ?
1987 1858 2211 1925 Quanta:

623 1947 745 2015 hoc,
776 1964 980 2019 quzeso,
1012 1959 1093 2004 est
1111 1948 1430 2003 dementiae?
1452 1948 1584 2003 Nam
1611 1948 1946 2018 disciplinam
1968 1964 2089 2004 esse
2110 1949 2213 2004 hoc

622 2040 889 2110 negotium
917 2081 932 2106 ,
961 2040 1101 2109 quod
1142 2040 1361 2094 multam
1401 2039 1565 2109 exigit
1613 2041 1993 2103 attentionem,
2023 2054 2088 2093 ex
2128 2039 2211 2093 his

619 2130 924 2199 cognoscite
956 2146 970 2182 :
1003 2129 1223 2195 Discite,
1252 2128 1455 2197 inquit,
1484 2145 1516 2182 a
1543 2144 1620 2182 me
1640 2168 1655 2193 ,
1688 2129 1808 2199 quia
1852 2129 1986 2182 mitis
2023 2145 2135 2183 sum
2166 2137 2212 2183 et

622 2220 826 2275 humilis
871 2220 1023 2275 corde
1056 2220 1270 2290 (Matth.
1312 2221 1399 2275 11.
1430 2219 1525 2287 29)
1554 2239 1568 2273 :
1597 2229 1651 2275 et
1690 2234 1877 2274 rursus
1907 2221 2164 2290 propheta
2192 2238 2210 2276 :

631 2310 835 2375 Venite,
864 2313 959 2381 lilii
982 2353 998 2377 ,
1022 2313 1195 2366 audite
1232 2328 1350 2366 me:
1376 2312 1605 2365 timorem
1649 2310 1854 2365 Domini
1900 2312 2084 2367 docebo
2123 2330 2211 2367 vos

622 2402 792 2462 (Psal.
821 2404 910 2457 35.
938 2401 1027 2471 12)
1058 2420 1071 2457 :
1104 2412 1157 2456 et
1187 2404 1377 2457 iterum
1410 2420 1423 2454 :
1465 2400 1651 2455 Vacate
1686 2411 1733 2455 et
1764 2402 1925 2455 videte
1973 2405 2212 2471 quoniam

621 2508 711 2562 ego
734 2508 843 2545 sum
866 2490 1005 2545 Deus
1033 2490 1217 2561 (Psat.
1245 2491 1333 2546 45.
1366 2491 1422 2545 ll
1450 2491 1489 2560 ).
1521 2490 1701 2560 Itaque
1744 2492 1907 2545 multa
1948 2506 2085 2562 opus
2128 2501 2211 2547 est

620 2584 897 2638 vacatione
918 2582 1012 2647 illi,
1035 2585 1121 2652 qui
1144 2582 1280 2637 hanc
1301 2599 1509 2637 morum
1534 2582 1871 2653 disciplinam
1895 2592 1950 2638 et
1974 2583 2213 2653 philoso-

621 2674 802 2745 phiam
828 2673 929 2729 sibi
960 2673 1186 2727 voluerit
1214 2688 1552 2741 comparare.

688 2762 743 2816 2.
768 2763 899 2817 Dua:
926 2765 1268 2833 apparitiones
1296 2762 1519 2827 Christi;
1550 2780 1639 2817 cur
1666 2780 1766 2817 non
1791 2763 1897 2818 dies
1922 2772 2059 2817 ortus
2083 2802 2099 2829 ,
2125 2763 2213 2817 sed

618 2854 726 2909 dies
736 2854 969 2923 baptismi
982 2854 1027 2907 Ε
1031 2856 1080 2924 pi
1086 2855 1292 2923 phania.
1302 2853 1353 2906 Μ
1360 2854 1607 2907 iraculum
1620 2856 1752 2908 circa
1764 2855 1997 2923 baptismi
2009 2871 2207 2923 aquam.

617 2974 690 2987 -—
717 2944 910 2999 Verum
943 2960 1010 2999 ne
1049 2950 1257 3015 tempus
1294 2960 1453 2999 omne
1493 2947 1545 3000 in
1572 2961 1754 3001 eorum
1800 2945 2214 3016 reprehensione

619 3044 996 3102 conteramus,
1020 3037 1108 3105 qui
1145 3036 1319 3090 solent
1347 3036 1571 3101 abesse,
1607 3036 1690 3091 his
1719 3052 1839 3106 quae
1877 3036 1943 3089 ad
1976 3037 2211 3106 ipsorum

620 3126 995 3195 negligentiam
1024 3126 1390 3195 corrigendam
1444 3134 1568 3179 sunt
1614 3125 1753 3180 dicta
1800 3126 2036 3181 contenti
2067 3167 2083 3193 ,
2113 3141 2211 3196 age

618 3217 869 3286 quiddam
884 3216 950 3271 de
972 3218 1217 3286 prmsenti
1236 3217 1572 3273 solemnitate
1593 3218 2047 3289 phil050phemnr.
2074 3219 2205 3274 Nam

619 3308 771 3363 multi
800 3309 1011 3379 quidem
1041 3310 1171 3363 festa
1192 3311 1465 3365 celebrant
1514 3310 1588 3383 (a)
1614 3354 1628 3377 ,
1658 3319 1712 3365 et
1754 3314 1967 3366 nomina
2022 3328 2208 3367 eorum

621 3410 918 3465 noverunt,
951 3401 1200 3455 historias
1226 3410 1402 3456 autem
1441 3410 1495 3455 et
1525 3404 1834 3456 occasiones
1855 3446 1868 3469 ,
1895 3406 2033 3457 unde
2077 3414 2209 3460 ortae

616 3502 778 3556 sunt,
829 3509 933 3546 non
990 3504 1275 3549 noverunt.
1318 3496 1492 3563 Atque
1539 3493 1891 3563 Epiphaniam
1954 3496 2205 3564 quidem,

614 3586 727 3639 sive
770 3586 1184 3655 apparitionem,
1218 3586 1322 3640 dici
1384 3585 1521 3641 hanc
1560 3586 1920 3642 celebritatem
1960 3589 2208 3644 omnibus

616 3675 799 3745 liquet,
833 3676 947 3731 haec
976 3692 1101 3731 vero
1126 3677 1384 3746 apparitio
1416 3692 1659 3746 quaenam
1688 3678 1788 3744 sit,
1812 3686 1865 3733 et
1890 3689 2065 3732 utrum
2094 3695 2197 3733 una

616 3768 686 3819 sit
730 3784 794 3819 an
822 3766 939 3820 dum
962 3809 975 3831 ,
1012 3767 1062 3820 id
1094 3782 1198 3820 non
1230 3768 1353 3821 item
1388 3776 1685 3831 noverunt;
1717 3778 1771 3822 et
1813 3768 1953 3837 quod
1998 3784 2201 3822 summa

616 3856 904 3913 notandum
938 3857 1219 3925 ignominia
1242 3859 1455 3927 risuque
1477 3858 1689 3926 dignum
1717 3868 1795 3912 est
1811 3900 1825 3924 ,
1844 3874 1964 3912 cum
1988 3860 2206 3928 singulis

616 3949 771 4002 annis
791 3948 1181 4002 solemnitatem
1203 3948 1356 4001 istam
1380 3949 1672 4015 celebrent,
1696 3949 1810 4017 ejus
1832 3960 2201 4019 argumentum

615 4047 669 4092 et
684 4040 1014 4093 occasionem
1041 4041 1300 4108 ignorant.
1326 4040 1559 4093 Primum
1584 4041 1739 4109 igitur
1759 4056 1935 4109 operte
1976 4043 2202 4111 pretium

614 4139 695 4181 est
712 4132 916 4183 caritati
942 4139 1131 4185 vestra:
1151 4131 1383 4186 indicare
1404 4148 1507 4185 non
1548 4148 1705 4186 uuam
1733 4150 1853 4189 esse
1880 4143 2081 4189 tantum
2104 4152 2201 4205 ap-

616 4221 930 4288 paritionem
954 4264 966 4284 ,
993 4223 1082 4275 sed
1123 4223 1289 4276 duas:
1318 4239 1421 4277 una
1453 4224 1663 4292 quidem
1711 4234 1792 4277 est
1829 4227 1925 4278 ista
1964 4241 2200 4295 praesens

614 4327 732 4380 qua:
761 4312 869 4379 jam
894 4313 1143 4380 contigit;
1175 4314 1339 4367 altera
1366 4329 1491 4367 vero
1542 4331 1658 4383 qua:
1706 4315 1875 4369 futura
1909 4326 2022 4379 est,
2048 4327 2101 4371 et
2148 4318 2199 4373 in

612 4404 1068 4457 consummatione
1111 4405 1290 4457 szeculi
1327 4421 1445 4458 cum
1493 4407 1775 4475 splendore
1823 4418 1876 4462 et
1914 4410 2079 4478 gloria
2118 4419 2202 4464 est

613 4505 887 4547 eventura.
922 4498 997 4549 Ac
1024 4495 1091 4551 de
1120 4506 1342 4565 utraque
1385 4495 1593 4551 illarum
1625 4500 1843 4554 Paulum
1876 4501 2033 4557 hodie
2080 4504 2200 4558 Tito

612 4587 962 4642 disserentem
990 4589 1229 4655 audistis,
1263 4599 1420 4657 atque
1450 4592 1498 4644 in
1531 4590 1645 4646 hmc
1668 4594 1825 4647 verba
1856 4595 1921 4648 de
1950 4597 2199 4663 prtesenti

612 4679 824 4746 quidem
868 4679 1195 4746 loquentem,
1229 4682 1475 4750 Apparuit
1500 4684 1665 4752 gratia
1693 4682 1790 4738 Dei
1814 4688 2051 4741 salutaris
2091 4705 2199 4741 om-

614 4768 759 4820 nibus
786 4769 1088 4834 hominibus,
1110 4772 1342 4824 erudiens
1364 4790 1473 4838 nos,
1498 4785 1553 4826 ut
1571 4774 1872 4844 abnegantes
1893 4779 2198 4845 impietatem

610 4870 655 4911 ct
687 4860 950 4913 stvcularia
976 4863 1242 4925 desideria,
1272 4862 1435 4916 sobrie
1460 4874 1505 4917 et
1522 4867 1662 4933 juste
1690 4875 1737 4919 et
1772 4869 1852 4937 pie
1884 4870 2104 4923 vivamus
2145 4872 2163 4923 i
2174 4886 2205 4922 ιι

611 4950 702 5002 hoc
731 4952 951 5004 steculo:
977 4951 1045 5006 de
1072 4952 1243 5006 futura
1272 4970 1418 5019 vero,
1447 4955 1803 5026 Exspectantes
1833 4961 2023 5015 beatam
2060 4980 2197 5032 spem

610 5051 657 5093 et
679 5042 945 5095 adventum
976 5044 1153 5113 gloria:
1178 5048 1350 5116 magni
1387 5046 1481 5101 Dei
1508 5058 1553 5103 et
1581 5050 1861 5105 Salvatoris
1891 5057 2049 5109 nostri
2072 5058 2197 5111 Jesu

610 5132 797 5184 Christi
825 5133 843 5203 (
870 5133 966 5186 Tit.
999 5138 1053 5189 2.
1086 5136 1171 5189 ll.
1204 5136 1289 5190 ιε.
1320 5139 1386 5193 15
1409 5140 1446 5207 ).
1477 5139 1543 5193 Ει
1569 5156 1697 5195 vero
1721 5144 1979 5213 prOpheta
2010 5147 2075 5202 de
2105 5149 2195 5202 illa

608 5225 720 5291 ipsa
748 5225 824 5279 sic
853 5225 983 5279 dixit
1002 5228 1018 5257 ί
1056 5246 1067 5280 ;
1102 5226 1199 5282 Sol
1227 5241 1535 5285 convertatur
1561 5234 1612 5286 in
1637 5234 1894 5301 tenebras,
1924 5247 1965 5291 et
2000 5240 2119 5292 luna
2142 5242 2195 5295 in
2236 5302 2243 5307 ,

606 5319 932 5387 sanguinem,
965 5332 1231 5391 antequam
1254 5326 1416 5378 veniat
1442 5328 1546 5380 dies
1573 5327 1780 5382 Domini
1810 5347 2019 5400 magnus
2049 5345 2093 5386 et
2123 5335 2191 5388 il-

609 5408 782 5460 lustris
810 5409 963 5479 (Joel.
992 5411 1044 5463 2.
1077 5412 1187 5482 51).
1220 5414 1288 5466 At
1318 5415 1453 5468 enim
1485 5418 1571 5484 qui
1604 5418 1695 5485 lit,
1724 5428 1782 5473 ul
1810 5436 1911 5474 non
1942 5436 2003 5475 ea
2034 5423 2147 5477 dies
2172 5465 2185 5489 ,

606 5515 708 5566 qua
737 5509 887 5555 natus
908 5512 1009 5566 est,
1032 5502 1324 5572 Epiphania
1347 5509 1675 5577 etapparitio
1693 5513 2007 5579 appelletur,
2024 5515 2113 5569 sed
2128 5532 2187 5570 ea

606 5606 710 5659 qua
734 5590 1030 5663 baptizatus
1054 5595 1172 5648 est?
1195 5596 1317 5651 llaec
1342 5598 1483 5653 enim
1511 5601 1625 5657 dies
1659 5610 1741 5658 est
1766 5619 1867 5673 qua
1896 5603 2187 5675 baptizatus

670 5726 686 5796 ξ
725 5726 1074 5796 tn__h:ec_ver_ba
1094 5723 1188 5796 (Gr.
1202 5728 1523 5796 ἔλεγενᾳῦτως)
1536 5732 1889 5785 desinltCodex
1910 5734 2183 5794 lteg.196l.

667 5786 740 5849 (α)
774 5788 885 5836 lues
899 5787 1165 5850 Epiphaniae
1181 5790 1251 5838 (συὶ
1262 5786 1532 5843 νιὺηὺειιιιί.

1375 388 1427 442 S.
1471 386 1744 441 JOANNIS
1781 381 2253 439 (ZIIRYSOSTOSII
2294 383 2608 439 AllClllEP.
2650 381 3183 455 CONSTANTINOP.

3812 386 3919 440 336

2317 508 2403 556 est
2425 539 2441 565 ,
2470 510 2523 555 et
2560 515 2815 570 aquarum
2847 509 3092 555 naturam
3119 497 3490 555 sanctificavit.
3519 496 3727 554 idcirco
3754 504 3913 555 etiam

2314 589 2367 643 in
2408 590 2507 643 hac
2536 590 2877 646 solemnitate
2902 590 3001 645 sub
3027 590 3259 645 mediam
3291 599 3504 645 noctem
3530 605 3723 645 omnes
3747 631 3761 652 ,
3790 608 3913 644 eum

2312 681 2489 748 aquati
2520 680 2737 745 fuerint,
2762 679 2981 737 domum
3011 680 3199 735 latices
3231 680 3469 737 referunt
3495 697 3560 737 ac
3586 682 3916 747 recondunt,

2313 780 2368 825 et
2394 786 2490 841 per
2512 771 2775 841 integrum
2805 787 3001 825 annum
3026 780 3346 826 conservant
3369 814 3384 837 ,
3419 781 3604 841 utpote
3633 772 3778 842 quod
3825 772 3921 827 lio-

2312 861 2494 915 dierna
2542 862 2628 916 die
2666 862 3009 917 sanctificata
3039 862 3146 916 sint
3184 877 3338 932 aqua:
3365 879 3378 915 :
3404 861 3566 930 [itque
3592 865 3918 918 miraculum

2312 952 2560 1017 evidens,
2591 951 2718 1006 dum
2762 952 2894 1006 nihil
2940 952 3193 1021 temporis
3226 952 3612 1022 longinquitate
3650 968 3919 1022 aquarum

2314 1044 2523 1098 illarum
2554 1055 2737 1097 natura
2762 1044 2977 1098 vitiatur
3002 1085 3019 1110 ,
3050 1028 3378 1113 sed'integro
3404 1058 3543 1096 anno
3587 1054 3750 1111 atque
3778 1044 3922 1098 adeo

2313 1135 2529 1190 biennio
2554 1142 2609 1190 et
2635 1136 2863 1190 triennio
2893 1150 3037 1205 saepe
3060 1177 3075 1202 ,
3104 1150 3223 1205 qua:
3253 1134 3414 1189 hodie
3456 1136 3551 1189 fuit
3579 1136 3769 1189 hausta
3794 1174 3813 1202 ,
3841 1137 3922 1190 in-

2312 1236 2563 1296 corrupta
2583 1235 2639 1283 et
2666 1242 2856 1283 recens
2890 1236 3187 1297 permanet,
3220 1241 3283 1281 ac
3309 1236 3433 1297 post
3461 1234 3667 1281 tantum
3700 1239 3920 1297 tempo-

2312 1318 2387 1371 ris
2407 1331 2529 1371 cum
2559 1317 2625 1370 iis
2654 1332 2773 1387 quae
2800 1333 2972 1389 nuper
3014 1317 3209 1373 fuerint
3239 1332 3271 1372 e
3299 1318 3537 1372 fontibus
3560 1317 3773 1373 educta:
3796 1332 3924 1373 cer-

2313 1418 2409 1463 tat.
2441 1410 2735 1477 Quamnam
2765 1410 2924 1479 igitur
2948 1409 3019 1464 ob
3046 1423 3261 1463 causam
3293 1407 3409 1463 haec
3444 1409 3711 1479 apparitio
3733 1412 3926 1477 apj'el-

2312 1498 2475 1554 latur‘!
2492 1500 2624 1567 Quia
2647 1500 2893 1554 nimirum
2915 1514 3021 1553 non
3036 1500 3284 1555 omnibus
3300 1501 3613 1554 manifestus
3634 1510 3719 1555 est
3732 1500 3919 1555 reddi-

2314 1598 2417 1654 tus,
2448 1606 2568 1645 cum
2589 1600 2739 1661 partu
2760 1600 2842 1646 est
2862 1591 3054 1655 editus,
3074 1590 3169 1646 sed
3188 1606 3305 1645 cum
3326 1600 3407 1646 est
3422 1590 3721 1660 baptizatus
3748 1610 3761 1643 :
3790 1606 3916 1645 nam

2313 1682 2379 1736 ad
2404 1682 2540 1737 hunc
2563 1697 2730 1752 usque
2749 1681 2891 1738 diem
2925 1682 3082 1752 vulgo
3110 1692 3227 1737 erat
3255 1682 3483 1751 ignotus.
3512 1681 3645 1736 Nam
3671 1680 3920 1752 incOgni-

2313 1782 2425 1827 tum
2456 1789 2576 1827 eum
2607 1773 2770 1829 fuisse
2799 1774 2976 1845 vulgo,
3005 1789 3178 1845 neque
3198 1776 3439 1845 quisnam
3469 1782 3615 1829 esset
3634 1774 3923 1843 plerosque

2312 1865 2534 1920 scivisse
2561 1875 2770 1921 constat
2797 1881 2863 1921 ex
2894 1868 3010 1922 istis
3029 1866 3251 1922 Joannis
3278 1866 3529 1936 Baptistae
3551 1867 3732 1921 verbis
3759 1884 3771 1918 :
3805 1866 3920 1921 He-

2314 1955 2431 2009 dius
2472 1966 2690 2011 vestrum
2718 1959 2890 2023 stetit,
2923 1974 3068 2026 quem
3107 1973 3194 2011 vos
3237 1958 3438 2010 nescitis
3479 1954 3658 2027 (Joan.
3703 1957 3757 2011 l.
3796 1956 3918 2027 26).

2315 2046 2452 2114 Quid
2495 2063 2625 2102 vero
2662 2049 2853 2103 mirum
2886 2050 2929 2102 si
2959 2050 3046 2103 alii
3087 2065 3192 2103 non
3229 2058 3446 2103 nossent
3475 2091 3489 2114 ,
3518 2048 3735 2117 quando
3765 2049 3919 2103 illum

2290 2138 2475 2193 Ietiam
2507 2139 2620 2209 ipse
2644 2139 2879 2209 Baptista
2908 2140 2975 2195 ad
3002 2156 3124 2195 eum
3154 2154 3321 2209 usque
3346 2138 3486 2194 diem
3519 2139 3921 2209 ignorabat”?!

2314 2244 2405 2299 ego
2436 2231 2716 2283 nesciebam
2744 2246 2857 2283 eum
2876 2272 2891 2297 ,
2926 2231 3092 2299 inquit
3119 2248 3132 2284 :
3156 2230 3244 2283 sed
3279 2229 3364 2297 qui
3388 2230 3523 2282 misit
3549 2246 3627 2283 me
3656 2229 3919 2299 baptizare

2323 2324 2382 2377 in
2406 2335 2541 2389 aqua
2558 2361 2574 2385 ,
2600 2320 2687 2373 ille
2731 2321 2856 2374 mihi
2887 2321 3016 2374 dixit
3039 2362 3054 2387 ,
3081 2320 3250 2390 Super
3274 2336 3420 2389 quem
3444 2320 3628 2373 videris
3657 2319 3920 2389 Spiritum

2312 2407 2694 2466 descendentem
2739 2412 2756 2443 ⁸
2777 2421 2825 2467 et
2851 2422 3134 2465 manentem
3160 2428 3310 2480 super
3332 2429 3467 2475 eum,
3499 2412 3578 2464 hic
3622 2421 3695 2465 est
3717 2413 3806 2481 qui
3827 2413 3919 2465 ba—

2322 2502 2479 2571 ptisat
2504 2502 2557 2555 in
2584 2501 2786 2571 Spiritu
2830 2512 3006 2555 sancto
3030 2500 3130 2570 (Ib.
3165 2502 3278 2570 35).
3312 2502 3451 2554 Duas
3480 2502 3637 2570 igitur
3667 2517 3793 2555 esse
3818 2517 3915 2569 ap-

2314 2592 2605 2661 paritiones
2627 2610 2692 2648 ex
2725 2594 2805 2647 his
2832 2594 3019 2662 liquet;
3043 2592 3135 2647 sed
3164 2607 3391 2661 quanam
3421 2592 3489 2647 de
3515 2608 3677 2647 causa
3708 2592 3919 2647 venerit

2314 2680 2381 2735 ad
2400 2682 2719 2751 baptismum
2744 2681 3006 2747 Christus,
3032 2698 3169 2737 nunc
3196 2698 3283 2736 res
3310 2684 3542 2752 postulat
3566 2694 3622 2736 ut
3647 2684 3915 2749 dicamus,

2314 2782 2366 2825 et
2388 2771 2454 2824 ad
2478 2787 2762 2841 quemnam
2790 2771 3108 2840 baptismum
3134 2773 3340 2826 venerit
3364 2790 3376 2825 :
3401 2788 3521 2826 nam
3544 2782 3598 2825 et
3616 2772 3719 2827 hoc
3735 2787 3918 2839 operte

2315 2862 2545 2931 pretium
2594 2873 2672 2916 est
2717 2877 3041 2932 cognoscere
3066 2904 3078 2924 ,
3104 2873 3159 2915 ut
3190 2877 3319 2917 sane
3347 2864 3505 2917 ctiam
3538 2862 3690 2917 illud.
3721 2862 3788 2916 Et
3812 2861 3931 2916 hoc.

2318 2950 2464 3019 prius
2500 2951 2774 3005 caritatem
2816 2960 3047 3007 vestram
3097 2951 3293 3006 docere
3321 2963 3569 3020 oportet:
3597 2967 3723 3005 nam
3753 2961 3811 3005 et
3846 2967 3914 3006 ex

2317 3042 2418 3097 hoc
2442 3042 2569 3097 illud
2600 3043 2960 3113 intelligimus.
2991 3043 3271 3098 .ludaicum
3299 3053 3413 3098 erat
3454 3043 3742 3112 baptisma,
3768 3043 3914 3113 quod

2315 3132 2501 3187 sordes
2543 3148 2828 3202 corporum
2860 3175 2874 3199 ,
2907 3150 3011 3188 non
3069 3144 3282 3203 peccata
3325 3148 3443 3202 quae
3482 3133 3536 3187 in
3580 3134 3914 3191 conscientia

2314 3222 2553 3277 resident
2585 3265 2600 3290 ,
2634 3224 2902 3277 abluebat.
2943 3224 3124 3293 Neque
3162 3224 3306 3277 enim
3354 3225 3396 3277 si
3425 3224 3543 3291 quis
3584 3222 3913 3278 adulterium

2313 3323 2697 3381 perpetrasset,
2726 3330 2900 3382 neque
2929 3315 2974 3369 si
2998 3315 3113 3383 quis
3156 3315 3277 3367 furti
3309 3329 3366 3368 se
3393 3315 3661 3384 alligassct
3683 3355 3701 3380 ,
3736 3329 3913 3383 neque

2313 3404 2358 3457 si
2380 3404 2500 3473 quis
2522 3404 2661 3458 aliud
2689 3405 2959 3474 quidpiam
2986 3406 3204 3460 sceleris
3233 3405 3556 3470 admisisset,
3580 3422 3703 3459 eum
3726 3406 3912 3459 crimi-

2313 3493 2467 3547 nibus
2496 3494 2747 3563 expiabat
2772 3511 2785 3546 :
2810 3494 2905 3549 sed
2950 3495 2994 3548 si
3022 3496 3141 3564 quis
3167 3504 3497 3548 mortuorum
3534 3510 3655 3549 ossa
3705 3496 3914 3564 tetigis-

2312 3596 2394 3641 set
2420 3628 2435 3652 ,
2464 3587 2507 3641 si
2533 3587 2652 3655 quis
2682 3588 2872 3641 vetitos
2902 3603 2930 3640 a
2968 3588 3085 3657 lege
3115 3588 3263 3641 cibos
3293 3588 3667 3657 degustasset,
3700 3589 3746 3641 si
3784 3588 3907 3657 quis

2310 3692 2340 3731 a
2370 3679 2712 3747 corruptione
2740 3661 3064 3743 advenisset,
3092 3679 3135 3733 si
3166 3679 3285 3747 quis
3314 3694 3435 3732 cum
3466 3679 3693 3747 leprosis
3718 3692 3907 3732 versa-

2311 3778 2395 3821 tus
2433 3779 2611 3835 esset,
2644 3770 2919 3823 lavabatur
2944 3811 2958 3835 ,
2988 3779 3042 3823 et
3086 3769 3392 3823 immundus
3447 3778 3562 3823 erat
3618 3784 3787 3838 usque
3840 3769 3911 3824 ad

2311 3874 2607 3927 vesperam,
2627 3860 2817 3914 deinde
2845 3860 3216 3914 mundabatur.
3238 3859 3509 3913 Lavabitur
3532 3862 3684 3925 enim,
3710 3860 3904 3930 inquit,

2309 3966 2492 4019 corpus
2526 3952 2632 4019 ejus
2673 3968 2805 4020 aqua
2852 3952 3075 4015 munda,
3105 3961 3150 4005 et
3184 3952 3475 4005 immundus
3514 3953 3609 4004 erit
3654 3968 3812 4021 usque
3837 3952 3910 4005 ad

2310 4054 2587 4107 vesperum,
2617 4050 2662 4093 et
2690 4039 3331 4108 mundabitur(Levit.15.
3364 4042 3419 4097 5.
3442 4057 3551 4111 sqq.
3575 4052 3621 4093 et
3647 4042 3758 4109 l3).
3785 4040 3907 4097 Non

2310 4130 2452 4183 enim
2483 4130 2597 4184 haec
2646 4147 2768 4186 vere
2798 4141 3070 4199 peccatum
3096 4143 3249 4187 erant
3285 4147 3456 4202 neque
3504 4134 3728 4200 pollutio
3757 4176 3772 4201 ,
3804 4134 3905 4189 sed

2310 4220 2452 4288 quod
2515 4220 2931 4289 impcrfectiores
2988 4233 3216 4289 essent,
3246 4238 3342 4291 per
3368 4224 3630 4290 ejusmodi
3678 4239 3767 4279 res
3808 4238 3907 4279 eos

2310 4310 2543 4365 emciens
2559 4311 2937 4379 religiosiores,
2961 4312 3099 4366 Deus
3126 4314 3191 4366 ad
3223 4313 3482 4382 majorum
3512 4330 3690 4375 rerum
3719 4314 3907 4369 obser-

2313 4403 2579 4455 vationem
2610 4405 2842 4470 aptiores
2873 4412 2927 4457 et
2957 4404 3321 4473 diligentiores
3350 4405 3477 4458 olim
3506 4404 3790 4458 reddebat.

2381 4495 2433 4548 5.
2467 4493 2714 4564 Baptismi
2741 4494 3043 4552 Judworum
3073 4505 3119 4549 et
3148 4496 3383 4565 baptismi
3412 4496 3630 4549 Joannis
3656 4500 3810 4551 ratio.
3833 4528 3908 4540 --

2310 4588 2491 4657 Itaque
2546 4588 2762 4643 Judaiea
2813 4590 2900 4642 illa
2949 4590 3161 4659 quidem
3209 4592 3441 4658 expiatio
3490 4606 3827 4661 nequaquam
3875 4607 3904 4646 a

2310 4680 2539 4750 peccatis
2582 4680 2862 4747 liberabat,
2895 4681 2988 4735 sed
3020 4698 3048 4734 a
3077 4685 3348 4750 corporeis
3379 4683 3625 4737 sordibus
3657 4693 3901 4747 tantum;

2309 4781 2488 4826 nostra
2516 4786 2642 4825 vero
2670 4772 2788 4824 talis
2815 4788 2920 4824 non
2944 4782 3059 4836 est,
3092 4772 3188 4826 sed
3216 4773 3382 4825 multo
3410 4776 3581 4841 major
3600 4814 3613 4834 ,
3648 4789 3712 4827 ac
3738 4774 3903 4827 multa

2307 4864 2471 4933 gratia
2511 4863 2708 4917 referta
2736 4876 2751 4913 :
2776 4878 2897 4915 nam
2923 4873 2977 4917 et
3009 4862 3201 4917 liberat
3228 4878 3254 4915 a
3287 4865 3516 4933 peccatis
3540 4905 3554 4927 ,
3583 4872 3639 4918 et
3665 4866 3903 4919 animam

2309 4956 2560 5008 emundat
2580 4997 2593 5021 ,
2639 4965 2691 5009 et
2727 4954 2954 5023 Spiritus
2982 4955 3203 5023 gratiam
3252 4954 3491 5024 largitur.
3521 4955 3743 5010 Joannis
3773 4972 3905 5011 vero

2308 5045 2567 5114 baptisma
2599 5047 2819 5101 Judaico
2840 5045 3052 5114 quidem
3076 5046 3243 5100 multo
3268 5046 3546 5099 sublimius
3576 5046 3694 5112 fuit,
3720 5047 3901 5101 humi-

2309 5137 2409 5191 lius
2443 5152 2573 5191 vero
2619 5148 2802 5192 nostro
2827 5178 2842 5203 ,
2891 5138 3052 5191 veluti
3084 5153 3219 5206 pons
3248 5138 3461 5206 quidam
3494 5139 3772 5208 utriusque
3793 5129 3900 5193 ba-

2308 5229 2569 5297 ptismatis
2609 5229 2764 5298 hujus
2789 5271 2803 5294 ,
2845 5228 2913 5284 ab
2951 5228 3041 5281 illo
3072 5230 3135 5282 ad
3168 5228 3306 5282 istud
3339 5244 3433 5297 per
3462 5245 3518 5284 se
3545 5231 3695 5298 quasi
3738 5245 3900 5287 manu

2307 5321 2545 5375 ducens:
2572 5336 2679 5375 non
2711 5321 2854 5376 enim
2886 5335 2977 5373 eos
3010 5319 3189 5387 utique
3218 5319 3283 5373 ad
3316 5321 3745 5374 observationem
3772 5336 3898 5375 cor-

2304 5414 2449 5480 poris
2492 5414 2859 5481 purgationum
2911 5411 3229 5475 inducebat,
3280 5412 3372 5466 sed
3413 5412 3479 5467 ab
3524 5413 3625 5466 illis
3670 5428 3901 5468 avocans

2304 5505 2685 5560 cohortabatur
2722 5516 2775 5559 et
2817 5503 3128 5559 consulebat
3151 5546 3167 5568 ,
3201 5514 3308 5557 uta
3338 5505 3467 5557 vitio
3498 5504 3902 5559 traducerentur

2302 5596 2367 5649 ad
2398 5597 2668 5661 virtutem,
2687 5606 2843 5664 atque
2870 5596 2921 5648 in
2944 5608 3163 5663 operum
3190 5603 3333 5649 recte
3360 5594 3511 5647 factis
3530 5608 3683 5664 spem
3712 5595 3901 5651 salutis

2301 5704 2406 5743 non
2452 5689 2506 5743 in
2549 5688 2773 5743 diversis
2813 5688 3091 5759 baptismis
3133 5698 3186 5741 et
3234 5702 3489 5756 aquarum
3531 5687 3899 5744 ablutionibus

2348 5803 2382 5865 γι
2419 5806 2520 5849 Duo
2544 5806 2671 5862 κει,
2700 5798 3065 5851 descendentem
3084 5797 3221 5863 quasi
3236 5797 3523 5850 columbam.
