4164 6324
236 413 348 470 365

239 525 474 582 ἐνταῦθα
512 525 609 578 καὶ
650 521 810 578 τοῦτο
853 523 1152 595 παρέργως
1183 521 1566 591 συναγόμενοι,
1607 517 1702 572 καὶ
1737 515 1826 570 διά

242 609 540 680 συνήθειαν
570 606 788 678 ἑορτῆς,
827 605 888 659 οὑ
924 607 991 660 δι’
1024 604 1311 659 εὐλάϐειαν
1343 602 1542 673 ψυχῆς.
1583 601 1826 670 ’Δγαπη-

237 691 334 745 τὸν
363 692 475 762 γάρ
510 690 559 742 εί
600 687 723 741 καθ’
754 688 994 759 ἐκάστην
1021 686 1243 751 σύναξιν
1275 684 1511 740 ἐνταῦθά
1536 700 1620 746 τις
1650 683 1828 735 ἀπαν-

239 774 354 827 τῶν
394 770 655 845 δυνηθείη
701 772 820 841 μετ’
857 767 1146 838 ἀκριϐείας
1188 768 1406 822 ἅπαντα
1441 765 1614 820 ταῦτα
1654 781 1828 817 κατα-

243 859 419 926 σχεῖν.
450 853 682 915 Οἰκέτας
728 852 882 922 έχετε
916 851 1103 905 πολλοὶ
1133 849 1244 904 τῶν
1277 848 1514 903 ἐνταῦθα
1541 847 1827 919 παρόντων

241 936 342 990 καὶ
391 937 563 999 υἱοὺς,
597 935 692 988 καὶ
734 934 1024 1006 μέλλοντες
1067 934 1266 996 αὐτοὺς
1307 929 1662 1003 παραδιδόναι
1713 931 1827 993 τοῖς

241 1019 353 1073 τῶν
380 1019 588 1089 τεχνῶν
628 1017 969 1080 ἐπιστάταις,
999 1009 1074 1070 ὧν
1106 1016 1173 1069 ἂν
1199 1014 1432 1077 ἐλοισθε,
1470 1014 1578 1068 ’καὶ
1618 1011 1717 1083 τὴν
1750 1013 1829 1064 οι-

242 1100 373 1154 κίαν
402 1100 585 1162 αὑτοῖς
623 1097 724 1170 τὴν
757 1098 1033 1170 ὑμετέραν
1065 1096 1266 1154 ἄϐατον
1311 1099 1515 1150 ποιεῖτε
1545 1093 1824 1159 καθάπαξ,

242 1183 344 1238 καὶ
395 1181 692 1254 στρώματα
734 1181 832 1234 καὶ
867 1181 1076 1251 τροφάς
1120 1181 1216 1234 καὶ
1247 1179 1347 1251 τὴν
1384 1178 1550 1250 ἀλλην
1605 1178 1828 1231 ἃπασαν

242 1265 434 1328 αὑτοῖς
482 1264 1029 1334 παρασκευάσαντες·
1057 1261 1354 1323 διακονίαν,
1401 1260 1480 1332 τῷ
1523 1258 1828 1329 διδασκάλῳ

243 1343 697 1414 συγκατοικίζετε
726 1344 1086 1415 ἀπείργοντες
1125 1339 1453 1414 αὐτοὺς’τῆς
1480 1343 1658 1406 οἰκίας
1700 1343 1826 1394 ἐπι-

244 1427 455 1481 ϐαίνειν
484 1427 585 1497 τῆς
631 1426 924 1497 ὑμετέρας,
958 1426 1046 1479 ἵνα
1076 1427 1109 1496 ή
1147 1424 1378 1496 συνεχὴς
1425 1426 1543 1477 ἐκεῖ
1576 1421 1826 1494 διατριϐὴ

242 1508 347 1579 τὴν
374 1506 722 1562 διδασκαλίαν
750 1506 1144 1578 ἀκριϐεστέραν
1180 1508 1512 1578 ἐργάσηται,
1557 1504 1826 1576 μηδεμιᾶς

242 1592 528 1663 φροντίδος
568 1590 669 1662 τὴν
714 1589 909 1661 σχολὴν
936 1589 1356 1661 διακοπτούσης.
1385 1590 1521 1643 Νυνὶ
1550 1589 1608 1642 δέ
1634 1590 1696 1642 οὑ
1739 1587 1827 1641 τέ-

242 1690 380 1745 χνην
413 1676 512 1744 τὴν
546 1672 838 1744 τυχοῦσαν,
881 1672 1019 1727 ἀλλὰ
1064 1672 1164 1744 τὴν
1198 1672 1392 1726 πασῶν
1427 1672 1648 1744 μείζονα
1682 1689 1824 1744 μαν-

242 1754 430 1808 θάνειν
465 1757 769 1827 μέλλοντες,
804 1755 921 1818 πῶς
950 1755 1142 1826 ἀρέσαι
1179 1756 1256 1824 τῷ
1283 1755 1403 1826 Θεῷ
1447 1756 1547 1820 δεῖ,
1590 1754 1826 1809 καὶτῶν

239 1837 512 1908 οὐρανίων
559 1841 859 1910 ἐπιτυχεῖν,
920 1839 1214 1910 παρέργως
1287 1838 1512 1910 ήγεῖσθε
1560 1836 1825 1892 δύνασθαι

238 1920 406 1975 τοῦτο
451 1919 600 1994 [569]
648 1921 967 1992 κατορθοῦν.
1004 1921 1117 1975 Καὶ
1169 1921 1346 1992 πόσης
1395 1922 1558 1974 τοῦτο
1600 1921 1821 1988 ἀνοίας;

245 2004 374 2057 Ὀτι
409 2004 518 2075 γάρ
547 2005 865 2078 μάθησις-τὸ
893 2005 1128 2075 πρᾶγμά
1173 2006 1290 2056 ἐστι
1334 2001 1537 2073 πολλῆς
1571 2001 1825 2073 δεόμενον

238 2088 343 2157 τῆς
384 2089 677 2158 προσοχῆς,
717 2086 949 2141 ἄκουσον
975 2086 1029 2140 τί
1063 2102 1230 2158 φησι·
1265 2085 1496 2139 Μάθετε
1546 2086 1648 2140 ἀπ’
1676 2087 1823 2155 ἐμοῦ

239 2169 334 2223 ὅτι
392 2169 581 2238 πρᾶός
628 2173 778 2240 είμι,
823 2170 919 2224 καί
963 2170 1242 2235 ταπεινὸς
1298 2167 1373 2236 τῇ
1431 2167 1676 2236 καρδίᾳ·
1727 2171 1824 2224 καὶ

242 2251 412 2304 πάλιν
438 2253 467 2303 ό
505 2255 821 2324 προφήτης·
843 2253 1050 2316 Δεῦτε,
1081 2253 1288 2318 τέκνα,
1318 2251 1626 2308 ἀκούσατέ
1662 2269 1783 2322 μου
1802 2267 1820 2284 ·

238 2336 437 2401 φόϐον
469 2335 690 2402 Κυρίου
724 2333 942 2399 διδάξω
979 2333 1171 2404 ὑμᾶς·
1214 2337 1310 2388 καὶ
1357 2334 1552 2388 πάλιν·
1589 2332 1820 2402 Σχολά-

238 2430 396 2468 σατε
419 2417 518 2469 καὶ
551 2415 758 2485 γνῶτε,
785 2416 873 2470 ὅτι
907 2416 1021 2486 ἐγώ
1039 2419 1155 2485 είμι
1178 2420 1211 2471 ό
1239 2418 1402 2482 Θεός.
1429 2417 1592 2471 Ὥστε
1622 2416 1822 2482 πολλῆς

239 2496 444 2566 σχολῆς
479 2498 637 2566 χρεία
665 2496 742 2568 τῷ
777 2497 1021 2568 μέλλοντι
1052 2497 1256 2570 ταύτης
1293 2498 1695 2552 ἀπολαύσεσθαι
1720 2497 1821 2569 τῆς

243 2579 588 2648 φιλοσοφίας.

317 2662 387 2732 β’.
407 2662 568 2715 Ἀλλά
586 2661 718 2734 γάρ,
744 2662 831 2715 ἴνα
851 2661 924 2733 μὴ
943 2663 1036 2716 τὸν
1050 2663 1240 2734 χρόνον
1257 2663 1558 2728 ἀπανταείς
1575 2663 1822 2735 ἔγκλημα

236 2753 351 2806 τῶν
372 2753 900 2822 ἀπολιμπανομένων
916 2754 1304 2827 ἀναλώσωμεν,
1334 2756 1694 2826 ἀρκεσθέντες
1711 2759 1824 2820 τοῖς

237 2843 555 2914 εἰρημένοις
598 2845 678 2908 είς
717 2843 815 2914 τὴν
852 2844 955 2914 τῆς
1001 2843 1227 2918 [αὐτῶν]
1275 2848 1500 2899 ἐκείνων
1552 2845 1822 2917 ῥᾳθυμίας

234 2934 544 3006 διόρθωσιν,
578 2935 709 3006 φέρε
755 2953 808 2990 τι
854 2939 1106 3010 περὶτῆς
1136 2937 1416 3010 παρούσης
1447 2939 1642 3010 ἐορτῆς
1675 2938 1826 3008 φιλο-

239 3027 592 3096 σοφήσωμεν.
623 3026 818 3081 Πολλοὶ
851 3029 959 3102 γάρ
990 3031 1089 3094 τὰς
1124 3031 1224 3100 μὲν
1253 3031 1446 3102 ἐορτάς
1483 3032 1694 3100 ἄγουσι,
1729 3030 1824 3084 καὶ⁵

234 3121 310 3172 τὰ
347 3120 587 3190 ὀνόματα
635 3121 1047 3188 αὑτῶνσῐσασι,
1095 3123 1195 3185 τὰς
1241 3123 1298 3176 δὲ
1334 3123 1650 3187 ὑποθέσεις,
1700 3123 1823 3178 ὃθεν

239 3209 568 3280 ἐτέχθησαν,
615 3209 921 3277 ἀγνοοῦσιν.
954 3212 1079 3265 Ὅτι
1135 3212 1234 3283 μὲν
1271 3208 1363 3266 οῦν
1418 3214 1739 3283 Ἐπιφάνεια
1787 3216 1821 3286 ή

244 3299 490 3370 παροῦσα
520 3299 736 3367 λέγεται
783 3301 980 3372 ἐορτή,
1021 3302 1178 3372 δῆλόν
1233 3303 1349 3356 ἐστι
1402 3305 1572 3358 πᾶσι·
1618 3304 1704 3370 τίς
1755 3306 1816 3359 δέ

235 3391 389 3444 ἐστιν
417 3391 768 3461 ήέπιφάνεια
811 3392 981 3462 αῦτη,
1023 3394 1116 3446 καὶ
1153 3393 1378 3465 πότερον
1415 3396 1513 3466 μία
1544 3397 1628 3460 τίς
1673 3399 1821 3451 ἐστιν

235 3480 271 3549 ἢ
306 3480 424 3543 δύο,
453 3481 611 3534 τοῦτο
636 3481 737 3535 οὒκ
774 3481 853 3535 ἔτι
884 3483 1060 3536 ἴσασιν
1080 3501 1094 3515 ·
1125 3485 1264 3556 ὅπερ
1290 3487 1526 3556 ἐσχάτης
1555 3488 1820 3561 αἰσχύνης

237 3568 306 3620 ἂν
345 3567 430 3636 εἴη
470 3568 565 3621 καὶ
605 3567 800 3622 πολλοῦ
851 3569 945 3623 τοῦ
993 3571 1389 3640 καταγέλωτος,
1442 3573 1563 3627 καθ’
1589 3576 1818 3630 ἕκαστον

237 3655 488 3708 ἐνιαυτὸν
526 3655 625 3726 τήν
672 3656 863 3727 ἑορτήν
890 3657 1092 3728 ταύτην
1123 3659 1384 3728 ἄγοντας,
1429 3661 1527 3730 τὴν
1562 3663 1817 3719 ὑπόθεσιν

236 3746 410 3814 αὑτῆς
463 3746 698 3814 ἀγνοεῖν.
750 3745 976 3818 Πρῶτον
1033 3747 1129 3818 μὲν
1172 3745 1265 3803 οῦν
1301 3752 1596 3820 ἀναγκαῖον
1643 3756 1817 3809 εἰπεῖν

238 3839 381 3909 πρὸς
411 3839 509 3908 τὴν
553 3838 820 3910 ὑμετέραν
867 3839 1109 3911 ἀγάπην,
1158 3841 1238 3894 ὅτι
1288 3842 1347 3896 οὑ
1392 3845 1490 3913 μία
1536 3845 1620 3907 τίς
1671 3846 1818 3899 ἐστιν

238 3933 555 3999 ἐπιφάνεια,
600 3930 735 3984 ἀλλά
765 3930 887 3983 δύο·
938 3932 1036 4001 μία
1073 3933 1170 4001 μὲν
1198 3935 1231 4003 ή
1270 3933 1518 4004 παροῦσα
1551 3935 1687 4006 αῦτη
1725 3937 1819 3990 καὶ

235 4021 527 4091 γενομένη,
565 4020 790 4090 δευτέρα
821 4022 878 4074 δὲ
903 4024 937 4092 ή
978 4021 1244 4092 μέλλουσα
1271 4026 1365 4077 καλ⁵
1394 4025 1536 4079 κατὰ
1565 4025 1663 4094 τὴν
1696 4044 1820 4081 συν-

236 4114 454 4166 τέλειαν
507 4105 729 4178 ἐνδόξως
786 4113 1149 4181 γενησομένη.
1195 4115 1305 4168 Καὶ
1362 4115 1489 4185 περὶ
1551 4118 1817 4188 ἑκατέρας

236 4202 420 4256 αὑτῶν
445 4199 711 4270 ἠκούσατε
740 4201 978 4271 σήμερον
1011 4201 1226 4256 Παύλου
1257 4204 1400 4274 Τίτῳ
1433 4206 1814 4277 διαλεγομένου

237 4290 335 4344 καὶ
372 4288 622 4356 λέγοντος
660 4287 831 4341 οὑτω·
873 4291 1001 4360 περὶ
1048 4291 1146 4359 μὲν
1187 4291 1286 4362 τῆς
1325 4295 1634 4366 παρούσης.
1681 4299 1814 4352 Ὲπ,

235 4384 432 4452 εφάνη
470 4381 508 4448 ,ἡ
540 4379 644 4433 τοῦ
693 4381 840 4434 Θεοῦ
883 4382 1056 4449 χάρις
1092 4382 1129 4448 ή
1158 4383 1452 4452 σωτήριος
1491 4385 1682 4442 πᾶσιν
1709 4391 1816 4443 άν-

235 4474 512 4540 θρώποις,
540 4472 911 4526 παιδεύουσα
935 4471 1112 4542 ἡμᾶς,
1137 4475 1236 4528 ἵνα
1263 4476 1672 4548 ἀρνησάμενοι
1701 4483 1816 4550 τὴν

234 4566 523 4622 ἀσέΰειαν
549 4565 647 4617 καί
679 4564 786 4630 τὰς
815 4564 1108 4634 κοσμικὰς
1131 4565 1464 4635 ἐπιθυμίας,
1492 4575 1814 4642 σωφρόνως

236 4659 341 4714 καὶ
391 4657 630 4720 δικαίως
670 4656 767 4708 καὶ
817 4655 1079 4720 εὐσεϐῶς
1128 4654 1398 4727 ζησωμεν
1453 4660 1524 4713 ἐν
1576 4661 1657 4728 τῷ
1699 4664 1816 4717 νῦν

234 4745 435 4803 αἰῶνι·
470 4744 598 4815 περὶ
619 4744 676 4796 δέ
700 4745 797 4814 τῆς
830 4744 1129 4815 μελλούσης
1153 4763 1166 4774 ·
1199 4748 1675 4818 Προσδεχόμενοι
1701 4755 1815 4821 τὴν

229 4835 535 4907 μακαρίαν
566 4833 785 4886 ἐλπίδα
826 4834 925 4896 καί
960 4834 1315 4902 ἐπιφάνειαν
1347 4837 1456 4905 τῆς
1493 4840 1677 4908 δόξης
1705 4844 1812 4898 τοῦ

229 4925 502 4994 μεγάλου
551 4923 696 4976 Θεοῦ
748 4923 847 4976 καὶ
892 4922 1167 4991 Σωτῆρος
1226 4925 1397 4994 ἡμῶν
1445 4929 1636 4996 Ἰησοῦ
1681 4936 1813 5001 Χρι-

234 5014 410 5070 στοῦ.
437 5015 544 5067 Καὶ
573 5015 602 5066 ὁ
633 5014 917 5084 προφήτης
941 5015 997 5067 δέ
1027 5015 1156 5086 περὶ
1187 5017 1355 5086 αὐτῆς
1388 5019 1601 5091 ἐκείνης
1630 5022 1810 5092 ἔλεγεν

232 5108 441 5169 οὕτως·
483 5107 539 5157 ’0
588 5105 758 5186 ἦμος
799 5107 1362 5175 μεταστραφήσεται
1414 5113 1502 5176 είς
1557 5114 1808 5182 σκότος,

235 5201 338 5254 καὶ
380 5202 419 5267 ἠ
446 5197 677 5264 σελήνη
708 5201 796 5263 εὶς
833 5192 994 5266 αἷμα,
1036 5200 1178 5266 πρὶν
1209 5200 1411 5254 ἐλθεῖν
1443 5203 1559 5269 τήν
1584 5206 1812 5273 ἡμέραν

233 5292 460 5358 Κυρίου
517 5291 628 5358 τὴν
670 5289 944 5359 μεγάλην
991 5290 1087 5342 καί
1138 5291 1421 5360 ἐπιφανῆ.
1463 5295 1620 5348 Ἀλλά
1668 5298 1811 5362 τίνος

232 5383 420 5435 ἕνεκεν
458 5381 576 5450 οὑχὶ
625 5383 657 5452 ή
692 5382 871 5453 ήμέρα
922 5382 1044 5434 καθ’
1071 5383 1136 5452 ἢν
1177 5384 1390 5454 ἐτέχθη,
1421 5385 1532 5437 ἀλλ’
1563 5389 1593 5456 ή
1629 5390 1811 5459 ἡμέρα

231 5471 354 5525 καθ’
393 5473 459 5541 ἢν
510 5471 830 5541 ἐϐαπτίσθη,
881 5472 1169 5541 ἐπιφάνεια
1211 5472 1459 5541 λέγεται;
1497 5476 1644 5546 Λῦτη
1703 5481 1810 5551 γάρ

229 5564 380 5618 ἐστιν
429 5565 464 5633 ή
519 5565 700 5636 ἡμέρα
755 5564 875 5618 καθ’
914 5565 983 5634 ἦν
1017 5563 1366 5631 ἐϐαπτίσατο,
1416 5568 1508 5620 καὶ
1544 5569 1641 5640 τὴν
1702 5573 1810 5624 τῶν

254 5720 317 5794 ’.³
351 5726 470 5794 _Duo
515 5739 626 5794 ωδε.
670 5729 987 5792 ὑδρευόμενοι.
1028 5727 1200 5777 Mure].
1252 5730 1608 5794 ὑδρευσάμενοι.
1655 5735 1802 5785 Savil.

225 5789 500 5854 ὑερεύονται
522 5791 618 5837 καί.

1383 403 1472 459 DE
1509 398 1852 458 BAPTISMO
1886 395 2188 454 CHRISTI.

3399 400 3512 457 366

1929 513 2137 567 ὑδάτων
2172 511 2365 584 ήγίασε
2412 512 2592 583 φύσιν.
2617 513 2718 568 Διά
2742 528 2826 567 τοι
2856 511 3017 567 τοῦτο
3055 513 3151 568 καὶ
3193 512 3250 566 ἐν
3281 531 3515 584 μεσονυ-

1926 605 2062 675 κτίῳ
2095 603 2236 659 κατά
2277 604 2376 676 τήν
2399 605 2596 677 ἑορτὴν
2644 605 2852 676 ταύτην
2885 605 3126 668 ἅπαντες
3171 604 3512 677 ὑδρευσάμε-

1926 713 2008 749 νοι
2033 708 2059 736 ι
2090 695 2272 750 οἴκαδε
2297 695 2366 749 τά
2392 697 2606 766 νάματα
2633 696 3004 762 ἀποτίθενται,
3033 697 3130 750 καὶ
3159 697 3240 760 είς
3268 697 3522 752 ἐνιαυτὸν

1925 787 2220 858 ὀλόκληρον
2246 787 2628 856 φυλάττουσιν,
2661 791 2758 845 άτε
2789 791 2852 862 δή
2878 791 3118 860 σήμερον
3146 789 3523 857 ἀγιασθέντων

1923 872 2032 927 τῶν
2070 873 2312 927 ὑδάτων·
2357 873 2454 928 καὶ
2500 873 2562 928 τὸ
2617 877 2844 946 σημεῖον
2907 874 3122 944 γίνεται
3174 875 3407 946 ἐναργὲς
3455 875 3519 928 οὑ

1923 959 2382 1032 διαφθειρομένης
2407 960 2508 1032 τῆς
2538 961 2648 1016 τῶν
2692 963 2903 1017 ὑδάτων
2931 963 3158 1016 ἐκείνων
3189 961 3404 1031 φύσεως
3439 962 3522 1032 τῷ

1929 1048 2094 1118 μήκει
2133 1044 2228 1099 τοῦ
2276 1047 2492 1117 χρόνου,
2540 1047 2656 1102 ἀλλ’
2680 1050 2761 1113 είς
2803 1049 3050 1102 ἐνιαυτὸν
3091 1034 3394 1118 ὁλόκληρον¹
3425 1051 3522 1103 καὶ

1925 1134 2020 1186 δύο
2059 1134 2156 1186 καὶ
2192 1135 2317 1204 τρία
2345 1134 2607 1200 πολλάκις
2641 1135 2737 1208 ἔτη
2768 1135 2862 1190 τοῦ
2892 1137 3132 1206 σήμερον
3160 1135 3520 1206 ἀντληθέντος

1926 1215 2116 1280 ὕδατος
2175 1217 2434 1289 ἀκεραίου
2487 1220 2582 1272 καὶ⁵
2636 1219 2834 1292 νεαροῦ
2890 1219 3179 1290 μένοντος,
3236 1220 3330 1272 καὶ
3379 1218 3522 1290 μετά
3615 1248 3618 1251 -

1921 1303 2178 1357 τοσοῦτον
2208 1303 2398 1375 χρόνον
2430 1306 2545 1368 τοῖς
2581 1304 2710 1376 άρτι
2736 1305 2847 1360 τῶν
2875 1304 3070 1376 πηγῶν
3095 1304 3520 1376 ἐξαρπασθεῖσιν

1925 1390 2110 1444 ῦδασιν
2157 1390 2560 1461 ἁμιλλωμένου.
2590 1391 2746 1455 Τίνος
2787 1387 2880 1446 οῦν
2922 1391 3109 1445 ’ἐνεκεν
3141 1390 3282 1460 αῦτη
3319 1394 3520 1462 ἐπιφά-

1924 1493 2044 1530 νεια
2079 1476 2332 1544 λέγεται;
2375 1477 2593 1548 Ἐπειδὴ
2641 1478 2741 1548 οὑχ
2782 1478 2870 1530 ὅτε
2902 1477 3130 1548 ἐτέχθη,
3175 1477 3299 1532 τότε
3350 1481 3519 1534 πᾶσιν

1923 1564 2140 1633 ἐγένετο
2182 1563 2502 1636 κατάδηλος,
2531 1566 2649 1618 ἀλλ’
2674 1567 2763 1620 ὅτε
2809 1565 3174 1620 ἐϐαπτίσατο·
3207 1566 3369 1638 μέχρι
3406 1569 3518 1640 γὰρ

1921 1650 2126 1721 ταύτης
2159 1653 2406 1722 ἠγνοεῖτο
2433 1653 2534 1723 τῆς
2563 1652 2779 1724 ἡμέρας
2827 1656 2940 1716 τοῖς
2990 1651 3226 1714 πολλοῖς.
3272 1654 3384 1706 Καὶ
3434 1655 3519 1707 ὃτι

1921 1739 2148 1810 ἠγνόουν
2177 1740 2338 1793 αὑτὸν
2365 1742 2415 1792 οί
2449 1740 2655 1807 πολλοὶ,
2684 1741 2780 1794 καὶ
2810 1741 2911 1793 οὑκ
2946 1739 3170 1810 ᾔδεισαν
3199 1739 3347 1802 ὅστις
3386 1739 3519 1792 ποτὲ

1922 1821 2019 1896 ἧν,
2070 1827 2303 1880 ἄκουσον
2376 1826 2469 1879 τοῦ
2537 1825 2845 1878 Βαπτιοτοῦ
2905 1826 3152 1879 Ἰωάννου
3221 1826 3512 1894 λέγοντος·

1920 1915 2125 1980 Μέσος
2163 1913 2314 1986 [570]
2340 1912 2508 1983 ὑμῶν
2533 1914 2818 1982 ἔστηκεν,
2849 1913 2922 1967 ὃν
2946 1912 3118 1983 ὑμεῖς
3149 1915 3260 1968 οὐκ
3289 1914 3511 1968 οἴδατε.

1922 2003 2032 2054 Kal
2067 2001 2120 2054 τί
2167 2001 2480 2071 θαυμαστὸν
2523 2003 2574 2054 εί
2624 2001 2774 2055 ἄλλοι
2819 2001 3072 2072 ἠγνόουν,
3118 2001 3255 2055 ὅπου
3307 2017 3373 2070 γε
3422 2003 3518 2055 καὶ
3623 2026 3632 2036 -

1923 2088 2084 2152 αὑτὸς
2116 2090 2144 2141 ό
2191 2089 2503 2160 Βαπτιστής
2548 2089 2711 2142 αὑτὸν
2759 2089 2946 2159 ήγνόει
2988 2091 3092 2152 ἐως
3144 2089 3245 2160 τῆς
3303 2089 3517 2160 ήμέρας

1923 2175 2176 2245 ἐκείνης;
2219 2174 2330 2227 Καὶ
2363 2175 2473 2246 γάρ
2503 2174 2639 2243 ἐγὼ,
2691 2177 2878 2245 φησιν,
2921 2176 3036 2229 οὐκ
3085 2173 3260 2244 ᾔδειν
3303 2176 3514 2240 αὐτὸν,

1919 2262 2058 2317 ἀλλ’
2087 2265 2120 2315 ὀ
2162 2262 2408 2331 πέμψας
2435 2278 2516 2331 με
2560 2261 2878 2327 βαπτίζειν
2922 2261 2994 2316 ἐν
3043 2261 3240 2329 ὕδατι,
3284 2261 3516 2328 ἐκεῖνός

1915 2366 2020 2418 μοι
2060 2344 2259 2403 εἷπεν·
2303 2351 2422 2419 Ἐφ’
2454 2348 2528 2403 ὃν
2558 2349 2636 2403 ἂν
2683 2348 2819 2417 ἴδῃς
2847 2349 2915 2402 τὸ
2953 2348 3201 2417 Πνεῦμα
3239 2347 3516 2403 καταϐαῖ-

1920 2452 2032 2489 νον
2052 2436 2106 2503 1³,
2135 2435 2236 2489 καί
2258 2431 2451 2505 μένον
2478 2436 2571 2489 ἐπ’
2594 2437 2802 2503 αὑτὸν,
2836 2433 3014 2503 οὗτός
3041 2437 3214 2491 ἐστιν
3239 2442 3270 2490 o’
3293 2437 3516 2502 ,βαπτί-

1921 2521 2032 2582 ζων
2071 2524 2142 2576 ἐν
2185 2526 2486 2594 Ηνεύματι
2518 2527 2684 2593 ἁγίῳ.
2722 2524 2847 2577 Ὅτι
2901 2526 3001 2596 μὲν
3046 2521 3140 2578 οὖν
3190 2526 3511 2595 ἐπιφάνειαι

1919 2609 2033 2674 δύο,
2075 2609 2234 2681 δῆλον
2288 2614 2354 2664 ἐκ
2403 2610 2638 2665 τούτων·
2685 2611 2833 2675 τίνος
2869 2612 2928 2665 δὲ
2961 2612 3148 2666 ἕνεκεν
3181 2613 3274 2665 ἐπὶ
3321 2612 3382 2665 τὸ
3413 2611 3513 2682 βά-
3561 2640 3566 2645 ~

1920 2712 2133 2766 πτισμα
2155 2697 2372 2768 ἔρχεται
2399 2699 2426 2750 ὁ
2453 2698 2712 2769 Χριστὸς,
2733 2699 3034 2768 ἀναγκαῖον
3057 2701 3255 2763 εἰπεῖν,
3283 2699 3380 2752 καὶ
3418 2699 3514 2752 ἐπὶ

1920 2785 2070 2836 ποῖον
2093 2784 2314 2854 ἔρχεται
2334 2786 2619 2855 βάπτισμα
2637 2801 2650 2814 ·
2676 2789 2771 2838 καὶ
2793 2785 2901 2858 γάρ
2925 2785 3016 2838 καὶ
3037 2784 3196 2839 τοῦτο
3215 2786 3514 2854 ἀναγκαῖον

1907 2869 2140 2932 εἰδέναι,
2163 2871 2356 2940 ῶσπερ
2385 2867 2479 2923 οὗν
2521 2872 2762 2926 κάκεῖνο.
2791 2873 2902 2925 Καὶ
2932 2871 3089 2925 τοῦτο
3123 2874 3390 2942 πρότερον
3435 2873 3512 2925 δι-

1919 2954 2078 3020 δάξαι
2120 2956 2227 3026 χρή
2271 2958 2372 3028 τήν
2419 2958 2691 3028 ὑμετέραν
2725 2959 2980 3029 ἀγάπην·
3012 2959 3120 3013 ἀπὸ
3162 2961 3273 3032 γὰρ
3317 2959 3509 3013 τούτου

1920 3048 2144 3099 κάκεῖνο
2191 3047 2473 3118 εἰσόμεθα.
2525 3048 2819 3119 Βάπτισμα
2873 3047 2941 3121 ἧν
2986 3051 3046 3102 τὸ
3091 3050 3399 3114 Ἰουδαϊκὸν,
3450 3052 3512 3102 τὸ

1922 3134 2108 3204 ρύπων
2148 3133 2476 3204 σωματικῶν
2509 3135 2874 3198 ἀπαλλάττον,
2903 3139 2964 3190 οὐ
2995 3137 3105 3190 τῶν
3131 3139 3274 3192 κατὰ
3305 3139 3366 3191 τὸ
3395 3155 3514 3192 συν·

1920 3222 2060 3286 ειδὸς
2119 3221 2553 3293 ἁμαρτημάτων.
2597 3223 2670 3275 υύ
2719 3223 2829 3293 γὰρ
2877 3225 2933 3276 εἴ
2975 3241 3061 3289 τις
3099 3226 3346 3297 μοιχείαν
3393 3228 3511 3296 είρ-

1918 3297 2146 3377 γάᾶατο,
2182 3310 2305 3363 οὑδέ
2345 3311 2398 3362 εἴ
2431 3327 2514 3373 τις
2559 3311 2766 3382 κλοπήν
2814 3313 3138 3384 ἐτόλμησεν,
3179 3315 3300 3368 οὑδέ
3332 3315 3386 3368 εῐ
3427 3332 3511 3379 τις

1920 3396 2050 3450 ἄλλο
2075 3415 2126 3448 τι
2157 3396 2396 3450 τοιοῦτον
2429 3399 2837 3469 παρηνόμησεν,
2867 3399 3206 3470 ἀπήλλαττεν
3224 3401 3384 3455 αὑτὸν
3400 3402 3511 3455 τῶν

1917 3485 2277 3556 ἐγκλημάτων
2299 3502 2312 3515 ·
2345 3485 2538 3539 ἀλλἐί
2563 3503 2646 3551 τις
2676 3487 2847 3542 ὀστῶν
2878 3489 3057 3559 ἥψατο
3089 3491 3320 3564 νεκρῶν,
3349 3490 3403 3543 εί
3426 3508 3508 3554 τις

1920 3574 1996 3644 μὴ
2024 3574 2418 3645 νενομισμένης
2446 3575 2710 3643 ἐγεύσατο
2739 3579 2968 3649 τροφῆς,
2999 3579 3052 3630 εί
3067 3595 3164 3641 τις
3199 3582 3262 3632 ἐκ
3303 3580 3508 3650 φθορᾶς

1917 3661 2266 3731 παρεγένετο,
2309 3662 2364 3714 εἴ
2399 3679 2482 3725 τις
2511 3662 2732 3734 λεπροῖς
2774 3666 3105 3733 συνεγίνετο,
3138 3665 3375 3731 ἐλούετο,
3412 3671 3508 3722 καὶ

1918 3748 2079 3819 μέχρι
2108 3751 2206 3820 τῆς
2239 3751 2479 3823 ἑσπέρας
2529 3753 2839 3824 ἀκάθαρτος
2870 3750 2961 3825 ἦν,
3006 3749 3126 3808 εἶτα
3159 3755 3503 3828 ἐκαθαίρετο.

1914 3837 2210 3888 Λούσεται
2247 3836 2356 3906 γὰρ
2384 3840 2448 3891 τὸ
2479 3836 2652 3908 σῶμα
2679 3838 2865 3893 αὑτοῦ
2893 3841 3066 3893 ὕδατι
3111 3843 3367 3911 καθαρῷ,
3400 3860 3507 3914 φη-

1917 3923 2022 3986 σὶν,
2057 3923 2155 3976 καὶ
2197 3923 2532 3991 ἀκάθαρτος
2570 3925 2742 3978 ἔσται
2782 3925 2893 3992 ἕως
2937 3926 3220 3994 ἑσπέρας,
3261 3929 3359 3981 καί
3393 3945 3502 3983 και

1914 4011 2362 4078 θαρισθήσεται.
2401 4013 2476 4066 Οὑ
2521 4014 2632 4085 γὰρ
2663 4014 2879 4084 ἀληθῶς
2932 4017 3177 4088 ἁμαρτία
3220 4016 3390 4071 ταῦτα
3434 4013 3504 4088 ἦν

1914 4099 2037 4150 οὑδέ
2075 4099 2408 4172 ἀκαθαρσία,
2447 4100 2583 4154 ἀλλά
2618 4101 3007 4172 ἀτελεστέρους
3059 4105 3219 4168 ὂντας
3262 4103 3350 4158 διά
3393 4106 3504 4158 τῶν

1913 4189 2168 4243 τοιούτων
2199 4190 2367 4243 ποιῶν
2400 4191 2826 4264 εὐλαϐεστέρους
2851 4197 2879 4246 ὁ
2914 4194 3070 4258 Θεὸς,
3105 4196 3241 4265 πρὸς
3269 4198 3368 4265 τὴν
3392 4197 3503 4250 τῶν

1918 4277 2178 4346 μειζόνων
2221 4281 2603 4350 παρατήρησιν
2654 4280 3076 4352 ἀκριϐεστέρους
3123 4281 3328 4334 ἀνωθεν
3361 4299 3504 4353 παρ-

1915 4379 2200 4433 εσκευασε.

1987 4455 2058 4521 γ’.
2087 4456 2160 4507 Τὸ
2188 4456 2287 4522 μὲν
2313 4450 2407 4508 οὖν
2439 4455 2730 4508 Ἰουδαϊκὸν
2763 4457 3057 4529 καθάρσιον
3087 4459 3502 4529 ἁμαρτημάτων

1917 4548 2014 4618 μὲν
2048 4545 2150 4596 οὑκ
2172 4542 2502 4612 ἀπήλλαττε,
2534 4543 2718 4611 ρύπων
2756 4544 2813 4596 δὲ
2846 4547 3171 4615 σωματικῶν
3216 4548 3400 4617 μόνον,
3439 4549 3502 4600 τὸ

1912 4634 1968 4686 δὲ
2015 4633 2284 4702 ἡμέτερον
2337 4631 2398 4681 οὑ
2447 4630 2709 4698 τοιοῦτον,
2754 4632 2890 4686 ἀλλά
2940 4635 3120 4705 πολλῷ
3177 4638 3359 4706 μεῖξον
3404 4639 3500 4690 καὶ

1913 4721 2109 4788 πολλῆς
2147 4718 2317 4787 γέμον
2352 4718 2572 4787 χάριτος
2594 4735 2606 4747 ·
2640 4719 2734 4770 καὶ
2757 4717 2865 4790 γὰρ
2893 4721 3306 4792 ἁμαρτημάτων
3331 4726 3501 4778 ἀπαλ-

1911 4808 2114 4870 λάττει,
2144 4807 2238 4858 καὶ
2265 4803 2440 4874 ψυχήν
2467 4806 2799 4876 ἀποσμήχει,
2837 4809 2931 4860 καὶ
2962 4809 3277 4879 Πνεύματος
3317 4811 3499 4867 δίδωσι

1912 4893 2197 4966 χορηγίαν.
2242 4891 2315 4942 Τὸ
2374 4891 2432 4942 δέ
2481 4892 2573 4945 τοῦ
2614 4895 2859 4946 Ἰωάννου
2927 4896 3019 4948 τοῦ
3069 4897 3167 4967 μὲν
3206 4899 3496 4956 Ἰουδαϊκοῦ

1914 4983 2118 5052 σφόδρα
2146 4979 2476 5050 ὑψηλότερον
2499 4975 2586 5051 ἦν,
2612 4981 2702 5033 τοῦ
2723 4981 2781 5033 δὲ
2805 4985 3072 5054 ἡμετέρου
3093 4988 3494 5060 ταπεινότερον,

1911 5068 2162 5140 καθάπερ
2189 5067 2405 5136 γέφυρά
2429 5083 2513 5129 τις
2539 5067 2597 5121 ὃν
2623 5071 2897 5140 ἑκατέρων
2929 5073 3133 5125 τούτων
3159 5076 3267 5127 τῶν
3305 5076 3498 5145 βαπτι-

1913 5159 2159 5226 σμάτων,
2186 5155 2280 5208 ἀπ’
2302 5156 2524 5212 ἀκείνου
2551 5157 2683 5227 πρὸς
2716 5157 2873 5233 τοῦτο
2901 5159 2968 5211 δι’
2999 5161 3189 5213 ἐαυτοῦ
3229 5181 3311 5231 χει
3322 5181 3499 5233 ραγω-

1911 5244 2067 5313 γοῦν·
2107 5245 2166 5296 οὑ
2206 5244 2314 5313 γὰρ
2344 5243 2408 5313 δὴ
2443 5245 2520 5305 εἰς
2553 5229 2934 5315 παρατήρησιν
2978 5229 3277 5318 καθαρμῶν
3312 5229 3497 5321 σωμα-

1909 5332 2076 5387 τικῶν
2105 5333 2300 5394 αὐτοὺς
2334 5331 2550 5400 ἐνῆγεν,
2593 5333 2707 5385 ἀλλ’
2744 5336 3059 5406 ἀποστῆσαν
3095 5337 3318 5391 ἐκείνων
3350 5358 3494 5413 παρ-

1909 5422 2027 5491 ῄνει
2069 5414 2172 5473 ⁵καὶ
2231 5419 2584 5474 συνεϐούλευε
2641 5424 2964 5491 μεταϐαλεῖν
3015 5426 3122 5478 ἀπὸ
3174 5427 3371 5492 κακίας
3415 5433 3496 5493 εἰς

1911 5508 2130 5579 ἀρετήν,
2182 5509 2273 5561 καὶ
2320 5509 2377 5559 ἐν
2425 5514 2536 5572 τοῖς
2581 5510 2689 5562 τῶν
2735 5512 2912 5582 ἔργων
2955 5515 3344 5586 κατορθώμασι
3399 5517 3496 5578 τὰς

1909 5597 2127 5660 ἐλπίδας
2158 5598 2255 5666 τῆς
2297 5598 2569 5668 σωτηρίας
2597 5599 2760 5669 ἔχειν,
2793 5604 2891 5654 οὑκ
2923 5605 2977 5656 ἐν
3019 5604 3349 5672 βαπτισμοῖς
3383 5607 3496 5660 δια-

1973 5795 2000 5834 b
2027 5796 2134 5846 Duo
2163 5813 2274 5848 ωδε.
2306 5801 2590 5849 καταϐαῖνον
2615 5804 2729 5851 ὡσεὶ
2752 5805 3050 5867 πεξιστεράν.
