4164 6324
661 364 772 420 367

659 483 844 552 φόροις
869 477 962 532 καὶ
989 476 1289 548 καθαρμοῖς
1323 477 1549 530 ὑδάτων.
1581 476 1656 529 Οὐ
1686 475 1795 547 γάρ
1819 475 1995 542 ἔλεγε·
2027 472 2231 526 Πλῦνον

654 564 724 617 τά
767 560 959 630 ἱμάτιά
1012 577 1128 620 σου,
1172 560 1264 612 καὶ
1302 558 1491 611 λοῦσον
1523 559 1582 611 τὸ
1624 558 1783 628 σῶμά
1838 574 1951 619 σου,
1999 556 2092 610 καὶ
2133 553 2233 626 ἔσῃ

656 644 921 715 καθαρός·
967 642 1102 696 ἀλλὰ
1148 643 1228 704 τίς
1286 640 1584 705 Ποιήσατε
1630 640 1864 707 καρπὸν
1909 638 2081 702 ἄξιον
2125 633 2232 703 τῆς

648 727 988 797 μετανοίας.
1023 724 1130 776 Καὶ
1161 723 1300 775 κατὰ
1335 722 1491 775 τοῦτο
1518 722 1847 792 ὑψηλότερον
1880 717 1947 790 ἦν
1975 718 2070 771 τοῦ
2105 719 2234 771 Ἰου-

654 809 865 873 δαϊκοῦ,
892 807 984 860 τοῦ
1012 806 1068 858 δὲ
1096 805 1366 877 ἡμετέρου
1413 805 1793 875 ταπεινότερον
1815 820 1826 832 ·
1861 801 2047 872 ἐπειδὴ
2095 802 2234 870 μήτε

656 891 879 960 Πνεῦμα
913 890 1067 956 ἁγιον
1119 887 1292 942 ἐδίδου
1324 887 1384 940 τὸ
1447 886 1730 956 βάπτισμα
1781 885 2048 947 Ἰωάννου,
2096 886 2231 952 μήτε

625 993 628 996 ⁴
656 975 752 1042 τὴν
782 972 869 1025 διὰ
898 973 997 1042 τῆς
1029 970 1250 1042 χάριτος
1280 973 1507 1040 παρεῖχε
1535 967 1912 1040 συγχώρησιν·
1953 967 2233 1036 μετανοεῖν

654 1057 762 1125 γὰρ
801 1054 1066 1117 ἐκέλευεν,
1107 1053 1207 1106 οὐκ
1245 1054 1465 1121 ἀφιέναι
1519 1052 1704 1123 κύριος
1755 1046 1845 1120 ἦν.
1889 1048 2089 1116 Διόπερ
2138 1048 2232 1100 καὶ

654 1139 866 1206 ἔλεγεν·
909 1135 1047 1204 Ἐγὼ
1081 1136 1198 1204 μὲν
1237 1135 1394 1203 ὑμᾶς
1422 1132 1684 1200 βαπτίζω
1707 1133 1780 1186 ἐν
1811 1131 1980 1185 ύδατι
2008 1143 2056 1196 ι,
2086 1129 2232 1182 ἐλεεῖς

654 1237 760 1285 νος
801 1217 870 1271 δὲ
924 1216 1079 1286 ὑμᾶς
1124 1217 1412 1281 βαπτίσει
1465 1217 1535 1268 ἐν
1590 1215 1888 1284 Πνεύματι
1938 1213 2085 1282 ἁγίῳ
2134 1212 2234 1267 καὶ

653 1301 815 1370 πυρί.
846 1300 1095 1371 Δηλονότι
1141 1299 1300 1361 αὐτὸς
1326 1299 1425 1352 οὐκ
1463 1297 1721 1361 ἐϐάπτιζε
1755 1296 2052 1369 Πνεύματι.
2081 1295 2147 1347 Τί
2175 1295 2233 1347 δέ

652 1387 823 1445 ἐστιν,
863 1383 961 1436 Ἑν
989 1383 1288 1450 Πνεύματι
1314 1381 1460 1448 ἁγίῳ
1485 1381 1582 1432 καί
1619 1380 1796 1448 πυρίξ
1834 1376 2234 1448 Ἀναμνήσθητί

605 1459 608 1462 ’
656 1483 747 1537 μοι
785 1465 884 1535 τῆς
909 1464 1122 1536 ἡμέρας
1155 1463 1386 1532 ἐκείνης,
1419 1461 1538 1514 καθ’
1578 1464 1644 1532 ἢν
1671 1460 1934 1532 ὤφθησαν
1963 1463 2074 1523 τοῖς
2101 1461 2234 1513 ἀπο-

652 1548 861 1611 στόλοις
915 1546 1358 1617 διαμεριζόμεναι
1406 1543 1650 1611 γλῶσσαι
1697 1545 1826 1597 ὡσεὶ
1883 1545 2085 1614 πυρὸς,
2139 1543 2234 1596 καὶ

652 1631 904 1684 ἐκάθισεν
949 1629 1032 1698 ἐφ’
1073 1629 1170 1682 ἕνα
1207 1629 1438 1680 ἕκαστον
1475 1625 1626 1698 [571]
1658 1627 1858 1680 αὐτῶν.
1906 1627 2012 1680 Καὶ
2044 1627 2126 1678 ὃτι
2172 1624 2234 1677 τδ

653 1713 936 1784 βάπτισμα
969 1713 1211 1765 Ἰωάννου
1256 1709 1444 1772 ἀτελὲς
1492 1705 1582 1778 ἦν,
1623 1709 1746 1761 οὔτε
1780 1709 2097 1778 Πνεύματος
2147 1724 2235 1777 χο·-

654 1796 854 1868 ρηγίαν
889 1795 1035 1864 ἔχον,
1075 1794 1199 1846 οὔτε
1232 1793 1640 1863 ἁμαρτημάτων
1674 1790 1886 1859 ἄφεσιν,
1910 1790 2066 1861 δῆλον
2101 1791 2236 1841 ἐκεῖ·

654 1878 776 1932 θεν·
809 1879 996 1950 Εὑρὼν
1027 1877 1136 1948 γάρ
1165 1894 1314 1938 τινας
1369 1875 1611 1946 μαθητὰς
1642 1877 1669 1927 ό
1703 1873 1911 1936 Παῦλός
1940 1890 2069 1942 φησι
2098 1872 2235 1943 πρὸς

653 1963 869 2025 αὐτοὺς,
898 1963 966 2014 El
1005 1960 1247 2028 Πνεῦμα
1280 1958 1450 2026 ἅγιον
1481 1956 1726 2010 ἐλάϐετε
1760 1958 2234 2020 πιστεύσαντες;

657 2048 721 2098 Ol
761 2045 828 2096 δὲ
862 2041 1035 2097 εἶπον
1083 2043 1233 2111 πρὸς
1277 2043 1494 2096 αὐτόν·
1534 2039 1860 2096 Ἀλλ⁹οὺδὲ
1898 2041 1951 2093 εί
1992 2037 2237 2106 Πνεῦμα

652 2127 824 2196 ἅγιόν
867 2127 1037 2179 ἐστιν
1073 2126 1446 2193 ἠκούσαμεν.
1488 2119 1637 2178 Εῖπέ
1671 2140 1735 2176 τε
1778 2120 1927 2190 πρὸς
1979 2122 2234 2186 αὐτούς·

659 2207 756 2274 Εἰς
803 2208 861 2260 τί
911 2203 1025 2261 οὖν
1073 2206 1505 2274 ἐϐαπτίσθητε;
1552 2208 1615 2258 Ol
1681 2203 1750 2256 δὲ
1799 2205 1998 2258 εἷπον·
2039 2203 2142 2266 Είς
2170 2201 2237 2255 τὸ

665 2292 935 2346 Ἰωάννου
975 2289 1311 2359 βάπτισμα.
1361 2285 1507 2343 Εῐπε
1550 2287 1619 2339 δὲ
1662 2287 1922 2350 Παῦλος·
1964 2285 2239 2351 Ἰωάννης

654 2376 766 2442 μεν
809 2374 1092 2427 ἐϐάπτισεν
1136 2374 1451 2440 βάπτισμα
1503 2371 1856 2439 μετανοίας·
1918 2368 2234 2438 μετανοίας,

655 2459 756 2510 οὐκ
798 2457 1064 2525 ἀφέσεως.
1102 2456 1213 2508 Καὶ
1245 2455 1389 2518 τίνος
1417 2454 1605 2507 ἕνεκεν
1640 2452 1960 2518 ἐϐάπτισεν;
1999 2450 2084 2516 Τῷ
2109 2451 2239 2517 λαῷ

653 2541 865 2606 λέγων·
908 2541 1012 2604 Εὶς
1065 2537 1173 2591 τὸν
1217 2537 1544 2606 ἐρχόμενον
1583 2535 1710 2604 μετ’
1757 2535 1944 2587 αὑτὸν
1983 2534 2084 2586 ἵνα
2141 2548 2235 2585 πι-

653 2620 992 2685 στεύσωσι,
1039 2619 1196 2674 τοῦτ’
1233 2620 1426 2684 ἔστιν,
1459 2621 1546 2685 είς
1589 2619 1697 2671 τὸν
1726 2618 1946 2685 Κύριον
1984 2615 2234 2683 Ἰησοῦν.

653 2704 761 2757 Καὶ
798 2703 1175 2767 ἀκούσαντες
1203 2703 1655 2768 ἐϐαπτίσθησαν
1687 2702 1772 2766 εις
1816 2700 1882 2753 τὸ
1913 2700 2098 2768 ὄνομα
2132 2698 2237 2752 τοῦ

651 2787 874 2854 Κυρίου
911 2785 1126 2854 Ἰησοῦ.
1155 2785 1264 2839 Καὶ
1293 2783 1598 2851 ἐπιθέντος
1629 2783 1835 2850 αὐτοῖς
1863 2784 1967 2837 τοῦ
1993 2784 2238 2836 Παύλου

652 2868 760 2934 τὰς
799 2867 1021 2936 χεῖρας,
1072 2864 1222 2938 ἦλθε
1264 2867 1331 2919 τὸ
1385 2865 1627 2935 Πνεῦμα
1671 2867 1739 2919 τὸ
1790 2866 1960 2934 ἅγιον
2011 2866 2103 2918 ἐπ’
2134 2867 2240 2919 αὑ·

655 2954 815 3016 τούς.
853 2948 1004 3014 Εἶδες
1049 2951 1165 3013 πῶς
1205 2951 1392 3012 ἀτελὲς
1423 2946 1490 3020 ἦν
1537 2952 1596 3002 τὸ
1635 2949 1880 3002 Ἰωάννου
1918 2947 2236 3018 βάπτισμας

653 3034 716 3087 Εἰ
742 3034 849 3103 γὰρ
881 3034 953 3104 μὴ
979 3031 1045 3103 ἦν
1068 3034 1274 3095 ἀτελὲς,
1301 3034 1401 3086 ούκ
1428 3033 1494 3087 ἂν
1515 3034 1714 3095 αὐτοὺς
1739 3032 1900 3086 πάλιν
1944 3031 2240 3084 ἐϐάπτισεν

653 3119 682 3169 ὁ
721 3116 953 3179 Παῦλος,
993 3117 1092 3170 οὐκ
1129 3118 1194 3171 ἂν
1241 3119 1425 3181 αὺτοῖς
1455 3118 1553 3180 τὰς
1585 3121 1776 3188 χεῖρας
1813 3115 2081 3184 ἐπέθηκε·
2123 3116 2240 3169 νυνὶ

652 3199 708 3252 δὲ
748 3200 1035 3270 ἀμφότερα
1070 3201 1243 3253 ταῦτα
1272 3203 1524 3271 ποιήσας,
1558 3200 1794 3270 ἐδήλωσε
1823 3200 1924 3271 τὴν
1965 3197 2240 3268 ὑπεροχὴν

653 3283 748 3336 τοῦ
799 3283 1173 3354 βαπτίσματος
1223 3285 1317 3338 τοῦ
1378 3284 1759 3345 ἁποστολικοῦ,
1803 3284 1896 3336 καὶ
1945 3283 2024 3335 ὅτι
2066 3285 2242 3346 ἐκεῖνο

651 3366 844 3419 τούτου
877 3365 1012 3418 πολὺ
1048 3367 1357 3437 κατώτερον
1395 3363 1481 3437 ἦν.
1523 3368 1685 3420 Ἀλλά
1728 3369 1828 3439 τὴν
1865 3367 1962 3434 μὲν
2003 3365 2112 3418 τῶν
2147 3364 2242 3433 βα-

654 3450 976 3519 πτισμάτων
1014 3451 1280 3519 διαφορὰν
1320 3453 1383 3504 ἐκ
1415 3450 1619 3504 τούτων
1657 3449 1966 3521 ἐμάθομεν·
2012 3448 2154 3509 τίνος
2183 3447 2240 3500 δὲ

653 3533 838 3586 ἕνεκεν
878 3535 907 3586 6
937 3533 1172 3604 Χριστὸς
1220 3532 1562 3602 βαπτίζεται,
1596 3534 1692 3586 καὶ
1737 3535 1888 3586 ποῖον
1936 3531 2239 3601 βάπτισμα,

653 3615 841 3669 λοιπὸν
879 3617 1177 3684 ἀναγκαῖον
1207 3619 1400 3669 εἰπεῖν.
1427 3615 1565 3669 Οῦτε
1592 3617 1651 3667 τὸ
1694 3615 1982 3669 Ἰουδαϊκὸν
2009 3615 2071 3666 τὸ
2109 3615 2243 3684 πρό-

652 3716 832 3766 τερον,
859 3698 983 3751 οῦτε
1017 3700 1079 3751 τὸ
1123 3701 1390 3771 ἡμέτερον
1431 3701 1492 3753 τὸ
1535 3699 1676 3770 μετὰ
1719 3698 1928 3752 ταῦτα·
1965 3697 2088 3752 οὔτε
2133 3697 2240 3768 γὰρ

657 3783 1070 3853 ἁμαρτημάτων
1101 3786 1501 3852 συγχωρήσεως
1540 3783 1742 3834 ἐδεῖτο·
1775 3781 1892 3844 πῶς
1937 3781 2043 3851 γάρ
2079 3783 2107 3833 6
2136 3798 2241 3851 μη-

655 3865 848 3934 δεμίαν
886 3865 1157 3935 ἁμαρτίαν
1187 3865 1358 3934 ἔχωνς
1400 3865 1708 3933 Ἀλιαρτίαν
1739 3864 1869 3933 γὰρ,
1907 3865 2091 3932 φησὶν,
2131 3864 2242 3916 οὐκ

656 3948 972 4016 ἐποίησεν,
1003 3947 1146 4001 οὐδὲ
1176 3948 1388 4015 εὑρέθη
1419 3947 1599 4013 δόλος
1634 3947 1704 4000 ἐν
1730 3945 1810 4011 τῷ
1841 3947 2094 4014 στόματι
2142 3946 2244 3998 αὐ-

657 4031 794 4084 τοῦ·
829 4031 924 4083 καὶ
981 4030 1164 4094 πάλιν,
1219 4031 1313 4096 Τίς
1359 4030 1427 4094 ἐξ
1477 4030 1643 4100 ὑμῶν
1695 4030 1931 4098 ἐλέγχει
1981 4043 2057 4097 με
2109 4027 2244 4095 περὶ

656 4115 978 4183 ἀμαρτίας;
1026 4113 1164 4166 υῦτε
1218 4112 1534 4183 Πνεύματος
1585 4113 1815 4183 ἄμοιρος
1866 4107 1934 4181 ἦν
1975 4110 2157 4180 ἐκείνη
2206 4112 2240 4182 ἡ

659 4198 822 4268 σάρξ·
853 4196 970 4258 πῶς
995 4197 1105 4269 γάρ
1130 4197 1195 4250 ἂν
1223 4198 1255 4266 ἠ
1284 4198 1347 4248 ἐκ
1375 4195 1694 4267 Πνεύματος
1717 4194 1876 4262 ἁγίου
1902 4209 2244 4246 κατασκευα-

660 4282 848 4333 σθεῖσα
875 4280 973 4351 τὴν
1006 4280 1215 4351 άρχήν;
1252 4280 1315 4332 Εί
1354 4279 1531 4332 τοίνυν
1579 4279 1715 4348 μήτε
1742 4277 2057 4347 Πνεύματος
2087 4276 2242 4345 ἁγίου

658 4362 885 4433 ἄμοιρος
909 4358 976 4433 ἦν
1002 4364 1035 4432 ή
1071 4361 1208 4434 σὰρξ
1247 4362 1450 4435 ἐκείνη,
1491 4360 1629 4432 μήτε
1660 4360 2052 4430 ἁμαρτήμασιν
2080 4357 2246 4412 ὑπεύ-

660 4449 837 4511 δυνος,
867 4444 1010 4508 τίνος
1041 4445 1226 4498 ἕνεκεν
1258 4441 1611 4509 ἐϐαπτίζετο;
1634 4441 1798 4495 Ἀλλά
1817 4441 2086 4512 πρότερον
2115 4442 2246 4495 άνα-

658 4531 848 4596 γκαϊον
881 4527 1070 4598 μαθεῖν
1095 4529 1247 4580 ποῖον
1285 4527 1616 4581 ἐϐαπτίσατο
1649 4525 1949 4596 βάπτισμα,
1987 4523 2081 4578 καὶ
2120 4524 2243 4577 τότε

659 4613 754 4665 καὶ
803 4611 960 4666 τοῦτο
1017 4611 1350 4682 σαφέστερον
1407 4612 1539 4683 ἡμῖν
1584 4611 1893 4679 γενήσεται.
1943 4609 2101 4661 Ποῖον
2148 4603 2242 4662 οὖν

659 4695 1024 4760 ἐδαπτίσατο;
1054 4693 1192 4748 Οῦτε
1228 4695 1288 4748 τὺ
1322 4693 1633 4760 Ἰουδαϊκὸν,
1677 4692 1800 4746 οὔτε
1846 4693 1908 4746 τὺ
1954 4693 2240 4763 ἡμέτερον,

659 4780 795 4834 ἀλλὰ
823 4780 884 4833 τὸ
919 4781 1187 4834 Ἰωάννου.
1217 4779 1316 4833 Διὰ
1340 4777 1428 4844 τὶ;
1454 4778 1571 4831 ’Ίνα
1598 4778 1692 4830 καὶ
1725 4775 1794 4829 δι’
1822 4776 1992 4846 αὐτῆς
2018 4776 2117 4846 τῆς
2147 4773 2241 4828 τοῦ

664 4863 1038 4934 βαπτίσματος
1085 4861 1302 4931 φύσεως
1353 4861 1568 4932 μάθῃς,
1615 4861 1699 4913 ὅτι
1749 4859 1810 4912 οῦ
1857 4859 1923 4912 δι’
1968 4859 2243 4929 ἁμαρτίας

659 4946 1011 5008 ἐϐαπτίσατω
1061 4945 1182 4998 οὐδὲ
1222 4945 1296 5008 ὼς
1345 4945 1442 5016 τῆς
1496 4942 1590 4998 τοῦ
1633 4943 1947 5014 Πνεύματος
1991 4942 2244 5012 δεόμενος

661 5030 952 5099 χορηγίας·
1000 5031 1275 5100 ἑκατέρων
1319 5029 1429 5100 γάρ
1461 5028 1663 5081 τούτων
1712 5027 1915 5098 ἔρημον
1966 5028 2141 5079 ἐκεῖνο
2182 5025 2242 5077 τὸ

663 5114 976 5183 βάπτισμα,
1021 5112 1271 5182 καθάπερ
1327 5108 1418 5165 οὖν
1451 5114 1546 5164 καὶ
1595 5110 1980 5179 ἀπεδείξαμεν.
2014 5109 2124 5164 Καὶ
2157 5111 2240 5164 ὅτι

665 5197 762 5267 μὲν
795 5195 917 5249 οὔτε
948 5196 1017 5249 δι’
1061 5197 1255 5266 ἄφεσιν
1304 5196 1736 5268 ἁμαρτημάτων,
1766 5191 1889 5246 οῦτε
1932 5194 2020 5246 διὰ
2071 5193 2241 5245 Πνεύ-

663 5296 832 5352 ματος
875 5280 1139 5351 χορηγίαν
1181 5273 1345 5350 ἦλθεν
1387 5280 1480 5332 ἐπὶ
1517 5281 1606 5331 τὸν
1642 5277 1934 5347 Ἰορδάνην,
1982 5276 2140 5346 δῆλον
2176 5277 2240 5330 ἐκ

714 5470 737 5497 ³
771 5472 854 5523 Sic
877 5488 991 5523 mss.
1021 5481 1072 5522 et
1105 5475 1217 5524 Sav.
1257 5474 1429 5522 Morel.
1458 5486 1574 5523 vero
1609 5481 1718 5534 pust
1760 5473 1808 5522 ἐν
1841 5472 1976 5534 ὕδατι
2003 5471 2137 5519 addit
2175 5471 2242 5534 είς

661 5537 926 5598 μετάνοιαν.
953 5536 1146 5598 Deinde
1176 5541 1305 5598 pOSt,
1347 5535 1585 5596 Πνεῦματι
1612 5533 1734 5598 ἁγίῳ
1753 5533 1836 5582 καὶ
1860 5533 2127 5598 πυρῇτιιες.
2153 5533 2241 5598 aq-

659 5593 783 5644 dunl
803 5597 1018 5654 δηλονότι
1057 5593 1198 5652 αὐτὸς
1219 5598 1307 5646 οὐκ
1332 5593 1546 5650 ἐϐάπτιζε
1583 5593 1836 5657 Πνεύματι.
1864 5593 1998 5657 Τίδέ
2023 5593 2160 5657 ἐστινΔ
2193 5593 2242 5640 έν

662 5652 1263 5730 ἔιγιῠμαὲφνίφκσξῖπυρίς
1283 5659 1448 5730 ἀνεξι-
1470 5652 2242 5730 “3.90.9”dweetéwwmisﬁ

659 5714 811 5768 ΐυὶεεὸ
829 5714 1059 5770 νίᾱειιιὸτ
1092 5720 1141 5768 in
1174 5714 1287 5771 εει.
1303 5727 1356 5770 ει
1375 5714 1697 5768 Ἠοι·ε1.Νεω
1723 5714 1914 5781 bptime
1931 5714 2240 5779 quadraulad

662 5790 881 5831 sensum.

1363 362 1418 419 S.
1459 357 1742 417 JOMVMS
1778 353 2268 416 CHRYSOSTOMI
2303 352 2628 411 ARCHIEP.
2670 355 3216 413 CONSTANI'INOP.

3819 357 3917 414 568

2335 471 2567 525 τούτων·
2617 474 2704 526 ἵνα
2731 473 2787 526 δέ
2837 474 2910 545 μὴ
2945 476 3140 546 νομίσῃ
3170 491 3255 538 τις
3298 474 3408 527 τῶν
3451 473 3574 527 τότε
3605 472 3913 544 παρόντων,

2334 555 2414 606 ὅτι
2469 555 2562 608 ἐπὶ
2630 558 2914 627 μετανοίᾳ,
2966 557 3222 632 καθάπερ
3267 558 3316 610 οί
3364 557 3576 622 λοιποὶ,
3622 557 3920 627 παραγίνε-

2333 655 2444 704 ται,
2478 639 2708 692 άκουσον
2743 639 2838 692 καὶ
2872 639 3031 692 τοῦτο
3065 639 3182 702 πῶς
3218 641 3247 692 6
3287 640 3541 710 Ἰωάννης
3572 637 3919 710 προδιωρθώ-

2337 737 2486 774 σατο.
2526 721 2584 775 '0
2615 720 2722 792 γάρ
2752 723 2864 784 τοῖς
2906 721 3089 786 ἄλλοις
3129 722 3323 789 λέγων,
3356 722 3657 788 Ποιήσατε
3689 721 3920 789 καρπόν

2335 803 2507 869 ἀξιον
2557 803 2668 872 τῆς
2721 805 3065 872 μετανοίας,
3117 802 3350 858 ἄκουσον
3386 805 3440 858 τί
3497 807 3676 874 τούτῳ
3720 803 3917 875 φησιν·

2348 886 2490 955 Ἐγὼ
2515 888 2722 956 χρείαν
2751 886 2869 955 ἔχω
2901 887 3018 940 ὑπὸ
3051 887 3168 941 σοῦ
3202 887 3652 956 βαπτισθῆναι·
3695 887 3797 940 καὶ
3841 887 3920 943 σὺ

2334 969 2484 1038 ἔρχῃ
2531 971 2683 1036 πρός
2715 986 2828 1038 με;
2877 970 3047 1023 Τοῦτο
3078 969 3137 1023 δὲ
3193 970 3347 1038 ἔλεγε
3392 969 3568 1040 δηλῶν
3607 970 3690 1023 ὃτι
3739 969 3804 1022 ού
3836 968 3922 1023 διὰ

2333 1051 2433 1121 τὴν
2459 1051 2629 1122 αὐτὴν
2655 1055 2768 1114 τοῖς
2808 1052 3022 1117 πολλοῖς
3052 1051 3240 1124 χρείαν
3286 1052 3620 1123 παρεγένετο
3655 1051 3796 1121 πρὸς
3827 1051 3922 1103 αὐ·

2333 1135 2425 1188 τόν
2445 1151 2458 1164 ·
2492 1136 2585 1188 καὶ
2612 1137 2693 1188 ὅτι
2721 1135 2976 1188 τοσοῦτον
3005 1135 3198 1204 ἀπέχει
3225 1135 3314 1188 διά
3339 1135 3499 1188 τοῦτο
3539 1132 3922 1203 βαπτίζεσθαι,

2334 1217 2418 1269 ὅτι
2456 1218 2551 1270 καὶ
2580 1217 2746 1270 αὐτοῦ
2785 1217 2880 1269 τοῦ
2913 1217 3217 1270 Βαπτιστοῦ
3249 1217 3428 1286 πολλῷ
3477 1216 3682 1287 μείζων
3702 1210 3796 1286 ἦν.
3832 1213 3925 1268 καί

2335 1299 2680 1368 άσυγκρίτως
2722 1298 3120 1370 καθαρώτερος.
3157 1299 3312 1361 Τίνος
3340 1297 3434 1353 οὗν
3462 1301 3652 1352 ἕνεκεν
3696 1297 3924 1352 ἐϐαπτί-

2336 1381 2476 1445 ζετο,
2519 1383 2567 1434 εί
2600 1383 2734 1453 μήτε
2764 1383 2856 1434 ἐπὶ
2897 1382 3175 1452 μετανοίᾳ,
3208 1386 3343 1452 μήτε
3387 1383 3482 1434 ἐπὶ
3507 1382 3922 1453 ἁμαρτημάτων

2335 1466 2558 1533 ἀφέσει,
2612 1466 2748 1536 μήτε
2804 1465 2957 1534 [572]
3006 1465 3100 1518 ἐπὶ
3132 1463 3450 1533 Πνεύματος
3486 1465 3725 1535 χορηγίᾳ
3768 1462 3924 1516 τοῦτο

2336 1547 2509 1599 ἐποίει
2530 1562 2563 1614 ;.
2584 1546 2819 1618 Ἑτέρων
2867 1547 3011 1600 δυοῖν
3053 1547 3239 1600 ἕνεκεν
3281 1546 3492 1607 αἰτιῶν,
3546 1548 3677 1614 μιᾶς
3723 1545 3823 1615 μὲν
3856 1539 3924 1610 ἧς

2337 1647 2500 1701 φησιν
2539 1631 2568 1682 6
2624 1629 2901 1700 μαθητὴς,
2956 1629 3152 1700 ἐτέρας
3199 1628 3256 1683 δὲ
3301 1624 3369 1699 ἦς
3428 1629 3589 1692 αὐτὸς
3642 1627 3782 1697 πρὸς
3831 1630 3923 1679 τὸν

2350 1711 2604 1783 Ἰωάννην
2645 1707 2786 1766 εἷπε.
2832 1713 2967 1766 Τίνα
3019 1708 3115 1766 οὖν
3159 1727 3322 1780 φησιν
3368 1713 3395 1764 6
3434 1711 3688 1780 Ἰωάννης
3740 1710 3923 1764 αίτίαν

2334 1794 2429 1848 τοῦ
2476 1794 2848 1865 βαπτίσματος
2898 1790 3034 1847 εἶναι
3075 1794 3298 1858 τούτους
3331 1796 3448 1847 Ἰνα
3483 1794 3762 1864 γνωρισθῇ
3812 1794 3925 1856 τοῖς

2335 1879 2570 1942 πολλοῖς,
2605 1877 2784 1941 καθὼς
2815 1878 2910 1930 καὶ
2949 1879 2978 1930 6
3013 1878 3222 1941 Παῦλος
3264 1877 3473 1945 ἔλεγεν,
3514 1877 3597 1929 ὅτι
3650 1876 3926 1943 Ἰωάννης

2330 1961 2447 2029 μὲν
2472 1960 2754 2014 ἐϐάπτισε
2775 1958 3095 2028 βάπτισμα
3129 1959 3474 2028 μετανοίας,
3502 1961 3592 2023 είς
3619 1957 3729 2012 τὸν
3758 1959 3928 2027 ἐρχό-

2332 2060 2521 2112 μενον
2558 2042 2684 2111 μετ’
2719 2042 2906 2094 αὑτὸν
2947 2041 3048 2095 ἵνα
3086 2043 3532 2095 πιστεύσωσιν·
3561 2039 3723 2094 τοῦτο
3771 2037 3842 2113 ἦν
3865 2040 3927 2094 τὺ

2338 2126 2668 2196 κατόρθωμα
2697 2123 2789 2178 τοῦ
2841 2123 3237 2193 βαπτίσματος.
3287 2124 3359 2177 Τὸ
3407 2124 3508 2192 μὲν
3550 2123 3660 2193 γάρ
3702 2123 3785 2185 είς
3828 2123 3929 2191 τὴν

2337 2209 2569 2262 ἑκάστου
2599 2208 2870 2277 περιιέναι
2899 2207 3095 2270 οἰκίαν,
3124 2207 3217 2260 καὶ¹
3254 2209 3373 2269 ταῖς
3400 2205 3594 2276 θύραις
3634 2205 3932 2276 προσιόντα

2337 2290 2525 2343 καλεῖν
2563 2289 2669 2354 ἔξω
2714 2291 2808 2342 καὶ
2858 2289 3036 2357 λέγειν
3071 2289 3370 2357 κατέχοντα
3415 2289 3507 2340 τὸν
3556 2288 3817 2359 Χριστὸν,
3847 2287 3930 2341 ὅτι

2336 2365 2492 2436 οὗτός
2542 2373 2689 2426 ἐστιν
2719 2375 2745 2424 6
2779 2371 2907 2434 Υἱὸς
2956 2370 3050 2424 τοῦ
3099 2369 3259 2432 Θεοῦ,
3309 2369 3550 2423 ὕποπτον
3608 2368 3783 2423 ἐποίει
3832 2368 3930 2439 τὴν

2342 2455 2644 2526 μαρτυρίαν
2689 2455 2782 2507 καὶ
2826 2453 3030 2523 σφόδρα
3074 2452 3310 2524 ἐργῶδες
3343 2449 3444 2524 ἦν·
3490 2454 3553 2505 τδ
3593 2452 3650 2504 δὲ
3694 2450 3933 2505 λαϐόντα

2340 2537 2502 2593 πάλιν
2535 2538 2615 2601 είς
2666 2535 2763 2606 τὴν
2813 2535 3135 2606 συναγωγὴν
3182 2535 3444 2588 εἰσελθεῖν
3486 2535 3581 2587 καὶ
3633 2534 3930 2598 δεικνύειν,

2339 2622 2432 2676 καὶ
2463 2620 2622 2675 τοῦτο
2653 2619 2785 2673 αὐτὸ
2830 2619 3030 2688 ὁμοίως
3065 2618 3306 2672 ὕποπτον
3347 2618 3521 2671 ἐποίει
3565 2618 3665 2686 τὴν
3716 2635 3932 2689 μαρτυ-

2341 2704 2466 2775 ρίαν
2503 2704 2668 2756 πάλιν
2688 2717 2703 2732 ·
2735 2700 2795 2754 τὸ
2827 2700 2886 2754 δὲ
2913 2699 3023 2755 τῶν
3063 2700 3251 2770 δήμων
3285 2701 3540 2754 ἁπάντων
3582 2700 3641 2765 ἐξ
3687 2701 3933 2770 ἑκάστης

2339 2785 2546 2848 πόλεως
2574 2784 2913 2855 ἐκχυθέντων
2941 2784 3036 2836 ἐπὶ
3073 2783 3164 2836 τὸν
3204 2783 3495 2855 Ἰορδάνην,
3526 2784 3622 2836 καὶ
3657 2784 3788 2854 περὶ
3832 2784 3934 2846 τὰς

2339 2867 2504 2939 ὄχθας
2537 2867 2922 2938 διατριβόντων
2953 2865 3050 2920 τοῦ
3079 2865 3350 2937 ποταμοῦ,
3380 2865 3605 2920 ἐλθόντα
3644 2867 3740 2919 καὶ
3769 2866 3933 2921 αὐτὸν

2339 2953 2433 3006 ἐπὶ
2475 2953 2538 3005 τδ
2586 2947 2977 3022 βαπτισθῆναι,
3004 2949 3263 3015 δέξασθαι
3292 2949 3390 3019 τὴν
3431 2949 3638 3003 ἄνωθεν
3669 2949 3932 3003 σύστασιν

2339 3035 2437 3106 τὴν
2469 3034 2558 3088 διά
2589 3035 2686 3104 τῆς
2724 3033 2907 3104 φωνῆς
2944 3032 3039 3085 τοῦ
3073 3033 3309 3104 Πατρὸς,
3341 3031 3440 3103 τὴν
3467 3032 3556 3086 διὰ
3587 3033 3689 3100 τῆς
3719 3036 3934 3101 ἐπιφοι-

2339 3119 2551 3189 τήσεως
2605 3114 2702 3168 τοῦ
2753 3115 3067 3185 Πνεύματος
3118 3116 3319 3184 τῆςιὲν
3373 3115 3504 3169 εῖδει
3559 3118 3931 3187 περιστερᾶς,

2340 3200 2646 3253 ἀνύποπτον
2669 3199 2842 3252 ἐποίει
2871 3198 3123 3266 γενέσθαι
3145 3199 3244 3270 τὴν
3279 3198 3526 3252 Ἰωάννου
3550 3198 3649 3269 τὴν
3674 3200 3762 3251 ἐπ’
3783 3199 3933 3269 αὐτῷ

2343 3283 2671 3353 μαρτυρίαν.
2701 3282 2799 3335 Διὰ
2832 3281 3012 3346 τοῦτο,
3041 3280 3235 3351 Κάγὼ,
3268 3282 3456 3351 φησὶν,
3483 3283 3595 3335 οὐκ
3625 3280 3798 3350 ᾔδειν
3829 3284 3937 3336 αὐ-

2340 3366 2467 3430 τὸν,
2519 3367 2833 3431 ἀξιόπιστον
2875 3365 2974 3436 τὴν
3019 3365 3214 3417 ἑαυτοῦ
3268 3365 3542 3418 καθιστῶν
3601 3366 3934 3436 μαρτυρίαν.

2356 3448 2573 3520 Ἐπειδὴ
2624 3449 2733 3519 γὰρ
2769 3452 3052 3517 συγγενεῖς
3103 3445 3241 3519 ἦσαν
3293 3447 3535 3519 ἀλλήλων
3566 3449 3711 3502 κατὰ
3757 3451 3938 3521 σάρκα

2345 3531 2526 3603 (Ἰδοὺ
2554 3531 2684 3601 γὰρ,
2713 3531 2903 3603 φησιν,
2933 3530 3244 3586 Ἐλισάσετ
3270 3533 3308 3600 ὴ
3339 3531 3648 3601 συγγενής
3671 3548 3814 3594 σου,
3837 3532 3936 3588 καί

2343 3615 2496 3684 αὐτὴ
2528 3614 2935 3683 συνειληφυῖα
2969 3613 3123 3679 υἱὸν,
3155 3619 3222 3686 τῇ
3259 3616 3493 3686 Μαριάμ
3524 3632 3691 3685 φησιν
3712 3618 3743 3669 ό
3770 3617 3940 3686 άγγε-

2341 3697 2434 3762 λος
2486 3697 2612 3768 περὶ
2659 3697 2762 3766 τῆς
2803 3698 3008 3769 μητρὸς
3061 3699 3341 3752 Ἰωάννου·
3389 3699 3437 3751 εἰ
3488 3698 3547 3752 δὲ
3589 3700 3645 3751 αί
3683 3699 3938 3772 -μητέρες

2346 3783 2625 3850 συγγενεῖς
2648 3781 2675 3820 ιι
2705 3777 2867 3850 ἦσαν,
2904 3779 3126 3850 εῦδηλον
3161 3781 3243 3834 ὅτι
3276 3781 3370 3834 καὶ¹
3409 3781 3480 3834 τά
3517 3782 3732 3836 παιδίαὶ
3758 3799 3771 3813 ·
3816 3785 3939 3839 ἐπεὶ

2343 3860 2435 3917 οὖν
2465 3867 2746 3932 συγγενεῖς
2777 3860 2938 3934 ἦσαν,
2980 3865 3069 3917 ἵνα
3105 3865 3180 3935 μὴ
3203 3864 3292 3918 διά
3321 3866 3420 3934 τὴν
3454 3865 3780 3932 συγγένειαν
3812 3865 3937 3935 δόξῃ

2301 4003 2304 4008 _
2348 3948 2644 4018 μαρτυρεῖν
2673 3944 2750 4016 τῷ
2784 3947 3026 4017 Χριστῷ,
3054 3947 3460 4018 ᾡκονὸμησενὴ
3492 3945 3588 4000 τοῦ
3613 3947 3937 4019 Πνεύματος

2344 4029 2505 4100 χάρις
2556 4031 2736 4083 πᾶσαν
2789 4031 2886 4102 τὴν
2941 4028 3169 4102 πρώτην
3228 4030 3444 4102 ἡλικίαν
3492 4033 3551 4083 ἐν
3600 4033 3796 4102 ἐρήμῳ
3844 4033 3938 4085 τὸν

2357 4113 2610 4182 Ἰωάννην
2667 4111 2893 4180 διάγειν,
2943 4113 3029 4167 ἵνα
3085 4113 3160 4184 μὴ
3213 4112 3304 4166 διά
3345 4112 3531 4181 φιλίαν
3572 4112 3606 4182 ἢ
3665 4115 3730 4166 ἐκ
3769 4129 3937 4167 καταο

2347 4195 2550 4266 σκευῆς
2597 4213 2741 4259 τινος
2781 4195 3039 4267 τοιαύτης
3085 4197 3118 4266 ἡ
3175 4195 3450 4267 μαρτυρία
3493 4194 3739 4264 γίνεσθαι
3774 4197 3937 4269 δόξῃ»

2345 4278 2460 4333 ἀλλ’
2484 4279 2558 4342 ὡς
2599 4279 2752 4352 παρά
2781 4278 2876 4332 τοῦ
2909 4279 3045 4332 Θεοῦ
3081 4277 3293 4350 μαθὼν,
3328 4277 3504 4342 οὕτως
3533 4278 3693 4332 αὐτὸν
3730 4298 3940 4351 καταγ-

2346 4362 2523 4434 γείλῃ.
2569 4362 2668 4416 Διά
2709 4361 2870 4416 τοῦτό
2925 4378 3090 4434 φησι·
3137 4359 3314 4428 Κάγὼ
3349 4362 3464 4416 οὐκ
3516 4360 3690 4431 ᾔδειν
3725 4365 3936 4418 αὐτόν.

2347 4444 2518 4498 Πόθεν
2565 4441 2658 4499 οὖν
2706 4443 2940 4516 ἔμαθεςς
2976 4444 3030 4498 Ὁ
3076 4445 3323 4513 πέμψας
3362 4460 3460 4512 με,
3507 4445 3672 4516 φησὶ,
3714 4447 3940 4512 βαπτί-

2346 4526 2464 4589 ζειν
2483 4528 2552 4581 ἐν
2574 4526 2767 4592 ὕδατι,
2796 4527 3030 4592 ἐκεῖνός
3057 4545 3160 4596 μοι
3189 4523 3340 4582 εἷπε.
3369 4526 3435 4580 Τί
3468 4543 3549 4580 σοι
3569 4523 3725 4582 εἶπεν
3749 4545 3764 4593 ;
3816 4531 3938 4601 Ἐφ’

2344 4612 2418 4666 ὃν
2459 4610 2536 4666 ἂν
2589 4610 2723 4680 Ζδῃς
2773 4611 2840 4664 τὸ
2887 4611 3131 4679 Πνεῦμα
3168 4609 3535 4666 καταϐαῖνον
3574 4610 3719 4665 ὡσεί
3767 4629 3938 4682 περι-

2346 4695 2589 4762 στερὰν,
2612 4695 2710 4749 καὶ
2741 4693 2933 4762 μένον
2963 4694 3056 4747 ἐπ’
3086 4696 3292 4759 αὐτὸν,
3320 4694 3508 4760 αὑτός
3549 4693 3723 4748 ἐστιν
3748 4698 3782 4751 ό
3815 4699 3941 4763 ,ϐα-

2346 4777 2560 4838 πτίζων
2599 4779 2670 4831 ἐν
2717 4779 3014 4848 Πνεύματι
3073 4778 3236 4849 ἁγίῳ.
3295 4775 3450 4851 Ὁρᾷς
3499 4781 3581 4835 ὅτι
3637 4780 3728 4834 διὰ
3774 4780 3940 4836 τοῦτο

2344 4857 2476 4932 ἦλθε
2510 4860 2570 4914 τὸ
2608 4860 2831 4931 Πνεῦμα
2864 4862 2926 4914 τδ
2970 4861 3144 4929 ἅγιον,
3173 4863 3271 4933 οὑχ
3299 4865 3376 4928 ὡς
3405 4866 3528 4920 τότε
3559 4865 3776 4938 πρῶτον
3815 4869 3940 4921 ἐπι-

2346 4944 2631 5014 φοιτῆσαν,
2676 4943 2792 4996 ἀλλ’
2831 4945 2917 4998 ἵνα
2954 4945 3102 5018 δείξῃ
3150 4946 3241 5000 τὸν
3273 4950 3697 5020 κηρυττόμενον,
3741 4949 3938 5023 ὥσπερ

2345 5028 2590 5099 δακτύλῳ
2653 5029 2762 5081 τινὶ
2819 5031 2884 5100 τῇ
2947 5029 3146 5099 πτήσει
3211 5032 3378 5083 πᾶσιν
3439 5031 3602 5085 αὐτὸν
3654 5031 3937 5106 γνώριμον

2345 5111 2569 5176 ποιοῦν;
2603 5111 2702 5164 Διὰ
2736 5110 2896 5168 τοῦτο
2942 5109 3124 5165 τοίνυν
3152 5107 3316 5181 ἦλθεν
3369 5111 3463 5166 ἐπὶ
3517 5112 3578 5167 τὸ
3621 5112 3932 5186 βάπτισμα.

2346 5196 2454 5248 Καὶ
2497 5195 2563 5249 δι’
2593 5195 2786 5266 ἑτέραν
2825 5195 2882 5247 δὲ
2921 5194 3123 5257 αἰτίαν,
3164 5196 3233 5267 ῆν
3278 5197 3441 5261 αὑτός
3474 5213 3639 5269 φησι·
3671 5197 3837 5252 ποίαν
3868 5198 3934 5270 δὴ

2343 5279 2584 5350 ταύτην;
2617 5278 2724 5331 Τοῦ
2759 5279 3006 5332 Ἰωάννου
3052 5280 3326 5346 εἰπόντος,
3367 5281 3511 5350 Ἐγὼ
3551 5282 3766 5351 χρείαν
3818 5285 3940 5356 ἔχω

2343 5363 2464 5418 ὑπὸ
2499 5363 2614 5416 σοῦ
2668 5360 3116 5430 βαπτισθῆναι,
3165 5365 3265 5419 καί
3315 5364 3396 5420 σὺ
3439 5365 3588 5434 ἔρχῃ
3635 5367 3785 5432 πρός
3824 5386 3938 5442 με;

2345 5447 2508 5508 αὐτὸς
2560 5446 2894 5512 ἁπεκρίνατο
2931 5445 3140 5516 λέγων·
3189 5449 3366 5520 Ἄφες
3415 5448 3583 5518 ἄρτι·
3619 5453 3775 5508 οὕτω
3825 5449 3937 5519 τὰρ

2345 5531 2577 5596 πρέπον
2615 5529 2789 5583 ἐστὶν
2829 5528 2976 5599 ἡμῖν
3014 5530 3330 5602 πληρῶσαι
3375 5531 3584 5590 πᾶσαν
3624 5533 3932 5590 δικαιοσύ-

2407 5777 2438 5820 ι
2459 5776 2595 5828 Unus
2610 5777 2765 5829 codex
2792 5786 2848 5829 ει
2877 5778 3030 5828 Savil.
3057 5781 3336 5843 συγγενίδας.
