4164 6324
658 355 762 407 δϋῧ

659 466 795 520 enim
819 466 957 519 decet
985 480 1075 519 nos
1102 463 1524 535 implereonmem
1543 460 1806 533 justitiam
1833 458 2046 531 (Matth.
2069 458 2123 513 ὃ.
2154 457 2241 513 η.

664 556 779 627 15).
811 554 1002 610 Vidisti
1050 552 1367 610 modestiam
1406 551 1624 607 famuli?
1672 551 1849 607 vidisti
1892 548 2099 605 Domini
2148 548 2244 602 hu-

659 644 975 699 militatem?
1016 643 1153 714 Quid
1198 644 1411 700 tandem
1447 651 1565 709 est,
1613 642 1836 713 Implere
1869 656 2066 696 omnem
2084 640 2245 711 justi-

656 737 819 790 tiam!
840 736 1048 792 Justitia
1075 737 1268 793 dicitur
1286 737 1524 791 omnium
1553 734 1649 790 Dei
1679 733 2049 790 mandatorum
2075 730 2248 786 adim-

657 829 859 899 pletio,
896 840 948 886 ut
995 845 1117 883 cum
1161 829 1235 882 ait
1269 846 1280 881 :
1315 827 1478 881 Erant
1504 828 1634 898 justi
1673 825 1819 879 ambo
1860 808 2245 878 incedentes‘in

656 921 912 975 natiuitatis
960 919 1167 973 Domini
1211 920 1319 973 sine
1365 919 1567 989 querela
1610 916 1766 987 (Luc.
1810 917 1860 970 Ι.
1910 914 1987 986 ὃ).
2021 913 2245 984 Quando

658 1009 823 1078 igitur
870 1008 1132 1079 justitiam
1187 1010 1341 1063 istam
1380 1009 1617 1081 implere
1667 1006 1913 1076 homines
1965 1004 2247 1076 Oportebat

660 1116 883 1165 omnes,
926 1116 1083 1157 nemo
1108 1113 1284 1156 autem
1316 1101 1459 1156 illam
1499 1099 1723 1171 perfecit
1750 1114 1850 1154 nec
1877 1099 2144 1169 explevit,
2188 1105 2246 1152 ut

659 1193 803 1247 venit
820 1191 1083 1259 Christus,
1118 1192 1257 1248 hanc
1280 1193 1539 1262 justitiam
1570 1192 1771 1263 implet.

727 1284 780 1338 4.
825 1282 1091 1350 Quomodo
1128 1284 1358 1338 Christus
1379 1284 1601 1355 implevit
1630 1300 1830 1337 onmem
1865 1282 2146 1353 justitiam.
2173 1311 2245 1322 -—

658 1373 915 1440 Quantam
937 1388 1100 1445 porro
1126 1375 1239 1429 haec
1266 1383 1351 1429 est
1366 1374 1592 1443 iustitia,
1620 1373 1763 1430 dicet
1787 1374 1979 1443 aliquis
2001 1412 2016 1435 ,
2066 1372 2243 1443 bapti-

657 1464 807 1518 zari?
839 1463 1121 1535 Pmpbetae
1150 1465 1556 1535 parcrejustitia
1577 1460 1803 1521 eratrut
1834 1466 1991 1536 igitur
2011 1465 2243 1520 circum-

656 1572 801 1613 casus
822 1566 904 1612 est
932 1567 985 1613 et
1010 1558 1334 1614 sacriﬁcium
1355 1560 1569 1627 obtulit,
1602 1558 1891 1615 etsabbata
1943 1557 2245 1613 observavit

658 1662 712 1706 ct
754 1652 1003 1709 Judaicas
1047 1652 1363 1711 festivitates
1414 1652 1703 1725 implevit:
1737 1654 1809 1709 ita
1855 1661 1909 1708 et
1955 1651 2056 1707 hoc
2102 1650 2244 1721 quod

658 1728 892 1800 restabat
925 1745 1191 1816 adjunxit.
1219 1756 1279 1803 ut
1304 1746 1585 1819 propheta
1632 1745 1923 1816 baptizanti
1973 1744 2237 1801 ohediret.

560 1874 569 1881 ι
658 1833 788 1888 Nam
818 1846 875 1889 ut
899 1835 988 1891 Dei
1018 1839 1348 1893 voluntatem
1407 1837 1574 1895 fuisse
1616 1837 1790 1904 scias,
1823 1845 1881 1891 ut
1912 1844 2022 1890 tum
2071 1835 2244 1904 bapti-

656 1941 833 1980 smum
861 1928 1191 1996 susciperent
1224 1943 1430 1995 omnes,
1464 1929 1587 1983 audi
1609 1927 1734 1999 quid
1776 1928 1921 1983 dicat
1964 1927 2198 1982 Joannes
2228 1946 2242 1981 :

660 2016 762 2081 Qui
786 2019 918 2071 misit
940 2034 1019 2071 me
1034 2020 1289 2091 baptizare
1314 2020 1366 2073 in
1386 2036 1519 2088 aqua
1536 2019 1713 2092 (Joan.
1730 2020 1753 2074 Ι
1769 2060 1781 2073 .
1802 2017 1929 2091 33);
1971 2027 2025 2073 et
2059 2032 2245 2073 rursus

658 2106 922 2171 Christus.
952 2108 1222 2163 Publiceni
1251 2120 1301 2164 et
1332 2112 1480 2165 turba
1524 2111 1934 2180 justiﬁcaummt
1961 2108 2124 2163 Deum
2152 2109 2245 2162 ba-

648 2201 837 2268 .ptisati
864 2201 1114 2272 baptismo
1137 2202 1176 2256 .1
1178 2205 1360 2258 cannis
1380 2219 1398 2257 :
1422 2201 1674 2258 Pharisaei
1690 2213 1857 2257 autem
1873 2212 1920 2256 et
1938 2202 2114 2258 scriba:
2132 2218 2247 2255 con-

657 2290 828 2344 silium
859 2290 954 2345 Dei
969 2302 1259 2363 spreveruut
1281 2311 1382 2349 non
1409 2295 1650 2365 baptizati
1673 2295 1735 2347 ab
1761 2310 1819 2349 eo
1867 2292 2018 2364 (Luc.
2065 2293 2116 2345 7.
2150 2291 2239 2346 29.

656 2383 771 2453 30).
803 2382 857 2440 Si
884 2400 1011 2457 ergo
1025 2386 1231 2457 justitia
1260 2399 1343 2443 est
1372 2386 1482 2443 Deo
1504 2402 1711 2457 parere,
1738 2387 1877 2442 Deus
1930 2396 2107 2441 autem
2147 2384 2243 2440 Jo-

660 2488 853 2529 annem
877 2476 1041 2541 misit,
1066 2485 1123 2533 ut
1138 2479 1401 2550 populum
1428 2478 1742 2548 baptizaret,
1774 2493 1895 2535 cum
1929 2479 2139 2533 caneris
2166 2474 2243 2532 le-

659 2565 741 2631 gis
763 2569 1042 2636 prmeeptis
1068 2567 1169 2623 hoc
1193 2571 1354 2625 etiam
1381 2568 1951 2641 Christusimplevit..F
1957 2570 2076 2640 inge
2089 2570 2246 2639 igitur

657 2656 915 2714 ducentos
941 2673 1061 2716 esse
1081 2660 1331 2717 denarios
1368 2662 1613 2718 mandata
1641 2662 1809 2733 legis;
1854 2661 1956 2717 hoc
2004 2661 2245 2716 debitum

655 2762 824 2817 genus
854 2758 1097 2805 nostrum
1150 2751 1455 2821 persolvere
1498 2753 1817 2823 oportebat:
1851 2768 1955 2807 non
1990 2752 2246 2821 persolvi-

659 2854 776 2893 mus
804 2856 818 2891 :
852 2841 1134 2896 coercebat
1163 2858 1260 2897 nos
1281 2857 1427 2898 mors
1449 2844 1712 2898 obnox.os
1748 2843 1864 2899 istis
1910 2843 2241 2899 criminibus.

656 2931 790 2987 Cum
815 2934 1052 2989 venisset
1078 2935 1321 2991 Christus
1348 2951 1553 3007 nosque
1579 2938 1844 2993 coercitos
1895 2935 2243 3003 offendisset,

658 3038 734 3078 ωε
762 3024 995 3080 alienum
1022 3025 1286 3095 dissolvit,
1311 3026 1549 3083 debitum
1580 3027 1709 3083 illud
1737 3027 2001 3097 implevit,
2051 3035 2107 3084 et
2150 3041 2246 3084 eos

656 3116 748 3184 qui
774 3115 1035 3172 solvendo
1066 3131 1172 3173 non
1199 3125 1354 3173 erant
1380 3118 1649 3174 liberavit.
1680 3116 1887 3174 ideirco
1906 3132 2014 3174 non
2061 3116 2197 3173 dixit
2225 3159 2242 3187 ,

657 3206 822 3263 Decet
836 3223 933 3263 nos
949 3207 1053 3263 hoc
1067 3209 1153 3264 vel
1170 3209 1298 3265 illud
1314 3209 1513 3277 facere,
1528 3208 1873 3279 sed,lmplere
1882 3226 2081 3265 omnem
2082 3209 2246 3280 justi-

657 3298 781 3351 tiam
800 3297 1016 3369 (lauit.
1040 3300 1094 3354 3.
1124 3300 1236 3370 15).
1261 3300 1347 3356 Me
1374 3300 1658 3355 Dominum
1693 3299 1867 3365 decet,
1914 3300 2105 3371 inquit,
2152 3315 2244 3371 qm

661 3391 832 3448 habeo
850 3406 947 3464 pro
973 3394 1058 3461 iis,
1080 3394 1174 3463 qui
1204 3409 1311 3448 non
1334 3393 1553 3461 habent,
1580 3394 1887 3463 persolvere
1927 3410 1941 3447 :
1995 3392 2111 3449 lucc
2160 3401 2245 3447 est

658 3483 991 3556 baptismatis
1000 3485 1234 3552 occasio,
1247 3496 1305 3541 ut
1318 3486 1491 3557 legem
1513 3500 1727 3542 omnem
1743 3485 1983 3541 videatur
1996 3485 2241 3556 implere,

655 3586 712 3631 ct
732 3577 875 3643 haec,
904 3586 961 3633 et
982 3578 1069 3633 illa
1099 3593 1261 3635 musa
1291 3587 1394 3645 est,
1417 3594 1538 3650 qua:
1567 3588 1692 3635 ante
1735 3579 1893 3634 istam
1937 3588 2019 3634 est
2059 3579 2238 3634 allata.

658 3666 999 3739 Quapropter
1025 3678 1080 3725 et
1099 3669 1332 3739 Spiritus
1362 3669 1414 3724 in
1440 3669 1622 3740 specie
1646 3669 1910 3726 columbae
1925 3667 2239 3725 descendit:

656 3757 749 3815 ubi
772 3759 917 3816 enim
948 3770 1032 3815 est
1048 3760 1420 3816 reconciliatio
1448 3761 1562 3827 Dei,
1589 3762 1660 3815 ibi
1700 3770 1755 3816 et
1781 3761 2053 3817 columba.
2105 3760 2241 3815 Nam

656 3862 874 3907 ctarcte
900 3850 1013 3907 Noe
1045 3862 1285 3923 tempore
1310 3867 1520 3907 ramum
1548 3862 1769 3924 gestans
1810 3852 1965 3906 olivae
1993 3852 2241 3908 columba

658 3945 803 3999 venit
823 3945 1015 4000 div-inte
1040 3944 1389 4016 benignitatis
1415 3946 1624 4016 signum
1663 3944 2102 4014 tempestatisque
2151 3959 2242 3999 se-

658 4034 796 4089 data:
822 4032 1028 4105 (Cenes.
1058 4035 1116 4104 8)
1142 4052 1157 4090 :
1187 4050 1329 4091 nunc
1357 4050 1571 4106 quoque
1611 4035 1665 4089 in
1704 4036 1887 4104 specie
1938 4035 2198 4089 colan
2219 4077 2238 4101 ,

660 4142 763 4181 non
790 4128 843 4181 in
871 4124 1097 4197 corpore
1132 4128 1271 4198 (hoc
1294 4128 1438 4183 enim
1465 4127 1651 4183 sedulo
1668 4126 1957 4183 notandum
1976 4126 2118 4199 est),
2150 4142 2243 4184 ve-

658 4220 734 4273 nit
758 4218 987 4288 Spiritus
1012 4218 1121 4285 Dei,
1143 4220 1460 4275 denuntians
1480 4221 1902 4276 misericordiam
1917 4221 2033 4275 orbi
2062 4230 2236 4277 terra-

656 4326 795 4376 rum,
828 4312 1090 4382 simulque
1116 4313 1285 4367 virum
1313 4312 1646 4381 spiritualem
1664 4312 1952 4383 designans
1979 4314 2239 4369 innocen-

661 4414 765 4459 tem
788 4419 850 4459 ac
870 4405 1191 4473 simplicem,
1224 4404 1544 4474 minimeque
1578 4406 1774 4459 malum
1803 4419 1925 4461 esse
1944 4415 2193 4475 Oportcre
2220 4423 2236 4461 :

653 4495 1103 4563 quemadmodum
1129 4505 1183 4549 et
1202 4493 1450 4552 Christus
1478 4496 1572 4561 ait,
1610 4494 1726 4551 Nisi
1754 4497 1983 4551 conversi
2013 4498 2233 4567 fueritis,

655 4598 701 4641 et
730 4588 1015 4657 eﬁiciamini
1042 4588 1173 4640 sicut
1202 4588 1431 4656 parvuli,
1484 4605 1586 4641 non
1636 4588 1884 4643 intrabitis
1934 4590 1986 4642 in
2025 4606 2237 4660 regnum

653 4678 894 4732 celerum
914 4678 1127 4750 (Matth.
1157 4679 1242 4733 18.
1276 4680 1355 4745 5).
1386 4680 1558 4748 Atque
1580 4680 1670 4735 illa
1694 4679 1908 4749 quidem
1934 4695 2077 4745 arca,
2099 4691 2233 4735 tem-

654 4779 860 4839 pestate
889 4771 1089 4834 sedata,
1116 4771 1313 4824 mansit
1338 4772 1389 4824 in
1421 4774 1597 4837 terris,
1632 4772 1746 4827 haec
1772 4786 1900 4827 vero
1920 4788 2041 4828 arca
2057 4774 2237 4828 divina

656 4861 927 4916 iracundia
948 4860 1153 4928 sedata,
1185 4860 1236 4916 in
1267 4862 1457 4916 caelum
1488 4864 1705 4930 abrepta
1733 4874 1845 4929 est,
1892 4873 1945 4918 et
1973 4878 2112 4918 nunc
2156 4874 2239 4919 est

655 4954 705 5007 in
738 4953 954 5008 dextera
999 4952 1169 5008 Patris
1208 4952 1609 5011 immaculatum
1655 4954 1780 5009 illud
1808 4965 1862 5011 et
1900 4957 2233 5026 impollutam

652 5060 866 5113 corpus.

726 5135 803 5187 De
827 5136 1100 5190 reverentia
1120 5152 1278 5191 sacra:
1324 5135 1661 5191 Eucharistite
1704 5128 2001 5192 exhibenda.
2035 5171 2103 5181 —
2133 5140 2235 5196 Ve-

653 5220 1049 5284 rumcnimvero
1096 5229 1309 5299 quando
1334 5228 1401 5283 de
1444 5229 1653 5284 Domini
1703 5243 1930 5300 corpore
1976 5231 2114 5287 facta
2151 5241 2235 5288 est

652 5320 874 5386 mentio,
899 5333 1076 5388 operte
1122 5319 1346 5388 pretium
1374 5329 1477 5385 est,
1506 5329 1562 5373 ut
1592 5319 1680 5373 ubi
1710 5320 1777 5375 de
1793 5334 1857 5375 eo
1887 5333 2053 5389 pauca
2097 5323 2234 5391 apud

649 5424 746 5463 vos
772 5409 1216 5476 disseruerimus,
1260 5410 1485 5464 orationi
1535 5410 1696 5465 tinem
1728 5409 2081 5480 imponamus.
2112 5412 2236 5467 Scio

651 5501 764 5556 lore
788 5500 1243 5570 utquamplurimi
1270 5501 1408 5571 apud
1459 5516 1559 5556 nos
1598 5517 1662 5557 ex
1687 5500 1806 5556 festi
1848 5502 2237 5559 consuetudine

649 5594 714 5647 ad
744 5608 948 5649 sacram
972 5592 1110 5647 hanc
1136 5607 1373 5647 mensam
1407 5602 1692 5650 accurrunt
1717 5614 1728 5648 :
1754 5608 1882 5649 sane
1905 5594 2116 5663 quidem
2145 5609 2238 5650 ex-

651 5686 878 5755 pediret,
905 5684 955 5738 id
978 5682 1123 5754 quod
1146 5683 1278 5737 alias
1311 5698 1451 5753 smpe
1471 5682 1579 5737 dixi
1596 5726 1609 5749 ,
1639 5695 1695 5738 ut
1720 5684 1850 5740 festa
1898 5700 2231 5755 nequaquam

658 5777 1091 5844 observarentur,
1111 5774 1322 5846 quando
1348 5778 1741 5833 communicare
1768 5792 1902 5847 opus
1927 5787 2088 5845 esset,
2141 5779 2237 5836 sed

1410 347 1464 403 S.
1505 341 1785 403 JOANNIS
1818 342 2301 403 ειιῐιγεοετοιιι
2340 344 2661 403 ARCIIIEP.
2702 347 3241 408 CONSTANTINOP.

3841 333 3945 386 570

2358 461 2418 509 ut
2445 456 2775 512 conscientia
2804 456 3177 526 mandaretur,
3206 474 3272 515 ac
3299 469 3412 515 tum
3433 469 3678 519 sanctum
3697 462 3843 519 istud
3856 478 3943 518 sa-

2354 545 2616 603 criﬁcium
2642 549 2996 621 attingeretur
3018 570 3034 617 ;
3059 552 3150 622 qui
3177 553 3325 608 enim
3353 553 3639 625 piacularia
3658 565 3816 611 estet
3841 556 3941 609 im-

2354 638 2603 704 mundus,
2617 654 2688 695 ne
2716 640 2769 695 in
2800 641 2937 697 festo
2949 641 3165 713 quidem
3186 657 3399 715 :equum
3418 653 3503 701 est
3518 652 3791 701 utsancta:
3806 646 3946 701 illius

2351 743 2415 784 ac
2437 731 2728 787 tremenda:
2754 734 2933 790 carnis
2964 735 3230 806 particeps
3256 735 3388 804 ﬁat;
3418 738 3509 808 qui
3536 752 3671 795 vero
3714 738 3946 794 mundus

2351 831 2455 888 est,
2483 832 2538 878 et
2564 834 2810 879 accurata
2828 826 3142 896 pmoitentia
3171 827 3364 884 delicta
3391 829 3665 894 abstersit,
3721 846 3846 886 cum
3892 832 3944 885 in

2351 913 2708 979 solemnitate,
2735 925 2846 969 tum
2870 931 3086 987 semper
3112 918 3308 988 dignus
3328 918 3518 985 fuerit,
3552 919 3646 991 qui
3673 922 3944 991 mySteriis

2350 1005 2547 1063 divinis
2572 1010 2960 1075 communicet,
3011 1025 3075 1065 ac
3128 1010 3221 1066 Dei
3268 1009 3429 1067 donis
3470 1012 3796 1081 perfruatur.
3839 1013 3944 1069 Sed

2349 1098 2602 1167 quoniam
2628 1097 2731 1153 hoc
2756 1100 2940 1156 nescio
2960 1116 3066 1169 quo
3084 1110 3238 1170 pacto
3254 1102 3542 1173 negligitur
3554 1117 3583 1156 a
3600 1103 3943 1173 quibusdam,

2350 1188 2609 1258 multique
2652 1191 2922 1245 sexcentis
2954 1201 3224 1247 scatentes
3249 1192 3546 1247 sceleribus
3570 1207 3693 1248 cum
3743 1193 3944 1249 adven-

2352 1287 2465 1333 tare
2494 1279 2687 1335 festum
2713 1279 2980 1349 viderint,
3008 1290 3293 1355 tamquam,
3308 1282 3377 1338 ab
3407 1284 3519 1354 ipsa
3541 1284 3630 1339 die
3654 1286 3893 1355 protrusi
3921 1326 3937 1351 ,

2352 1372 2604 1440 mysteria
2622 1386 2775 1426 sacra
2792 1373 3129 1443 contingunt,
3150 1388 3270 1443 qua:
3294 1389 3359 1429 ne
3374 1375 3548 1430 oculis
3574 1375 3793 1446 quidem
3825 1390 3946 1432 eer-

2352 1476 2479 1515 nere
2501 1462 2579 1516 sic
2606 1462 2816 1518 atTectis
2840 1462 2919 1519 fas
2958 1473 3041 1519 est
3065 1481 3082 1519 :
3110 1478 3207 1519 eos
3255 1466 3494 1535 quidem,
3540 1467 3631 1538 qui
3672 1467 3944 1525 manifesti

2349 1564 2477 1606 sunt
2523 1554 2698 1621 nobis,
2746 1554 2904 1625 plane
2945 1555 3253 1611 arcebimus
3281 1574 3294 1608 :
3325 1571 3421 1612 eos
3472 1572 3603 1613 vero
3640 1560 3733 1629 qui
3786 1560 3946 1616 nobis

2352 1644 2518 1713 ignoti
2547 1654 2695 1712 sunt,
2747 1645 2856 1701 Deo
2877 1646 3243 1718 relinquemus
3263 1691 3279 1713 ,
3311 1648 3403 1718 qui
3450 1632 3647 1705 mentis
3684 1650 3945 1720 cujusque

2348 1747 2556 1792 secreta
2578 1739 2763 1793 novit:
2798 1737 2849 1794 id
2886 1739 3105 1811 quidem
3147 1750 3297 1796 certe
3327 1742 3380 1797 in
3421 1756 3531 1813 quo
3574 1742 3644 1798 ab
3692 1743 3945 1800 omnibus

2349 1838 2535 1900 aperte
2567 1840 2841 1899 peccatur,
2872 1830 3033 1887 hodie
3058 1832 3373 1887 conabimur
3398 1832 3707 1889 anendare.
3748 1833 3936 1901 Quod-

2348 1938 2472 1978 nam
2500 1922 2659 1992 igitur
2686 1920 2817 1976 illud
2865 1932 3145 1993 peccatum
3175 1923 3298 1978 est?
3327 1923 3483 1992 Quod
3530 1938 3653 1979 cum
3703 1933 3943 1981 tremore

2349 2030 2456 2069 non
2478 2016 2815 2085 accedamus,
2843 2018 2940 2075 sed
2982 2019 3220 2076 calcibus
3258 2020 3600 2089 impetentes,
3630 2019 3945 2091 perartien-

2352 2115 2450 2171 tes,
2479 2108 2554 2161 ira
2571 2118 2843 2179 turgentes
2858 2152 2871 2174 ,
2893 2112 3216 2178 clamantes,
3237 2112 3620 2181 conviciantes,
3638 2115 3946 2184 proximum

2352 2200 2648 2267 trudentes,
2679 2204 3084 2272 perturbatione
3109 2204 3318 2277 repleti.
3348 2204 3474 2262 Haec
3492 2214 3548 2261 et
3569 2220 3718 2277 smpe
3737 2206 3873 2275 dixi,
3890 2215 3949 2262 et

2347 2289 2530 2345 dicere
2558 2307 2662 2346 non
2678 2293 2925 2349 cessabo.
2950 2294 3139 2352 Nonne
3168 2296 3360 2352 videtis
3381 2298 3435 2352 in
3482 2297 3779 2369 Olympicis
3824 2312 3948 2353 cer-

2352 2381 2642 2437 taminibus
2662 2382 2789 2437 dum
2814 2391 2988 2453 capite
3012 2400 3267 2441 coronam
3290 2395 3525 2458 gestans,
3543 2388 3773 2442 amictus
3785 2388 3946 2453 stola,

2350 2472 2551 2543 virgam
2599 2490 2761 2529 manu
2790 2484 2979 2531 tenens
3003 2477 3327 2547 agonotheta
3357 2492 3454 2548 per
3493 2477 3669 2533 forum
3719 2477 3945 2544 incedit,

2348 2575 2543 2635 quanta
2568 2568 2641 2621 sit
2666 2570 3019 2638 tranquillitas
3044 2584 3107 2624 ac
3135 2569 3422 2637 modestia,
3452 2570 3579 2625 dum
3602 2584 3781 2640 praeco
3810 2584 3946 2625 voce

2350 2656 2653 2725 denuntiat,
2684 2670 2741 2715 ut
2770 2676 2960 2717 omnes
2983 2662 3178 2718 sileant
3221 2677 3287 2718 ac
3332 2664 3587 2719 decenter
3624 2660 3948 2733 quiescant?

2348 2752 2445 2806 Cui
2472 2753 2635 2823 igitur
2660 2769 2767 2810 non
2790 2755 3079 2811 absurdum
3104 2754 3373 2822 videatur,
3428 2766 3487 2811 ut
3528 2757 3618 2811 ubi
3645 2754 3947 2826 triumphat

2349 2845 2614 2914 diabolus,
2644 2848 2799 2917 quies
2818 2858 2964 2903 tanta
2995 2849 3093 2914 sit;
3120 2849 3211 2903 ubi
3233 2864 3363 2904 vero
3389 2849 3636 2904 Christus
3674 2849 3741 2904 ad
3766 2864 3946 2905 sevo-

2349 2947 2455 3004 cat,
2484 2937 2741 2994 tumultus
2771 2939 3032 3009 plurimus
3054 2940 3343 2995 audiatur?
3373 2938 3431 2995 In
3471 2939 3588 2995 foro
3625 2941 3903 2996 silentium
3923 2980 3943 3006 ,

2348 3037 2405 3083 et
2434 3029 2487 3082 in
2530 3028 2757 3084 ecclesia
2782 3028 3023 3085 clamor?
3054 3030 3106 3085 in
3148 3031 3339 3102 pelago
3366 3030 3745 3102 tranquillitas,
3778 3040 3839 3087 et
3884 3031 3943 3086 in

2350 3127 2505 3188 portu
2528 3118 2855 3190 tempestas?
2870 3119 3031 3189 Quid,
3048 3135 3249 3190 quarso,
3278 3119 3636 3185 tumultuaria,
3653 3120 3727 3175 mi
3744 3119 3912 3176 homo
3923 3122 3949 3175 ?

2347 3210 2472 3280 quid
2501 3219 2551 3265 te
2578 3210 2767 3281 urget?
2788 3211 3123 3281 negotiorum
3146 3212 3398 3267 nimirum
3423 3220 3615 3268 avocat
3637 3212 3948 3268 teneoessi-

2348 3309 2468 3355 tas:
2500 3316 2567 3355 an
2597 3317 2728 3358 vero
2758 3312 2814 3357 tu
2848 3302 2934 3357 illa
2959 3301 3055 3358 tibi
3077 3301 3210 3358 hora
3241 3302 3347 3357 ulla
3368 3317 3490 3358 esse
3526 3303 3739 3373 negotia
3799 3304 3948 3358 arbi-

2350 3391 2548 3446 traris?
2573 3407 2640 3447 an
2671 3404 2725 3447 tu
2750 3402 2803 3448 te
2827 3393 3050 3447 omnino
3092 3394 3143 3447 in
3172 3393 3332 3448 terris
3351 3407 3474 3448 csse
3501 3392 3838 3448 meministi?
3865 3408 3937 3448 an

2348 3491 2400 3536 te
2428 3497 2550 3536 cum
2579 3482 2890 3540 hominibus
2914 3485 3120 3539 versari
3145 3484 3376 3539 censes?
3403 3482 3535 3551 Quis
3564 3483 3668 3538 hoc
3696 3498 3805 3537 non
3850 3499 3945 3538 sa-

2346 3590 2463 3629 xea:
2489 3574 2688 3630 mentis
2715 3590 2837 3632 esse
2857 3576 3020 3643 dicat,
3058 3577 3150 3631 illo
3173 3592 3233 3631 se
3258 3585 3501 3648 tempore
3522 3577 3575 3630 in
3602 3579 3764 3633 terris
3814 3591 3946 3631 con-

2347 3666 2540 3721 sistere
2558 3666 2829 3731 arbitrari,
2858 3682 2966 3722 non
2990 3682 3112 3723 cum
3159 3668 3368 3739 angelis
3409 3667 3642 3723 choreas
3687 3667 3893 3722 ducere
3921 3708 3938 3732 ,

2347 3773 2469 3813 cum
2496 3758 2690 3829 quibus
2715 3760 2999 3831 mysticum
3028 3760 3177 3815 illum
3219 3760 3479 3832 hymnum
3522 3759 3890 3831 pronuntiasti
3922 3777 3940 3825 ;

2344 3864 2465 3904 cum
2497 3850 2692 3920 quibus
2717 3850 2829 3907 Deo
2855 3853 3122 3908 Canticum
3147 3852 3279 3907 illud
3297 3850 3620 3922 triumphale
3644 3850 3896 3906 cecinisti
3916 3850 3944 3905 ?

2347 3940 2638 4011 Propterea
2683 3950 2736 3997 et
2768 3957 2869 3997 nos
2908 3942 3117 4013 aquilas
3147 3941 3394 3998 Christus
3421 3942 3719 4013 appellavit
3744 3982 3761 4006 ,
3813 3955 3942 3996 cunt

2343 4032 2502 4097 dixit.
2533 4032 2630 4088 Ubi
2658 4034 2895 4100 cadauer,
2921 4034 2991 4088 ibi
3016 4032 3456 4106 congregabantur
3483 4042 3534 4086 et
3559 4031 3747 4101 aquila:
3765 4032 3786 4101 (
3806 4032 3938 4085 Luc.

2351 4126 2435 4180 t7.
2460 4126 2573 4195 57),
2607 4136 2665 4181 ut
2692 4128 2745 4181 in
2771 4128 2960 4181 caelum
2992 4127 3365 4189 ascendamus,
3398 4134 3457 4180 ut
3485 4126 3538 4180 in
3558 4125 3733 4179 altum
3755 4124 3944 4180 evole-

2345 4234 2465 4273 mus
2490 4219 2708 4289 spiritus
2731 4218 2919 4288 pennis
2940 4217 3214 4283 subvecti;
3247 4226 3303 4271 at
3335 4231 3434 4271 nos
3475 4227 3664 4271 contra
3714 4230 3944 4285 seapen-

2342 4322 2457 4368 tum
2482 4328 2631 4368 more
2670 4314 2818 4368 humi
2847 4313 3135 4381 serpimus,
3160 4321 3469 4379 terramque
3522 4307 3939 4364 manducamus.

2348 4402 2519 4458 Vultis
2537 4403 2709 4458 dicam
2729 4402 2872 4457 unde
2896 4400 3157 4456 tumultus
3183 4408 3241 4455 et
3280 4401 3487 4453 clamor
3513 4398 3755 4453 oriatur?
3783 4397 3941 4467 Quod

2344 4511 2451 4551 non
2468 4506 2579 4551 toto
2590 4497 2726 4550 sacri
2748 4505 2991 4565 tempore
3007 4491 3155 4548 vobis
3169 4491 3309 4548 fores
3326 4489 3692 4557 occludamus,
3704 4490 3944 4545 sedantc

2343 4597 2664 4656 postremam
2702 4587 2994 4657 gratiarum
3024 4586 3290 4638 actionem
3322 4582 3532 4638 resilire
3555 4580 3941 4649 vos,domum-

2344 4693 2450 4747 que
2475 4677 2655 4733 redire
2678 4676 2961 4747 patiamur,
2996 4673 3141 4745 quod
3169 4683 3225 4729 et
3249 4674 3425 4744 ipsum
3472 4687 3576 4727 non
3606 4672 3941 4728 mediocrem

2343 4778 2709 4840 contemptum
2735 4767 2922 4822 habet.
2958 4766 3097 4832 Quid
3140 4765 3291 4830 facis,
3322 4765 3394 4819 mi
3426 4763 3618 4818 homo?
3662 4763 3944 4821 Prmsente

2343 4858 2576 4926 Christo,
2609 4858 2944 4913 adstantibus
2970 4857 3196 4926 angelis,
3225 4856 3497 4926 proposita
3526 4854 3626 4911 ista
3655 4855 3941 4911 tremenda

2345 4968 2552 5015 mensa,
2581 4952 2707 5005 dum
2737 4949 2911 5005 adhuc
2937 4947 3131 5003 fratres
3150 4948 3225 5003 tui
3251 4947 3524 5019 mysteriis
3550 4946 3857 5014 initiantur,
3884 4955 3940 5000 tu

2347 5042 2549 5099 relictis
2575 5043 2681 5097 illis
2706 5042 2986 5097 abscedis?
3029 5042 3189 5110 Atqui
3221 5040 3285 5094 ad
3314 5038 3596 5110 prandium
3631 5038 3852 5109 quidem
3892 5041 3940 5093 si

2345 5145 2565 5189 vocatus
2596 5134 2781 5200 fueris,
2808 5132 3022 5189 tametsi
3056 5133 3202 5199 prius
3228 5140 3503 5184 saturatas
3556 5131 3629 5183 sis
3656 5170 3672 5195 ,
3722 5144 3941 5183 recuru-

2348 5228 2593 5283 bcntibus
2619 5227 2830 5281 cmteris
2854 5240 2960 5279 non
2992 5222 3159 5278 audes
3186 5231 3313 5277 ante
3359 5220 3563 5276 amicos
3610 5219 3938 5285 discedere;

2344 5320 2431 5376 hic
2458 5336 2583 5374 vero
2615 5320 2738 5373 dum
2760 5316 2959 5371 Christi
2982 5314 3233 5385 mysteria
3256 5312 3614 5376 celebrantur,
3636 5310 3766 5365 dum
3812 5326 3940 5365 san-

2345 5423 2487 5467 ctum
2511 5410 2639 5464 illud
2667 5407 2992 5464 sacrificium
3020 5406 3197 5459 adhuc
3226 5404 3520 5474 peragitur,
3549 5402 3798 5459 omniain
3822 5418 3941 5459 me-

2343 5504 2434 5559 dio
2459 5501 2790 5570 derclinquis
2818 5510 2872 5553 ct
2900 5496 3189 5551 abscedis?
3219 5494 3351 5561 Quis
3378 5494 3494 5549 luce
3532 5492 3745 5548 tandem
3778 5495 3940 5549 venia

2346 5597 2502 5665 digna
2530 5592 2843 5649 censuerit?
2867 5591 2987 5661 quis
3013 5588 3328 5644 defensioue
3350 5586 3626 5657 purgarit?
3656 5585 3832 5641 Vultis
3853 5586 3941 5640 di-

2346 5678 2759 5756 caincujusnam
2788 5698 2924 5755 Opus
2951 5681 3232 5751 perﬁciant
3253 5678 3327 5734 illi
3373 5677 3465 5748 qui
3511 5685 3641 5733 ante
3684 5678 3941 5749 comple-

2351 5788 2585 5834 mentum
2632 5777 2897 5847 iincmque
2919 5773 3220 5841 discedunt,
3267 5786 3443 5841 neque
3488 5784 3643 5827 omna
3689 5769 3943 5826 absoluta
