4164 6324
246 402 338 456 371
1280 405 1364 460 DE
1402 405 1824 464 PllODlTlONE
1868 409 2086 467 JUDAS.
2129 412 2204 495 —'—‘
2231 413 2568 474 MUNITUM.

249 521 540 588 gratiarum
569 526 798 583 actionis
829 527 1057 600 hymnos
1079 531 1344 588 offerunt?
1378 534 1578 590 Durum
1612 535 1839 591 fortasse

251 612 516 670 videbitur
537 617 683 686 quod
704 632 821 673 sum
852 621 1113 688 dicturus,
1142 623 1236 680 sed
1271 641 1497 683 necesse
1541 640 1622 682 est
1663 638 1841 684 tamen

250 713 308 759 ut
333 706 405 761 ob
429 709 812 782 plerorumque
840 714 1214 785 negligentiam
1244 719 1472 775 dicatur.
1501 721 1726 789 Quando
1755 725 1842 778 ul-

249 797 392 851 tima:
416 813 587 856 creua:
611 806 1024 861 communicavit
1049 807 1215 865 Judas
1247 820 1405 865 nocte
1427 811 1513 867 illa
1545 823 1837 882 postrema,

246 892 459 947 eteteris
489 895 742 952 omnibus
768 900 1208 957 recumbentibus
1229 945 1243 971 ,
1275 903 1389 974 ipse
1433 920 1496 960 se
1542 906 1843 976 proripiens

244 986 497 1040 excessit.
533 988 686 1042 illum
722 990 999 1047 imitantur
1041 1002 1094 1049 et
1141 995 1229 1050 isti
1279 997 1370 1065 qui
1426 1007 1551 1052 ante
1599 999 1839 1054 ultimam

247 1077 543 1145 gratiarum
574 1082 838 1137 actionem
859 1082 1161 1139 discedunt.
1181 1085 1293 1140 Nisi
1311 1087 1453 1142 enim
1483 1089 1704 1143 exiisset
1726 1089 1837 1154 ille,

251 1168 493 1234 proditor
519 1167 690 1225 factus
716 1188 823 1226 non
868 1184 1044 1239 esset;
1095 1176 1200 1230 nisi
1246 1177 1644 1248 condiscipulos
1684 1179 1841 1234 dese-

244 1259 472 1327 ruisset,
511 1277 616 1315 nou
651 1264 932 1332 periisset;
962 1265 1066 1321 nisi
1094 1268 1332 1337 seipsum
1357 1278 1513 1324 extra
1543 1269 1685 1324 ovile
1712 1285 1840 1338 pro-

245 1347 501 1417 ripuisset
520 1351 536 1381 ¹
557 1391 574 1416 ,
607 1367 712 1406 non
744 1368 865 1408 eum
892 1354 1049 1426 lupus
1079 1357 1251 1411 solum
1282 1368 1553 1429 repertum
1581 1359 1839 1415 devoras-

244 1450 360 1505 set;
397 1441 499 1496 nisi
527 1443 762 1512 seipsum
781 1461 809 1498 a
831 1455 1045 1515 pastore
1066 1458 1426 1519 segregasset,
1453 1450 1642 1504 bellum
1658 1451 1839 1519 prteda

244 1530 418 1588 factus
440 1549 548 1588 non
577 1544 741 1591 esset.
771 1534 975 1592 Idcirco
1001 1538 1256 1594 nimirum
1289 1540 1382 1596 ille
1432 1556 1553 1597 cum
1601 1540 1835 1604 Judzeis,

244 1622 329 1676 isti
361 1638 492 1677 vero
508 1639 630 1680 cum
663 1626 890 1683 Domino
936 1628 1138 1701 hymno
1165 1631 1312 1686 dicto
1362 1632 1630 1688 exierunt.
1675 1632 1839 1688 Vides

245 1727 303 1770 ut
327 1725 566 1772 extrema
606 1720 692 1774 illa
723 1729 844 1790 post
871 1723 1191 1778 sacrificium
1238 1726 1412 1779 oratio
1451 1725 1518 1779 ad
1571 1724 1700 1780 illud
1747 1723 1839 1779 fiat

241 1808 591 1878 exemplum?
628 1809 780 1865 Nunc
835 1813 1016 1882 igitur,
1067 1814 1438 1881 dilectissimi,
1500 1815 1616 1870 Ita-c
1661 1826 1840 1871 mente

239 1916 541 1965 versemus,
566 1900 681 1956 hzcc
708 1903 847 1971 apttd
879 1919 977 1958 nos
997 1906 1322 1976 cogitemus,
1364 1916 1417 1962 et
1441 1907 1562 1961 huic
1593 1907 1839 1976 proposi-

239 2003 346 2047 tam
380 1993 572 2048 sceleri
602 1994 1000 2050 damnationem
1048 1996 1483 2052 reformidemus.
1529 1998 1647 2067 Ipse
1675 2013 1835 2052 suam

238 2086 332 2140 tibi
361 2102 581 2142 carnem
602 2088 845 2159 largitur,
877 2098 932 2144 at
962 2101 1014 2144 tu
1047 2108 1115 2147 ne
1132 2093 1311 2147 verbis
1340 2093 1556 2162 quidem
1598 2107 1719 2146 eum
1745 2107 1836 2147 re-

237 2180 562 2244 muneraris,
597 2196 768 2252 neque
790 2197 887 2252 pro
914 2181 979 2237 iis
999 2199 1116 2253 quae
1150 2185 1402 2254 accepisti
1431 2186 1630 2256 gratias
1686 2183 1835 2254 agis?

3443 423 3548 478 572

1948 544 2105 612 Atqui
2133 545 2259 598 dum
2283 543 2386 600 hoc
2405 557 2668 614 corporeo
2697 541 2932 598 vesceris
2958 540 3098 603 cibo,
3134 549 3252 610 post
3299 554 3540 594 mensam

1953 635 2019 689 ad
2040 636 2338 691 orationem
2371 643 2422 691 te
2461 636 2730 690 convertis
2759 652 2770 685 :
2797 635 2923 688 dum
2967 647 3096 688 vero
3148 631 3442 702 spiritualis
3486 642 3541 685 et

1949 742 2166 782 omnem
2193 737 2491 782 creaturam
2523 737 2633 781 tum
2665 725 2929 780 visibilem
2961 734 3071 778 tum
3105 722 3424 778 invisibilem
3453 737 3545 777 su-

1949 818 2204 888 perantis,
2223 819 2286 873 lis
2302 819 2589 889 particeps,
2611 818 2820 871 tametsi
2841 816 3000 870 homo
3017 816 3090 870 sis
3111 813 3293 870 etvilis
3314 821 3544 876 naturaz,

1947 926 2054 966 non
2086 921 2367 980 exspectas
2414 920 2471 966 ut
2517 910 2719 981 gratias
2770 923 2902 980 agas
2947 917 3001 962 et
3047 907 3225 962 verbis
3243 915 3299 960 et
3349 904 3546 960 factis?

1946 1001 2084 1069 Quid
2101 1011 2182 1057 est
2210 1001 2355 1057 aliud
2372 1017 2531 1072 quam
2559 1010 2804 1056 extremo
2833 999 3096 1070 supplicio
3112 1013 3232 1054 sese
3253 997 3542 1052 obnoxium

1947 1093 2213 1148 reddere?
2237 1093 2362 1148 llaec
2380 1102 2489 1164 'ego
2516 1092 2639 1148 dico
2670 1107 2776 1147 non
2796 1100 2857 1146 ut
2885 1090 3115 1144 laudetis
3135 1089 3333 1154 solum,
3366 1102 3545 1158 neque

1947 1195 2006 1238 ut
2037 1186 2430 1240 tumultuamini
2460 1195 2513 1240 et
2539 1183 2804 1249 clametis,
2836 1182 2930 1237 sed
2958 1191 3156 1236 uteum
3182 1190 3391 1250 tempus
3412 1194 3541 1233 exe-

1944 1277 2100 1345 gerit,
2132 1276 2324 1331 Itorum
2352 1291 2623 1332 memores
2650 1275 2937 1330 verborum
2967 1273 3378 1328 convenientem
3421 1285 3541 1324 mo-
3608 1270 3610 1273 ’

1944 1368 2166 1423 dcstiam
2200 1384 2310 1436 prae
2336 1368 2487 1423 vobis
2508 1366 2713 1426 feratis.
2759 1363 3014 1435 Mysteria
3059 1370 3116 1418 et
3160 1362 3434 1425 dicuntur,
3489 1370 3542 1414 ut

1944 1468 2107 1524 sunt;
2140 1460 2228 1513 ubi
2259 1473 2387 1514 vero
2411 1467 2540 1514 sunt
2565 1456 2846 1529 mysteria,
2877 1456 3105 1510 multum
3132 1455 3404 1509 silentium
3434 1464 3537 1508 est.

1943 1550 2076 1607 Cum
2093 1552 2263 1606 multo
2278 1565 2408 1622 ergo
2433 1550 2667 1616 silentio,
2697 1564 2820 1604 eum
2847 1547 3012 1602 multa
3041 1545 3328 1611 modestia,
3346 1544 3540 1601 decen-

1945 1643 2090 1713 tique
2119 1642 2425 1698 reverentia
2451 1649 2696 1696 sanctum
2715 1639 2818 1695 hoc
2840 1638 3168 1694 sacrificium
3191 1637 3538 1707 attingamus,

1943 1742 2004 1787 ut
2037 1732 2294 1804 majorem
2338 1732 2493 1787 nobis
2543 1731 2640 1788 Dei
2688 1731 3126 1787 benevolentiam
3167 1730 3538 1794 conciliemus,

1944 1833 1998 1880 et
2016 1825 2256 1879 animum
2274 1837 2683 1895 perpurgemus,
2721 1833 3029 1894 mternaque
3071 1824 3210 1878 bona
3236 1836 3540 1892 consequa-

1941 1933 2097 1981 mur;
2129 1932 2248 1986 quze
2273 1929 2371 1970 nos
2392 1931 2580 1970 omnes
2603 1925 2659 1970 ut
2683 1915 3044 1981 obtineamus,
3095 1913 3226 1969 faxit
3268 1915 3439 1985 gratia
3485 1922 3541 1967 et

1941 2006 2241 2076 benignitas
2275 2007 2487 2061 Domini
2518 2007 2689 2061 nostri
2719 2005 2845 2061 Jesu
2872 2005 3090 2072 Christi,
3121 2020 3242 2060 eum
3284 2020 3390 2075 quo
3435 2003 3538 2058 Pa-

1942 2097 2028 2160 tri,
2055 2097 2321 2168 simulque
2343 2097 2562 2167 Spiritui
2602 2105 2824 2164 sancto,
2856 2097 3044 2168 gloria,
3102 2096 3420 2166 imperium,
3485 2105 3538 2150 et

1940 2189 2200 2257 adoratio,
2231 2205 2371 2246 nunc
2404 2199 2714 2260 etsemper,
2739 2201 2792 2246 et
2841 2191 2891 2244 in
2952 2191 3147 2245 saecula
3197 2190 3534 2244 surculorum.

299 2293 315 2322 ι
355 2298 404 2341 ιιι
427 2293 570 2343 Sat-il.
598 2293 796 2355 legitur,
819 2300 961 2344 extra
983 2294 1104 2346 ovile
1126 2294 1250 2346 illud
1273 2310 1465 2347 sacrum
1480 2295 1811 2360 proripuisset.
1942 2284 2136 2339 Amet).

1695 3169 2001 3228 ΜΟΝΙἸῚἸ
2016 3169 2069 3225 .‘J

250 3468 557 3526 secundam
599 3465 674 3519 De
703 3463 850 3517 .Iuda
882 3462 1150 3532 proditore
1191 3461 1574 3514 incunctanter
1612 3457 2030 3526 conjiceremus.
2094 3452 2294 3509 Verum
2354 3455 2584 3521 levibus,
2650 3455 2705 3509 ni
2765 3445 2943 3523 fallor,
2987 3458 3321 3528 coniecturis
3389 3459 3529 3517 hanc

253 3580 524 3650 temporis
559 3578 824 3632 rationem
852 3573 1092 3629 instituit
1121 3570 1526 3634 Tillemontius,
1570 3578 1628 3621 ut
1654 3566 1901 3637 pluribus
1926 3566 2140 3621 dicetur
2174 3567 2227 3621 in
2258 3544 2464 3622 Monito
2501 3568 2568 3622 ad
2611 3568 2865 3624 ltomilias
2889 3570 2943 3623 in
2973 3569 3238 3626 Genesim.
3294 3571 3418 3629 Haec
3461 3577 3528 3630 du

253 3698 484 3755 homilia
517 3696 758 3752 secunda
791 3695 948 3764 cujus
993 3695 1230 3758 initium,
1271 3690 1629 3763 Ἐϐουλόμην,
1659 3690 1938 3761 ἀγαπητοί
1969 3709 1981 3744 :
2023 3691 2091 3746 de
2115 3690 2354 3744 homilia;
2385 3706 2513 3744 vero
2549 3691 2762 3760 prima),
2789 3707 2911 3762 qua:
2944 3694 3022 3749 sic
3079 3694 3290 3766 incipit,
3340 3695 3529 3764 Ὀλίγα.

249 3815 494 3883 ἀνάγκη,
529 3823 794 3883 tempore,
830 3813 966 3866 nihil
1013 3811 1158 3866 aliud
1193 3812 1276 3866 vel
1315 3820 1488 3874 certo,
1528 3810 1613 3865 vel
1650 3809 1943 3864 admodum
1987 3809 2344 3881 probabiliter
2387 3819 2628 3864 statuere
2657 3825 2983 3878 possumus,
3037 3827 3200 3881 quam
3259 3814 3404 3883 quod
3434 3814 3525 3867 illa

251 3924 464 3993 aliquot
487 3933 612 3978 ante
653 3924 950 3978 secundam
981 3925 1144 3979 annis
1177 3923 1360 3976 habita
1395 3922 1599 3977 fuerit:
1628 3935 1804 3991 neque
1834 3936 1964 3976 vero
2007 3923 2299 3977 tacendum
2334 3933 2418 3977 est
2451 3924 2590 3978 hanc
2626 3924 2859 3994 primam
2897 3966 2910 3991 ,
2955 3926 3141 3996 Ὀλίγα
3195 3929 3435 4000 ἀνάγκη,
3473 3932 3527 3984 in

251 4040 581 4110 pcrantiquo
619 4039 715 4094 illo
756 4038 1022 4107 Catalogo
1057 4036 1380 4105 Augustano
1413 4035 1556 4090 inter
1589 4035 1789 4104 γνησία
1823 4050 1988 4105 opera
2033 4035 2212 4089 locum
2242 4035 2464 4101 habere,
2507 4050 2615 4089 non
2649 4053 2778 4092 vero
2809 4037 3106 4092 srcundam
3136 4055 3148 4102 ;
3192 4043 3319 4109 quia
3372 4041 3521 4096 vidc—

254 4160 380 4214 licet
409 4157 564 4211 initio
594 4166 649 4212 et
687 4156 875 4225 paucis
904 4153 1028 4207 aliis
1064 4151 1330 4220 exceptis,
1361 4165 1484 4221 quae
1507 4166 1537 4204 a
1571 4149 1971 4221 Chrysostomo
2004 4150 2179 4220 ipsam
2236 4157 2569 4204 retractante
2605 4150 2827 4205 inducta
2879 4150 3131 4217 fuerant,
3172 4153 3360 4208 eadem
3412 4158 3526 4225 ipsa

251 4281 368 4325 erat
398 4288 410 4322 :
437 4281 490 4324 et
530 4269 795 4337 alioquin,
841 4275 899 4320 ut
928 4277 1074 4322 recte
1103 4267 1316 4320 monuit
1348 4263 1610 4329 Savilius,
1650 4265 1946 4337 Catalogus
2009 4267 2098 4321 ille
2134 4269 2486 4338 Augustanus
2522 4267 2594 4320 ita
2658 4268 3023 4324 concinnatus
3066 4278 3167 4335 est,
3216 4283 3273 4325 ut
3345 4272 3525 4326 omni—

251 4391 471 4459 quidem
507 4390 796 4459 opuscula,
828 4405 951 4460 qua;
983 4387 1037 4438 in
1064 4400 1128 4439 eo
1171 4397 1572 4453 memorantur,
1608 4402 1737 4442 vera
1778 4402 2145 4456 germanoque
2192 4388 2341 4452 sint;
2381 4387 2478 4442 sed
2527 4402 2660 4441 cave
2700 4395 2859 4456 putes
2903 4386 3108 4452 omnia,
3150 4403 3270 4456 quae
3321 4388 3390 4442 ab
3434 4389 3526 4442 illo

250 4504 470 4568 absunt,
504 4518 624 4557 esse
658 4502 885 4570 spuria;
919 4501 1168 4571 quinimo
1197 4501 1372 4554 multo
1407 4500 1561 4569 plura
1598 4511 1727 4556 sunt
1758 4503 2133 4573 Chrysostomi
2163 4505 2364 4574 γνήσια
2395 4517 2557 4571 opera
2581 4542 2594 4563 ,
2632 4516 2794 4570 quam
2836 4517 2898 4555 ea
2931 4517 3052 4570 quae
3086 4501 3141 4555 in
3187 4503 3380 4556 eodem
3421 4503 3514 4557 Ca-

253 4603 436 4672 talogo
469 4607 843 4654 recensentur.
876 4599 1146 4653 Caeterum
1174 4599 1300 4667 quia
1332 4599 1579 4653 eamdem
1612 4601 1929 4654 concionem
1965 4601 2285 4656 retractavit
2327 4600 2786 4670 Chrysustomus,
2816 4603 2871 4651 et
2897 4595 2951 4649 in
2985 4594 3258 4664 plerisque
3301 4596 3376 4649 ita
3413 4612 3532 4650 mu-

251 4719 407 4781 tavit,
443 4726 501 4770 ut
532 4717 668 4770 duas
695 4732 760 4771 ex
799 4730 907 4769 una
949 4715 1206 4771 hornilias
1245 4714 1504 4781 ellecerit,
1539 4717 1675 4770 nihil
1708 4717 1907 4772 mirum
1939 4721 1986 4773 si
2029 4727 2178 4773 tanta
2233 4718 2306 4773 sit
2366 4718 2419 4772 in
2461 4716 2848 4785 Manuscriptis
2887 4716 3159 4783 varietas;
3215 4732 3340 4770 cum
3402 4732 3529 4771 vero

250 4831 520 4887 lectiones
551 4831 716 4884 vat-ite
745 4829 810 4884 ad
842 4828 1160 4884 alterutram
1198 4833 1529 4899 pertineant,
1562 4833 1694 4886 satis
1724 4834 2019 4889 habuimus
2061 4844 2350 4904 utramque
2385 4833 2641 4896 edidisse,
2700 4842 2755 4886 et
2813 4847 2843 4885 a
2902 4830 3366 4901 frequentissimis
3420 4833 3528 4888 illis

253 4946 421 5001 variis
445 4945 772 5000 lectionibus
810 4949 1138 5003 annotandis
1176 4948 1565 5004 abstinuimus.
1617 4947 1813 5004 Notatu
1856 4949 2054 5019 dignus
2086 4957 2168 5004 est
2229 4949 2282 5002 in
2319 4957 2549 5017 utraque
2615 4945 2838 5000 homilia
2906 4947 3062 5001 locus
3120 4947 3209 5002 ille
3254 4965 3406 5003 num.
3451 4949 3525 5005 6:

252 5055 419 5109 Adest
447 5062 496 5107 et
529 5070 666 5106 nunc
708 5055 949 5110 Christus
985 5074 1217 5111 mensam
1253 5073 1539 5111 exornans.
1569 5056 1753 5127 Neque
1780 5059 1918 5112 enim
1952 5060 2105 5112 homo
2135 5070 2210 5114 est
2245 5062 2312 5123 is,
2349 5061 2437 5127 qui
2466 5059 2593 5128 facit
2624 5068 2678 5111 ut
2717 5061 2989 5128 proposita
3011 5076 3200 5129 corpus
3233 5073 3280 5115 et
3311 5066 3528 5132 sanguis

252 5175 458 5230 Christi
488 5177 800 5244 efﬁciantur.
844 5177 1108 5248 Figuram
1137 5188 1341 5232 tantum
1387 5181 1608 5248 implens
1643 5191 1750 5235 stat
1790 5184 2035 5236 sacerdos
2074 5196 2122 5238 et
2159 5185 2600 5254 supplicationem
2627 5184 2777 5251 o/I‘ert
2807 5199 2824 5234 :
2863 5185 3040 5252 gratia
3081 5195 3258 5236 autem
3287 5194 3334 5237 et
3365 5188 3528 5240 virtus

251 5293 350 5347 Dci
381 5303 480 5356 est,
510 5311 625 5363 qua:
655 5297 832 5350 omnia
860 5298 1032 5366 eﬂ‘icit.
1069 5296 1182 5352 lloc
1219 5307 1302 5352 est
1335 5315 1535 5368 corpus
1566 5317 1765 5367 meum,
1797 5302 2011 5370 inquit:
2041 5303 2136 5356 hoc
2175 5303 2388 5357 verbum
2431 5304 2716 5373 proposita-
2738 5302 3112 5370 transformat.
3147 5301 3241 5356 llic
3273 5313 3324 5356 et
3350 5316 3526 5358 trans—

251 5409 628 5461 substantiatio
659 5418 712 5464 et
752 5415 1038 5479 praesentia
1067 5415 1267 5470 Christi
1301 5418 1352 5471 in
1387 5418 1732 5474 Eucharistta
1761 5421 1909 5475 clare
1947 5422 2330 5490 praedicantur,
2367 5434 2426 5476 ut
2451 5423 2699 5492 pluribus
2731 5421 2940 5476 dicetur
2971 5435 3069 5475 suo
3100 5421 3241 5472 loco.

327 5561 484 5627 Quod
518 5578 645 5617 vero
678 5564 732 5619 in
760 5575 993 5636 utraque
1026 5570 1250 5626 homilia
1280 5570 1412 5626 dicit
1468 5587 1527 5630 se
1556 5576 1668 5644 jam
1701 5586 1897 5646 quarta
1922 5576 2011 5633 die
2039 5578 2107 5634 de
2142 5581 2389 5635 oratione
2424 5595 2520 5648 pro
2575 5579 2812 5635 inimicis
2852 5595 3034 5650 agere,
3098 5579 3303 5635 indicat
3345 5579 3526 5649 utique

252 5675 705 5730 Chrvsostomum
743 5676 796 5731 in
831 5686 1084 5748 utroque,
1118 5697 1225 5751 qun
1253 5683 1352 5738 has
1379 5685 1635 5742 homilias
1668 5688 1876 5756 habuit,
1914 5707 2058 5747 anno
2096 5694 2347 5750 eumdem
2380 5694 2740 5751 eoneionandi
2773 5695 3021 5752 ordinem
3056 5697 3312 5752 tenuisse.

334 5827 631 5900 Utriusque
663 5830 898 5888 homilia:
929 5835 1429 5907 itttcrpretat'tmicm
1476 5859 1671 5898 novam
1701 5846 1934 5900 edimus.
