4164 6324
658 379 769 437 373

1355 385 1413 441 5.
1450 384 1735 444 JOANNIS
1771 387 2269 450 CHRYSOSTOMI
2304 390 2625 451 ARCHIEP.
2668 392 3214 452 CONSTANTINOP.

3819 394 3921 450 376

1762 979 1854 1071 in
1916 977 2477 1043 pnonmonsu
2532 981 2787 1055 muas,

1698 1188 1704 1241 ἱ

650 1264 725 1308 ΕΤ
768 1264 832 1312 ΙΝ
880 1266 1147 1323 PASCHA,
1202 1268 1393 1322 INQUE
1434 1268 1869 1313 TRADITIONEM
1918 1269 2394 1326 MYSTERIORUM,
2447 1272 2520 1315 AC
2567 1272 2733 1322 QUOD
2770 1270 2900 1314 NON
2947 1271 3269 1316 OPORTEAT
3304 1271 3690 1318 INJURIARUM
3726 1274 3912 1321 MEMI-

1462 1344 1641 1392 NISSE
1668 1376 1683 1401 ,
1726 1346 1793 1391 IN
1834 1348 2062 1393 sane“
2111 1350 2186 1393 ET
2232 1350 2445 1395 MAGNA
2490 1349 2664 1393 manu
2716 1348 2947 1402 eumn
2990 1334 3092 1413 (α).

1270 1844 1493 1886 ιιοιιιιιλ
1534 1846 1571 1885 Ι.

703 1922 887 1979 Paucis
915 1920 1073 1977 hodie
1099 1935 1222 1975 cum
1249 1930 1422 1977 vestra
1452 1919 1673 1975 caritate
1702 1928 1928 1974 tractare
1958 1934 2204 1974 necessa-

630 2015 766 2069 rium
804 2023 886 2068 est
918 2031 931 2066 :
961 2023 1014 2067 et
1052 2011 1171 2067 ideo
1201 2011 1417 2081 paucis,
1459 2025 1564 2063 non
1597 2008 1738 2079 quod
1768 2009 2031 2077 dictorum
2058 2010 2210 2080 copia

627 2106 916 2177 gravemini
950 2122 962 2158 :
991 2103 1187 2159 nullam
1217 2104 1358 2157 enim
1390 2102 1547 2156 aliam
1568 2101 1837 2156 civitatem
1862 2103 2098 2171 reperire
2128 2109 2212 2156 est

627 2194 1009 2252 audiendarum
1037 2193 1385 2263 Spiritualinm
1402 2206 1708 2246 sermonum
1729 2193 1865 2246 adeo
1889 2190 2203 2246 studiosam.

626 2286 742 2343 Non
770 2295 1048 2357 propterea
1076 2283 1232 2353 igitur
1261 2298 1422 2354 pauca
1449 2281 1695 2347 dicimus,
1726 2279 1867 2348 quod
1891 2280 2039 2335 vobis
2069 2279 2207 2333 mul-

626 2376 850 2432 titudine
873 2390 1183 2431 sermonum
1212 2373 1483 2427 fastidium
1517 2373 1784 2442 pariamus
1800 2413 1817 2440 ,
1842 2370 1936 2426 sed
1962 2372 2083 2440 quia
2104 2370 2205 2424 alia

625 2468 914 2524 intervenit
958 2463 1117 2520 hodie
1144 2464 1417 2519 brevitatis
1458 2476 1640 2517 causa.
1678 2460 1889 2516 Etenim
1917 2462 2111 2516 multos
2132 2460 2208 2514 vi-

626 2559 726 2614 deo
746 2534 935 2613 tildeles
959 2558 1025 2611 ad
1056 2556 1443 2612 ltorrendorutn
1472 2539 1847 2625 mysteriorum
1872 2554 2209 2607 communio-

624 2666 746 2703 nem
774 2650 1109 2704 festinantes.
1128 2646 1200 2704 Ut
1226 2647 1382 2717 igitur
1413 2660 1587 2714 neque
1616 2644 1704 2699 illa
1727 2659 1908 2698 mensa
1935 2644 2200 2709 excidant,

626 2755 799 2810 neque
828 2738 926 2793 hac
956 2752 1172 2808 prorsus
1200 2737 1543 2800 frustrentur,
1575 2750 1797 2791 necesse
1827 2744 1912 2789 est
1958 2734 2204 2790 modera-

622 2841 731 2885 tum
760 2832 935 2885 cibum
963 2845 1247 2899 apponere,
1269 2838 1326 2883 ut
1342 2830 1610 2905 utrimque
1640 2827 1791 2883 vobis
1819 2827 2023 2882 lucrum
2052 2842 2205 2882 acce-

622 2922 750 2985 dat,
805 2929 859 2975 ct
905 2921 1005 2974 hoc
1047 2936 1144 2975 ceu
1189 2919 1443 2973 doctrinae
1474 2918 1669 2973 viatico
1718 2918 1935 2983 muniti,
1968 2919 2045 2972 sie
2082 2932 2204 2972 cum

621 3016 833 3078 timore,
853 3023 1086 3069 tremore
1105 3054 1121 3079 ,
1148 3012 1433 3083 debitaque
1458 3011 1757 3067 reverentia
1779 3012 1843 3067 ad
1872 3011 2200 3067 tremendam

619 3104 1045 3174 horrendamque
1068 3105 1497 3159 communionem
1539 3101 1823 3157 accedatis.

688 3199 917 3270 Lugendi
937 3200 974 3251 ii
1010 3198 1094 3267 qui
1115 3198 1247 3252 male
1272 3206 1429 3268 agunt
1449 3238 1462 3262 ,
1500 3211 1599 3249 non
1628 3197 1713 3265 qui
1755 3197 1890 3249 mula
1918 3196 2201 3265 patiuntur;

622 3289 871 3344 orandum
896 3304 988 3359 pro
1012 3288 1248 3342 inimicis.
1279 3316 1345 3327 —-
1370 3286 1560 3351 Hodie,
1588 3285 1788 3352 dilecti,
1816 3286 2071 3341 Dominus
2101 3301 2200 3341 no-

613 3392 727 3438 ster
760 3380 913 3437 Jesus
936 3380 1182 3437 Christus
1222 3378 1445 3435 traditus
1492 3388 1606 3434 est:
1630 3380 1785 3449 hujus
1826 3394 2056 3449 namque
2094 3378 2201 3435 diei

614 3486 835 3541 vespera
866 3470 1038 3526 Judaei
1066 3470 1161 3527 illo
1179 3470 1568 3541 comprehenso
1618 3470 1882 3525 abierunt.
1916 3470 2111 3525 Verum
2134 3486 2200 3526 ne

613 3560 945 3615 contristeris
992 3557 1216 3629 audiens
1267 3557 1538 3613 Christum
1577 3557 1842 3628 proditum
1899 3571 2021 3613 esse
2050 3574 2063 3610 :
2092 3558 2201 3613 imo

616 3649 789 3717 potius
802 3648 1139 3715 contristare,
1154 3656 1211 3704 et
1225 3649 1417 3704 acerbe
1429 3648 1567 3720 lnge,
1585 3662 1688 3703 non
1711 3647 1975 3718 proditum
1990 3647 2195 3716 .lesum,

612 3740 708 3795 sed
728 3739 1051 3811 proditorem
1072 3737 1283 3795 ludam.
1308 3738 1516 3794 Etenim
1538 3740 1628 3810 qui
1657 3738 1898 3809 proditus
1923 3748 2026 3805 est,
2046 3754 2199 3793 mun-

610 3831 737 3885 clum
767 3828 972 3885 salvum
999 3829 1143 3893 fecit,
1172 3828 1411 3899 proditor
1432 3844 1560 3885 vero
1581 3829 1812 3884 animam
1833 3844 1987 3885 suam
2014 3828 2194 3899 perdi-

610 3921 689 3975 dit
717 3922 847 3991 :qui
890 3919 1133 3991 proditus
1182 3928 1300 3986 est,
1329 3919 1399 3976 ad
1425 3919 1701 3976 dexteram
1731 3919 1904 3975 Patris
1950 3919 2103 3976 sedet
2140 3920 2194 3976 in

609 4015 773 4079 caelis,
789 4013 1027 4083 proditor
1054 4013 1109 4069 iu
1140 4012 1349 4069 inferno
1375 4028 1519 4069 nunc
1547 4022 1661 4081 est,
1686 4011 1991 4075 inevitabile
2016 4012 2193 4069 ferens

607 4105 944 4176 supplicium.
963 4103 1131 4175 llujus
1145 4118 1305 4160 causa
1321 4105 1441 4175 lnge
1459 4113 1515 4160 et
1538 4104 1844 4175 ingemisee,
1857 4102 2013 4174 hujus
2032 4117 2195 4160 causa

608 4194 923 4265 lacrymare,
943 4194 1061 4265 ejus
1079 4195 1275 4265 quippe
1297 4208 1455 4249 causa
1475 4192 1622 4249 flevit
1634 4192 1898 4249 Christus.
1913 4192 2045 4248 Nam
2068 4192 2196 4249 Cum

604 4285 808 4340 vidisset
849 4300 963 4339 eum
984 4325 1001 4351 ,
1036 4283 1237 4354 inquit,
1270 4283 1500 4338 turbatus
1542 4292 1649 4349 est,
1676 4292 1723 4336 et
1754 4282 1912 4349 dixit,
1947 4281 2090 4338 Unus
2133 4299 2196 4338 ex

604 4375 743 4429 vobis
770 4375 934 4429 tradet
972 4372 1255 4442 meran.
1298 4373 1385 4430 i5.
1435 4372 1553 4443 21).
1581 4372 1626 4429 0
1650 4382 1848 4443 quanta
1885 4372 2193 4428 misericor-

601 4466 689 4521 dia
741 4465 985 4522 Domini!
1030 4465 1268 4537 proditus
1312 4464 1641 4539 proditorem
1684 4464 1848 4538 luget.
1878 4462 2005 4521 Cum
2034 4466 2191 4522 uidis-

600 4565 673 4610 set
699 4572 833 4621 eum,
861 4557 958 4625 ait,
987 4558 1214 4611 turbatus
1239 4566 1334 4623 est,
1364 4565 1411 4611 et
1429 4557 1579 4625 dixit,
1608 4555 1753 4612 Umts
1778 4573 1843 4613 ea:
1867 4558 2005 4613 vobis
2028 4558 2192 4614 tradet

600 4662 700 4702 me.
730 4646 908 4715 Quare
935 4656 1159 4703 maestus
1188 4647 1322 4703 fuit?
1349 4646 1520 4705 Simul
1548 4655 1607 4703 ut
1627 4663 1865 4705 amorem
1884 4649 2191 4707 ostenderet

598 4754 778 4806 suum,
803 4750 857 4796 et
883 4740 982 4796 hos
1001 4740 1236 4808 doceret,
1269 4756 1373 4798 non
1395 4757 1517 4799 eum
1546 4743 1636 4814 qui
1656 4744 1796 4799 mala
1816 4745 2066 4815 patiatur,
2090 4745 2186 4802 sed

596 4844 743 4897 cum,
764 4830 855 4900 qui
883 4832 1023 4887 male
1043 4840 1184 4903 agat,
1201 4847 1413 4905 semper
1434 4835 1721 4907 lugendum
1742 4851 1882 4894 esse.
1910 4838 2024 4896 Hoc
2042 4839 2183 4895 enim

597 4922 693 4978 illo
719 4923 871 4994 pejus
911 4935 1031 4991 est;
1059 4926 1170 4981 imo
1194 4928 1373 4997 potius
1415 4926 1467 4983 id
1516 4944 1623 4985 non
1666 4929 1863 4985 malum
1898 4939 2016 4999 est,
2045 4932 2186 4990 male

594 5013 737 5082 pati,
792 5014 885 5069 sed
955 5015 1094 5072 male
1143 5031 1337 5087 agere,
1395 5018 1447 5073 id
1516 5034 1735 5091 prorsus
1812 5022 2035 5078 malum.
2092 5024 2185 5079 Et-

593 5104 735 5159 enim
782 5104 922 5161 male
949 5106 1091 5177 pati,
1128 5106 1181 5162 id
1207 5122 1430 5180 regnum
1464 5111 1714 5168 calorum
1744 5114 2013 5182 conciliat,
2044 5116 2184 5173 male

590 5202 771 5248 autem
825 5210 985 5265 agere
1012 5237 1029 5264 ,
1097 5197 1357 5268 gehennae
1404 5200 1562 5256 nobis
1607 5210 1663 5257 et
1730 5203 1971 5273 supplicii
2020 5220 2181 5261 causa

590 5296 692 5342 est.
724 5285 855 5343 Nam
876 5329 893 5356 ,
914 5287 1094 5359 Beati,
1143 5291 1345 5364 inquit,
1379 5296 1469 5365 qui
1516 5299 1948 5367 persequutionem
1970 5303 2184 5371 palinu-

591 5380 726 5490 38gsa)
758 5379 935 5431 Collata
956 5394 1066 5432 cum
1080 5389 1189 5434 lss.
1213 5389 1372 5450 Regiis
1393 5388 1535 5459 2053,
1570 5389 1712 5463 Ξιᾷι,
1736 5390 1877 5466 2429,
1912 5402 1964 5465 et
1985 5394 2175 5444 Coiinn.

595 5450 782 5518 A____,uet‘
800 5442 991 5518 et
1011 5444 1142 5518 Colb.
1164 5446 1411 5518 _l7lt,_uht
1438 5458 1508 5500 tot
1520 5450 1797 5518 lectionum
1810 5454 2083 5505 discrimina
2098 5470 2180 5507 oc-

588 5510 805 5576 currunt,
820 5510 902 5576 vis
920 5512 975 5555 ut
997 5510 1183 5576 possint
1197 5511 1354 5559 omnia
1373 5513 1551 5576 notari.
1571 5521 1619 5561 In
1631 5515 1846 5565 editione
1854 5522 2018 5566 autem
2033 5519 2172 5568 savii.

590 5570 955 5641 {triumvirier,
971 5570 1274 5641 observatur,
1297 5580 1351 5621 ut
1373 5572 1472 5621 bini
1490 5581 1655 5641 textus
1672 5576 1927 5641 edanture
1949 5580 2172 5641 regione,

587 5624 644 5700 in
653 5626 839 5700 quibus
862 5626 992 5700 idem
1012 5624 1381 5700 argumentum;
1419 5636 1505 5683 sed
1524 5624 1763 5700 ordiendi
1783 5624 2173 5700 ’ἕὲιῖῑέἒζ

588 5686 1048 5807 plerumque
1069 5686 1483 5755 discrepant.'Qua
1506 5696 1569 5747 de
1589 5710 1647 5748 re
1687 5686 1905 5760 pluribus
1998 5686 2173 5752 Statuit—6

2321 1931 2404 1972 tur
2449 1926 2655 1986 prapter
2683 1914 3464 1986 justitiam,quoniamipsoram
3485 1926 3556 1969 est
3581 1933 3913 1987 regnantem-

2316 2010 2482 2062 lorum
2508 2007 2723 2078 (Matth.
2753 2007 2807 2063 5.
2834 2006 2947 2077 10).
2981 2005 3170 2062 \‘iden’
3189 2006 3451 2061 malorum
3483 2008 3913 2077 perpessionem,

2318 2097 2374 2151 in
2402 2097 2702 2154 mercedem
2747 2111 2810 2152 ac
2848 2098 3126 2166 praemium
3150 2136 3165 2161 ,
3198 2098 3452 2167 consequi
3488 2113 3710 2172 regnum
3748 2100 3910 2152 cado-

2314 2188 2471 2242 rum?
2512 2188 2648 2243 Audi
2701 2188 2969 2257 quomodo
3012 2188 3208 2243 malum
3235 2198 3544 2258 perpetrare
3605 2205 3818 2259 poenam
3858 2200 3915 2245 et

2314 2278 2630 2349 supplicium
2671 2277 2879 2335 afferat.
2907 2278 3042 2334 Cum
3078 2280 3223 2335 enim
3247 2280 3471 2336 dixisset
3504 2281 3701 2335 Paulus
3723 2282 3793 2336 de
3817 2282 3913 2336 Ju-

2312 2371 2463 2437 dteis,
2496 2370 2770 2425 Dominum
2798 2371 3108 2438 occiderunt,
3139 2373 3411 2442 prophetas
3452 2374 3741 2441 persequuti
3787 2384 3910 2427 sunt

2314 2463 2363 2532 (l
2397 2460 2576 2517 Thess.
2603 2463 2658 2517 2.
2704 2464 2792 2532 15)
2816 2504 2829 2527 ,
2860 2463 3063 2527 intulit,
3112 2463 3341 2529 Quorum
3370 2464 3489 2531 ﬁnis
3516 2466 3610 2517 erit
3630 2467 3913 2519 secundant

2313 2572 2467 2623 opera
2487 2572 2661 2609 eorum
2682 2556 2699 2625 (
2720 2556 2757 2608 2
2782 2554 2903 2609 Cor.
2937 2556 3024 2609 ll.
3059 2556 3170 2623 15).
3204 2554 3388 2609 Viden'
3410 2556 3681 2625 quomodo
3722 2559 3792 2623 ii,
3822 2559 3917 2627 qui

2312 2647 2737 2714 persecutionem
2780 2646 3071 2715 patiuntur,
3102 2660 3323 2715 regnum
3374 2646 3667 2715 accipiant,
3705 2649 3739 2701 ii
3777 2664 3910 2703 vero

2310 2736 2399 2805 qui
2429 2744 2839 2806 persequuntur,
2884 2736 3015 2790 iram
3038 2736 3138 2791 sibi
3166 2736 3391 2805 parent?
3436 2737 3562 2791 llam
3599 2753 3760 2806 porro
3797 2754 3907 2794 non

2311 2838 2515 2885 temere
2541 2844 2682 2883 nunc
2706 2843 2734 2883 a
2766 2842 2852 2884 me
2880 2828 3019 2882 dicta
3050 2837 3207 2892 sunt,
3240 2830 3335 2884 sed
3363 2837 3419 2883 ut
3443 2845 3547 2883 non
3584 2843 3771 2885 contra
3801 2833 3910 2886 ini-

2312 2924 2479 2976 micos
2516 2923 2827 2986 irascamur,
2864 2920 2958 2976 sed
3002 2922 3349 2975 misereamur
3376 2921 3496 2975 illos
3525 2937 3587 2975 ac
3627 2923 3910 2992 lugeamus

2310 3028 2430 3067 cum
2458 3012 2627 3083 iisque
2652 3011 2951 3067 doleamus.
2975 3010 3049 3066 Illi
3077 3009 3221 3065 enim
3246 3020 3393 3074 sunt,
3422 3012 3509 3081 qui
3528 3012 3666 3067 male
3693 3016 3913 3082 patiun-

2310 3113 2430 3171 tur,
2476 3117 2671 3172 nempe
2712 3102 2803 3173 qui
2834 3101 2987 3157 nobis
3033 3110 3160 3156 sunt
3196 3100 3419 3156 inimici.
3452 3101 3507 3157 Si
3552 3102 3629 3157 sic
3667 3102 3907 3157 animam

2307 3206 2546 3254 uestram
2591 3204 2951 3266 temperemus
2975 3236 2989 3262 ,
3029 3196 3190 3250 etiam
3239 3209 3336 3265 pro
3362 3196 3490 3265 ipsis
3519 3210 3675 3251 orare
3704 3199 3913 3266 poteri-

2307 3303 2447 3342 mus.
2490 3286 2615 3342 ldeo
2651 3288 2793 3340 enim
2833 3294 3078 3357 quartam
3115 3285 3227 3355 jam
3268 3286 3477 3341 insumo
3513 3287 3655 3341 diem
3702 3288 3908 3341 cohor-

2308 3376 2469 3433 tando
2492 3392 2587 3433 vos
2617 3386 2673 3431 ut
2709 3391 2810 3447 pro
2847 3377 3078 3432 inimicis
3112 3376 3278 3431 oretis
3299 3418 3315 3445 ,
3342 3390 3448 3447 quo
3476 3378 3775 3433 tirmiorsit
3799 3379 3905 3434 do-

2304 3468 2507 3536 ctrina,
2557 3466 2857 3537 frequentia
2900 3465 3279 3523 admonitionis
3317 3468 3574 3523 radicata.
3626 3469 3752 3525 ldee
3797 3470 3907 3527 fre-

2305 3565 2535 3627 quenter
2556 3555 2895 3613 sermonibus
2935 3557 3077 3613 insto
3097 3598 3111 3623 ,
3136 3566 3193 3612 ut
3228 3556 3322 3613 ira:
3351 3567 3613 3614 tumorem
3641 3575 3904 3617 evacuem

2303 3658 2359 3704 et
2384 3648 2631 3703 ardorem
2660 3662 3029 3719 compescam,
3062 3656 3120 3704 ut
3159 3649 3249 3720 qui
3277 3659 3485 3705 oratum
3515 3651 3660 3705 venit
3692 3651 3771 3707 ira
3804 3669 3908 3707 va-

2306 3755 2441 3797 cuus
2463 3741 2557 3796 sit.
2581 3740 2715 3795 Nam
2744 3739 2992 3797 Christus
3030 3756 3138 3797 non
3179 3741 3513 3797 inimicorum
3542 3752 3745 3798 tantum
3774 3760 3906 3815 gra-

2301 3832 2375 3888 tia
2402 3831 2519 3889 hare
2543 3832 2854 3889 cohortatus
2896 3841 2981 3888 est
2999 3873 3017 3901 ,
3044 3833 3139 3889 sed
3184 3834 3346 3889 etiam
3374 3836 3546 3890 nostri
3576 3850 3738 3891 causa
3760 3877 3776 3903 ,
3809 3839 3903 3908 qui

2300 3934 2519 3996 peccata
2545 3924 2650 3979 illis
2688 3923 3042 3980 dimittimus:
3071 3923 3273 3994 majora
3299 3926 3442 3979 enim
3468 3926 3665 3997 accipis
3685 3969 3701 3995 ,
3729 3944 3899 3998 quam

2299 4014 2417 4084 das,
2440 4031 2564 4073 cum
2591 4017 2724 4073 iram
2766 4016 2997 4073 remittis
3023 4016 3260 4073 inimico.
3294 4016 3362 4073 Et
3396 4020 3670 4089 quomodo
3690 4022 3902 4092 majora

2299 4106 2541 4177 accipio,
2572 4106 2819 4178 inquies?
2858 4106 2916 4162 Si
2944 4106 3163 4163 inimico
3202 4118 3418 4178 μεωειλ
3458 4110 3729 4166 remiseris
3750 4153 3767 4178 ,
3797 4126 3897 4168 re-

2300 4198 2581 4251 mittuntur
2597 4196 2690 4252 tibi
2715 4194 2906 4252 delicta
2943 4207 3132 4253 contra
3156 4197 3440 4254 Dominum
3483 4200 3739 4256 admissa.
3764 4202 3898 4259 Hae

2300 4288 2613 4345 insanabilia
2633 4298 2759 4345 sunt
2800 4304 2865 4345 ac
2883 4291 3094 4345 veniam
3121 4305 3229 4347 non
3267 4301 3571 4358 merentur,
3598 4293 3688 4349 illa
3708 4304 3896 4352 autem

2298 4381 2507 4438 veniam
2533 4392 2588 4438 et
2611 4383 2857 4438 solatium
2888 4383 3179 4453 reperiunt.
3207 4384 3346 4441 Audi
3374 4385 3490 4441 Heli
3522 4385 3796 4443 dicentem
3825 4389 3898 4443 ti-

2299 4472 2387 4530 liis
2410 4473 2522 4530 suis
2545 4491 2560 4528 :
2594 4473 2657 4530 Si
2676 4490 2887 4543 peccans
2907 4477 3185 4547 peccauerit
3207 4480 3358 4533 homo
3389 4478 3443 4532 in
3470 4477 3725 4533 hominem
3748 4521 3765 4545 ,
3795 4498 3895 4549 pro

2294 4565 2387 4621 illo
2433 4566 2648 4621 orabant
2677 4583 2697 4621 :
2722 4568 2766 4621 si
2816 4582 2933 4623 vero
2975 4568 3030 4622 in
3073 4566 3234 4624 Deam
3254 4568 3553 4641 peccaverit,
3574 4571 3688 4642 quis
3725 4573 3901 4627 orabit

2295 4673 2389 4727 pro
2415 4673 2475 4712 eo
2506 4659 2555 4731 (Ι
2583 4658 2713 4730 Reg.
2743 4658 2802 4717 9.
2822 4657 2960 4730 25)?
2994 4658 3070 4714 Ita
3095 4666 3154 4714 ut
3177 4661 3370 4716 vulnus
3395 4661 3521 4718 illud
3551 4679 3618 4718 ne
3644 4665 3897 4721 oratione

2292 4749 2507 4819 quidem
2537 4750 2688 4806 facile
2716 4750 2955 4806 solvatur
2974 4750 3245 4807 :oratione
3265 4751 3480 4823 quidem
3505 4769 3609 4807 non
3637 4754 3894 4819 solvitur,

2291 4842 2388 4899 sed
2422 4843 2740 4901 remissione
2784 4853 3123 4916 peccatorum
3159 4847 3385 4915 proximi
3421 4842 3664 4901 soliritur.
3686 4846 3897 4915 Quam-

2290 4936 2477 4995 obrem
2506 4936 2593 4991 illa
2640 4935 2693 4992 in
2737 4936 3020 4993 Dominum
3047 4947 3265 5009 peccata
3286 4926 3471 4993 decem
3502 4937 3667 4992 millia
3686 4939 3894 4994 talenta

2286 5027 2497 5083 vocavit
2528 5025 2800 5094 Christus,
2840 5028 2959 5084 haec
2982 5043 3111 5085 vero
3147 5037 3363 5086 centum
3389 5028 3639 5085 denarios
3663 5027 3893 5099 (Matth.

2289 5116 2378 5174 l8.
2422 5117 2515 5174 25.
2552 5119 2711 5190 sqq.).
2743 5118 2960 5175 Dimitte
3001 5134 3131 5191 ergo
3168 5128 3386 5176 centum
3411 5118 3682 5189 denarios,
3707 5128 3767 5176 ut
3790 5120 3895 5177 de-

2285 5223 2401 5265 cem
2431 5208 2596 5265 millia
2627 5210 2823 5266 talenta
2850 5211 3191 5268 remittantur
3219 5211 3333 5267 tibi.
3374 5210 3375 5213 “

2352 5299 2411 5354 2.
2436 5300 2543 5357 Sed
2585 5300 2653 5357 de
2681 5302 2924 5357 oratione
2950 5301 3162 5371 quidem
3193 5316 3293 5373 pro
3336 5302 3564 5359 inimicis
3609 5302 3745 5360 satis
3790 5304 3887 5360 le-

2283 5391 2430 5461 quuti
2469 5406 2690 5459 sumus;
2717 5395 2826 5462 jam
2847 5433 2863 5457 ,
2881 5393 2926 5446 si
2957 5393 3129 5464 placet
3147 5433 3161 5458 ,
3202 5393 3271 5448 ad
3298 5394 3655 5464 proditionem
3683 5394 3885 5449 redea-

2283 5496 2424 5546 mus,
2448 5490 2503 5537 et
2524 5484 2796 5538 videamus
2838 5485 3108 5553 quomodo
3136 5485 3392 5541 Dominus
3418 5494 3603 5540 noster
3628 5486 3880 5555 proditus

2280 5571 2372 5628 sit.
2400 5570 2546 5626 Tunc
2570 5572 2691 5626 abiit
2716 5590 2845 5627 unus
2866 5574 2930 5627 de
2966 5573 3230 5628 duodecim
3248 5614 3265 5641 ,
3288 5574 3459 5629 ludas
3495 5573 3767 5630 lscariotes
3786 5576 3881 5629 dio

2278 5673 2388 5718 ctus
2408 5704 2422 5731 ,
2479 5663 2549 5716 ad
2590 5664 2843 5735 principes
2878 5668 3226 5732 sacerdotum,
3259 5676 3308 5722 et
3350 5667 3509 5732 dixit,
3544 5666 3679 5734 Quid
3720 5666 3881 5720 sultis

2278 5756 2402 5809 mihi
2430 5754 2573 5822 dare,
2592 5765 2637 5810 et
2662 5773 2752 5828 ego
2778 5758 2912 5812 vobis
2934 5758 3133 5813 tradam
3154 5775 3264 5813 cuin
3286 5758 3501 5827 (Matth.
3523 5757 3725 5813 ‘16.”.
3757 5758 3881 5829 i5)?
