4164 6324
247 391 357 448 375

251 505 319 558 Et
347 503 557 560 videtur
599 503 818 574 quidem
843 504 893 559 id
921 507 1061 576 quod
1091 506 1288 561 dictmn
1323 517 1406 562 est
1445 509 1650 563 clarum
1673 523 1793 566 esse
1816 551 1832 574 ,

247 594 492 663 nihilque
534 595 764 664 amplius
811 595 1178 662 subiudicare;
1211 595 1304 651 scd
1348 597 1394 651 si
1443 599 1564 668 quis
1591 607 1838 654 accurate

245 685 476 754 singula,
503 700 624 756 quae
664 686 805 740 dicta
832 696 972 751 sunt,
1003 689 1293 754 examinet,
1327 703 1571 759 magnam
1599 689 1838 760 praebent

242 777 646 846 contemplandi
669 779 966 842 materiam,
994 781 1317 850 multamque
1337 795 1594 836 sensuum
1619 780 1840 850 profun-

243 867 492 921 ditatem.
525 867 703 922 Primo
726 876 935 936 tempus
955 869 1404 924 considerandum
1427 880 1526 924 est.
1549 870 1665 925 Non
1695 872 1837 925 enim

249 958 568 1029 simpliciter
595 959 726 1014 illud
769 959 967 1014 indicat
992 949 1354 1030 e'vangclista;
1386 978 1558 1030 neque
1584 963 1727 1016 enim
1753 961 1837 1015 di-

250 1051 332 1104 xit
358 1050 530 1104 solum
551 1091 568 1117 ,
597 1050 768 1118 Abiit,
795 1050 888 1106 sed
918 1050 1146 1120 adjecit,
1179 1051 1320 1106 Tunc
1363 1053 1506 1108 abiit.
1531 1051 1714 1108 Tunc!
1752 1053 1839 1108 dic

249 1147 386 1200 mibi
412 1145 748 1214 quandonam
774 1185 790 1211 ,
821 1155 875 1200 et
898 1161 1124 1215 quanam
1152 1146 1218 1200 de
1244 1161 1402 1201 causa
1437 1157 1645 1215 tempus
1693 1147 1836 1201 indi-

248 1236 376 1291 cet!
404 1235 529 1305 quid
556 1251 640 1289 me
661 1235 858 1291 docere
886 1237 998 1290 vult
1028 1235 1052 1288 ?
1080 1236 1193 1290 Non
1225 1237 1367 1292 enim
1415 1246 1619 1292 temere
1638 1236 1836 1291 dictum

249 1335 338 1382 est
363 1325 489 1381 illud
513 1367 528 1393 ,
554 1335 676 1380 tunc
708 1342 727 1380 :
754 1326 1013 1396 siquidem
1043 1342 1164 1381 cum
1190 1325 1392 1396 Spiritu
1428 1336 1606 1382 motus
1654 1327 1842 1397 loque-

251 1428 424 1483 retur,
453 1433 550 1473 nec
579 1428 780 1473 temere
810 1433 909 1472 nec
928 1419 1120 1472 frustra
1147 1418 1483 1487 loquebatur.
1507 1418 1645 1486 Quid
1678 1418 1841 1489 igitur

251 1517 337 1564 est
367 1509 515 1574 illttd,
547 1509 702 1562 tunc?
733 1511 869 1562 Ante
896 1509 1024 1564 illud
1058 1519 1298 1580 tempus,
1328 1521 1451 1565 ante
1481 1512 1623 1565 illam
1651 1511 1836 1567 horam

249 1602 480 1655 accessit
506 1601 758 1654 meretrix
790 1600 1112 1655 alabastrum
1142 1602 1394 1672 unguenti
1421 1601 1644 1667 habens,
1677 1612 1730 1658 et
1755 1602 1837 1657 ef-

255 1690 394 1746 fudit
419 1692 593 1744 oleum
649 1690 776 1744 illud
801 1705 963 1760 super
987 1700 1146 1758 caput
1195 1691 1425 1746 Domini.
1477 1691 1717 1762 Magnam
1747 1708 1840 1747 cu-

253 1798 372 1836 ram
417 1783 678 1847 ostendit,
712 1782 964 1851 grandem
994 1783 1149 1838 tidem
1169 1825 1186 1847 ,
1217 1784 1438 1837 multam
1468 1783 1825 1839 obedientiam

251 1889 318 1927 ac
345 1876 615 1944 pietatem;
645 1875 874 1942 priorem
904 1875 1060 1928 vitam
1091 1876 1347 1941 mutavit,
1377 1875 1510 1930 facta
1539 1886 1620 1932 est
1650 1878 1840 1932 melior

251 1971 308 2017 et
377 1963 777 2030 temperantior.
829 1963 896 2016 Et
964 1964 1176 2032 quando
1243 1969 1497 2020 meretrix
1577 1967 1836 2038 resipuit,

250 2057 468 2119 quando
490 2053 588 2106 sibi
616 2052 894 2106 00minqu
925 2055 1186 2120 attraxit,
1221 2066 1347 2110 tunc
1386 2057 1679 2127 discipulus
1729 2075 1841 2114 ma-

252 2144 477 2214 gistrum
521 2143 773 2214 prodidit.
809 2143 933 2198 Ideo
962 2144 1114 2208 dixit,
1147 2156 1285 2212 tunc,
1319 2163 1386 2202 ne
1429 2147 1736 2217 magistrum
1761 2149 1842 2202 in-

253 2233 523 2288 firmitatis
573 2248 886 2300 accusares,
938 2235 1023 2290 ubi
1075 2237 1286 2292 videres
1338 2254 1459 2292 eum
1503 2255 1535 2294 a
1581 2239 1840 2309 discipulo

250 2323 428 2394 prodi.
454 2323 618 2377 Tanta
661 2324 802 2378 enim
832 2326 911 2378 vis
939 2335 1052 2379 erat
1081 2328 1316 2396 magistri
1340 2369 1354 2393 ,
1380 2337 1436 2383 ut
1462 2330 1624 2384 etiam
1667 2345 1841 2386 mere-

255 2414 414 2469 trices
438 2414 505 2468 ad
535 2415 934 2484 obsequendum
961 2415 1063 2470 sibi
1098 2419 1446 2485 pertraheret.

325 2501 466 2556 Deus
489 2519 590 2556 non
612 2505 899 2558 necessitate
919 2507 1162 2572 pertrahit
1182 2507 1250 2560 ad
1274 2508 1458 2562 bonum
1478 2511 1751 2582 agendum.
1771 2541 1843 2554 â€”

253 2592 393 2659 Quid
423 2593 615 2662 igitur,
646 2593 852 2664 inquies
872 2636 886 2660 ,
912 2595 1002 2664 qui
1031 2597 1340 2652 meretrices
1369 2601 1574 2669 potuit,
1601 2599 1840 2671 discipu-

253 2683 363 2737 lum
390 2683 700 2753 pertrahere
721 2699 825 2738 non
854 2686 1023 2753 potuit
1050 2685 1074 2738 ?
1102 2685 1314 2741 Poterat
1358 2689 1576 2758 quidem
1602 2689 1839 2761 discipu-

253 2773 365 2829 lum
396 2775 723 2843 pertrahere,
755 2773 849 2829 sed
894 2775 1062 2830 noluit
1106 2777 1254 2832 illum
1303 2779 1619 2835 necessitate
1643 2780 1838 2838 bonum

253 2865 452 2930 facere,
481 2880 656 2935 neque
679 2865 730 2919 vi
745 2864 812 2919 ad
835 2881 895 2920 se
925 2867 1251 2934 pertrahere.
1286 2867 1427 2922 Tunc
1445 2870 1634 2924 abiens.
1667 2872 1840 2926 Etiam

255 2953 388 3009 illud
407 2993 424 3021 ,
442 2953 641 3019 abiens,
659 2955 889 3024 aliquam
919 2955 1077 3010 habet
1101 2959 1493 3028 contemplandi
1521 2964 1797 3017 materiam
1825 2980 1840 3016 :

254 3060 365 3099 non
395 3045 538 3099 enim
566 3046 767 3100 accitus
798 3061 830 3101 a
854 3046 1179 3117 principibus
1207 3051 1543 3106 sacerdotum
1564 3095 1579 3120 ,
1614 3069 1718 3109 nou
1752 3070 1845 3109 ne-

256 3135 510 3190 cessitate
554 3134 826 3203 inductus,
860 3152 964 3192 non
990 3151 1233 3204 coactus;
1270 3141 1366 3195 sed
1403 3157 1434 3195 a
1467 3145 1643 3212 seipse
1673 3154 1726 3199 et
1748 3161 1842 3200 sua

253 3237 447 3296 sponte
472 3227 650 3284 dolum
683 3229 906 3297 peperit,
935 3239 988 3284 et
1015 3229 1150 3286 hanc
1165 3233 1354 3286 extulit
1373 3237 1690 3290 sententiam
1712 3277 1726 3300 ,
1750 3255 1845 3293 ne-

253 3319 401 3373 mine
448 3319 552 3372 alio
590 3319 688 3374 sibi
736 3323 980 3391 nequitia:
1029 3322 1186 3392 hujus
1233 3336 1470 3383 auctore.
1507 3327 1647 3382 Tunc
1674 3331 1844 3385 abiens

256 3425 388 3462 unus
416 3408 479 3461 de
515 3409 801 3463 duodecim.
827 3412 960 3478 Quid
989 3422 1090 3479 est,
1119 3413 1264 3469 Unus
1307 3417 1368 3470 de
1396 3418 1656 3472 duodecim
1683 3420 1709 3473 7
1735 3420 1846 3476 lloc

254 3499 333 3554 illi
385 3515 580 3569 magno
622 3502 832 3557 crimini
869 3505 1118 3572 vertitur,
1168 3508 1308 3577 quod
1338 3510 1562 3576 dicatur,
1595 3511 1738 3567 Unus
1783 3515 1846 3567 de

252 3586 546 3642 duodecim.
581 3589 792 3645 Etenim
817 3603 972 3648 erant
1004 3605 1057 3649 et
1085 3597 1173 3650 alii
1196 3597 1318 3652 Jesu
1353 3601 1595 3670 discipuli
1622 3620 1845 3659 numero

254 3680 590 3749 septuaginta
613 3699 625 3733 :
647 3683 740 3735 sed
772 3682 848 3737 illi
875 3686 1136 3741 secundas
1164 3687 1448 3755 habebant,
1475 3693 1551 3746 illi
1575 3709 1678 3748 non
1699 3704 1845 3750 tanto

258 3770 575 3826 fruebantur
619 3773 840 3841 honore,
890 3793 988 3832 nec
1019 3789 1162 3835 tanta
1211 3793 1363 3836 erant
1391 3786 1842 3854 prxditiliducia,

258 3876 364 3916 non
392 3872 656 3918 tantorum
682 3877 832 3920 erant
861 3870 1142 3940 participes
1159 3888 1474 3929 arcanorum
1492 3918 1507 3944 ,
1526 3887 1844 3946 quantormn

253 3954 538 4010 duodecim
569 3959 662 4013 illi.
695 3960 791 4016 llic
817 3963 1047 4018 maxime
1072 3966 1275 4033 probati
1303 3979 1474 4036 erant,
1507 3969 1593 4025 hic
1614 3983 1727 4026 erat
1755 3989 1844 4027 re-

259 4048 377 4117 gius
405 4051 621 4117 chorus;
649 4053 733 4106 hic
762 4068 965 4110 cuneus
985 4059 1239 4127 magistro
1269 4060 1477 4116 ha:reus
1501 4081 1514 4115 :
1543 4064 1610 4117 ab
1637 4064 1735 4119 hoc
1756 4081 1843 4120 re-

255 4139 388 4193 siliit
416 4139 600 4196 ludas.
632 4141 700 4198 Ut
723 4145 880 4213 igitur
908 4149 1080 4203 discas
1107 4165 1210 4203 non
1241 4151 1560 4221 discipulum
1584 4154 1841 4223 simplici-

261 4241 342 4285 ter
390 4233 560 4302 ipsum
619 4236 948 4305 prodidisse,
1004 4240 1098 4294 sed
1145 4259 1307 4296 unum
1353 4259 1418 4298 ex
1473 4245 1844 4313 probatissimo

258 4322 450 4376 ordine
508 4325 626 4380 ideo
654 4327 813 4394 dicit,
847 4329 989 4384 Unus
1013 4335 1073 4385 de
1101 4333 1384 4389 duodecim.
1441 4337 1620 4407 Neque
1648 4341 1844 4396 erube-

251 4413 362 4467 scit
387 4415 453 4477 is,
475 4417 567 4486 qui
592 4417 704 4474 haec
730 4421 940 4492 scripsit
968 4423 1265 4480 Matthaeus.
1323 4431 1496 4494 Quare
1524 4445 1628 4482 non
1654 4433 1844 4487 erube-

252 4505 393 4559 scit?
421 4505 488 4560 Ut
503 4507 676 4564 discas
692 4525 786 4565 eos
814 4525 1028 4582 semper
1050 4529 1170 4569 cum
1193 4517 1412 4572 veritate
1435 4530 1624 4574 cuncta
1641 4521 1838 4588 dicere,

256 4592 482 4652 necâ€”vel
526 4616 586 4654 ea
631 4602 828 4668 celare,
851 4621 969 4674 qua:
999 4606 1098 4660 sibi
1129 4609 1384 4676 probrosa
1410 4611 1674 4665 videntur.
1718 4613 1842 4668 llzec

255 4688 456 4756 quippe
501 4688 610 4758 ipsa
641 4707 758 4759 qua:
786 4693 1029 4748 videntur
1049 4696 1334 4764 probrosa,
1368 4699 1574 4754 Domini
1606 4701 1843 4772 benigni-

254 4787 419 4832 tatem
451 4782 766 4848 ostendunt,
799 4784 938 4852 quod
970 4787 1324 4855 proditorem,
1359 4790 1638 4858 latronem,
1673 4793 1838 4848 furem

249 4871 416 4924 tantis
433 4869 673 4940 dignatus
691 4874 759 4926 sit
783 4875 958 4941 bonis,
972 4885 1026 4929 et
1047 4892 1212 4946 usque
1238 4880 1302 4932 ad
1330 4892 1626 4936 extremam
1655 4883 1838 4940 horam

253 4961 427 5029 ipsum
478 4963 673 5017 tulerit.
719 4965 926 5019 Etenim
966 4966 1318 5034 admonebat,
1350 4970 1693 5038 hortabatur,
1726 4989 1841 5028 om-

253 5067 489 5120 nemque
533 5067 714 5106 curam
741 5055 1124 5124 gerebatillius
1154 5076 1167 5111 :
1197 5060 1335 5128 quod
1384 5063 1426 5114 si
1470 5063 1557 5116 ille
1596 5081 1699 5117 non
1728 5065 1841 5119 ani-

253 5156 398 5194 mum
427 5141 686 5208 adhibuit,
717 5157 820 5198 non
854 5147 902 5198 in
931 5162 1085 5201 causa
1111 5158 1225 5203 erat
1261 5150 1532 5206 Dominus.
1561 5154 1732 5209 Testis
1759 5168 1840 5210 cst

253 5243 366 5300 Ipsa
417 5234 666 5286 meretrix
696 5253 709 5289 :
743 5235 829 5288 illa
861 5251 1090 5306 namque
1118 5255 1236 5292 cum
1269 5242 1366 5294 sibi
1393 5245 1716 5310 attenderet,
1750 5263 1838 5300 sa-

249 5321 414 5376 lutem
445 5336 595 5377 nacta
627 5334 725 5380 est.
758 5325 835 5380 Ne
866 5328 1044 5396 itaque
1084 5330 1336 5400 desperes
1361 5375 1373 5396 ,
1409 5335 1551 5388 illam
1581 5348 1838 5392 contuens

251 5416 619 5478 meretricem;
643 5433 812 5488 neque
833 5420 1070 5474 cantidas
1093 5423 1204 5489 tibi,
1224 5423 1289 5477 ad
1315 5425 1501 5480 .ludam
1524 5430 1834 5498 respiciens.

253 5503 546 5577 Utrumque
570 5510 710 5562 enim
737 5512 1090 5579 perniciosum
1114 5526 1195 5569 est
1213 5527 1264 5569 et
1287 5519 1553 5574 conlidere
1577 5532 1630 5575 et
1651 5521 1838 5590 despe-

247 5611 368 5650 rare
399 5613 414 5648 z
445 5599 766 5654 conï¬dentia
815 5603 955 5656 enim
985 5614 1211 5661 stantem
1241 5611 1558 5676 prosternit;
1587 5612 1838 5682 deSpera-

249 5689 544 5757 tiolapsum
574 5706 855 5761 resurgere
882 5709 987 5748 non
1018 5696 1161 5751 sinit.
1193 5698 1317 5753 ldeo
1346 5699 1537 5754 Paulus
1559 5701 1641 5755 his
1663 5704 1837 5760 verbis

247 5779 562 5835 hortabatur
594 5799 605 5834 :
639 5782 737 5847 Qui
760 5784 951 5839 videtur
977 5797 1128 5853 stare,
1154 5789 1316 5842 videat
1347 5807 1408 5844 ne
1432 5793 1581 5845 cadat
1608 5795 1679 5864 (l.
1713 5796 1829 5850 Cor.

1351 407 1441 464 DE
1477 409 1891 468 PRODITIONE
1928 412 2123 470 JUDJ'I
2152 411 2376 466 ll0.\lll..
2411 406 2453 463 1.

3423 399 3532 458 576

1947 511 2036 566 l0.
2068 510 2181 568 12).
2208 509 2384 564 llabes
2404 508 2680 562 amborum
2709 506 2975 578 exempla,
3003 505 3270 577 quomodo
3300 509 3531 580 discipuo

1941 601 2027 656 lus
2050 613 2170 656 cum
2190 607 2336 654 stare
2364 596 2651 661 videretur,
2682 597 2956 662 ceciderit,
2984 606 3039 652 et
3065 598 3334 669 quomodo
3354 616 3532 656 mere-

1943 692 2050 748 trix
2065 693 2250 762 jacens
2276 689 2594 746 surrexerit.
2626 689 2707 744 Ad
2732 688 2937 759 lapsum
2969 704 3171 758 pronus
3205 702 3286 744 est
3323 692 3532 746 animus

1941 793 2158 847 noster,
2200 784 2447 839 volubilis
2476 784 2717 837 voluntas
2747 800 2762 838 :
2793 783 3138 852 quamobrem
3169 798 3304 854 opus
3346 793 3431 840 est
3471 795 3533 839 ut

1942 889 2042 928 nos
2085 873 2318 943 undique
2376 873 2680 928 muniamus
2727 873 3121 943 sepiamusque.
3177 873 3317 928 Tunc
3362 875 3535 928 abiens

1940 981 2072 1018 unus
2113 964 2177 1018 de
2218 964 2502 1030 duodecim,
2527 962 2695 1017 ludas
2741 961 3030 1017 Iscariutes.
3091 962 3278 1018 Videnâ€˜
3310 979 3341 1018 a
3388 965 3532 1034 quali

1942 1054 2111 1108 choro
2140 1053 2439 1108 exciderit?
2460 1053 2635 1108 videnâ€˜
2667 1068 2825 1123 quam
2852 1052 3148 1108 doctrinam
3177 1053 3481 1128 despexerit
3511 1054 3536 1107 á¼²

1942 1146 2116 1200 videnâ€™
2156 1155 2407 1215 quantum
2452 1146 2648 1200 malum
2688 1145 2756 1198 sit
2782 1144 3038 1215 segnities
3077 1155 3131 1199 et
3161 1145 3481 1214 negligentia
3508 1143 3535 1197 Ï„

1940 1236 2109 1290 Judas
2136 1237 2222 1307 qui
2243 1236 2502 1290 dicebatur
2529 1235 2824 1290 Iscariotes.
2867 1236 2974 1292 Cur
3003 1236 3132 1290 mihi
3163 1237 3387 1307 patriam
3418 1235 3535 1305 ejus

1942 1342 2207 1383 memoras
2244 1330 2268 1380 â€˜l
2297 1327 2509 1382 Utinam
2531 1343 2598 1380 ne
2627 1328 2799 1397 ipsum
2829 1327 3041 1397 quidem
3069 1341 3283 1382 nossem
3320 1327 3334 1382 Îµ
3364 1325 3534 1382 ludas

1940 1417 2028 1489 qui
2061 1416 2322 1471 dicebatur
2345 1415 2639 1472 Iscariotes.
2667 1413 2778 1471 Cur
2797 1417 2914 1484 ejus
2941 1417 3210 1472 civitatem
3239 1416 3483 1470 nominas
3509 1415 3534 1470 2

1942 1510 2093 1564 Alius
2117 1517 2232 1565 erat
2267 1508 2431 1564 ludas
2458 1508 2770 1580 discipulus,
2802 1519 3156 1579 cognomento
3185 1508 3400 1563 Zelotes
3425 1526 3438 1561 :
3466 1524 3534 1563 ne

1941 1600 2102 1671 igitur
2120 1615 2185 1656 ex
2216 1601 2405 1655 eodem
2436 1601 2653 1656 nomine
2703 1616 2857 1655 error
2899 1611 3208 1656 nasceretur
3227 1642 3242 1666 ,
3275 1600 3416 1655 hunc
3446 1600 3535 1656 di~

1942 1691 2128 1746 stinxit
2145 1691 2211 1745 ab
2237 1691 2329 1744 illo
2352 1707 2368 1744 :
2390 1701 2440 1744 et
2464 1691 2609 1744 illum
2632 1691 2844 1760 quidem
2863 1707 2892 1746 a
2911 1694 3103 1747 virtute
3130 1692 3422 1747 nominavit
3441 1692 3534 1746 Ju-

1941 1780 2038 1835 das
2070 1781 2310 1847 Zelotes,
2347 1780 2490 1836 hunc
2521 1791 2700 1836 autem
2729 1798 2759 1836 a
2789 1782 3021 1852 nequitia
3050 1797 3154 1836 non
3187 1783 3483 1838 nominavit
3515 1802 3529 1838 :

1942 1886 2116 1942 neque
2166 1872 2308 1925 enim
2337 1871 2494 1938 dixit,
2526 1871 2689 1927 ludas
2717 1873 2976 1943 proditor.
3016 1875 3175 1943 Atqui
3218 1891 3310 1943 par
3335 1883 3451 1929 erat
3477 1883 3536 1932 ut

1942 1963 2090 2018 illum
2118 1979 2146 2016 a
2178 1966 2372 2019 virtute
2401 1965 2724 2031 nominavit,
2770 1965 3091 2044 buneetiam
3118 1982 3149 2020 a
3181 1967 3410 2036 nequitia
3439 1982 3535 2037 ap-

1943 2055 2142 2123 pellare
2168 2069 2231 2110 ac
2257 2054 2456 2120 dicere,
2486 2054 2653 2111 Judas
2679 2055 2921 2125 proditor
2945 2075 2959 2110 :
2991 2073 3175 2112 verum
3207 2068 3265 2111 ut
3292 2067 3345 2112 te
3368 2058 3534 2112 doce-

1946 2154 2027 2198 ret
2051 2145 2281 2216 linguam
2304 2145 2642 2200 accusatione
2671 2161 2855 2216 puram
2883 2161 3100 2203 servare
3125 2187 3141 2212 ,
3169 2148 3250 2202 vel
3283 2147 3382 2219 ipsi
3412 2163 3535 2216 pro-

1943 2235 2101 2290 ditori
2133 2237 2320 2305 parcit.
2349 2237 2535 2292 Abiens
2549 2237 2713 2304 enim,
2740 2237 2928 2308 inquit.
2955 2237 3125 2292 ludas
3165 2237 3440 2294 lscariotes
3466 2240 3535 2292 ad

1943 2328 2195 2397 principes
2220 2328 2536 2383 sacerdotum
2559 2370 2573 2394 ,
2598 2329 2670 2382 ait
2707 2329 2809 2382 illis
2830 2346 2849 2382 :
2887 2330 3023 2395 Quid
3049 2330 3199 2384 cultis
3223 2330 3346 2382 mihi
3374 2329 3498 2384 dare
3514 2372 3531 2396 ,

1943 2428 1990 2473 et
2035 2434 2128 2489 ego
2172 2420 2309 2474 vobis
2362 2419 2561 2472 tradam
2599 2435 2717 2472 eum
2743 2421 2770 2473 .7
2805 2419 2851 2473 0
2879 2419 3260 2474 exsecrandum
3298 2434 3481 2475 vocem
3514 2422 3530 2475 !

1947 2510 2217 2579 quomodo
2243 2525 2307 2565 ex
2330 2525 2423 2565 ore
2447 2510 2676 2575 exsiliit,
2722 2511 2989 2580 quomodo
3038 2510 3272 2580 linguam
3321 2511 3534 2566 movit?

1943 2600 2212 2670 quomodo
2239 2610 2408 2655 totum
2425 2615 2620 2672 corpus
2643 2617 2749 2656 non
2767 2601 3039 2671 obtorpuit
3055 2601 3078 2655 ?
3094 2601 3361 2672 quomodo
3382 2617 3536 2657 mens

1944 2707 2050 2746 non
2077 2693 2354 2748 excessit?
3194 2744 3205 2768 Îº

2017 2781 2070 2834 5.
2108 2781 2244 2847 Quid
2269 2782 2414 2836 vultis
2454 2783 2577 2837 mihi
2602 2783 2757 2848 dare,
2782 2792 2828 2836 et
2858 2799 2950 2854 ego
2984 2783 3120 2838 vobis
3146 2785 3345 2838 tradam
3377 2801 3490 2838 eum
3511 2785 3536 2836 â€˜l

1945 2870 2194 2926 Haeccine
2223 2882 2273 2926 te
2299 2873 2480 2927 docuit
2502 2873 2768 2941 Christus,
2795 2874 2882 2929 dic
2906 2874 3033 2929 mihi
3060 2874 3084 2927 ?
3111 2890 3289 2930 nonne
3317 2875 3436 2930 ideo
3456 2876 3538 2931 di-

1945 2960 2098 3014 cebat
2118 2977 2138 3014 :
2169 2959 2344 3015 Nolite
2369 2963 2626 3030 possidere
2649 2981 2833 3016 aurum
2871 2981 3029 3032 neque
3052 2975 3350 3035 argentum,-
3379 2980 3538 3034 neque

1945 3071 2015 3109 (es
2039 3055 2091 3108 in
2118 3055 2260 3109 zonis
2290 3057 2464 3109 uestris
2503 3055 2712 3125 (Matth.
2748 3057 2833 3111 10.
2864 3057 2951 3127 9),
2986 3067 3043 3112 ut
3083 3059 3360 3111 avaritiam
3390 3057 3536 3113 illam

1951 3145 2062 3214 jam
2089 3146 2216 3200 olim
2244 3147 2296 3200 in
2329 3156 2378 3201 Ie
2397 3148 2821 3217 comprimeret?
2844 3163 3020 3202 nonne
3043 3147 3156 3201 [nec
3180 3147 3392 3203 assidue
3423 3149 3539 3202 bor-

1948 3237 2179 3303 tabatur,
2199 3252 2259 3290 ac
2290 3249 2549 3305 pneterea
2579 3239 2787 3293 dicebat
2822 3255 2835 3290 :
2869 3239 2932 3293 Si
2970 3239 3081 3307 quis
3102 3248 3149 3291 te
3170 3239 3465 3307 percusserit
3485 3241 3538 3293 in

1947 3328 2206 3381 dexteram
2228 3329 2505 3391 maxillam,
2533 3340 2665 3382 verte
2700 3329 2779 3383 illi
2811 3341 2857 3382 et
2883 3330 3038 3382 aliam
3066 3329 3276 3398 (Matth.
3300 3331 3353 3385 5.
3380 3331 3448 3384 39
3476 3330 3494 3401 )
3517 3335 3538 3384 á¿ª

1950 3417 2086 3482 Quid
2107 3417 2252 3470 vultis
2274 3418 2397 3471 mihi
2427 3421 2582 3485 dare,
2611 3429 2655 3472 et
2679 3436 2769 3488 ego
2809 3419 2950 3473 vobis
2967 3415 3541 3486 tradameumtblatth.

1946 3506 2035 3560 26.
2065 3508 2131 3562 15
2156 3509 2176 3578 )
2200 3507 2222 3560 ?
2247 3507 2292 3562 ÎŸ
2317 3509 2593 3563 stultitiam
2623 3510 2637 3564 Îž
2672 3509 2776 3564 Pro
2808 3523 2908 3579 qua
2932 3526 3012 3575 re,
3039 3524 3241 3579 quasso,
3270 3525 3427 3578 quam
3456 3510 3535 3563 vel

1948 3613 2167 3668 parvam
2197 3601 2278 3654 vel
2323 3615 2570 3670 magnam
2616 3602 3012 3656 accusationem
3054 3599 3295 3671 proferre
3324 3601 3537 3667 valens,

1949 3691 2263 3760 magistrum
2296 3692 2476 3760 prodis
2502 3691 2526 3743 ?
2556 3707 2624 3744 an
2655 3693 2777 3761 quia
2805 3701 3122 3761 potestatem
3153 3692 3244 3745 tibi
3275 3691 3420 3746 dedit
3440 3692 3538 3746 ad-

1948 3796 2135 3835 versus
2173 3780 2488 3835 daemonas?
2517 3797 2586 3835 an
2616 3783 2738 3851 quia
2779 3785 2994 3837 morbos
3035 3799 3226 3837 curare
3272 3782 3426 3849 fecit,
3454 3782 3537 3837 vel

1948 3871 2148 3939 lepram
2175 3871 2436 3926 mundare
2457 3872 2561 3925 ?an
2589 3871 2711 3941 quia
2737 3883 2976 3927 mortuos
3000 3873 3376 3928 suscitare?an
3395 3873 3536 3943 quod

1948 3969 2134 4015 contra
2189 3962 2374 4016 mortis
2416 3963 2750 4032 tyrannidem
2805 3971 2856 4017 te
2899 3964 3173 4018 constituit
3213 3964 3236 4016 á¼²
3282 3964 3539 4020 hanceine

1948 4054 2249 4109 mercedem
2306 4070 2404 4125 pro
2444 4064 2521 4109 tot
2573 4054 2847 4111 beneï¬ciis
2891 4056 3350 4125 rependis?Quid
3391 4056 3541 4110 uultis

1947 4146 2071 4198 mihi
2095 4145 2236 4210 dare,
2269 4156 2316 4200 et
2334 4163 2424 4217 ego
2453 4145 2590 4200 vobis
2611 4164 2725 4201 eum
2747 4148 2944 4200 tradam
2968 4149 2992 4201 Î–)
3016 4147 3059 4202 ÎŸ
3085 4149 3366 4203 stultitiam
3393 4152 3406 4204 !
3435 4150 3542 4206 imo

1949 4238 2154 4305 potius,
2185 4251 2220 4291 Î¿
2244 4238 2519 4290 avaritiam
2549 4237 2562 4290 !
2595 4253 2716 4290 nam
2745 4235 2860 4291 haec
2886 4249 2962 4292 tot
2994 4239 3132 4292 mala
3161 4240 3365 4309 peperit
3394 4257 3407 4293 :
3443 4241 3541 4294 hu-

1943 4329 2029 4400 jus
2051 4330 2140 4384 ille
2155 4329 2585 4399 concupiscentia
2604 4330 2916 4400 magistrum
2938 4330 3190 4399 prodidit.
3213 4331 3358 4385 Talis
3379 4332 3467 4402 qui
3476 4348 3535 4402 p-

1949 4435 2015 4489 pe
2040 4431 2121 4474 est
2140 4419 2227 4474 illa
2254 4419 2392 4473 mala
2424 4419 2604 4486 radix;
2635 4435 2767 4490 quas
2796 4421 3214 4476 invaditauimas
3243 4424 3362 4494 plus
3383 4439 3541 4492 quam

1947 4513 2159 4567 daemon
2180 4514 2232 4567 in
2260 4513 2494 4568 furorem
2518 4514 2706 4580 vertit,
2730 4514 2966 4568 omnium
2999 4514 3352 4582 ignorantiam
3383 4516 3538 4585 parit,

1948 4615 2004 4660 et
2024 4606 2103 4660 sui
2133 4616 2186 4660 et
2215 4605 2440 4674 proximi
2473 4614 2528 4660 et
2548 4606 2870 4659 naturalium
2897 4605 3186 4676 legum,ah
3218 4609 3329 4675 ipsa
3363 4617 3542 4664 mente

1946 4699 2213 4752 excedere
2240 4696 2393 4764 facit,
2418 4707 2474 4752 et
2495 4697 2728 4752 furiosos
2749 4698 2934 4752 efï¬cit.
2970 4697 3104 4753 Vide
3134 4708 3328 4768 quanta
3354 4716 3417 4752 ex
3449 4699 3542 4753 Juâ€”

1947 4787 2027 4841 dae
2055 4787 2233 4840 animo
2259 4785 2476 4856 cjecerit
2495 4829 2512 4854 ,
2536 4789 3032 4852 conversationem,
3057 4787 3498 4842 consuetudinem
3521 4829 3536 4853 ,

1945 4894 2145 4934 mensas
2172 4879 2482 4934 societatem
2503 4920 2517 4943 ,
2548 4879 2824 4946 miracula,
2855 4879 3154 4933 doctrinam
3175 4922 3188 4944 ,
3214 4881 3542 4933 cohortatio-

1945 4988 2097 5037 nem,
2121 4971 2536 5027 admonitionem
2572 4992 2586 5028 :
2621 4973 2670 5025 in
2700 4973 2893 5027 borum
2933 4975 3172 5026 omnium
3215 4973 3536 5027 oblivionem

1949 5075 2078 5119 tunc
2104 5065 2336 5134 conjecit
2356 5081 2478 5120 eum
2501 5065 2747 5120 avaritia.
2781 5065 2903 5120 ldeo
2925 5065 3119 5120 Paulus
3140 5065 3261 5135 jure
3288 5065 3534 5119 (licebat:

1945 5153 2117 5207 Rudis:
2147 5156 2370 5208 omnium
2411 5157 2661 5209 malorum
2700 5166 2770 5209 est
2815 5155 3026 5209 avaritia
3055 5155 3074 5226 (
3105 5157 3152 5210 l.
3182 5155 3311 5208 Tim.
3338 5155 3389 5210 6.
3424 5156 3536 5227 10).

1947 5245 2083 5311 Quid
2110 5246 2257 5300 vultis
2288 5247 2408 5298 mihi
2426 5247 2576 5311 dare,
2599 5258 2644 5299 et
2662 5263 2752 5316 ego
2782 5246 2916 5300 vobis
2936 5263 3051 5299 eum
3077 5248 3273 5299 tradant
3303 5246 3328 5299 .â€™
3353 5247 3535 5316 Magna

1944 5337 2068 5390 dicti
2102 5338 2343 5391 stultitia.
2369 5338 2627 5393 Tradisne
2648 5379 2661 5402 ,
2695 5353 2897 5406 quaeso,
2935 5353 3057 5392 eum
3098 5339 3184 5404 qui
3214 5337 3387 5391 omnia
3419 5353 3539 5391 cou-

1945 5429 2109 5495 t'met,
2145 5431 2478 5486 dtetnonihus
2510 5433 2771 5500 imperat,
2802 5433 2932 5486 mari
2964 5432 3241 5502 praecipit,
3276 5434 3535 5485 universa:

1944 5534 2149 5579 natura:
2179 5526 2505 5579 Dominum?
2546 5527 2610 5580 Ut
2644 5526 2801 5594 igitur
2828 5527 2946 5595 ejus
2992 5527 3354 5594 arrogantiam
3397 5541 3536 5578 com-

1945 5616 2230 5684 primeret,
2282 5625 2336 5670 ct
2374 5616 2678 5670 ostenderet
2705 5632 2760 5672 se
2785 5659 2799 5679 ,
2829 5617 2874 5671 si
2924 5617 3214 5679 noluisset,
3249 5631 3535 5686 numquam

1945 5708 2192 5761 traditum
2226 5707 2310 5771 iri,
2334 5709 2454 5761 audi
2477 5708 2601 5777 quid
2632 5707 3028 5764 faciat:eodem
3056 5707 3370 5778 proditionis
3400 5717 3538 5761 tem-

1947 5814 2098 5868 pore,
2129 5815 2246 5854 cum
2281 5800 2452 5870 ipsum
2487 5799 2819 5864 invaderent,
2854 5814 2975 5854 cum
3007 5798 3256 5866 fustibus,
3281 5799 3534 5870 lampadi-
