4164 6324
614 381 717 437 377

617 490 715 546 bus
731 500 784 546 et
805 490 1028 560 lumine,
1046 491 1175 549 dicit
1199 491 1320 553 illis,
1344 492 1502 560 Quem
1522 493 1746 561 qua'ritis
1772 492 1953 563 (Joan.
1978 494 2064 547 l8.
2088 494 2118 547 4
2145 491 2200 564 )ἳ

616 592 669 636 et
699 583 1011 653 ignorabant
1033 599 1193 654 quem
1224 599 1415 654 capere
1443 584 1720 640 deberent.
1748 584 1973 640 Tantum
1998 585 2201 651 aberat,

620 681 675 725 nt
710 689 832 726 eum
882 672 1045 727 Iudas
1094 674 1305 729 tradere
1352 684 1561 744 posset,
1590 684 1651 730 ut
1676 692 1848 745 neque
1877 684 2204 744 praesentem

618 773 865 818 cerneret
893 779 1014 818 eum
1034 805 1047 829 ,
1074 780 1233 833 quem
1274 765 1564 820 traditurus
1584 775 1699 820 erat
1718 806 1734 831 ,
1768 766 1890 820 licet
1913 779 2035 818 cum
2070 764 2203 819 lam-

620 857 843 926 padibus
868 868 921 912 et
946 857 1145 912 lumine
1175 866 1356 912 tanto:
1386 857 1488 912 hoc
1524 858 1862 913 subindicans
1880 856 2205 925 evangelista

620 946 769 1012 dicit,
800 948 1076 1017 lampades
1104 947 1369 1003 habebant
1401 956 1456 1004 et
1483 949 1660 1004 lumen
1681 990 1696 1015 ,
1724 958 1777 1003 et
1805 962 1911 1002 non
1956 946 2207 1001 videbant

626 1052 743 1094 eum
772 1037 928 1109 (Ibid.
957 1039 1043 1107 ὅ).

694 1130 869 1185 Libere
892 1132 1072 1185 bonum
1098 1148 1387 1201 aperamur,
1414 1149 1511 1186 non
1536 1132 1842 1186 necessitate.
1866 1160 1937 1171 —
1957 1130 2208 1197 Quotidie

621 1220 865 1275 Christus
906 1236 1028 1275 eum
1072 1222 1580 1277 eommouefaciebat
1622 1231 1729 1275 tum
1771 1222 2051 1289 operibus,
2098 1230 2207 1274 tum

622 1314 798 1367 verbis
824 1313 1110 1369 ostendens
1130 1355 1144 1379 ,
1177 1315 1315 1384 quod
1347 1330 1466 1368 eum
1499 1329 1602 1368 non
1637 1313 1798 1370 latere
1829 1323 2007 1383 posset
2035 1313 2211 1382 prodi-

626 1414 821 1459 turus:
855 1420 1027 1474 neque
1067 1406 1237 1475 palam
1277 1420 1399 1460 eum
1440 1407 1795 1475 prarsentibus
1837 1405 2085 1460 omnibus
2119 1418 2208 1458 ar-

624 1495 833 1564 guebat,
860 1509 926 1549 ne
946 1494 1023 1549 sic
1050 1494 1495 1563 impudentiorem
1518 1496 1787 1562 redderet,
1811 1511 1982 1565 neque
2006 1494 2212 1551 tacebat

625 1587 785 1641 etiam
808 1629 822 1653 ,
855 1603 921 1641 ne
947 1588 989 1642 si
1018 1587 1185 1642 latere
1211 1603 1268 1642 se
1297 1597 1531 1657 putasset
1558 1630 1572 1651 ,
1612 1588 1726 1641 sine
1756 1584 1897 1642 metu
1937 1588 2000 1641 ad
2030 1585 2211 1656 prodi-

629 1681 824 1734 tionem
850 1680 1048 1733 veniret
1080 1697 1091 1732 :
1120 1680 1213 1733 sed
1242 1679 1548 1748 frequenter
1572 1679 1802 1744 dicebat,
1832 1677 1973 1732 Umts
1998 1691 2212 1731 vestrum

627 1771 787 1823 tradet
813 1786 930 1835 me;
959 1786 1130 1839 neque
1157 1779 1332 1825 tamen
1364 1784 1484 1823 eum
1528 1771 1701 1839 palam
1733 1769 2037 1824 declarabat
2074 1768 2212 1822 mul-

626 1869 711 1916 tos
736 1862 806 1917 de
841 1860 1083 1934 gehenna
1113 1874 1390 1915 sermones
1417 1860 1762 1927 instituebat,
1794 1860 1989 1913 multos
2025 1860 2090 1913 de
2124 1874 2213 1913 re-

626 1968 732 2022 gno
759 1972 771 2006 :
796 1967 1054 2022 suamque
1076 1954 1127 2006 in
1150 1952 1249 2007 hac
1276 1960 1499 2021 utraque
1520 1968 1577 2007 re
1601 1953 1885 2023 potentiam
1908 1952 2213 2016 exhibebat.

626 2043 739 2098 sive
759 2043 809 2096 in
833 2042 1101 2111 puniendo
1121 2053 1454 2112 peccatores,
1478 2043 1591 2099 sive
1616 2042 1669 2096 in
1690 2042 2002 2098 honorando
2024 2042 2213 2112 justus.

628 2129 826 2186 Verum
860 2133 973 2187 hac
1001 2132 1178 2187 omnia
1210 2133 1300 2188 ille
1326 2132 1567 2203 despexit
1587 2175 1601 2191 ,
1636 2133 1776 2187 Deus
1812 2141 1987 2188 autem
2016 2133 2065 2186 vi
2092 2148 2214 2187 eum

630 2240 735 2279 non
778 2225 1015 2278 attraxit.
1059 2224 1194 2291 Quia
1235 2225 1376 2277 enim
1419 2234 1475 2278 et
1517 2223 1809 2286 malorum,
1855 2232 1911 2277 et
1954 2223 2215 2279 bonorum

629 2330 849 2384 operum
877 2314 1151 2369 electionis
1179 2328 1277 2369 nos
1296 2313 1541 2368 dominos
1565 2313 1706 2379 fecit,
1733 2330 1829 2370 nos
1857 2316 2022 2370 libere
2048 2314 2217 2370 bonos

630 2407 741 2460 vult
767 2420 909 2460 esse.
942 2405 1065 2459 Ideo
1091 2406 1134 2458 si
1165 2404 1496 2460 noluerimus
1519 2446 1533 2468 ,
1566 2420 1671 2459 non
1708 2406 1885 2475 cogit,
1918 2420 2087 2475 neque
2118 2420 2217 2458 ne-

629 2499 931 2553 cessitatem
963 2496 1121 2552 infert
1150 2516 1164 2551 :
1197 2512 1317 2551 nam
1343 2508 1585 2551 coactum
1616 2512 1737 2552 esse
1768 2498 1963 2551 bonum
1983 2538 1997 2561 ,
2027 2498 2077 2551 id
2110 2512 2216 2551 non

628 2598 711 2643 est
748 2602 867 2644 esse
910 2587 1126 2642 bonum.
1176 2587 1438 2655 Quoniam
1483 2588 1642 2659 igitur
1679 2598 1733 2643 et
1774 2588 1859 2643 ille
1892 2588 2095 2642 arbitrii
2136 2588 2218 2643 sui

630 2678 876 2733 dominus
904 2688 1017 2733 erat
1036 2719 1052 2743 ,
1080 2687 1133 2734 et
1158 2679 1210 2732 in
1236 2680 1354 2748 ejus
1382 2687 1645 2747 potestate
1674 2688 1788 2732 erat
1824 2694 1929 2732 non
1958 2677 2217 2748 obsequi,

631 2780 684 2825 et
711 2770 779 2825 ad
803 2771 1078 2825 avaritiam
1106 2785 1210 2826 non
1237 2772 1503 2825 declinare
1526 2813 1541 2836 ,
1572 2770 1693 2825 ideo
1718 2781 1897 2825 mente
1923 2780 2219 2826 exerceatns

630 2870 735 2923 est,
759 2869 821 2914 et
837 2861 1062 2917 salutem
1089 2876 1237 2915 suam
1266 2861 1496 2928 prodidit
1528 2878 1542 2913 :
1566 2872 1621 2915 et
1641 2860 1735 2924 ait,
1765 2862 1901 2927 Quid
1928 2863 2073 2915 ruitis
2096 2860 2221 2914 mihi

629 2952 753 3005 dare
772 2992 786 3017 ,
816 2962 862 3005 et
889 2968 979 3021 ego
1004 2952 1141 3005 vobis
1163 2968 1276 3004 eum
1302 2951 1499 3005 tradam
1518 2953 1545 3007 ?
1568 2951 1757 3006 Mentis
1792 2952 1950 3021 igitur
1976 2952 2089 3021 ejus
2115 2966 2222 3005 cm-

628 3041 842 3096 citatem
867 3051 924 3098 et
948 3042 1208 3098 insaniam
1236 3057 1464 3112 arguens
1491 3042 1814 3112 evangelista
1842 3044 1947 3110 ait,
1979 3052 2218 3112 tempore

630 3132 923 3187 invasionis
957 3131 1148 3188 Iudam
1192 3148 1360 3203 prope
1404 3148 1499 3188 eos
1541 3134 1789 3199 stetisse,
1831 3134 1978 3187 illum
2014 3134 2219 3190 scilicet

628 3223 718 3295 qui
754 3222 1001 3278 dixerat:
1033 3224 1169 3290 Quid
1197 3224 1348 3279 vultis
1388 3225 1510 3277 mihi
1550 3226 1699 3292 dare,
1731 3234 1777 3278 et
1814 3242 1905 3295 ego
1942 3225 2077 3279 vobis
2102 3242 2219 3279 eum

629 3316 869 3369 tradam?
894 3314 1078 3385 Neque
1109 3316 1234 3369 hinc
1260 3318 1436 3370 solum
1464 3324 1700 3385 potestas
1727 3314 1925 3369 Christi
1952 3317 2219 3386 conspici-

629 3413 737 3471 tur,
759 3404 855 3461 sed
876 3406 1035 3460 etiam
1059 3406 1201 3476 quod
1228 3406 1346 3476 ipso
1367 3421 1551 3460 vocem
1573 3407 1868 3473 emittente,
1900 3407 2220 3462 recesserint

629 3496 705 3553 illi
731 3508 785 3552 ct
810 3496 1101 3553 ceciderint
1146 3497 1199 3551 in
1241 3508 1459 3552 terram.
1500 3497 1633 3564 Quia
1670 3512 1803 3554 vero
1844 3513 2018 3569 neque
2046 3498 2123 3553 sic
2151 3498 2220 3552 ab

629 3589 954 3661 impudentia
980 3588 1331 3657 destiterunt,
1360 3590 1573 3645 demum
1609 3590 1842 3660 seipsum
1879 3590 2129 3657 tradidit,
2156 3606 2221 3647 ac

629 3681 674 3736 si
704 3679 927 3735 dixisset
958 3698 971 3734 :
1002 3678 1155 3748 Quod
1191 3695 1369 3735 meum
1397 3690 1512 3735 erat
1550 3689 1719 3735 totum
1755 3680 1856 3735 feci
1876 3722 1892 3745 ,
1927 3681 2218 3751 potentiam

628 3771 895 3827 declaravi
936 3786 1107 3827 meam
1132 3813 1150 3839 ,
1177 3773 1383 3828 ostendi
1426 3789 1522 3829 vos
1562 3789 1625 3830 ea
1668 3773 1914 3844 aggredi,
1946 3790 2065 3845 qua:
2104 3775 2218 3832 ﬁeri

630 3872 920 3935 nequeant.
952 3862 1208 3920 Volebam
1245 3864 1532 3934 nequitiam
1560 3867 1791 3921 vestram
1818 3867 2172 3937 comprimere
2200 3885 2215 3923 :

628 3956 843 4027 quando
868 3966 1045 4012 autem
1073 3973 1167 4012 vos
1194 3957 1459 4025 noluistis,
1486 3959 1580 4014 sed
1603 3960 1653 4014 in
1682 3959 1885 4015 insania
1911 3975 2221 4032 persevera-

630 4048 730 4112 tis,
763 4046 1025 4118 meipsum
1054 4048 1236 4118 utique
1272 4047 1441 4103 trado.
1484 4048 1609 4104 Eme
1644 4064 1805 4119 porro
1831 4050 1975 4119 dixi,
2007 4067 2073 4107 ne
2103 4053 2221 4122 qni-

627 4124 751 4193 dam
786 4136 1061 4193 Christum
1102 4148 1452 4205 accusarent,
1479 4154 1544 4194 ac
1582 4140 1856 4209 dicerent,
1883 4142 1991 4197 Cur
2027 4141 2219 4198 ludam

630 4247 738 4288 non
766 4233 1025 4288 mutavit?
1054 4247 1151 4287 cur
1182 4247 1304 4288 eum
1348 4240 1735 4304 temperantem
1782 4233 2221 4305 moderatumque

630 4340 737 4381 non
780 4323 950 4381 fecit?
989 4324 1270 4393 Quomodo
1320 4340 1441 4381 eum
1490 4324 1826 4381 moderatum
1871 4325 2085 4383 efﬁcere
2125 4341 2222 4397 par

625 4418 779 4471 erat?
806 4418 1196 4474 necessitatene
1213 4458 1231 4483 ,
1257 4433 1327 4472 an
1357 4416 1621 4474 arbitrio?
1649 4416 1705 4473 Si
1731 4417 1949 4489 quidem
1978 4419 2218 4476 necessi-

631 4515 742 4562 tate
760 4548 778 4573 ,
805 4520 979 4577 neque
1001 4507 1082 4562 sic
1110 4508 1302 4562 melior
1330 4506 1539 4563 futurus
1565 4515 1719 4573 erat;
1748 4507 1925 4563 nullus
1949 4508 2092 4564 enim
2121 4523 2219 4564 ne-

627 4598 878 4653 cessitate
916 4597 1109 4655 melior
1144 4597 1451 4654 el'llciatur:
1490 4599 1537 4654 si
1575 4598 1797 4655 arbitrio
1828 4608 1884 4656 et
1922 4600 2217 4668 electione,

628 4687 809 4745 omnia
833 4704 1184 4761 quaecumque
1210 4689 1487 4745 arbitrium
1513 4698 1565 4746 et
1595 4690 1916 4747 electionem
1948 4694 2220 4762 corrigere

627 4787 911 4850 poterant,
957 4779 1150 4834 intulit.
1197 4778 1255 4834 Si
1294 4788 1471 4835 autem
1510 4780 1600 4836 ille
1638 4780 1935 4838 remedium
1972 4784 2220 4853 accipere

629 4869 803 4926 noluit
820 4910 837 4935 ,
864 4884 972 4925 non
1003 4869 1104 4925 I'uit
1128 4868 1321 4926 medici
1350 4872 1539 4942 culpa,
1565 4871 1660 4928 sed
1690 4873 1808 4943 ejus
1833 4871 1925 4944 qui
1954 4875 2217 4932 medelam

629 4960 848 5030 repulit.
872 4959 1006 5015 Vide
1031 4960 1189 5031 igitur
1206 4970 1403 5033 quanta
1426 4962 1611 5019 iecerit
1631 4971 1691 5020 ut
1707 4979 1829 5020 eum
1847 4965 1915 5020 ad
1942 4966 2218 5024 meliorem

627 5052 837 5121 frugem
865 5058 923 5107 et
952 5051 1181 5106 salutem
1210 5052 1534 5109 reduceret:
1560 5068 1775 5111 omnem
1818 5069 1941 5111 eum
1985 5054 2218 5126 philoso-

628 5140 810 5210 phiam
830 5140 1013 5197 docuit
1034 5141 1285 5213 operibus
1310 5143 1461 5215 ipsis,
1481 5153 1642 5215 atque
1666 5146 1864 5213 verbis,
1886 5147 2220 5205 demonibus

628 5230 965 5298 superiorem
994 5231 1155 5299 fecit,
1186 5232 1491 5290 lacullatem
1517 5234 1664 5291 dedit
1689 5246 1747 5291 ut
1772 5236 1937 5294 multa
1964 5237 2218 5294 miracula

627 5322 833 5391 ederet,
863 5322 1124 5395 gehennae
1146 5327 1561 5383 comminatione
1585 5329 1795 5397 terruit,
1818 5329 1966 5401 regni
1991 5330 2222 5401 promis-

629 5416 783 5470 sione
810 5414 1122 5471 cohortatus
1145 5423 1263 5484 est,
1286 5431 1479 5473 arcana
1505 5417 1622 5488 ejus
1647 5420 1866 5476 consilia
1889 5421 2104 5478 assidue
2130 5436 2221 5476 ar-

628 5507 771 5577 guit,
812 5520 912 5562 nec
954 5509 1229 5579 arguendo
1272 5511 1479 5581 publica
1526 5513 1680 5581 fecit,
1713 5512 1878 5583 pedes
1918 5514 2033 5585 ejus
2073 5525 2131 5570 ut
2163 5523 2220 5571 et

626 5600 856 5655 aliorum
892 5599 1095 5668 abluit,
1127 5616 1329 5657 mensa:
1353 5610 1409 5658 et
1432 5602 1672 5660 ciborum
1705 5606 2013 5676 participem
2044 5606 2168 5664 fecit
2196 5624 2214 5666 :

628 5689 760 5744 nihil
784 5700 876 5745 aut
902 5706 1121 5761 parvum
1143 5702 1237 5749 aut
1266 5708 1516 5766 magnum
1540 5705 1684 5753 retro
1705 5697 1917 5767 reliquit
1940 5717 1954 5754 :
1979 5699 2070 5755 ille
2090 5715 2218 5755 vero

630 5780 802 5839 libens
844 5782 960 5840 sine
996 5785 1372 5844 emendatione
1412 5787 1625 5844 mansit.
1662 5788 1727 5844 Et
1758 5797 1814 5844 ut
1846 5790 2019 5847 discas
2049 5807 2169 5848 cum
2194 5832 2209 5859 ,

1382 381 1441 436 S.
1483 379 1757 439 IOANNIS
1791 378 2269 436 CHRYSOSTOMI
2311 376 2622 439 ARCIIIEP.
2666 375 3199 433 CONSTANTINOP.

3797 369 3905 423 37!!

2315 506 2437 548 cum
2466 492 2657 549 mutari
2686 499 2886 563 posset,
2913 491 3171 559 noluisse,
3195 488 3291 545 sed
3317 503 3383 545 ex
3422 487 3536 559 ejus
3564 486 3796 559 segnitie
3824 498 3909 539 to-

2312 593 2427 640 tum
2473 584 2774 657 prodiisse,
2817 582 2961 638 audi.
3005 582 3139 637 Cum
3183 582 3327 637 enim
3371 579 3694 651 prodidisset
3740 593 3904 634 cum.

2313 674 2538 746 projecit
2580 675 2791 745 triginta
2833 682 3144 743 argenteos,
3188 680 3243 727 et
3283 672 3357 726 ait
3391 690 3403 724 :
3448 668 3664 725 Peccavi
3703 669 3913 723 eadem

2310 765 2605 835 sanguinem
2642 764 2841 835 justum
2879 761 3102 832 (Matth.
3141 762 3231 816 9.7.
3274 762 3350 831 ι).
3383 759 3522 830 Quid
3550 760 3653 815 hoc
3680 759 3761 815 rei
3793 759 3912 813 est?

2312 853 2445 910 Cum
2474 854 2725 909 miracula
2757 862 3053 926 patrantem
3079 853 3291 909 videres
3310 893 3324 916 ,
3354 866 3463 907 non
3498 850 3744 914 dicebas,
3773 848 3913 905 Pec-

2313 946 2423 999 cavi
2452 946 2653 999 tradens
2690 946 2987 1016 sanguinem
3021 946 3257 1017 justum;
3284 944 3377 1000 sed
3399 986 3413 1003 .
3446 942 3584 1012 Quid
3612 944 3763 998 vultis
3788 944 3916 995 mihi

2314 1038 2467 1103 dare,
2509 1047 2556 1091 et
2598 1053 2689 1108 ego
2733 1037 2871 1092 nobis
2907 1037 3107 1090 tradant
3148 1036 3303 1090 eum?
3344 1034 3444 1092 Ubi
3486 1045 3664 1091 autem
3708 1033 3915 1089 malum

2316 1127 2535 1182 ulterius
2563 1127 2843 1197 processit,
2873 1138 2927 1182 et
2955 1127 3185 1198 proditio
3215 1127 3375 1182 linem
3415 1126 3602 1182 sortita
3631 1133 3736 1187 est,
3769 1139 3906 1193 pec-

2317 1230 2598 1288 catumque
2623 1228 3046 1273 consummatum
3076 1230 3191 1281 est,
3222 1228 3347 1274 tunc
3374 1227 3648 1287 peceatum
3684 1215 3918 1286 agnovi-

2318 1313 2401 1364 sti.
2435 1311 2569 1377 Quid
2601 1312 2760 1381 igitur
2801 1312 2925 1366 hinc
2964 1309 3253 1364 discimus?
3294 1310 3557 1365 Nimirum
3598 1308 3815 1380 quando
3864 1310 3918 1360 in

2320 1405 2545 1473 segnitie
2582 1403 2826 1474 degimus
2852 1444 2866 1467 ,
2909 1402 3040 1456 nihil
3082 1416 3178 1455 nos
3220 1399 3641 1456 admonitionem
3683 1399 3916 1469 juvare;

2319 1497 2531 1567 quando
2572 1506 2750 1552 autem
2794 1496 3030 1551 studiose
3069 1495 3274 1565 agimus
3299 1534 3313 1559 ,
3345 1493 3506 1547 etiam
3544 1506 3573 1545 a
3613 1490 3920 1546 nobismet-

2321 1589 2447 1656 ipsis
2491 1604 2586 1642 nos
2630 1589 2836 1657 erigere
2876 1600 3052 1656 posse.
3094 1584 3535 1654 Quandoquidem
3574 1591 3627 1637 et
3667 1580 3754 1634 hic
3792 1596 3919 1635 eum

2321 1680 2573 1747 magister
2608 1679 2957 1743 admoneret,
2990 1692 3093 1731 non
3134 1676 3367 1739 audivit;
3403 1690 3525 1730 eum
3565 1689 3694 1729 vero
3740 1673 3921 1727 nullus

2322 1782 2583 1834 moneret,
2614 1770 2729 1839 ejus
2760 1770 2971 1839 prepria
3003 1768 3330 1823 conscientia
3368 1777 3637 1821 commota
3667 1772 3791 1829 est;
3827 1777 3921 1817 ne-

2322 1860 2570 1930 mineque
2598 1861 2819 1916 doctore
2850 1874 2968 1915 sese
2997 1860 3259 1926 mutavit,
3288 1858 3491 1911 facinus
3517 1871 3671 1910 suum
3696 1855 3923 1909 damna.-

2322 1952 2415 2015 vit,
2450 1953 2661 2019 triginta
2688 1960 2969 2021 argenteos
3002 1948 3246 2020 proiecit.
3279 1948 3414 2015 Quid
3442 1948 3591 2001 vultis
3620 1946 3749 2000 mihi
3773 1946 3921 2006 dare,

2320 2052 2367 2094 et
2395 2058 2483 2110 ego
2510 2040 2645 2094 vobis
2682 2041 2882 2093 tradam
2911 2038 3066 2093 eum?
3095 2037 3161 2093 Et
3191 2038 3555 2093 constituerunt
3593 2036 3671 2103 ei,
3714 2035 3921 2105 inquit,

2322 2132 2526 2200 triginta
2569 2140 2849 2201 argenteos.
2900 2130 3136 2185 Pretium
3186 2137 3603 2183 nutneravcrunt
3643 2127 3924 2197 sanguinis

2322 2224 2547 2294 pretium
2576 2239 2681 2277 non
2711 2223 2979 2277 habentis.
3008 2221 3118 2279 Cur
3142 2222 3341 2291 accipis
3370 2221 3581 2291 triginta
3614 2228 3925 2291 argenteos.

2322 2330 2354 2365 υ
2381 2312 2582 2366 .Iutlas?
2603 2310 2783 2367 Gratis
2812 2311 2960 2366 venit
2984 2310 3231 2367 Christus
3255 2310 3566 2380 sanguinem
3594 2325 3695 2379 pro
3723 2308 3926 2362 mundo

2323 2402 2605 2465 euasurus,
2634 2416 2731 2473 pro
2758 2416 2865 2470 quo
2898 2410 2955 2455 tu
2988 2401 3314 2471 impudentia
3345 2410 3495 2470 pacta
3521 2410 3575 2455 et
3602 2400 3920 2454 conventio-

2324 2511 2418 2550 nes
2443 2496 2649 2549 statuis.
2671 2492 2808 2561 Quid
2835 2493 3195 2563 impudentius
3222 2493 3323 2548 hac
3350 2492 3635 2560 pactione?

2394 2586 2447 2640 4.
2472 2583 2616 2638 Tunc
2638 2592 2951 2637 accesserunt
2972 2582 3306 2652 discipuli.—
3322 2580 3473 2636 Tunc
3497 2600 3510 2635 :
3532 2580 3877 2651 quandonam
3897 2581 3923 2633 ?

2323 2676 2455 2733 Cum
2484 2675 2601 2732 haec
2630 2674 2819 2731 tierent
2840 2661 3009 2741 ,‘cum
3038 2673 3269 2744 proditio
3294 2680 3652 2737 statueretur,
3681 2686 3806 2727 cum
3836 2686 3923 2725 se-

2325 2771 2495 2841 ipsum
2538 2769 2701 2825 Judas
2748 2769 3009 2839 perdidit,
3048 2769 3374 2823 Accesserant
3416 2767 3485 2821 ad
3526 2783 3641 2821 eum
3681 2767 3927 2835 discipuli

2325 2865 2565 2929 dicentes,
2598 2863 2696 2918 Ubi
2722 2864 2797 2917 vis
2822 2878 3057 2933 paremus
3083 2862 3172 2916 tibi
3192 2862 3450 2916 comedere
3478 2859 3681 2913 Pascha
3709 2860 3924 2931 (Matth.

2323 2954 2411 3009 26.
2442 2955 2527 3007 l7.
2556 2965 2600 3007 et
2631 2952 2756 3024 Ii)?
2786 2952 2973 3008 Vidisti
3001 2951 3355 3021 discipulum?
3382 2950 3559 3006 vidisti
3586 2950 3883 3019 discipulos
3902 2950 3929 3005 2

2326 3046 2416 3101 Ille
2446 3044 2623 3115 prodit
2650 3045 2955 3108 Dominum,
2984 3042 3038 3097 hi
3068 3042 3135 3099 de
3163 3042 3425 3098 Paschate
3448 3051 3639 3097 curant
3670 3061 3683 3096 :
3714 3041 3804 3095 ille
3834 3045 3928 3111 pa;

2324 3146 2406 3192 cta
2434 3137 2554 3202 iuit,
2586 3136 2638 3190 hi
2668 3134 2735 3191 ad
2766 3135 3121 3191 ministerium
3147 3142 3426 3203 apparant.
3455 3131 3646 3187 Iisdem
3676 3142 3729 3185 et
3759 3130 3847 3185 hic
3871 3139 3930 3185 et

2326 3228 2400 3282 illi
2446 3225 2723 3281 miraculis
2764 3224 3100 3289 claruerant,
3140 3222 3328 3278 eadem
3371 3222 3617 3278 doctrina
3660 3214 3925 3287 instituti,

2324 3318 2513 3373 eadem
2545 3324 2810 3387 potestate
2834 3315 3043 3385 praediti
3069 3333 3082 3368 :
3109 3315 3374 3370 undenam
3402 3314 3662 3368 mutatio?
3689 3313 3771 3367 Ex
3806 3327 3931 3381 pro—

2326 3411 2519 3480 posito.
2562 3408 2689 3463 Haec
2730 3406 2969 3463 omnium
3014 3406 3211 3477 ubique
3256 3421 3414 3461 cauet
3464 3416 3521 3461 et
3562 3405 3829 3460 bonorum
3869 3414 3929 3461 et

2325 3502 2613 3557 malorum.
2656 3499 2754 3556 Ubi
2782 3501 2856 3555 vis
2882 3516 3119 3569 paremus
3142 3499 3232 3554 tibi
3260 3499 3520 3555 comedere
3545 3498 3752 3553 Pascha
3769 3500 3795 3553 .9
3822 3500 3931 3555 Ilo-

2325 3593 2512 3648 dicrna
2556 3593 2671 3649 hmo
2707 3606 2931 3663 vespera
2973 3602 3099 3646 tunc
3138 3599 3255 3646 erat
3286 3607 3298 3646 :
3328 3591 3451 3660 quia
3481 3590 3641 3661 igitur
3669 3590 3930 3646 Dominus

2324 3685 2542 3741 domum
2567 3701 2674 3740 non
2699 3682 2949 3749 habebat,
2978 3682 3099 3739 ideo
3122 3682 3305 3738 dicunt
3331 3682 3403 3737 illi
3431 3699 3445 3735 :
3472 3680 3569 3737 Ubi
3593 3682 3667 3736 eis
3688 3698 3931 3753 paremus

2324 3776 2411 3831 tibi
2440 3776 2700 3832 comedere
2729 3763 2935 3828 Pascha
2952 3774 2979 3828 .’
3005 3773 3122 3829 Non
3149 3773 3408 3829 habemus
3436 3772 3794 3828 diversorium
3825 3772 3928 3827 dc-

2327 3867 2553 3935 Ilnitum,
2586 3883 2695 3924 non
2724 3866 3148 3931 tabernaculum,
3172 3880 3279 3922 non
3311 3866 3552 3922 domum.
3579 3866 3794 3921 Discant
3828 3866 3927 3933 illi,

2323 3959 2412 4029 qui
2439 3957 2747 4029 Splendidas
2772 3967 3092 4013 construunt
3114 3958 3325 4019 domus,
3354 3958 3491 4013 latas
3521 3959 3781 4027 porticus,
3808 3960 3930 4013 lon—

2323 4067 2387 4122 ga
2437 4060 2622 4120 septa,
2666 4049 2934 4106 Christum
2982 4065 3087 4104 non
3135 4048 3387 4106 habuisse
3432 4049 3521 4105 ubi
3564 4058 3725 4121 caput
3766 4064 3927 4105 suum

2325 4141 2612 4198 reclinaret
2630 4140 2843 4212 (Matth.
2872 4140 2925 4197 8.
2947 4139 3064 4213 20).
3085 4141 3445 4210 Quamobrem
3472 4141 3806 4213 interrogant
3827 4141 3925 4208 illi,

2331 4235 2428 4291 Ubi
2451 4236 2525 4292 vis
2550 4252 2785 4307 paremus
2812 4235 2900 4290 tibi
2927 4234 3186 4291 comedere
3211 4233 3414 4290 Pascha
3434 4234 3461 4289 .’
3486 4234 3657 4303 Quale
3680 4234 3890 4292 Pascha
3904 4236 3931 4291 τ

2325 4325 2439 4382 Non
2472 4324 2575 4383 hoc
2601 4336 2842 4384 nostrum
2861 4369 2877 4395 ,
2903 4327 2999 4384 sed
3018 4327 3235 4385 interim
3272 4325 3576 4384 Judaicunt.
3607 4324 3743 4383 Illud
3779 4328 3930 4383 enim

2325 4420 2569 4494 discipuli
2601 4430 2951 4492 paraverunt,
2980 4419 3084 4476 hoc
3109 4435 3239 4476 vero
3263 4428 3507 4476 nostrum
3532 4420 3648 4491 ipse
3674 4420 3926 4489 paravit:

2326 4530 2500 4586 neque
2527 4515 2699 4571 solum
2730 4516 2846 4586 ipse
2869 4514 3105 4585 paravit,
3136 4512 3230 4571 sed
3256 4512 3420 4570 etiam
3450 4512 3566 4582 ipse
3603 4511 3815 4569 Pascha
3842 4511 3928 4567 el-

2326 4604 2497 4661 fectus
2512 4614 2622 4679 est.
2650 4604 2749 4662 Ubi
2774 4606 2848 4661 vis
2872 4621 3106 4676 paremus
3128 4605 3216 4659 tibi
3241 4604 3500 4660 comedere
3526 4602 3767 4658 Pascha!
3788 4603 3926 4659 Illud

2323 4695 2604 4754 Judaicum
2643 4695 2848 4753 Pascha
2889 4704 3041 4765 erat,
3068 4695 3198 4753 illud
3236 4695 3291 4752 in
3321 4693 3557 4767 Egyplo
3582 4693 3797 4751 initium
3826 4694 3928 4749 ha-

2326 4786 2533 4844 buerat.
2575 4787 2687 4856 Qua
2733 4802 2863 4859 ergo
2900 4786 2969 4844 de
3012 4802 3171 4843 causa
3200 4786 3446 4843 Christus
3484 4786 3613 4842 illud
3651 4785 3932 4841 comedit?

2323 4879 2457 4950 Quia
2481 4880 2664 4953 legalia
2686 4881 2866 4937 omnia
2892 4879 3154 4950 implevit.
3182 4879 3390 4935 Etenim
3412 4892 3534 4933 eum
3557 4876 3930 4948 baptizabatur

2323 4971 2532 5027 dicebat
2562 4988 2576 5025 :
2606 4970 2697 5027 Sic
2721 4972 2854 5026 enim
2881 4971 3109 5026 convenit
3139 4969 3517 5040 nobisu'mplere
3543 4955 3740 5023 amatam
3757 4968 3928 5040 justi-

2326 5063 2449 5115 tiam
2476 5061 2684 5135 (Mattlt.
2716 5062 2771 5118 5.
2800 5061 2913 5131 l5).
2944 5060 3079 5117 Veni
3114 5060 3388 5117 hominem
3412 5059 3683 5117 redimere
3706 5075 3772 5116 ex
3803 5075 3926 5115 ma-

2324 5153 2518 5209 ledicto
2556 5153 2690 5226 legis
2726 5172 2739 5209 :
2768 5167 2894 5208 nam
2923 5151 3065 5207 Deus
3091 5150 3287 5207 Filium
3309 5168 3460 5207 suum
3483 5151 3623 5206 misit
3655 5159 3834 5205 natum
3859 5168 3926 5207 es:

2323 5245 2550 5311 muliere,
2582 5247 2774 5317 factum
2798 5244 2892 5299 sub
2915 5244 3043 5316 lege,
3069 5252 3123 5297 ut
3148 5260 3232 5299 eos
3256 5243 3345 5314 qui
3367 5243 3460 5299 sub
3483 5242 3594 5314 lege
3614 5250 3757 5297 erant
3783 5242 3927 5296 redi-

2324 5344 2477 5389 meret
2516 5334 2712 5406 (Colat.
2752 5336 2809 5392 4.
2847 5336 2902 5392 ι.
2933 5335 3012 5406 5),
3042 5343 3097 5392 et
3123 5335 3294 5405 legem
3319 5333 3626 5405 abrogaret.
3658 5332 3737 5389 Ne
3760 5334 3928 5405 igitur

2323 5426 2443 5497 quis
2463 5425 2685 5493 diceret,
2706 5426 2831 5483 Ideo
2850 5425 3148 5497 abrogavit,
3168 5424 3290 5495 quia
3314 5424 3537 5496 implere
3557 5440 3663 5480 non
3686 5433 3924 5493 poterat,

2326 5528 2511 5588 utpote
2554 5534 2813 5591 gravem,
2854 5532 3139 5575 onerosam
3181 5531 3246 5573 ac
3282 5516 3598 5578 difﬁcilem;
3638 5525 3925 5586 postquam

2325 5625 2388 5665 ea
2412 5652 2429 5675 ,
2460 5624 2581 5680 quas
2616 5609 2685 5664 ad
2730 5609 2898 5680 ipsam
2940 5609 3293 5681 spectabant,
3329 5610 3509 5664 omnia
3552 5607 3927 5677 implevisset,

2328 5713 2453 5758 tunc
2477 5702 2637 5758 solvit
2666 5702 2827 5758 illam.
2861 5702 2986 5758 Ideo
3015 5702 3215 5758 Pascha
3244 5702 3388 5769 fecit,
3420 5700 3552 5772 legis
3584 5702 3729 5756 enim
3751 5700 3926 5769 jussio

2327 5795 2528 5852 Pascha
2549 5804 2684 5851 erat.
2712 5794 2819 5851 Cur
2850 5795 2930 5852 les
2964 5792 3163 5851 Pascha
3187 5792 3470 5850 comedere
3496 5790 3689 5863 jussit?
3716 5789 3927 5862 Ingrati
