4164 6324
216 383 324 439 ετξ»

215 512 342 566 erga
370 495 688 552 beneficium
719 506 871 552 erant
896 497 1064 552 Judmi
1090 539 1103 561 ,
1135 506 1189 552 et
1227 499 1404 554 statim
1442 508 1562 568 post
1600 508 1819 568 accepta

217 585 480 641 beneﬁcia
524 590 774 657 prmccpti
817 590 984 643 divini
1025 589 1501 644 obliviscebautur.
1536 589 1668 643 Nam
1698 604 1820 643 cum

214 682 419 747 egressi
462 690 586 735 sunt
634 696 696 735 ex
742 681 1015 753 Egypto,
1061 692 1341 752 postquam
1387 697 1537 736 mare
1573 681 1823 737 viderunt

214 773 445 827 scissum
476 781 529 826 et
563 787 746 826 rursus
775 774 1085 829 coalescens
1110 814 1125 838 ,
1157 774 1370 844 aliaque
1397 774 1679 829 innumera
1720 775 1823 827 mi-

214 863 422 924 racula.
457 863 705 919 dicebant
738 883 751 917 :
784 863 1060 917 Faciamus
1086 864 1228 918 nobis
1247 866 1387 931 deos,
1419 864 1507 935 qui
1535 864 1821 934 prtecedant

215 969 309 1006 nos
339 951 535 1024 (Exod.
563 953 652 1009 52.
683 955 760 1025 l).
787 954 922 1021 Quid
950 953 1120 1008 dicis?
1149 955 1402 1009 miracula
1425 953 1603 1009 adhuc
1629 954 1680 1008 in
1710 969 1821 1007 ma-

215 1042 377 1099 nibus
422 1052 576 1109 sunt,
618 1052 674 1099 et
713 1045 823 1113 jam
865 1044 1091 1099 benefici
1134 1044 1332 1100 oblitus
1370 1046 1467 1100 es?
1495 1045 1627 1113 Quia
1663 1047 1822 1115 igitur

212 1148 386 1203 usque
405 1134 541 1189 adeo
566 1134 762 1200 stupidi
785 1143 841 1189 et
865 1136 1053 1205 ingrati
1080 1143 1253 1200 erant,
1283 1136 1633 1191 festivitatum
1658 1153 1821 1208 argu-

215 1235 402 1278 mento
432 1224 572 1278 Deus
602 1224 868 1280 donorum
904 1227 1473 1283 commemorationem
1500 1228 1817 1294 adstrinxit,

214 1314 446 1382 ideoque
479 1314 680 1369 Pascha
713 1316 993 1371 immolare
1021 1317 1178 1386 jussit
1211 1335 1230 1373 :
1263 1317 1365 1382 Ut,
1394 1319 1440 1372 si
1464 1329 1512 1372 te
1539 1321 1820 1390 interroga-

213 1406 369 1469 verit,
402 1406 600 1476 inquit,
629 1408 767 1474 ﬁlius
796 1417 942 1473 tuus,
968 1408 1104 1475 Quid
1133 1418 1217 1463 est
1244 1408 1348 1463 hoc
1374 1410 1619 1465 Pascha?
1640 1412 1815 1477 dicas,

214 1495 347 1562 Quia
391 1498 512 1567 agni
560 1500 822 1568 sanguine
864 1500 1059 1568 januas
1102 1511 1371 1555 unxerunt
1415 1503 1542 1557 olim
1589 1503 1819 1572 majores

213 1590 387 1644 nostri
428 1591 480 1643 iu
526 1589 794 1663 Egypto,
827 1607 898 1647 ne
937 1602 1178 1647 vastator
1221 1596 1443 1665 angelus
1481 1597 1702 1650 veniens
1736 1596 1818 1650 vi-

213 1682 457 1751 densque
481 1684 739 1738 insultare
759 1684 1000 1750 auderet,
1023 1694 1078 1739 et
1104 1686 1312 1757 plagam
1338 1686 1602 1757 indigeret
1622 1687 1814 1757 (Exod.

214 1772 303 1826 12.
348 1773 467 1841 27).
517 1775 746 1842 firatque
786 1774 1039 1844 deinceps
1082 1774 1276 1830 festum
1327 1788 1581 1847 perpetua
1628 1778 1818 1831 salutis

210 1866 674 1921 commemoratio.
707 1865 818 1919 lmo
853 1882 984 1922 vero
1015 1883 1121 1921 nan
1155 1867 1207 1921 id
1239 1868 1409 1922 solum
1454 1870 1815 1927 lucrabantur.

213 1955 357 2026 quod
387 1957 467 2011 eis
503 1957 844 2027 antiquorum
885 1958 1267 2016 beneficiorum
1306 1962 1619 2015 memoriam
1652 1978 1817 2016 revo-

211 2057 398 2113 caret,
431 2049 526 2104 sed
554 2062 607 2104 et
631 2051 774 2105 aliud
804 2050 975 2120 majus
1001 2093 1015 2118 ,
1048 2053 1188 2122 quod
1222 2054 1393 2109 futura
1428 2053 1816 2123 prmﬁgurarct.

212 2138 307 2194 ille
336 2141 533 2209 quippe
561 2156 730 2212 agnus
757 2141 923 2211 ﬁgura
954 2151 1070 2197 erat
1103 2142 1323 2197 alterius
1352 2144 1471 2211 agni
1505 2142 1815 2211 spiritualis,

209 2239 266 2284 et
288 2230 405 2284 ovis
432 2245 587 2286 ovem
618 2231 966 2301 prtenotabat.
997 2234 1175 2302 Atque
1206 2232 1334 2286 illud
1366 2232 1579 2301 quidem
1610 2233 1816 2295 umbra,

214 2322 320 2376 hoc
346 2323 544 2376 veritas
566 2332 699 2377 erat.
724 2323 859 2377 Cum
891 2332 1070 2378 autem
1100 2324 1437 2393 apparuisset
1461 2322 1550 2377 Sol
1575 2323 1814 2391 justitiar.

214 2413 406 2469 mubra
436 2414 665 2468 cessavit
695 2431 709 2469 :
734 2414 939 2468 oriente
966 2413 1163 2483 quippe
1203 2413 1317 2467 sole
1356 2414 1579 2466 solvitur
1608 2414 1813 2466 umbra.

217 2506 344 2561 Ideo
375 2508 426 2559 in
460 2508 644 2561 eadem
684 2507 797 2577 ipsa
831 2523 1010 2562 mensa
1047 2519 1331 2579 utrumque
1363 2508 1567 2563 Pascha
1613 2509 1819 2579 perfici-

215 2606 325 2656 tur.
357 2606 411 2650 et
439 2598 544 2667 typi
569 2607 624 2650 et
647 2598 903 2651 veritatis.
928 2598 1387 2666 Quemadmodum
1419 2599 1562 2654 enim
1590 2601 1821 2670 pictores

214 2687 489 2741 in-eadem
519 2686 631 2757 ipsa
664 2688 841 2742 tabula
877 2696 932 2742 et
968 2689 1146 2757 lineas
1176 2690 1587 2745 circumducunt
1613 2699 1669 2745 et
1698 2707 1817 2744 mn-

215 2781 368 2834 bram
413 2780 738 2851 depingunt,
788 2789 1020 2849 tuncque
1058 2782 1298 2836 colorum
1338 2783 1616 2838 veritatem
1656 2798 1821 2853 appo-

215 2878 397 2923 nunt:
429 2869 506 2924 sic
543 2880 598 2925 et
637 2869 884 2925 Christus
926 2869 1052 2925 fecit
1089 2889 1101 2924 :
1148 2871 1200 2925 in
1242 2872 1429 2926 cadent
1478 2872 1590 2941 ipsa
1634 2887 1818 2927 mensa

215 2960 454 3031 typicum
484 2960 688 3015 Pascha
716 2961 996 3030 descripsit
1017 3002 1031 3023 .
1062 2970 1115 3016 et
1144 2977 1327 3016 verum
1365 2961 1586 3016 addidit.
1623 2960 1722 3016 Ubi
1748 2963 1820 3017 ris

216 3066 456 3120 paremus
493 3050 581 3103 tibi
623 3051 883 3105 comedere
925 3050 1169 3105 Pascha?
1200 3052 1347 3106 Tunc
1388 3051 1666 3107 Judaicum
1705 3062 1823 3107 erat

220 3141 424 3196 Pascha
446 3182 461 3204 ,
490 3140 587 3196 sed
615 3144 863 3197 veniente
892 3143 1005 3197 sole
1031 3186 1045 3208 ,
1079 3144 1295 3197 lucerna
1325 3158 1392 3197 ne
1423 3144 1595 3198 luceat
1624 3162 1635 3196 :
1663 3158 1819 3199 acce-

217 3233 383 3288 dente
410 3233 657 3297 vcritate,
685 3244 859 3289 cesset
884 3233 1078 3289 deinde
1106 3234 1315 3289 umbra.

288 3327 347 3382 5.
365 3326 554 3380 Contra
573 3324 803 3381 Judazos.
824 3327 843 3397 (
862 3325 985 3380 Vide
1010 3329 1060 3380 in
1094 3326 1331 3381 Ilomiliis
1348 3336 1522 3382 contra
1546 3327 1720 3390 eos,T.
1741 3327 1819 3398 l.)

217 3446 290 3457 —
319 3416 445 3471 Haec
470 3415 670 3471 Judzeis
696 3416 838 3483 dico,
870 3418 990 3487 quia
1023 3417 1268 3473 videntur
1294 3417 1499 3472 Pascha
1518 3418 1818 3483 celebrare,

216 3509 344 3577 quia
370 3507 664 3576 impudenti
691 3508 914 3564 consilio
936 3523 1121 3579 azyma
1148 3509 1406 3578 objiciunt
1435 3509 1507 3563 illi
1538 3509 1824 3564 incircum-

218 3600 317 3653 cisi
342 3599 527 3654 corde.
555 3599 857 3666 Quomodo,
876 3615 1081 3670 qureso,
1104 3600 1305 3654 Pascha
1327 3600 1586 3665 celebras,
1605 3600 1821 3655 Judsce?

218 3689 505 3759 Templum
533 3691 764 3745 dirutum
794 3698 879 3745 est
899 3731 916 3757 ,
948 3690 1115 3746 altare
1145 3690 1410 3746 sublatum
1437 3735 1451 3757 ,
1482 3700 1665 3746 sancta
1695 3705 1822 3745 san-

216 3790 428 3834 ctorum
450 3781 782 3845 conculcata,
800 3796 959 3835 omne
982 3781 1230 3837 sacriﬁcii
1255 3797 1422 3852 genus
1443 3782 1673 3836 solutum
1694 3791 1776 3837 est
1805 3797 1819 3836 :

221 3889 321 3928 cur
341 3889 471 3945 ergo
486 3875 650 3929 audes
678 3875 792 3929 haec
814 3876 1085 3944 illcgitima
1116 3877 1465 3946 perpetrare?
1492 3876 1820 3948 Babylonem

219 3965 507 4035 aliquando
527 3968 837 4021 concessisti
861 4008 877 4031 ,
907 3978 1066 4037 atque
1096 3967 1204 4022 illic
1228 3967 1512 4034 dicebant,
1537 3970 1624 4038 qui
1654 3977 1705 4023 te
1730 3984 1822 4023 ca-

222 4056 428 4125 ptivum
482 4055 853 4122 adduxerant,
893 4057 1105 4113 Cantate
1148 4059 1293 4113 nobis
1332 4060 1395 4113 de
1434 4061 1642 4115 canticis
1694 4060 1822 4115 Sion

219 4146 409 4216 (Psal.
436 4147 567 4203 l36-
588 4147 659 4217 '5)
697 4165 710 4199 :
742 4159 795 4201 ct
821 4159 874 4203 tu
896 4150 1180 4205 renuebas.
1215 4151 1338 4205 Haec
1362 4164 1521 4220 porro
1543 4151 1823 4207 declarans

221 4239 393 4295 David
417 4239 628 4295 dicebat
660 4258 672 4291 :
704 4239 875 4309 Super
900 4243 1115 4310 ﬂumina
1141 4241 1439 4312 Babylonis,
1472 4243 1579 4296 illic
1603 4244 1821 4297 sedimus

220 4339 270 4382 et
298 4329 528 4398 ﬂeuimus
551 4346 569 4383 :
591 4331 643 4382 in
674 4331 910 4384 salicibus
940 4332 991 4385 in
1020 4331 1183 4385 medio
1212 4333 1322 4397 ejus
1348 4332 1707 4401 suspendimus
1733 4348 1822 4386 or-

224 4436 361 4489 gana
391 4429 565 4473 nostra
594 4420 765 4492 (Ibid.
794 4437 841 4473 c.
874 4423 922 4475 l.
951 4421 1046 4492 εὶ),
1078 4422 1127 4475 id
1156 4430 1259 4486 est,
1294 4423 1623 4491 psalterium,
1653 4422 1825 4476 citha-

221 4528 376 4576 ram,
403 4512 601 4582 lyram,
633 4524 685 4568 et
714 4523 927 4567 caetera.
962 4515 1052 4569 His
1080 4515 1223 4569 enim
1256 4516 1381 4569 olim
1415 4516 1703 4571 utebantur
1725 4557 1739 4575 .
1771 4528 1826 4571 et

222 4605 309 4659 his
336 4605 572 4674 psalmos
597 4606 862 4661 canebant
887 4626 900 4661 :
926 4606 1146 4675 hachue
1179 4608 1228 4661 in
1259 4609 1621 4676 captivitatem
1652 4609 1821 4664 abdu-

222 4696 293 4749 cti
316 4710 499 4752 secum
532 4697 780 4761 tulerant,
808 4711 864 4752 ut
892 4710 1295 4754 monumentum
1326 4701 1509 4770 patria;
1534 4711 1821 4756 consuetu-

222 4787 365 4842 dinis
393 4786 649 4843 haberent
670 4830 685 4853 ,
711 4805 815 4844 non
846 4800 901 4843 ut
945 4791 1330 4847 iis.uterentur.
1362 4793 1478 4846 Illic
1505 4795 1644 4847 enim
1672 4834 1685 4858 ,
1714 4795 1820 4857 ait,

224 4880 657 4950 interrogaverunt
687 4900 776 4936 nos
802 4925 814 4941 .
844 4883 927 4950 qui
966 4885 1188 4952 captivos
1232 4884 1486 4937 duxerunt
1515 4900 1605 4937 nos
1630 4925 1645 4950 ,
1678 4885 1826 4937 verba

225 4973 516 5025 cantionum
553 4972 723 5041 (Ibid.
750 4990 796 5027 υ.
830 4973 925 5041 5).
960 4976 1024 5029 Et
1060 4975 1324 5039 diximus,
1359 4976 1625 5040 Quomodo
1651 4989 1827 5030 conta-

224 5064 387 5117 bimus
425 5065 675 5117 canticum
720 5064 925 5118 Domini
966 5067 1019 5118 in
1062 5076 1196 5119 terra
1235 5066 1445 5120 aliena?
1482 5066 1621 5132 Quid
1648 5068 1825 5122 dicis?

224 5154 493 5207 canticum
519 5155 730 5209 Domini
753 5172 857 5211 non
885 5166 1067 5210 cantas
1092 5157 1141 5211 in
1168 5167 1306 5211 terra
1330 5159 1522 5223 aliena,
1548 5168 1599 5213 et
1622 5159 1823 5213 Pascha

228 5245 436 5299 Domini
460 5247 703 5301 celebras
730 5248 779 5302 in
810 5258 947 5303 terra
977 5251 1185 5304 aliena?
1210 5251 1396 5306 Viden”
1420 5254 1681 5322 ingratum
1705 5255 1823 5307 ani-

227 5338 415 5389 mum?
443 5338 619 5391 videu’
648 5339 1019 5409 iniquitatem?
1050 5342 1180 5396 Cum
1207 5344 1403 5398 inimici
1434 5355 1587 5399 erant
1611 5346 1702 5416 qui
1730 5349 1824 5400 eo-

226 5438 439 5496 gerent,
470 5445 535 5483 ne
568 5430 828 5498 psalmum
858 5433 1072 5502 quidem
1100 5434 1279 5489 dicere
1308 5437 1574 5491 audebant
1603 5438 1652 5490 in
1685 5447 1825 5493 terra

225 5521 601 5583 aliena;-nunc
627 5531 806 5577 autem
832 5539 926 5579 sua
958 5537 1147 5594 sponte
1174 5570 1185 5589 ,
1212 5530 1422 5583 nemine
1449 5540 1673 5597 cogente
1692 5572 1705 5595 ,
1738 5547 1833 5586 nec

229 5614 375 5668 mine
397 5612 500 5667 vim
525 5616 804 5681 inferente,
827 5616 1023 5672 bellum
1048 5618 1281 5675 inferunt
1306 5621 1432 5676 Deo.
1460 5622 1644 5677 Viden'
1668 5640 1826 5693 quam

228 5705 438 5773 impura
463 5707 567 5758 sint
591 5708 820 5777 azyma?
848 5725 1005 5775 quam
1036 5712 1367 5782 illegitimum
1405 5714 1595 5769 festum
1619 5716 1642 5766 ?
1672 5733 1826 5785 quam

229 5814 355 5850 tete
384 5814 485 5851 non
516 5799 585 5850 sit
612 5799 812 5855 Pascha
844 5801 1162 5857 .ludaicum?
1197 5804 1318 5859 Erat
1358 5807 1478 5861 olim
1519 5808 1716 5864 Pascha
1748 5810 1829 5863 Ju-

1311 382 1397 438 DE
1435 382 1859 442 PROOITIONE
1895 387 2093 442 .lL'D/E
2161 388 2388 446 llOlllL.
2435 393 2476 447 Ι.

3431 387 3539 443 580

1932 497 2167 569 daicum,
2196 502 2291 558 sed
2319 518 2461 558 nunc
2483 502 2715 559 solutum
2743 510 2855 562 est.
2886 500 3211 571 advenitque
3248 497 3538 569 Spirituale

1931 591 2158 657 Pascha,
2186 592 2330 663 quod
2361 603 2488 647 tunc
2531 592 2751 648 tradidit
2774 591 3044 647 Christus.
3078 592 3185 646 Illis
3218 592 3360 645 enim
3388 607 3540 645 mau-

1927 672 2245 737 dneantihus
2280 698 2345 739 ac
2391 685 2730 750 bibentibus,
2782 682 2991 752 inquit,
3035 682 3305 751 accipiens
3343 697 3535 753 panem

1929 773 2085 844 fregit
2122 781 2175 829 et
2203 774 2335 828 dixit
2372 792 2385 828 :
2418 774 2532 828 Hoc
2559 786 2628 828 est
2656 792 2842 845 corpus
2872 789 3039 826 meum
3060 814 3074 836 ,
3107 773 3246 843 quod
3279 789 3373 843 pro
3399 774 3539 827 vobis

1926 864 2182 933 frangitur
2204 865 2257 918 in
2293 867 2645 919 remissionem
2673 875 2998 934 peccatorum
3024 863 3247 937 (Matth.
3277 861 3369 920 26.
3396 862 3470 919 26

1924 955 2113 1007 Sciunt
2134 956 2188 1018 ii,
2210 956 2301 1024 qui
2327 956 2514 1010 initiati
2539 966 2684 1020 sunt,
2716 957 2800 1011 illa
2826 973 2947 1027 quae
2971 956 3243 1021 dicuntur,
3270 964 3325 1011 et
3349 970 3538 1011 rursus

1924 1044 2145 1098 calicem
2178 1044 2363 1101 dicens
2394 1062 2409 1098 :
2442 1044 2542 1098 Hic
2570 1058 2642 1099 est
2679 1047 2888 1116 sanguis
2913 1063 3087 1111 nteus,
3123 1045 3213 1116 qui
3238 1061 3332 1116 pro
3361 1044 3537 1099 multis

1926 1136 2205 1204 e/funditur
2227 1139 2280 1192 in
2311 1140 2653 1193 remissionem
2682 1150 2999 1209 peccatorum
3028 1142 3046 1208 (
3061 1138 3086 1193 l
3096 1140 3201 1196 bid.
3228 1138 3342 1209 23)
3392 1138 3537 1194 Ade-

1925 1238 2008 1283 rat
2036 1227 2201 1283 Judas
2233 1229 2349 1284 lucc
2370 1229 2592 1284 Christo
2617 1230 2854 1286 dicente.
2883 1230 2998 1285 lloc
3027 1240 3107 1285 est
3140 1246 3357 1300 corpus,
3390 1228 3535 1301 quod

1924 1319 2247 1387 vendidisti,
2277 1319 2412 1376 Juda
2435 1363 2450 1385 ,
2484 1321 2697 1391 triginta
2728 1322 3033 1392 argenteis;
3064 1322 3152 1377 hic
3176 1332 3257 1377 est
3277 1321 3492 1392 sanguis
3516 1361 3531 1378 .

1923 1426 2025 1480 pro
2050 1427 2155 1481 quo
2182 1428 2351 1483 nuper
2372 1422 2522 1482 pacta
2554 1413 2895 1483 impudenter
2918 1414 3091 1468 inibas
3120 1430 3241 1469 cum
3277 1412 3535 1482 improbis

1926 1501 2229 1556 Pliarismis.
2255 1504 2298 1557 Ο
2317 1503 2517 1558 Christi
2540 1504 2921 1575 benignitatem
2941 1506 2954 1558 ἱ
2985 1522 3016 1557 o
3037 1505 3187 1559 Judze
3204 1504 3529 1559 dementiam

1925 1604 1979 1646 et
2008 1593 2305 1647 insaniam!
2342 1594 2435 1650 llle
2476 1611 2705 1664 namque
2732 1595 2975 1650 vendidit
3010 1596 3156 1649 illum
3187 1597 3405 1666 triginta
3432 1594 3533 1650 de-

1928 1689 2113 1751 uariis,
2133 1687 2378 1744 Christus
2393 1704 2521 1743 vero
2547 1698 2729 1757 postea
2763 1706 2867 1743 non
2893 1690 3164 1743 recusavit
3191 1689 3334 1743 hunc
3357 1689 3534 1757 ipsum

1925 1780 2235 1849 sanguinem
2276 1779 2549 1833 venditum
2591 1778 2843 1834 vendenti
2889 1779 3017 1833 dare
3059 1780 3111 1832 in
3157 1778 3533 1834 remissionem

1928 1880 2291 1939 peccatorum,
2318 1870 2579 1940 siquidem
2604 1871 2889 1925 voluisset.
2921 1872 3120 1925 Aderat
3145 1870 3330 1934 Judas,
3363 1882 3419 1926 et
3441 1887 3534 1926 sa-

1928 1977 2033 2015 cra:
2070 1977 2267 2016 mensa:
2297 1962 2563 2030 particeps
2598 1972 2732 2016 erat.
2760 1962 2911 2017 Sicut
2939 1964 3083 2016 enim
3118 1961 3281 2031 pedes
3308 1961 3427 2032 ejus
3452 1962 3534 2016 la-

1924 2052 2023 2113 vit,
2052 2060 2110 2105 ut
2138 2063 2190 2107 et
2219 2053 2445 2106 aiiorum
2487 2053 2872 2120 discipulorum
2895 2095 2910 2119 ,
2944 2054 3013 2107 ita
3055 2064 3105 2107 et
3138 2068 3306 2107 Sacra:
3333 2067 3537 2109 mensa:

1921 2141 2193 2213 particeps
2221 2143 2309 2197 ille
2341 2143 2434 2198 fuit
2462 2185 2475 2205 ,
2506 2152 2565 2198 ut
2592 2144 2795 2198 nullum
2825 2144 3190 2198 excusationis
3222 2144 3397 2198 locum
3428 2144 3526 2197 ha-

1925 2236 2100 2302 beret,
2118 2236 2163 2289 si
2183 2235 2235 2288 in
2254 2236 2489 2304 nequitia
2514 2245 2904 2306 perseveraret.
2928 2235 3115 2290 Omnia
3135 2236 3277 2289 enim
3302 2250 3421 2305 qua:
3444 2250 3539 2304 pc-

1928 2340 2026 2382 nes
2054 2341 2113 2382 se
2145 2335 2301 2382 erant
2329 2328 2589 2385 Dominus
2626 2328 2944 2383 exhibuerat
2978 2336 3033 2381 et
3074 2326 3371 2396 protulerat
3399 2341 3413 2378 :
3444 2326 3537 2382 ille

1927 2434 2059 2475 vero
2087 2422 2138 2475 in
2169 2420 2310 2476 malo
2336 2436 2435 2475 suo
2462 2422 2738 2491 proposito
2764 2421 2979 2474 mansit.

2000 2512 2052 2566 6.
2102 2511 2260 2566 Panis
2286 2514 2683 2583 transformatur
2710 2512 2761 2564 in
2794 2509 3141 2575 Eucharistia,
3172 2519 3217 2564 et
3244 2510 3302 2579 ﬁt
3329 2510 3537 2577 sacriﬁ-

1927 2604 2060 2656 cium
2081 2608 2381 2673 perfectum.
2403 2632 2477 2643 —
2502 2601 2609 2657 Sed
2640 2612 2848 2671 tempus
2869 2601 3087 2655 demum
3118 2609 3199 2655 est
3217 2599 3285 2653 ad
3308 2599 3504 2655 horren
3520 2636 3537 2644 -

1927 2692 2050 2747 dam
2091 2694 2225 2747 hanc
2268 2709 2508 2749 mensam
2557 2692 2872 2748 accedendi.
2914 2692 3115 2747 Omnes
3159 2692 3335 2762 itaque
3378 2706 3537 2747 acce-

1928 2783 2118 2839 damus
2157 2800 2279 2839 enm
2325 2784 2638 2853 congruenti
2689 2784 3043 2853 temperantia
3091 2798 3157 2839 ae
3200 2783 3473 2855 vigilantia
3519 2800 3533 2838 :

1929 2873 2106 2928 nullus
2132 2875 2268 2927 ultra
2300 2874 2465 2929 Judas
2494 2882 2612 2928 esto
2631 2916 2647 2940 ,
2677 2875 2855 2928 nullus
2886 2874 3166 2945 improbus
3187 2914 3199 2938 ,
3238 2874 3419 2928 nullus
3441 2888 3539 2927 ve.

1928 2979 2071 3019 neno
2098 2963 2345 3030 infectus,
2374 2979 2548 3034 neque
2573 2964 2673 3017 alia
2701 2964 2752 3018 in
2774 2978 2868 3019 ore
2892 2978 3135 3028 versans,
3159 2964 3258 3015 alia
3283 2963 3335 3018 iu
3358 2974 3539 3019 mentc

1929 3056 2186 3111 retinens.
2219 3055 2387 3110 Adest
2414 3054 2695 3119 Christus,
2724 3064 2779 3111 et
2808 3070 2951 3111 nunc
2981 3058 3045 3120 is,
3079 3055 3171 3126 qui
3201 3071 3442 3110 mensam
3468 3058 3540 3113 il-

1930 3148 2033 3201 lam
2057 3147 2353 3217 apparavit,
2376 3147 2466 3202 bie
2492 3149 2607 3217 ipse
2632 3148 2771 3202 hanc
2798 3162 2940 3202 nunc
2970 3157 3217 3202 exornat.
3248 3147 3364 3202 Non
3391 3148 3537 3203 enim

1930 3239 2093 3293 homo
2116 3247 2199 3293 est
2220 3280 2236 3305 ,
2260 3239 2349 3308 qui
2380 3235 2509 3293 facit
2542 3246 2595 3293 ut
2623 3237 2895 3309 proposita
2921 3237 3225 3292 efficiantur
3249 3252 3447 3308 corpus
3483 3248 3541 3294 et

1929 3330 2145 3398 sanguis
2176 3329 2370 3384 Christi
2397 3370 2411 3395 ,
2441 3328 2535 3384 sed
2563 3328 2676 3399 ipse
2702 3327 2947 3383 Christus
2976 3328 3067 3399 qui
3098 3343 3197 3397 pro
3225 3328 3380 3383 nobis
3408 3344 3538 3384 cru-

1930 3421 2119 3475 cifixus
2149 3428 2250 3475 est.
2280 3420 2527 3490 Figuram
2562 3421 2790 3490 impleas
2817 3429 2922 3475 stat
2948 3420 3203 3475 sacerdos
3242 3422 3405 3477 verba
3448 3421 3539 3477 illa

1932 3512 2212 3583 proferens
2247 3530 2259 3565 :
2291 3513 2688 3569 virtusautetn
2733 3523 2788 3568 et
2827 3514 2995 3584 gratia
3039 3513 3131 3567 Dei
3176 3523 3279 3569 est.
3312 3513 3428 3567 Hoc
3463 3526 3541 3570 est

1930 3620 2115 3674 corpus
2154 3620 2358 3670 meum,
2391 3604 2583 3675 inquit.
2625 3605 2739 3660 lloe
2777 3605 2999 3660 verbum
3046 3606 3390 3660 transformat
3432 3622 3541 3674 ea,

1930 3712 2050 3766 quae
2072 3696 2342 3766 proposita
2369 3706 2514 3750 sunt.
2541 3698 2616 3751 Ac
2643 3696 3094 3767 quemadmodum
3119 3712 3221 3751 vox
3251 3699 3337 3752 illa
3371 3715 3385 3752 :
3417 3696 3537 3753 Cre-

1930 3789 2071 3854 scite,
2107 3798 2152 3841 ct
2182 3788 2612 3858 multiplicamini,
2645 3799 2693 3842 et
2718 3788 2904 3858 replete
2929 3797 3115 3842 terram
3138 3787 3294 3858 (Gen.
3327 3790 3378 3844 i.
3404 3788 3499 3861 28)
3520 3832 3537 3853 ,

1932 3880 2099 3935 semel
2131 3879 2345 3949 quidem
2399 3880 2604 3948 prolata
2652 3886 2770 3944 est,
2810 3879 2959 3931 onmi
2996 3893 3124 3933 vero
3161 3888 3405 3949 tempore
3442 3894 3541 3934 na-

1934 3982 2065 4025 tum
2098 3956 2296 4024 nostra:
2322 3970 2428 4023 vim
2458 3969 2658 4039 prmbet
2701 3969 2770 4024 ad
2804 3969 3033 4023 filiorum
3066 3970 3493 4037 procreationem
3520 3987 3535 4037 ;

1934 4066 2002 4118 ita
2030 4072 2085 4117 et
2113 4079 2213 4116 vox
2256 4062 2374 4117 luce
2411 4062 2578 4117 semel
2618 4059 2822 4131 prolata
2864 4062 2917 4116 in
2958 4061 3216 4117 Ecclesiis
3252 4061 3317 4116 ad
3352 4076 3541 4117 unam~

1931 4170 2199 4226 quamque
2231 4168 2471 4209 mensam
2496 4194 2513 4218 ,
2544 4154 2611 4207 ab
2644 4153 2736 4208 illo
2762 4152 2827 4205 ad
2861 4152 3175 4207 hodiernum
3207 4168 3375 4223 usque
3403 4162 3542 4207 tem-

1932 4262 2032 4317 pus
2053 4254 2108 4300 et
2128 4259 2297 4314 usque
2318 4242 2387 4297 ad
2414 4243 2706 4297 adventum
2734 4242 2869 4312 ejus,
2896 4244 3220 4298 sacrificium
3244 4244 3539 4313 perlectum

1931 4338 2113 4394 efﬁcit.
2150 4337 2335 4390 Nullus
2363 4336 2522 4405 igitur
2548 4334 2827 4389 simulatus
2867 4334 3109 4401 acoedat,
3142 4334 3321 4388 nullus
3352 4334 3542 4405 ncqui-

1935 4432 2002 4483 tia
2035 4429 2250 4499 plenus,
2281 4429 2456 4483 nullus
2486 4436 2746 4481 venenata
2778 4438 2962 4481 mente
2987 4469 3001 4491 ,
3036 4442 3103 4481 ne
3129 4427 3181 4481 in
3206 4427 3538 4482 condemna-

1934 4523 2131 4577 tionem
2156 4524 2422 4593 particeps
2445 4520 2741 4576 efficiatur.
2771 4520 2923 4575 Tune
2949 4521 3091 4574 enim
3120 4530 3241 4589 post
3259 4532 3539 4593 acceptam

1931 4614 2255 4667 oblationem
2276 4655 2290 4673 .
2316 4612 2558 4666 diabolus
2598 4610 2784 4665 insiliit
2818 4610 2871 4664 in
2906 4609 3097 4687 Judatn
3119 4652 3134 4673 ,
3166 4628 3272 4665 non
3304 4612 3542 4667 Domini-

1931 4718 2052 4759 cum
2076 4719 2268 4775 corpus
2286 4703 2705 4773 despiciens,sed
2728 4702 2916 4757 Judam
2935 4703 3004 4757 ob
3020 4702 3402 4771 impudentiam
3419 4720 3542 4759 cono

1935 4806 2212 4862 temnens;
2243 4806 2299 4850 ut
2321 4796 2495 4850 discas
2528 4797 2581 4851 in
2610 4812 2703 4852 eos
2729 4795 2983 4860 maxime,
3016 4797 3104 4865 qui
3131 4797 3307 4852 divina
3339 4806 3543 4869 myste-

1932 4890 2008 4945 ria
2041 4890 2252 4958 indigne
2293 4888 2648 4958 participant,
2679 4886 2989 4957 frequenter
3026 4888 3229 4943 insilire
3258 4898 3311 4943 et
3338 4889 3541 4943 irrum-

1934 4998 2059 5051 pere
2080 4980 2372 5045 diabolum,
2401 4989 2457 5034 ut
2482 4990 2608 5033 tunc
2632 4978 2783 5034 Judua
2806 4979 3047 5048 contigit.
3074 4979 3287 5033 Etenim
3305 4979 3542 5035 honores

1934 5088 2027 5127 cos
2050 5073 2135 5140 qui
2176 5072 2321 5141 digni
2366 5082 2490 5125 sunt
2531 5072 2753 5141 juvant,
2789 5086 2883 5125 eas
2912 5086 3041 5125 vero
3083 5072 3175 5141 qui
3221 5071 3436 5142 indigne
3477 5073 3545 5127 iis

1936 5165 2203 5227 falluntur,
2240 5164 2292 5217 in
2320 5166 2493 5233 majus
2523 5164 2843 5233 supplicium
2884 5163 3194 5232 cenjieiunt.
3228 5163 3354 5218 ll:ce
3381 5178 3546 5233 porro

1937 5272 2041 5309 non
2072 5264 2128 5309 ut
2160 5272 2257 5309 vos
2282 5255 2611 5309 terrei'aciam
2630 5254 2770 5320 dico,
2803 5256 2897 5310 sed
2921 5266 2978 5309 ut
2998 5256 3268 5309 cautiores
3292 5255 3537 5310 reddam.

1936 5347 2105 5404 Nemo
2129 5350 2304 5418 itaque
2335 5349 2403 5401 sit
2428 5348 2613 5414 Judas,
2642 5364 2803 5403 nemo
2831 5348 3159 5417 ingrediatur
3181 5348 3429 5419 nequitire
3452 5364 3546 5402 ve-

1940 5457 2078 5495 ncuo
2104 5439 2350 5493 infectus.
2384 5440 2514 5494 Nam
2556 5440 2873 5493 sacrificium
2914 5449 2996 5494 est
3033 5439 3324 5510 spiritualis
3349 5439 3539 5496 cibus:

1939 5549 2002 5587 ac
2026 5531 2477 5602 quemadmodum
2518 5532 2668 5584 cibus
2698 5545 2992 5601 corporeus
3016 5572 3030 5595 ,
3065 5545 3185 5585 cum
3217 5530 3268 5583 in
3299 5539 3544 5585 ventrem

1942 5626 2122 5695 pravis
2148 5624 2464 5679 humoribus
2495 5623 2756 5693 repletum
2790 5622 3059 5687 inciderit,
3089 5633 3247 5692 auget
3272 5622 3541 5689 morbum,

1942 5734 2046 5770 non
2096 5726 2279 5770 natura
2330 5732 2419 5770 sua
2447 5756 2462 5780 ,
2504 5714 2597 5770 sed
2629 5715 2831 5769 ventris
2880 5714 3189 5768 infirmitate
3224 5733 3237 5768 :
3268 5714 3337 5767 ita
3380 5713 3544 5767 etiam

1944 5807 2201 5878 contingit
2230 5808 2280 5859 in
2308 5807 2666 5877 spiritualibus
2701 5806 3007 5877 mysteriis;
3039 5820 3158 5859 nam
3192 5820 3313 5864 eum
3343 5804 3395 5859 in
3423 5803 3544 5863 auio
