4164 6324
640 379 736 434 381

642 506 782 547 ma
809 486 1090 545 inciderint
1110 482 1341 554 nequitia
1368 480 1598 552 plenam,
1621 477 1765 533 illam
1794 474 1963 544 magis
1980 487 2219 528 corrum-

643 597 774 652 punt
798 592 851 635 et
881 578 1236 641 labefactant,
1273 589 1375 628 non
1416 582 1603 625 natura
1634 583 1727 623 sua
1746 609 1759 630 ,
1791 564 1887 620 sed
1917 563 2225 634 recipientis

641 675 832 727 anima:
874 670 1209 725 inﬁmitate.
1259 664 1427 720 Nemo
1468 663 1625 733 igitttr
1668 658 1837 714 malas
1874 656 2224 726 cogitationes

642 766 782 818 intus
804 762 1017 827 habeat,
1044 759 1137 814 sed
1169 765 1402 812 mentem
1434 765 1720 822 purgemus
1752 766 1766 801 :
1795 748 1991 803 etenim
2021 744 2087 799 ad
2121 760 2223 813 pu-

640 870 759 907 rum
784 850 1103 908 sacriﬁcium
1145 846 1482 907 accedimus;
1513 853 1749 898 sanctam
1791 838 2075 895 reddamus
2102 835 2223 889 ani-

639 961 780 998 mam
806 962 819 997 :
844 944 944 997 hoc
963 942 1104 995 enim
1130 939 1216 993 vel
1244 953 1349 991 uno
1377 937 1463 989 die
1490 934 1667 1005 perﬁci
1700 938 1889 1001 potest.
1918 926 2219 994 Quomodo,

636 1051 739 1104 qua
774 1032 1015 1089 ratione?
1058 1031 1113 1086 Si
1143 1029 1268 1100 quid
1304 1027 1501 1082 habeas
1536 1032 1720 1079 contra
1750 1021 2021 1107 inimicum
2045 1059 2062 1083 ,
2096 1017 2224 1074 tolle

637 1126 792 1188 iram,
815 1125 1020 1194 plagam
1042 1121 1185 1175 illam
1210 1133 1360 1183 cura,
1387 1117 1533 1171 solve
1558 1112 1908 1173 inimicitiam,
1932 1119 1987 1164 ut
2013 1125 2041 1163 a
2068 1124 2222 1165 men—

635 1228 695 1265 sa
718 1212 976 1266 medelam
1003 1209 1269 1279 accipias:
1297 1206 1361 1261 ad
1392 1204 1716 1260 horrendum
1740 1202 1883 1256 enim
1905 1209 1960 1255 et
1978 1209 2220 1256 sanetum

635 1301 953 1356 sacriﬁcium
981 1299 1204 1354 accedis.
1239 1298 1545 1352 ltevereare
1575 1293 1731 1362 hujus
1758 1291 2043 1365 oblationis
2063 1304 2222 1360 argu-

637 1404 894 1457 mentum,
926 1390 1136 1447 occisus
1171 1391 1315 1459 jacet
1342 1386 1609 1443 Christus.
1641 1383 1803 1454 Cujus
1828 1399 1956 1438 vero
1976 1397 2137 1437 causa
2166 1392 2222 1437 et

637 1499 802 1551 quare
822 1482 1028 1536 occisus
1052 1480 1171 1536 est?
1198 1478 1267 1535 Ut
1290 1477 1600 1533 caelestibus
1626 1476 1785 1529 simul
1809 1482 1862 1528 et
1883 1473 2108 1527 terrenis
2130 1487 2223 1541 pa-

634 1590 751 1628 cem
781 1574 1025 1639 afferret,
1057 1581 1115 1626 ut
1140 1584 1193 1625 te
1216 1570 1521 1639 angelorum
1553 1568 1713 1621 etiam
1742 1567 1971 1620 amicum
1999 1565 2216 1631 faceret,

634 1676 693 1720 ut
708 1674 759 1720 te
783 1681 902 1721 cum
928 1666 1036 1718 Deo
1059 1664 1426 1718 universorum
1449 1659 1836 1723 reconciliaret,
1858 1664 1916 1711 ut
1933 1666 1986 1711 te
2011 1658 2218 1711 hostem

631 1767 686 1810 et
728 1756 1090 1811 adversarium
1131 1754 1361 1807 amicum
1406 1750 1627 1805 faceret.
1661 1749 1755 1803 Ille
1795 1748 2028 1802 animam
2066 1762 2219 1801 suam

632 1848 778 1901 dedit
802 1862 899 1915 pro
922 1846 1005 1910 iis,
1029 1846 1117 1915 qui
1144 1860 1203 1898 se
1222 1844 1480 1906 oderant;
1512 1851 1565 1895 tu
1593 1855 1717 1894 vero
1744 1838 2073 1894 inimicitiam
2101 1852 2219 1891 sero

631 1952 728 1992 vas
768 1945 953 1990 contra
994 1933 1354 1990 conservum?
1396 1941 1451 1986 et
1491 1945 1597 2000 quo
1637 1939 1794 1999 pacto
1830 1928 1979 1984 adire
2020 1929 2219 1999 poteris

632 2044 869 2083 mensam
892 2028 1075 2097 pacis?
1100 2036 1154 2081 et
1184 2026 1274 2080 ille
1299 2040 1369 2080 ne
1394 2024 1529 2078 mori
1555 2023 1772 2092 quidem
1802 2037 1898 2092 pro
1929 2031 1981 2076 te
2001 2035 2219 2076 recusa-

633 2120 724 2180 vit,
756 2128 809 2170 tn
841 2132 967 2170 vero
1004 2118 1133 2171 iram
1164 2130 1425 2171 conservo
1467 2114 1539 2167 tui
1571 2114 1737 2181 ipsius
1760 2126 1919 2165 causa
1946 2111 2221 2165 remittere

628 2210 855 2263 abnuis?
884 2223 1049 2277 ecqua
1079 2207 1191 2261 haec
1232 2207 1382 2261 venia
1419 2206 1577 2274 digna
1607 2203 1773 2261 sunt?
1812 2203 1935 2257 Mihi
1964 2204 2217 2257 damnum

631 2299 827 2363 intulit,
860 2298 1071 2367 inquies
1094 2337 1109 2362 ,
1138 2305 1193 2351 et
1234 2295 1522 2350 admodum
1554 2309 1641 2349 me
1669 2294 1827 2349 lzesit.
1868 2292 1936 2347 Et
1959 2293 2084 2361 quid
2113 2293 2215 2348 hoc

628 2390 742 2441 est?
772 2388 1123 2442 Pecuniarum
1152 2397 1234 2441 est
1263 2385 1514 2440 damnum
1543 2402 1555 2437 :
1590 2384 1826 2440 nondum
1855 2384 1999 2439 enim
2026 2385 2217 2439 vulne-

631 2480 764 2533 ravit
785 2480 924 2533 sicut
952 2478 1223 2532 Christum
1250 2476 1447 2540 Judas;
1478 2486 1711 2530 attamen
1744 2476 1857 2545 ipse
1881 2475 2215 2545 sanguinem,

628 2571 718 2640 qui
746 2570 946 2623 eﬂ'nsus
974 2577 1079 2633 est,
1103 2567 1156 2622 in
1188 2568 1447 2638 ipsorum,
1478 2566 1566 2636 qui
1598 2565 1959 2625 effundebant.
1991 2566 2216 2620 salutem

626 2662 791 2717 dedit.
813 2662 949 2727 Quid
971 2662 1095 2715 huic
1116 2660 1191 2715 rei
1218 2658 1503 2731 pardiccre
1522 2659 1735 2715 valeas?
1758 2659 1812 2716 Si
1830 2675 1936 2714 non
1952 2658 2219 2714 dimiseris

628 2756 857 2818 inimico,
880 2768 985 2808 non
1010 2754 1156 2808 illum
1182 2753 1355 2817 laedis,
1381 2751 1474 2806 sed
1504 2753 1752 2822 teipsum.
1780 2752 1931 2807 lllum
1955 2750 2217 2820 siquidem

626 2861 769 2916 cepe
802 2847 855 2901 in
906 2846 1005 2902 hac
1031 2848 1137 2901 vita
1183 2846 1407 2910 iresisti,
1453 2845 1679 2913 teipsum
1723 2860 1852 2898 vero
1884 2844 2035 2898 venia
2075 2842 2213 2897 indi-

626 2952 789 3005 gnum
820 2936 1136 3002 reddidisti,
1165 2937 1218 2990 in
1252 2936 1457 2990 actione
1487 2934 1646 2988 futuri
1672 2935 1879 3003 judicii.
1908 2934 2045 2987 Nihil
2072 2935 2215 2988 enim

628 3028 696 3079 ita
730 3027 865 3080 Deus
895 3028 1007 3081 odit
1034 3037 1091 3081 ut
1134 3027 1404 3080 hominem
1454 3025 1767 3093 iniuriarum
1795 3039 2085 3078 memorem
2109 3066 2127 3089 ,
2160 3033 2217 3079 ut

626 3132 720 3173 cor
742 3127 951 3172 tumens
977 3128 1032 3173 et
1060 3120 1294 3172 animum
1323 3121 1399 3172 ira
1427 3116 1721 3171 ardentem.
1750 3116 1887 3169 Audi
1913 3115 2069 3185 igitur
2086 3116 2213 3185 quid

624 3208 769 3264 dieat
804 3227 816 3262 :
844 3207 969 3263 Cum
997 3208 1234 3262 adtuleris
1260 3224 1445 3261 manus
1464 3216 1614 3260 tuum
1641 3207 1710 3259 at!
1742 3207 1903 3261 altare
1927 3247 1942 3271 ,
1971 3218 2017 3259 et
2047 3207 2115 3258 ibi
2134 3223 2214 3259 re-

623 3302 861 3354 cordatus
900 3302 1054 3369 fueris
1082 3301 1292 3355 adstans
1330 3300 1516 3364 altari,
1546 3300 1680 3367 quod
1703 3302 1861 3368 frater
1892 3308 2005 3350 tuus
2034 3298 2212 3350 Itabrat

624 3391 818 3461 aliquid
846 3392 1108 3443 adversum
1134 3400 1181 3443 te
1211 3406 1230 3443 :
1258 3391 1482 3459 relinque
1519 3405 1701 3442 manus
1744 3400 1881 3440 tuum
1918 3388 1986 3440 ad
2010 3390 2172 3442 altare
2193 3429 2209 3455 ,

623 3489 671 3533 et
707 3482 877 3535 abiens
914 3482 1239 3536 reconciliare
1285 3481 1435 3551 fratri
1483 3491 1566 3533 tuo
1592 3523 1606 3545 ,
1647 3491 1691 3533 et
1724 3489 1841 3531 tunc
1879 3481 2003 3545 οπετ
2030 3496 2211 3533 manus

624 3584 766 3625 latum
796 3576 813 3642 (
838 3571 1025 3626 Manli.
1071 3574 1124 3629 5.
1169 3574 1261 3629 23.
1290 3574 1419 3643 ξι).
1453 3572 1590 3639 Quid
1632 3574 1764 3627 dicis
1786 3615 1800 3637 ,
1833 3572 2210 3627 Dimittamne?

624 3728 689 3743 -ο

1332 379 1391 437 S.
1428 373 1707 433 JOANNIS
1741 362 2220 427 CllRYSOSTO)"
2260 361 2579 420 ARCHIEP.
2619 356 3149 420 DONSTANTINOP.

3815 348 3924 403 582

2329 466 2527 535 Etiam,
2549 468 2743 537 inquit,
2769 466 2839 521 ob
2860 480 3046 536 pacem
3075 464 3219 521 enim
3248 478 3369 520 cum
3396 462 3559 521 fratre
3585 472 3680 519 tuo
3706 462 3811 519 hoc
3832 479 3923 519 sa-

2325 559 2583 613 crificium
2603 558 2897 613 institutum
2915 555 3085 611 est.Si
3117 556 3277 624 igitur
3299 557 3368 610 ob
3383 570 3568 625 pacem
3598 571 3723 610 cum
3755 555 3924 610 fratre

2327 656 2421 705 tuo
2444 648 2759 704 servandam
2799 649 2901 702 hoc
2929 644 3249 701 sacriﬁcium
3281 646 3578 700 institutum
3602 655 3711 711 est,
3740 654 3799 700 tu
3824 660 3918 699 au-

2327 748 2437 796 tem
2463 755 2651 810 pacem
2696 755 2801 794 non
2847 738 2985 802 iuis,
3016 736 3211 792 frustra
3240 738 3562 792 sacriﬁcium
3586 737 3875 807 participas
3903 752 3921 791 :

2327 830 2513 885 inutile
2552 845 2778 899 namque
2819 829 2913 883 tibi
2955 829 3058 883 hoc
3094 842 3233 897 opus
3271 827 3519 905 efficitur.
3562 826 3699 882 Illud
3743 829 3928 897 itaque

2329 924 2558 993 primum
2589 924 2781 987 facito,
2817 938 2914 992 pro
2950 937 3059 990 quo
3101 919 3421 975 sacriﬁcium
3451 919 3691 974 oblatum
3719 931 3840 985 est,
3867 928 3927 974 et

2328 1025 2455 1069 tunc
2480 1015 2572 1068 illo
2600 1012 2825 1083 pulchre
2866 1012 3079 1067 frueris.
3123 1010 3247 1067 Ideo
3283 1009 3563 1065 descendit
3592 1010 3761 1065 Filius
3786 1009 3884 1064 Dei
3904 1049 3924 1075 ,

2325 1117 2383 1161 ut
2404 1115 2646 1161 naturam
2674 1114 2909 1159 nostram
2936 1104 3161 1158 Domino
3184 1115 3283 1156 suo
3303 1101 3677 1156 reconciliaret
3705 1117 3720 1152 :
3745 1114 3924 1170 neque

2325 1199 2446 1253 ideo
2464 1197 2637 1252 solum
2659 1196 2825 1263 venit,
2843 1195 2941 1251 sed
2966 1196 3129 1249 etiam
3160 1202 3218 1247 ut
3247 1206 3367 1259 nos,
3400 1191 3447 1248 si
3471 1207 3584 1246 rem
3610 1190 3926 1261 hujusmodi

2324 1290 2643 1354 faceremus,
2671 1302 2782 1343 suze
2799 1286 3174 1357 appellationis
3199 1284 3483 1354 participes
3500 1281 3763 1337 efﬁceret.
3786 1280 3926 1336 Nam

2323 1380 2488 1445 Beati,
2516 1381 2707 1450 inquit,
2730 1378 2951 1449 paciﬁci,
2978 1377 3218 1442 quorum
3240 1376 3339 1445 ipsi
3364 1373 3462 1441 ﬁlii
3488 1373 3582 1428 Dei
3611 1374 3928 1427 vocabuntur

2324 1476 2340 1543 (
2367 1472 2552 1526 Matth.
2582 1472 2635 1527 5.
2664 1471 2751 1541 9).
2784 1470 2936 1537 Quod
2962 1469 3105 1523 enim
3134 1466 3259 1521 fecit
3282 1466 3584 1534 unigenitus
3612 1464 3778 1518 Filius
3805 1462 3925 1528 Dei,

2323 1565 2374 1620 id
2408 1574 2462 1619 tu
2495 1579 2590 1634 pro
2620 1563 2759 1617 virili
2790 1571 2879 1616 tua
2906 1560 3070 1614 facito
3092 1601 3107 1623 ,
3140 1567 3197 1612 ut
3224 1558 3370 1628 pacis
3397 1555 3712 1610 conciliator
3738 1566 3796 1609 et
3826 1554 3928 1609 tibi

2321 1658 2399 1711 sis
2423 1665 2478 1711 et
2499 1655 2616 1709 aliis
2668 1654 2793 1709 ldco
2832 1663 2884 1707 te
2912 1653 3188 1723 paciﬁcum
3210 1692 3225 1715 ,
3253 1650 3419 1704 ﬁlium
3448 1648 3542 1703 Dei
3567 1658 3723 1703 vocat
3753 1665 3769 1700 :
3802 1647 3928 1702 ideo

2324 1758 2566 1817 tempore
2593 1746 2843 1802 sacrificii
2884 1744 3087 1799 nullum
3115 1743 3257 1797 aliud
3285 1748 3610 1812 νπωοβιιιιιι
3638 1747 3925 1804 memorat,

2320 1857 2479 1911 quam
2526 1839 3015 1894 reconciliationem
3054 1854 3178 1911 cum
3220 1835 3423 1901 fratre,
3456 1832 3751 1889 ostendens
3792 1831 3928 1887 illud

2320 1931 2559 1986 omnium
2606 1932 2894 1984 maximum
2936 1944 3079 1983 esse.
3129 1927 3380 1982 Volebam
3425 1924 3767 1997 prolixiorem
3826 1925 3926 1977 ha-

2321 2022 2447 2075 bere
2472 2034 2813 2083 sermonem,
2846 2020 2941 2075 sed
2985 2020 3047 2073 iis
3089 2019 3178 2087 qui
3219 2017 3319 2072 sibi
3356 2014 3639 2071 attendunt
3666 2013 3784 2070 hac
3808 2014 3928 2070 sola

2321 2110 2583 2165 sufﬁciunt
2602 2150 2615 2172 ,
2648 2110 2691 2163 si
2717 2110 3029 2164 memoriatn
3060 2108 3337 2162 retineant.
3369 2104 3569 2159 Horum
3596 2104 3807 2174 itaque“,
3836 2102 3927 2159 di-

2322 2202 2481 2269 lecti,
2518 2203 2798 2257 verborum
2844 2216 3059 2271 semper
3097 2198 3471 2263 recordemur,
3517 2211 3616 2252 nec
3659 2210 3767 2252 non
3798 2211 3927 2250 san-

2321 2303 2530 2349 ctorum
2584 2297 2930 2360 osculorum,
2973 2294 3342 2365 tremendique
3391 2294 3671 2365 amplexus
3696 2334 3713 2360 ,
3756 2305 3922 2361 quem

2326 2398 2512 2443 mutuo
2539 2388 2748 2440 damus.
2795 2386 2907 2441 Hoc
2934 2386 3130 2456 quippe
3175 2386 3384 2439 animas
3410 2385 3627 2454 colligat
3668 2392 3884 2438 nostras
3904 2420 3923 2446 ,

2323 2490 2379 2535 ct
2406 2496 2597 2536 omnes
2634 2495 2800 2534 unum
2841 2494 3036 2548 corpus
3078 2477 3282 2541 efﬁcit,
3314 2476 3745 2549 quandoquidem
3776 2482 3831 2529 et
3856 2472 3927 2527 de

2324 2589 2431 2629 uno
2457 2588 2683 2641 corpore
2713 2588 2902 2626 omnes
2944 2571 3348 2640 participamus.
3384 2569 3493 2626 Nos
3518 2584 3646 2638 ergo
3677 2569 3730 2623 in
3758 2582 3925 2622 unum

2323 2674 2377 2719 et
2408 2664 2547 2719 idem
2595 2680 2790 2733 corpus
2828 2663 3245 2717 coalescamus:
3278 2677 3383 2717 non
3424 2675 3651 2729 corpora
3691 2658 3924 2714 commi-

2323 2766 2554 2817 scentes,
2588 2756 2681 2809 sed
2711 2755 2922 2808 animas
2950 2764 3138 2808 mutuo
3163 2753 3402 2808 caritatis
3428 2751 3637 2807 vinculo
3666 2750 3924 2820 copulanc

2324 2858 2422 2902 tes.
2447 2848 2535 2902 Sic
2554 2848 2844 2916 poterimus
2866 2847 2965 2901 hac
2985 2861 3169 2901 mensa
3193 2861 3317 2902 cum
3336 2845 3529 2900 ﬁducia
3547 2845 3647 2898 frui
3669 2862 3684 2898 :
3708 2842 3924 2898 etiamsi

2322 2942 2463 2992 enim
2493 2939 2766 2993 sexcentis
2794 2937 3131 2993 abundentus
3164 2936 3385 3006 justitia:
3428 2935 3703 3005 operibus,
3742 2934 3789 2989 si
3832 2933 3921 2987 in-

2319 3029 2579 3097 jnriarum
2612 3030 2926 3084 memoriam
2964 3029 3315 3094 retineamus,
3343 3026 3522 3082 omnia
3552 3025 3607 3080 in
3635 3039 3834 3079 vanum
3861 3033 3923 3079 et

2323 3121 2515 3175 frustra
2545 3120 2775 3185 cedunt,
2808 3135 2872 3175 ac
2902 3119 3108 3174 nullum
3150 3118 3276 3173 inde
3314 3117 3543 3172 fructum
3581 3115 3649 3171 ad
3689 3115 3920 3170 salutem

2320 3226 2609 3279 excerpere
2636 3210 2946 3281 poterimus.
2979 3209 3105 3264 “me
3134 3210 3310 3280 itaque
3336 3208 3518 3271 docti,
3549 3222 3769 3262 omnem
3808 3206 3923 3262 sol-

2320 3315 2507 3355 vamus
2537 3301 2691 3365 iram,
2723 3309 3049 3371 purgataque
3072 3298 3418 3366 conscientia,
3449 3313 3571 3353 cum
3597 3302 3919 3352 mansuetu-

2320 3390 2442 3445 dine
2478 3401 2533 3446 et
2571 3390 2831 3446 modestia
2865 3391 3012 3446 omni
3044 3391 3362 3447 accedamus
3386 3388 3452 3445 ad
3482 3404 3724 3445 mensam
3750 3389 3918 3445 Chri-

2320 3483 2407 3546 sti,
2432 3498 2553 3537 cum
2583 3497 2691 3551 quo
2718 3482 2858 3536 Patri
2883 3482 3073 3553 gloria,
3104 3482 3295 3547 honor,
3327 3481 3631 3551 imperium,
3656 3495 3762 3536 una
3787 3494 3917 3536 cum

2319 3582 2506 3627 sancto
2535 3572 2758 3643 Spiritu,
2788 3588 2931 3628 nunc
2951 3583 3007 3629 et
3027 3588 3262 3645 semper,
3292 3585 3399 3630 etc.

624 3826 686 3869 IN
730 3826 999 3871 DIVINAM
1043 3826 1123 3867 ET
1165 3824 1486 3869 HYS’I‘ICAM
1529 3824 1778 3868 (ΚΕ-ΝΛΜ
1820 3821 2226 3877 SALVATORIS,
2270 3822 2352 3865 ΒΤ
2393 3824 2475 3865 DE
2521 3824 2903 3868 PRODITIONE
2946 3825 3127 3867 ,νυνι
3159 3827 3173 3866 Ξ
3207 3816 3275 3868 IN
3316 3825 3552 3870 PASCHA
3596 3827 3782 3893 Im,
3826 3826 3917 3871 ιι·

702 3924 768 3967 IN
813 3924 1348 3967 DISPENSATIONEM
1401 3923 1764 3967 υινιΝοιιωι
1805 3920 2212 3967 κῐετειιιοιιυ

2336 3923 2417 3965 ΕΤ
2460 3924 2543 3966 DE
2586 3924 2924 3967 OBLIVIONE
2995 3926 3415 3971 lNJUlllARUH.
3489 3928 3727 3973 ΗΔΒΙΤΔ
3795 3930 3915 3973 EST

702 4024 971 4065 IIOMILIA
1014 4023 1077 4065 IN
1120 4022 1355 4065 SANCTA
1391 4023 1471 4063 ET
1499 4022 1719 4066 HAGNA
1745 4022 1938 4063 FERIA
1968 4020 2229 4073 QUINTA.

1244 4138 1467 4177 llOIlLIA
1504 4137 1565 4180 11.

695 4216 749 4269 l.
778 4213 943 4269 ludas
972 4216 1137 4283 potius
1160 4231 1311 4284 quant
1351 4212 1523 4275 Iesus,
1551 4222 1597 4267 et
1632 4214 1909 4284 generatim
1932 4254 1948 4277 ,
1990 4212 2123 4267 male
2148 4229 2211 4265 a-

627 4321 793 4379 gentes
818 4309 983 4378 potius
1003 4322 1163 4376 quam
1183 4307 1329 4361 mala
1343 4308 1489 4377 passi
1504 4305 1710 4373 lugendi
1747 4316 1883 4359 sunt.
1934 4335 2003 4345 —
2039 4304 2204 4360 Vole-

628 4400 774 4463 bam,
806 4397 1007 4462 dilecti,
1028 4398 1095 4452 de
1116 4397 1416 4467 patriarcha
1443 4410 1629 4451 rursus
1655 4410 1955 4450 sermonem
1985 4395 2201 4461 habere,

625 4496 681 4542 et
710 4487 833 4541 inde
864 4488 1013 4542 vobis
1063 4486 1339 4555 spirituale
1388 4485 1691 4540 convivium
1745 4500 2015 4556 apponere
2062 4486 2207 4542 :sed

628 4578 869 4647 ingratus
912 4578 1196 4647 proditoris
1226 4578 1435 4632 animus
1476 4578 1543 4631 ad
1592 4577 1729 4632 illius
1776 4578 2204 4647 pertractandum

624 4671 826 4723 facinus
857 4670 1088 4739 linguam
1112 4681 1345 4723 noSIram
1364 4669 1641 4739 pertrahit,
1669 4678 1723 4725 et
1749 4668 1858 4724 diei
1882 4670 2203 4741 opportuni-

623 4771 728 4827 tas,
756 4770 813 4815 ut
834 4760 902 4815 de
928 4763 1127 4815 insania
1157 4763 1371 4815 sceleris
1398 4761 1514 4830 ejus
1554 4776 1770 4831 agamus
1793 4804 1806 4827 ,
1836 4777 1934 4816 nos
1957 4763 2205 4817 cohorta-

623 4862 730 4908 tur.
766 4852 935 4907 ilodie
978 4853 1174 4923 quippe
1217 4852 1473 4906 Dominus
1520 4864 1703 4907 noster
1727 4853 1883 4907 Jesus
1905 4851 2148 4909 Christus
2171 4868 2203 4910 a

626 4945 843 5014 proprio
858 4943 1117 5013 discipulo
1131 4943 1435 4997 Judmorum
1463 4944 1708 4998 manibus
1726 4944 1949 4999 traditus
1969 4953 2073 4999 est.
2096 4943 2203 4999 Ve-

624 5051 741 5088 rum
771 5045 825 5087 tu
870 5034 969 5087 hoc
998 5034 1216 5087 audiens
1240 5074 1255 5099 ,
1285 5034 1561 5089 carissime
1580 5072 1596 5097 ,
1627 5049 1691 5088 ne
1715 5033 1880 5088 tristis
1906 5046 2024 5090 esto
2044 5074 2060 5101 ,
2101 5050 2202 5090 nec

624 5125 864 5193 graviter
894 5123 1053 5189 feras,
1088 5123 1227 5193 quod
1257 5124 1511 5177 Dominus
1541 5124 1763 5178 traditus
1809 5127 1879 5178 sit
1909 5138 1923 5177 :
1954 5125 2063 5179 imo
2108 5139 2204 5194 po-

627 5216 727 5269 tius
761 5216 1047 5284 ingcmisce
1087 5224 1142 5268 et
1184 5215 1234 5267 in
1274 5214 1427 5268 fletus
1452 5230 1695 5284 erumpe,
1728 5230 1832 5268 non
1858 5216 1925 5269 ob
1952 5215 2199 5269 traditum

623 5304 829 5371 Jcsum,
856 5304 947 5360 sed
968 5306 1037 5359 oh
1068 5305 1373 5359 traditorem
1403 5306 1612 5361 Iudam.
1636 5306 1766 5360 Nam
1790 5306 2009 5361 traditus
2046 5306 2201 5362 Jesus

625 5396 881 5451 mundum
911 5398 1161 5462 servavit,
1182 5397 1421 5466 proditor
1445 5413 1575 5453 vero
1602 5398 1765 5453 Judas
1795 5399 2021 5453 animam
2048 5414 2199 5453 suam

623 5489 886 5561 perdidit;
916 5490 1152 5557 proditus
1174 5490 1328 5545 Jesus
1367 5491 1431 5545 ad
1464 5491 1735 5546 dexteram
1774 5491 1943 5546 Patris
1970 5494 2119 5547 sedet
2147 5494 2199 5547 in

619 5581 786 5645 caelis,
813 5581 1051 5652 proditor
1079 5581 1240 5635 Judas
1268 5584 1319 5637 in
1352 5583 1554 5639 inferno
1584 5598 1724 5637 nunc
1750 5591 1849 5647 est,
1867 5592 2022 5652 atque
2050 5583 2199 5637 indc—

624 5674 887 5741 precabile
908 5684 1272 5743 mternumque
1292 5684 1561 5743 exspectat
1589 5675 1927 5744 supplicium.
1970 5674 2092 5729 Ideo
2121 5674 2201 5728 in-

619 5763 854 5832 gemisce
875 5805 891 5831 ,
924 5763 1043 5820 ideo
1076 5765 1126 5818 in
1179 5766 1334 5819 llctus
1372 5780 1590 5836 erumpe
1624 5783 1637 5818 :
1669 5765 2093 5835 quandoquidem
2142 5776 2197 5822 et

2322 4214 2435 4285 ipse
2451 4212 2707 4268 Dominus
2734 4223 2915 4269 noster
2939 4213 3095 4269 Jesus
3117 4213 3361 4270 Christus
3377 4213 3561 4269 videns
3577 4214 3770 4272 Iudam
3795 4227 3915 4273 tur-

2321 4304 2476 4358 batus
2492 4312 2642 4358 estet
2666 4302 2832 4358 flevit.
2882 4300 3073 4358 Videris
3099 4305 3244 4359 enim
3274 4321 3388 4358 eam
3416 4346 3429 4369 ,
3470 4306 3658 4376 inquit,
3682 4307 3915 4362 turbatus

2314 4406 2406 4462 est,
2435 4406 2482 4449 et
2506 4395 2634 4449 dixit
2656 4438 2671 4463 ,
2710 4394 2853 4450 Unus
2881 4408 3100 4449 vestrum
3130 4397 3293 4449 tradet
3318 4413 3397 4449 me
3426 4396 3446 4462 (
3485 4397 3644 4451 Joan.
3682 4399 3769 4453 l3.
3787 4398 3908 4462 2i).

2315 4488 2493 4553 Quare
2522 4486 2765 4541 turbatus
2785 4486 2913 4543 est?
2937 4486 3189 4555 Cogitans
3222 4487 3445 4553 scilicet,
3474 4502 3595 4541 eum
3624 4498 3749 4559 post
3785 4497 3911 4543 tan-

2315 4590 2421 4635 tam
2459 4579 2759 4635 doctrinam
2786 4621 2800 4645 ,
2833 4590 2954 4649 post
2992 4590 3099 4633 tam
3149 4580 3349 4634 multas
3373 4580 3777 4637 adhortationes
3800 4624 3816 4647 ,
3846 4583 3907 4637 in

2312 4682 2569 4742 quantum
2594 4688 2717 4729 sese
2739 4673 3091 4743 prmcipitium
3117 4684 3316 4743 ageret,
3350 4691 3456 4728 non
3483 4677 3909 4745 presentiscere.

2312 4764 2510 4821 Videas
2537 4766 2695 4837 igitur
2719 4766 2977 4821 Dominus
2999 4765 3240 4836 discipuli
3261 4766 3527 4821 insaniam
3550 4808 3566 4833 ,
3594 4776 3652 4822 et
3689 4768 3911 4825 miseri-

2310 4856 2490 4911 cordia
2523 4858 2575 4912 in
2606 4872 2728 4912 eum
2749 4866 2947 4923 motus,
2965 4856 3207 4911 turbatus
3232 4866 3314 4911 est
3339 4867 3395 4914 et
3425 4856 3589 4912 ﬂevit.
3618 4858 3736 4914 Hoc
3760 4861 3908 4916 enim

2311 4945 2453 5000 ultro
2480 4947 2723 5016 citroque
2750 4956 3049 5000 memorant
3085 4947 3421 5016 evangelistm
3444 4988 3461 5011 ,
3503 4959 3560 5002 ut
3588 4950 3909 5006 teconomia:

2310 5036 2518 5091 veritati
2546 5036 2704 5093 ﬁdem
2747 5038 2961 5091 faciant.
3010 5037 3277 5093 Turbatus
3304 5039 3483 5108 itaque
3523 5050 3607 5095 est
3646 5041 3908 5098 Dominus

2307 5127 2549 5197 discipuli
2598 5129 2835 5183 animum
2865 5142 3203 5198 summopere
3250 5130 3511 5199 ingratum
3551 5132 3794 5200 intuitus,
3842 5146 3907 5189 ut

2309 5233 2408 5273 nos
2432 5219 2623 5275 doceat
2655 5219 2773 5273 illos
2815 5220 3048 5274 maxime
3092 5219 3349 5289 lugendus
3391 5235 3511 5275 esse
3538 5222 3629 5291 qni
3672 5224 3812 5278 male
3836 5238 3905 5278 a—

2305 5320 2458 5381 gunt,
2500 5326 2605 5365 non
2656 5320 2835 5365 autem
2887 5325 2981 5365 eos
3019 5312 3106 5379 qui
3142 5311 3279 5365 mala
3312 5313 3600 5379 patiuntur.
3648 5314 3781 5370 Nam
3809 5319 3904 5388 qui

2310 5400 2504 5468 injusta
2527 5411 2581 5455 et
2627 5399 2840 5469 indigna
2893 5402 3197 5469 patiuntur,
3228 5401 3373 5471 digni
3418 5403 3598 5471 potius
3635 5416 3762 5460 sunt
3808 5412 3903 5478 qni

2307 5489 2447 5546 beati
2512 5492 2889 5563 prmdiccntur.
2946 5492 3276 5562 Quapropter
3325 5493 3537 5549 dicebat
3579 5496 3827 5555 Christus
3885 5518 3904 5557 :

2305 5580 2451 5635 Beati
2476 5583 2563 5651 qui
2594 5585 3033 5651 persequutionem
3079 5590 3345 5655 patiuntur
3390 5598 3595 5657 propter
3612 5591 3901 5659 justitiam,

2303 5674 2541 5742 quoniam
2567 5672 2790 5741 ipsorum
2816 5684 2884 5728 est
2897 5692 3105 5746 regnum
3134 5677 3373 5731 actorum
3391 5676 3604 5743 (Matth.
3622 5679 3906 5748 5.10).“-

2303 5764 2407 5821 don
2449 5774 2706 5840 quantum
2730 5781 2849 5823 esse
2881 5770 3083 5823 lucrum
3122 5770 3354 5826 ostendit
3388 5786 3573 5825 eorum
3599 5813 3613 5833 ,
3644 5773 3732 5839 qui
3762 5777 3909 5829 male
