4164 6324
647 400 753 457 383

646 511 812 578 ἔδειξε
853 509 962 564 τῶν
996 508 1183 572 κακῶς
1209 507 1554 579 πασχόντων;
1592 504 1764 558 Βλέπε
1796 505 1954 558 πάλιν
1984 503 2218 574 ἀλλαχοῦ

643 594 755 649 τῶν
795 589 977 655 κακῶς
1028 591 1324 645 ποιούντων
1370 589 1470 660 τὴν
1521 588 1894 658 ἀπαραίτητον
1926 587 2224 658 τιμωρίανο

646 678 808 730 ἄκουε
855 674 950 727 τοῦ
1000 673 1268 745 μακαρίου
1329 671 1542 725 Παύλου
1594 670 1874 737 λέγοντος·
1917 668 2099 738 Ὑμεῖς
2133 668 2224 729 δὲ,

643 758 912 826 ἀδελφοί,
934 755 1180 826 μιμηταί
1217 755 1539 825 ἐγενήθητε
1569 753 1688 806 τῶν
1727 750 2097 819 Ἐκκλησιῶν
2119 750 2227 805 τοῦ

645 840 791 895 θεοῦ
811 839 929 892 τῶν
955 837 1157 893 οὐσῶν
1180 837 1249 890 ἐν
1280 835 1351 904 τῇ
1381 836 1664 898 Ἰουδαία,
1697 835 1786 889 ὅτι
1819 833 1890 887 τὰ
1918 835 2070 889 αὐτὰ
2091 832 2230 886 ἐπά-

643 926 773 976 σετε
801 921 899 975 καί
919 920 1081 987 ὑμεῖς
1107 918 1226 974 ὑπὸ
1262 917 1380 972 τῶν
1395 918 1562 972 ίδίων
1580 913 2002 986 συμφυλετῶν,
2031 912 2227 978 καθὼς

641 1005 739 1058 καὶ
780 1003 952 1058 αὐτοὶ
995 1002 1112 1057 ὑπὸ
1146 1000 1265 1056 τῶν
1297 1000 1612 1062 Ἰουδαίων,
1665 1000 1782 1054 τῶν
1828 998 1925 1052 καὶ
1968 999 2074 1051 τὸν
2111 997 2228 1050 Κύ-

637 1103 771 1154 ριον
823 1084 1304 1140 ἀποκτεινάντων
1363 1083 1627 1149 Ἰησοῦν,
1687 1082 1783 1135 καὶ
1834 1081 1971 1145 τοὺς
2034 1079 2225 1145 ἰδίους

640 1169 970 1237 προφήτας.
995 1168 1090 1221 καί
1117 1167 1478 1220 κωλυόντων
1496 1164 1671 1234 ἡμᾶς.
1696 1163 1852 1235 φησὶ,
1879 1163 2002 1228 τοῖς
2022 1163 2225 1216 ἔθνεσι

639 1250 928 1317 λαλῆσαι,
957 1251 1056 1301 ῖνα
1084 1245 1382 1311 σωθῶσιν,
1427 1249 1509 1313 εις
1553 1245 1618 1299 τὸ
1643 1243 2075 1311 ἀναπληρῶσαι
2117 1243 2225 1296 αὐ-

641 1329 760 1385 τῶν
785 1333 888 1398 τὰς
919 1331 1204 1399 ἁμαρτίας
1223 1329 1500 1398 ’,ἔφθασε
1533 1326 1601 1380 δὲ
1634 1328 1726 1380 ἐπ’
1751 1327 1972 1391 αὐτοὺς
2001 1328 2040 1393 1}
2074 1325 2222 1395 ὀργὴ

638 1414 746 1468 τοῦ
783 1413 930 1469 Θεοῦ
967 1415 1056 1479 είς
1101 1412 1294 1478 τέλος.
1347 1409 1520 1476 Είδες,
1571 1411 1654 1464 δτι
1705 1409 1947 1472 ἐκείνους
1987 1409 2222 1478 μάλιστα

625 1496 842 1564 δίκαιον
869 1497 1088 1567 θρηνεῖν
1130 1496 1223 1548 καὶ
1266 1493 1561 1547 κόπτεσθαι
1594 1495 1718 1557 τοὺς
1754 1489 2218 1555 κακοποιοῦνταςς

637 1577 736 1631 Διά
769 1576 925 1630 τοῦτο
961 1577 1056 1630 καὶ
1106 1576 1135 1628 6
1185 1575 1564 1647 φιλάνθρωπος
1607 1575 1882 1644 Δεσπότης
1929 1574 2072 1645 δρῶν
2123 1571 2219 1625 τοῦ

641 1659 882 1730 μαθητοῦ
918 1660 1017 1729 τὴν
1065 1658 1288 1728 τόλμαν,
1321 1657 1648 1728 ἐταράττετο
1676 1659 1770 1710 καὶ
1801 1657 2048 1727 ἐδάκρυε,
2067 1653 2216 1727 [587]

635 1741 737 1812 τὴν
788 1743 916 1812 περὶ
957 1741 1049 1794 τὸν
1085 1740 1329 1811 μαθητὴν
1375 1739 1717 1810 συμπάθειαν
1759 1737 2218 1808 ἐπιδεικνύμενος,

637 1825 732 1877 καὶ
758 1824 971 1886 δεικνὺς
1001 1823 1164 1877 αὐτοῦ
1207 1823 1303 1892 τῆς
1351 1821 1758 1892 φιλανθρωπίας
1783 1821 1842 1872 16
1867 1819 2115 1889 μέγεθος,
2136 1820 2220 1871 δτι

635 1907 730 1960 καὶ
760 1905 952 1976 μέχρις
971 1907 1139 1975 αὐτῆς
1168 1907 1264 1976 τῆς
1298 1904 1586 1976 προδοσίας
1611 1904 1710 1956 οὐκ
1737 1902 1968 1955 ἐπαύετο
1993 1901 2091 1971 τῆς
2122 1899 2218 1954 τοῦ

638 1987 883 2058 μαθητοῦ
924 1985 1258 2058 διορθώσεως
1305 1985 1716 2056 προνοούμενος.
1753 1985 1852 2038 Διά
1896 1984 2083 2037 τοῦτον
2123 1978 2218 2036 οὖν

633 2070 900 2141 δάκρυσον
941 2069 1136 2139 πικρὸν
1181 2071 1277 2121 καὶ
1337 2068 1590 2132 στέναξον
1628 2067 1850 2137 μᾶλλον,
1885 2066 2007 2118 ἐπεὶ
2056 2065 2150 2118 καὶ
2189 2065 2218 2117 6

634 2153 910 2222 Δεσπότης
933 2153 1000 2204 δι’
1020 2154 1226 2205 ἐκεῖνον
1247 2150 1528 2221 ἡθύμησεν
1547 2166 1559 2178 ·
1597 2149 1922 2216 Ἐταρὰχθη
1968 2147 2096 2216 γάρ,
2120 2163 2222 2216 φη.

635 2235 740 2299 σιν,
771 2239 804 2288 ὀ
835 2234 1076 2301 Ἰησοῦς
1101 2234 1198 2288 καὶ
1222 2234 1422 2287 εἷπεν-ο
1457 2229 1562 2299 Εἷς
1584 2233 1654 2296 ἐξ
1684 2233 1850 2301 ὑμῶν
1877 2229 2218 2296 παραδώσει

632 2336 722 2386 με.
751 2319 815 2370 Ὢ
843 2319 980 2388 πόση
1004 2317 1396 2388 εὐσπλαγχνία,
1427 2317 1568 2388 πόση
1606 2317 1878 2384 ἀγαθότης
1906 2315 2210 2368 Δεσπότουί

630 2406 660 2456 6
695 2402 972 2472 προδοθεὶς
994 2401 1135 2470 ὑπὲρ
1163 2399 1258 2453 τοῦ
1299 2400 1556 2470 προδότου
1587 2399 1760 2466 ἀλγεῖ.
1786 2399 1958 2470 Ὁρῶν
1981 2398 2090 2466 γὰρ
2119 2399 2218 2450 αύ-

629 2486 722 2539 τδν
753 2485 1080 2555 ἐπιμένοντα
1104 2486 1169 2553 τῇ
1205 2482 1460 2554 πονηρίᾳ,
1501 2481 1833 2549 Ἔταράχθη
1880 2482 1978 2534 καὶ
2011 2480 2212 2533 εῖπενο

633 2565 737 2633 Εἷς
761 2566 832 2630 ἐξ
864 2563 1031 2634 ὑμῶν
1062 2563 1399 2632 παραδώσει
1425 2580 1523 2631 με.
1563 2563 1785 2624 Σκόπει,
1827 2563 1964 2632 πόση
2005 2579 2214 2633 μακρο-

630 2649 827 2719 θυμίαί
866 2649 1007 2718 πόση
1058 2647 1468 2718 φιλανθρωπίαι
1503 2647 1886 2715 πῶςφείδεται
1913 2643 2007 2697 τοῦ
2037 2644 2218 2712 ἀγνώ-

633 2748 812 2801 μονος,
854 2732 947 2784 καὶ
988 2730 1049 2783 ού
1097 2730 1343 2800 βούλεται
1385 2729 1547 2784 αὐτὸν
1588 2730 1942 2798 ἀναίσχυντον
1980 2728 2217 2797 ἐργάσα-

632 2812 772 2872 σθαι,
807 2814 939 2866 ἀλλὰ
987 2814 1194 2875 πάντας
1233 2814 1312 2875 εἰς
1347 2812 1548 2865 δειλίαν
1590 2812 1774 2877 ἐνάγει
1811 2812 1938 2870 τους
1968 2809 2214 2881 μαθητὰς

629 2898 723 2950 καὶ
761 2896 1083 2964 ἐναγωνίους
1116 2897 1278 2953 ποιεῖ,
1309 2897 1445 2965 πρὸς
1478 2894 1536 2947 16
1567 2893 1822 2964 ἀφορμήν
1859 2910 1980 2944 τινα
2022 2892 2214 2962 ἐκείνῳ

628 2981 928 3050 παρασχεῖν
965 2978 1059 3030 τοῦ
1101 2978 1441 3048 μεταγνῶναι
1480 2976 1581 3046 τῆς
1625 2976 1856 3047 μανίαςι
1902 2975 2038 3027 Ἀλλ’
2083 2975 2213 3028 δταν

628 3063 952 3133 ἀναίσθητος
975 3061 1199 3132 γένηται
1227 3063 1260 3132 ὴ
1299 3059 1445 3130 ψυχὴ
1486 3061 1559 3130 μὴ
1593 3059 1854 3129 δεχομένη
1888 3059 1978 3111 τὸν
2015 3059 2214 3128 σπόρον

626 3144 726 3214 τῆς
766 3145 1067 3208 εὐσεϐείας,
1096 3145 1156 3197 ού
1194 3144 1512 3214 παραίνεσιν
1533 3141 1763 3212 δέχεται,
1789 3142 1850 3194 ού
1883 3141 2208 3214 συμϐουλὴν,

628 3229 762 3281 ἀλλά
817 3228 1147 3281 σκοτωθεῖσα
1186 3228 1290 3279 ὑπὸ
1353 3225 1444 3278 τοῦ
1503 3225 1709 3287 πάθους
1760 3224 1900 3277 κατά
1953 3224 2212 3295 κρημνῶν

627 3311 842 3365 ἄπεισιο
867 3311 1056 3381 διόπερ
1091 3309 1212 3363 οὔτε
1253 3301 1408 3370 οὗτος
1439 3307 1694 3380 ἐκέρδανέ
1728 3323 1780 3358 τι
1805 3308 1868 3358 ἐκ
1894 3305 1993 3374 τῆς
2014 3306 2210 3359 τοσαύο

625 3410 726 3464 της
780 3391 1176 3462 μακροθυμίας.
1225 3387 1328 3457 Εἷς
1377 3391 1446 3454 ἐξ
1506 3389 1674 3458 ὑμῶν
1729 3389 2068 3457 παραδώσει
2112 3406 2208 3458 με,

627 3475 781 3545 φησί.
814 3475 968 3536 Τίνος
1012 3473 1198 3526 ἐνεκεν
1235 3471 1512 3546 ἐταράχθη
1552 3474 1644 3524 καὶ
1688 3471 1999 3542 ἠθύμησενς
2045 3473 2209 3541 Ὁμοῦ

626 3559 721 3611 καὶ
751 3559 848 3628 τὴν
879 3555 1258 3628 φιλοστοργίαν
1285 3556 1383 3626 τὴν
1411 3554 1605 3608 ἐαυτοῦ
1637 3553 2094 3624 ἐπιδεικνύμενος,
2117 3555 2212 3607 καὶ

623 3641 890 3694 διδάσκων
933 3639 1109 3709 ἡμᾶς,
1155 3638 1238 3690 ὅτι
1275 3638 1516 3698 ἐκείνους
1560 3637 1793 3707 μάλιστα
1841 3638 1921 3689 δεῖ
1969 3636 2207 3708 θρηνεῖν,

625 3725 750 3786 τοὺς
783 3723 968 3784 κακῶς
1004 3721 1081 3792 τῷ
1113 3720 1339 3791 πλησίον
1382 3720 1906 3791 κατεργαζομένους.
1947 3720 2056 3772 Καὶ
2099 3719 2208 3791 γὰρ

625 3810 820 3860 ἐκεῖνοι
850 3805 972 3859 καθ’
1003 3803 1208 3859 ἐαυτῶν
1232 3805 1332 3876 τὴν
1381 3806 1549 3874 ὀργὴν
1582 3803 1932 3874 ἐπιφέρουσιν
1952 3820 1965 3833 ·
1995 3803 2116 3873 οὐχὶ
2150 3803 2207 3856 δὲ

624 3889 717 3942 τὸν
749 3889 1023 3958 πάσχοντα
1058 3887 1264 3950 κακῶς,
1293 3887 1429 3939 ἀλλά
1465 3887 1555 3938 τὸν
1602 3884 1858 3938 ποιοῦντα
1883 3885 2045 3947 κακὰ,
2078 3884 2207 3938 τοῦθ

625 3987 717 4023 τον
770 3969 987 4042 θρηνεῖν
1032 3969 1307 4040 πανταχοῦ
1353 3969 1578 4024 δίκαιον.
1611 3969 1685 4022 T6
1731 3969 1829 4038 μὲν
1873 3968 1980 4039 γὰρ
2020 3968 2207 4032 κακῶς

626 4052 839 4116 παθεῖν,
865 4053 963 4124 τὴν
1012 4050 1288 4122 βασιλείαν
1327 4053 1456 4122 ἡμῖν
1497 4049 1606 4103 τῶν
1642 4049 1887 4122 οὐρανῶν
1924 4050 2202 4120 προξενεῖο

624 4136 684 4188 16
712 4136 765 4188 δέ
792 4135 975 4198 κακῶς
1001 4133 1221 4204 ποιῆσαί
1250 4151 1352 4186 τινι
1379 4135 1547 4186 αίτιον
1569 4135 1699 4204 ἡμῖν
1737 4132 1835 4202 τῆς
1863 4133 2084 4203 γεέννης
2110 4133 2206 4185 καὶ

623 4221 722 4289 τῆς
750 4219 1020 4281 κολάσεως
1048 4217 1273 4288 γίνεται.
1308 4216 1597 4283 Μακάριοι
1633 4216 1761 4288 γὰρ,
1796 4217 1978 4286 φησὶν,
2014 4219 2068 4268 οὶ
2106 4215 2202 4268 δε-

624 4302 930 4372 διωγμένοι
957 4302 1164 4355 ἕνεκεν
1190 4300 1599 4366 δικαιοσύνης.
1652 4300 1833 4369 Ὁρᾷς,
1863 4299 1978 4361 πῶς
2014 4299 2075 4351 16
2107 4317 2205 4352 κα-

626 4387 736 4451 κῶς
768 4385 958 4439 παθεῖν
989 4385 1098 4456 ἔχει
1129 4384 1316 4454 μισθὸν
1357 4384 1451 4437 καὶ
1494 4382 1748 4444 ἔπαθλον,
1780 4382 1879 4452 τὴν
1905 4382 2011 4435 τῶν
2041 4385 2205 4454 ούρα-

626 4471 731 4523 νῶν
759 4469 1070 4538 βασιλείαν;
1101 4469 1365 4520 Ἀκουσον
1404 4467 1518 4530 πῶς
1544 4467 1636 4519 καὶ
1676 4467 1736 4518 τὸ
1767 4467 1951 4530 κακῶς
1978 4467 2200 4538 ποιῆσαι

624 4553 844 4605 κόλασιν
892 4551 1045 4620 φέρει
1090 4550 1182 4602 καὶ⁸
1229 4549 1514 4619 τιμωρίαν.
1560 4549 1741 4602 Εἰπὼν
1780 4549 1892 4622 γὰρ
1929 4551 1957 4603 6
1992 4552 2200 4616 Παῦλος

625 4636 756 4706 περὶ
787 4634 893 4686 τῶν
926 4633 1214 4693 Ἰουδαίων,
1237 4633 1319 4684 δτι
1361 4631 1452 4683 τὸν
1498 4631 1700 4702 Κύριον
1732 4634 2074 4696 ἀπέκτειναν,
2106 4637 2199 4689 κα)⁵

622 4720 748 4778 τους
794 4717 1076 4786 προφήτας
1121 4713 1366 4780 ἐδίωξαν,
1414 4715 1714 4783 ἐπήγαγενο
1761 4710 1874 4768 Ὧν
1917 4717 1983 4769 τὸ
2027 4717 2200 4781 τέλος

610 4798 752 4853 ,ἐστὶ
786 4797 935 4855 κατὰ
963 4797 1028 4850 τὰ
1053 4799 1196 4867 ἔργα
1223 4795 1438 4851 αὐτῶν.
1468 4792 1618 4859 Εἶδες
1644 4797 1758 4862 πῶς
1791 4801 1838 4851 οί
1875 4799 1972 4869 μὲν
2011 4799 2199 4853 διωκό-

626 4898 776 4951 μενοι
826 4883 926 4951 τὴν
952 4880 1224 4950 βασιλείαν
1247 4879 1354 4932 τῶν
1377 4880 1624 4950 οὐρανῶν
1650 4879 2032 4951 λαμϐάνουσιν
2064 4885 2113 4937 οἱ
2141 4883 2198 4936 δὲ

621 4963 922 5028 διώκοντες,
948 4963 1045 5032 τὴν
1073 4962 1164 5015 τοῦ
1195 4962 1327 5015 Θεοῦ
1358 4964 1526 5033 ὀργὴν
1555 4963 1985 5034 κληρονομοῦσι;

691 5047 873 5099 Ταῦτα
914 5046 970 5098 δὲ
1019 5045 1116 5114 οὐχ
1159 5045 1344 5108 ἁπλῶς
1391 5044 1646 5115 κινοῦμεν
1678 5047 1769 5098 ἐπὶ
1808 5049 1903 5114 τῆς
1927 5037 2196 5117 ὑμετέρας

621 5131 858 5199 ἀγάπης,
904 5129 1016 5181 ἀλλ’
1061 5129 1146 5180 ἵνα
1191 5128 1568 5197 παιδευώμεθα
1612 5129 1749 5200 πρδς
1792 5132 1917 5192 τοὺς
1969 5131 2196 5200 ἐχθροὺς

622 5212 776 5281 ἡμῶν
803 5213 874 5282 μὴ
898 5211 1228 5282 ὀργίζεσθαι,
1255 5211 1366 5262 ἀλλ’
1388 5212 1470 5262 ἵνα
1495 5212 1691 5280 μᾶλλον
1717 5213 1953 5282 ἐλεῶμεν
1977 5215 2192 5278 αὐτοὺς,

623 5296 716 5348 καὶ
733 5295 1056 5364 δακρύωμεν
1077 5294 1169 5346 καὶ
1190 5293 1443 5362 ἀλγῶμεν
1461 5295 1599 5363 ὑπὲρ
1615 5295 1810 5348 αὐτῶν.
1838 5297 2062 5349 Ἐκεῖνοι
2088 5301 2195 5369 γάρ

621 5381 756 5432 εἰσιν
778 5379 826 5428 οί
851 5378 1032 5440 κακῶς
1065 5378 1384 5446 πάσχοντες,
1417 5378 1467 5429 οί
1511 5378 1882 5446 ἐχθραίνοντες
1926 5381 2054 5449 ἡμῖν
2093 5382 2195 5450 μά-

621 5476 738 5529 την.
762 5461 858 5511 Ἂν
886 5459 1024 5510 οὕτω
1053 5462 1561 5530 παρασκευάσωμεν
1594 5461 1746 5529 ἡμῶν
1776 5460 1870 5532 τὴν
1898 5461 2091 5532 ψυχὴν,
2120 5465 2196 5526 ὡς

625 5545 697 5612 μὴ
724 5541 1057 5613 ὀργίζεσθαι,
1096 5544 1228 5596 ἀλλὰ
1269 5544 1362 5596 καὶ
1392 5544 1577 5610 ἀλγεῖν
1623 5545 1762 5614 ὑπὲρ
1799 5544 1998 5608 αὐτῶν,
2037 5547 2195 5617 δυνη-

623 5625 822 5693 σόμεθα
869 5625 1008 5677 κατά
1050 5625 1145 5696 τὴν
1178 5626 1269 5678 τοῦ
1314 5626 1518 5696 Κυρίου
1565 5627 1745 5698 φωνὴν
1779 5628 1871 5679 καὶ
1901 5626 2194 5698 ύπερεύχε-

621 5707 744 5760 οθαι
782 5709 978 5768 αὐτῶν,
1005 5709 1095 5760 καὶ
1139 5708 1336 5778 πολλὴν
1375 5709 1463 5761 διὰ
1493 5709 1676 5762 τούτου
1723 5712 1818 5780 τὴν
1849 5711 2053 5763 ἄνωθεν
2076 5715 2193 5766 ἐπι-

621 5789 927 5842 σπάσασθαί
966 5793 1152 5859 ῥοπήν.
1207 5791 1298 5842 Διὶ
1350 5790 1458 5860 γὰρ
1496 5788 1651 5841 τοῦτο
1690 5795 1953 5863 τετάρτην
1981 5795 2188 5864 ἡμέραν

1397 393 1454 448 S.
1493 388 1780 446 JOANNIS
1815 389 2306 448 CHRYSOSTOMI
2348 383 2665 442 ARCHIEP.
2707 382 3245 441 CONSTANTINOP.

2329 501 2436 572 ἔχω
2489 500 2870 570 διαλεγόμενος
2913 500 3040 572 ύμῖν
3090 499 3218 570 mp1
3268 497 3431 568 εύχῆς
3469 496 3569 568 τῆς
3621 497 3764 570 ύπέρ
3803 497 3913 552 τῶν

2328 583 2561 654 ἐχθρῶν,
2584 583 2670 637 ἴνα
2702 583 2925 653 μόνιμος
2950 583 3174 652 γένηται
3198 581 3299 649 τῆς
3326 580 3671 644 διδασκαλίας
3701 584 3731 634 6
3754 580 3913 649 λόγος

2325 669 2392 736 τῇ
2423 665 2668 736 συνεχείᾳ
2696 664 2795 734 τῆς
2825 663 3220 735 παραινέσεως,
3258 664 3346 716 ῖνα
3375 661 3577 734 ριζωθῇ
3610 661 3765 732 ὑμῶν
3792 663 3912 725 ταῖς

2325 750 2601 812 διανοίαις.
2634 748 2731 802 Διά
2761 747 2919 801 τοῦτο
2949 747 3183 818 συνεχῶς
3218 746 3589 816 ἐπαντλοῦμεν
3631 747 3762 816 ύμῖν
3796 747 3913 808 τοῖς

2325 835 2584 904 ῥήμασιν,
2608 831 2746 884 ὥστε
2771 831 2834 884 16
2857 831 3054 900 οἴδημα
3074 831 3174 900 τῆς
3197 830 3367 902 ὀργῆς
3399 829 3786 898 ύπονοστῆσαι,
3815 828 3914 882 καὶ

2323 915 2728 984 κατασταλῆναι
2778 914 2876 986 τὴν
2923 913 3249 983 φλεγμονὴν,
3300 914 3395 966 καὶ
3451 913 3692 985 καθαρὸν
3740 912 3914 984 ὀργῆς

2324 993 2463 1050 εἶναι
2491 998 2582 1051 16v
2612 999 2742 1068 εύχῇ
2782 999 3096 1069 προσιόντα.
3140 997 3274 1050 Οὐδὲ
3301 995 3411 1067 γὰρ
3446 998 3474 1048 6
3502 993 3739 1066 Χριστος
3771 996 3917 1067 ὑπὲρ

2320 1082 2431 1135 τῶν
2465 1081 2672 1153 ἐχθρῶν
2703 1081 2873 1135 ταῦτα
2923 1084 3178 1153 παραινεῖ
3211 1079 3406 1150 μόνον,
3448 1077 3584 1133 ἀλλὰ
3623 1080 3723 1132 καὶ
3768 1079 3912 1146 ὑπὲρ

2323 1165 2481 1234 ήμῶν
2499 1165 2607 1218 τῶν
2629 1163 2897 1234 ἀφιέντων
2918 1165 3146 1226 ἐκείνοις
3163 1167 3230 1216 τά
3256 1162 3646 1234 ἁμαρτήματα.
3669 1159 3919 1223 Μείζονα

2322 1246 2603 1320 γάρ[588]
2645 1247 2943 1316 λαμϐάνεις
2991 1247 3023 1316 ἢ
3068 1247 3244 1311 δίδως,
3277 1246 3458 1314 ἀφιεὶς
3489 1245 3590 1314 τὴν
3625 1244 3798 1314 ὀργὴν
3833 1242 3913 1311 τῷ

2321 1331 2521 1401 ἐχθρῷ.
2576 1331 2684 1384 Καὶ
2714 1330 2832 1394 πῶς
2877 1331 3096 1400 μείζονα
3139 1329 3422 1400 λαμϐάνω,
3457 1328 3628 1398 φησί;
3666 1326 3912 1398 Πρόσεχε

2320 1413 2584 1485 ἀκριϐῶς.
2628 1413 2752 1466 Ἐάν
2791 1414 2960 1486 ἀφίης
2988 1413 3166 1465 τοίνυν
3193 1412 3263 1464 τά
3285 1414 3366 1475 είς
3397 1411 3489 1463 τὺν
3511 1410 3704 1482 ἐχθρὸν
3727 1411 3911 1480 άμαρυ

2319 1497 2558 1566 τήματα,
2591 1495 2954 1566 συγχωρεῖταί
2979 1511 3060 1548 σοι
3088 1495 3156 1547 τὰ
3187 1496 3270 1558 είς
3299 1493 3392 1546 τὸν
3425 1493 3704 1562 Δεσπότην
3734 1491 3907 1562 πλημο

2323 1577 2631 1648 μελήματα.
2695 1579 2910 1631 Ἐκεῖνα
2965 1576 3159 1629 ἀνίατά
3211 1578 3329 1628 ἐστι
3385 1576 3479 1628 καὶ
3523 1574 3908 1642 ἀσύγγνωστα,

2318 1659 2488 1713 ταῦτα
2528 1659 2586 1712 δέ
2628 1660 2826 1732 πολλὴν
2890 1659 3005 1730 εχει
3028 1658 3382 1729 παραμυθίαν
3422 1658 3516 1711 καὶ
3549 1656 3904 1728 συγγνώμην.

2323 1743 2587 1796 Ἄκουσον
2627 1743 2758 1810 γοῦν
2794 1741 2890 1796 τοῦ
2933 1741 3052 1796 Ἠλὶ
3094 1741 3341 1809 λέγοντος
3399 1739 3531 1812 πρὸς
3576 1742 3706 1803 τοὺς
3757 1738 3910 1801 υίοὺς

2319 1825 2482 1879 αὐτοῦ
2502 1843 2514 1856 ο
2564 1827 2700 1879 Ἐὰν
2723 1825 3001 1895 ἁμαρτὼν
3037 1823 3267 1895 ἁμάρτῃ
3317 1823 3625 1890 ἄνθρωπος
3672 1824 3755 1889 είς
3797 1821 3911 1876 ἐγὼ

2319 1911 2572 1974 θρωπον,
2609 1911 2642 1962 ό
2681 1909 2869 1976 ίερεὺς
2927 1908 3320 1976 προσεύξεται
3366 1905 3502 1974 περὶ
3538 1905 3756 1959 αὑτοῦ·
3797 1905 3911 1958 ἐὰν

2317 1990 2386 2044 δὲ
2426 1995 2514 2058 είς
2544 1992 2651 2046 τὸν
2685 1992 2834 2046 Θεὸν
2875 1991 3132 2062 ἁμάρτῃ,
3183 1992 3275 2057 τίς
3320 1991 3718 2058 προσεύξεται
3770 1989 3905 2057 ,περὶ

2316 2075 2538 2138 αὑτοῦ;
2567 2076 2728 2129 Ὥστε
2761 2077 2936 2130 ἐκεῖνο
2965 2076 3107 2145 μέγα
3137 2073 3380 2145 τραῦμα,
3412 2075 3518 2128 οὐδ’
3541 2076 3676 2144 εύχῇ
3709 2072 3910 2145 ῥᾳδίως

2317 2157 2518 2212 λύεται.
2560 2160 2671 2214 Καὶ
2708 2160 2839 2230 εύχῇ
2891 2159 2989 2230 μὲν
3030 2159 3090 2212 ού
3135 2158 3316 2213 λύεται
3351 2159 3410 2212 16
3446 2156 3684 2212 τοιοῦτον
3723 2156 3908 2228 παρά-

2316 2257 2538 2311 πτωμα,
2581 2244 2924 2312 συγχωρήσει
2967 2242 3022 2295 δέ
3072 2243 3178 2295 τῶν
3224 2241 3634 2312 ἁμαρτημάτων
3671 2240 3781 2292 τῶν
3825 2240 3910 2300 εἰς

2313 2324 2406 2376 τδν
2440 2325 2632 2395 ἐχθρὸν
2669 2324 2852 2376 λύεται
2884 2325 3216 2394 παραυτίκα.
3258 2326 3350 2378 Διὸ
3389 2326 3573 2378 ἐκεῖνα
3600 2323 3698 2394 μὲν
3731 2321 3908 2393 μύρια

2313 2407 2550 2461 τάλαντα
2581 2407 2840 2461 ἐκάλεσεν
2872 2410 2898 2460 6
2927 2407 3080 2470 Θεὸς.
3108 2407 3177 2461 τά
3200 2410 3278 2472 είς
3302 2408 3391 2460 τὸν
3411 2408 3688 2476 Δεσπότην
3724 2407 3908 2474 άμαρ·

2313 2491 2549 2560 τήματα,
2594 2489 2769 2544 ταῦτα
2829 2490 2887 2542 δὲ
2941 2491 3134 2544 ἑκατὸν
3184 2491 3448 2564 δηνάριαο
3494 2490 3530 2544 ἃ
3577 2489 3674 2543 ἐὰν
3729 2489 3902 2558 ἀφῇς,

2316 2574 2652 2645 ἀφεθήσεταί
2691 2574 2867 2627 σοιτά
2901 2575 3069 2644 μύρια
3100 2574 3356 2630 τάλαντα.

2385 2725 2450 2796 β’.
2478 2727 2638 2782 Ἀλλά
2665 2728 2793 2800 περὶ
2828 2727 2930 2797 μὲν
2955 2729 3051 2798 τῆς
3078 2725 3245 2796 εύχῆς
3280 2726 3481 2788 ἱκανῶς
3503 2727 3735 2797 εἴρηται.
3761 2725 3826 2778 Εἰ
3844 2725 3903 2778 ἃ

2311 2807 2475 2872 δοκεῖ,
2513 2811 2706 2881 μικρὸν
2739 2810 2995 2880 ἀνωτέρω
3043 2809 3132 2863 τὸν
3165 2809 3322 2877 λόγον
3349 2805 3666 2877 ἀγαγόντες,
3692 2809 3785 2861 ἐπὶ
3808 2806 3904 2862 τὸν

2311 2892 2408 2960 τῆς
2443 2894 2731 2962 προδοσίας
2765 2893 3147 2965 ἐπανέλθωμεν
3191 2894 3367 2961 λόγον.
3411 2894 3507 2946 καὶ
3543 2893 3743 2962 ἴδωμεν
3783 2891 3903 2956 πῶς

2314 2975 2584 3045 παρεδόθη
2613 2976 2770 3046 ἡμῶν
2799 2979 2826 3030 δ
2858 2976 3154 3047 Δεσπότης.
3171 2976 3288 3029 Ἵνα
3312 2977 3366 3029 δέ
3396 2975 3490 3028 καὶ
3515 2973 3608 3028 τοῦ
3639 2973 3901 3045 προδότου

2310 3058 2410 3128 τὴν
2442 3059 2636 3128 μανίαν
2672 3061 2889 3113 ἃπασαν
2932 3059 3354 3130 καταμάθωμεν,
3397 3060 3492 3112 καὶ
3522 3058 3616 3112 τοῦ
3653 3056 3902 3127 μαθητοῦ

2313 3140 2409 3210 τὴν
2467 3141 2859 3212 ἀγνωμοσύνην
2901 3142 3142 3212 γνῶμεν,
3181 3142 3275 3196 καὶ
3324 3140 3417 3196 τοῦ
3473 3141 3744 3194 Δεσπότου
3801 3141 3905 3211 τὴν

2311 3220 2515 3288 ἄφατον
2543 3223 2969 3294 φιλανθρωπίαν,
3012 3225 3335 3294 ἀκούσωμεν
3363 3222 3455 3276 τοῦ
3487 3221 3905 3292 εὐαγγελιστοῦ,

2311 3305 2429 3368 πῶς
2457 3308 2590 3375 ἡμῖν
2619 3307 2782 3360 αὐτοῦ
2810 3309 3082 3376 διηγεῖται
3124 3309 3222 3379 τὴν
3263 3308 3489 3378 τόλμαν·
3540 3311 3699 3370 Τότε,
3739 3307 3901 3379 φησὶ,

2310 3393 2617 3458 πορευθεὶς
2646 3389 2734 3460 εἷς
2770 3394 2890 3446 τῶν
2935 3394 3186 3459 δώδεκα,
3225 3395 3456 3459 Ἰούδας
3494 3398 3528 3448 ὁ
3570 3397 3903 3462 λεγόμενος

2322 3475 2724 3542 Ἰσκαριώτης,
2753 3477 2902 3544 πρὸς
2931 3478 3073 3543 τοὺς
3109 3478 3419 3548 ἀρχιερεῖς.
3449 3473 3622 3531 εἶπεν
3655 3477 3899 3544 αὐτοῖς’

2315 3560 2377 3610 Τί
2403 3558 2608 3612 θέλετέ
2636 3577 2738 3628 μοι
2782 3560 3016 3624 δοῦναι,
3062 3561 3223 3631 κάγὼ
3250 3561 3393 3630 ὑμῖν
3417 3561 3750 3629 παραδώσω
3786 3563 3900 3616 αὑ-

2308 3649 2451 3706 τόν;
2495 3645 2652 3695 Δοκεῖ
2694 3645 2792 3713 μὲν
2825 3645 2934 3713 γὰρ
2980 3645 3146 3714 σαφὲς
3192 3640 3331 3697 εἶναι
3360 3644 3420 3697 16
3452 3644 3771 3714 λεγόμενον,
3807 3646 3901 3700 καὶ

2311 3723 2475 3794 μηδὲν
2509 3723 2668 3777 πλέον
2705 3725 3066 3778 αἰνίττεσθαι·
3100 3729 3146 3780 εἰ
3193 3726 3250 3779 δέ
3297 3744 3380 3791 τις
3429 3727 3674 3798 ἀκριϐῶς
3714 3729 3900 3796 ἐξετά-

2309 3821 2449 3858 σειεν
2470 3807 2697 3858 ’ἑκαστον
2718 3807 2825 3859 τῶν
2846 3808 3172 3878 εἰρημένων,
3196 3808 3395 3882 πολλὴν
3417 3811 3529 3881 ἔχει
3556 3811 3788 3882 θεωρίαν
3802 3813 3900 3867 καὶ

2307 3887 2442 3941 πολῦ
2468 3888 2528 3942 16
2563 3888 2726 3957 βάθος
2750 3891 2856 3942 τῶν
2885 3891 3193 3961 νοημάτων.
3233 3892 3342 3945 Καὶ
3375 3893 3592 3963 πρῶτον
3622 3897 3649 3947 6
3682 3897 3894 3965 καιρός.

2307 3971 2382 4023 ού
2413 3972 2519 4042 γὰρ
2553 3971 2736 4036 ἁπλῶς
2764 3972 2926 4026 αὐτὸν
2963 3975 3380 4045 ἐπισημαίνεται
3412 3975 3441 4027 6
3467 3976 3897 4049 εὖαγγελιστής·

2305 4052 2367 4104 ού
2405 4053 2514 4126 γὰρ
2554 4049 2695 4116 εἷπε,
2742 4055 3071 4124 πορευθεὶς,
3115 4056 3330 4120 ἁπλῶς·
3377 4057 3515 4110 ἀλλά
3561 4059 3895 4130 προσέθηκε,

2313 4135 2448 4188 Τότε
2506 4141 2834 4205 πορευθείς.
2887 4137 3052 4190 Τότε·
3113 4139 3277 4204 πότε;
3340 4140 3450 4193 Καὶ
3509 4140 3654 4203 τίνος
3706 4142 3900 4195 ἕνεκεν

2307 4217 2655 4288 ἐπισημαίνει
2687 4217 2776 4271 τὸν
2809 4220 3030 4289 χρόνον;
3059 4222 3170 4291 Ούχ
3204 4221 3389 4285 ἁπλῶς
3426 4225 3556 4292 ἡμῖν
3592 4223 3896 4294 ἐπισημαί-

2306 4316 2456 4352 νεται
2508 4300 2598 4352 τὸν
2654 4302 2842 4372 καιρὸν
2897 4304 2924 4355 6
2978 4305 3369 4375 εύαγγελιστὴς
3420 4306 3696 4376 Πνεύματι
3754 4309 3898 4378 ἁγίῳ

2306 4383 2702 4453 φθεγγόμενος·
2752 4387 2779 4438 6
2832 4387 2938 4455 γὰρ
2987 4386 3266 4458 Πνεύματι
3315 4388 3703 4459 φθεγγόμενος,
3739 4391 3897 4444 ούδέν

2285 4465 2490 4535 ,ἁπλῶς
2535 4466 2653 4518 ούδέ
2684 4468 2806 4538 εἰκῆ
2854 4468 3167 4537 φθέγγεται.
3211 4471 3278 4523 Τί
3316 4466 3408 4524 οὖν
3451 4472 3566 4524 ἐστι
3603 4471 3682 4532 τὸ,
3720 4473 3898 4540 τότες

2257 4547 2260 4550 ’
2303 4547 2416 4618 Πρὸ
2459 4547 2621 4601 αύτοῦ
2662 4548 2756 4600 τοῦ
2801 4551 3013 4622 χρόνου,
3059 4553 3164 4624 πρὸ
3191 4553 3362 4622 αὐτῆς
3393 4553 3492 4623 τῆς
3535 4552 3684 4624 ὧρας
3721 4573 3900 4625 προσ-

2301 4631 2430 4700 ῆλθε
2487 4631 2623 4702 κόρη
2684 4633 3022 4704 ἀλάϐαστρον
3077 4635 3245 4706 μύρου
3304 4635 3534 4705 ἔχουσα,
3598 4638 3691 4690 καὶ
3753 4627 3896 4692 κατ-

2300 4714 2419 4782 έχεε
2459 4715 2518 4767 τὸ
2546 4713 2724 4768 ἔλαιον
2757 4718 2930 4768 ἐκεῖνο
2970 4718 3060 4769 ἐπὶ
3093 4717 3190 4788 τὴν
3239 4718 3480 4788 κεφαλὴν
3519 4718 3612 4771 τοῦ
3656 4720 3889 4792 Κυρίου.

2312 4796 2648 4862 Ἐπεδείξατο
2681 4798 2877 4868 πολλὴν
2923 4799 3102 4852 πίστιν
3136 4803 3168 4870 ἡ
3207 4801 3366 4873 γυνὴ,
3411 4800 3721 4866 ἐπεδείξατο
3755 4803 3893 4856 πολ-

2298 4876 2396 4948 λὴν
2435 4877 3098 4950 θεραπείαν,·ἐπεδείξατο
3136 4882 3337 4954 πολλὴν
3383 4884 3625 4955 ὑπακοὴν
3665 4886 3762 4937 καὶ
3801 4887 3894 4938 εύ-

2243 4999 2245 5002 .
2293 4957 2546 5014 λάϐειαν·
2598 4961 2952 5035 μετεϐάλλετο
2997 4966 3104 5017 ἀπὺ
3153 4965 3247 5019 τοῦ
3299 4967 3416 5035 βίου
3463 4966 3557 5021 τοῦ
3592 4969 3887 5039 προτέρου,

2295 5044 2388 5096 καὶ
2426 5046 2640 5112 ἐγένετο
2676 5045 2893 5114 βελτίων
2941 5049 3035 5100 καὶ
3077 5051 3511 5121 σωφρονεστέρα.
3562 5050 3674 5104 Καὶ
3719 5051 3808 5104 ὅτε
3853 5057 3891 5124 ἡ

2298 5127 2470 5197 πόρνη
2528 5128 2870 5198 μετενόησεν,
2922 5131 3007 5181 ὅτε
3043 5132 3135 5182 16v
3180 5134 3458 5204 Δεσπότην
3491 5134 3722 5201 ἐπέγνω,
3762 5135 3886 5190 τότε

2294 5213 2322 5263 6
2374 5208 2618 5279 μαθητὴς
2654 5211 2744 5262 τὸν
2783 5211 3098 5264 διδάσκαλον
3147 5216 3451 5285 παρέδωκε.
3501 5218 3670 5270 Τότε’
3705 5220 3876 5286 πότις

2297 5293 2425 5344 Ὅτε
2457 5293 2630 5361 πόρνη
2662 5294 3052 5363 προσελθοῦσα,
3085 5297 3145 5349 16
3191 5298 3530 5366 ἀλάϐαστρον
3574 5300 3670 5353 τοῦ
3708 5303 3888 5374 μύρου

2296 5375 2611 5442 καταχέασα
2645 5377 2784 5429 κατά
2832 5377 2938 5430 τῶν
2959 5377 3132 5432 ποδῶν
3166 5379 3256 5433 τοῦ
3286 5381 3486 5452 Ἰησοῦ,
3516 5387 3633 5447 ταῖς
3654 5387 3888 5452 οίκείαις

2296 5456 2470 5524 θριξὶν
2485 5456 2732 5526 ἐξέμαξε,
2749 5460 2844 5511 καὶ
2866 5460 3063 5530 πολλὴν
3077 5464 3173 5533 τὴν
3197 5465 3490 5535 θεραπείαν
3511 5468 3883 5529 ἐπεδείκνυτο.

2295 5539 2364 5592 τά
2391 5541 2447 5589 ἐν
2482 5541 2639 5592 παντὶ
2677 5540 2754 5611 τῷ
2787 5542 2965 5613 χρόνῳ
3008 5545 3376 5618 ἁμαρτήματα
3411 5549 3766 5619 ἐξαλείφουσα
3797 5552 3886 5605 διὰ

2294 5626 2394 5691 τῆς
2444 5621 2880 5694 ἐξομολογὴσεως
2924 5626 3113 5695 αὐτῆς.
3169 5629 3301 5682 Τότε
3351 5627 3476 5694 οὖν,
3527 5636 3616 5686 ὅτε
3665 5635 3888 5703 ἐκείνην

2297 5705 2557 5757 ἐθεάσατο
2584 5708 2849 5777 τοσαύτην
2881 5708 3172 5779 θεραπείαν
3211 5711 3290 5781 τῷ
3332 5713 3634 5785 διδασκάλῳ
3675 5718 3884 5770 6:16:1-

2300 5787 2559 5854 ξαμένην,
2588 5790 2709 5842 τότε
2750 5793 2909 5856 αὐτὸς
2958 5795 3048 5846 ἐστὶ
3096 5795 3197 5868 τὴν
3236 5797 3547 5869 παράνομον
3590 5801 3890 5864 προδοσίαν
