4164 6324
180 453 286 507 383

182 565 499 639 patiuntur?
530 560 660 616 V'ide
693 570 901 611 rursum
941 554 1047 608 alio
1097 553 1149 605 in
1196 552 1316 604 loco
1346 547 1485 603 male
1512 543 1782 615 agentium

183 655 491 713 inevitabile
520 651 836 720 supplicium
881 666 892 700 :
941 645 1064 700 audi
1116 645 1177 697 Β.
1212 642 1432 696 Paulum
1485 639 1783 693 dicentem:

196 750 298 803 Vos
316 756 512 809 autem,
545 749 751 815 fratres,
804 740 1081 793 imitatores
1108 738 1230 807 facti
1280 736 1397 789 estis
1447 732 1790 786 Ecclesiarumt

188 841 303 905 Dei,
338 856 449 907 aute
478 847 595 890 sunt
623 837 677 888 in
698 833 882 887 ludam
912 849 928 895 ;
959 833 1198 903 quoniam
1225 832 1398 881 eadem
1442 826 1578 895 passi
1602 826 1717 879 estis
1744 834 1787 876 et

186 951 272 987 los
303 952 332 985 a
366 932 587 1001 propriis
642 925 1041 987 contuibulibus,
1076 920 1504 993 quemadmodum
1545 927 1591 971 et
1634 918 1732 984 ipsi
1759 931 1790 967 a

184 1026 406 1089 luditis,
436 1024 520 1092 qui
546 1032 593 1075 et
625 1019 899 1073 Dominum
928 1016 1219 1092 occidertmt
1249 1013 1283 1065 J
1288 1028 1446 1077 esum,
1475 1020 1523 1065 et
1553 1010 1787 1079 proprios

186 1136 309 1172 suos
332 1088 625 1187 prop/uetas,
653 1121 700 1166 et
746 1088 1083 1179 impedienda
1143 1125 1235 1161 nos
1266 1106 1400 1176 loqui
1450 1103 1678 1176 gentibus
1697 1144 1712 1166 ,
1737 1110 1793 1153 ut

191 1216 347 1264 salvae
377 1210 537 1277 ﬁant,
565 1214 619 1259 ut
659 1203 902 1268 impleant
946 1212 1152 1269 peccata
1182 1216 1275 1252 sua
1303 1215 1321 1251 :
1366 1195 1590 1266 pervenit
1624 1202 1792 1247 autem

193 1295 272 1348 ira
302 1294 395 1347 Dei
415 1307 566 1362 super
589 1290 704 1344 illos
728 1303 882 1357 usque
898 1288 949 1338 in
967 1286 1118 1354 finem
1145 1285 1219 1352 (l.
1247 1281 1429 1335 Thess.
1448 1281 1505 1333 2.
1554 1278 1721 1336 14-16
1751 1276 1791 1348 ).

192 1384 391 1439 Viden’
411 1398 504 1437 eos
534 1381 766 1435 maxime
798 1393 892 1447 par
918 1391 1037 1429 esse
1059 1377 1238 1443 lugere
1269 1380 1322 1427 et
1363 1371 1487 1425 ﬂetu
1522 1368 1792 1439 prosequi,

199 1479 294 1547 qui
346 1474 483 1530 mala
540 1471 895 1544 perpetrant?
955 1468 1294 1536 Quapropter
1344 1464 1797 1519 clementissimus

200 1567 488 1633 Dominus,
521 1580 644 1620 cum
694 1563 903 1617 videret
938 1559 1185 1630 discipuli
1235 1557 1460 1620 facinus,
1489 1553 1799 1609 turbabatuur

192 1668 251 1714 et
297 1657 493 1721 ﬂebat,
532 1653 1055 1711 commiserationem
1094 1664 1225 1719 erga
1282 1647 1601 1716 discipulum
1648 1660 1797 1698 suam

192 1747 483 1804 ostendens
505 1788 518 1810 ,
554 1742 1003 1813 benignitatisque
1031 1755 1142 1795 suae
1188 1736 1608 1809 magnitudinem
1638 1735 1798 1789 exhi-

198 1841 350 1902 bens,
386 1836 525 1908 quod
550 1835 633 1891 vel
677 1848 848 1903 usque
876 1832 941 1885 ad
975 1833 1142 1901 ipsam
1172 1829 1527 1899 proditionem
1558 1825 1800 1894 discipuli

198 1928 567 1986 emendationi
600 1926 909 1995 prospicere
957 1939 1063 1979 non
1094 1931 1354 1977 cessaret.
1395 1920 1624 1989 Propter
1661 1918 1803 1971 hunc

199 2023 367 2093 igituur
396 2020 571 2090 potius
600 2018 795 2071 acerbe
821 2016 943 2085 lnge
963 2023 1018 2069 et
1045 2012 1358 2083 ingemisce,
1384 2011 1507 2081 quia
1540 2009 1799 2064 Dominus

197 2117 347 2171 illius
377 2128 539 2169 causa
570 2120 799 2166 maestus
844 2108 961 2163 fuit.
1004 2106 1264 2161 Turbatus
1290 2114 1385 2168 est,
1406 2103 1608 2173 inquit,
1630 2100 1801 2167 Jesus,

194 2218 243 2262 et
270 2207 423 2271 dixit,
457 2204 601 2259 Unus
630 2212 850 2257 uestrum
901 2200 1067 2253 tradet
1111 2214 1191 2251 me
1217 2196 1236 2266 (
1260 2197 1417 2250 Joan.
1462 2195 1553 2250 i3.
1594 2194 1655 2248 2|
1691 2194 1733 2259 ).
1762 2192 1806 2247 Ο

196 2308 453 2369 quantam
479 2294 936 2367 miscricordiam!
969 2300 1223 2363 quantam
1250 2288 1457 2343 Domini
1487 2286 1801 2342 bonitatem!

196 2391 301 2458 Qui
355 2388 602 2457 proditur
650 2384 941 2455 proditoris
979 2383 1148 2453 gratia
1203 2380 1373 2433 dolet.
1422 2378 1619 2432 Videns
1663 2376 1805 2431 enim

201 2497 331 2534 cumu
361 2480 414 2533 in
444 2477 677 2547 nequitia
711 2478 1088 2531 immorantem
1108 2514 1123 2539 ,
1154 2471 1405 2527 Turbatus
1442 2479 1517 2524 est
1544 2478 1591 2524 et
1625 2469 1755 2522 dixit
1789 2510 1804 2535 ,

204 2572 357 2627 Unus
384 2580 610 2625 vestrum
650 2568 814 2623 tradet
858 2585 956 2621 me.
1004 2565 1161 2632 Vide,
1192 2574 1442 2635 quantam
1474 2563 1635 2618 animi
1678 2562 1809 2616 tole-

202 2663 436 2717 rantiam
472 2663 485 2714 !
516 2669 767 2731 quantam
812 2656 1237 2712 humanitatem!
1273 2654 1544 2725 quomodo
1603 2653 1811 2722 ingrato

204 2756 402 2826 parcit,
433 2768 534 2809 nec
564 2752 676 2806 vult
701 2766 822 2806 eum
850 2748 1317 2826 impudentissime
1345 2760 1537 2816 agere:
1572 2744 1667 2799 sed
1690 2758 1809 2798 om-

208 2862 308 2902 nes
339 2844 630 2913 discipulos
661 2843 715 2897 in
748 2825 995 2896 timorem
1028 2848 1082 2893 et
1105 2839 1429 2894 anxietatem
1460 2837 1677 2893 deducit
1703 2878 1719 2902 ,
1754 2847 1814 2890 ut

210 2939 291 2993 illi
345 2952 531 2991 ansam
563 2935 799 3005 prmbeat
842 2932 1195 3001 resipisccndi
1224 2932 1292 2986 ab
1323 2931 1551 2985 insania.
1583 2930 1652 2984 At
1691 2944 1811 2983 cum

205 3032 385 3085 anima
419 3030 565 3083 omni
598 3028 820 3082 dimisso
862 3041 1024 3081 sensu
1075 3040 1259 3089 semen
1288 3024 1499 3093 pietatis
1540 3038 1647 3078 non
1674 3023 1813 3077 acci-

209 3122 306 3191 pit,
348 3136 457 3175 non
485 3118 901 3174 admonitionem
925 3159 942 3181 ,
972 3132 1079 3171 non
1108 3116 1389 3171 consilium
1421 3114 1651 3169 admittit
1673 3155 1687 3178 ,
1720 3112 1814 3168 sed

211 3212 414 3267 affectu
443 3209 606 3264 animi
636 3208 985 3264 obtenebrata
1020 3224 1110 3277 per
1142 3206 1429 3276 praecipitia
1457 3206 1583 3260 abit.
1619 3206 1817 3272 Quam-

210 3304 401 3357 obrem
434 3317 606 3372 nequue
648 3301 732 3355 hic
756 3315 822 3355 ex
851 3309 995 3353 tanta
1027 3298 1227 3353 Christi
1258 3296 1509 3366 patientia
1541 3295 1814 3366 quidpiam

209 3397 448 3450 iucratus
470 3401 571 3448 est.
607 3391 752 3447 Unus
780 3402 999 3445 vestrum
1027 3390 1187 3443 tradet
1216 3405 1312 3455 me,
1345 3389 1535 3457 inquit.
1565 3388 1675 3444 Cur
1705 3397 1818 3443 tur-

210 3490 369 3543 batus
414 3498 471 3541 et
513 3500 748 3541 maerore
792 3484 1016 3539 affectus
1041 3483 1170 3539 est?
1208 3482 1277 3538 Ut
1304 3498 1460 3537 suum
1483 3483 1642 3538 simul
1667 3498 1817 3536 amo-

210 3596 328 3634 rem
358 3576 687 3637 ostenderet,
720 3591 927 3645 nosque
954 3576 1205 3638 doceret,
1240 3590 1334 3629 eos
1371 3574 1602 3629 maxime
1632 3574 1818 3644 lugen-

210 3672 315 3725 dos
347 3670 593 3738 esse,qui
627 3677 811 3723 contra
842 3668 1147 3736 proximum
1178 3667 1315 3721 mala
1358 3675 1684 3735 perpetrant.
1729 3667 1822 3721 Et-

211 3766 362 3820 enim
385 3765 459 3817 illi
480 3763 609 3816 iram
635 3771 821 3816 contra
844 3761 1051 3830 seipsos
1068 3760 1322 3815 excitant.
1351 3758 1669 3829 Ncutiquam
1697 3774 1819 3814 eum

212 3860 304 3929 qui
337 3857 478 3911 male
498 3861 716 3925 patitur,
745 3854 840 3909 sed
870 3870 994 3908 eum
1037 3855 1127 3923 qui
1151 3854 1287 3907 mala
1312 3861 1603 3923 perpetrat,
1626 3854 1823 3923 ubique

219 3954 410 4021 lugere
440 3964 535 4019 par
566 3958 668 4003 est.
695 3947 827 4002 Nam
856 3948 900 4001 si
933 3948 1070 4001 male
1098 3948 1361 4016 patiamur
1385 3988 1401 4012 ,
1442 3948 1493 4002 id
1538 3948 1692 4003 nobis
1737 3963 1822 4002 re—

219 4058 388 4112 gnum
420 4043 683 4097 caelorum
716 4040 1071 4111 adipiscitur;
1117 4040 1197 4094 sin
1236 4040 1373 4093 male
1403 4039 1632 4108 cuipiam
1666 4039 1825 4093 iacia—

223 4150 373 4198 mus,
399 4133 451 4187 id
510 4133 561 4198 in
609 4148 767 4186 causa
805 4141 887 4185 est
913 4141 964 4184 ut
1001 4132 1051 4183 in
1082 4131 1381 4200 gehennam
1409 4141 1463 4185 et
1507 4130 1823 4201 supplicium

218 4229 521 4282 mittamur.
551 4222 682 4277 Nam
710 4222 875 4286 Beati,
930 4222 1125 4291 inquit,
1150 4223 1237 4285 qui
1268 4222 1702 4291 perscquutionem
1730 4239 1824 4290 pa-

221 4324 426 4376 tiuntur
459 4318 980 4391 prapterjustitiam(
1014 4317 1201 4371 Matth.
1234 4319 1286 4373 5.
1318 4318 1385 4372 10
1413 4321 1455 4387 ).
1480 4316 1667 4372 Viden‘
1692 4333 1828 4387 quo-

221 4413 387 4469 modo
419 4413 562 4467 male
594 4413 700 4481 pati
722 4412 773 4465 in
800 4410 1104 4465 mercedem
1136 4419 1191 4465 et
1220 4410 1501 4480 praemium
1532 4408 1721 4465 alierat
1746 4426 1830 4463 rc-

219 4520 389 4576 gnuum
416 4503 708 4558 caelorum?
740 4502 875 4556 Audi
908 4501 1182 4571 quomodo
1204 4503 1345 4556 mala
1373 4512 1687 4571 perpetrare
1712 4517 1826 4571 pce-

222 4612 354 4650 nam
382 4604 437 4649 et
458 4594 780 4664 supplicium
801 4592 1027 4648 afi‘erat:
1061 4608 1181 4647 cum
1210 4593 1353 4649 enim
1378 4595 1603 4647 dixisset
1632 4593 1832 4648 Paulus

222 4684 373 4757 quod
401 4684 571 4740 Judaai
604 4684 888 4739 Dominum
928 4683 1275 4745 occidissent.
1306 4694 1360 4739 et
1388 4683 1677 4754 prophetas
1708 4699 1832 4754 per-

222 4768 451 4848 sequuti
476 4783 696 4841 essent,
748 4776 984 4846 adjecit:
1031 4775 1262 4842 Quorum
1293 4776 1412 4843 ﬁnis
1453 4786 1523 4829 est
1555 4778 1832 4830 secundum

168 4940 194 4961 ‘
224 4886 391 4940 opera
418 4886 592 4922 eorum
620 4868 700 4935 (2.
729 4867 848 4923 Cor.
880 4870 969 4923 ll.
995 4869 1111 4955 i5):
1142 4866 1331 4921 Videu‘
1354 4868 1627 4937 quomodo
1648 4868 1714 4934 ii,
1743 4868 1835 4940 qui

230 4961 711 5033 persequutionem
746 4960 1040 5031 patiuntur,
1071 4975 1297 5029 regnum
1336 4960 1591 5013 eieloru'm
1621 4961 1837 5015 lucren-

237 5068 333 5113 tur
366 5072 380 5113 :
416 5054 450 5109 ii
479 5070 608 5109 vero
639 5096 654 5121 ,
676 5056 765 5123 qui
796 5062 1205 5123 persequuntur,
1236 5052 1368 5106 iram
1414 5052 1503 5106 Dei
1535 5052 1587 5106 in
1611 5052 1837 5107 Incredi-

231 5160 406 5203 tatem
430 5146 691 5215 accipiant
715 5148 739 5198 ?

310 5237 582 5293 Orandum
626 5254 717 5307 pro
752 5238 986 5290 inimicis.
1021 5267 1091 5276 —
1118 5238 1243 5293 llzec
1290 5252 1451 5306 porro
1495 5251 1599 5291 non
1639 5244 1841 5293 temere

227 5329 377 5400 apud
400 5329 677 5383 caritatem
696 5338 925 5383 vestram
952 5328 1233 5397 agitamus,
1258 5328 1351 5383 sed
1379 5338 1437 5383 ut
1463 5329 1734 5383 discamus
1750 5329 1844 5383 ad-

230 5435 433 5478 versus
461 5418 705 5475 inimicos
732 5430 943 5475 nostros
961 5436 1063 5474 non
1097 5422 1288 5485 irasci;
1324 5421 1416 5476 sed
1447 5422 1622 5491 potius
1648 5430 1707 5476 ut
1746 5423 1843 5476 mi-

168 5590 175 5595 κ
232 5512 535 5572 sericordia
577 5528 702 5584 erga
744 5512 864 5567 illos
906 5528 1217 5567 moveamur
1242 5554 1255 5577 ,
1312 5512 1630 5584 illorumque
1675 5515 1842 5583 gratia

234 5622 535 5667 mmrorem
563 5615 619 5661 et
647 5608 915 5677 planctuum
958 5620 1313 5661 assumamus.
1356 5605 1432 5660 Illi
1474 5608 1669 5676 quippe
1704 5606 1845 5661 male

236 5703 539 5775 patiuntur,
557 5701 646 5770 qui
666 5700 781 5755 sine
794 5714 954 5753 causa
972 5699 1126 5753 nobis
1141 5698 1207 5753 ad
1217 5709 1517 5753 versantur.
1535 5699 1591 5753 Si
1608 5699 1845 5753 animum

239 5805 494 5853 nostrum
528 5792 600 5847 ita
625 5806 1022 5863 comparemus,
1057 5799 1116 5845 ut
1134 5806 1239 5845 non
1266 5791 1577 5855 irascamur,
1609 5790 1702 5845 sed
1726 5789 1847 5845 illo-

239 5908 363 5948 rum
391 5890 563 5965 gratia
582 5888 881 5951 doleamus,
910 5886 1067 5939 etiam
1094 5886 1387 5952 poterimus
1409 5884 1699 5940 secundum
1734 5887 1839 5942 Do-

578 5991 847 6050 ΡΑτιιοι..
897 5991 1011 6048 Gn.
1064 5992 1116 6049 Χ
1132 5990 1194 6049 LI
1211 5992 1285 6052 Χ.

1227 437 1312 491 ne
1356 402 1764 489 l'RODl'I‘l-ONE
1804 424 2031 484 tome.
2069 427 2298 483 HOMIL
2344 428 2407 482 ut.

3381 425 3489 480 δεδι

1902 540 2031 594 mini
2058 556 2241 595 voccun
2274 556 2370 609 pro
2402 541 2505 593 illis
2528 554 2704 602 orare.
2734 539 2935 610 illoque
2961 538 3122 593 modo
3147 538 3367 594 mutilam
3396 555 3491 594 no-

1898 632 1977 685 luis
2014 648 2169 700 opem
2198 633 2403 685 caelitus
2430 630 2736 685 conciliare.
2762 629 2882 684 Ideo
2902 638 3090 699 quarta
3114 631 3225 699 jam
3247 630 3336 685 die
3355 630 3499 701 apud

1898 738 1990 777 vos
2018 738 2320 777 sermonem
2356 723 2529 777 habeo
2554 722 2624 779 de
2642 724 2886 777 oratio..e
2908 736 3003 791 pro
3034 722 3285 787 inimicis,
3315 732 3371 777 ut
3398 725 3499 778 ad-

1898 818 2207 871 monitionis
2235 817 2532 886 frequentia
2567 817 2769 871 firmior
2795 817 2864 871 sit
2889 816 3133 871 doctrina
3156 858 3172 882 ,
3206 826 3262 870 ut
3292 816 3503 871 radices

1898 919 2019 977 agat
2052 912 2100 961 in
2135 910 2325 964 animis
2377 911 2587 963 vestris.
2626 908 2856 977 ldecque
2886 908 3192 975 frequenter
3231 907 3370 978 apud
3406 923 3503 960 vos

1898 1001 2243 1055 scrunonibus
2274 1001 2555 1059 instamus.
2589 1008 2647 1054 ut
2670 1000 2770 1053 ire
2810 1009 3078 1054 tumorem
3110 999 3359 1053 tollamus
3384 1038 3401 1063 ,
3446 1006 3507 1053 et

1903 1092 2165 1147 fervorem
2188 1090 2462 1156 sedemus,
2483 1100 2647 1160 utque
2670 1090 2784 1160 puri
2809 1090 2873 1144 ad
2891 1090 3188 1145 orationem
3208 1087 3499 1145 accedatis.

1900 1182 2085 1255 Neque
2114 1184 2255 1237 enim
2284 1182 2530 1237 Christus
2558 1182 2896 1237 inimicorum
2924 1189 3131 1236 tantum
3159 1180 3331 1251 gratia
3354 1179 3423 1234 ad
3450 1178 3507 1235 id
3574 1212 3576 1215 τ

1910 1276 2178 1339 hortatur,
2210 1276 2304 1329 sed
2332 1275 2494 1329 etiam
2523 1274 2694 1328 nostri
2721 1288 2881 1327 causa
2909 1274 2999 1344 qui
3030 1272 3135 1327 illis
3180 1281 3396 1342 peccata
3425 1281 3509 1328 ro-

1904 1370 2191 1423 mittinuus.
2242 1367 2401 1421 Plura
2428 1366 2573 1420 enim
2603 1365 2803 1434 accipis
2824 1406 2838 1429 ,
2870 1380 3029 1435 quam
3060 1363 3158 1418 das
3208 1378 3330 1419 cum
3370 1362 3508 1417 iram

1905 1471 2049 1516 tuam
2074 1460 2291 1514 inimico
2315 1458 2559 1513 dimittis.
2581 1456 2863 1525 Quomodo
2885 1457 3006 1526 plus
3018 1453 3510 1525 accipio,inquies?

1905 1556 2138 1609 Attende
2167 1554 2475 1623 diligenter.
2508 1552 2567 1606 Si
2595 1551 2814 1606 iuuimico
2841 1560 3061 1622 peccata
3086 1548 3327 1604 dimittas
3352 1589 3373 1611 ,
3410 1547 3512 1603 de-

1907 1645 2029 1699 licta
2082 1654 2171 1698 tua
2213 1645 2267 1699 in
2312 1644 2587 1698 Christum
2640 1650 2950 1711 perpetrata
3005 1641 3348 1695 dimittuntur
3393 1639 3509 1695 tibi.

1909 1738 2035 1792 lla‘c
2062 1752 2222 1807 porro
2244 1738 2328 1791 vix
2361 1736 2555 1791 dimitti
2584 1746 2639 1791 et
2660 1736 2864 1789 veniam
2897 1732 3095 1789 habere
3124 1739 3373 1805 possunt,
3421 1731 3515 1786 illa

1907 1848 2035 1887 vero
2056 1832 2268 1886 veniam
2298 1841 2351 1885 ct
2373 1830 2620 1884 solatium
2648 1829 2876 1883 multum
2902 1826 3199 1897 reperiunt.
3221 1824 3361 1881 Audi
3394 1823 3514 1878 lleli

1912 1926 2034 1979 filiis
2067 1925 2180 1978 suis
2204 1923 2471 1979 dicentem
2505 1964 2519 1987 ,
2555 1921 2615 1976 Si
2645 1936 2857 1992 peccans
2878 1919 3150 1989 peccaverit
3176 1917 3326 1971 homo
3346 1917 3401 1969 in
3422 1917 3518 1969 Ito-

1910 2018 2116 2079 minem,
2148 2015 2384 2071 sacerdos
2406 2014 2568 2069 orabit
2608 2030 2701 2083 pro
2720 2028 2808 2074 eo;
2829 2013 2876 2066 si
2902 2026 3019 2065 vero
3047 2012 3101 2065 in
3131 2009 3298 2064 Deum
3334 2024 3515 2079 pecca-

1910 2111 2055 2173 uerit,
2088 2110 2201 2178 quis
2241 2126 2333 2180 pro
2364 2108 2455 2162 illo
2502 2107 2663 2161 orabit
2708 2107 2784 2177 (l.
2810 2106 2937 2176 Reg.
2961 2104 3018 2159 2.
3042 2103 3157 2174 ἳὸ).
3186 2104 3370 2173 Itaque
3399 2116 3517 2156 ma-

1910 2217 2075 2273 gnum
2099 2209 2183 2257 est
2210 2201 2403 2254 vulnus
2431 2198 2579 2263 illud,
2612 2212 2783 2268 neque
2811 2196 2966 2251 facile
2988 2195 3228 2250 oratione
3252 2192 3516 2254 solvitur;

1913 2295 2021 2349 iuno
2064 2308 2132 2349 ne
2170 2292 2415 2347 oratione
2461 2289 2675 2361 quidem
2727 2287 2953 2342 solvitur
2982 2286 3086 2340 tale
3115 2283 3395 2349 delictum,
3424 2281 3521 2337 sed

1913 2401 2012 2455 per
2052 2386 2263 2440 veniam
2310 2394 2648 2454 peccatorum
2709 2380 2925 2435 inimico
2974 2392 3291 2433 concessam
3338 2373 3519 2431 statim

1914 2479 2161 2534 solvitur.
2191 2476 2440 2533 Ideo-illa
2470 2474 2685 2545 quidem
2714 2474 2903 2528 decem
2943 2471 3109 2526 millia
3141 2469 3336 2524 talenta
3364 2482 3526 2521 voca-

1913 2571 1991 2625 vit
2013 2570 2174 2633 Dens,
2210 2584 2401 2637 nempe
2431 2567 2619 2622 delicta
2650 2565 2705 2620 in
2736 2564 3052 2627 Dominum;
3084 2562 3199 2617 haec
3222 2575 3353 2617 vero
3388 2574 3525 2615 cen-

1916 2672 2029 2718 tum
2056 2663 2306 2718 denarios
2331 2660 2543 2731 (Matth.
2588 2660 2677 2717 i9.
2710 2660 2801 2715 23.
2832 2657 2989 2729 sqq.),
3010 2672 3144 2729 quos
3163 2657 3209 2713 si
3233 2655 3527 2724 dimiseris,

1917 2756 2250 2811 dimittentur
2278 2754 2373 2810 tibi
2408 2754 2595 2809 decem
2626 2752 2793 2807 millia
2822 2752 3037 2806 talenta.

1988 2850 2043 2903 2.
2087 2848 2287 2904 Verum
2316 2847 2385 2903 de
2412 2846 2654 2901 oratione
2680 2844 2829 2899 Satis.
2861 2842 2919 2899 Si
2951 2842 3123 2912 placet
3148 2849 3350 2908 autem,
3373 2854 3532 2912 repe-

1922 2944 2018 2997 tito
2043 2941 2203 3013 paulo
2232 2940 2390 2995 altius
2414 2952 2683 3003 sermone,
2722 2936 2787 2990 ad
2820 2934 3177 3006 proditionem
3218 2932 3528 2995 redeamus,

1921 3035 2300 3104 videamusque
2337 3030 2608 3102 quomodo
2638 3030 2894 3083 Dominus
2937 3039 3122 3081 noster
3146 3024 3388 3096 proditus
3436 3023 3528 3079 sit.

1922 3126 1993 3183 lit
2020 3110 2148 3182 vero
2182 3135 2345 3179 totam
2379 3122 2667 3194 proditoris
2693 3118 2952 3175 insaniam
2983 3118 3307 3181 ediscamus,
3339 3114 3533 3171 simul-

1850 3270 1857 3277 .
1922 3234 2025 3288 que
2055 3220 2320 3287 ingratum
2347 3214 2591 3284 discipuli
2623 3213 2858 3266 animum
2885 3221 2940 3266 et
2970 3209 3178 3265 Domini
3203 3206 3532 3263 ineii‘abilem

1921 3309 2263 3364 clementiam
2310 3319 2683 3377 agnoscamus,
2734 3302 3014 3358 audiamus
3054 3299 3327 3370 quomodo
3364 3314 3532 3355 evan-

1923 3402 2111 3471 gelista
2154 3399 2309 3456 nobis
2338 3399 2452 3469 ejus
2477 3396 2685 3452 facinus
2714 3403 2945 3451 enarret.
2983 3394 3149 3459 Tunc,
3194 3394 3385 3464 inquit,
3412 3394 3537 3447 abiit

1925 3511 2057 3549 unus
2098 3494 2161 3547 de
2190 3491 2494 3556 duodecim,
2519 3488 2555 3541 J
2560 3488 2686 3544 udas
2712 3489 2875 3541 dictus
2916 3486 3207 3553 Iscariotes,
3244 3485 3313 3539 ad
3340 3486 3537 3557 princi-

1928 3603 2015 3654 pes
2043 3584 2385 3646 sacerdotum,
2411 3592 2457 3635 et
2484 3582 2613 3635 dixit
2653 3582 2723 3634 eis
2746 3596 2765 3633 .'
2794 3578 2933 3644 Quid
2960 3578 3108 3632 uultis
3154 3578 3279 3631 mihi
3307 3578 3449 3641 dare,
3491 3586 3541 3630 et

1928 3694 2019 3747 ego
2064 3676 2201 3731 vobis
2246 3674 2446 3728 tradam
2494 3690 2609 3726 eum
2649 3671 2865 3741 (Matth.
2900 3670 2991 3727 26.
3034 3670 3117 3725 id.
3152 3668 3267 3737 15).
3316 3668 3542 3724 Videtur

1928 3769 2143 3839 quidem
2174 3767 2225 3823 id
2255 3766 2398 3837 quod
2428 3765 2627 3821 dictum
2656 3778 2736 3819 est
2768 3765 2969 3819 clarum
2998 3780 3117 3819 esse
3148 3763 3387 3833 nihilque
3419 3778 3540 3817 am-

1930 3862 2067 3931 plius
2110 3859 2480 3924 subindicare;
2533 3858 2625 3913 sed
2670 3859 2713 3911 si
2762 3860 2882 3927 quis
2929 3858 3173 3926 singula,
3229 3873 3347 3927 quia
3398 3857 3538 3911 dicta

1933 3964 2056 4008 sunt
2078 3994 2092 4018 ,
2122 3953 2421 4013 examinet,
2465 3965 2711 4021 magnam
2740 3949 2981 4020 prmbcnt
3003 3949 3401 4018 couutenuplandi
3430 3965 3544 4003 ma-

1934 4043 2479 4113 teriam,multamquc
2495 4056 2748 4098 sensuum
2770 4040 2893 4107 prof
2892 4040 3391 4095 unditatcm.Primo
3409 4049 3545 4094 tem-

1936 4153 2035 4208 pus
2066 4134 2513 4191 considerandum
2559 4142 2663 4191 est.
2704 4133 2819 4188 Non
2857 4133 3000 4188 euuim
3056 4133 3368 4202 simpliciter
3413 4132 3541 4187 illud

1936 4230 2138 4285 indicat
2192 4229 2552 4298 evangelista;
2608 4242 2781 4297 nequue
2803 4227 2945 4281 enim
2983 4226 3118 4281 dixit
3161 4225 3355 4290 solum,
3389 4223 3544 4288 abiit,-

1936 4324 2028 4378 sed
2072 4322 2297 4393 adjecit,
2350 4322 2493 4377 Tunc
2520 4323 2662 4377 abiit.
2710 4320 2890 4383 Tunc,
2931 4320 3315 4390 quandonam?
3365 4319 3546 4388 Ecqua

1937 4415 2006 4472 de
2031 4430 2190 4469 causa
2216 4426 2424 4485 tempus
2448 4414 2679 4468 iudicat?
2700 4412 2814 4467 Non
2842 4414 2958 4467 siuue
2975 4426 3134 4466 causa
3162 4410 3314 4465 nobis
3337 4420 3549 4479 tempus

1939 4507 2202 4577 significat
2228 4506 2551 4576 evangelista
2578 4520 2643 4560 ex
2671 4505 2869 4573 Spiritu
2910 4513 3096 4557 sancto
3118 4504 3343 4575 loquens
3375 4520 3389 4556 ε
3424 4518 3546 4557 nam

1939 4600 2027 4668 qui
2074 4614 2142 4653 ex
2192 4598 2395 4669 Spiritu
2440 4599 2696 4669 loquitur.
2726 4598 2858 4653 nihil
2890 4598 3006 4651 sine
3045 4610 3201 4651 causa
3230 4597 3314 4651 vel
3346 4609 3551 4652 temere

1942 4693 2197 4762 loquitur.
2246 4690 2384 4760 Quid
2411 4689 2569 4761 igitur
2594 4698 2677 4745 est
2702 4688 2853 4755 illud,
2918 4689 3075 4742 tunc?
3101 4690 3240 4744 Ante
3267 4687 3396 4743 illud
3415 4698 3549 4744 tem-

1945 4798 2073 4852 pus,
2120 4794 2245 4839 ante
2290 4783 2434 4838 illam
2480 4782 2667 4837 horam
2715 4780 2940 4836 accessit
2986 4779 3159 4849 puella
3202 4779 3405 4834 habens
3433 4780 3550 4833 ala-

1944 4875 2183 4929 bastruum
2215 4873 2511 4945 unguenti,
2568 4882 2622 4929 et
2666 4871 2850 4928 eli‘udit
2876 4870 3057 4926 oleum
3085 4869 3214 4925 illud
3255 4884 3417 4940 super
3455 4884 3550 4924 ca-

1946 4979 2041 5039 put
2092 4968 2324 5023 Domini.
2382 4967 2598 5022 Multam
2650 4965 2807 5021 fiulem
2856 4967 3091 5021 ostendit
3132 4966 3363 5032 mulier,
3406 4967 3553 5020 mul—

1948 5074 2053 5117 tam
2083 5060 2419 5116 ministrandi
2443 5076 2649 5127 curam,
2678 5059 3063 5125 obedientiam,
3090 5059 3345 5129 pietatem
3375 5075 3388 5111 :
3435 5074 3557 5114 mu-

1950 5162 2056 5207 tata
2088 5161 2223 5207 esta
2271 5153 2492 5222 pristina
2540 5153 2682 5214 vita,
2719 5151 3013 5221 meliorque
3062 5166 3125 5206 ac
3167 5152 3557 5223 temperantior

1948 5242 2135 5299 effecta
2165 5255 2268 5300 est.
2297 5245 2366 5300 Et
2413 5259 2534 5300 eum
2593 5245 2846 5298 meretrix
2897 5243 3143 5313 resipuit,
3191 5258 3313 5299 cum
3368 5242 3557 5297 Domi-

1953 5352 2079 5389 num
2135 5337 2379 5406 agnovit,
2443 5344 2569 5390 tunc
2605 5335 2897 5404 discipulus
2953 5336 3267 5405 magistrum
3296 5335 3554 5404 prodidit.

1952 5425 2121 5491 Tunc,
2168 5426 2550 5497 quandonam?
2598 5441 2719 5481 cum
2774 5427 3030 5481 meretrix
3068 5428 3349 5489 accedens,
3381 5424 3558 5481 effuso

1952 5532 2114 5585 super
2150 5518 2312 5585 pedes
2351 5517 2479 5572 Jesu
2528 5516 2782 5587 unguenti
2810 5517 3076 5571 alabastro
3100 5557 3114 5580 ,
3163 5516 3393 5587 propriis
3437 5515 3560 5569 illos

1954 5609 2163 5677 capillis
2191 5609 2479 5675 abstersit,
2504 5610 2837 5678 multumque
2875 5608 3233 5667 ministerium
3274 5606 3556 5675 exhibuit,

1958 5716 2052 5769 per
2077 5700 2379 5769 huiusmodi
2410 5700 2805 5755 confessionem
2837 5712 3028 5755 cuncta
3056 5700 3308 5770 prauteriti
3350 5708 3559 5767 tempo-

1959 5797 2031 5849 ris
2070 5803 2286 5862 pcccata
2331 5793 2537 5855 dolens.
2588 5794 2738 5849 Tunc
2794 5795 3005 5863 itaque,
3051 5808 3172 5848 cum
3222 5792 3365 5846 illam
3425 5788 3563 5844 vidit

1960 5897 2165 5941 tantum
2194 5886 2426 5944 officium
2454 5887 2707 5955 magistro
2733 5885 3096 5948 exhibentem,
3114 5894 3240 5940 tunc
3267 5888 3354 5941 ille
3371 5887 3435 5941 ad
3453 5889 3561 5940 tuui-

3116 5968 3195 6029 2i
