4164 6324
609 398 721 452 8³15

609 527 769 580 quam
802 509 1157 581 proditionem
1201 506 1464 562 festinavit
1515 506 1579 561 Et
1626 503 1712 559 illo
1734 500 1946 573 quidem
1975 514 2041 556 ex
2080 497 2197 567 ipso

613 600 860 672 mqnitize
908 600 1073 655 fundo
1117 601 1167 653 in
1211 598 1381 669 ipsum
1420 597 1608 651 cu-lum
1656 593 1927 653 ascendit;
1960 591 2045 645 hic
2071 602 2198 644 vero

612 705 725 765 post
756 690 1032 749 innumera
1083 691 1335 747 miracula
1371 700 1425 746 et
1466 689 1640 759 signa,
1684 695 1803 759 post
1850 695 2047 740 tantam
2094 681 2196 738 do-

609 785 875 849 ctrinam,
934 793 1052 853 post
1103 780 1594 837 iuelfabilemiilam
1636 777 1840 833 Domini
1879 784 2201 844 attempera-

612 880 833 940 tiunem,
885 876 936 929 in
1000 875 1182 929 tartari
1231 874 1451 929 fundunt
1495 871 1711 928 decidit.
1743 869 1970 925 Tantum
2002 868 2197 923 malum

608 978 691 1024 cst
740 965 982 1022 socordia
1017 973 1075 1022 et
1101 974 1349 1035 corrupta
1386 963 1649 1019 voluntas.
1681 960 2038 1031 Quamobrem
2064 959 2199 1013 Pau-

612 1063 697 1113 lus
728 1056 1083 1125 diccbat:Qui
1099 1056 1295 1110 videtur
1316 1063 1467 1122 stare,
1497 1054 1659 1108 videat
1690 1068 1753 1107 ne
1779 1054 1930 1105 cadat
1958 1051 2036 1119 (l.
2070 1047 2193 1105 Cor.

616 1150 702 1205 tu.
736 1151 825 1219 η)
853 1166 867 1202 :
910 1159 963 1205 et
1018 1146 1274 1219 propheta
1308 1145 1571 1200 clamabat
1615 1144 1740 1199 olim
1768 1162 1783 1199 :
1835 1142 2086 1213 Numqui
2114 1156 2202 1195 ca-

611 1245 707 1305 uit,
740 1256 837 1294 nou
878 1248 1101 1310 resurget
1123 1237 1149 1291 .’
1187 1248 1236 1292 et
1285 1238 1370 1309 qui
1420 1237 1595 1289 avertit
1637 1252 1723 1300 se,
1774 1251 1875 1289 u'm
1930 1242 2203 1288 revertetur

612 1343 823 1399 (Jl'fﬂll.
849 1328 903 1385 8.
925 1329 1025 1399 4)?
1052 1327 1147 1385 .Ut
1188 1342 1360 1397 neque
1418 1326 1464 1381 is
1506 1326 1597 1391 qui
1636 1334 1743 1379 stat
1786 1324 2051 1386 confidat.
2105 1322 2199 1378 sed

612 1436 827 1490 semper
852 1418 1108 1476 cerzaudo
1142 1419 1428 1483 consistat;
1460 1433 1559 1473 nec
1604 1416 1693 1487 qui
1722 1415 1958 1482 decidit,
2005 1415 2201 1482 despe-

614 1524 715 1569 ret.
736 1513 903 1568 'l‘anta
930 1512 1072 1568 enim
1101 1511 1182 1567 vis
1209 1520 1325 1566 erat
1347 1509 1603 1580 magistri,
1623 1519 1681 1563 ut
1704 1508 1863 1564 etiam
1890 1508 2202 1564 meretrices

613 1614 667 1658 ct
698 1602 1005 1670 publicanos
1030 1600 1365 1672 pertraheret
1395 1601 1462 1655 ad
1488 1600 1757 1671 propriam
1778 1599 2201 1670 obsequentium.

686 1691 825 1748 Deus
855 1708 955 1748 non
994 1691 1286 1749 necessitate
1321 1692 1565 1763 pertrahit
1602 1693 1672 1745 ad
1710 1691 1894 1745 bonum
1928 1691 2198 1762 agendum.

612 1815 684 1827 -
717 1784 866 1854 Quid
908 1800 1076 1855 orsu.
1122 1785 1364 1857 inquies,
1408 1784 1497 1855 qui
1545 1784 1857 1841 meretrices
1904 1784 2198 1854 pertraxit,

544 1932 545 1935 η
613 1877 932 1948 discipulum
973 1892 1079 1931 non
1123 1877 1294 1946 potuit
1337 1874 1687 1947 pertrahere?
1728 1876 1896 1931 Etiam
1936 1875 2110 1945 potuit
2148 1884 2205 1929 et

613 1968 932 2040 discipulum
958 1967 1308 2038 pertrahere;
1334 1967 1429 2023 sed
1465 1968 1633 2023 noluit
1674 1967 1848 2037 ipsum
1883 1966 2204 2023 necessitate

614 2063 791 2115 lat-ere
811 2060 1009 2116 bonum
1033 2101 1050 2125 ,
1080 2074 1252 2131 neque
1275 2059 1326 2115 vi
1355 2059 1505 2114 illum
1527 2058 1592 2115 ad
1614 2059 1846 2129 seipsum
1870 2058 2201 2128 pertrahere.

614 2150 739 2207 ideo
762 2150 1088 2222 evangelista
1116 2151 1269 2207 nobis
1293 2156 1356 2206 ea
1387 2164 1611 2206 narrans
1633 2189 1649 2215 ,
1679 2165 1800 2221 qua:
1831 2149 1898 2204 ad
1938 2148 2203 2219 ingratum

613 2243 929 2311 discipulum
968 2236 1320 2312 spectabant,
1365 2240 1541 2295 dixit:
1586 2238 1732 2295 Tunc
1779 2241 1942 2305 abiit,
1987 2239 2040 2295 id
2080 2248 2203 2307 est,

616 2348 721 2387 non
747 2332 819 2387 ab
842 2332 959 2388 aliis
987 2342 1207 2389 vocatus
1228 2374 1244 2399 ,
1279 2346 1453 2403 neque
1489 2340 1708 2388 coactus
1734 2330 1803 2387 ab
1839 2332 1947 2386 alio
1967 2371 1985 2398 ,
2030 2346 2205 2403 neque

614 2426 721 2477 aiio
745 2438 803 2479 se
838 2423 1123 2489 hortante;
1168 2422 1263 2479 sed
1304 2432 1495 2494 suopte
1534 2432 1680 2478 motu
1716 2423 1783 2479 ad
1823 2422 1875 2479 id
1913 2437 2207 2480 conversus

615 2525 697 2569 cst
719 2558 735 2581 ,
767 2514 1056 2570 ostendens
1083 2530 1143 2569 se
1180 2530 1275 2569 sua
1303 2522 1495 2586 sponte
1527 2525 1583 2570 et
1622 2514 1839 2585 proprio
1877 2514 2098 2571 arbitrio
2137 2514 2205 2570 ad

618 2607 855 2676 iniquum
903 2603 1030 2661 illud
1075 2603 1286 2662 facinus
1353 2590 1708 2676 properasse,
1757 2606 1900 2661 nulla
1958 2616 2208 2663 movente

616 2715 813 2765 causa;
858 2699 953 2754 sed
991 2714 1021 2753 a
1066 2698 1301 2769 nequitia
1337 2698 1479 2754 intus
1526 2697 1851 2755 scaturiente
1890 2698 1958 2753 ad
1999 2697 2204 2772 Domini

618 2792 955 2847 traditionem
1006 2792 1241 2863 seipsutn
1289 2791 1515 2862 impulit.
1549 2792 1689 2847 Tum:
1743 2792 1915 2847 abiens
1966 2808 2096 2847 unus
2143 2790 2207 2847 de

616 2881 903 2937 duodecim.
929 2881 1045 2938 Non
1074 2898 1294 2953 parvum
1315 2885 1519 2940 crimen
1543 2883 1672 2939 illud
1703 2893 1786 2939 est
1813 2883 1954 2955 quod
1978 2883 2202 2951 dicatur,

621 2972 766 3029 Unus
783 2976 846 3028 tle
866 2973 1152 3029 duodecim.
1182 2974 1315 3041 Quia
1341 2977 1483 3030 enim
1514 2985 1740 3031 erantet
1762 2977 1851 3031 alii
1877 2975 2207 3049 septuaginta

618 3064 907 3135 discipuli,
926 3064 1062 3120 ideo
1090 3064 1262 3133 dixit,
1294 3064 1439 3121 Unus
1462 3066 1527 3121 de
1551 3068 1856 3134 duodecim;
1897 3068 1949 3125 id
1990 3079 2074 3124 est
2095 3110 2110 3134 .
2141 3084 2208 3126 ex

618 3157 832 3210 selectis
854 3197 870 3222 ,
899 3155 990 3227 qui
1019 3156 1256 3226 quotidie
1281 3171 1403 3213 cum
1430 3158 1521 3213 illo
1548 3159 1900 3214 versabantur
1922 3202 1937 3227 ,
1969 3161 2059 3231 qui
2091 3176 2207 3216 ma.

621 3265 723 3316 gna
768 3251 971 3307 ﬁducia
1017 3252 1347 3309 fruebantur.
1395 3252 1463 3310 Ut
1505 3254 1662 3325 igitur
1699 3254 1875 3311 discas
1918 3256 2093 3327 ipsum
2142 3270 2209 3311 ex

620 3343 905 3413 pra-cipuis
931 3344 1208 3416 discipulis
1237 3344 1402 3403 fuisse
1423 3388 1437 3413 ,
1483 3347 1558 3401 ait
1580 3389 1596 3413 ,
1642 3346 1784 3403 Unus
1814 3348 1877 3402 de
1919 3348 2205 3403 duodecim.

617 3433 801 3504 Neque
832 3434 883 3489 id
915 3444 1053 3491 tacet
1087 3438 1411 3507 evangelista
1436 3480 1450 3500 .
1479 3447 1536 3493 ut
1568 3446 1619 3492 tu
1650 3439 1839 3495 credas
1864 3480 1879 3505 ,
1909 3439 2023 3495 hare
2045 3481 2060 3504 ,
2089 3454 2209 3510 qua)

620 3526 866 3580 ridentur
892 3529 1152 3598 probrosa
1177 3542 1339 3595 esse,
1372 3530 1580 3584 Domini
1617 3546 1740 3601 erga
1769 3546 1867 3585 nos
1893 3531 2210 3586 sollicitudi—

621 3630 744 3669 nem
786 3616 1117 3683 ostendere,
1155 3618 1297 3688 quod
1343 3619 1545 3678 scilicet
1580 3621 1901 3691 proditorem
1944 3630 1997 3676 et
2039 3620 2209 3678 furem

620 3720 697 3763 tot
735 3709 891 3765 bonis
925 3709 1205 3781 dignatus,
1251 3722 1305 3767 et
1345 3728 1509 3782 usque
1547 3713 1611 3767 ad
1652 3713 1891 3768 ultimam
1916 3730 2210 3785 vesperam

618 3803 930 3859 cohortatus
959 3804 1048 3858 sit.
1084 3803 1326 3860 Vidistin‘
1357 3807 1693 3862 meretricem
1713 3848 1729 3872 ,
1774 3822 1893 3877 qute
1926 3808 2209 3876 abluerat,

621 3894 847 3949 salutem
880 3903 1091 3950 nactam
1122 3909 1243 3951 esse
1266 3936 1282 3964 ,
1313 3897 1632 3966 discipulum
1665 3912 1792 3953 vero
1819 3940 1834 3963 ,
1872 3901 1994 3969 quia
2032 3903 2213 3971 segnis

623 3985 797 4039 fuerat
814 4025 834 4050 ,
854 3984 1165 4041 decidisse?
1184 3984 1262 4041 Ne
1293 3986 1449 4057 igitur
1468 3986 1537 4042 de
1558 3996 1609 4043 te
1628 3986 1883 4056 desperes
1906 4030 1921 4055 ,
1950 3990 2016 4044 ad
2041 4005 2214 4045 mere-

622 4077 811 4131 trioem
833 4077 1154 4147 respiciens;
1184 4078 1629 4148 nequeconlldas,
1654 4079 1717 4135 ad
1740 4080 1981 4150 discipuli
2011 4082 2213 4136 facinus

621 4168 809 4223 oculos
837 4181 1204 4225 convertens:
1241 4170 1399 4225 ambo
1437 4172 1581 4226 enim
1623 4172 1918 4241 perniciosa
1959 4183 2101 4228 sunt.
2130 4175 2211 4230 Ad

625 4261 1002 4329 lapsum'cnim
1040 4260 1289 4330 proclivis
1332 4272 1414 4317 est
1450 4262 1661 4317 animus
1700 4275 1921 4330 noster,
1965 4266 2213 4320 volubilis

622 4351 908 4407 voluntas:
940 4353 1288 4422 quamobrem
1330 4352 1563 4422 undique
1597 4368 1696 4408 nos
1724 4357 2026 4411 muniamus
2054 4372 2215 4425 opor-

626 4452 720 4499 tet.
756 4442 898 4498 Tuuc
930 4444 1099 4499 abiens
1128 4461 1257 4500 unus
1292 4447 1355 4501 de
1390 4446 1653 4499 duodecim
1675 4487 1690 4513 ,
1721 4445 1888 4502 ludas
1918 4446 2208 4503 lscariotcs.

628 4536 815 4593 Viden'
838 4554 905 4594 ex
931 4548 1129 4609 quanto
1163 4539 1331 4595 choro
1371 4541 1611 4598 decidit?
1647 4542 1821 4598 viden’
1856 4554 2052 4615 quanta
2093 4560 2213 4602 sese

625 4629 904 4698 disciplina
935 4632 1203 4701 privavit?
1232 4632 1402 4687 videu'
1426 4642 1680 4703 quantum
1712 4637 1781 4690 sit
1812 4636 2009 4692 malum
2036 4638 2213 4708 segni-

629 4721 773 4775 ties?
798 4719 966 4774 ludus
985 4762 998 4784 .
1033 4722 1203 4791 inquit
1228 4764 1244 4789 ,
1278 4721 1547 4778 lscariotes
1568 4765 1585 4791 ,
1615 4726 1737 4796 quia
1765 4727 1900 4782 alius
1939 4738 2055 4784 erat
2093 4728 2217 4784 huic

625 4813 959 4883 cognominis
982 4854 998 4881 ,
1028 4814 1118 4884 qui
1138 4814 1415 4869 dicebatur
1436 4815 1642 4872 Jacobi.
1670 4818 1852 4875 Viden'
1872 4823 2215 4892 evangelich

627 4904 943 4975 sapientiam
968 4948 980 4969 ,
1016 4906 1104 4975 qui
1137 4907 1283 4961 illum
1312 4922 1415 4961 non
1441 4924 1470 4961 a
1495 4908 1731 4964 facinore
1753 4952 1769 4975 ,
1801 4911 1892 4966 sed
1922 4928 1948 4965 a
1976 4914 2095 4967 loco
2122 4929 2219 4968 no-

628 5008 739 5051 tum
771 4995 928 5052 nobis
950 4995 1079 5052 facit
1101 5037 1117 5063 ,
1143 4998 1231 5070 qui
1260 4998 1418 5054 alium
1448 5016 1553 5055 non
1584 5016 1612 5055 a
1658 5002 1776 5057 loco
1798 5045 1814 5070 ,
1855 5004 1948 5057 sed
1981 5020 2010 5057 a
2053 5008 2219 5074 patris

628 5088 845 5143 nomine
884 5090 1311 5159 cognoscendum
1353 5092 1519 5147 uobis-
1552 5094 1771 5163 pnebet.
1822 5094 1979 5165 Atqui
2025 5109 2215 5151 conse-

627 5193 858 5250 quenter
884 5184 1106 5240 dixisst-t
1134 5184 1323 5239 ludam
1353 5186 1677 5255 proditorem
1703 5205 1716 5253 ;
1755 5199 2120 5245 verumtamen
2165 5200 2220 5246 ιιι

631 5288 730 5328 nos
754 5274 971 5331 doceret
1001 5276 1233 5349 linguam
1258 5292 1475 5334 servare
1516 5294 1546 5333 a
1580 5281 1952 5336 criminatione
1994 5298 2178 5351 puram
2200 5325 2215 5351 ,

629 5384 659 5422 a
690 5367 979 5438 proditoris
1008 5370 1225 5427 nomine
1262 5371 1510 5427 abstinet.
1542 5371 1818 5429 Discamus
1847 5375 2007 5446 igitur
2044 5375 2222 5430 inimi-

631 5474 818 5514 corum
859 5462 1127 5516 neminem
1167 5477 1289 5517 cum
1334 5462 1578 5518 convicio
1617 5479 1935 5521 memorare.
1977 5465 2032 5522 Si
2077 5468 2218 5522 enim

630 5550 821 5607 beatas
847 5549 935 5605 hic
964 5552 1043 5607 vir
1068 5552 1392 5622 proditorem
1420 5556 1589 5611 uoluit
1611 5557 1882 5611 criminari
1907 5598 1922 5623 ,
1962 5573 2082 5613 cum
2120 5562 2222 5615 hoc

634 5640 872 5715 iniquum
903 5640 1107 5699 litaiuus
1131 5653 1442 5713 enarraret,
1471 5646 1567 5702 sed
1596 5647 1697 5703 hoc
1718 5647 1931 5719 quidem
1962 5652 2121 5705 tacuit
2147 5692 2160 5715 ,
2188 5667 2217 5705 a

634 5741 751 5792 loco
780 5749 956 5795 autem
994 5739 1137 5795 unde
1176 5740 1448 5810 prodierat
1490 5754 1673 5798 notum
1716 5743 1862 5798 illum
1916 5743 2078 5800 fecit:
2116 5762 2217 5819 qua

630 5830 831 5887 erimus
860 5834 1009 5887 venia
1037 5833 1179 5903 digni
1208 5875 1220 5899 ,
1251 5850 1370 5889 cum
1403 5836 1699 5906 proximum
1725 5837 2070 5895 criminantur
2099 5889 2108 5905 ,
2159 5862 2216 5895 :u-

1330 386 1707 446 S-JO.\NNIS
1743 380 2228 444 CHRYSOSTOMI
2266 382 2588 444 ARClllEP.
2628 387 3167 447 CONSTANTINOP.

2310 507 2455 565 srpe
2485 509 2589 549 non
2617 496 2790 551 solum
2819 496 3061 553 inimicos
3093 482 3223 552 cum
3268 498 3589 555 contumelia
3630 513 3907 556 memor-a-

2313 602 2432 640 mns
2455 630 2471 653 ,
2492 585 2585 642 sed
2606 587 2767 642 etiam
2796 604 2890 643 eos
2914 628 2930 654 ,
2954 589 3045 657 qui
3073 603 3199 657 erga
3226 602 3325 643 nos
3354 589 3491 644 bene
3518 588 3695 645 allecti
3721 588 3909 643 viden-

2314 687 2418 731 tur.
2449 676 2528 733 Ne
2551 718 2568 745 ,
2596 692 2779 747 qua-so
2804 721 2819 743 ,
2853 678 2903 731 id
2943 694 3183 749 agamus.
3234 678 3285 733 Id
3332 689 3387 733 et
3425 679 3621 735 Paulus
3666 680 3913 749 praecipit

2311 769 2496 824 dicens
2525 787 2538 822 :
2576 769 2754 824 Omnis
2782 786 2943 824 sermo
2987 770 3150 824 matus
3187 771 3250 824 de
3288 787 3375 825 ore
3411 780 3574 824 o‘cstro
3603 786 3666 825 ne
3694 771 3909 839 prodeat

2315 858 2551 931 (Ephes.
2588 861 2623 916 ι
2648 902 2664 926 ,
2710 860 2844 928 29).
2896 859 3020 916 ideo
3062 861 3131 916 ab
3170 860 3472 931 littjusmodi
3517 861 3705 916 morbo
3748 862 3913 933 plane

2315 965 2481 1022 purus
2510 951 2697 1008 beatus
2722 951 3001 1008 Manlia-us
3026 952 3239 1007 diccbat
3266 969 3281 1006 :
3317 951 3457 1007 Tunc
3482 952 3659 1006 abiens
3686 968 3819 1006 unus
3847 953 3914 1005 de

2315 1043 2617 1108 duodecim,
2643 1044 2732 1111 qui
2756 1043 3017 1098 dicebatur
3033 1043 3065 1096 J
3073 1045 3202 1097 udas
3220 1040 3493 1097 Iscariotes
3516 1084 3531 1105 .
3556 1043 3628 1097 ad
3651 1043 3912 1111 principes

2313 1134 2631 1188 sacerdotum
2657 1133 2787 1188 dixit
2812 1175 2827 1199 ,
2868 1133 3005 1200 Quid
3034 1133 3186 1187 uultis
3234 1133 3357 1187 mihi
3392 1128 3536 1197 dare,
3564 1143 3609 1187 ct
3647 1148 3738 1204 cgo
3778 1132 3921 1209 rabie

2315 1224 2515 1277 trudunt
2540 1241 2654 1278 eum
2677 1224 2766 1279 .’O
2790 1223 3172 1280 exsecrandum
3199 1239 3381 1278 vocem
3406 1222 3423 1278 ι
3445 1240 3479 1275 o
3500 1224 3749 1277 insanum
3775 1220 3908 1276 faei-

2315 1330 2415 1371 nus
2439 1317 2453 1371 ι
2487 1318 2634 1371 Dum
2650 1318 2762 1371 lucc
2782 1318 2959 1388 cogito
2983 1357 3000 1384 ,
3027 1327 3202 1373 tremo
3224 1357 3240 1385 ,
3262 1316 3467 1373 dilecti.
3487 1316 3769 1385 Quomodo
3791 1314 3917 1370 talis

2316 1422 2423 1463 vox
2452 1423 2519 1464 ex
2550 1423 2645 1464 ore
2672 1408 2913 1464 exsiliitt
2950 1408 3220 1480 quomodo
3261 1409 3498 1479 linguam
3536 1408 3745 1466 movit?
3773 1423 3919 1478 qtth

2316 1500 2478 1556 modo
2502 1500 2681 1558 anima
2707 1516 2738 1556 a
2766 1516 2993 1572 corpore
3017 1517 3124 1557 non
3150 1501 3411 1557 abscessit
3428 1501 3456 1556 ἲ
3479 1500 3751 1571 quomodo
3775 1499 3923 1555 labia

2317 1608 2425 1650 non
2455 1593 2892 1663 obtorpuerunt?
2917 1594 3189 1665 quomodo
3218 1610 3324 1650 non
3353 1604 3536 1649 mente
3562 1593 3835 1650 excessit!

2385 1687 2440 1742 5.
2484 1685 2619 1753 Quid
2642 1687 2791 1742 vultis
2815 1686 2941 1741 mihi
2965 1687 3108 1754 dare,
3132 1698 3178 1742 et
3194 1703 3285 1758 ego
3300 1687 3438 1742 vobis
3460 1686 3663 1741 tradam
3687 1703 3801 1740 eum
3818 1684 3920 1741 7-

2316 1776 2413 1836 Dic
2435 1778 2565 1833 mihi
2591 1820 2604 1843 ,
2630 1776 2768 1835 Juda
2788 1821 2804 1847 ,
2851 1779 3087 1835 haccine
3121 1779 3375 1850 magister
3416 1787 3564 1833 tanto
3594 1788 3837 1847 tempore
3865 1788 3921 1834 te

2316 1868 2541 1925 docuit?
2568 1870 2713 1926 itane
2740 1869 2793 1925 in
2819 1870 3150 1926 oblivionem
3190 1868 3552 1941 frequentium
3592 1865 3921 1925 admonitio-

2312 1977 2441 2017 num
2473 1962 2665 2018 venisti
2688 1961 2713 2016 τ
2739 1976 2917 2017 nonne
2943 1960 3064 2016 ideo
3097 1960 3268 2026 dixit,
3321 1958 3500 2015 Nolite
3536 1961 3797 2032 possidere
3817 1976 3920 2014 au—

2316 2072 2469 2119 rum,
2501 2070 2661 2126 neque
2682 2063 2944 2127 argentum
2970 2054 2991 2125 (
3021 2052 3205 2108 Matth.
3233 2053 3335 2120 ιο,
3364 2052 3464 2124 9),
3495 2062 3557 2107 ut
3574 2052 3687 2125 jam
3733 2051 3858 2108 inde
3887 2066 3919 2108 a

2316 2147 2583 2219 principio
2612 2158 2760 2203 tnnm
2789 2162 2914 2218 erga
2945 2146 3205 2218 pecunias
3233 2144 3468 2202 furorem
3496 2146 3924 2217 comprimeret?

2316 2257 2497 2297 nonne
2539 2241 2853 2297 hortabatur
2893 2240 3121 2296 dicens:
3170 2240 3234 2297 Si
3276 2241 3389 2312 quis
3433 2250 3482 2297 te
3522 2241 3825 2312 percusserit
3864 2241 3922 2296 in

2317 2337 2581 2390 maxillam
2605 2336 2864 2390 dexteram
2888 2375 2904 2401 ,
2926 2344 3061 2389 certe
3086 2334 3164 2389 illi
3182 2344 3231 2388 et
3256 2334 3412 2389 aliam
3443 2333 3465 2407 (
3478 2332 3667 2388 Matth.
3697 2334 3732 2389 5
3752 2375 3771 2401 ,
3794 2333 3924 2402 39)?

2325 2425 2434 2482 Cur
2451 2468 2467 2494 ,
2496 2443 2679 2497 quaso
2702 2468 2718 2493 ,
2760 2427 3073 2497 magistrum
3101 2426 3327 2497 prodis?
3353 2442 3422 2483 an
3449 2429 3570 2498 quia
3600 2436 3924 2498 potestatem

2321 2516 2416 2572 tibi
2444 2517 2593 2572 dedit
2619 2516 2877 2573 adversus
2902 2515 3165 2572 daemonia
3191 2557 3207 2582 ,
3238 2517 3310 2571 ita
3330 2527 3383 2571 ut
3413 2516 3629 2571 morbos
3657 2530 3880 2572 curares
3901 2555 3921 2581 .

2316 2611 2560 2681 leprosos
2587 2610 2877 2667 mundares
2900 2652 2916 2677 ,
2944 2619 3002 2667 et
3027 2610 3129 2665 alia
3162 2609 3329 2665 multa
3360 2609 3615 2664 miracula
3642 2618 3918 2680 perpetra-

2318 2703 2454 2760 resl
2481 2717 2580 2774 pro
2606 2702 2761 2759 hisne
2785 2700 3060 2759 beneficiis
3087 2700 3201 2757 hac
3247 2702 3321 2757 illi
3358 2701 3578 2772 praemia
3625 2701 3882 2756 rctribuis
3900 2701 3927 2740 ν

2316 2792 2363 2851 0
2387 2790 2624 2850 furorem
2649 2835 2665 2858 ,
2696 2795 2803 2849 imo
2826 2798 3003 2864 potius
3027 2836 3043 2861 ,
3071 2794 3348 2849 avaritiam
3373 2794 3388 2849 ι
3435 2792 3550 2847 hmc
3591 2793 3736 2847 enim
3783 2793 3924 2848 mala

2319 2886 2495 2941 omnia
2524 2885 2745 2941 avaritia
2771 2886 3014 2955 peperit,
3041 2884 3188 2939 radix
3218 2884 3307 2939 illa
3335 2884 3599 2939 malorum
3624 2925 3639 2947 .
3668 2899 3790 2953 qua:
3808 2885 3922 2938 ani-

2321 2989 2435 3032 mas
2465 2986 2676 3032 nostras
2701 2974 3016 3031 obtcnebrat
3040 3015 3055 3039 ,
3079 2990 3288 3030 necnon
3316 2975 3461 3045 ipsas
3490 2976 3636 3045 leges
3667 2983 3875 3030 natura:
3899 3015 3917 3038 ,

2317 3084 2438 3139 qua!
2467 3067 2516 3123 id
2547 3068 2742 3134 eilicit,
2777 3078 2835 3123 ut
2864 3076 3044 3124 mente
3065 3068 3385 3123 excedamus
3408 3109 3425 3135 ,
3454 3083 3629 3136 neque
3654 3069 3920 3137 permittit

2323 3167 2381 3216 ut
2410 3161 2493 3217 rei
2520 3160 2767 3215 amicitia:
2791 3200 2807 3227 ,
2853 3160 2939 3215 vel
2966 3159 3297 3231 cognationis
3321 3201 3336 3225 ,
3382 3160 3469 3215 vel
3494 3159 3713 3215 alterius
3741 3160 3925 3231 cujus-

2318 3251 2459 3323 piam
2504 3250 2849 3307 recordemur
2878 3269 2891 3307 :
2924 3250 3018 3306 sed
3050 3250 3219 3306 semel
3264 3264 3543 3305 excaacaus
3562 3249 3748 3305 oculos
3771 3266 3928 3305 men-

2320 3343 2389 3398 tis
2419 3352 2651 3410 nostrte,
2678 3357 2778 3397 nos
2810 3342 2863 3397 in
2893 3342 3129 3397 tenebris
3157 3340 3407 3400 incedere
3431 3339 3576 3395 facit.
3608 3340 3679 3396 Et
3714 3350 3774 3396 ut
3816 3340 3925 3397 hoc

2323 3434 2469 3492 clare
2520 3435 2737 3499 discas,
2780 3434 2902 3489 vide
2943 3444 3143 3505 quanta
3180 3442 3310 3489 tunc
3359 3432 3584 3505 ejeeerit
3619 3448 3695 3488 ex
3737 3431 3924 3488 anima

2320 3527 2491 3585 Judtc.
2516 3526 2873 3597 Subingressa
2914 3526 3103 3581 istbazc
3129 3525 3356 3580 avaritia
3379 3566 3397 3592 ,
3436 3523 3703 3595 colloquia
3730 3565 3747 3588 ,
3793 3538 3928 3579 eon-

2320 3620 2656 3677 suetudinem
2683 3662 2697 3686 ,
2721 3620 3156 3674 communionem
3174 3658 3189 3682 .
3217 3616 3514 3671 mirabilem
3545 3616 3688 3670 illaut
3715 3614 3928 3670 doctri-

2322 3730 2482 3779 nam.
2509 3714 2686 3768 omnia
2712 3755 2729 3778 ,
2779 3714 2994 3781 inquam
3022 3752 3037 3777 ,
3082 3711 3170 3765 illa
3209 3712 3261 3765 in
3308 3709 3629 3763 oblivionem
3668 3707 3917 3763 adduxit.

2323 3805 2553 3860 Pulchre
2591 3803 2803 3859 dicebat
2843 3802 3060 3867 Paulus,
3102 3801 3276 3857 Radix
3306 3800 3530 3855 omnium
3561 3800 3815 3853 malorum
3851 3808 3930 3853 est

2321 3896 2536 3951 avaritia
2575 3896 2648 3966 (l.
2676 3892 2812 3948 Tim.
2834 3892 3029 3963 6,10).
3069 3891 3204 3960 Qui.‘
3231 3892 3377 3946 vultis
3409 3890 3536 3945 mihi
3570 3890 3716 3951 dare.
3742 3900 3789 3943 et
3832 3905 3932 3959 ego

2319 3990 2453 4045 vcbis
2497 3991 2694 4041 tradant
2740 3988 2908 4043 eum!
2950 3985 3175 4052 Tradis,
3217 3982 3353 4040 Juda
3378 4025 3391 4045 .
3436 3999 3561 4038 eum
3605 3983 3699 4054 qui
3742 3983 3931 4038 omnia

2322 4084 2561 4139 continet
2588 4082 2796 4137 verbo?
2825 4080 3011 4135 vendis
3054 4076 3644 4147 incomprehensibilcm
3671 4118 3685 4139 ,
3713 4084 3770 4130 et
3812 4077 3932 4147 opi-

2323 4176 2478 4229 licem
2510 4173 2624 4229 στυιὶ
2661 4182 2715 4227 et
2742 4182 2899 4226 terrm
2923 4212 2939 4237 ,
2970 4181 3268 4225 creatorem
3316 4179 3519 4222 natura:
3546 4178 3745 4221 nostra:
3771 4208 3787 4233 ,
3832 4167 3930 4237 qui

2325 4268 2489 4323 verbo
2519 4276 2572 4321 et
2599 4276 2731 4321 nutu
2770 4264 2948 4319 omnia
2990 4262 3314 4318 constituit?
3364 4261 3430 4317 Ut
3474 4261 3633 4330 igitur
3675 4260 3933 4315 ostendat

2326 4358 2465 4431 quod
2495 4358 2687 4413 lubens
2716 4357 2941 4411 traditus
2972 4354 3040 4409 sit
3065 4396 3081 4418 ,
3112 4353 3233 4409 audi
3262 4352 3389 4423 quid
3416 4350 3593 4407 faciat.
3637 4351 3764 4422 ipso
3791 4365 3925 4422 pro-

2292 4448 2542 4503 -ditionis
2568 4458 2810 4518 tempore
2834 4489 2848 4511 ,
2881 4444 3095 4517 quando
3126 4446 3437 4499 invaserunt
3479 4458 3602 4498 eum
3640 4458 3768 4499 cum
3810 4444 3930 4513 gia-

2330 4541 2432 4596 diis
2462 4550 2516 4596 et
2545 4540 2700 4611 lignis
2723 4580 2737 4606 ,
2771 4537 3107 4609 lampadibus
3129 4546 3184 4591 et
3229 4535 3450 4590 laternis
3479 4534 3724 4589 instructi
3752 4577 3768 4600 ,
3796 4534 3931 4589 dicit

2323 4632 2403 4689 eis
2430 4650 2445 4687 :
2497 4630 2659 4698 Quem
2693 4630 2916 4703 quam'tis
2960 4629 2979 4699 (
3008 4627 3167 4682 Joan.
3199 4626 3265 4683 18
3289 4669 3305 4694 ,
3336 4627 3372 4682 4
3402 4626 3459 4696 )ἳ
3502 4626 3572 4681 Ει
3606 4627 3936 4696 ignorabant

2331 4740 2451 4781 eum
2478 4766 2493 4790 ,
2538 4739 2694 4794 quem
2741 4722 2944 4792 capturi
2986 4730 3159 4776 erant.
3207 4719 3434 4774 Tantum
3479 4718 3665 4777 aberat
3702 4731 3763 4775 ut
3804 4737 3933 4775 cum

2327 4818 2555 4889 prodere
2599 4824 2821 4887 posset,
2850 4813 2939 4886 qui
2983 4828 3158 4883 neque
3197 4821 3519 4885 praesentem
3568 4828 3693 4869 eum
3742 4815 3939 4872 videre

2328 4920 2573 4983 poterat.
2604 4924 2763 4980 quem
2794 4907 3081 4963 traditurus
3121 4916 3240 4961 erat
3263 4947 3277 4971 ,
3329 4906 3427 4960 etsi
3476 4914 3553 4960 tot
3592 4905 3934 4976 lampadibus
3970 4904 3973 4907 λ

2327 5003 2720 5072 luminibusque
2749 5001 3059 5055 instructus.
3083 4999 3236 5066 Quod
3261 4999 3405 5053 enim
3428 4997 3546 5052 haec
3568 4998 3932 5055 subindicaret

2326 5110 2447 5151 cum
2503 5092 2637 5148 dixit
2679 5108 2777 5149 eos
2817 5101 2869 5147 ct
2913 5089 3188 5173 lampades
3241 5097 3297 5145 et
3338 5089 3573 5145 laternas
3626 5087 3884 5145 habuisse
3910 5131 3928 5153 .

2328 5204 2501 5256 neque
2530 5189 2608 5242 sic
2634 5202 2756 5241 eum
2785 5184 3052 5239 invenisse
3078 5225 3091 5250 ,
3132 5181 3183 5237 id
3214 5182 3388 5237 innuit
3413 5196 3536 5237 cum
3566 5182 3677 5245 ait,
3710 5178 3778 5234 Et
3820 5180 3932 5234 Ju-

2328 5281 2421 5334 das
2450 5279 2612 5333 stabat
2636 5295 2749 5332 cum
2775 5275 2877 5330 illis
2902 5316 2916 5340 ,
2948 5276 2993 5330 is
3022 5274 3109 5343 qui
3136 5274 3343 5328 dixerat
3367 5311 3384 5337 ,
3413 5269 3529 5344 Ego
3556 5272 3692 5327 vobis
3716 5271 3926 5327 tradam

2326 5392 2461 5430 eum.
2494 5374 2691 5429 Eorum
2717 5370 2913 5441 quippe
2933 5377 3168 5424 mentem
3188 5365 3478 5422 excmcarit
3499 5407 3513 5431 .
3544 5375 3601 5420 ut
3628 5366 3926 5435 potentiam

2328 5481 2477 5521 suam
2508 5464 2855 5527 ostenderet,
2879 5471 2934 5516 et
2962 5461 3035 5515 illi
3056 5458 3328 5515 discerent
3346 5473 3408 5512 ea
3435 5472 3497 5513 se
3521 5455 3738 5528 aggredi
3763 5499 3780 5520 ,
3801 5472 3928 5527 qua

2331 5560 2442 5615 fieri
2475 5575 2579 5612 non
2611 5565 2849 5627 possent.
2897 5554 3097 5609 Deinde
3122 5552 3313 5607 audita
3350 5551 3465 5619 eius
3503 5565 3635 5607 voce
3676 5549 3929 5605 abierunt

2329 5650 2542 5723 supini,
2572 5660 2628 5706 et
2648 5648 2956 5706 ceciderunt
2984 5646 3038 5702 in
3068 5656 3289 5701 terram.
3321 5642 3511 5698 Vidisti
3550 5643 3823 5713 quomodo
3854 5658 3926 5697 ne

2329 5762 2515 5802 vocem
2536 5743 2749 5816 quidem
2779 5741 2918 5798 ferre
2950 5748 3273 5810 potuerunt,
3301 5736 3395 5792 scd
3420 5736 3671 5807 prolapsa
3700 5736 3932 5793 inﬁrmi.

2334 5852 2497 5898 tatem
2539 5854 2688 5896 suam
2730 5832 3207 5892 demonstrarunt?
3260 5827 3394 5886 \‘ide
3442 5828 3654 5885 Domini
3688 5828 3919 5886 cientes»
