4164 6324
320 385 422 448 38‘!
469 425 474 428 -

319 525 470 577 tiam.
500 521 633 588 Quia
665 537 732 576 ne
779 520 858 576 sic
887 520 1100 591 quidem
1150 521 1438 591 proditoris
1481 520 1860 592 impudentiam
1883 563 1898 587 ,

318 631 493 685 neque
525 615 790 684 ingratum
816 614 1122 670 Judreorum
1157 616 1392 670 animum
1432 615 1583 670 flexit
1613 655 1628 678 ,
1673 615 1906 684 seipsum

318 706 486 761 tradit
508 746 523 768 ,
552 716 712 775 atque
740 705 866 760 dicit
894 723 908 759 :
940 705 1163 772 Quando
1187 707 1396 760 ostendi
1423 722 1520 762 eos
1551 707 1640 761 illa
1666 705 1900 777 aggredi,

313 811 438 864 qua:
464 789 642 852 facere
672 812 778 852 non
821 805 1081 867 possent,
1131 798 1270 852 volui
1319 812 1505 853 eorum
1551 798 1906 867 comprimere

314 886 596 941 furorem:
635 897 691 941 at
737 887 814 940 illi
865 887 1052 940 nolunt
1077 928 1093 953 ,
1138 885 1232 943 sed
1275 888 1329 942 in
1372 888 1606 958 nequitia
1653 901 1906 957 perseve-

313 985 438 1031 rant
469 995 484 1030 :
513 991 640 1032 ecce
663 977 925 1046 meipsum
953 977 1126 1032 trado.

390 1067 511 1122 Non
541 1069 832 1122 necessitate
859 1068 1043 1122 bonum
1081 1084 1354 1136 operemur
1372 1109 1388 1134 ,
1411 1065 1498 1122 sed
1527 1065 1801 1122 voluntate.
1835 1098 1908 1109 ——

313 1158 444 1214 Haec
465 1158 587 1214 dico
621 1158 803 1222 vobis,
839 1173 907 1212 ne
942 1157 1176 1228 quipiam
1208 1157 1476 1214 Christum
1522 1167 1792 1224 accusent,
1820 1158 1903 1212 di-

310 1258 544 1322 cuntque
573 1268 588 1304 :
616 1251 720 1306 Cur
749 1265 852 1305 non
883 1251 1108 1305 mutavit
1129 1250 1318 1305 Judam
1335 1251 1359 1304 ’ἔ
1379 1266 1475 1306 cur
1495 1266 1602 1306 non
1629 1250 1902 1306 meliorem

312 1342 462 1397 illum
493 1341 706 1397 eliccit?
734 1343 804 1396 At
826 1341 1094 1411 quomodo
1119 1342 1354 1412 oportuit
1375 1343 1564 1398 ludam
1595 1353 1903 1412 temperan-

311 1443 419 1490 tem
453 1449 516 1489 ac
542 1435 766 1504 probum
808 1433 1062 1489 efﬁcere?
1097 1449 1165 1488 an
1195 1437 1547 1502 necessitate,
1583 1449 1651 1488 an
1681 1434 1905 1489 arbitrio

309 1526 454 1581 suo?
481 1526 535 1581 Si
567 1524 885 1580 necessitate
905 1564 920 1588 ,
950 1539 1124 1595 neque
1150 1527 1230 1581 sic
1271 1527 1463 1580 melior
1506 1527 1714 1580 futurus
1750 1535 1900 1589 erat;

310 1632 470 1671 nemo
493 1617 688 1686 quippe
724 1615 1044 1673 necessitate
1081 1617 1270 1672 melior
1295 1617 1560 1672 efficitur:
1593 1618 1637 1672 si
1672 1633 1799 1672 vero
1837 1634 1902 1672 ex

310 1703 537 1762 arbitrio
561 1716 615 1763 et
645 1709 936 1776 voluntate,
965 1710 1145 1764 omnia
1174 1709 1378 1763 induxit
1405 1724 1490 1774 ea,
1515 1725 1632 1775 qua:
1658 1719 1905 1778 poterant

307 1800 482 1868 ipsum
509 1799 574 1854 ad
611 1800 811 1870 frugem
839 1800 1117 1856 reducere.
1149 1801 1302 1868 Quod
1333 1800 1379 1855 si
1416 1799 1504 1855 ille
1537 1801 1772 1854 remedia
1801 1816 1902 1853 no-

309 1888 408 1944 luit
434 1891 698 1959 accipere,
723 1906 826 1946 non
850 1893 1110 1956 medicus,
1135 1891 1298 1946 sedis
1335 1891 1427 1960 qui
1463 1892 1784 1946 medicinam
1816 1907 1902 1945 re-

309 1981 488 2050 spuit,
530 1982 581 2034 in
625 1981 780 2050 culpa
808 1991 908 2037 est.
943 1981 1034 2036 Vis
1063 1981 1197 2036 scire
1228 1990 1425 2051 quanta
1455 1981 1639 2034 fecerit
1683 1990 1737 2034 ut
1780 1996 1901 2035 eum

309 2071 626 2126 reduceret?
655 2072 819 2126 Multa
848 2072 1103 2127 miracula
1133 2083 1190 2126 ut
1220 2073 1418 2127 faceret
1447 2071 1628 2136 dedit,
1660 2072 1905 2138 praedixit

307 2163 384 2216 illi
431 2178 494 2217 ea
520 2205 534 2228 ,
567 2178 684 2233 quae
723 2163 791 2218 ad
828 2164 1184 2232 proditionem
1215 2163 1555 2232 spectabant,
1598 2163 1731 2218 nihil
1761 2176 1905 2217 retro

307 2255 526 2323 reliquit
548 2270 756 2319 eorum,
781 2253 901 2324 quae
925 2271 1023 2325 pro
1053 2256 1313 2326 discipulo
1342 2254 1520 2311 facere
1550 2270 1647 2324 par
1675 2267 1808 2310 erat.
1838 2255 1906 2309 Et

306 2353 367 2396 ut
391 2344 566 2396 discas
594 2359 715 2398 eum
741 2385 755 2407 ,
795 2360 918 2402 cum
959 2345 1153 2399 mutari
1179 2353 1388 2415 posset,
1422 2345 1692 2409 noluisse,
1715 2343 1808 2400 sed
1840 2361 1899 2401 ex

304 2434 426 2501 ejus
453 2435 675 2502 segnitie
703 2445 869 2488 totum
912 2436 1170 2504 prodiissc
1196 2454 1208 2492 :
1241 2451 1361 2490 cum
1391 2435 1716 2506 prodidisset
1756 2451 1902 2500 eum,

209 2547 238 2561 ο
306 2535 365 2578 et
393 2524 624 2580 furorem
672 2541 824 2580 suum
860 2528 925 2580 ad
957 2528 1115 2580 linem
1157 2527 1459 2581 deduxisset
1483 2566 1499 2592 ,
1532 2526 1760 2597 Projecit
1807 2527 1900 2580 tri.

306 2617 451 2684 ginta
478 2625 736 2683 argenteos
765 2615 978 2680 dicens,
1014 2614 1226 2670 Peccavi
1251 2617 1453 2670 tradens
1493 2617 1790 2685 sanguinem
1819 2617 1904 2679 iu-

304 2713 442 2757 stum
470 2704 682 2773 (Matth.
713 2706 801 2759 27.
831 2707 918 2776 5).
951 2709 1120 2761 Antea
1157 2707 1370 2760 dicebas
1390 2748 1405 2770 ,
1438 2707 1572 2772 Quid
1603 2707 1748 2759 vultis
1779 2707 1904 2758 mihi

306 2797 467 2858 dare,
501 2808 548 2850 et
589 2813 680 2866 ego
723 2799 856 2852 vobis
895 2799 1092 2852 tradam
1122 2800 1277 2852 eum?
1303 2799 1434 2856 Cum
1473 2807 1904 2852 consummatum

308 2886 410 2940 fuit
431 2896 874 2959 peccatum,tttnc
897 2897 1180 2956 peccatum
1199 2890 1428 2961 agnovit.
1459 2889 1592 2942 Hinc
1619 2888 1907 2944 ediscimus

319 2998 420 3039 nos
444 2998 564 3036 cum
591 2986 824 3051 segniter
852 2986 1076 3053 agimus,
1103 3000 1273 3053 neque
1299 2980 1512 3036 hortatu
1536 2995 1707 3050 neque
1729 2980 1903 3034 muni-

315 3077 385 3129 tis
413 3074 586 3144 juvari
613 3092 626 3140 ;
656 3091 774 3130 cum
807 3091 932 3130 vero
977 3075 1277 3145 diligenter,
1305 3090 1333 3127 a
1380 3073 1533 3128 nobis
1577 3071 1704 3142 ipsis
1749 3085 1905 3140 posse

309 3180 615 3234 resurgere.
649 3165 845 3220 Tecum
877 3166 1018 3220 enim
1047 3174 1232 3234 reputa
1262 3181 1384 3220 eum
1405 3205 1418 3226 ,
1445 3179 1565 3218 cum
1603 3162 1906 3217 hortaretur

312 3254 603 3318 Dominus,
633 3265 682 3310 et
715 3271 744 3308 a
785 3271 947 3324 pravo
987 3256 1222 3310 facinore
1255 3257 1583 3322 deterreret,
1615 3270 1721 3308 non
1756 3254 1906 3307 audi-

307 3345 455 3400 visse
481 3360 581 3400 nec
608 3345 954 3401 admonitioni
995 3346 1434 3414 obtemperasse;
1465 3362 1585 3399 cum
1615 3360 1743 3400 vero
1783 3344 1905 3399 nul-

313 3434 398 3487 lus
424 3435 773 3499 admoneret,
801 3451 864 3490 ex
898 3435 1107 3505 propria
1150 3436 1475 3490 conscientia
1505 3435 1822 3499 surrexisse,
1851 3442 1907 3488 et

313 3526 528 3579 nemine
573 3527 796 3580 docente
837 3536 1091 3581 mutatum
1123 3542 1242 3581 esse
1269 3569 1281 3592 ,
1315 3535 1686 3595 trecentosque
1716 3542 1906 3594 argen-

312 3626 431 3671 teos
460 3618 766 3686 projecisse.
794 3617 1201 3683 Constituerunt,
1235 3619 1434 3689 inquit,
1467 3620 1542 3672 illi
1574 3619 1784 3689 triginta
1819 3635 1904 3670 ar-

311 3718 514 3776 genteos
549 3707 758 3778 (Matth.
786 3708 877 3761 9.6.
917 3709 1023 3777 15).
1053 3709 1286 3762 Pretium
1325 3709 1597 3778 sanguinis
1638 3708 1902 3777 deposue-

312 3802 440 3853 runt
466 3800 611 3853 nullo
629 3801 798 3868 prctio
820 3798 1140 3852 aestimandi.
1154 3799 1261 3852 Cur
1277 3800 1473 3868 accipis
1492 3800 1700 3868 triginta
1716 3815 1903 3868 argen-

312 3900 452 3954 teos,
468 3905 500 3942 o
518 3889 652 3944 Juda
668 3891 690 3942 ἲ
708 3890 884 3944 Gratis
904 3894 1050 3943 venit
1065 3890 1306 3943 Christus
1333 3905 1429 3959 pro
1448 3892 1576 3945 orbe
1596 3893 1904 3959 sanguinem

309 3981 595 4045 el'l'usurus,
613 3997 706 4050 pro
721 3997 826 4048 quo
841 3991 893 4034 tu
918 3998 1054 4034 nunc
1079 3991 1227 4048 pacta
1244 3983 1452 4036 statuis.
1469 3983 1604 4050 Quid
1627 3984 1907 4053 impuden-

313 4073 417 4124 tius
440 4070 538 4124 hac
554 4071 927 4124 conventione?
950 4072 1064 4139 quis
1089 4072 1238 4136 vidit,
1258 4072 1378 4139 quis
1395 4071 1596 4126 audivit
1623 4070 1907 4140 nunquam?

388 4163 439 4215 4.
483 4161 587 4216 Sed
619 4172 672 4215 tit
711 4163 978 4216 discamus
1005 4165 1142 4232 quod
1173 4165 1241 4217 sit
1267 4165 1553 4218 discrimen
1578 4165 1903 4232 proditorem

315 4252 456 4306 inter
480 4263 533 4306 et
561 4251 868 4322 discipulos,
900 4253 1180 4307 audiamus
1211 4272 1222 4305 :
1256 4255 1434 4307 omnia
1461 4255 1656 4324 quippe
1684 4254 1907 4323 diligen-

313 4353 397 4398 ter
427 4343 579 4396 nohis
607 4353 820 4398 enarrat
849 4345 1193 4413 evangelista.
1225 4345 1358 4399 Cum
1407 4345 1522 4400 lucc
1560 4346 1777 4409 tierent,
1827 4347 1905 4400 in-

311 4435 464 4502 quit;
497 4448 617 4486 cum
647 4433 876 4502 proditio
915 4435 1264 4503 procederet,
1299 4450 1420 4489 cum
1465 4435 1628 4490 Judas
1673 4437 1905 4504 seipsum

313 4521 566 4592 perdidit,
599 4539 720 4578 cum
750 4525 925 4592 iniqua
966 4526 1051 4579 illa
1078 4536 1226 4592 pacta
1260 4526 1412 4589 fecit,
1453 4541 1573 4578 cum
1605 4536 1870 4595 quaereret
1891 4567 1906 4592 ,

317 4616 508 4685 inquit,
533 4616 1004 4684 opportunitatem,
1034 4627 1090 4670 ut
1117 4633 1236 4671 eum
1266 4617 1500 4671 traderet
1526 4635 1539 4670 :
1569 4617 1708 4671 Tunc
1742 4635 1907 4672 acces-

307 4719 480 4762 serunt
509 4707 750 4775 discipuli
777 4709 886 4778 ejus
915 4708 1130 4761 dicentes
1155 4725 1166 4760 :
1193 4709 1214 4761 Ι
1222 4710 1231 4748 ἶ
1241 4711 1288 4760 bi
1307 4710 1379 4762 vis
1407 4726 1641 4778 paremus
1659 4710 1745 4761 tibi
1765 4726 1905 4761 com-

311 4800 458 4852 edere
514 4797 721 4852 Pascha
761 4799 993 4869 (Matth.
1029 4800 1118 4852 ‘26.
1178 4800 1302 4866 l7}?
1344 4800 1531 4852 Vidisti
1576 4799 1865 4866 discipulos
1890 4841 1903 4862 ,

312 4889 490 4941 vidisti
519 4889 831 4956 discipulum
855 4890 877 4942 ἲ
905 4888 1001 4942 Ille
1035 4890 1426 4956 proditionem,
1457 4888 1510 4941 hi
1550 4889 1903 4942 ministerium

310 4979 574 5033 curabant
599 4998 613 5033 :
645 4981 732 5035 ille
762 4991 908 5049 pacta
941 4981 1104 5034 inibat
1125 4990 1178 5035 et
1205 4979 1463 5036 Dominici
1489 4981 1760 5049 sanguinis
1785 4996 1906 5049 pre-

311 5069 442 5123 tium
468 5071 709 5139 accipere
736 5073 1036 5141 satagebat,
1069 5073 1120 5125 hi
1167 5072 1229 5123 ad
1263 5073 1573 5125 famulatum
1605 5087 1662 5124 se
1701 5088 1906 5140 praepa-

310 5168 452 5212 rant.
477 5159 543 5212 Et
566 5158 651 5213 hic
678 5167 730 5213 et
761 5161 830 5214 illi
858 5160 1046 5214 iisdem
1073 5161 1343 5214 miraculis
1374 5162 1696 5225 elarueranl,
1717 5163 1904 5214 eadem

311 5248 552 5303 doctrina
585 5250 768 5303 imbuti
799 5262 950 5306 erant
980 5270 992 5313 ;
1022 5251 1289 5305 undenam
1321 5267 1450 5320 ergo
1473 5251 1801 5305 discrimen?
1829 5254 1904 5305 Ex

312 5342 601 5396 voluntate.
633 5341 760 5397 Haec
801 5353 854 5397 et
895 5343 1154 5397 malorum
1195 5354 1250 5396 et
1294 5343 1554 5396 bonorum
1599 5358 1757 5396 causa
1803 5355 1906 5398 est,

313 5423 544 5504 Vespera
595 5435 682 5489 illa
731 5445 848 5489 erat
883 5451 1005 5489 cum
1033 5435 1274 5502 discipuli
1329 5436 1443 5488 lucc
1487 5433 1746 5489 dicerent.
1770 5435 1905 5501 Quid

316 5523 447 5577 illud
476 5532 576 5587 est,
609 5523 704 5577 Ubi
727 5527 798 5577 vis
827 5542 1061 5592 paremus
1088 5526 1174 5577 tibi
1200 5526 1455 5578 comedere
1481 5525 1684 5577 Pascha
1712 5528 1732 5578 ?
1776 5526 1908 5577 llinr.

314 5616 602 5671 ediscimus
627 5631 732 5671 non
762 5627 957 5672 statum
981 5620 1303 5673 domicilium
1337 5619 1585 5673 habuisse
1611 5618 1904 5673 Christum.

313 5707 547 5760 Audiant
609 5709 697 5776 qui
753 5711 1054 5778 splendidas
1100 5721 1411 5765 construant
1461 5712 1904 5777 domos.ampla-

308 5814 408 5864 quc
462 5810 609 5868 septa
638 5843 651 5866 ,
681 5803 818 5870 quod
858 5801 1025 5859 ["tlius
1056 5803 1282 5856 hominis
1317 5819 1418 5854 non
1468 5805 1649 5854 haheat
1687 5802 1772 5858 ubi
1807 5821 1894 5854 cu-

1361 393 1446 449 liF.
1491 393 1898 449 iilOiilTiONE
1936 391 2151 450 JUILE.
2199 395 2428 452 HOMIL.
2475 398 2536 453 ll.

2019 511 2110 571 put
2163 520 2318 560 suum
2372 506 2594 561 reclinet
2624 506 2793 561 (idet!
2820 508 3002 564 dicunt
3045 510 3094 566 ei
3140 509 3384 582 discipuli
3439 533 3450 568 :
3506 517 3607 571 Ubi

2012 597 2084 650 vis
2136 613 2368 666 paremus
2419 597 2509 651 tibi
2556 599 2815 653 comedere
2868 598 3068 654 Pascha
3088 603 3116 656 .’
3162 603 3314 678 Quod
3364 603 3606 661 Pascha?

2011 686 2331 756 Iudaicum,
2389 689 2530 760 quod
2584 691 2634 745 in
2684 690 2914 763 rEgypto
2980 692 3186 750 initinnt
3243 708 3544 766 sumpserat
3589 716 3602 750 :

2014 793 2135 832 nam
2181 779 2291 835 illic
2339 779 2489 835 initio
2539 771 3077 838 celebrarunt'illud.
3099 783 3277 855 Ecqua
3328 787 3395 840 de
3445 801 3606 844 causa

2013 867 2138 922 illud
2160 868 2402 926 Christus
2427 871 2701 927 celebrat?
2731 873 2796 929 Ut
2823 875 2999 929 omnia
3027 876 3211 946 legalia
3241 879 3502 948 implevit,
3529 885 3610 936 sic

2011 966 2068 1013 et
2109 958 2269 1013 istud.
2297 959 2419 1015 Ideo
2447 961 2636 1023 Joanni
2675 963 2885 1019 dicebat
2916 983 2928 1019 :
2963 963 3053 1021 Sic
3095 983 3187 1022 nos
3215 968 3355 1023 decet
3396 971 3606 1032 itnplere

1957 1061 1966 1065 '
2011 1065 2207 1103 omnem
2228 1052 2482 1122 justitiam
2509 1055 2528 1127 (
2555 1052 2742 1108 Matth.
2767 1056 2820 1112 5.
2853 1057 2920 1113 15
2940 1056 2982 1126 ).
3010 1057 3124 1113 Non
3155 1069 3394 1116 nostrum
3425 1062 3602 1132 igitur.

2010 1141 2106 1195 sed
2135 1140 2412 1199 Iudaicum
2443 1145 2647 1201 Pascha
2678 1163 2870 1218 parare
2896 1149 3147 1206 volebant.
3173 1152 3436 1223 discipuli.
3468 1153 3603 1210 Nam

2011 1231 2138 1287 illud
2166 1232 2411 1304 discipuli
2457 1248 2748 1306 pararunt,
2780 1254 3024 1296 nosuum
3071 1258 3200 1300 vero
3239 1243 3444 1300 Pascha
3489 1237 3613 1317 ipse

2010 1327 2346 1394 praeparavit,
2377 1327 2486 1383 imo
2515 1329 2630 1399 ipse
2655 1331 2858 1386 Pascha
2890 1348 2984 1403 per
3011 1337 3371 1392 venerandam
3402 1341 3606 1408 passio.

2010 1430 2132 1468 nem
2158 1431 2308 1471 suam
2339 1417 2557 1474 effectus
2584 1431 2687 1476 est.
2715 1421 2823 1476 Cur
2859 1439 2988 1494 ergo
3015 1426 3080 1479 ad
3109 1429 3411 1497 passionem
3442 1445 3602 1486 acce-

2009 1505 2128 1560 dit?
2161 1505 2227 1562 Ut
2254 1525 2352 1563 nos
2380 1511 2661 1566 redimeret
2693 1528 2723 1566 a
2752 1515 3036 1570 maledicto
3067 1518 3217 1587 legis.
3245 1518 3605 1585 Quamobrem

2012 1596 2206 1652 Paulus
2225 1599 2485 1655 clamabat
2513 1621 2525 1654 ;
2558 1601 2700 1658 Misit
2740 1604 2879 1659 Deus
2907 1605 3099 1660 Filium
3128 1626 3296 1671 suum,
3327 1613 3520 1681 factum
3544 1629 3607 1665 ex

2010 1689 2238 1754 muliere,
2271 1692 2460 1759 factum
2486 1693 2578 1747 sub
2608 1693 2734 1764 lege,
2768 1705 2822 1748 ut
2849 1713 2933 1751 eos
2958 1699 3042 1767 qui
3071 1701 3163 1752 sub
3202 1702 3307 1768 lege
3341 1711 3484 1754 erant
3522 1719 3604 1754 re-

2011 1779 2216 1832 dimeret
2246 1778 2440 1850 (Galat.
2469 1783 2521 1837 4.
2552 1785 2604 1839 4.
2633 1785 2710 1853 5).
2742 1785 2817 1841 Ne
2838 1787 2956 1856 quis
2984 1805 3109 1859 ergo
3135 1788 3360 1856 diceret,
3391 1791 3512 1846 ideo
3539 1792 3604 1845 il-

2012 1869 2114 1922 lam
2143 1871 2428 1940 abrogasse
2453 1913 2468 1938 ,
2500 1876 2622 1944 quia
2655 1876 2803 1931 illam
2840 1877 3063 1945 implere
3103 1895 3208 1933 non
3241 1890 3487 1948 poterat,
3523 1891 3607 1935 ut-

2013 1970 2135 2029 pote
2162 1975 2401 2030 gravem,
2435 1980 2718 2020 onerosam
2745 1976 2800 2023 et
2826 1966 3134 2032 difficilem;
3163 1969 3284 2024 ideo
3310 1985 3430 2025 cum
3460 1971 3604 2025 illam

2011 2059 2172 2105 totam
2225 2053 2586 2123 intplcvissct,
2623 2067 2746 2112 tunc
2788 2060 2953 2127 ipsam
2984 2061 3161 2113 solvit.
3194 2060 3396 2115 Idcircti
3426 2070 3479 2116 ct
3510 2063 3605 2115 Pa-

2010 2145 2136 2196 scha
2170 2144 2294 2198 fecit
2323 2165 2333 2198 :
2367 2147 2494 2216 legis
2523 2151 2663 2204 enim
2712 2151 3020 2206 mandatum
3070 2153 3198 2220 ipsis
3232 2163 3347 2207 erat
3389 2155 3606 2208 l'asclnc

2010 2237 2341 2291 solemnitas.
2362 2239 2516 2294 Audi.
2544 2240 2734 2310 lngrati
2757 2257 2881 2312 erga
2910 2242 3208 2298 beneﬁcum
3234 2254 3384 2298 erant
3411 2245 3602 2307 Jud.ei.

2010 2327 2302 2396 statimque
2342 2331 2562 2385 benefici
2590 2334 3059 2389 obliviscebautur.
3094 2336 3256 2406 quue
3285 2346 3341 2391 ut
3359 2349 3607 2393 accurate

2010 2415 2184 2471 discas
2214 2435 2226 2468 :
2261 2420 2460 2488 egressi
2493 2431 2618 2475 sunt
2646 2437 2711 2477 ex
2727 2419 3416 2491 {Egypto,mareRubrum
3438 2435 3615 2481 trans-

2007 2507 2222 2575 ierunt,
2259 2511 2438 2583 ipsum
2490 2512 2737 2566 viderunt
2790 2512 3014 2566 scissum
3040 2551 3054 2574 ,
3099 2527 3388 2581 rursusque
3430 2514 3605 2567 coale-

2010 2613 2166 2652 scens
2210 2620 2220 2651 :
2259 2617 2357 2654 nec
2409 2602 2573 2656 multo
2612 2604 2795 2670 elapso
2842 2612 3082 2672 tempore
3130 2602 3313 2657 dicunt
3362 2603 3604 2656 Aaroni:

2011 2692 2119 2744 Fac
2149 2694 2290 2746 nobis
2322 2694 2462 2758 deos,
2493 2695 2579 2763 qui
2607 2694 2896 2763 praecedant
2919 2711 3010 2748 nos
3039 2694 3234 2763 (Exod.
3261 2695 3349 2748 5‘2.
3371 2695 3444 2754 l).
3469 2695 3606 2760 Quid

2009 2781 2168 2845 dicis,
2206 2784 2409 2852 ingrate
2446 2784 2678 2839 Judaae?
2708 2795 2784 2839 tot
2813 2787 3000 2840 taliave
3031 2787 3281 2840 miracula
3317 2786 3522 2845 vidisti,
3557 2796 3609 2838 et

2009 2875 2203 2929 ob‘itus
2225 2891 2283 2929 es
2313 2878 2428 2942 Dei,
2447 2879 2536 2947 qui
2560 2887 2612 2933 te
2636 2879 2821 2943 nutrit,
2843 2894 3017 2948 neque
3041 2879 3265 2932 benefici
3285 2880 3608 2933 mentionem

2015 2964 2184 3018 facis?
2209 2965 2339 3031 Quia
2374 2968 2535 3037 igitur
2564 2969 3018 3023 obliviscebantur
3044 2968 3422 3022 beneficiorum
3453 2968 3568 3035 ejus
3593 3008 3610 3032 ,

2011 3056 2354 3111 festivitatum
2379 3070 2693 3128 argumento
2710 3060 2852 3114 Deus
2867 3059 3127 3113 donorum
3146 3057 3612 3112 commemoratio-

2011 3163 2132 3202 nem
2164 3147 2469 3216 adstrinxit,
2491 3159 2548 3203 ut
2578 3151 2742 3204 velint
2770 3149 2940 3202 nolint
2967 3159 3272 3202 manentem
3297 3147 3610 3202 memoriam

2012 3239 2259 3294 habeant.
2296 3241 2363 3295 Et
2393 3242 2463 3296 illi
2494 3243 2707 3310 quidem
2749 3243 2824 3296 sic
2860 3261 2871 3293 :
2905 3241 3109 3311 quare?
3144 3240 3210 3296 Ut
3236 3258 3350 3294 cum
3391 3242 3612 3293 interrov

2009 3333 2200 3403 gaverit
2232 3343 2276 3386 te
2304 3335 2444 3400 [ilius
2475 3342 2588 3385 tuus
2609 3375 2623 3398 ,
2647 3334 2782 3400 Quid
2814 3344 2897 3388 est
2940 3333 3079 3386 hoc?
3106 3332 3251 3386 diCaS
3281 3349 3293 3384 :
3328 3332 3459 3399 Quia
3491 3333 3617 3400 agni

2011 3425 2168 3492 hujus
2208 3425 2463 3492 sanguine
2499 3425 2778 3493 januarum
2818 3425 2996 3477 limina
3030 3433 3322 3484 unxerunt,
3357 3432 3612 3477 mortem-

2010 3529 2123 3584 que‘
2183 3515 2516 3585 effugerunt,
2572 3532 2730 3584 quam
2782 3525 3018 3570 vastator
3074 3517 3295 3584 angelus
3346 3514 3616 3584 Egyptiis

2011 3607 2260 3660 omnibus
2305 3605 2483 3659 intulit
2523 3620 2536 3657 :
2585 3616 2908 3676 propterque
2955 3605 3094 3658 hunc
3146 3606 3457 3674 sanguinem
3508 3620 3613 3668 non

2011 3700 2181 3769 potuit
2223 3700 2426 3753 irruere
2457 3708 2511 3752 et
2551 3699 2754 3767 plagam
2806 3698 3062 3767 inﬂigere.
3095 3697 3171 3750 llli
3219 3698 3397 3766 itaque
3427 3696 3573 3753 inuiti
3599 3739 3613 3757 ,

2012 3789 2100 3842 hic
2148 3805 2276 3843 vero
2317 3790 2504 3843 lubens
2551 3788 2795 3843 Christus
2845 3790 3167 3842 immolatur.
3205 3788 3427 3870 Quare?
3479 3789 3613 3854 Quia

2012 3874 2139 3933 illud
2167 3891 2277 3933 erat
2298 3880 2460 3948 figura
2484 3880 2776 3947 spiritualis
2793 3880 3086 3933 Paschatis.
3113 3878 3177 3933 Ut
3204 3880 3253 3932 i.l
3273 3894 3397 3931 vero
3418 3878 3612 3939 discas.

2014 3973 2133 4026 vide
2155 3982 2349 4041 quanta
2369 3973 2439 4025 sit
2467 3971 2921 4041 afﬁnitas.Agnus
2951 3980 3001 4024 ct
3020 3985 3224 4040 agnus;
3251 3969 3342 4022 sed
3369 3971 3454 4022 ille
3485 3970 3614 4021 irra—

2015 4064 2244 4128 tionalis,
2277 4064 2361 4118 hic
2389 4063 2661 4118 rationalis
2688 4082 2700 4116 :
2732 4065 2846 4118 ovis
2871 4071 2924 4117 et
2950 4063 3085 4126 ovis,
3107 4062 3296 4115 umbra
3312 4071 3365 4115 et
3386 4061 3577 4114 veritas
3600 4077 3613 4124 ;

2014 4155 2107 4209 sed
2135 4157 2373 4223 apparuit
2407 4156 2497 4210 Sol
2522 4156 2741 4225 justitire
2761 4196 2776 4222 ,
2805 4166 2858 4208 et
2886 4155 3073 4208 umbra
3100 4154 3328 4208 cessavit
3359 4171 3372 4206 :
3403 4153 3618 4209 lucente

2015 4264 2243 4317 namque
2282 4250 2427 4312 sole,
2460 4247 2669 4317 fugatur
2717 4249 2923 4302 umbra.
2957 4246 3189 4316 ideoque
3242 4262 3412 4316 agnus
3455 4247 3614 4300 etiam

2014 4341 2067 4393 in
2119 4356 2303 4395 mensa
2353 4342 2681 4411 mystica,nt
2708 4342 2966 4408 sanguine
3012 4339 3151 4394 illius
3194 4340 3615 4394 sanctilicemur.

2016 4433 2370 4498 Quamobrem
2399 4432 2688 4486 accedente
2718 4433 2862 4492 sole,
2897 4432 3112 4484 lucerna
3154 4446 3259 4485 non
3290 4432 3426 4485 ultra
3454 4447 3617 4501 appa-

2015 4535 2131 4576 reat
2155 4543 2165 4576 :
2190 4539 2313 4578 nam
2338 4539 2455 4592 quae
2473 4531 2582 4576 tum
2614 4523 2748 4576 facta
2772 4532 2898 4576 sunt
2917 4522 3097 4591 figurre
3122 4532 3275 4576 erant
3293 4524 3612 4576 futurorum.

2090 4613 2145 4668 5.
2171 4616 2358 4667 Contra
2381 4612 2613 4668 Iudaeos.
2655 4613 2778 4667 Vide
2807 4615 2857 4667 in
2893 4612 3132 4666 Homiliis
3177 4625 3354 4667 contra
3390 4614 3615 4679 eosdem,

2021 4703 2082 4755 Τ.
2117 4704 2165 4756 l.
2193 4732 2266 4744 --
2311 4704 2438 4758 llzec
2485 4703 2687 4758 Judaeis
2731 4703 2888 4768 dico,
2935 4720 3004 4759 ne
3049 4704 3255 4773 seipsos
3285 4704 3616 4773 decipientes

2018 4805 2204 4864 putent
2245 4812 2303 4851 se
2331 4798 2533 4850 Pascha
2565 4797 2839 4851 celebrare
2871 4814 2885 4860 ;
2917 4799 3039 4866 quia
3069 4795 3364 4864 impudenti
3393 4796 3617 4850 consilio

2016 4905 2200 4958 azyma
2228 4892 2474 4956 accipere
2507 4898 2828 4957 praevertunt
2850 4931 2864 4952 ,
2895 4899 2947 4942 et
2981 4889 3171 4942 festum
3202 4889 3497 4955 objiciunt,
3527 4890 3618 4956 qui

2018 4991 2230 5047 semper
2279 4979 2630 5032 incircumcisi
2664 4988 2789 5032 sunt
2816 4978 3010 5042 corde,
3043 4987 3095 5032 et
3123 4979 3342 5032 auribus
3384 4979 3617 5047 graviter

2014 5051 2252 5125 audiunt.
2276 5072 2578 5138 Quomodo,
2601 5086 2801 5139 quaeso,
2837 5071 3036 5124 Pascha
3064 5070 3324 5133 celebras,
3350 5088 3382 5123 ο
3399 5071 3618 5125 iudice?

2016 5160 2297 5229 Templum
2329 5161 2442 5214 solo
2473 5173 2737 5229 mquatum
2767 5170 2870 5225 est,
2902 5162 3069 5214 altare
3097 5161 3401 5224 sublatum,
3431 5171 3614 5214 sancta

2015 5262 2318 5306 sanctorum
2368 5243 2709 5314 conculcata,
2761 5268 2922 5303 omne
2967 5251 3288 5304 saerilieium
3339 5251 3610 5304 solutum:

2015 5359 2110 5398 cur
2141 5360 2268 5412 ergo
2302 5345 2636 5411 praevaricari
2666 5344 2868 5397 audes?
2898 5344 3088 5397 Ahiisti
3120 5344 3406 5413 aliquando
3440 5346 3612 5415 Baby-

2019 5435 2193 5488 lonem
2219 5477 2229 5496 ,
2266 5435 2458 5488 audisti
2490 5451 2583 5489 eos
2612 5437 2702 5502 qui
2737 5438 2980 5503 captivos
3010 5436 3275 5489 duxerant
3303 5451 3397 5489 vos
3427 5436 3612 5490 dicen-

2016 5535 2095 5578 tes
2119 5568 2130 5588 ,
2176 5527 2388 5578 Caritate
2418 5527 2557 5578 nobis
2601 5527 2848 5579 canticum
2903 5526 3105 5578 Domini
3148 5527 3165 5595 (
3196 5525 3338 5579 Psal.
3366 5528 3488 5580 1⁵56.
3519 5528 3551 5577 5
3575 5533 3611 5590 ξ),

2015 5627 2068 5671 et
2118 5635 2219 5670 non
2275 5619 2457 5671 tulisti.
2513 5617 2580 5671 Et
2627 5634 2722 5672 cur
2772 5629 2921 5671 extra
2971 5619 3357 5686 Jcrosolytnam
3408 5617 3610 5671 Pascha

2013 5710 2286 5768 celebras,
2335 5712 2419 5774 qui
2465 5710 2663 5774 dixisti,
2711 5711 2973 5776 Quomodo
3016 5711 3329 5763 cantabimus
3358 5710 3610 5761 canticum

2020 5801 2221 5855 Domi-2i
2257 5804 2305 5853 in
2337 5817 2466 5856 terra
2496 5805 2658 5857 alich
2691 5803 2846 5871 :‘ll'id.
2882 5820 2924 5856 τ’.
2956 5804 3061 5870 Ii)?
3095 5805 3150 5856 lit
3185 5804 3296 5856 lucc.
3330 5805 3606 5857 declaratis
