4164 6324
609 389 715 445 369

599 1069 645 1105 r.
678 1053 765 1124 5).
816 1054 883 1108 Et
923 1054 1157 1111 diximus
1198 1075 1211 1110 :

592 1417 725 1470 Cmn
753 1417 978 1473 aderant
1008 1421 1204 1476 inimici
1235 1422 1322 1491 qui
1361 1430 1647 1491 cogerent,
1684 1438 1748 1477 ne
1775 1422 2034 1493 psalmum
2060 1422 2174 1491 qui-

590 1508 713 1563 dem
761 1511 986 1567 recitare
1013 1514 1261 1581 volebant
1303 1514 1353 1567 in
1400 1522 1541 1568 terra
1582 1516 1749 1570 aliena
1782 1532 1794 1568 :
1822 1527 1875 1570 et
1915 1531 2052 1570 nunc
2078 1530 2172 1571 sua

589 1608 811 1668 sponte,
843 1604 1053 1657 nemine
1077 1616 1302 1674 cogente
1323 1645 1337 1667 ,
1376 1604 1573 1659 bellum
1605 1604 1837 1659 inferunt
1868 1606 1992 1661 Deo.
2033 1606 2174 1673 Qua-

590 1699 807 1760 propter
852 1691 1039 1747 beatus
1078 1693 1379 1763 Stephanus
1419 1695 1629 1750 dicebat
1670 1697 1813 1749 illis:
1852 1694 1951 1750 Vos
1980 1714 2173 1767 semper

589 1782 814 1850 Spiritui
847 1793 1023 1838 sancto
1059 1786 1287 1840 resistitis
1310 1786 1447 1855 (Act.
1474 1787 1525 1839 7.
1549 1784 1662 1856 5|).
1692 1785 1851 1842 Vides
1879 1803 2035 1857 quam
2066 1789 2170 1843 im-

588 1889 715 1939 pura
746 1872 853 1928 sint
886 1890 1068 1945 azyma
1092 1917 1107 1941 ,
1154 1892 1311 1944 quam
1344 1878 1577 1947 iniquum
1604 1876 1906 1931 Juda‘orum
1937 1876 2171 1931 l’estmn?

584 1960 714 2018 Erat
742 1964 869 2019 olim
898 1966 1101 2021 Pascha
1131 1968 1429 2034 Iudaicum,
1469 1969 1560 2023 sed
1589 1970 1820 2023 solutum
1853 1979 1953 2025 est.
1995 1969 2166 2034 Tunc,

583 2055 778 2124 inquit,
807 2056 977 2122 Jesus,
1009 2059 1425 2113 manducantibus
1454 2058 1559 2113 illis
1583 2069 1637 2113 et
1662 2059 1963 2114 bibentibus
1987 2102 2001 2123 ,
2029 2061 2165 2114 acci-

582 2150 723 2217 piens
752 2166 931 2219 panem
980 2151 1032 2204 in
1064 2160 1275 2205 sanctas
1315 2160 1368 2205 et
1402 2151 1747 2205 intemeratas
1791 2165 1982 2204 manus
2017 2166 2161 2217 snas,

578 2243 769 2312 gratias
796 2259 947 2312 agens
977 2244 1125 2314 fregit
1146 2285 1160 2308 ,
1193 2244 1415 2312 dixitque
1457 2243 1719 2312 discipulis
1762 2243 1867 2296 suis
1896 2259 1914 2295 :
1942 2242 2165 2313 Accipite

577 2342 623 2385 et
654 2331 952 2385 manducate
978 2348 997 2385 :
1022 2332 1118 2386 hoc
1145 2342 1217 2386 est
1248 2348 1428 2401 corpus
1458 2348 1620 2384 meum
1660 2330 1883 2401 (Matth.
1908 2330 2000 2386 26.
2030 2331 2099 2385 26
2121 2335 2159 2402 ),

579 2423 720 2491 quod
754 2439 849 2491 pro
889 2423 1041 2478 vobis
1082 2433 1136 2478 et
1176 2424 1355 2478 multis
1398 2422 1654 2492 frangitur
1697 2422 1750 2476 in
1794 2423 2159 2477 remissiOnem

572 2523 937 2584 peccatorum.
986 2515 1052 2568 Et
1094 2516 1299 2569 calicem
1345 2530 1556 2569 rursum
1601 2514 1889 2584 accipiens,
1922 2512 2057 2567 dedit
2090 2515 2162 2568 eis

571 2607 745 2661 dicens
773 2623 792 2661 :
823 2607 920 2660 llic
951 2618 1022 2661 est
1050 2609 1256 2677 sanguis
1294 2624 1432 2661 mens
1473 2608 1557 2677 qui
1588 2624 1680 2677 pro
1720 2607 1857 2661 vobis
1883 2606 2161 2673 effunditur

570 2701 623 2750 in
645 2699 983 2752 remissionem
1013 2710 1330 2768 peccatorum
1354 2697 1405 2770 (1
1412 2698 1514 2751 bid.
1536 2714 1582 2752 υ.
1602 2698 1692 2751 27.
1711 2696 1825 2769 28).
1858 2698 2159 2767 Aderatque

567 2790 733 2845 ludas
755 2831 770 2857 ,
815 2808 934 2846 cum
965 2792 1080 2846 ha‘c
1119 2794 1319 2847 diceret
1351 2792 1625 2847 Dominus.
1669 2790 1768 2846 llic
1808 2801 1888 2845 est
1919 2792 2154 2861 sanguis,

568 2897 603 2936 ο
630 2880 764 2937 Juda
788 2924 801 2946 ,
848 2898 1004 2952 quem
1033 2883 1315 2937 vendidisti
1362 2884 1573 2952 triginta
1615 2883 1881 2952 argenteis
1913 2897 1926 2933 :
1957 2882 2043 2937 hic
2074 2893 2157 2937 est

566 2974 807 3043 sanguis,
838 2989 935 3044 pro
967 2991 1074 3044 quo
1101 2990 1269 3044 nuper
1293 2974 1630 3046 impudentia
1654 2982 1801 3051 pacta
1831 2981 2001 3036 inibas
2030 2997 2151 3037 cum

565 3062 821 3131 improbis
845 3063 1149 3123 Pharistcis.
1174 3062 1220 3123 Ο
1247 3078 1497 3138 quantam
1518 3069 1711 3123 Christi
1739 3070 2146 3139 benignitatem!

564 3172 599 3208 o
638 3155 899 3227 ingratum
940 3159 1089 3215 Juda:
1129 3160 1403 3214 animum!
1450 3160 1705 3215 Dominus
1748 3160 2048 3228 nutriebat,
2096 3169 2153 3216 et

563 3266 753 3304 servus
781 3251 1061 3306 vendebat.
1110 3251 1203 3306 Ille
1232 3266 1459 3320 namque
1488 3249 1725 3305 vendidit
1758 3266 1880 3306 eum
1918 3251 2152 3319 acceptis

564 3342 778 3411 triginta
821 3342 1131 3413 argenteis;
1176 3339 1421 3394 Christus
1460 3354 1589 3393 vero
1636 3338 1686 3392 in
1729 3339 2148 3408 redemptionem

562 3444 797 3486 nostrain
844 3432 1115 3502 proprium
1165 3431 1474 3501 sanguinem
1523 3429 1746 3495 elfudit,
1792 3439 1846 3483 ct
1886 3428 2148 3485 venditori

562 3524 808 3591 tradidit,
838 3525 1102 3596 siquidem
1134 3524 1406 3580 voluisset.
1441 3522 1639 3578 Aderat
1667 3524 1809 3578 enim
1836 3521 2000 3577 Judas
2022 3533 2147 3578 ante

561 3615 936 3699 pqoditionem,
960 3625 1013 3670 et
1034 3630 1199 3671 sacra:
1227 3629 1424 3670 mensze
1451 3615 1715 3684 particeps
1735 3622 1869 3678 erat,
1897 3613 2145 3684 mystica-

559 3722 666 3776 que
693 3721 845 3762 cmna
876 3705 1170 3761 fruebatur.
1208 3705 1666 3771 Quemadmodum
1695 3705 1836 3759 enim
1864 3703 2028 3773 pedes
2056 3703 2138 3757 di-

559 3796 888 3865 scipulorum
918 3796 1045 3851 lavit
1078 3796 1353 3862 Dominus,
1382 3796 1461 3850 sic
1486 3805 1539 3849 et
1563 3810 1729 3849 sacra)
1758 3809 1958 3849 mensa:
1983 3794 2142 3863 parti-

558 3903 691 3956 ceps
719 3888 813 3942 fuit
834 3886 1031 3951 Iudas;
1063 3897 1118 3941 ut
1142 3888 1335 3942 nultam
1366 3886 1587 3941 haberet
1609 3886 2025 3951 estationcm,
2048 3885 2142 3940 sed

555 3978 809 4048 judicium
840 3978 1124 4046 acciperet.
1170 3977 1300 4032 Nam
1338 3978 1390 4030 in
1422 3992 1581 4045 prava
1608 3976 1868 4030 sententia
1899 3991 2143 4045 perseve—

558 4073 744 4134 rabat,
784 4081 838 4125 et
888 4086 1172 4141 egressus,
1215 4070 1384 4125 osculi
1431 4070 1549 4123 loco
1593 4069 1947 4138 proditionem
1997 4068 2140 4131 fecit,

561 4164 844 4216 immemor
869 4161 1268 4215 beneficiorum.
1292 4164 1369 4215 Ac
1397 4169 1518 4227 post
1546 4159 1897 4227 proditionem
1922 4158 2144 4226 projecit

562 4254 774 4323 triginta
803 4261 1084 4322 argenteos
1110 4252 1294 4306 dicens
1327 4273 1340 4303 :
1374 4249 1585 4303 Peccavi
1612 4248 1818 4302 tradens
1846 4249 2140 4318 sanguinem

560 4345 870 4397 innocentem
901 4342 1115 4415 (Matth.
1142 4341 1234 4396 27.
1261 4342 1338 4411 3).
1370 4339 1416 4395 Ο
1443 4340 1732 4394 οποὶιειιεηι
1758 4339 1775 4393 ἓ
1818 4354 1986 4393 ruma:
2017 4354 2140 4406 par-

560 4433 727 4504 ticeps
769 4431 948 4498 luisti,
991 4440 1045 4485 et
1086 4430 1379 4485 beneﬁcum
1431 4427 1755 4499 prodidisti?
1795 4428 1861 4482 Et
1888 4428 2141 4482 Dominus

560 4523 775 4593 quidem
823 4522 963 4593 quod
1018 4523 1274 4593 scriptum
1317 4531 1432 4574 erat
1482 4519 1651 4575 libens
1702 4520 2000 4588 implebat:
2056 4519 2141 4573 Vw

558 4627 733 4669 etatem
753 4616 831 4669 illi
856 4632 944 4684 per
967 4630 1115 4685 quem
1140 4613 1436 4667 scandalum
1466 4610 1597 4664 venit
1622 4611 1951 4683 (Matt/1.18.
1977 4618 2064 4681 7)!

630 4708 682 4763 6.
710 4704 836 4760 lla’c
862 4706 1029 4771 verba,
1047 4704 1157 4759 Hoc
1177 4715 1256 4759 est
1276 4717 1470 4773 corpus
1492 4716 1667 4756 meum
1697 4700 1953 4772 preposita
1975 4709 2140 4754 trans.

560 4804 802 4871 (armant.
847 4796 1005 4852 Pacis
1051 4797 1272 4851 studium
1308 4794 1644 4849 necessarium
1672 4795 1742 4845 ad
1780 4793 1875 4845 rite
1915 4809 2137 4845 commu-

558 4889 851 4943 nicandum.
878 4915 947 4927 -—
981 4886 1085 4941 Sed
1118 4897 1324 4954 tempus
1358 4884 1573 4938 demum
1612 4892 1694 4935 est
1722 4881 1788 4935 ad
1820 4881 2136 4935 horrendam

559 4984 697 5037 hanc
729 4978 1165 5047 tremendamquc
1206 4992 1442 5032 mensam
1474 4975 1782 5030 accedendi.
1811 4973 2008 5028 Omnes
2044 4975 2138 5044 igi-

561 5084 645 5128 tur
676 5088 797 5127 cum
832 5086 959 5141 pura
990 5069 1315 5125 conscientia
1344 5067 1678 5121 accedamus.
1725 5064 1911 5119 Nullus
1940 5063 2025 5118 hic
2048 5065 2139 5118 Ju-

559 5169 657 5221 das
685 5174 801 5219 esto
821 5162 1005 5217 dolose
1026 5176 1191 5232 agens
1217 5161 1269 5215 in
1297 5158 1595 5229 proximum
1624 5171 1801 5216 suum,
1830 5169 1984 5209 nemo
2003 5154 2141 5208 adsit

562 5259 875 5331 improbus,
927 5269 1087 5310 nemo
1132 5268 1394 5307 venenum
1440 5250 1668 5304 occultct
1715 5249 1767 5301 in
1813 5247 1974 5301 corde
2019 5261 2134 5300 suo.

561 5351 727 5407 Adest
767 5356 821 5403 et
864 5360 1005 5401 nunc
1046 5345 1289 5400 Christus
1335 5357 1570 5395 mensam
1615 5353 1887 5394 exornans
1919 5355 1934 5391 :
1965 5354 2138 5407 neque

559 5443 702 5496 enim
746 5440 905 5494 homo
933 5446 1016 5493 est
1043 5440 1126 5498 is,
1170 5437 1256 5505 qui
1291 5434 1412 5488 facit
1454 5442 1508 5485 ut
1556 5431 1821 5500 proposita
1865 5444 2056 5499 corpus
2087 5440 2140 5484 et

559 5533 775 5606 sanguis
800 5530 993 5586 Christi
1033 5528 1345 5583 efﬁciantur.
1387 5525 1633 5595 Figuram
1682 5533 1881 5575 tantum
1914 5521 2138 5589 impletis

562 5639 665 5687 Stal
686 5626 963 5689 sacerdos,
992 5633 1045 5678 et
1068 5619 1507 5695 supplicationem
1537 5618 1691 5669 oll'ert
1722 5633 1733 5667 :
1766 5615 1932 5684 gratia
1964 5624 2137 5668 autem

564 5732 613 5775 et
645 5722 806 5774 virtus
836 5717 924 5772 Dei
952 5726 1031 5769 est
1057 5757 1070 5779 ,
1116 5732 1232 5782 qua:
1263 5712 1438 5765 omnia
1469 5710 1650 5764 cflicit.
1704 5706 1816 5760 [loc
1850 5717 1919 5761 cst
1960 5724 2138 5776 corpus

569 5829 729 5868 meum
759 5801 1544 5876 (Matth.26.215),in:ptit.lloc
1590 5803 1806 5853 \‘l‘lltlllll
1868 5804 2131 5870 proposita

805 5892 817 5917 Ι

1326 385 1380 441 S.
1421 386 1697 444 J0.\.\'NlS
1728 385 2201 444 CHRYSOSTOMI
2238 389 2556 447 ARCIIIEP.
2596 393 3133 454 CONSTANTlNOP.
3474 358 3483 363 -
3774 421 3868 476 5:20

607 502 791 560 beatus
820 504 979 559 David
1014 504 1220 560 dicebat
1252 521 1264 557 :
1294 503 1461 575 Super
1499 507 1686 574 ﬂumen
1726 505 2030 577 Babylonis,
2085 507 2193 561 illic

605 594 827 650 sedimus
850 606 896 650 et
939 583 1215 661 ﬂeuimus}
1239 596 1290 649 in
1313 597 1551 649 salicibus
1577 600 1628 649 in
1656 598 1817 651 medio
1847 600 1956 668 rjus
1980 614 2190 669 suspen-

604 688 773 742 dimus
792 704 982 759 organa
1002 700 1174 742 nostra
1194 688 1639 761 (Psal.l56.1.2);
1665 690 1715 745 id
1740 700 1841 753 est,
1860 693 2184 760 psalterium,

603 779 875 850 cytharam
898 821 913 842 ,
962 782 1127 852 lyram
1159 798 1171 833 :
1210 782 1291 835 his
1320 784 1460 836 enim
1504 782 1631 836 olim
1678 786 1958 838 utebantur
1978 826 1992 850 ,
2024 794 2078 839 et
2106 785 2186 838 his

604 869 840 937 psalmos
866 872 1145 925 canebant.
1180 870 1298 925 Illic
1327 874 1459 927 enim
1480 914 1495 939 ,
1527 873 1728 943 inquit,
1758 874 2186 946 interroqarcrant

601 978 715 1025 nos,
742 963 829 1033 qui
853 964 1077 1033 captivos
1107 964 1359 1019 duxerunt
1387 983 1499 1030 nos,
1533 967 1678 1020 verba
1703 968 1991 1021 cantionum
2022 966 2178 1037 (Ibid.

1261 1056 1526 1123 Quomodo
1571 1058 1885 1114 cantabimus
1930 1061 2182 1114 canticum

602 1145 807 1200 Domini
830 1149 881 1200 in
912 1158 1046 1202 terra
1068 1149 1234 1203 aliena
1251 1150 1277 1203 2’
1302 1152 1454 1218 Quid,
1485 1166 1687 1219 qumso,
1713 1151 1888 1206 dicis?
1916 1153 2178 1208 canticum

596 1236 808 1291 Domini
842 1254 946 1297 non
988 1230 1177 1295 cantas
1215 1242 1266 1296 in
1310 1251 1448 1298 terra
1479 1242 1681 1306 aliena,
1725 1250 1781 1297 et
1811 1242 2007 1297 Pascha
2036 1244 2177 1299 cele-

594 1326 717 1381 bras
748 1328 799 1381 in
842 1338 978 1382 terra
1009 1331 1215 1385 aliena?
1238 1331 1422 1385 Viden'
1451 1332 1810 1402 stupiditatem
1833 1333 2177 1388 Jndteorum?

2300 509 2660 596 transformat.
2696 513 2761 569 Et
2785 519 3233 584 quemadmodum
3264 539 3363 579 vos
3393 527 3477 583 illa
3497 571 3509 588 .
3540 530 3790 597 Crescite,
3824 547 3867 590 et

2296 590 2708 670 multiplicamini
2734 617 2780 660 ct
2807 610 2991 679 replete
3018 622 3200 666 terram
3233 614 3381 684 (Gen.
3418 620 3464 672 Ι.
3488 620 3593 692 28)
3614 665 3628 687 ,
3660 590 3863 681 verbum

2293 701 2409 745 erat
2428 733 2442 756 ,
2473 703 2527 747 et
2569 695 2759 752 laetum
2790 708 2871 752 est
2915 716 3049 770 opus
3068 743 3082 764 ,
3113 707 3251 772 quod
3301 706 3543 766 humana:
3574 725 3779 769 natura-
3806 719 3861 771 ad

2294 779 2583 837 liberorum
2608 792 3029 855 procreationem
3053 793 3154 845 vim
3181 794 3386 851 inderet
3410 814 3423 851 :
3450 800 3530 856 sic
3551 812 3605 857 et
3632 804 3748 859 ha-c
3774 820 3863 862 res

2292 874 2493 940 prolata
2541 892 2753 947 semper
2782 882 2950 948 gratia
2990 895 3145 953 anget
3173 900 3267 940 eos
3290 926 3307 953 ,
3353 890 3441 958 qui
3470 891 3631 961 digne
3660 898 3855 962 partici.

2290 973 2435 1029 pani.
2485 964 2673 1021 Nullus
2703 968 2880 1036 itaque
2922 972 3199 1028 simulatus
3226 976 3333 1043 sit,
3367 979 3542 1034 nullus
3571 980 3857 1052 improbus,

2287 1051 2464 1107 nullus
2492 1068 2654 1123 rapax
2680 1098 2696 1123 ,
2730 1059 2906 1114 nullus
2940 1065 3357 1121 contumeliosus
3379 1109 3395 1133 ,
3439 1071 3615 1126 nullus
3646 1051 3858 1129 h’atrum

2286 1154 2430 1207 osor,
2461 1142 2637 1198 nullus
2663 1160 2879 1214 avarus,
2911 1151 3087 1207 nullus
3115 1155 3378 1223 ebriosus,
3412 1160 3588 1215 nullus
3613 1165 3855 1219 ambitio-

2282 1247 2407 1298 sus,
2439 1236 2615 1292 nullos
2644 1242 2999 1296 masculorum
3035 1248 3366 1315 concubitor,
3413 1252 3588 1307 nullus
3631 1255 3852 1320 invidus,

2283 1322 2462 1377 nullus
2488 1322 2821 1382 fornicationi
2850 1329 3081 1396 deditus,
3110 1335 3283 1389 nullus
3310 1336 3413 1403 fur,
3446 1343 3621 1397 nullus
3645 1345 3854 1400 insidio-

2278 1427 2403 1479 sus,
2438 1430 2505 1470 ne
2519 1415 2775 1485 judicium
2805 1420 2904 1474 sibi
2936 1434 3128 1478 sumat.
3158 1425 3365 1483 Etenim
3397 1440 3522 1487 tunc
3547 1433 3714 1490 ludas
3742 1454 3851 1509 my—

2278 1505 2467 1560 sticam
2496 1521 2703 1562 caenam
2737 1511 2950 1582 indigne
2981 1517 3312 1586 Participavit
3334 1560 3349 1584 ,
3379 1532 3435 1577 et
3458 1538 3712 1594 egressus
3755 1505 3850 1585 Do-

2278 1595 2479 1650 minum
2507 1598 2741 1667 prodidit
2765 1618 2778 1652 :
2810 1611 2868 1656 ut
2885 1602 3060 1660 discas
3083 1605 3134 1660 in
3160 1623 3255 1661 eos
3276 1613 3511 1670 maxime
3535 1624 3588 1670 et
3610 1616 3851 1689 frequen-

2280 1687 2383 1740 tius
2410 1686 2676 1744 diabolum
2722 1690 2926 1748 insilire
2944 1736 2959 1759 ,
2989 1697 3078 1765 qui
3104 1702 3357 1770 mysteria
3398 1704 3611 1776 indigne
3637 1686 3846 1778 partici-

2275 1790 2423 1847 pant,
2451 1796 2652 1852 eosque
2680 1785 2824 1854 ipsos
2849 1786 2902 1841 in
2931 1790 3104 1858 majus
3126 1807 3185 1847 se
3212 1794 3526 1864 supplicium
3565 1803 3845 1871 conjicere.

2275 1869 2398 1925 llaec
2426 1871 2546 1927 dico
2574 1888 2680 1929 nou
2710 1884 2766 1930 ut
2809 1886 3059 1945 terream,
3102 1882 3198 1937 sed
3238 1894 3297 1939 ut
3318 1888 3583 1944 cautiores
3610 1869 3845 1951 reddam.

2268 1962 2731 2028 Quemadmodum
2762 1970 2901 2023 enim
2944 1986 3234 2041 corporeus
3260 1976 3445 2043 cibus,
3475 1995 3598 2035 cum
3640 1983 3693 2036 in
3718 2000 3843 2040 ven-

2272 2062 2405 2109 trem
2452 2056 2627 2124 pravis
2670 2056 2978 2114 humoribus
3020 2063 3230 2131 plenum
3278 2066 3556 2134 inciderit,
3605 2073 3845 2129 morbum

2268 2156 2427 2216 auget
2459 2165 2472 2200 :
2505 2148 2583 2203 sic
2611 2158 2665 2204 et
2692 2152 2981 2219 spiritualis
3004 2154 3156 2209 cibus
3179 2170 3299 2210 cum
3326 2158 3540 2229 indigne
3568 2165 3843 2233 participa-

2268 2247 2381 2302 tur,
2430 2241 2727 2309 graviorem
2758 2244 3153 2301 damnationem
3182 2251 3415 2305 attrahit.
3462 2253 3630 2308 Nemo
3666 2258 3839 2326 igitur.

2264 2327 2488 2383 obsecro
2511 2372 2525 2396 ,
2559 2346 2747 2400 pravas
2776 2334 2916 2389 intus
2957 2337 3303 2406 cogitationes
3346 2340 3535 2396 habeat
3558 2386 3574 2409 ,
3622 2346 3716 2400 sed
3752 2363 3842 2401 cor

2265 2427 2502 2473 nostrum
2540 2436 2894 2499 expurgenius
2925 2444 2938 2478 :
2967 2429 3164 2482 etenim
3195 2431 3386 2500 templa
3414 2433 3504 2488 Dei
3544 2452 3733 2490 sumus
3753 2479 3766 2502 ,
3797 2442 3838 2492 si

2264 2522 2392 2575 pure
2414 2524 2649 2579 agamus.
2697 2512 2908 2569 Castam
2955 2517 3241 2575 reddamus
3283 2523 3512 2578 animam
3558 2538 3836 2582 neSIram:

2263 2611 2384 2650 nam
2414 2598 2495 2652 vel
2540 2616 2648 2655 uno
2690 2601 2778 2656 die
2823 2605 2873 2658 id
2917 2603 3030 2660 ﬁeri
3078 2618 3274 2683 potest.
3319 2612 3598 2678 Quomodo
3640 2627 3695 2671 et
3736 2635 3839 2687 qua

2261 2688 2509 2744 ratione?
2534 2689 2589 2744 Si
2611 2693 2878 2762 quidpiam
2906 2694 3154 2752 habueris
3181 2710 3365 2756 contra
3394 2704 3686 2772 inimicum,
3712 2709 3837 2764 tolle

2259 2777 2392 2832 iram
2414 2820 2428 2845 ,
2474 2782 2619 2836 solve
2664 2783 2991 2839 inimicitiam
3013 2827 3029 2851 ,
3075 2798 3130 2842 ut
3158 2790 3418 2846 medelam
3448 2796 3779 2853 remissionis
3806 2816 3833 2852 a

2256 2885 2440 2927 mensa
2470 2874 2715 2950 recipias.
2743 2877 2823 2937 Ad
2850 2881 3168 2942 sacriﬁcium
3205 2885 3417 2946 accedis
3438 2887 3761 2951 horrendum
3785 2908 3838 2953 at

2263 2978 2503 3022 sanctum
2536 2985 2555 3023 :
2585 2973 2888 3028 immolatus
2926 2976 3071 3046 jacet
3116 2979 3376 3035 Christus.
3424 2982 3618 3038 Verum
3667 2989 3833 3056 cogita

2255 3070 2359 3126 qua
2384 3058 2453 3114 de
2480 3075 2638 3115 causa
2663 3064 2874 3119 occisus
2898 3070 2986 3121 sit.
3015 3069 3059 3122 0
3091 3071 3335 3139 qualibus
3366 3076 3635 3145 mysteriis
3666 3081 3838 3145 priva-

2234 3156 2341 3216 tus
2364 3164 2457 3213 es,
2489 3150 2672 3209 Judal
2708 3154 2954 3213 Christus
2994 3159 3220 3215 libenter
3269 3178 3476 3232 passus,
3524 3177 3579 3219 ιιι
3617 3170 3835 3224 medium

2253 3240 2491 3330 parietem
2514 3244 2746 3298 maceria:
2770 3246 2997 3315 (Ephcs.
3020 3249 3073 3302 ‘2.
3099 3250 3200 3323 14)
3232 3255 3480 3315 solveret.
3511 3267 3565 3310 et
3589 3258 3837 3330 jungeret

2252 3327 2457 3384 inferna
2487 3335 2733 3402 supernis
2754 3376 2768 3400 ,
2804 3347 2858 3391 ιιι
2885 3346 2936 3391 te
2967 3339 3234 3400 inimicum
3264 3352 3318 3397 et
3345 3343 3549 3400 hostem
3568 3389 3584 3411 ,
3615 3327 3835 3418 angelo-

2252 3433 2373 3475 rem
2401 3430 2706 3477 consortem
2738 3424 2955 3481 faceret.
2999 3427 3067 3481 Et
3090 3429 3335 3486 Christus
3357 3433 3571 3503 quidem
3601 3438 3834 3493 animam

2249 3524 2401 3565 suam
2451 3512 2668 3568 tradidit
2715 3525 2955 3583 pro.te;
3004 3527 3057 3573 ιιι
3100 3535 3230 3575 vero
3278 3522 3605 3581 inimicitiam
3651 3543 3835 3584 servas

2248 3601 2505 3657 adversus
2524 3608 2883 3661 conservum?
2911 3607 3076 3678 Ecqui
3097 3611 3296 3678 poteris
3315 3614 3569 3669 accedere
3595 3617 3659 3670 ad
3685 3633 3837 3673 men-

2246 3705 2361 3747 sam
2393 3694 2579 3762 pacis?
2620 3695 2878 3751 Dominus
2907 3706 3029 3752 tuus
3059 3716 3164 3754 non
3206 3704 3472 3759 recusavit
3498 3708 3676 3761 omnia
3724 3712 3835 3778 pati

2249 3795 2465 3853 propter
2504 3793 2587 3851 te,
2627 3794 2681 3840 tu
2708 3802 2834 3842 vero
2874 3803 2942 3844 ne
2986 3789 3119 3844 iram
3164 3792 3377 3860 quidem
3410 3797 3687 3852 remittere
3711 3800 3837 3855 vis?

2244 3874 2353 3930 Cur
2378 3892 2560 3946 quaso
2580 3878 2604 3931 ?
2628 3877 2838 3935 Caritas
2863 3890 2945 3935 est
2973 3882 3143 3947 radix,
3175 3883 3291 3938 fons
3318 3894 3371 3939 et
3397 3896 3567 3942 mater
3592 3892 3831 3945 omnium

2245 3966 2530 4021 bonorum.
2563 3968 2848 4035 Maximus,
2880 3970 3088 4040 inquies
3111 4012 3125 4034 ,
3159 3973 3288 4027 mihi
3333 3976 3603 4033 molestias
3631 3980 3831 4047 intulit,

2245 4056 2521 4112 innumera
2566 4059 2756 4125 damna
2782 4101 2797 4126 ,
2849 4061 2901 4114 in
2945 4063 3068 4116 vita:
3112 4063 3397 4121 discrimen
3446 4083 3533 4122 me
3576 4070 3831 4140 conjecit.

2247 4147 2445 4217 Ecquid
2472 4149 2572 4203 hoc
2598 4150 2720 4205 est?
2745 4152 2980 4206 nondum
3008 4163 3060 4207 te
3082 4155 3224 4208 cruci
3249 4154 3435 4220 afllsit,
3465 4168 3521 4212 ut
3542 4159 3832 4217 Dominum

2244 4240 2431 4295 Juda-i.
2464 4241 2518 4295 Si
2548 4258 2652 4296 non
2693 4244 2961 4298 remiseris
3000 4245 3245 4313 proximo
3286 4257 3376 4301 tuo
3417 4250 3687 4319 injuriam,
3732 4269 3835 4309 nec

2247 4333 2402 4388 Pater
2441 4343 2560 4389 tuus
2602 4336 2831 4391 caelestis
2875 4338 3113 4391 remittet
3157 4339 3249 4393 tibi
3296 4350 3509 4409 peccata
3553 4351 3663 4396 tua.
3714 4344 3832 4413 Qua

2244 4424 2566 4478 conscientia
2595 4424 2761 4488 dices,
2791 4424 2947 4479 Pater
2974 4436 3164 4495 noster,
3189 4429 3276 4497 qui
3302 4446 3353 4483 es
3377 4430 3427 4483 in
3454 4432 3611 4496 caelis,
3641 4435 3836 4486 sancti-

2245 4515 2421 4583 ﬁcetur
2463 4531 2643 4568 nomen
2670 4526 2829 4579 tuum,
2875 4524 2925 4569 et
2954 4518 3190 4570 cetera?
3228 4518 3481 4574 Similiter
3507 4518 3751 4575 Christus
3777 4532 3834 4577 et

2242 4608 2592 4678 sanguinem,
2620 4624 2780 4679 quem
2825 4610 2897 4664 illi
2926 4609 3226 4665 clfuderunt
3251 4652 3266 4675 ,
3297 4613 3346 4664 ir
3379 4612 3604 4667 salutem
3648 4614 3829 4668 elimi-

2241 4700 2479 4755 dentium
2504 4699 2669 4755 dedit.
2712 4701 2845 4769 Quid
2887 4701 3009 4755 huic
3037 4704 3111 4755 rei
3148 4718 3243 4771 par
3268 4702 3483 4758 eflicere
3508 4706 3726 4773 puteal?
3769 4704 3857 4760 δι’

2244 4808 2348 4846 non
2372 4793 2638 4847 dimiseris
2660 4792 2896 4859 inimico,
2922 4810 3027 4847 non
3051 4795 3196 4847 illum
3221 4794 3425 4859 lmsisti,
3448 4796 3542 4850 sed
3568 4797 3830 4864 teipsum:

2243 4882 2389 4936 illum
2420 4883 2633 4951 quidem
2660 4898 2803 4951 sa'pe
2830 4884 2879 4937 in
2912 4885 3162 4952 przesenti
3193 4885 3296 4938 vita
3326 4885 3507 4940 lmsisti
3530 4926 3547 4952 ,
3578 4888 3672 4942 tibi
3702 4904 3835 4942 vero

2242 4972 2587 5041 supplicium,
2633 4973 2774 5042 quod
2824 4988 3108 5042 numquam
3157 4974 3494 5042 remittetur,
3536 4979 3735 5045 parasti
3778 4981 3833 5032 in

2245 5066 2481 5121 futurum
2523 5067 2669 5120 illum
2710 5065 2872 5121 diem.
2916 5066 3193 5121 Neminem
3223 5068 3363 5121 enim
3404 5068 3475 5122 ita
3507 5068 3647 5123 Deus
3674 5084 3836 5123 aver-

2243 5170 2410 5222 satur,
2441 5168 2494 5213 ut
2525 5157 2837 5227 iniuriarum
2871 5173 3162 5213 memorem
3192 5159 3499 5224 hominem,
3529 5170 3585 5214 ut
3616 5175 3711 5214 cor
3743 5170 3835 5213 tn-

2245 5267 2415 5312 mens,
2440 5260 2493 5304 et
2522 5250 2597 5303 ira
2626 5251 2895 5302 incensam
2921 5250 3175 5301 animam.
3209 5249 3342 5303 Audi
3368 5249 3512 5303 enim
3537 5249 3663 5318 quid
3690 5250 3840 5303 dicat

2246 5342 2500 5396 Dominus
2527 5358 2540 5394 :
2565 5339 2624 5394 Si
2645 5337 2798 5406 offers
2825 5355 3005 5392 munus
3032 5351 3174 5391 tuum
3198 5338 3265 5391 ad
3288 5339 3470 5401 altare,
3500 5350 3544 5392 et
3568 5339 3635 5392 ibi
3662 5355 3834 5392 τρέω-ο

2245 5434 2394 5485 datus
2424 5432 2579 5499 lucris
2608 5432 2726 5500 quia
2757 5434 2913 5500 frater
2942 5439 3056 5484 tuus
3085 5431 3227 5483 habet
3253 5429 3447 5498 aliquid
3470 5430 3733 5483 adversum
3764 5441 3851 5493 te,

2243 5524 2466 5592 relinque
2512 5521 2579 5573 ibi
2625 5537 2807 5573 manus
2852 5529 2995 5573 tuum
3034 5529 3153 5573 ante
3194 5519 3391 5584 altare,
3441 5530 3487 5574 et
3526 5520 3655 5575 vade
3692 5524 3842 5589 prius

2245 5614 2567 5669 reconciliare
2616 5613 2766 5685 fratri
2816 5621 2937 5676 tuo;
2982 5622 3030 5665 et
3073 5622 3190 5665 tunc
3230 5612 3432 5665 veniens
3480 5609 3608 5677 oﬂ'er
3652 5628 3842 5663 munus

2249 5719 2384 5761 tuum
2421 5704 2631 5775 (Matth.
2656 5705 2708 5759 5.
2737 5702 2829 5758 εὖ.
2852 5704 2969 5771 2i).
2999 5702 3134 5769 Quid
3163 5701 3339 5757 dicis?
3370 5704 3507 5757 ibinc
3539 5703 3835 5770 relinquam

2248 5817 2458 5863 munus,
2489 5815 2579 5853 seu
2609 5795 2968 5851 Sacrilit'itnn?
3012 5796 3202 5863 Etiam,
3233 5796 3402 5862 inquit
3429 5814 3438 5849 :
3467 5810 3586 5851 nam
3616 5802 3833 5864 proptcr
