  <div class='ocr_page' id='page_1' title='image "/cluster/home/n/w/nwhite01/storage/ocr_20150623/49/pst.000005712465/386.png"; bbox 0 0 4164 6324; ppageno 0'>
   <div class='ocr_carea' id='block_1_1' title="bbox 246 313 343 370">
    <p class='ocr_par' dir='ltr' id='par_1_1' title="bbox 246 313 343 370">
     <span class='ocr_line' id='line_1_1' title="bbox 246 313 343 370; baseline -0.021 0"><span class='ocrx_word' id='word_1_1' title='bbox 246 313 343 370; x_wconf 64' lang='grc'><strong>591</strong></span> 
     </span>
    </p>
   </div>
   <div class='ocr_carea' id='block_1_2' title="bbox 249 417 1833 489">
    <p class='ocr_par' dir='ltr' id='par_1_2' title="bbox 249 417 1833 489">
     <span class='ocr_line' id='line_1_2' title="bbox 249 417 1833 489; baseline -0.002 -14"><span class='ocrx_word' id='word_1_2' title='bbox 249 439 434 489; x_wconf 79' lang='lat' dir='ltr'><strong>pacem</strong></span> <span class='ocrx_word' id='word_1_3' title='bbox 477 438 599 479; x_wconf 87' lang='lat' dir='ltr'><strong>cum</strong></span> <span class='ocrx_word' id='word_1_4' title='bbox 652 422 813 477; x_wconf 88' lang='lat' dir='ltr'><strong>fratre</strong></span> <span class='ocrx_word' id='word_1_5' title='bbox 852 428 942 473; x_wconf 88' lang='lat' dir='ltr'><strong>tuo</strong></span> <span class='ocrx_word' id='word_1_6' title='bbox 984 422 1085 473; x_wconf 88' lang='lat' dir='ltr'><strong>hoc</strong></span> <span class='ocrx_word' id='word_1_7' title='bbox 1123 418 1441 474; x_wconf 89' lang='lat' dir='ltr'><strong>sacriﬁcium</strong></span> <span class='ocrx_word' id='word_1_8' title='bbox 1494 417 1689 473; x_wconf 79' lang='lat' dir='ltr'><strong>factum</strong></span> <span class='ocrx_word' id='word_1_9' title='bbox 1734 427 1833 473; x_wconf 90' lang='lat' dir='ltr'><strong>est.</strong></span> 
     </span>
    </p>
   </div>
   <div class='ocr_carea' id='block_1_3' title="bbox 248 510 1834 589">
    <p class='ocr_par' dir='ltr' id='par_1_3' title="bbox 248 510 1834 589">
     <span class='ocr_line' id='line_1_3' title="bbox 248 510 1834 589; baseline -0.004 -17"><span class='ocrx_word' id='word_1_10' title='bbox 248 518 306 572; x_wconf 88' lang='lat' dir='ltr'><strong>Si</strong></span> <span class='ocrx_word' id='word_1_11' title='bbox 331 518 491 589; x_wconf 84' lang='lat' dir='ltr'><strong>igitur</strong></span> <span class='ocrx_word' id='word_1_12' title='bbox 519 524 739 586; x_wconf 75' lang='lat' dir='ltr'><strong>propter</strong></span> <span class='ocrx_word' id='word_1_13' title='bbox 773 528 951 583; x_wconf 89' lang='lat' dir='ltr'><strong>pacem</strong></span> <span class='ocrx_word' id='word_1_14' title='bbox 978 528 1098 568; x_wconf 89' lang='lat' dir='ltr'><strong>cum</strong></span> <span class='ocrx_word' id='word_1_15' title='bbox 1130 513 1376 582; x_wconf 80' lang='lat' dir='ltr'><strong>proximo</strong></span> <span class='ocrx_word' id='word_1_16' title='bbox 1401 520 1494 567; x_wconf 89' lang='lat' dir='ltr'><strong>tuo</strong></span> <span class='ocrx_word' id='word_1_17' title='bbox 1516 510 1834 566; x_wconf 86' lang='lat' dir='ltr'><strong>sacriﬁcium</strong></span> 
     </span>
    </p>
   </div>
   <div class='ocr_carea' id='block_1_4' title="bbox 249 601 1837 673">
    <p class='ocr_par' dir='ltr' id='par_1_4' title="bbox 249 601 1837 673">
     <span class='ocr_line' id='line_1_4' title="bbox 249 601 1837 673; baseline -0.004 -10"><span class='ocrx_word' id='word_1_18' title='bbox 249 608 515 671; x_wconf 74' lang='lat' dir='ltr'><strong>offertur,</strong></span> <span class='ocrx_word' id='word_1_19' title='bbox 560 614 615 660; x_wconf 90' lang='lat' dir='ltr'><strong>tu</strong></span> <span class='ocrx_word' id='word_1_20' title='bbox 646 618 1003 673; x_wconf 75' lang='lat' dir='ltr'><strong>veropacem</strong></span> <span class='ocrx_word' id='word_1_21' title='bbox 1033 618 1141 657; x_wconf 88' lang='lat' dir='ltr'><strong>non</strong></span> <span class='ocrx_word' id='word_1_22' title='bbox 1186 612 1332 657; x_wconf 77' lang='lat' dir='ltr'><strong>recte</strong></span> <span class='ocrx_word' id='word_1_23' title='bbox 1375 617 1582 670; x_wconf 78' lang='lat' dir='ltr'><strong>servas,</strong></span> <span class='ocrx_word' id='word_1_24' title='bbox 1629 601 1837 658; x_wconf 83' lang='lat' dir='ltr'><strong>etiamsi</strong></span> 
     </span>
    </p>
   </div>
   <div class='ocr_carea' id='block_1_5' title="bbox 245 694 1840 770">
    <p class='ocr_par' dir='ltr' id='par_1_5' title="bbox 245 694 1840 770">
     <span class='ocr_line' id='line_1_5' title="bbox 245 694 1840 770; baseline -0.004 -14"><span class='ocrx_word' id='word_1_25' title='bbox 245 700 494 756; x_wconf 69' lang='lat' dir='ltr'><strong>sacrificii</strong></span> <span class='ocrx_word' id='word_1_26' title='bbox 540 698 809 770; x_wconf 83' lang='lat' dir='ltr'><strong>particeps</strong></span> <span class='ocrx_word' id='word_1_27' title='bbox 831 697 926 762; x_wconf 92' lang='lat' dir='ltr'><strong>sis,</strong></span> <span class='ocrx_word' id='word_1_28' title='bbox 972 696 1173 751; x_wconf 81' lang='lat' dir='ltr'><strong>inutilis</strong></span> <span class='ocrx_word' id='word_1_29' title='bbox 1220 694 1314 749; x_wconf 92' lang='lat' dir='ltr'><strong>tibi</strong></span> <span class='ocrx_word' id='word_1_30' title='bbox 1361 694 1479 751; x_wconf 63' lang='lat' dir='ltr'><strong>haec</strong></span> <span class='ocrx_word' id='word_1_31' title='bbox 1505 694 1840 765; x_wconf 88' lang='lat' dir='ltr'><strong>participatio</strong></span> 
     </span>
    </p>
   </div>
   <div class='ocr_carea' id='block_1_6' title="bbox 245 784 1840 857">
    <p class='ocr_par' dir='ltr' id='par_1_6' title="bbox 245 784 1840 857">
     <span class='ocr_line' id='line_1_6' title="bbox 245 784 1840 857; baseline -0.004 -10"><span class='ocrx_word' id='word_1_32' title='bbox 245 791 476 847; x_wconf 89' lang='lat' dir='ltr'><strong>efﬁcitur</strong></span> <span class='ocrx_word' id='word_1_33' title='bbox 501 792 619 845; x_wconf 84' lang='lat' dir='ltr'><strong>sine</strong></span> <span class='ocrx_word' id='word_1_34' title='bbox 646 788 825 845; x_wconf 87' lang='lat' dir='ltr'><strong>studio</strong></span> <span class='ocrx_word' id='word_1_35' title='bbox 850 787 1125 843; x_wconf 70' lang='lat' dir='ltr'><strong>servanda:</strong></span> <span class='ocrx_word' id='word_1_36' title='bbox 1156 786 1321 857; x_wconf 87' lang='lat' dir='ltr'><strong>pacis.</strong></span> <span class='ocrx_word' id='word_1_37' title='bbox 1362 784 1494 842; x_wconf 81' lang='lat' dir='ltr'><strong>Illud</strong></span> <span class='ocrx_word' id='word_1_38' title='bbox 1527 802 1655 856; x_wconf 83' lang='lat' dir='ltr'><strong>ergo</strong></span> <span class='ocrx_word' id='word_1_39' title='bbox 1693 787 1840 855; x_wconf 89' lang='lat' dir='ltr'><strong>prius</strong></span> 
     </span>
    </p>
   </div>
   <div class='ocr_carea' id='block_1_7' title="bbox 246 878 1836 954">
    <p class='ocr_par' dir='ltr' id='par_1_7' title="bbox 246 878 1836 954">
     <span class='ocr_line' id='line_1_7' title="bbox 246 878 1836 954; baseline -0.006 -15"><span class='ocrx_word' id='word_1_40' title='bbox 246 883 428 950; x_wconf 87' lang='lat' dir='ltr'><strong>facito,</strong></span> <span class='ocrx_word' id='word_1_41' title='bbox 455 897 640 954; x_wconf 86' lang='lat' dir='ltr'><strong>pacem</strong></span> <span class='ocrx_word' id='word_1_42' title='bbox 667 882 870 937; x_wconf 85' lang='lat' dir='ltr'><strong>scilicet</strong></span> <span class='ocrx_word' id='word_1_43' title='bbox 893 895 1052 945; x_wconf 89' lang='lat' dir='ltr'><strong>cura,</strong></span> <span class='ocrx_word' id='word_1_44' title='bbox 1086 890 1307 950; x_wconf 82' lang='lat' dir='ltr'><strong>propter</strong></span> <span class='ocrx_word' id='word_1_45' title='bbox 1331 894 1489 949; x_wconf 90' lang='lat' dir='ltr'><strong>quam</strong></span> <span class='ocrx_word' id='word_1_46' title='bbox 1517 878 1836 932; x_wconf 85' lang='lat' dir='ltr'><strong>sacriﬁcium</strong></span> 
     </span>
    </p>
   </div>
   <div class='ocr_carea' id='block_1_8' title="bbox 245 969 1838 1039">
    <p class='ocr_par' dir='ltr' id='par_1_8' title="bbox 245 969 1838 1039">
     <span class='ocr_line' id='line_1_8' title="bbox 245 969 1838 1039; baseline -0.006 -8"><span class='ocrx_word' id='word_1_47' title='bbox 245 977 491 1039; x_wconf 84' lang='lat' dir='ltr'><strong>oﬁ&#39;ertur,</strong></span> <span class='ocrx_word' id='word_1_48' title='bbox 536 983 594 1030; x_wconf 87' lang='lat' dir='ltr'><strong>et</strong></span> <span class='ocrx_word' id='word_1_49' title='bbox 630 983 758 1027; x_wconf 89' lang='lat' dir='ltr'><strong>tunc</strong></span> <span class='ocrx_word' id='word_1_50' title='bbox 786 982 933 1027; x_wconf 87' lang='lat' dir='ltr'><strong>recte</strong></span> <span class='ocrx_word' id='word_1_51' title='bbox 974 970 1064 1025; x_wconf 90' lang='lat' dir='ltr'><strong>illo</strong></span> <span class='ocrx_word' id='word_1_52' title='bbox 1107 970 1322 1025; x_wconf 89' lang='lat' dir='ltr'><strong>frueris.</strong></span> <span class='ocrx_word' id='word_1_53' title='bbox 1367 969 1656 1039; x_wconf 78' lang='lat' dir='ltr'><strong>Propterea</strong></span> <span class='ocrx_word' id='word_1_54' title='bbox 1696 971 1838 1023; x_wconf 86' lang='lat' dir='ltr'><strong>enim</strong></span> 
     </span>
    </p>
   </div>
   <div class='ocr_carea' id='block_1_9' title="bbox 249 1061 1838 1127">
    <p class='ocr_par' dir='ltr' id='par_1_9' title="bbox 249 1061 1838 1127">
     <span class='ocr_line' id='line_1_9' title="bbox 249 1061 1838 1127; baseline -0.006 -2"><span class='ocrx_word' id='word_1_55' title='bbox 249 1068 420 1125; x_wconf 82' lang='lat' dir='ltr'><strong>Filius</strong></span> <span class='ocrx_word' id='word_1_56' title='bbox 454 1066 547 1121; x_wconf 87' lang='lat' dir='ltr'><strong>Dei</strong></span> <span class='ocrx_word' id='word_1_57' title='bbox 576 1064 723 1120; x_wconf 70' lang='lat' dir='ltr'><strong>venit</strong></span> <span class='ocrx_word' id='word_1_58' title='bbox 767 1064 820 1118; x_wconf 91' lang='lat' dir='ltr'><strong>in</strong></span> <span class='ocrx_word' id='word_1_59' title='bbox 866 1061 1121 1117; x_wconf 88' lang='lat' dir='ltr'><strong>mundum</strong></span> <span class='ocrx_word' id='word_1_60' title='bbox 1147 1101 1163 1127; x_wconf 94' lang='lat'><strong>,</strong></span> <span class='ocrx_word' id='word_1_61' title='bbox 1208 1071 1266 1115; x_wconf 92' lang='lat' dir='ltr'><strong>ut</strong></span> <span class='ocrx_word' id='word_1_62' title='bbox 1312 1062 1555 1116; x_wconf 83' lang='lat' dir='ltr'><strong>naturam</strong></span> <span class='ocrx_word' id='word_1_63' title='bbox 1600 1072 1838 1116; x_wconf 87' lang='lat' dir='ltr'><strong>nostram</strong></span> 
     </span>
    </p>
   </div>
   <div class='ocr_carea' id='block_1_10' title="bbox 246 1150 1839 1225">
    <p class='ocr_par' dir='ltr' id='par_1_10' title="bbox 246 1150 1839 1225">
     <span class='ocr_line' id='line_1_10' title="bbox 246 1150 1839 1225; baseline -0.006 -9"><span class='ocrx_word' id='word_1_64' title='bbox 246 1159 396 1216; x_wconf 86' lang='lat' dir='ltr'><strong>Patri</strong></span> <span class='ocrx_word' id='word_1_65' title='bbox 414 1156 807 1221; x_wconf 77' lang='lat' dir='ltr'><strong>reconciliaret,</strong></span> <span class='ocrx_word' id='word_1_66' title='bbox 836 1154 1286 1225; x_wconf 78' lang='lat' dir='ltr'><strong>quemadmodum</strong></span> <span class='ocrx_word' id='word_1_67' title='bbox 1322 1155 1396 1207; x_wconf 89' lang='lat' dir='ltr'><strong>ait</strong></span> <span class='ocrx_word' id='word_1_68' title='bbox 1425 1153 1619 1207; x_wconf 85' lang='lat' dir='ltr'><strong>Paulus</strong></span> <span class='ocrx_word' id='word_1_69' title='bbox 1644 1170 1659 1207; x_wconf 91' lang='lat'><strong>:</strong></span> <span class='ocrx_word' id='word_1_70' title='bbox 1684 1150 1839 1207; x_wconf 84' lang='lat' dir='ltr'><strong>Nunc</strong></span> 
     </span>
    </p>
   </div>
   <div class='ocr_carea' id='block_1_11' title="bbox 243 1244 1837 1314">
    <p class='ocr_par' dir='ltr' id='par_1_11' title="bbox 243 1244 1837 1314">
     <span class='ocr_line' id='line_1_11' title="bbox 243 1244 1837 1314; baseline -0.005 -8"><span class='ocrx_word' id='word_1_71' title='bbox 243 1265 424 1307; x_wconf 80' lang='lat' dir='ltr'><strong>autem</strong></span> <span class='ocrx_word' id='word_1_72' title='bbox 442 1250 783 1305; x_wconf 73' lang='lat' dir='ltr'><strong>reconciliavit</strong></span> <span class='ocrx_word' id='word_1_73' title='bbox 807 1246 901 1302; x_wconf 67' lang='lat' dir='ltr'><strong>sibi</strong></span> <span class='ocrx_word' id='word_1_74' title='bbox 928 1246 1099 1301; x_wconf 87' lang='lat' dir='ltr'><strong>omnia</strong></span> <span class='ocrx_word' id='word_1_75' title='bbox 1153 1244 1344 1313; x_wconf 80' lang='lat' dir='ltr'><strong>(Calas.</strong></span> <span class='ocrx_word' id='word_1_76' title='bbox 1375 1246 1425 1299; x_wconf 77' lang='lat' dir='ltr'><strong>i.</strong></span> <span class='ocrx_word' id='word_1_77' title='bbox 1449 1244 1567 1314; x_wconf 75' lang='lat'><strong>2‘2),</strong></span> <span class='ocrx_word' id='word_1_78' title='bbox 1597 1261 1686 1313; x_wconf 86' lang='lat' dir='ltr'><strong>per</strong></span> <span class='ocrx_word' id='word_1_79' title='bbox 1712 1262 1837 1298; x_wconf 75' lang='lat' dir='ltr'><strong>cru-</strong></span> 
     </span>
    </p>
   </div>
   <div class='ocr_carea' id='block_1_12' title="bbox 244 1334 1833 1408">
    <p class='ocr_par' dir='ltr' id='par_1_12' title="bbox 244 1334 1833 1408">
     <span class='ocr_line' id='line_1_12' title="bbox 244 1334 1833 1408; baseline -0.003 -13"><span class='ocrx_word' id='word_1_80' title='bbox 244 1359 356 1397; x_wconf 84' lang='lat' dir='ltr'><strong>cem</strong></span> <span class='ocrx_word' id='word_1_81' title='bbox 382 1340 688 1408; x_wconf 74' lang='lat' dir='ltr'><strong>interﬁciens</strong></span> <span class='ocrx_word' id='word_1_82' title='bbox 714 1338 1029 1393; x_wconf 86' lang='lat' dir='ltr'><strong>inimicitiam</strong></span> <span class='ocrx_word' id='word_1_83' title='bbox 1049 1338 1101 1391; x_wconf 88' lang='lat' dir='ltr'><strong>in</strong></span> <span class='ocrx_word' id='word_1_84' title='bbox 1121 1336 1388 1404; x_wconf 74' lang='lat' dir='ltr'><strong>seutetipso</strong></span> <span class='ocrx_word' id='word_1_85' title='bbox 1411 1334 1625 1407; x_wconf 78' lang='lat' dir='ltr'><strong>(Ephes.</strong></span> <span class='ocrx_word' id='word_1_86' title='bbox 1642 1336 1699 1390; x_wconf 77' lang='lat'><strong>2.</strong></span> <span class='ocrx_word' id='word_1_87' title='bbox 1723 1334 1833 1407; x_wconf 76' lang='grc'><strong>16).</strong></span> 
     </span>
    </p>
   </div>
   <div class='ocr_carea' id='block_1_13' title="bbox 249 1427 1839 1501">
    <p class='ocr_par' dir='ltr' id='par_1_13' title="bbox 249 1427 1839 1501">
     <span class='ocr_line' id='line_1_13' title="bbox 249 1427 1839 1501; baseline -0.003 -13"><span class='ocrx_word' id='word_1_88' title='bbox 249 1434 376 1489; x_wconf 83' lang='lat' dir='ltr'><strong>Ideo</strong></span> <span class='ocrx_word' id='word_1_89' title='bbox 397 1447 500 1487; x_wconf 91' lang='lat' dir='ltr'><strong>non</strong></span> <span class='ocrx_word' id='word_1_90' title='bbox 532 1434 645 1501; x_wconf 88' lang='lat' dir='ltr'><strong>ipse</strong></span> <span class='ocrx_word' id='word_1_91' title='bbox 673 1432 819 1486; x_wconf 88' lang='lat' dir='ltr'><strong>solus</strong></span> <span class='ocrx_word' id='word_1_92' title='bbox 844 1430 988 1483; x_wconf 86' lang='lat' dir='ltr'><strong>venit</strong></span> <span class='ocrx_word' id='word_1_93' title='bbox 1026 1438 1083 1483; x_wconf 92' lang='lat' dir='ltr'><strong>ut</strong></span> <span class='ocrx_word' id='word_1_94' title='bbox 1120 1443 1301 1498; x_wconf 88' lang='lat' dir='ltr'><strong>pacem</strong></span> <span class='ocrx_word' id='word_1_95' title='bbox 1336 1429 1516 1492; x_wconf 87' lang='lat' dir='ltr'><strong>iniret,</strong></span> <span class='ocrx_word' id='word_1_96' title='bbox 1542 1427 1634 1482; x_wconf 90' lang='lat' dir='ltr'><strong>sed</strong></span> <span class='ocrx_word' id='word_1_97' title='bbox 1662 1437 1714 1483; x_wconf 89' lang='lat' dir='ltr'><strong>et</strong></span> <span class='ocrx_word' id='word_1_98' title='bbox 1740 1443 1839 1484; x_wconf 89' lang='lat' dir='ltr'><strong>nos</strong></span> 
     </span>
    </p>
   </div>
   <div class='ocr_carea' id='block_1_14' title="bbox 246 1518 1839 1595">
    <p class='ocr_par' dir='ltr' id='par_1_14' title="bbox 246 1518 1839 1595">
     <span class='ocr_line' id='line_1_14' title="bbox 246 1518 1839 1595; baseline -0.003 -18"><span class='ocrx_word' id='word_1_99' title='bbox 246 1538 461 1595; x_wconf 87' lang='lat' dir='ltr'><strong>quoque</strong></span> <span class='ocrx_word' id='word_1_100' title='bbox 489 1522 675 1577; x_wconf 86' lang='lat' dir='ltr'><strong>beatos</strong></span> <span class='ocrx_word' id='word_1_101' title='bbox 707 1522 981 1591; x_wconf 80' lang='lat' dir='ltr'><strong>praedicat,</strong></span> <span class='ocrx_word' id='word_1_102' title='bbox 1027 1521 1072 1574; x_wconf 89' lang='lat' dir='ltr'><strong>si</strong></span> <span class='ocrx_word' id='word_1_103' title='bbox 1114 1520 1259 1589; x_wconf 89' lang='lat' dir='ltr'><strong>paria</strong></span> <span class='ocrx_word' id='word_1_104' title='bbox 1304 1518 1593 1582; x_wconf 77' lang='lat' dir='ltr'><strong>faciamus,</strong></span> <span class='ocrx_word' id='word_1_105' title='bbox 1634 1533 1839 1587; x_wconf 87' lang='lat' dir='ltr'><strong>nosque</strong></span> 
     </span>
    </p>
   </div>
   <div class='ocr_carea' id='block_1_15' title="bbox 246 1609 1839 1683">
    <p class='ocr_par' dir='ltr' id='par_1_15' title="bbox 246 1609 1839 1683">
     <span class='ocr_line' id='line_1_15' title="bbox 246 1609 1839 1683; baseline -0.003 -16"><span class='ocrx_word' id='word_1_106' title='bbox 246 1627 362 1667; x_wconf 81' lang='lat' dir='ltr'><strong>sua:</strong></span> <span class='ocrx_word' id='word_1_107' title='bbox 385 1613 764 1683; x_wconf 80' lang='lat' dir='ltr'><strong>appellationis</strong></span> <span class='ocrx_word' id='word_1_108' title='bbox 806 1622 1085 1667; x_wconf 92' lang='lat' dir='ltr'><strong>consortes</strong></span> <span class='ocrx_word' id='word_1_109' title='bbox 1120 1611 1304 1666; x_wconf 79' lang='lat' dir='ltr'><strong>efficit.</strong></span> <span class='ocrx_word' id='word_1_110' title='bbox 1353 1610 1484 1666; x_wconf 84' lang='lat' dir='ltr'><strong>Nam</strong></span> <span class='ocrx_word' id='word_1_111' title='bbox 1508 1609 1653 1664; x_wconf 79' lang='lat' dir='ltr'><strong>Beati</strong></span> <span class='ocrx_word' id='word_1_112' title='bbox 1696 1611 1839 1677; x_wconf 86' lang='lat' dir='ltr'><strong>paci-</strong></span> 
     </span>
    </p>
   </div>
   <div class='ocr_carea' id='block_1_16' title="bbox 242 1699 1837 1773">
    <p class='ocr_par' dir='ltr' id='par_1_16' title="bbox 242 1699 1837 1773">
     <span class='ocr_line' id='line_1_16' title="bbox 242 1699 1837 1773; baseline -0.001 -17"><span class='ocrx_word' id='word_1_113' title='bbox 242 1703 353 1773; x_wconf 71' lang='lat' dir='ltr'><strong>fici,</strong></span> <span class='ocrx_word' id='word_1_114' title='bbox 378 1702 618 1771; x_wconf 84' lang='lat' dir='ltr'><strong>quoniam</strong></span> <span class='ocrx_word' id='word_1_115' title='bbox 646 1703 742 1772; x_wconf 81' lang='lat' dir='ltr'><strong>ﬁlii</strong></span> <span class='ocrx_word' id='word_1_116' title='bbox 769 1701 865 1756; x_wconf 82' lang='lat' dir='ltr'><strong>Dei</strong></span> <span class='ocrx_word' id='word_1_117' title='bbox 890 1701 1201 1755; x_wconf 80' lang='lat' dir='ltr'><strong>vocabuntur</strong></span> <span class='ocrx_word' id='word_1_118' title='bbox 1226 1699 1440 1769; x_wconf 78' lang='lat' dir='ltr'><strong>(Matth.</strong></span> <span class='ocrx_word' id='word_1_119' title='bbox 1470 1701 1523 1755; x_wconf 83' lang='lat'><strong>5.</strong></span> <span class='ocrx_word' id='word_1_120' title='bbox 1552 1700 1639 1772; x_wconf 87' lang='grc'><strong>9).</strong></span> <span class='ocrx_word' id='word_1_121' title='bbox 1686 1701 1837 1768; x_wconf 86' lang='lat' dir='ltr'><strong>Quod</strong></span> 
     </span>
    </p>
   </div>
   <div class='ocr_carea' id='block_1_17' title="bbox 247 1793 1839 1864">
    <p class='ocr_par' dir='ltr' id='par_1_17' title="bbox 247 1793 1839 1864">
     <span class='ocr_line' id='line_1_17' title="bbox 247 1793 1839 1864; baseline -0.001 -15"><span class='ocrx_word' id='word_1_122' title='bbox 247 1794 431 1864; x_wconf 83' lang='lat' dir='ltr'><strong>itaque</strong></span> <span class='ocrx_word' id='word_1_123' title='bbox 457 1793 703 1849; x_wconf 85' lang='lat' dir='ltr'><strong>Christus</strong></span> <span class='ocrx_word' id='word_1_124' title='bbox 728 1793 895 1850; x_wconf 89' lang='lat' dir='ltr'><strong>Filius</strong></span> <span class='ocrx_word' id='word_1_125' title='bbox 924 1794 1018 1849; x_wconf 92' lang='lat' dir='ltr'><strong>Dei</strong></span> <span class='ocrx_word' id='word_1_126' title='bbox 1050 1794 1193 1859; x_wconf 90' lang='lat' dir='ltr'><strong>fecit,</strong></span> <span class='ocrx_word' id='word_1_127' title='bbox 1220 1794 1449 1863; x_wconf 90' lang='lat' dir='ltr'><strong>idipsum</strong></span> <span class='ocrx_word' id='word_1_128' title='bbox 1480 1804 1535 1849; x_wconf 90' lang='lat' dir='ltr'><strong>et</strong></span> <span class='ocrx_word' id='word_1_129' title='bbox 1562 1804 1616 1849; x_wconf 90' lang='lat' dir='ltr'><strong>tu</strong></span> <span class='ocrx_word' id='word_1_130' title='bbox 1647 1809 1839 1849; x_wconf 90' lang='lat' dir='ltr'><strong>secun-</strong></span> 
     </span>
    </p>
   </div>
   <div class='ocr_carea' id='block_1_18' title="bbox 244 1871 1843 1955">
    <p class='ocr_par' dir='ltr' id='par_1_18' title="bbox 244 1871 1843 1955">
     <span class='ocr_line' id='line_1_18' title="bbox 244 1871 1843 1955; baseline 0.001 -16"><span class='ocrx_word' id='word_1_131' title='bbox 244 1885 373 1939; x_wconf 90' lang='lat' dir='ltr'><strong>dum</strong></span> <span class='ocrx_word' id='word_1_132' title='bbox 423 1886 711 1939; x_wconf 86' lang='lat' dir='ltr'><strong>humanam</strong></span> <span class='ocrx_word' id='word_1_133' title='bbox 744 1884 1049 1939; x_wconf 82' lang='lat' dir='ltr'><strong>facultatem</strong></span> <span class='ocrx_word' id='word_1_134' title='bbox 1079 1884 1259 1950; x_wconf 88' lang='lat' dir='ltr'><strong>facito,</strong></span> <span class='ocrx_word' id='word_1_135' title='bbox 1306 1871 1557 1955; x_wconf 68' lang='lat' dir='ltr'><strong>pacisqtfe</strong></span> <span class='ocrx_word' id='word_1_136' title='bbox 1586 1886 1843 1941; x_wconf 87' lang='lat' dir='ltr'><strong>concilia-</strong></span> 
     </span>
    </p>
   </div>
   <div class='ocr_carea' id='block_1_19' title="bbox 244 1976 1842 2048">
    <p class='ocr_par' dir='ltr' id='par_1_19' title="bbox 244 1976 1842 2048">
     <span class='ocr_line' id='line_1_19' title="bbox 244 1976 1842 2048; baseline 0.001 -16"><span class='ocrx_word' id='word_1_137' title='bbox 244 1986 330 2032; x_wconf 89' lang='lat' dir='ltr'><strong>tor</strong></span> <span class='ocrx_word' id='word_1_138' title='bbox 358 1985 415 2032; x_wconf 91' lang='lat' dir='ltr'><strong>et</strong></span> <span class='ocrx_word' id='word_1_139' title='bbox 441 1977 535 2031; x_wconf 86' lang='lat' dir='ltr'><strong>tibi</strong></span> <span class='ocrx_word' id='word_1_140' title='bbox 562 1978 667 2043; x_wconf 85' lang='lat' dir='ltr'><strong>sis,</strong></span> <span class='ocrx_word' id='word_1_141' title='bbox 699 1985 753 2032; x_wconf 90' lang='lat' dir='ltr'><strong>et</strong></span> <span class='ocrx_word' id='word_1_142' title='bbox 786 1976 1033 2048; x_wconf 77' lang='lat' dir='ltr'><strong>proximo</strong></span> <span class='ocrx_word' id='word_1_143' title='bbox 1064 1986 1175 2031; x_wconf 89' lang='lat' dir='ltr'><strong>tuo.</strong></span> <span class='ocrx_word' id='word_1_144' title='bbox 1213 1978 1335 2032; x_wconf 88' lang='lat' dir='ltr'><strong>Ideo</strong></span> <span class='ocrx_word' id='word_1_145' title='bbox 1366 1978 1531 2031; x_wconf 86' lang='lat' dir='ltr'><strong>filium</strong></span> <span class='ocrx_word' id='word_1_146' title='bbox 1564 1978 1657 2033; x_wconf 89' lang='lat' dir='ltr'><strong>Dei</strong></span> <span class='ocrx_word' id='word_1_147' title='bbox 1684 1988 1842 2033; x_wconf 80' lang='lat' dir='ltr'><strong>v0cat</strong></span> 
     </span>
    </p>
   </div>
   <div class='ocr_carea' id='block_1_20' title="bbox 241 2068 1840 2141">
    <p class='ocr_par' dir='ltr' id='par_1_20' title="bbox 241 2068 1840 2141">
     <span class='ocr_line' id='line_1_20' title="bbox 241 2068 1840 2141; baseline 0.001 -17"><span class='ocrx_word' id='word_1_148' title='bbox 241 2068 526 2141; x_wconf 85' lang='lat' dir='ltr'><strong>paciﬁcum</strong></span> <span class='ocrx_word' id='word_1_149' title='bbox 562 2084 576 2121; x_wconf 92' lang='lat'><strong>:</strong></span> <span class='ocrx_word' id='word_1_150' title='bbox 609 2084 727 2123; x_wconf 88' lang='lat' dir='ltr'><strong>eam</strong></span> <span class='ocrx_word' id='word_1_151' title='bbox 753 2068 824 2123; x_wconf 89' lang='lat' dir='ltr'><strong>ob</strong></span> <span class='ocrx_word' id='word_1_152' title='bbox 847 2084 969 2125; x_wconf 62' lang='lat' dir='ltr'><strong>rem,</strong></span> <span class='ocrx_word' id='word_1_153' title='bbox 998 2069 1047 2123; x_wconf 91' lang='lat' dir='ltr'><strong>in</strong></span> <span class='ocrx_word' id='word_1_154' title='bbox 1074 2078 1321 2139; x_wconf 89' lang='lat' dir='ltr'><strong>tempore</strong></span> <span class='ocrx_word' id='word_1_155' title='bbox 1360 2069 1609 2124; x_wconf 88' lang='lat' dir='ltr'><strong>sacrificii</strong></span> <span class='ocrx_word' id='word_1_156' title='bbox 1634 2069 1840 2126; x_wconf 89' lang='lat' dir='ltr'><strong>nullum</strong></span> 
     </span>
    </p>
   </div>
   <div class='ocr_carea' id='block_1_21' title="bbox 240 2159 1839 2230">
    <p class='ocr_par' dir='ltr' id='par_1_21' title="bbox 240 2159 1839 2230">
     <span class='ocr_line' id='line_1_21' title="bbox 240 2159 1839 2230; baseline 0.001 -16"><span class='ocrx_word' id='word_1_157' title='bbox 240 2161 408 2215; x_wconf 90' lang='lat' dir='ltr'><strong>alium</strong></span> <span class='ocrx_word' id='word_1_158' title='bbox 436 2169 704 2216; x_wconf 88' lang='lat' dir='ltr'><strong>memorat</strong></span> <span class='ocrx_word' id='word_1_159' title='bbox 722 2159 944 2230; x_wconf 68' lang='lat' dir='ltr'><strong>iustitia:</strong></span> <span class='ocrx_word' id='word_1_160' title='bbox 967 2161 1203 2226; x_wconf 89' lang='lat' dir='ltr'><strong>modum,</strong></span> <span class='ocrx_word' id='word_1_161' title='bbox 1230 2161 1330 2215; x_wconf 89' lang='lat' dir='ltr'><strong>nisi</strong></span> <span class='ocrx_word' id='word_1_162' title='bbox 1354 2162 1839 2217; x_wconf 84' lang='lat' dir='ltr'><strong>reconciliationem</strong></span> 
     </span>
    </p>
   </div>
   <div class='ocr_carea' id='block_1_22' title="bbox 239 2254 1840 2322">
    <p class='ocr_par' dir='ltr' id='par_1_22' title="bbox 239 2254 1840 2322">
     <span class='ocr_line' id='line_1_22' title="bbox 239 2254 1840 2322; baseline -0.001 -12"><span class='ocrx_word' id='word_1_163' title='bbox 239 2270 364 2311; x_wconf 89' lang='lat' dir='ltr'><strong>cum</strong></span> <span class='ocrx_word' id='word_1_164' title='bbox 409 2254 610 2322; x_wconf 80' lang='lat' dir='ltr'><strong>fratre,</strong></span> <span class='ocrx_word' id='word_1_165' title='bbox 654 2254 944 2311; x_wconf 83' lang='lat' dir='ltr'><strong>ostendens</strong></span> <span class='ocrx_word' id='word_1_166' title='bbox 988 2255 1263 2309; x_wconf 87' lang='lat' dir='ltr'><strong>caritatem</strong></span> <span class='ocrx_word' id='word_1_167' title='bbox 1302 2256 1545 2310; x_wconf 85' lang='lat' dir='ltr'><strong>omnium</strong></span> <span class='ocrx_word' id='word_1_168' title='bbox 1587 2255 1840 2310; x_wconf 85' lang='lat' dir='ltr'><strong>virtutum</strong></span> 
     </span>
    </p>
   </div>
   <div class='ocr_carea' id='block_1_23' title="bbox 242 2346 1841 2419">
    <p class='ocr_par' dir='ltr' id='par_1_23' title="bbox 242 2346 1841 2419">
     <span class='ocr_line' id='line_1_23' title="bbox 242 2346 1841 2419; baseline 0.001 -16"><span class='ocrx_word' id='word_1_169' title='bbox 242 2350 531 2404; x_wconf 80' lang='lat' dir='ltr'><strong>maximam</strong></span> <span class='ocrx_word' id='word_1_170' title='bbox 575 2363 716 2403; x_wconf 84' lang='lat' dir='ltr'><strong>esse.</strong></span> <span class='ocrx_word' id='word_1_171' title='bbox 758 2346 1018 2404; x_wconf 81' lang='lat' dir='ltr'><strong>Volebam</strong></span> <span class='ocrx_word' id='word_1_172' title='bbox 1060 2363 1211 2414; x_wconf 87' lang='lat' dir='ltr'><strong>sane,</strong></span> <span class='ocrx_word' id='word_1_173' title='bbox 1251 2347 1451 2413; x_wconf 90' lang='lat' dir='ltr'><strong>dilecti,</strong></span> <span class='ocrx_word' id='word_1_174' title='bbox 1496 2350 1841 2419; x_wconf 80' lang='lat' dir='ltr'><strong>prolixiorem</strong></span> 
     </span>
    </p>
   </div>
   <div class='ocr_carea' id='block_1_24' title="bbox 242 2438 1841 2512">
    <p class='ocr_par' dir='ltr' id='par_1_24' title="bbox 242 2438 1841 2512">
     <span class='ocr_line' id='line_1_24' title="bbox 242 2438 1841 2512; baseline 0.003 -19"><span class='ocrx_word' id='word_1_175' title='bbox 242 2441 446 2495; x_wconf 87' lang='lat' dir='ltr'><strong>habere</strong></span> <span class='ocrx_word' id='word_1_176' title='bbox 492 2454 797 2495; x_wconf 84' lang='lat' dir='ltr'><strong>sermonem</strong></span> <span class='ocrx_word' id='word_1_177' title='bbox 840 2458 854 2492; x_wconf 90' lang='lat'><strong>:</strong></span> <span class='ocrx_word' id='word_1_178' title='bbox 900 2454 1082 2494; x_wconf 89' lang='lat' dir='ltr'><strong>verum</strong></span> <span class='ocrx_word' id='word_1_179' title='bbox 1127 2438 1395 2495; x_wconf 87' lang='lat' dir='ltr'><strong>sufficiunt</strong></span> <span class='ocrx_word' id='word_1_180' title='bbox 1435 2456 1495 2496; x_wconf 91' lang='lat' dir='ltr'><strong>ea</strong></span> <span class='ocrx_word' id='word_1_181' title='bbox 1542 2458 1660 2512; x_wconf 81' lang='lat' dir='ltr'><strong>quae</strong></span> <span class='ocrx_word' id='word_1_182' title='bbox 1701 2442 1841 2497; x_wconf 90' lang='lat' dir='ltr'><strong>dicta</strong></span> 
     </span>
    </p>
   </div>
   <div class='ocr_carea' id='block_1_25' title="bbox 238 2530 1842 2602">
    <p class='ocr_par' dir='ltr' id='par_1_25' title="bbox 238 2530 1842 2602">
     <span class='ocr_line' id='line_1_25' title="bbox 238 2530 1842 2602; baseline 0.002 -17"><span class='ocrx_word' id='word_1_183' title='bbox 238 2543 367 2586; x_wconf 85' lang='lat' dir='ltr'><strong>sunt</strong></span> <span class='ocrx_word' id='word_1_184' title='bbox 392 2531 480 2598; x_wconf 87' lang='lat' dir='ltr'><strong>iis,</strong></span> <span class='ocrx_word' id='word_1_185' title='bbox 507 2530 596 2602; x_wconf 89' lang='lat' dir='ltr'><strong>qui</strong></span> <span class='ocrx_word' id='word_1_186' title='bbox 623 2546 811 2587; x_wconf 89' lang='lat' dir='ltr'><strong>semen</strong></span> <span class='ocrx_word' id='word_1_187' title='bbox 840 2531 1051 2601; x_wconf 85' lang='lat' dir='ltr'><strong>pietatis</strong></span> <span class='ocrx_word' id='word_1_188' title='bbox 1097 2547 1218 2585; x_wconf 89' lang='lat' dir='ltr'><strong>cum</strong></span> <span class='ocrx_word' id='word_1_189' title='bbox 1249 2533 1543 2587; x_wconf 89' lang='lat' dir='ltr'><strong>attentione</strong></span> <span class='ocrx_word' id='word_1_190' title='bbox 1586 2542 1640 2587; x_wconf 89' lang='lat' dir='ltr'><strong>et</strong></span> <span class='ocrx_word' id='word_1_191' title='bbox 1686 2534 1842 2588; x_wconf 90' lang='lat' dir='ltr'><strong>intel-</strong></span> 
     </span>
    </p>
   </div>
   <div class='ocr_carea' id='block_1_26' title="bbox 238 2623 1843 2695">
    <p class='ocr_par' dir='ltr' id='par_1_26' title="bbox 238 2623 1843 2695">
     <span class='ocr_line' id='line_1_26' title="bbox 238 2623 1843 2695; baseline -0.001 -14"><span class='ocrx_word' id='word_1_192' title='bbox 238 2624 458 2695; x_wconf 87' lang='lat' dir='ltr'><strong>ligentia</strong></span> <span class='ocrx_word' id='word_1_193' title='bbox 506 2623 825 2694; x_wconf 88' lang='lat' dir='ltr'><strong>suscipiunt,</strong></span> <span class='ocrx_word' id='word_1_194' title='bbox 868 2624 1067 2695; x_wconf 87' lang='lat' dir='ltr'><strong>quique</strong></span> <span class='ocrx_word' id='word_1_195' title='bbox 1113 2624 1269 2681; x_wconf 91' lang='lat' dir='ltr'><strong>dictis</strong></span> <span class='ocrx_word' id='word_1_196' title='bbox 1312 2625 1547 2681; x_wconf 90' lang='lat' dir='ltr'><strong>animum</strong></span> <span class='ocrx_word' id='word_1_197' title='bbox 1587 2625 1843 2682; x_wconf 90' lang='lat' dir='ltr'><strong>adhibere</strong></span> 
     </span>
    </p>
   </div>
   <div class='ocr_carea' id='block_1_27' title="bbox 239 2714 1841 2787">
    <p class='ocr_par' dir='ltr' id='par_1_27' title="bbox 239 2714 1841 2787">
     <span class='ocr_line' id='line_1_27' title="bbox 239 2714 1841 2787; baseline 0.001 -16"><span class='ocrx_word' id='word_1_198' title='bbox 239 2715 447 2772; x_wconf 80' lang='lat' dir='ltr'><strong>volunt.</strong></span> <span class='ocrx_word' id='word_1_199' title='bbox 494 2714 718 2779; x_wconf 80' lang='lat' dir='ltr'><strong>ﬂorum,</strong></span> <span class='ocrx_word' id='word_1_200' title='bbox 763 2730 970 2786; x_wconf 67' lang='lat' dir='ltr'><strong>quaeso,</strong></span> <span class='ocrx_word' id='word_1_201' title='bbox 999 2716 1284 2772; x_wconf 77' lang='lat' dir='ltr'><strong>verborum</strong></span> <span class='ocrx_word' id='word_1_202' title='bbox 1328 2732 1543 2787; x_wconf 89' lang='lat' dir='ltr'><strong>semper</strong></span> <span class='ocrx_word' id='word_1_203' title='bbox 1586 2718 1841 2773; x_wconf 91' lang='lat' dir='ltr'><strong>recorde-</strong></span> 
     </span>
    </p>
   </div>
   <div class='ocr_carea' id='block_1_28' title="bbox 240 2806 1840 2879">
    <p class='ocr_par' dir='ltr' id='par_1_28' title="bbox 240 2806 1840 2879">
     <span class='ocr_line' id='line_1_28' title="bbox 240 2806 1840 2879; baseline 0.001 -18"><span class='ocrx_word' id='word_1_204' title='bbox 240 2821 385 2872; x_wconf 86' lang='lat' dir='ltr'><strong>mur,</strong></span> <span class='ocrx_word' id='word_1_205' title='bbox 436 2806 811 2875; x_wconf 88' lang='lat' dir='ltr'><strong>tremendique</strong></span> <span class='ocrx_word' id='word_1_206' title='bbox 854 2808 1153 2878; x_wconf 82' lang='lat' dir='ltr'><strong>amplexus,</strong></span> <span class='ocrx_word' id='word_1_207' title='bbox 1202 2823 1360 2879; x_wconf 91' lang='lat' dir='ltr'><strong>quem</strong></span> <span class='ocrx_word' id='word_1_208' title='bbox 1406 2818 1593 2864; x_wconf 89' lang='lat' dir='ltr'><strong>mutuo</strong></span> <span class='ocrx_word' id='word_1_209' title='bbox 1629 2809 1840 2863; x_wconf 88' lang='lat' dir='ltr'><strong>damus.</strong></span> 
     </span>
    </p>
   </div>
   <div class='ocr_carea' id='block_1_29' title="bbox 240 2898 1842 2971">
    <p class='ocr_par' dir='ltr' id='par_1_29' title="bbox 240 2898 1842 2971">
     <span class='ocr_line' id='line_1_29' title="bbox 240 2898 1842 2971; baseline 0.002 -17"><span class='ocrx_word' id='word_1_210' title='bbox 240 2898 343 2955; x_wconf 73' lang='lat' dir='ltr'><strong>llic</strong></span> <span class='ocrx_word' id='word_1_211' title='bbox 365 2899 514 2954; x_wconf 80' lang='lat' dir='ltr'><strong>enim</strong></span> <span class='ocrx_word' id='word_1_212' title='bbox 539 2899 821 2970; x_wconf 75' lang='lat' dir='ltr'><strong>amplexus</strong></span> <span class='ocrx_word' id='word_1_213' title='bbox 845 2899 1053 2954; x_wconf 88' lang='lat' dir='ltr'><strong>animas</strong></span> <span class='ocrx_word' id='word_1_214' title='bbox 1074 2900 1287 2971; x_wconf 80' lang='lat' dir='ltr'><strong>colligat</strong></span> <span class='ocrx_word' id='word_1_215' title='bbox 1308 2912 1540 2967; x_wconf 86' lang='lat' dir='ltr'><strong>nostras,</strong></span> <span class='ocrx_word' id='word_1_216' title='bbox 1564 2910 1619 2957; x_wconf 89' lang='lat' dir='ltr'><strong>et</strong></span> <span class='ocrx_word' id='word_1_217' title='bbox 1652 2917 1842 2957; x_wconf 87' lang='lat' dir='ltr'><strong>omnes</strong></span> 
     </span>
    </p>
   </div>
   <div class='ocr_carea' id='block_1_30' title="bbox 242 2990 1839 3064">
    <p class='ocr_par' dir='ltr' id='par_1_30' title="bbox 242 2990 1839 3064">
     <span class='ocr_line' id='line_1_30' title="bbox 242 2990 1839 3064; baseline 0.003 -21"><span class='ocrx_word' id='word_1_218' title='bbox 242 3004 409 3045; x_wconf 88' lang='lat' dir='ltr'><strong>unum</strong></span> <span class='ocrx_word' id='word_1_219' title='bbox 452 3005 650 3060; x_wconf 88' lang='lat' dir='ltr'><strong>corpus</strong></span> <span class='ocrx_word' id='word_1_220' title='bbox 699 3005 763 3044; x_wconf 90' lang='lat' dir='ltr'><strong>ac</strong></span> <span class='ocrx_word' id='word_1_221' title='bbox 809 2990 1049 3045; x_wconf 90' lang='lat' dir='ltr'><strong>membra</strong></span> <span class='ocrx_word' id='word_1_222' title='bbox 1089 2990 1287 3046; x_wconf 86' lang='lat' dir='ltr'><strong>Cbristi</strong></span> <span class='ocrx_word' id='word_1_223' title='bbox 1334 2992 1497 3047; x_wconf 87' lang='lat' dir='ltr'><strong>efficit</strong></span> <span class='ocrx_word' id='word_1_224' title='bbox 1542 2995 1839 3064; x_wconf 87' lang='lat' dir='ltr'><strong>:quoniam</strong></span> 
     </span>
    </p>
   </div>
   <div class='ocr_carea' id='block_1_31' title="bbox 239 3080 1841 3154">
    <p class='ocr_par' dir='ltr' id='par_1_31' title="bbox 239 3080 1841 3154">
     <span class='ocr_line' id='line_1_31' title="bbox 239 3080 1841 3154; baseline 0.004 -19"><span class='ocrx_word' id='word_1_225' title='bbox 239 3080 398 3135; x_wconf 90' lang='lat' dir='ltr'><strong>unius</strong></span> <span class='ocrx_word' id='word_1_226' title='bbox 424 3080 669 3149; x_wconf 89' lang='lat' dir='ltr'><strong>corporis</strong></span> <span class='ocrx_word' id='word_1_227' title='bbox 696 3080 981 3150; x_wconf 86' lang='lat' dir='ltr'><strong>participes</strong></span> <span class='ocrx_word' id='word_1_228' title='bbox 1005 3095 1192 3135; x_wconf 90' lang='lat' dir='ltr'><strong>sumus</strong></span> <span class='ocrx_word' id='word_1_229' title='bbox 1213 3096 1420 3138; x_wconf 90' lang='lat' dir='ltr'><strong>omnes.</strong></span> <span class='ocrx_word' id='word_1_230' title='bbox 1452 3082 1629 3139; x_wconf 89' lang='lat' dir='ltr'><strong>Unum</strong></span> <span class='ocrx_word' id='word_1_231' title='bbox 1660 3086 1841 3154; x_wconf 88' lang='lat' dir='ltr'><strong>itaque</strong></span> 
     </span>
    </p>
   </div>
   <div class='ocr_carea' id='block_1_32' title="bbox 239 3169 1838 3242">
    <p class='ocr_par' dir='ltr' id='par_1_32' title="bbox 239 3169 1838 3242">
     <span class='ocr_line' id='line_1_32' title="bbox 239 3169 1838 3242; baseline 0.003 -16"><span class='ocrx_word' id='word_1_232' title='bbox 239 3171 537 3239; x_wconf 82' lang='lat' dir='ltr'><strong>secundum</strong></span> <span class='ocrx_word' id='word_1_233' title='bbox 583 3169 663 3225; x_wconf 89' lang='lat' dir='ltr'><strong>rei</strong></span> <span class='ocrx_word' id='word_1_234' title='bbox 712 3173 994 3226; x_wconf 86' lang='lat' dir='ltr'><strong>veritatem</strong></span> <span class='ocrx_word' id='word_1_235' title='bbox 1042 3186 1242 3242; x_wconf 90' lang='lat' dir='ltr'><strong>corpus</strong></span> <span class='ocrx_word' id='word_1_236' title='bbox 1288 3171 1585 3227; x_wconf 89' lang='lat' dir='ltr'><strong>efﬁciamur</strong></span> <span class='ocrx_word' id='word_1_237' title='bbox 1628 3190 1838 3241; x_wconf 86' lang='lat' dir='ltr'><strong>omnes,</strong></span> 
     </span>
    </p>
   </div>
   <div class='ocr_carea' id='block_1_33' title="bbox 241 3264 1841 3331">
    <p class='ocr_par' dir='ltr' id='par_1_33' title="bbox 241 3264 1841 3331">
     <span class='ocr_line' id='line_1_33' title="bbox 241 3264 1841 3331; baseline 0.003 -14"><span class='ocrx_word' id='word_1_238' title='bbox 241 3278 350 3318; x_wconf 88' lang='lat' dir='ltr'><strong>non</strong></span> <span class='ocrx_word' id='word_1_239' title='bbox 376 3278 606 3331; x_wconf 87' lang='lat' dir='ltr'><strong>corpora</strong></span> <span class='ocrx_word' id='word_1_240' title='bbox 638 3265 1085 3331; x_wconf 88' lang='lat' dir='ltr'><strong>commiscentes,</strong></span> <span class='ocrx_word' id='word_1_241' title='bbox 1125 3264 1221 3319; x_wconf 91' lang='lat' dir='ltr'><strong>sed</strong></span> <span class='ocrx_word' id='word_1_242' title='bbox 1245 3264 1453 3320; x_wconf 90' lang='lat' dir='ltr'><strong>animas</strong></span> <span class='ocrx_word' id='word_1_243' title='bbox 1483 3277 1669 3321; x_wconf 88' lang='lat' dir='ltr'><strong>mutuo</strong></span> <span class='ocrx_word' id='word_1_244' title='bbox 1705 3270 1841 3322; x_wconf 80' lang='lat' dir='ltr'><strong>cari-</strong></span> 
     </span>
    </p>
   </div>
   <div class='ocr_carea' id='block_1_34' title="bbox 240 3354 1842 3425">
    <p class='ocr_par' dir='ltr' id='par_1_34' title="bbox 240 3354 1842 3425">
     <span class='ocr_line' id='line_1_34' title="bbox 240 3354 1842 3425; baseline 0.004 -17"><span class='ocrx_word' id='word_1_245' title='bbox 240 3355 368 3408; x_wconf 83' lang='lat' dir='ltr'><strong>tatis</strong></span> <span class='ocrx_word' id='word_1_246' title='bbox 398 3354 610 3411; x_wconf 82' lang='lat' dir='ltr'><strong>vinculo</strong></span> <span class='ocrx_word' id='word_1_247' title='bbox 632 3354 969 3425; x_wconf 83' lang='lat' dir='ltr'><strong>colligantcs.</strong></span> <span class='ocrx_word' id='word_1_248' title='bbox 1013 3355 1069 3411; x_wconf 91' lang='lat' dir='ltr'><strong>Si</strong></span> <span class='ocrx_word' id='word_1_249' title='bbox 1113 3356 1258 3411; x_wconf 88' lang='lat' dir='ltr'><strong>enim</strong></span> <span class='ocrx_word' id='word_1_250' title='bbox 1304 3357 1375 3411; x_wconf 90' lang='lat' dir='ltr'><strong>ita</strong></span> <span class='ocrx_word' id='word_1_251' title='bbox 1420 3358 1697 3425; x_wconf 87' lang='lat' dir='ltr'><strong>faciamus,</strong></span> <span class='ocrx_word' id='word_1_252' title='bbox 1742 3356 1842 3415; x_wconf 87' lang='lat' dir='ltr'><strong>hac</strong></span> 
     </span>
    </p>
   </div>
   <div class='ocr_carea' id='block_1_35' title="bbox 240 3445 1833 3504">
    <p class='ocr_par' dir='ltr' id='par_1_35' title="bbox 240 3445 1833 3504">
     <span class='ocr_line' id='line_1_35' title="bbox 240 3445 1833 3504; baseline 0.001 -3"><span class='ocrx_word' id='word_1_253' title='bbox 240 3445 345 3501; x_wconf 83' lang='lat' dir='ltr'><strong>frui</strong></span> <span class='ocrx_word' id='word_1_254' title='bbox 372 3459 560 3501; x_wconf 88' lang='lat' dir='ltr'><strong>mensa</strong></span> <span class='ocrx_word' id='word_1_255' title='bbox 606 3460 727 3501; x_wconf 91' lang='lat' dir='ltr'><strong>cum</strong></span> <span class='ocrx_word' id='word_1_256' title='bbox 756 3445 945 3501; x_wconf 86' lang='lat' dir='ltr'><strong>ﬁducia</strong></span> <span class='ocrx_word' id='word_1_257' title='bbox 985 3455 1039 3502; x_wconf 89' lang='lat' dir='ltr'><strong>et</strong></span> <span class='ocrx_word' id='word_1_258' title='bbox 1084 3461 1113 3500; x_wconf 90' lang='lat' dir='ltr'><strong>a</strong></span> <span class='ocrx_word' id='word_1_259' title='bbox 1142 3446 1342 3503; x_wconf 79' lang='lat' dir='ltr'><strong>victore</strong></span> <span class='ocrx_word' id='word_1_260' title='bbox 1370 3449 1580 3503; x_wconf 77' lang='lat' dir='ltr'><strong>Christo</strong></span> <span class='ocrx_word' id='word_1_261' title='bbox 1620 3449 1833 3504; x_wconf 84' lang='lat' dir='ltr'><strong>tandem</strong></span> 
     </span>
    </p>
   </div>
   <div class='ocr_carea' id='block_1_36' title="bbox 1036 308 2612 374">
    <p class='ocr_par' dir='ltr' id='par_1_36' title="bbox 1036 308 2612 374">
     <span class='ocr_line' id='line_1_36' title="bbox 1036 308 2612 374; baseline -0.004 -3"><span class='ocrx_word' id='word_1_262' title='bbox 1036 317 1122 372; x_wconf 84' lang='lat' dir='ltr'><strong>DE</strong></span> <span class='ocrx_word' id='word_1_263' title='bbox 1163 316 1595 374; x_wconf 75' lang='lat' dir='ltr'><strong>COEMETERIO</strong></span> <span class='ocrx_word' id='word_1_264' title='bbox 1636 315 1724 371; x_wconf 80' lang='lat' dir='ltr'><strong>ET</strong></span> <span class='ocrx_word' id='word_1_265' title='bbox 1770 316 1858 371; x_wconf 81' lang='lat' dir='ltr'><strong>DE.</strong></span> <span class='ocrx_word' id='word_1_266' title='bbox 1896 313 2145 371; x_wconf 80' lang='lat' dir='ltr'><strong>CRUCE.</strong></span> <span class='ocrx_word' id='word_1_267' title='bbox 2179 341 2247 348; x_wconf 85' lang='lat'><strong>——-</strong></span> <span class='ocrx_word' id='word_1_268' title='bbox 2277 308 2612 367; x_wconf 70' lang='lat' dir='ltr'><strong>MONITUM.</strong></span> 
     </span>
    </p>
   </div>
   <div class='ocr_carea' id='block_1_37' title="bbox 3438 312 3543 369">
    <p class='ocr_par' dir='ltr' id='par_1_37' title="bbox 3438 312 3543 369">
     <span class='ocr_line' id='line_1_37' title="bbox 3438 312 3543 369; baseline 0 -1"><span class='ocrx_word' id='word_1_269' title='bbox 3438 312 3543 369; x_wconf 67' lang='lat'><strong>393</strong></span> 
     </span>
    </p>
   </div>
   <div class='ocr_carea' id='block_1_38' title="bbox 1946 418 3544 490">
    <p class='ocr_par' dir='ltr' id='par_1_38' title="bbox 1946 418 3544 490">
     <span class='ocr_line' id='line_1_38' title="bbox 1946 418 3544 490; baseline 0.005 -18"><span class='ocrx_word' id='word_1_270' title='bbox 1946 419 2247 472; x_wconf 65' lang='lat' dir='ltr'><strong>conciliatur</strong></span> <span class='ocrx_word' id='word_1_271' title='bbox 2278 420 2420 486; x_wconf 89' lang='lat' dir='ltr'><strong>pacis</strong></span> <span class='ocrx_word' id='word_1_272' title='bbox 2448 418 2785 487; x_wconf 85' lang='lat' dir='ltr'><strong>receptacula</strong></span> <span class='ocrx_word' id='word_1_273' title='bbox 2819 418 2931 473; x_wconf 88' lang='lat' dir='ltr'><strong>fieri</strong></span> <span class='ocrx_word' id='word_1_274' title='bbox 2974 421 3287 490; x_wconf 83' lang='lat' dir='ltr'><strong>poterimus.</strong></span> <span class='ocrx_word' id='word_1_275' title='bbox 3335 423 3544 490; x_wconf 75' lang='lat' dir='ltr'><strong>Etenim</strong></span> 
     </span>
    </p>
   </div>
   <div class='ocr_carea' id='block_1_39' title="bbox 1944 509 3548 580">
    <p class='ocr_par' dir='ltr' id='par_1_39' title="bbox 1944 509 3548 580">
     <span class='ocr_line' id='line_1_39' title="bbox 1944 509 3548 580; baseline 0.004 -16"><span class='ocrx_word' id='word_1_276' title='bbox 1944 510 1990 564; x_wconf 90' lang='lat' dir='ltr'><strong>si</strong></span> <span class='ocrx_word' id='word_1_277' title='bbox 2020 518 2273 563; x_wconf 79' lang='lat' dir='ltr'><strong>sexcenta</strong></span> <span class='ocrx_word' id='word_1_278' title='bbox 2313 509 2452 564; x_wconf 87' lang='lat' dir='ltr'><strong>bona</strong></span> <span class='ocrx_word' id='word_1_279' title='bbox 2480 523 2643 578; x_wconf 82' lang='lat' dir='ltr'><strong>npcra</strong></span> <span class='ocrx_word' id='word_1_280' title='bbox 2693 526 2856 579; x_wconf 87' lang='lat' dir='ltr'><strong>penes</strong></span> <span class='ocrx_word' id='word_1_281' title='bbox 2888 526 2985 566; x_wconf 86' lang='lat' dir='ltr'><strong>nos</strong></span> <span class='ocrx_word' id='word_1_282' title='bbox 3028 510 3355 580; x_wconf 83' lang='lat' dir='ltr'><strong>habeamus,</strong></span> <span class='ocrx_word' id='word_1_283' title='bbox 3386 526 3441 570; x_wconf 90' lang='lat' dir='ltr'><strong>et</strong></span> <span class='ocrx_word' id='word_1_284' title='bbox 3468 516 3548 570; x_wconf 84' lang='lat' dir='ltr'><strong>in-</strong></span> 
     </span>
    </p>
   </div>
   <div class='ocr_carea' id='block_1_40' title="bbox 1941 599 3545 669">
    <p class='ocr_par' dir='ltr' id='par_1_40' title="bbox 1941 599 3545 669">
     <span class='ocr_line' id='line_1_40' title="bbox 1941 599 3545 669; baseline 0.004 -17"><span class='ocrx_word' id='word_1_285' title='bbox 1941 599 2205 669; x_wconf 87' lang='lat' dir='ltr'><strong>juriarum</strong></span> <span class='ocrx_word' id='word_1_286' title='bbox 2234 614 2501 654; x_wconf 87' lang='lat' dir='ltr'><strong>memores</strong></span> <span class='ocrx_word' id='word_1_287' title='bbox 2535 602 2734 668; x_wconf 88' lang='lat' dir='ltr'><strong>simus,</strong></span> <span class='ocrx_word' id='word_1_288' title='bbox 2763 602 2941 655; x_wconf 85' lang='lat' dir='ltr'><strong>omnia</strong></span> <span class='ocrx_word' id='word_1_289' title='bbox 2970 599 3164 657; x_wconf 87' lang='lat' dir='ltr'><strong>frustra</strong></span> <span class='ocrx_word' id='word_1_290' title='bbox 3195 613 3249 659; x_wconf 90' lang='lat' dir='ltr'><strong>et</strong></span> <span class='ocrx_word' id='word_1_291' title='bbox 3278 605 3545 661; x_wconf 86' lang='lat' dir='ltr'><strong>incassum</strong></span> 
     </span>
    </p>
   </div>
   <div class='ocr_carea' id='block_1_41' title="bbox 1949 690 3547 765">
    <p class='ocr_par' dir='ltr' id='par_1_41' title="bbox 1949 690 3547 765">
     <span class='ocr_line' id='line_1_41' title="bbox 1949 690 3547 765; baseline 0.006 -21"><span class='ocrx_word' id='word_1_292' title='bbox 1949 690 2175 758; x_wconf 78' lang='lat' dir='ltr'><strong>egimus,</strong></span> <span class='ocrx_word' id='word_1_293' title='bbox 2212 691 2452 760; x_wconf 86' lang='lat' dir='ltr'><strong>nihilque</strong></span> <span class='ocrx_word' id='word_1_294' title='bbox 2479 691 2602 747; x_wconf 88' lang='lat' dir='ltr'><strong>inde</strong></span> <span class='ocrx_word' id='word_1_295' title='bbox 2642 694 2707 747; x_wconf 90' lang='lat' dir='ltr'><strong>ad</strong></span> <span class='ocrx_word' id='word_1_296' title='bbox 2737 693 2960 747; x_wconf 88' lang='lat' dir='ltr'><strong>salutem</strong></span> <span class='ocrx_word' id='word_1_297' title='bbox 2993 695 3187 749; x_wconf 86' lang='lat' dir='ltr'><strong>lucrari</strong></span> <span class='ocrx_word' id='word_1_298' title='bbox 3229 698 3547 765; x_wconf 84' lang='lat' dir='ltr'><strong>poterimus.</strong></span> 
     </span>
    </p>
   </div>
   <div class='ocr_carea' id='block_1_42' title="bbox 1947 783 3548 860">
    <p class='ocr_par' dir='ltr' id='par_1_42' title="bbox 1947 783 3548 860">
     <span class='ocr_line' id='line_1_42' title="bbox 1947 783 3548 860; baseline 0.006 -24"><span class='ocrx_word' id='word_1_299' title='bbox 1947 784 2282 837; x_wconf 85' lang='lat' dir='ltr'><strong>Ascensurus</strong></span> <span class='ocrx_word' id='word_1_300' title='bbox 2320 783 2463 838; x_wconf 89' lang='lat' dir='ltr'><strong>enim</strong></span> <span class='ocrx_word' id='word_1_301' title='bbox 2509 784 2575 838; x_wconf 89' lang='lat' dir='ltr'><strong>ad</strong></span> <span class='ocrx_word' id='word_1_302' title='bbox 2624 784 2840 840; x_wconf 87' lang='lat' dir='ltr'><strong>Patrem</strong></span> <span class='ocrx_word' id='word_1_303' title='bbox 2886 786 3149 851; x_wconf 88' lang='lat' dir='ltr'><strong>Christus,</strong></span> <span class='ocrx_word' id='word_1_304' title='bbox 3201 788 3318 843; x_wconf 88' lang='lat' dir='ltr'><strong>loco</strong></span> <span class='ocrx_word' id='word_1_305' title='bbox 3360 791 3548 860; x_wconf 68' lang='lat' dir='ltr'><strong>gloria:</strong></span> 
     </span>
    </p>
   </div>
   <div class='ocr_carea' id='block_1_43' title="bbox 1947 876 3546 947">
    <p class='ocr_par' dir='ltr' id='par_1_43' title="bbox 1947 876 3546 947">
     <span class='ocr_line' id='line_1_43' title="bbox 1947 876 3546 947; baseline 0.005 -21"><span class='ocrx_word' id='word_1_306' title='bbox 1947 882 2304 940; x_wconf 75' lang='lat' dir='ltr'><strong>temporanea:</strong></span> <span class='ocrx_word' id='word_1_307' title='bbox 2331 884 2385 930; x_wconf 87' lang='lat' dir='ltr'><strong>et</strong></span> <span class='ocrx_word' id='word_1_308' title='bbox 2411 890 2724 944; x_wconf 83' lang='lat' dir='ltr'><strong>magnarum</strong></span> <span class='ocrx_word' id='word_1_309' title='bbox 2751 891 2911 945; x_wconf 89' lang='lat' dir='ltr'><strong>opum</strong></span> <span class='ocrx_word' id='word_1_310' title='bbox 2929 918 2942 938; x_wconf 83' lang='lat'><em>.</em></span> <span class='ocrx_word' id='word_1_311' title='bbox 2979 876 3116 931; x_wconf 88' lang='lat' dir='ltr'><strong>hanc</strong></span> <span class='ocrx_word' id='word_1_312' title='bbox 3142 878 3421 947; x_wconf 88' lang='lat' dir='ltr'><strong>discipulis</strong></span> <span class='ocrx_word' id='word_1_313' title='bbox 3451 883 3546 934; x_wconf 83' lang='lat' dir='ltr'><strong>he-</strong></span> 
     </span>
    </p>
   </div>
   <div class='ocr_carea' id='block_1_44' title="bbox 1945 963 3547 1036">
    <p class='ocr_par' dir='ltr' id='par_1_44' title="bbox 1945 963 3547 1036">
     <span class='ocr_line' id='line_1_44' title="bbox 1945 963 3547 1036; baseline 0.004 -19"><span class='ocrx_word' id='word_1_314' title='bbox 1945 963 2226 1019; x_wconf 86' lang='lat' dir='ltr'><strong>reditatem</strong></span> <span class='ocrx_word' id='word_1_315' title='bbox 2275 965 2524 1034; x_wconf 89' lang='lat' dir='ltr'><strong>relinquit</strong></span> <span class='ocrx_word' id='word_1_316' title='bbox 2565 965 2752 1021; x_wconf 90' lang='lat' dir='ltr'><strong>dicens</strong></span> <span class='ocrx_word' id='word_1_317' title='bbox 2797 982 2810 1018; x_wconf 91' lang='lat'><strong>:</strong></span> <span class='ocrx_word' id='word_1_318' title='bbox 2844 966 3034 1022; x_wconf 86' lang='lat' dir='ltr'><strong>Pacem</strong></span> <span class='ocrx_word' id='word_1_319' title='bbox 3075 985 3237 1022; x_wconf 83' lang='lat' dir='ltr'><strong>meum</strong></span> <span class='ocrx_word' id='word_1_320' title='bbox 3276 969 3343 1023; x_wconf 90' lang='lat' dir='ltr'><strong>do</strong></span> <span class='ocrx_word' id='word_1_321' title='bbox 3391 971 3547 1036; x_wconf 71' lang='lat' dir='ltr'><strong>vobis,</strong></span> 
     </span>
    </p>
   </div>
   <div class='ocr_carea' id='block_1_45' title="bbox 1946 1056 3551 1131">
    <p class='ocr_par' dir='ltr' id='par_1_45' title="bbox 1946 1056 3551 1131">
     <span class='ocr_line' id='line_1_45' title="bbox 1946 1056 3551 1131; baseline 0.005 -24"><span class='ocrx_word' id='word_1_322' title='bbox 1946 1071 2122 1124; x_wconf 81' lang='lat' dir='ltr'><strong>pacem</strong></span> <span class='ocrx_word' id='word_1_323' title='bbox 2154 1072 2316 1108; x_wconf 86' lang='lat' dir='ltr'><strong>meam</strong></span> <span class='ocrx_word' id='word_1_324' title='bbox 2344 1057 2575 1126; x_wconf 81' lang='lat' dir='ltr'><strong>relinquo</strong></span> <span class='ocrx_word' id='word_1_325' title='bbox 2599 1056 2738 1110; x_wconf 73' lang='lat' dir='ltr'><strong>vobis</strong></span> <span class='ocrx_word' id='word_1_326' title='bbox 2770 1058 2949 1129; x_wconf 82' lang='lat' dir='ltr'><strong>(Joan.</strong></span> <span class='ocrx_word' id='word_1_327' title='bbox 2985 1060 3070 1114; x_wconf 78' lang='grc'><strong>14.</strong></span> <span class='ocrx_word' id='word_1_328' title='bbox 3100 1058 3226 1131; x_wconf 74' lang='grc'><strong>27).</strong></span> <span class='ocrx_word' id='word_1_329' title='bbox 3255 1061 3386 1128; x_wconf 59' lang='lat' dir='ltr'><strong>Quae</strong></span> <span class='ocrx_word' id='word_1_330' title='bbox 3414 1061 3551 1116; x_wconf 90' lang='lat' dir='ltr'><strong>divi-</strong></span> 
     </span>
    </p>
   </div>
   <div class='ocr_carea' id='block_1_46' title="bbox 1948 1146 3599 1220">
    <p class='ocr_par' dir='ltr' id='par_1_46' title="bbox 1948 1146 3599 1220">
     <span class='ocr_line' id='line_1_46' title="bbox 1948 1146 3599 1220; baseline 0.005 -21"><span class='ocrx_word' id='word_1_331' title='bbox 1948 1146 2055 1211; x_wconf 70' lang='lat' dir='ltr'><strong>tize,</strong></span> <span class='ocrx_word' id='word_1_332' title='bbox 2079 1157 2276 1215; x_wconf 87' lang='lat' dir='ltr'><strong>quanta</strong></span> <span class='ocrx_word' id='word_1_333' title='bbox 2303 1148 2648 1216; x_wconf 88' lang='lat' dir='ltr'><strong>pecuniarum</strong></span> <span class='ocrx_word' id='word_1_334' title='bbox 2674 1150 2826 1220; x_wconf 82' lang='lat' dir='ltr'><strong>cepia</strong></span> <span class='ocrx_word' id='word_1_335' title='bbox 2858 1150 3142 1219; x_wconf 86' lang='lat' dir='ltr'><strong>pretiosior</strong></span> <span class='ocrx_word' id='word_1_336' title='bbox 3164 1150 3326 1206; x_wconf 90' lang='lat' dir='ltr'><strong>fuerit</strong></span> <span class='ocrx_word' id='word_1_337' title='bbox 3347 1152 3548 1209; x_wconf 82' lang='lat' dir='ltr'><strong>Christi</strong></span> <span class='ocrx_word' id='word_1_338' title='bbox 3596 1193 3599 1195; x_wconf 93' lang='grc'><strong>-</strong></span> 
     </span>
    </p>
   </div>
   <div class='ocr_carea' id='block_1_47' title="bbox 1943 1242 3552 1315">
    <p class='ocr_par' dir='ltr' id='par_1_47' title="bbox 1943 1242 3552 1315">
     <span class='ocr_line' id='line_1_47' title="bbox 1943 1242 3552 1315; baseline 0.004 -23"><span class='ocrx_word' id='word_1_339' title='bbox 1943 1252 2106 1308; x_wconf 87' lang='lat' dir='ltr'><strong>pace,</strong></span> <span class='ocrx_word' id='word_1_340' title='bbox 2149 1255 2269 1309; x_wconf 75' lang='lat' dir='ltr'><strong>qua:</strong></span> <span class='ocrx_word' id='word_1_341' title='bbox 2296 1254 2457 1296; x_wconf 90' lang='lat' dir='ltr'><strong>omne</strong></span> <span class='ocrx_word' id='word_1_342' title='bbox 2486 1242 2707 1297; x_wconf 81' lang='lat' dir='ltr'><strong>verbum</strong></span> <span class='ocrx_word' id='word_1_343' title='bbox 2729 1284 2742 1306; x_wconf 91' lang='lat'><strong>,</strong></span> <span class='ocrx_word' id='word_1_344' title='bbox 2774 1257 2990 1298; x_wconf 88' lang='lat' dir='ltr'><strong>onmem</strong></span> <span class='ocrx_word' id='word_1_345' title='bbox 3031 1254 3267 1299; x_wconf 90' lang='lat' dir='ltr'><strong>mentem</strong></span> <span class='ocrx_word' id='word_1_346' title='bbox 3294 1246 3552 1315; x_wconf 72' lang='lat' dir='ltr'><strong>superat?</strong></span> 
     </span>
    </p>
   </div>
   <div class='ocr_carea' id='block_1_48' title="bbox 1944 1330 3548 1406">
    <p class='ocr_par' dir='ltr' id='par_1_48' title="bbox 1944 1330 3548 1406">
     <span class='ocr_line' id='line_1_48' title="bbox 1944 1330 3548 1406; baseline 0.004 -21"><span class='ocrx_word' id='word_1_347' title='bbox 1944 1330 2059 1385; x_wconf 83' lang='lat' dir='ltr'><strong>Hoc</strong></span> <span class='ocrx_word' id='word_1_348' title='bbox 2088 1332 2267 1400; x_wconf 81' lang='lat' dir='ltr'><strong>itaque</strong></span> <span class='ocrx_word' id='word_1_349' title='bbox 2305 1346 2426 1386; x_wconf 92' lang='lat' dir='ltr'><strong>cum</strong></span> <span class='ocrx_word' id='word_1_350' title='bbox 2457 1332 2619 1388; x_wconf 89' lang='lat' dir='ltr'><strong>sciret</strong></span> <span class='ocrx_word' id='word_1_351' title='bbox 2648 1333 2937 1389; x_wconf 74' lang='lat' dir='ltr'><strong>Malachias</strong></span> <span class='ocrx_word' id='word_1_352' title='bbox 2968 1335 3228 1405; x_wconf 89' lang='lat' dir='ltr'><strong>propheta</strong></span> <span class='ocrx_word' id='word_1_353' title='bbox 3252 1378 3265 1400; x_wconf 89' lang='lat'><strong>,</strong></span> <span class='ocrx_word' id='word_1_354' title='bbox 3304 1348 3356 1391; x_wconf 90' lang='lat' dir='ltr'><strong>et</strong></span> <span class='ocrx_word' id='word_1_355' title='bbox 3384 1352 3548 1406; x_wconf 75' lang='lat' dir='ltr'><strong>grave</strong></span> 
     </span>
    </p>
   </div>
   <div class='ocr_carea' id='block_1_49' title="bbox 1945 1424 3547 1496">
    <p class='ocr_par' dir='ltr' id='par_1_49' title="bbox 1945 1424 3547 1496">
     <span class='ocr_line' id='line_1_49' title="bbox 1945 1424 3547 1496; baseline 0.004 -19"><span class='ocrx_word' id='word_1_356' title='bbox 1945 1434 2001 1477; x_wconf 91' lang='lat' dir='ltr'><strong>et</strong></span> <span class='ocrx_word' id='word_1_357' title='bbox 2022 1424 2414 1478; x_wconf 89' lang='lat' dir='ltr'><strong>atrocissimum</strong></span> <span class='ocrx_word' id='word_1_358' title='bbox 2440 1439 2559 1479; x_wconf 90' lang='lat' dir='ltr'><strong>esse</strong></span> <span class='ocrx_word' id='word_1_359' title='bbox 2586 1425 2838 1479; x_wconf 85' lang='lat' dir='ltr'><strong>delictum</strong></span> <span class='ocrx_word' id='word_1_360' title='bbox 2858 1467 2873 1490; x_wconf 91' lang='lat'><strong>,</strong></span> <span class='ocrx_word' id='word_1_361' title='bbox 2908 1442 2975 1480; x_wconf 84' lang='lat' dir='ltr'><strong>ex</strong></span> <span class='ocrx_word' id='word_1_362' title='bbox 3006 1441 3235 1496; x_wconf 88' lang='lat' dir='ltr'><strong>persona</strong></span> <span class='ocrx_word' id='word_1_363' title='bbox 3266 1427 3356 1482; x_wconf 88' lang='lat' dir='ltr'><strong>Dei</strong></span> <span class='ocrx_word' id='word_1_364' title='bbox 3397 1428 3547 1483; x_wconf 85' lang='lat' dir='ltr'><strong>dice-</strong></span> 
     </span>
    </p>
   </div>
   <div class='ocr_carea' id='block_1_50' title="bbox 1948 1512 3555 1591">
    <p class='ocr_par' dir='ltr' id='par_1_50' title="bbox 1948 1512 3555 1591">
     <span class='ocr_line' id='line_1_50' title="bbox 1948 1512 3555 1591; baseline 0.006 -25"><span class='ocrx_word' id='word_1_365' title='bbox 1948 1514 2037 1567; x_wconf 86' lang='lat' dir='ltr'><strong>bat</strong></span> <span class='ocrx_word' id='word_1_366' title='bbox 2079 1532 2091 1567; x_wconf 89' lang='lat'><strong>:</strong></span> <span class='ocrx_word' id='word_1_367' title='bbox 2138 1512 2338 1584; x_wconf 83' lang='lat' dir='ltr'><strong>Popule</strong></span> <span class='ocrx_word' id='word_1_368' title='bbox 2380 1532 2554 1581; x_wconf 76' lang='lat' dir='ltr'><strong>meus,</strong></span> <span class='ocrx_word' id='word_1_369' title='bbox 2601 1516 2866 1583; x_wconf 75' lang='lat' dir='ltr'><strong>loquimini</strong></span> <span class='ocrx_word' id='word_1_370' title='bbox 2911 1520 3168 1571; x_wconf 78' lang='lat' dir='ltr'><strong>veritatem</strong></span> <span class='ocrx_word' id='word_1_371' title='bbox 3207 1522 3555 1591; x_wconf 74' lang='lat' dir='ltr'><strong>unusquisque</strong></span> 
     </span>
    </p>
   </div>
   <div class='ocr_carea' id='block_1_51' title="bbox 1946 1608 3555 1678">
    <p class='ocr_par' dir='ltr' id='par_1_51' title="bbox 1946 1608 3555 1678">
     <span class='ocr_line' id='line_1_51' title="bbox 1946 1608 3555 1678; baseline 0.007 -22"><span class='ocrx_word' id='word_1_372' title='bbox 1946 1621 2060 1657; x_wconf 85' lang='lat' dir='ltr'><strong>cum</strong></span> <span class='ocrx_word' id='word_1_373' title='bbox 2088 1608 2322 1673; x_wconf 76' lang='lat' dir='ltr'><strong>proximo</strong></span> <span class='ocrx_word' id='word_1_374' title='bbox 2345 1624 2459 1673; x_wconf 74' lang='lat' dir='ltr'><strong>suo,</strong></span> <span class='ocrx_word' id='word_1_375' title='bbox 2487 1617 2532 1661; x_wconf 84' lang='lat' dir='ltr'><strong>et</strong></span> <span class='ocrx_word' id='word_1_376' title='bbox 2559 1609 2904 1678; x_wconf 73' lang='lat' dir='ltr'><strong>unusquisque</strong></span> <span class='ocrx_word' id='word_1_377' title='bbox 2929 1610 3177 1663; x_wconf 80' lang='lat' dir='ltr'><strong>malitiam</strong></span> <span class='ocrx_word' id='word_1_378' title='bbox 3203 1613 3253 1665; x_wconf 88' lang='lat' dir='ltr'><strong>in</strong></span> <span class='ocrx_word' id='word_1_379' title='bbox 3281 1612 3435 1666; x_wconf 86' lang='lat' dir='ltr'><strong>corde</strong></span> <span class='ocrx_word' id='word_1_380' title='bbox 3458 1629 3555 1667; x_wconf 75' lang='lat' dir='ltr'><strong>suo</strong></span> 
     </span>
    </p>
   </div>
   <div class='ocr_carea' id='block_1_52' title="bbox 1945 1700 3553 1772">
    <p class='ocr_par' dir='ltr' id='par_1_52' title="bbox 1945 1700 3553 1772">
     <span class='ocr_line' id='line_1_52' title="bbox 1945 1700 3553 1772; baseline 0.005 -23"><span class='ocrx_word' id='word_1_381' title='bbox 1945 1706 2123 1750; x_wconf 84' lang='lat' dir='ltr'><strong>contra</strong></span> <span class='ocrx_word' id='word_1_382' title='bbox 2167 1700 2453 1766; x_wconf 75' lang='lat' dir='ltr'><strong>proximum</strong></span> <span class='ocrx_word' id='word_1_383' title='bbox 2479 1714 2632 1753; x_wconf 77' lang='lat' dir='ltr'><strong>suum</strong></span> <span class='ocrx_word' id='word_1_384' title='bbox 2650 1718 2750 1755; x_wconf 85' lang='lat' dir='ltr'><strong>non</strong></span> <span class='ocrx_word' id='word_1_385' title='bbox 2775 1711 2956 1770; x_wconf 73' lang='lat' dir='ltr'><strong>cogitet</strong></span> <span class='ocrx_word' id='word_1_386' title='bbox 2987 1701 3190 1772; x_wconf 72' lang='lat' dir='ltr'><strong>injuria</strong></span> <span class='ocrx_word' id='word_1_387' title='bbox 3230 1719 3420 1756; x_wconf 78' lang='lat' dir='ltr'><strong>menter</strong></span> <span class='ocrx_word' id='word_1_388' title='bbox 3458 1719 3475 1756; x_wconf 92' lang='lat'><strong><em>:</em></strong></span> <span class='ocrx_word' id='word_1_389' title='bbox 3504 1713 3553 1757; x_wconf 79' lang='lat' dir='ltr'><strong>et</strong></span> 
     </span>
    </p>
   </div>
   <div class='ocr_carea' id='block_1_53' title="bbox 1937 1789 3553 1860">
    <p class='ocr_par' dir='ltr' id='par_1_53' title="bbox 1937 1789 3553 1860">
     <span class='ocr_line' id='line_1_53' title="bbox 1937 1789 3553 1860; baseline 0.007 -23"><span class='ocrx_word' id='word_1_390' title='bbox 1937 1789 2287 1857; x_wconf 77' lang='lat' dir='ltr'><strong>juramentum</strong></span> <span class='ocrx_word' id='word_1_391' title='bbox 2315 1789 2537 1844; x_wconf 71' lang='lat' dir='ltr'><strong>mendax</strong></span> <span class='ocrx_word' id='word_1_392' title='bbox 2566 1808 2627 1843; x_wconf 87' lang='lat' dir='ltr'><strong>ne</strong></span> <span class='ocrx_word' id='word_1_393' title='bbox 2666 1791 2865 1860; x_wconf 84' lang='lat' dir='ltr'><strong>diligite</strong></span> <span class='ocrx_word' id='word_1_394' title='bbox 2883 1831 2913 1855; x_wconf 62' lang='grc'><strong>,,</strong></span> <span class='ocrx_word' id='word_1_395' title='bbox 2930 1800 2975 1845; x_wconf 90' lang='lat' dir='ltr'><strong>et</strong></span> <span class='ocrx_word' id='word_1_396' title='bbox 3005 1808 3105 1847; x_wconf 88' lang='lat' dir='ltr'><strong>non</strong></span> <span class='ocrx_word' id='word_1_397' title='bbox 3137 1794 3419 1848; x_wconf 76' lang='lat' dir='ltr'><strong>moriemini</strong></span> <span class='ocrx_word' id='word_1_398' title='bbox 3459 1797 3553 1849; x_wconf 85' lang='lat' dir='ltr'><strong>do-</strong></span> 
     </span>
    </p>
   </div>
   <div class='ocr_carea' id='block_1_54' title="bbox 1945 1872 3551 1953">
    <p class='ocr_par' dir='ltr' id='par_1_54' title="bbox 1945 1872 3551 1953">
     <span class='ocr_line' id='line_1_54' title="bbox 1945 1872 3551 1953; baseline 0.006 -31"><span class='ocrx_word' id='word_1_399' title='bbox 1945 1896 2060 1934; x_wconf 64' lang='lat' dir='ltr'><strong>mu,</strong></span> <span class='ocrx_word' id='word_1_400' title='bbox 2114 1872 2328 1941; x_wconf 57' lang='lat' dir='ltr'><strong>Israel,</strong></span> <span class='ocrx_word' id='word_1_401' title='bbox 2376 1872 2507 1929; x_wconf 83' lang='lat' dir='ltr'><strong>dicit</strong></span> <span class='ocrx_word' id='word_1_402' title='bbox 2563 1873 2819 1929; x_wconf 82' lang='lat' dir='ltr'><strong>Dominus</strong></span> <span class='ocrx_word' id='word_1_403' title='bbox 2880 1875 3053 1943; x_wconf 80' lang='lat' dir='ltr'><strong>(Zaclt</strong></span> <span class='ocrx_word' id='word_1_404' title='bbox 3094 1922 3106 1934; x_wconf 93' lang='lat'><strong>.</strong></span> <span class='ocrx_word' id='word_1_405' title='bbox 3167 1881 3218 1936; x_wconf 90' lang='lat'><strong>8.</strong></span> <span class='ocrx_word' id='word_1_406' title='bbox 3285 1880 3375 1936; x_wconf 82' lang='grc'><strong>16.</strong></span> <span class='ocrx_word' id='word_1_407' title='bbox 3435 1887 3551 1953; x_wconf 79' lang='grc' dir='ltr'><strong>Π),</strong></span> 
     </span>
    </p>
   </div>
   <div class='ocr_carea' id='block_1_55' title="bbox 1948 1971 3549 2043">
    <p class='ocr_par' dir='ltr' id='par_1_55' title="bbox 1948 1971 3549 2043">
     <span class='ocr_line' id='line_1_55' title="bbox 1948 1971 3549 2043; baseline 0.004 -18"><span class='ocrx_word' id='word_1_408' title='bbox 1948 1971 2028 2025; x_wconf 85' lang='lat' dir='ltr'><strong>Ac</strong></span> <span class='ocrx_word' id='word_1_409' title='bbox 2056 1971 2101 2025; x_wconf 91' lang='lat' dir='ltr'><strong>si</strong></span> <span class='ocrx_word' id='word_1_410' title='bbox 2132 1971 2373 2038; x_wconf 89' lang='lat' dir='ltr'><strong>diceret,</strong></span> <span class='ocrx_word' id='word_1_411' title='bbox 2418 1972 2462 2024; x_wconf 91' lang='lat' dir='ltr'><strong>si</strong></span> <span class='ocrx_word' id='word_1_412' title='bbox 2502 1973 2674 2029; x_wconf 89' lang='lat' dir='ltr'><strong>futuri</strong></span> <span class='ocrx_word' id='word_1_413' title='bbox 2703 1973 2838 2026; x_wconf 85' lang='lat' dir='ltr'><strong>estis</strong></span> <span class='ocrx_word' id='word_1_414' title='bbox 2875 1974 3195 2040; x_wconf 86' lang='lat' dir='ltr'><strong>mendaces,</strong></span> <span class='ocrx_word' id='word_1_415' title='bbox 3225 1976 3549 2043; x_wconf 72' lang='lat' dir='ltr'><strong>‘injuriarum</strong></span> 
     </span>
    </p>
   </div>
   <div class='ocr_carea' id='block_1_56' title="bbox 1949 2060 3551 2130">
    <p class='ocr_par' dir='ltr' id='par_1_56' title="bbox 1949 2060 3551 2130">
     <span class='ocr_line' id='line_1_56' title="bbox 1949 2060 3551 2130; baseline 0.004 -17"><span class='ocrx_word' id='word_1_416' title='bbox 1949 2076 2239 2126; x_wconf 86' lang='lat' dir='ltr'><strong>memores,</strong></span> <span class='ocrx_word' id='word_1_417' title='bbox 2273 2060 2492 2130; x_wconf 82' lang='lat' dir='ltr'><strong>perjuri,</strong></span> <span class='ocrx_word' id='word_1_418' title='bbox 2525 2061 2901 2116; x_wconf 74' lang='lat' dir='ltr'><strong>oblivxscentes</strong></span> <span class='ocrx_word' id='word_1_419' title='bbox 2930 2063 3177 2117; x_wconf 87' lang='lat' dir='ltr'><strong>mandata</strong></span> <span class='ocrx_word' id='word_1_420' title='bbox 3206 2080 3344 2129; x_wconf 88' lang='lat' dir='ltr'><strong>mea,</strong></span> <span class='ocrx_word' id='word_1_421' title='bbox 3377 2076 3551 2121; x_wconf 87' lang='lat' dir='ltr'><strong>morte</strong></span> 
     </span>
    </p>
   </div>
   <div class='ocr_carea' id='block_1_57' title="bbox 1950 2144 3554 2224">
    <p class='ocr_par' dir='ltr' id='par_1_57' title="bbox 1950 2144 3554 2224">
     <span class='ocr_line' id='line_1_57' title="bbox 1950 2144 3554 2224; baseline 0.002 -17"><span class='ocrx_word' id='word_1_422' title='bbox 1950 2153 2272 2207; x_wconf 91' lang='lat' dir='ltr'><strong>moriemini.</strong></span> <span class='ocrx_word' id='word_1_423' title='bbox 2323 2144 2448 2207; x_wconf 60' lang='lat' dir='ltr'><strong>Hinc</strong></span> <span class='ocrx_word' id='word_1_424' title='bbox 2480 2153 2640 2223; x_wconf 78' lang='lat' dir='ltr'><strong>igitur</strong></span> <span class='ocrx_word' id='word_1_425' title='bbox 2677 2154 2857 2208; x_wconf 89' lang='lat' dir='ltr'><strong>omnia</strong></span> <span class='ocrx_word' id='word_1_426' title='bbox 2886 2156 3121 2210; x_wconf 88' lang='lat' dir='ltr'><strong>scientes</strong></span> <span class='ocrx_word' id='word_1_427' title='bbox 3144 2198 3159 2222; x_wconf 90' lang='lat'><strong>,</strong></span> <span class='ocrx_word' id='word_1_428' title='bbox 3190 2156 3407 2224; x_wconf 88' lang='lat' dir='ltr'><strong>dilecti,</strong></span> <span class='ocrx_word' id='word_1_429' title='bbox 3438 2174 3554 2211; x_wconf 82' lang='lat' dir='ltr'><strong>utu-</strong></span> 
     </span>
    </p>
   </div>
   <div class='ocr_carea' id='block_1_58' title="bbox 1950 2245 3555 2317">
    <p class='ocr_par' dir='ltr' id='par_1_58' title="bbox 1950 2245 3555 2317">
     <span class='ocr_line' id='line_1_58' title="bbox 1950 2245 3555 2317; baseline 0.004 -18"><span class='ocrx_word' id='word_1_430' title='bbox 1950 2262 2070 2299; x_wconf 89' lang='lat' dir='ltr'><strong>nem</strong></span> <span class='ocrx_word' id='word_1_431' title='bbox 2102 2246 2371 2300; x_wconf 82' lang='lat' dir='ltr'><strong>solvamus</strong></span> <span class='ocrx_word' id='word_1_432' title='bbox 2396 2245 2562 2312; x_wconf 91' lang='lat' dir='ltr'><strong>iram,</strong></span> <span class='ocrx_word' id='word_1_433' title='bbox 2592 2262 2775 2316; x_wconf 91' lang='lat' dir='ltr'><strong>pacem</strong></span> <span class='ocrx_word' id='word_1_434' title='bbox 2816 2260 3004 2302; x_wconf 90' lang='lat' dir='ltr'><strong>mutuo</strong></span> <span class='ocrx_word' id='word_1_435' title='bbox 3031 2264 3339 2317; x_wconf 86' lang='lat' dir='ltr'><strong>servemus,</strong></span> <span class='ocrx_word' id='word_1_436' title='bbox 3368 2252 3555 2306; x_wconf 83' lang='lat' dir='ltr'><strong>avulsa</strong></span> 
     </span>
    </p>
   </div>
   <div class='ocr_carea' id='block_1_59' title="bbox 1952 2337 3553 2409">
    <p class='ocr_par' dir='ltr' id='par_1_59' title="bbox 1952 2337 3553 2409">
     <span class='ocr_line' id='line_1_59' title="bbox 1952 2337 3553 2409; baseline 0.004 -19"><span class='ocrx_word' id='word_1_437' title='bbox 1952 2338 2201 2407; x_wconf 77' lang='lat' dir='ltr'><strong>nequitiae</strong></span> <span class='ocrx_word' id='word_1_438' title='bbox 2232 2337 2411 2393; x_wconf 87' lang='lat' dir='ltr'><strong>radice</strong></span> <span class='ocrx_word' id='word_1_439' title='bbox 2458 2348 2785 2409; x_wconf 84' lang='lat' dir='ltr'><strong>purgataque</strong></span> <span class='ocrx_word' id='word_1_440' title='bbox 2830 2341 3197 2405; x_wconf 85' lang='lat' dir='ltr'><strong>conscientia;</strong></span> <span class='ocrx_word' id='word_1_441' title='bbox 3244 2357 3367 2396; x_wconf 91' lang='lat' dir='ltr'><strong>cmn</strong></span> <span class='ocrx_word' id='word_1_442' title='bbox 3400 2358 3553 2396; x_wconf 82' lang='lat' dir='ltr'><strong>man-</strong></span> 
     </span>
    </p>
   </div>
   <div class='ocr_carea' id='block_1_60' title="bbox 1950 2431 3556 2504">
    <p class='ocr_par' dir='ltr' id='par_1_60' title="bbox 1950 2431 3556 2504">
     <span class='ocr_line' id='line_1_60' title="bbox 1950 2431 3556 2504; baseline 0.004 -20"><span class='ocrx_word' id='word_1_443' title='bbox 1950 2431 2231 2485; x_wconf 88' lang='lat' dir='ltr'><strong>suetudine</strong></span> <span class='ocrx_word' id='word_1_444' title='bbox 2271 2440 2327 2485; x_wconf 90' lang='lat' dir='ltr'><strong>et</strong></span> <span class='ocrx_word' id='word_1_445' title='bbox 2357 2432 2619 2486; x_wconf 87' lang='lat' dir='ltr'><strong>modestia</strong></span> <span class='ocrx_word' id='word_1_446' title='bbox 2660 2448 2957 2503; x_wconf 88' lang='lat' dir='ltr'><strong>magnaque</strong></span> <span class='ocrx_word' id='word_1_447' title='bbox 3000 2435 3197 2504; x_wconf 78' lang='lat' dir='ltr'><strong>pietate</strong></span> <span class='ocrx_word' id='word_1_448' title='bbox 3231 2435 3297 2488; x_wconf 89' lang='lat' dir='ltr'><strong>ad</strong></span> <span class='ocrx_word' id='word_1_449' title='bbox 3328 2435 3556 2491; x_wconf 85' lang='lat' dir='ltr'><strong>horren-</strong></span> 
     </span>
    </p>
   </div>
   <div class='ocr_carea' id='block_1_61' title="bbox 1951 2522 3559 2596">
    <p class='ocr_par' dir='ltr' id='par_1_61' title="bbox 1951 2522 3559 2596">
     <span class='ocr_line' id='line_1_61' title="bbox 1951 2522 3559 2596; baseline 0.006 -22"><span class='ocrx_word' id='word_1_450' title='bbox 1951 2522 2140 2575; x_wconf 89' lang='lat' dir='ltr'><strong>dorum</strong></span> <span class='ocrx_word' id='word_1_451' title='bbox 2189 2530 2245 2576; x_wconf 89' lang='lat' dir='ltr'><strong>et</strong></span> <span class='ocrx_word' id='word_1_452' title='bbox 2295 2522 2613 2576; x_wconf 89' lang='lat' dir='ltr'><strong>terribilium</strong></span> <span class='ocrx_word' id='word_1_453' title='bbox 2664 2525 3042 2596; x_wconf 78' lang='lat' dir='ltr'><strong>mySteriorum</strong></span> <span class='ocrx_word' id='word_1_454' title='bbox 3093 2527 3559 2595; x_wconf 85' lang='lat' dir='ltr'><strong>participationem</strong></span> 
     </span>
    </p>
   </div>
   <div class='ocr_carea' id='block_1_62' title="bbox 1950 2612 3558 2686">
    <p class='ocr_par' dir='ltr' id='par_1_62' title="bbox 1950 2612 3558 2686">
     <span class='ocr_line' id='line_1_62' title="bbox 1950 2612 3558 2686; baseline 0.004 -21"><span class='ocrx_word' id='word_1_455' title='bbox 1950 2612 2270 2667; x_wconf 86' lang='lat' dir='ltr'><strong>accedamus</strong></span> <span class='ocrx_word' id='word_1_456' title='bbox 2292 2654 2306 2677; x_wconf 94' lang='lat'><strong>,</strong></span> <span class='ocrx_word' id='word_1_457' title='bbox 2339 2628 2449 2666; x_wconf 91' lang='lat' dir='ltr'><strong>non</strong></span> <span class='ocrx_word' id='word_1_458' title='bbox 2481 2614 2851 2685; x_wconf 85' lang='lat' dir='ltr'><strong>impellentes,</strong></span> <span class='ocrx_word' id='word_1_459' title='bbox 2884 2630 2989 2670; x_wconf 91' lang='lat' dir='ltr'><strong>non</strong></span> <span class='ocrx_word' id='word_1_460' title='bbox 3015 2617 3252 2671; x_wconf 86' lang='lat' dir='ltr'><strong>calcibus</strong></span> <span class='ocrx_word' id='word_1_461' title='bbox 3290 2617 3558 2686; x_wconf 89' lang='lat' dir='ltr'><strong>impeten-</strong></span> 
     </span>
    </p>
   </div>
   <div class='ocr_carea' id='block_1_63' title="bbox 1951 2706 3557 2773">
    <p class='ocr_par' dir='ltr' id='par_1_63' title="bbox 1951 2706 3557 2773">
     <span class='ocr_line' id='line_1_63' title="bbox 1951 2706 3557 2773; baseline 0.005 -16"><span class='ocrx_word' id='word_1_462' title='bbox 1951 2712 2052 2768; x_wconf 89' lang='lat' dir='ltr'><strong>tes,</strong></span> <span class='ocrx_word' id='word_1_463' title='bbox 2102 2718 2206 2756; x_wconf 91' lang='lat' dir='ltr'><strong>non</strong></span> <span class='ocrx_word' id='word_1_464' title='bbox 2249 2720 2370 2758; x_wconf 91' lang='lat' dir='ltr'><strong>cum</strong></span> <span class='ocrx_word' id='word_1_465' title='bbox 2412 2708 2636 2773; x_wconf 86' lang='lat' dir='ltr'><strong>strepitu</strong></span> <span class='ocrx_word' id='word_1_466' title='bbox 2666 2715 2721 2760; x_wconf 91' lang='lat' dir='ltr'><strong>et</strong></span> <span class='ocrx_word' id='word_1_467' title='bbox 2764 2707 3000 2761; x_wconf 89' lang='lat' dir='ltr'><strong>clamore</strong></span> <span class='ocrx_word' id='word_1_468' title='bbox 3027 2706 3390 2763; x_wconf 80' lang='lat' dir='ltr'><strong>vociferantes</strong></span> <span class='ocrx_word' id='word_1_469' title='bbox 3414 2751 3428 2773; x_wconf 93' lang='lat'><strong>,</strong></span> <span class='ocrx_word' id='word_1_470' title='bbox 3460 2709 3557 2765; x_wconf 89' lang='lat' dir='ltr'><strong>sed</strong></span> 
     </span>
    </p>
   </div>
   <div class='ocr_carea' id='block_1_64' title="bbox 1948 2796 3560 2869">
    <p class='ocr_par' dir='ltr' id='par_1_64' title="bbox 1948 2796 3560 2869">
     <span class='ocr_line' id='line_1_64' title="bbox 1948 2796 3560 2869; baseline 0.004 -21"><span class='ocrx_word' id='word_1_471' title='bbox 1948 2810 2069 2848; x_wconf 90' lang='lat' dir='ltr'><strong>eum</strong></span> <span class='ocrx_word' id='word_1_472' title='bbox 2096 2796 2289 2850; x_wconf 83' lang='lat' dir='ltr'><strong>timore</strong></span> <span class='ocrx_word' id='word_1_473' title='bbox 2328 2804 2383 2850; x_wconf 91' lang='lat' dir='ltr'><strong>et</strong></span> <span class='ocrx_word' id='word_1_474' title='bbox 2411 2805 2644 2851; x_wconf 91' lang='lat' dir='ltr'><strong>tremore</strong></span> <span class='ocrx_word' id='word_1_475' title='bbox 2672 2813 2884 2866; x_wconf 78' lang='lat' dir='ltr'><strong>magno,</strong></span> <span class='ocrx_word' id='word_1_476' title='bbox 2915 2814 3036 2853; x_wconf 88' lang='lat' dir='ltr'><strong>cum</strong></span> <span class='ocrx_word' id='word_1_477' title='bbox 3068 2800 3478 2869; x_wconf 82' lang='lat' dir='ltr'><strong>compunctione</strong></span> <span class='ocrx_word' id='word_1_478' title='bbox 3502 2810 3560 2855; x_wconf 86' lang='lat' dir='ltr'><strong>et</strong></span> 
     </span>
    </p>
   </div>
   <div class='ocr_carea' id='block_1_65' title="bbox 1951 2886 3557 2961">
    <p class='ocr_par' dir='ltr' id='par_1_65' title="bbox 1951 2886 3557 2961">
     <span class='ocr_line' id='line_1_65' title="bbox 1951 2886 3557 2961; baseline 0.004 -20"><span class='ocrx_word' id='word_1_479' title='bbox 1951 2886 2205 2958; x_wconf 79' lang='lat' dir='ltr'><strong>lacrymis</strong></span> <span class='ocrx_word' id='word_1_480' title='bbox 2233 2905 2245 2941; x_wconf 89' lang='lat'><strong>:</strong></span> <span class='ocrx_word' id='word_1_481' title='bbox 2278 2898 2335 2940; x_wconf 91' lang='lat' dir='ltr'><strong>ut</strong></span> <span class='ocrx_word' id='word_1_482' title='bbox 2365 2888 2627 2958; x_wconf 85' lang='lat' dir='ltr'><strong>benignus</strong></span> <span class='ocrx_word' id='word_1_483' title='bbox 2656 2891 2744 2945; x_wconf 85' lang='lat' dir='ltr'><strong>ille</strong></span> <span class='ocrx_word' id='word_1_484' title='bbox 2773 2891 3049 2959; x_wconf 86' lang='lat' dir='ltr'><strong>Dominus,</strong></span> <span class='ocrx_word' id='word_1_485' title='bbox 3082 2894 3361 2961; x_wconf 86' lang='lat' dir='ltr'><strong>pacificum</strong></span> <span class='ocrx_word' id='word_1_486' title='bbox 3394 2894 3557 2948; x_wconf 84' lang='lat' dir='ltr'><strong>animi</strong></span> 
     </span>
    </p>
   </div>
   <div class='ocr_carea' id='block_1_66' title="bbox 1949 2980 3558 3045">
    <p class='ocr_par' dir='ltr' id='par_1_66' title="bbox 1949 2980 3558 3045">
     <span class='ocr_line' id='line_1_66' title="bbox 1949 2980 3558 3045; baseline 0.004 -14"><span class='ocrx_word' id='word_1_487' title='bbox 1949 2986 2165 3044; x_wconf 88' lang='lat' dir='ltr'><strong>statum,</strong></span> <span class='ocrx_word' id='word_1_488' title='bbox 2198 2995 2301 3031; x_wconf 92' lang='lat' dir='ltr'><strong>non</strong></span> <span class='ocrx_word' id='word_1_489' title='bbox 2330 2980 2633 3033; x_wconf 86' lang='lat' dir='ltr'><strong>simulatam</strong></span> <span class='ocrx_word' id='word_1_490' title='bbox 2660 2982 2966 3045; x_wconf 83' lang='lat' dir='ltr'><strong>caritatem,</strong></span> <span class='ocrx_word' id='word_1_491' title='bbox 3016 2991 3070 3035; x_wconf 90' lang='lat' dir='ltr'><strong>et</strong></span> <span class='ocrx_word' id='word_1_492' title='bbox 3105 2981 3330 3036; x_wconf 89' lang='lat' dir='ltr'><strong>fraterni</strong></span> <span class='ocrx_word' id='word_1_493' title='bbox 3356 2984 3558 3039; x_wconf 83' lang='lat' dir='ltr'><strong>amoris</strong></span> 
     </span>
    </p>
   </div>
   <div class='ocr_carea' id='block_1_67' title="bbox 1950 3070 3560 3143">
    <p class='ocr_par' dir='ltr' id='par_1_67' title="bbox 1950 3070 3560 3143">
     <span class='ocr_line' id='line_1_67' title="bbox 1950 3070 3560 3143; baseline 0.004 -20"><span class='ocrx_word' id='word_1_494' title='bbox 1950 3070 2277 3129; x_wconf 88' lang='lat' dir='ltr'><strong>consortium</strong></span> <span class='ocrx_word' id='word_1_495' title='bbox 2301 3086 2532 3138; x_wconf 85' lang='lat' dir='ltr'><strong>superne</strong></span> <span class='ocrx_word' id='word_1_496' title='bbox 2553 3072 2867 3141; x_wconf 79' lang='lat' dir='ltr'><strong>reSpicicns,</strong></span> <span class='ocrx_word' id='word_1_497' title='bbox 2891 3082 2946 3126; x_wconf 88' lang='lat' dir='ltr'><strong>et</strong></span> <span class='ocrx_word' id='word_1_498' title='bbox 2972 3074 3053 3127; x_wconf 89' lang='lat' dir='ltr'><strong>his</strong></span> <span class='ocrx_word' id='word_1_499' title='bbox 3074 3072 3233 3127; x_wconf 89' lang='lat' dir='ltr'><strong>bonis</strong></span> <span class='ocrx_word' id='word_1_500' title='bbox 3256 3082 3309 3127; x_wconf 91' lang='lat' dir='ltr'><strong>et</strong></span> <span class='ocrx_word' id='word_1_501' title='bbox 3330 3076 3560 3143; x_wconf 90' lang='lat' dir='ltr'><strong>promis-</strong></span> 
     </span>
    </p>
   </div>
   <div class='ocr_carea' id='block_1_68' title="bbox 1949 3161 3557 3234">
    <p class='ocr_par' dir='ltr' id='par_1_68' title="bbox 1949 3161 3557 3234">
     <span class='ocr_line' id='line_1_68' title="bbox 1949 3161 3557 3234; baseline 0.004 -20"><span class='ocrx_word' id='word_1_502' title='bbox 1949 3161 2024 3215; x_wconf 88' lang='lat' dir='ltr'><strong>sis</strong></span> <span class='ocrx_word' id='word_1_503' title='bbox 2050 3175 2147 3215; x_wconf 89' lang='lat' dir='ltr'><strong>nos</strong></span> <span class='ocrx_word' id='word_1_504' title='bbox 2175 3175 2361 3215; x_wconf 88' lang='lat' dir='ltr'><strong>omnes</strong></span> <span class='ocrx_word' id='word_1_505' title='bbox 2398 3161 2647 3230; x_wconf 77' lang='lat' dir='ltr'><strong>dignetur</strong></span> <span class='ocrx_word' id='word_1_506' title='bbox 2669 3203 2682 3226; x_wconf 91' lang='lat'><strong>,</strong></span> <span class='ocrx_word' id='word_1_507' title='bbox 2714 3163 2879 3233; x_wconf 84' lang='lat' dir='ltr'><strong>gratia</strong></span> <span class='ocrx_word' id='word_1_508' title='bbox 2907 3173 2961 3216; x_wconf 91' lang='lat' dir='ltr'><strong>et</strong></span> <span class='ocrx_word' id='word_1_509' title='bbox 2988 3163 3315 3234; x_wconf 76' lang='lat' dir='ltr'><strong>benignitate</strong></span> <span class='ocrx_word' id='word_1_510' title='bbox 3345 3165 3557 3220; x_wconf 90' lang='lat' dir='ltr'><strong>Domini</strong></span> 
     </span>
    </p>
   </div>
   <div class='ocr_carea' id='block_1_69' title="bbox 1950 3251 3559 3325">
    <p class='ocr_par' dir='ltr' id='par_1_69' title="bbox 1950 3251 3559 3325">
     <span class='ocr_line' id='line_1_69' title="bbox 1950 3251 3559 3325; baseline 0.003 -21"><span class='ocrx_word' id='word_1_511' title='bbox 1950 3252 2116 3305; x_wconf 89' lang='lat' dir='ltr'><strong>nostri</strong></span> <span class='ocrx_word' id='word_1_512' title='bbox 2159 3251 2282 3305; x_wconf 87' lang='lat' dir='ltr'><strong>Jcsu</strong></span> <span class='ocrx_word' id='word_1_513' title='bbox 2310 3251 2509 3305; x_wconf 76' lang='lat' dir='ltr'><strong>Christi</strong></span> <span class='ocrx_word' id='word_1_514' title='bbox 2534 3296 2546 3315; x_wconf 89' lang='lat'><strong>,</strong></span> <span class='ocrx_word' id='word_1_515' title='bbox 2581 3254 2793 3321; x_wconf 79' lang='lat' dir='ltr'><strong>quicum</strong></span> <span class='ocrx_word' id='word_1_516' title='bbox 2827 3255 2991 3319; x_wconf 83' lang='lat' dir='ltr'><strong>Patri,</strong></span> <span class='ocrx_word' id='word_1_517' title='bbox 3019 3264 3073 3309; x_wconf 87' lang='lat' dir='ltr'><strong>et</strong></span> <span class='ocrx_word' id='word_1_518' title='bbox 3100 3272 3200 3309; x_wconf 88' lang='lat' dir='ltr'><strong>una</strong></span> <span class='ocrx_word' id='word_1_519' title='bbox 3230 3266 3413 3310; x_wconf 86' lang='lat' dir='ltr'><strong>sancto</strong></span> <span class='ocrx_word' id='word_1_520' title='bbox 3438 3256 3559 3325; x_wconf 87' lang='lat' dir='ltr'><strong>Spi-</strong></span> 
     </span>
    </p>
   </div>
   <div class='ocr_carea' id='block_1_70' title="bbox 1948 3340 3559 3415">
    <p class='ocr_par' dir='ltr' id='par_1_70' title="bbox 1948 3340 3559 3415">
     <span class='ocr_line' id='line_1_70' title="bbox 1948 3340 3559 3415; baseline 0.004 -20"><span class='ocrx_word' id='word_1_521' title='bbox 1948 3341 2072 3395; x_wconf 87' lang='lat' dir='ltr'><strong>ritui</strong></span> <span class='ocrx_word' id='word_1_522' title='bbox 2095 3384 2109 3403; x_wconf 86' lang='lat'><strong>,</strong></span> <span class='ocrx_word' id='word_1_523' title='bbox 2146 3340 2311 3410; x_wconf 85' lang='lat' dir='ltr'><strong>gloria</strong></span> <span class='ocrx_word' id='word_1_524' title='bbox 2335 3383 2348 3407; x_wconf 87' lang='lat'><strong>,</strong></span> <span class='ocrx_word' id='word_1_525' title='bbox 2386 3343 2703 3410; x_wconf 81' lang='lat' dir='ltr'><strong>imperium,</strong></span> <span class='ocrx_word' id='word_1_526' title='bbox 2737 3345 2943 3411; x_wconf 91' lang='lat' dir='ltr'><strong>honor,</strong></span> <span class='ocrx_word' id='word_1_527' title='bbox 2975 3360 3116 3399; x_wconf 89' lang='lat' dir='ltr'><strong>nunc</strong></span> <span class='ocrx_word' id='word_1_528' title='bbox 3145 3355 3199 3401; x_wconf 93' lang='lat' dir='ltr'><strong>ct</strong></span> <span class='ocrx_word' id='word_1_529' title='bbox 3222 3362 3457 3415; x_wconf 87' lang='lat' dir='ltr'><strong>semper,</strong></span> <span class='ocrx_word' id='word_1_530' title='bbox 3502 3356 3559 3401; x_wconf 85' lang='lat' dir='ltr'><strong>et</strong></span> 
     </span>
    </p>
   </div>
   <div class='ocr_carea' id='block_1_71' title="bbox 1950 3432 2827 3494">
    <p class='ocr_par' dir='ltr' id='par_1_71' title="bbox 1950 3432 2827 3494">
     <span class='ocr_line' id='line_1_71' title="bbox 1950 3432 2827 3494; baseline 0.002 -8"><span class='ocrx_word' id='word_1_531' title='bbox 1950 3432 2003 3487; x_wconf 90' lang='lat' dir='ltr'><strong>in</strong></span> <span class='ocrx_word' id='word_1_532' title='bbox 2032 3433 2227 3487; x_wconf 67' lang='lat' dir='ltr'><strong>salcula</strong></span> <span class='ocrx_word' id='word_1_533' title='bbox 2256 3432 2601 3494; x_wconf 74' lang='lat' dir='ltr'><strong>saeculorum.</strong></span> <span class='ocrx_word' id='word_1_534' title='bbox 2633 3436 2827 3489; x_wconf 82' lang='lat' dir='ltr'><strong>Amen.</strong></span> 
     </span>
    </p>
   </div>
   <div class='ocr_carea' id='block_1_72' title="bbox 1653 4128 2142 4189">
    <p class='ocr_par' dir='ltr' id='par_1_72' title="bbox 1653 4128 2142 4189">
     <span class='ocr_line' id='line_1_72' title="bbox 1653 4128 2142 4189; baseline 0.002 -3"><span class='ocrx_word' id='word_1_535' title='bbox 1653 4128 2142 4189; x_wconf 72' lang='grc' dir='ltr'><strong>ΛΒΜΟΝΙΤΙΟ.</strong></span> 
     </span>
    </p>
   </div>
   <div class='ocr_carea' id='block_1_73' title="bbox 254 4372 3563 4454">
    <p class='ocr_par' dir='ltr' id='par_1_73' title="bbox 254 4372 3563 4454">
     <span class='ocr_line' id='line_1_73' title="bbox 254 4372 3563 4454; baseline 0.004 -29"><span class='ocrx_word' id='word_1_536' title='bbox 254 4390 402 4427; x_wconf 82' lang='lat' dir='ltr'><strong>anno</strong></span> <span class='ocrx_word' id='word_1_537' title='bbox 454 4372 553 4429; x_wconf 76' lang='lat'><strong>386</strong></span> <span class='ocrx_word' id='word_1_538' title='bbox 596 4373 787 4442; x_wconf 72' lang='lat' dir='ltr'><strong>festum</strong></span> <span class='ocrx_word' id='word_1_539' title='bbox 824 4386 1023 4431; x_wconf 78' lang='lat' dir='ltr'><strong>sancta:</strong></span> <span class='ocrx_word' id='word_1_540' title='bbox 1066 4378 1365 4444; x_wconf 73' lang='lat' dir='ltr'><strong>Domnina&#39;,</strong></span> <span class='ocrx_word' id='word_1_541' title='bbox 1417 4380 1521 4433; x_wconf 80' lang='lat' dir='ltr'><strong>sive</strong></span> <span class='ocrx_word' id='word_1_542' title='bbox 1578 4381 1782 4434; x_wconf 82' lang='lat' dir='ltr'><strong>decima</strong></span> <span class='ocrx_word' id='word_1_543' title='bbox 1832 4393 2027 4450; x_wconf 87' lang='lat' dir='ltr'><strong>quarta</strong></span> <span class='ocrx_word' id='word_1_544' title='bbox 2072 4384 2182 4437; x_wconf 81' lang='lat' dir='ltr'><strong>dies</strong></span> <span class='ocrx_word' id='word_1_545' title='bbox 2211 4385 2427 4453; x_wconf 78' lang='lat' dir='ltr'><strong>Aprilis,</strong></span> <span class='ocrx_word' id='word_1_546' title='bbox 2458 4386 2733 4438; x_wconf 82' lang='lat' dir='ltr'><strong>undecimo</strong></span> <span class='ocrx_word' id='word_1_547' title='bbox 2772 4394 2890 4454; x_wconf 82' lang='lat' dir='ltr'><strong>post</strong></span> <span class='ocrx_word' id='word_1_548' title='bbox 2936 4384 3289 4447; x_wconf 79' lang='lat' dir='ltr'><strong>Parascevm,</strong></span> <span class='ocrx_word' id='word_1_549' title='bbox 3331 4393 3380 4438; x_wconf 86' lang='lat' dir='ltr'><strong>et</strong></span> <span class='ocrx_word' id='word_1_550' title='bbox 3414 4401 3563 4438; x_wconf 76' lang='lat' dir='ltr'><strong>anno</strong></span> 
     </span>
    </p>
   </div>
   <div class='ocr_carea' id='block_1_74' title="bbox 254 4471 3558 4549">
    <p class='ocr_par' dir='ltr' id='par_1_74' title="bbox 254 4471 3558 4549">
     <span class='ocr_line' id='line_1_74' title="bbox 254 4471 3558 4549; baseline 0.002 -24"><span class='ocrx_word' id='word_1_551' title='bbox 254 4471 366 4525; x_wconf 79' lang='grc'><strong>587</strong></span> <span class='ocrx_word' id='word_1_552' title='bbox 402 4473 675 4525; x_wconf 83' lang='lat' dir='ltr'><strong>undecimo</strong></span> <span class='ocrx_word' id='word_1_553' title='bbox 715 4483 839 4526; x_wconf 86' lang='lat' dir='ltr'><strong>ante</strong></span> <span class='ocrx_word' id='word_1_554' title='bbox 882 4472 1210 4528; x_wconf 74' lang='lat' dir='ltr'><strong>Parasceven</strong></span> <span class='ocrx_word' id='word_1_555' title='bbox 1256 4477 1339 4529; x_wconf 83' lang='lat' dir='ltr'><strong>die</strong></span> <span class='ocrx_word' id='word_1_556' title='bbox 1378 4477 1699 4529; x_wconf 82' lang='lat' dir='ltr'><strong>occurrebat.</strong></span> <span class='ocrx_word' id='word_1_557' title='bbox 1734 4475 2070 4530; x_wconf 76' lang='lat' dir='ltr'><strong>Probabilius</strong></span> <span class='ocrx_word' id='word_1_558' title='bbox 2103 4495 2224 4548; x_wconf 82' lang='lat' dir='ltr'><strong>ergo</strong></span> <span class='ocrx_word' id='word_1_559' title='bbox 2254 4481 2517 4549; x_wconf 66' lang='lat' dir='ltr'><strong>referatur</strong></span> <span class='ocrx_word' id='word_1_560' title='bbox 2544 4480 2599 4531; x_wconf 89' lang='lat' dir='ltr'><strong>in</strong></span> <span class='ocrx_word' id='word_1_561' title='bbox 2644 4496 2844 4533; x_wconf 86' lang='lat' dir='ltr'><strong>annum</strong></span> <span class='ocrx_word' id='word_1_562' title='bbox 2880 4480 3007 4545; x_wconf 73' lang='lat'><strong>592,</strong></span> <span class='ocrx_word' id='word_1_563' title='bbox 3048 4496 3149 4549; x_wconf 84' lang='lat' dir='ltr'><strong>quo</strong></span> <span class='ocrx_word' id='word_1_564' title='bbox 3178 4479 3386 4532; x_wconf 63' lang='lat' dir='ltr'><strong>Pascha</strong></span> <span class='ocrx_word' id='word_1_565' title='bbox 3423 4480 3558 4533; x_wconf 82' lang='lat' dir='ltr'><strong>cele-</strong></span> 
     </span>
    </p>
   </div>
   <div class='ocr_carea' id='block_1_75' title="bbox 256 4565 3570 4643">
    <p class='ocr_par' dir='ltr' id='par_1_75' title="bbox 256 4565 3570 4643">
     <span class='ocr_line' id='line_1_75' title="bbox 256 4565 3570 4643; baseline 0.002 -24"><span class='ocrx_word' id='word_1_566' title='bbox 256 4565 518 4621; x_wconf 80' lang='lat' dir='ltr'><strong>brabatur</strong></span> <span class='ocrx_word' id='word_1_567' title='bbox 559 4569 803 4623; x_wconf 72' lang='lat' dir='ltr'><strong>vicesima</strong></span> <span class='ocrx_word' id='word_1_568' title='bbox 850 4579 1036 4623; x_wconf 82' lang='lat' dir='ltr'><strong>octava</strong></span> <span class='ocrx_word' id='word_1_569' title='bbox 1104 4571 1305 4635; x_wconf 77' lang='lat' dir='ltr'><strong>Martii,</strong></span> <span class='ocrx_word' id='word_1_570' title='bbox 1362 4581 1408 4625; x_wconf 87' lang='lat' dir='ltr'><strong>et</strong></span> <span class='ocrx_word' id='word_1_571' title='bbox 1460 4573 1664 4625; x_wconf 79' lang='lat' dir='ltr'><strong>decima</strong></span> <span class='ocrx_word' id='word_1_572' title='bbox 1728 4582 1922 4643; x_wconf 86' lang='lat' dir='ltr'><strong>quarta</strong></span> <span class='ocrx_word' id='word_1_573' title='bbox 1983 4572 2181 4641; x_wconf 80' lang='lat' dir='ltr'><strong>Aprilis</strong></span> <span class='ocrx_word' id='word_1_574' title='bbox 2226 4576 2529 4628; x_wconf 77' lang='lat' dir='ltr'><strong>occurrebat</strong></span> <span class='ocrx_word' id='word_1_575' title='bbox 2585 4577 2865 4629; x_wconf 82' lang='lat' dir='ltr'><strong>octodecim</strong></span> <span class='ocrx_word' id='word_1_576' title='bbox 2914 4573 3094 4628; x_wconf 77' lang='lat' dir='ltr'><strong>diebus</strong></span> <span class='ocrx_word' id='word_1_577' title='bbox 3154 4583 3268 4640; x_wconf 79' lang='lat' dir='ltr'><strong>post</strong></span> <span class='ocrx_word' id='word_1_578' title='bbox 3317 4583 3570 4627; x_wconf 24' lang='lat' dir='ltr'><strong>sanctam.</strong></span> 
     </span>
    </p>
   </div>
   <div class='ocr_carea' id='block_1_76' title="bbox 260 4661 3559 4736">
    <p class='ocr_par' dir='ltr' id='par_1_76' title="bbox 260 4661 3559 4736">
     <span class='ocr_line' id='line_1_76' title="bbox 260 4661 3559 4736; baseline 0.001 -20"><span class='ocrx_word' id='word_1_579' title='bbox 260 4661 615 4717; x_wconf 71' lang='lat' dir='ltr'><strong>Parasceven.</strong></span> <span class='ocrx_word' id='word_1_580' title='bbox 659 4662 776 4717; x_wconf 78' lang='lat' dir='ltr'><strong>luto</strong></span> <span class='ocrx_word' id='word_1_581' title='bbox 817 4663 1005 4734; x_wconf 72' lang='lat' dir='ltr'><strong>viginti</strong></span> <span class='ocrx_word' id='word_1_582' title='bbox 1051 4663 1188 4727; x_wconf 89' lang='lat' dir='ltr'><strong>dies,</strong></span> <span class='ocrx_word' id='word_1_583' title='bbox 1228 4663 1271 4717; x_wconf 91' lang='lat' dir='ltr'><strong>si</strong></span> <span class='ocrx_word' id='word_1_584' title='bbox 1304 4664 1619 4718; x_wconf 70' lang='lat' dir='ltr'><strong>vicesimam</strong></span> <span class='ocrx_word' id='word_1_585' title='bbox 1650 4675 1860 4720; x_wconf 79' lang='lat' dir='ltr'><strong>sextam</strong></span> <span class='ocrx_word' id='word_1_586' title='bbox 1906 4662 2084 4719; x_wconf 79' lang='lat' dir='ltr'><strong>Martii</strong></span> <span class='ocrx_word' id='word_1_587' title='bbox 2116 4681 2221 4736; x_wconf 87' lang='lat' dir='ltr'><strong>qua</strong></span> <span class='ocrx_word' id='word_1_588' title='bbox 2260 4665 2609 4730; x_wconf 88' lang='lat' dir='ltr'><strong>Parasceves,</strong></span> <span class='ocrx_word' id='word_1_589' title='bbox 2650 4678 2704 4721; x_wconf 88' lang='lat' dir='ltr'><strong>et</strong></span> <span class='ocrx_word' id='word_1_590' title='bbox 2742 4666 3009 4722; x_wconf 88' lang='lat' dir='ltr'><strong>decimam</strong></span> <span class='ocrx_word' id='word_1_591' title='bbox 3047 4674 3299 4735; x_wconf 83' lang='lat' dir='ltr'><strong>quartam</strong></span> <span class='ocrx_word' id='word_1_592' title='bbox 3335 4666 3559 4736; x_wconf 80' lang='lat' dir='ltr'><strong>Aprilis,</strong></span> 
     </span>
    </p>
   </div>
   <div class='ocr_carea' id='block_1_77' title="bbox 260 4752 1918 4824">
    <p class='ocr_par' dir='ltr' id='par_1_77' title="bbox 260 4752 1918 4824">
     <span class='ocr_line' id='line_1_77' title="bbox 260 4752 1918 4824; baseline 0.002 -17"><span class='ocrx_word' id='word_1_593' title='bbox 260 4769 371 4824; x_wconf 81' lang='lat' dir='ltr'><strong>qua</strong></span> <span class='ocrx_word' id='word_1_594' title='bbox 415 4752 473 4808; x_wconf 86' lang='lat' dir='ltr'><strong>S.</strong></span> <span class='ocrx_word' id='word_1_595' title='bbox 514 4755 796 4811; x_wconf 60' lang='lat' dir='ltr'><strong>Domitium</strong></span> <span class='ocrx_word' id='word_1_596' title='bbox 835 4758 1035 4812; x_wconf 88' lang='lat' dir='ltr'><strong>festum</strong></span> <span class='ocrx_word' id='word_1_597' title='bbox 1086 4755 1487 4819; x_wconf 85' lang='lat' dir='ltr'><strong>celebrabatur,</strong></span> <span class='ocrx_word' id='word_1_598' title='bbox 1532 4772 1918 4811; x_wconf 86' lang='lat' dir='ltr'><strong>connumeres.</strong></span> 
     </span>
    </p>
   </div>
   <div class='ocr_carea' id='block_1_78' title="bbox 337 4850 3563 4920">
    <p class='ocr_par' dir='ltr' id='par_1_78' title="bbox 337 4850 3563 4920">
     <span class='ocr_line' id='line_1_78' title="bbox 337 4850 3563 4920; baseline 0.001 -17"><span class='ocrx_word' id='word_1_599' title='bbox 337 4850 433 4903; x_wconf 89' lang='lat' dir='ltr'><strong>llis</strong></span> <span class='ocrx_word' id='word_1_600' title='bbox 484 4851 794 4920; x_wconf 82' lang='lat' dir='ltr'><strong>adjicimus,</strong></span> <span class='ocrx_word' id='word_1_601' title='bbox 841 4865 944 4905; x_wconf 91' lang='lat' dir='ltr'><strong>nos</strong></span> <span class='ocrx_word' id='word_1_602' title='bbox 983 4866 1048 4903; x_wconf 77' lang='lat' dir='ltr'><strong>ex</strong></span> <span class='ocrx_word' id='word_1_603' title='bbox 1094 4851 1466 4907; x_wconf 88' lang='lat' dir='ltr'><strong>admonitione</strong></span> <span class='ocrx_word' id='word_1_604' title='bbox 1493 4853 1636 4907; x_wconf 88' lang='lat' dir='ltr'><strong>circa</strong></span> <span class='ocrx_word' id='word_1_605' title='bbox 1668 4855 1963 4908; x_wconf 88' lang='lat' dir='ltr'><strong>tumultum</strong></span> <span class='ocrx_word' id='word_1_606' title='bbox 1996 4854 2053 4906; x_wconf 90' lang='lat' dir='ltr'><strong>in</strong></span> <span class='ocrx_word' id='word_1_607' title='bbox 2089 4852 2401 4907; x_wconf 87' lang='lat' dir='ltr'><strong>accedendo</strong></span> <span class='ocrx_word' id='word_1_608' title='bbox 2430 4853 2498 4905; x_wconf 89' lang='lat' dir='ltr'><strong>ad</strong></span> <span class='ocrx_word' id='word_1_609' title='bbox 2532 4866 2743 4908; x_wconf 87' lang='lat' dir='ltr'><strong>sacram</strong></span> <span class='ocrx_word' id='word_1_610' title='bbox 2772 4851 3214 4907; x_wconf 84' lang='lat' dir='ltr'><strong>communionem</strong></span> <span class='ocrx_word' id='word_1_611' title='bbox 3268 4868 3377 4906; x_wconf 89' lang='lat' dir='ltr'><strong>non</strong></span> <span class='ocrx_word' id='word_1_612' title='bbox 3421 4854 3563 4907; x_wconf 81' lang='lat' dir='ltr'><strong>tnul-</strong></span> 
     </span>
    </p>
   </div>
   <div class='ocr_carea' id='block_1_79' title="bbox 264 4943 3575 5013">
    <p class='ocr_par' dir='ltr' id='par_1_79' title="bbox 264 4943 3575 5013">
     <span class='ocr_line' id='line_1_79' title="bbox 264 4943 3575 5013; baseline 0.002 -18"><span class='ocrx_word' id='word_1_613' title='bbox 264 4950 383 4996; x_wconf 90' lang='lat' dir='ltr'><strong>tum</strong></span> <span class='ocrx_word' id='word_1_614' title='bbox 431 4943 662 5008; x_wconf 86' lang='lat' dir='ltr'><strong>moveri,</strong></span> <span class='ocrx_word' id='word_1_615' title='bbox 690 4951 772 4997; x_wconf 80' lang='lat' dir='ltr'><strong>-ut</strong></span> <span class='ocrx_word' id='word_1_616' title='bbox 814 4959 933 4998; x_wconf 89' lang='lat' dir='ltr'><strong>eam</strong></span> <span class='ocrx_word' id='word_1_617' title='bbox 980 4944 1061 4996; x_wconf 79' lang='lat' dir='ltr'><strong>vel</strong></span> <span class='ocrx_word' id='word_1_618' title='bbox 1097 4944 1149 4996; x_wconf 91' lang='lat' dir='ltr'><strong>in</strong></span> <span class='ocrx_word' id='word_1_619' title='bbox 1185 4959 1388 4997; x_wconf 89' lang='lat' dir='ltr'><strong>annum</strong></span> <span class='ocrx_word' id='word_1_620' title='bbox 1421 4943 1546 5007; x_wconf 83' lang='grc'><strong>586,</strong></span> <span class='ocrx_word' id='word_1_621' title='bbox 1579 4945 1664 4999; x_wconf 82' lang='lat' dir='ltr'><strong>vel</strong></span> <span class='ocrx_word' id='word_1_622' title='bbox 1720 4947 1773 4999; x_wconf 91' lang='lat' dir='ltr'><strong>in</strong></span> <span class='ocrx_word' id='word_1_623' title='bbox 1806 4961 2011 4999; x_wconf 85' lang='lat' dir='ltr'><strong>annum</strong></span> <span class='ocrx_word' id='word_1_624' title='bbox 2037 4945 2141 4999; x_wconf 76' lang='lat'><strong>387</strong></span> <span class='ocrx_word' id='word_1_625' title='bbox 2184 4944 2559 5013; x_wconf 78' lang='lat' dir='ltr'><strong>conjiciamus.</strong></span> <span class='ocrx_word' id='word_1_626' title='bbox 2593 4944 2781 5013; x_wconf 88' lang='lat' dir='ltr'><strong>Neque</strong></span> <span class='ocrx_word' id='word_1_627' title='bbox 2814 4945 2962 4998; x_wconf 91' lang='lat' dir='ltr'><strong>enim</strong></span> <span class='ocrx_word' id='word_1_628' title='bbox 2988 4945 3043 4998; x_wconf 89' lang='lat' dir='ltr'><strong>in</strong></span> <span class='ocrx_word' id='word_1_629' title='bbox 3080 4943 3320 5000; x_wconf 84' lang='lat' dir='ltr'><strong>homiliis</strong></span> <span class='ocrx_word' id='word_1_630' title='bbox 3350 4954 3575 5000; x_wconf 78' lang='lat' dir='ltr'><strong>tantum</strong></span> 
     </span>
    </p>
   </div>
   <div class='ocr_carea' id='block_1_80' title="bbox 260 5037 3566 5109">
    <p class='ocr_par' dir='ltr' id='par_1_80' title="bbox 260 5037 3566 5109">
     <span class='ocr_line' id='line_1_80' title="bbox 260 5037 3566 5109; baseline 0.002 -20"><span class='ocrx_word' id='word_1_631' title='bbox 260 5038 333 5109; x_wconf 75' lang='lat' dir='ltr'><strong>de</strong></span> <span class='ocrx_word' id='word_1_632' title='bbox 374 5038 555 5090; x_wconf 79' lang='lat' dir='ltr'><strong>Natali</strong></span> <span class='ocrx_word' id='word_1_633' title='bbox 600 5048 655 5091; x_wconf 89' lang='lat' dir='ltr'><strong>et</strong></span> <span class='ocrx_word' id='word_1_634' title='bbox 693 5039 761 5091; x_wconf 87' lang='lat' dir='ltr'><strong>de</strong></span> <span class='ocrx_word' id='word_1_635' title='bbox 803 5037 1145 5107; x_wconf 86' lang='lat' dir='ltr'><strong>Ephiphania</strong></span> <span class='ocrx_word' id='word_1_636' title='bbox 1196 5039 1497 5093; x_wconf 87' lang='lat' dir='ltr'><strong>admonitio</strong></span> <span class='ocrx_word' id='word_1_637' title='bbox 1543 5038 1858 5108; x_wconf 79' lang='lat' dir='ltr'><strong>huiusmodi</strong></span> <span class='ocrx_word' id='word_1_638' title='bbox 1913 5042 2173 5103; x_wconf 85' lang='lat' dir='ltr'><strong>occurrit,</strong></span> <span class='ocrx_word' id='word_1_639' title='bbox 2216 5040 2310 5093; x_wconf 86' lang='lat' dir='ltr'><strong>sed</strong></span> <span class='ocrx_word' id='word_1_640' title='bbox 2352 5040 2516 5093; x_wconf 83' lang='lat' dir='ltr'><strong>etiam</strong></span> <span class='ocrx_word' id='word_1_641' title='bbox 2562 5040 2618 5091; x_wconf 89' lang='lat' dir='ltr'><strong>in</strong></span> <span class='ocrx_word' id='word_1_642' title='bbox 2661 5039 2881 5093; x_wconf 87' lang='lat' dir='ltr'><strong>bomilia</strong></span> <span class='ocrx_word' id='word_1_643' title='bbox 2928 5040 3253 5109; x_wconf 64' lang='lat' dir='ltr'><strong>pracetlenti</strong></span> <span class='ocrx_word' id='word_1_644' title='bbox 3303 5040 3377 5095; x_wconf 89' lang='lat' dir='ltr'><strong>De</strong></span> <span class='ocrx_word' id='word_1_645' title='bbox 3409 5040 3566 5095; x_wconf 65' lang='lat' dir='ltr'><strong>ludar:</strong></span> 
     </span>
    </p>
   </div>
   <div class='ocr_carea' id='block_1_81' title="bbox 236 5101 3559 5205">
    <p class='ocr_par' dir='ltr' id='par_1_81' title="bbox 236 5101 3559 5205">
     <span class='ocr_line' id='line_1_81' title="bbox 236 5101 3559 5205; baseline 0.004 -28"><span class='ocrx_word' id='word_1_646' title='bbox 236 5101 581 5198; x_wconf 58' lang='lat' dir='ltr'><strong>.proditione,</strong></span> <span class='ocrx_word' id='word_1_647' title='bbox 638 5128 797 5196; x_wconf 85' lang='lat' dir='ltr'><strong>cujus</strong></span> <span class='ocrx_word' id='word_1_648' title='bbox 838 5144 1041 5181; x_wconf 88' lang='lat' dir='ltr'><strong>annum</strong></span> <span class='ocrx_word' id='word_1_649' title='bbox 1089 5130 1367 5199; x_wconf 78' lang='lat' dir='ltr'><strong>assignare</strong></span> <span class='ocrx_word' id='word_1_650' title='bbox 1405 5144 1515 5182; x_wconf 87' lang='lat' dir='ltr'><strong>non</strong></span> <span class='ocrx_word' id='word_1_651' title='bbox 1557 5130 1856 5197; x_wconf 85' lang='lat' dir='ltr'><strong>potuimus.</strong></span> <span class='ocrx_word' id='word_1_652' title='bbox 1893 5127 2032 5194; x_wconf 87' lang='lat' dir='ltr'><strong>Quid</strong></span> <span class='ocrx_word' id='word_1_653' title='bbox 2083 5130 2226 5182; x_wconf 90' lang='lat' dir='ltr'><strong>enim</strong></span> <span class='ocrx_word' id='word_1_654' title='bbox 2274 5129 2605 5184; x_wconf 85' lang='lat' dir='ltr'><strong>incommodi</strong></span> <span class='ocrx_word' id='word_1_655' title='bbox 2636 5130 2880 5193; x_wconf 88' lang='lat' dir='ltr'><strong>accedat,</strong></span> <span class='ocrx_word' id='word_1_656' title='bbox 2924 5130 2969 5185; x_wconf 87' lang='lat' dir='ltr'><strong>si</strong></span> <span class='ocrx_word' id='word_1_657' title='bbox 3018 5146 3286 5200; x_wconf 90' lang='lat' dir='ltr'><strong>ponamus</strong></span> <span class='ocrx_word' id='word_1_658' title='bbox 3318 5130 3559 5205; x_wconf 70' lang='lat' dir='ltr'><strong>Chryso-</strong></span> 
     </span>
    </p>
   </div>
   <div class='ocr_carea' id='block_1_82' title="bbox 265 5221 3575 5299">
    <p class='ocr_par' dir='ltr' id='par_1_82' title="bbox 265 5221 3575 5299">
     <span class='ocr_line' id='line_1_82' title="bbox 265 5221 3575 5299; baseline 0.003 -26"><span class='ocrx_word' id='word_1_659' title='bbox 265 5232 508 5274; x_wconf 89' lang='lat' dir='ltr'><strong>stomum</strong></span> <span class='ocrx_word' id='word_1_660' title='bbox 548 5221 735 5275; x_wconf 85' lang='lat' dir='ltr'><strong>multis</strong></span> <span class='ocrx_word' id='word_1_661' title='bbox 786 5222 1059 5291; x_wconf 85' lang='lat' dir='ltr'><strong>variisque</strong></span> <span class='ocrx_word' id='word_1_662' title='bbox 1105 5224 1286 5287; x_wconf 90' lang='lat' dir='ltr'><strong>annis,</strong></span> <span class='ocrx_word' id='word_1_663' title='bbox 1319 5223 1445 5293; x_wconf 88' lang='lat' dir='ltr'><strong>quia</strong></span> <span class='ocrx_word' id='word_1_664' title='bbox 1478 5239 1577 5293; x_wconf 87' lang='lat' dir='ltr'><strong>par</strong></span> <span class='ocrx_word' id='word_1_665' title='bbox 1609 5225 1876 5278; x_wconf 86' lang='lat' dir='ltr'><strong>tumultus</strong></span> <span class='ocrx_word' id='word_1_666' title='bbox 1910 5241 1939 5279; x_wconf 91' lang='lat' dir='ltr'><strong>a</strong></span> <span class='ocrx_word' id='word_1_667' title='bbox 1986 5226 2188 5295; x_wconf 88' lang='lat' dir='ltr'><strong>populo</strong></span> <span class='ocrx_word' id='word_1_668' title='bbox 2219 5226 2617 5289; x_wconf 88' lang='lat' dir='ltr'><strong>concitabatur,</strong></span> <span class='ocrx_word' id='word_1_669' title='bbox 2662 5228 2851 5281; x_wconf 84' lang='lat' dir='ltr'><strong>eadem</strong></span> <span class='ocrx_word' id='word_1_670' title='bbox 2893 5228 2969 5281; x_wconf 87' lang='lat' dir='ltr'><strong>uti</strong></span> <span class='ocrx_word' id='word_1_671' title='bbox 3011 5229 3391 5283; x_wconf 84' lang='lat' dir='ltr'><strong>adhortatione</strong></span> <span class='ocrx_word' id='word_1_672' title='bbox 3426 5246 3575 5299; x_wconf 15' lang='lat' dir='ltr'><strong>opus?</strong></span> 
     </span>
    </p>
   </div>
   <div class='ocr_carea' id='block_1_83' title="bbox 266 5300 3562 5389">
    <p class='ocr_par' dir='ltr' id='par_1_83' title="bbox 266 5300 3562 5389">
     <span class='ocr_line' id='line_1_83' title="bbox 266 5300 3562 5389; baseline 0.003 -22"><span class='ocrx_word' id='word_1_673' title='bbox 266 5312 572 5367; x_wconf 86' lang='lat' dir='ltr'><strong>habuisse?</strong></span> <span class='ocrx_word' id='word_1_674' title='bbox 612 5314 823 5368; x_wconf 83' lang='lat' dir='ltr'><strong>Meliori</strong></span> <span class='ocrx_word' id='word_1_675' title='bbox 870 5315 1035 5386; x_wconf 82' lang='lat' dir='ltr'><strong>igitur</strong></span> <span class='ocrx_word' id='word_1_676' title='bbox 1077 5316 1288 5371; x_wconf 86' lang='lat' dir='ltr'><strong>calculo</strong></span> <span class='ocrx_word' id='word_1_677' title='bbox 1332 5317 1387 5371; x_wconf 91' lang='lat' dir='ltr'><strong>in</strong></span> <span class='ocrx_word' id='word_1_678' title='bbox 1428 5333 1632 5371; x_wconf 88' lang='lat' dir='ltr'><strong>annum</strong></span> <span class='ocrx_word' id='word_1_679' title='bbox 1686 5318 1790 5371; x_wconf 73' lang='lat'><strong>592</strong></span> <span class='ocrx_word' id='word_1_680' title='bbox 1839 5300 2142 5373; x_wconf 80' lang='lat' dir='ltr'><strong>referamus</strong></span> <span class='ocrx_word' id='word_1_681' title='bbox 2182 5338 2193 5371; x_wconf 88' lang='lat'><strong>:</strong></span> <span class='ocrx_word' id='word_1_682' title='bbox 2232 5321 2331 5373; x_wconf 87' lang='lat' dir='ltr'><strong>etsi</strong></span> <span class='ocrx_word' id='word_1_683' title='bbox 2384 5336 2490 5371; x_wconf 91' lang='lat' dir='ltr'><strong>non</strong></span> <span class='ocrx_word' id='word_1_684' title='bbox 2538 5321 2718 5373; x_wconf 88' lang='lat' dir='ltr'><strong>omnis</strong></span> <span class='ocrx_word' id='word_1_685' title='bbox 2759 5334 2987 5389; x_wconf 87' lang='lat' dir='ltr'><strong>prorsus</strong></span> <span class='ocrx_word' id='word_1_686' title='bbox 3020 5321 3238 5375; x_wconf 86' lang='lat' dir='ltr'><strong>tollatur</strong></span> <span class='ocrx_word' id='word_1_687' title='bbox 3275 5323 3562 5378; x_wconf 88' lang='lat' dir='ltr'><strong>dubitandi</strong></span> 
     </span>
    </p>
   </div>
   <div class='ocr_carea' id='block_1_84' title="bbox 263 5408 3573 5484">
    <p class='ocr_par' dir='ltr' id='par_1_84' title="bbox 263 5408 3573 5484">
     <span class='ocr_line' id='line_1_84' title="bbox 263 5408 3573 5484; baseline 0.002 -22"><span class='ocrx_word' id='word_1_688' title='bbox 263 5423 428 5462; x_wconf 85' lang='lat' dir='ltr'><strong>causa</strong></span> <span class='ocrx_word' id='word_1_689' title='bbox 467 5426 477 5459; x_wconf 94' lang='lat'>:</span> <span class='ocrx_word' id='word_1_690' title='bbox 513 5424 641 5461; x_wconf 88' lang='lat' dir='ltr'><strong>nam</strong></span> <span class='ocrx_word' id='word_1_691' title='bbox 678 5422 737 5460; x_wconf 87' lang='lat' dir='ltr'><strong>ut</strong></span> <span class='ocrx_word' id='word_1_692' title='bbox 770 5408 1006 5462; x_wconf 81' lang='lat' dir='ltr'><strong>diximus</strong></span> <span class='ocrx_word' id='word_1_693' title='bbox 1054 5410 1259 5464; x_wconf 85' lang='lat' dir='ltr'><strong>Monito</strong></span> <span class='ocrx_word' id='word_1_694' title='bbox 1308 5410 1362 5463; x_wconf 91' lang='lat' dir='ltr'><strong>in</strong></span> <span class='ocrx_word' id='word_1_695' title='bbox 1414 5410 1664 5464; x_wconf 89' lang='lat' dir='ltr'><strong>homilias</strong></span> <span class='ocrx_word' id='word_1_696' title='bbox 1706 5420 1889 5464; x_wconf 86' lang='lat' dir='ltr'><strong>contra</strong></span> <span class='ocrx_word' id='word_1_697' title='bbox 1936 5411 2167 5473; x_wconf 71' lang='lat' dir='ltr'><strong>Iudaeos,</strong></span> <span class='ocrx_word' id='word_1_698' title='bbox 2221 5413 2439 5466; x_wconf 72' lang='lat' dir='ltr'><strong>Tabulae</strong></span> <span class='ocrx_word' id='word_1_699' title='bbox 2479 5414 2789 5481; x_wconf 56' lang='lat' dir='ltr'><strong>paschales,</strong></span> <span class='ocrx_word' id='word_1_700' title='bbox 2832 5428 2955 5482; x_wconf 75' lang='lat' dir='ltr'><strong>quae</strong></span> <span class='ocrx_word' id='word_1_701' title='bbox 3001 5424 3131 5469; x_wconf 89' lang='lat' dir='ltr'><strong>sunt</strong></span> <span class='ocrx_word' id='word_1_702' title='bbox 3160 5414 3573 5484; x_wconf 81' lang='lat' dir='ltr'><strong>posterioribus</strong></span> 
     </span>
    </p>
   </div>
   <div class='ocr_carea' id='block_1_85' title="bbox 262 5498 3565 5576">
    <p class='ocr_par' dir='ltr' id='par_1_85' title="bbox 262 5498 3565 5576">
     <span class='ocr_line' id='line_1_85' title="bbox 262 5498 3565 5576; baseline 0.003 -23"><span class='ocrx_word' id='word_1_703' title='bbox 262 5498 476 5553; x_wconf 66' lang='lat' dir='ltr'><strong>saeculis</strong></span> <span class='ocrx_word' id='word_1_704' title='bbox 510 5498 876 5565; x_wconf 82' lang='lat' dir='ltr'><strong>concinnatae,</strong></span> <span class='ocrx_word' id='word_1_705' title='bbox 910 5515 1034 5554; x_wconf 83' lang='lat' dir='ltr'><strong>cum</strong></span> <span class='ocrx_word' id='word_1_706' title='bbox 1078 5501 1353 5555; x_wconf 79' lang='lat' dir='ltr'><strong>veteribus</strong></span> <span class='ocrx_word' id='word_1_707' title='bbox 1397 5501 1620 5555; x_wconf 85' lang='lat' dir='ltr'><strong>calculis</strong></span> <span class='ocrx_word' id='word_1_708' title='bbox 1662 5516 1772 5555; x_wconf 89' lang='lat' dir='ltr'><strong>non</strong></span> <span class='ocrx_word' id='word_1_709' title='bbox 1812 5505 2147 5557; x_wconf 79' lang='lat' dir='ltr'><strong>concordare</strong></span> <span class='ocrx_word' id='word_1_710' title='bbox 2195 5504 2352 5558; x_wconf 82' lang='lat' dir='ltr'><strong>facile</strong></span> <span class='ocrx_word' id='word_1_711' title='bbox 2402 5516 2650 5572; x_wconf 72' lang='lat' dir='ltr'><strong>possunt,</strong></span> <span class='ocrx_word' id='word_1_712' title='bbox 2685 5506 2860 5576; x_wconf 89' lang='lat' dir='ltr'><strong>iisque</strong></span> <span class='ocrx_word' id='word_1_713' title='bbox 2903 5524 3013 5560; x_wconf 90' lang='lat' dir='ltr'><strong>non</strong></span> <span class='ocrx_word' id='word_1_714' title='bbox 3047 5508 3273 5562; x_wconf 87' lang='lat' dir='ltr'><strong>omnino</strong></span> <span class='ocrx_word' id='word_1_715' title='bbox 3310 5508 3442 5562; x_wconf 84' lang='lat' dir='ltr'><strong>fides</strong></span> <span class='ocrx_word' id='word_1_716' title='bbox 3473 5513 3565 5562; x_wconf 80' lang='lat' dir='ltr'><strong>est</strong></span> 
     </span>
    </p>
   </div>
   <div class='ocr_carea' id='block_1_86' title="bbox 265 5594 541 5652">
    <p class='ocr_par' dir='ltr' id='par_1_86' title="bbox 265 5594 541 5652">
     <span class='ocr_line' id='line_1_86' title="bbox 265 5594 541 5652; baseline -0.022 0"><span class='ocrx_word' id='word_1_717' title='bbox 265 5594 541 5652; x_wconf 86' lang='lat' dir='ltr'><strong>habenda.</strong></span> 
     </span>
    </p>
   </div>
   <div class='ocr_carea' id='block_1_87' title="bbox 335 5686 2949 5763">
    <p class='ocr_par' dir='ltr' id='par_1_87' title="bbox 335 5686 2949 5763">
     <span class='ocr_line' id='line_1_87' title="bbox 335 5686 2949 5763; baseline 0.002 -22"><span class='ocrx_word' id='word_1_718' title='bbox 335 5688 520 5743; x_wconf 73' lang='lat' dir='ltr'><strong>Jacobi</strong></span> <span class='ocrx_word' id='word_1_719' title='bbox 571 5686 808 5743; x_wconf 78' lang='lat' dir='ltr'><strong>Grctscri</strong></span> <span class='ocrx_word' id='word_1_720' title='bbox 866 5688 1378 5759; x_wconf 69' lang='lat' dir='ltr'><strong>interpretationem</strong></span> <span class='ocrx_word' id='word_1_721' title='bbox 1432 5689 1698 5753; x_wconf 79' lang='lat' dir='ltr'><strong>Latinam,</strong></span> <span class='ocrx_word' id='word_1_722' title='bbox 1748 5690 1952 5759; x_wconf 75' lang='lat' dir='ltr'><strong>aliquot</strong></span> <span class='ocrx_word' id='word_1_723' title='bbox 2002 5693 2051 5743; x_wconf 77' lang='lat' dir='ltr'><strong>in</strong></span> <span class='ocrx_word' id='word_1_724' title='bbox 2099 5692 2228 5745; x_wconf 70' lang='lat' dir='ltr'><strong>locis</strong></span> <span class='ocrx_word' id='word_1_725' title='bbox 2276 5694 2608 5763; x_wconf 68' lang='lat' dir='ltr'><strong>rastigatam,</strong></span> <span class='ocrx_word' id='word_1_726' title='bbox 2657 5693 2949 5748; x_wconf 82' lang='lat' dir='ltr'><strong>edidimus.</strong></span> 
     </span>
    </p>
   </div>
  </div>
