4164 6324
660 336 767 399 5ΐό

1369 354 1426 392 δ.
1464 338 1753 393 δυΛλΜδ
1792 334 2282 394 (EIIRYStZSTOMI
2323 334 2645 394 ARCIIII‘IP.
2691 332 3240 392 CONSTANTINOP.

3840 333 3944 388 504

1626 1004 1701 1064 IN
1757 1004 2244 1068 COEMETERII
2304 1004 2983 1067 APPELLATIONEM

1145 1348 1223 1392 ET
1268 1349 1330 1394 IN
1375 1349 1625 1395 CRUCEM
1666 1350 1890 1396 DOMINI
1932 1351 2008 1396 ET
2049 1353 2155 1397 DEI
2197 1353 2272 1398 ET
2314 1354 2696 1400 SALVATORIS
2743 1355 2969 1402 NOSTRI
3008 1355 3159 1402 JESU
3201 1356 3403 1403 CHRIS'

740 1906 789 1944 1.
830 1894 933 1946 (.‘ur
960 1897 1101 1943 extra
1124 1887 1368 1941 civitatem
1395 1886 1567 1940 concio
1592 1886 1887 1951 haberetur;
1916 1886 2246 1942 cmmetrrinm

663 1980 800 2035 unde
823 1978 1032 2048 dictum.
1062 2008 1133 2019 -—-
1151 1978 1303 2047 Sicpe
1324 1977 1463 2046 apud
1485 1977 1720 2031 animum
1743 1991 1918 2032 meum
1940 1976 2212 2046 disquisivi
2227 2018 2243 2045 ,

665 2073 817 2139 cujus
846 2070 1008 2140 gratia
1040 2070 1272 2139 majores
1316 2068 1516 2131 nostri,
1549 2069 1747 2123 relictis
1775 2068 2010 2133 aedibus,
2032 2083 2163 2138 quas
2193 2068 2245 2123 in

666 2162 885 2216 urbibus
925 2161 1147 2224 habent,
1171 2160 1287 2229 lege
1315 2160 1417 2213 lata
1443 2158 1756 2223 statuerint,
1789 2166 1844 2212 ut
1868 2167 2017 2212 extra
2057 2157 2245 2212 civita-

665 2264 771 2308 tem
803 2253 979 2319 hodie,
1010 2263 1063 2308 et
1088 2252 1301 2324 quidem
1342 2252 1394 2306 in
1424 2249 1527 2306 hoc
1551 2251 1672 2305 loco
1704 2250 1757 2304 in
1782 2249 2092 2305 concionem
2119 2264 2246 2305 eon-

668 2346 969 2401 veniremus
996 2363 1009 2399 :
1042 2360 1214 2415 neque
1240 2344 1379 2398 enim
1425 2342 1542 2399 sine
1566 2356 1746 2405 causa,
1775 2356 1949 2411 neque
1973 2349 2177 2396 temere
2195 2340 2247 2395 id

648 2438 854 2495 ‘l‘ecisse
875 2436 1138 2491 videntur:
1167 2435 1424 2503 Quocirca
1447 2442 1501 2489 et
1524 2448 1738 2488 causam
1769 2430 2033 2502 indagavi,
2054 2442 2245 2487 etcum

665 2527 759 2585 Dei
795 2529 962 2599 gratia
1007 2529 1183 2584 inveni
1217 2528 1416 2597 justam
1454 2540 1593 2591 esse,
1625 2532 1680 2581 et
1730 2525 1923 2580 rationi
1965 2532 2249 2578 consenta-

665 2636 817 2676 neam
843 2661 858 2685 ,
888 2620 1243 2690 praesentique
1281 2619 1419 2674 festo
1460 2625 1872 2687 competentem.
1918 2615 2047 2684 Quae
2089 2615 2248 2686 igitur

664 2726 819 2767 causa
864 2712 983 2767 est?
1023 2711 1212 2767 Crucls
1255 2711 1567 2766 memoriam
1615 2710 1839 2779 agimus.
1872 2708 1938 2761 At
1966 2706 2247 2763 cruciﬁxus

664 2817 812 2857 extra
844 2804 1113 2859 civitatem
1142 2802 1288 2857 cruci
1318 2802 1507 2857 afﬁxus
1532 2809 1649 2856 est:
1683 2809 1961 2871 propterea
1987 2809 2138 2854 extra
2169 2800 2247 2854 ci-

663 2896 878 2948 vitalem
932 2909 1032 2949 nos
1066 2892 1383 2948 eduxerunt.
1424 2890 1556 2945 Nam
1598 2901 1861 2959 pastorem
1883 2930 1896 2955 ,
1927 2890 2127 2958 inquit,
2158 2904 2244 2944 se-

662 2995 894 3055 quuntur
912 2999 1060 3040 oves.
1087 2983 1187 3040 Ubi
1209 2998 1336 3039 vero
1361 2997 1453 3039 rex
1478 3023 1494 3048 ,
1522 2982 1593 3037 ibi
1619 2990 1674 3036 et
1700 2983 1930 3045 milites;
1960 2991 2014 3036 et
2043 2981 2127 3035 ubi
2159 2995 2249 3034 ca-

662 3076 848 3141 daver,
881 3077 949 3130 ibi
980 3085 1034 3131 ct
1057 3074 1246 3145 aquila:
1276 3072 1506 3145 (Matth.
1534 3074 1625 3128 24.
1680 3071 1794 3145 28).
1831 3072 1934 3128 Sed
1963 3081 2111 3128 extra
2158 3073 2237 3127 ei-

664 3166 883 3222 vitatem
938 3166 1074 3220 hanc
1117 3164 1329 3235 quidem
1376 3164 1447 3219 ob
1488 3180 1702 3220 causam
1756 3166 2176 3236 (congregamur
2203 3164 2242 3234 ).

661 3257 928 3312 Creterum
973 3256 1108 3311 hanc
1152 3270 1272 3311 esse
1304 3270 1515 3311 causam
1541 3297 1557 3322 ,
1602 3256 1771 3310 satius
1816 3255 2055 3311 fortassis
2086 3254 2247 3310 fuerit

662 3348 1033 3404 demonstrare
1078 3347 1229 3416 prius
1274 3362 1339 3403 ex
1378 3346 1572 3401 divinis
1621 3345 1910 3416 Scripturis
1940 3362 1953 3398 :
1984 3361 2052 3402 ne
2103 3347 2245 3401 enim

661 3439 978 3513 existimetis
1007 3439 1145 3494 hanc
1180 3453 1301 3494 esse
1328 3439 1690 3507 conjecturam
1722 3448 1990 3503 nostram,
2023 3436 2244 3493 Paulum

662 3532 815 3588 vobis
860 3538 1046 3587 testem
1074 3530 1163 3586 do.
1196 3530 1331 3597 Quid
1368 3531 1527 3600 igitur
1565 3530 1654 3586 ille
1700 3530 1772 3583 ait
1814 3530 1882 3584 de
1928 3530 2248 3585 sacriﬁciis?

666 3626 894 3689 Quorum
922 3623 1054 3677 enim
1100 3622 1397 3675 animalium
1435 3622 1649 3692 infertur
1682 3622 1888 3691 sanguis
1916 3637 2007 3691 pro
2034 3622 2248 3690 peccatis

664 3718 715 3770 in
757 3724 932 3775 sancta
973 3729 1062 3783 per
1103 3712 1436 3781 Pontiﬁcem,
1480 3714 1657 3767 Iterum
1707 3728 1920 3784 corpora
1960 3724 2248 3767 cremantur

663 3818 805 3863 extra
829 3815 994 3859 castra
1025 3803 1045 3877 (
1076 3803 1229 3858 Hebr.
1261 3806 1347 3857 l3.
1380 3805 1435 3859 11
1466 3806 1506 3873 ).
1538 3803 1767 3872 Propter
1801 3804 1940 3873 quod
1971 3814 2024 3858 et
2052 3803 2205 3859 Jesns
2228 3845 2242 3870 ,

585 3889 599 3904 ⁵
670 3910 728 3952 ut
747 3897 1104 3953 sanctificaret
1132 3911 1228 3966 per
1253 3912 1404 3950 suum
1447 3896 1756 3965 sanguinem
1794 3897 2040 3966 pepnlum
2060 3938 2074 3962 ,
2098 3906 2246 3952 extra

666 3999 872 4057 portam
899 4000 1087 4058 passus
1111 3995 1211 4041 est.
1255 3986 1523 4042 Exeamus
1551 3986 1708 4057 igitur
1746 3988 1812 4042 ad
1839 4004 1959 4043 eum
1986 3998 2134 4044 extra
2160 4003 2251 4044 ca-

664 4090 807 4148 stra,
832 4080 1211 4149 improperium
1241 4079 1355 4149 ejus
1384 4088 1673 4148 portantes.
1708 4079 1880 4146 Dixit,
1904 4081 2063 4148 jussit
2105 4080 2245 4135 Pan.

664 4172 787 4238 lus;
816 4170 1297 4238 obtemperavimus
1318 4210 1332 4233 ,
1360 4170 1643 4225 exivimus.
1684 4169 1847 4224 Extra
1878 4170 2034 4240 igitur
2056 4170 2157 4225 hac
2181 4171 2251 4225 dc

665 4277 823 4317 causa
850 4276 1255 4330 congregamur.
1290 4261 1358 4313 At
1387 4260 1536 4329 cujus
1560 4260 1731 4329 gratia
1761 4259 1812 4312 in
1844 4258 1945 4313 hoc
1974 4262 2247 4331 martyrio.

664 4368 771 4407 non
818 4353 870 4407 in
911 4352 1060 4406 alio?
1086 4350 1295 4406 Etenim
1333 4350 1511 4404 divino
1542 4365 1761 4405 munere
1799 4365 2132 4421 quocumque
2182 4365 2247 4404 ex

666 4447 831 4499 latere
868 4443 995 4498 urbs
1038 4453 1217 4496 nostra
1258 4452 1563 4496 sanctorum
1608 4441 1843 4512 reliquiis
1866 4440 2247 4497 circummuni-

666 4544 769 4587 tur.
801 4533 963 4602 Cujus
1008 4533 1164 4602 igitur
1188 4531 1355 4602 gratia
1389 4531 1507 4598 hic,
1542 4547 1645 4585 non
1683 4533 1734 4586 in
1760 4532 1865 4586 alio
1892 4532 2146 4602 martyrio
2169 4530 2242 4602 (α)

665 4639 763 4679 nos
804 4624 1092 4680 convenire
1134 4624 1413 4677 voluerunt
1457 4622 1687 4691 majores
1734 4623 1946 4677 nostri?
1986 4624 2116 4692 Quia
2159 4622 2249 4678 hic

665 4724 993 4771 mortuorum
1024 4714 1308 4769 multitudo
1347 4715 1444 4768 sita
1472 4724 1574 4769 est.
1609 4714 1739 4768 Cum
1768 4714 1925 4785 igitur
1950 4714 2109 4770 hodie
2139 4714 2249 4770 Do-

666 4806 840 4860 minus
873 4806 939 4861 ad
967 4815 1205 4860 mortuos
1230 4804 1565 4861 descenderit
1583 4843 1597 4867 ,
1620 4819 1681 4860 ea
1713 4805 1779 4858 de
1802 4820 1960 4860 causa
1988 4804 2074 4860 hic
2096 4806 2248 4861 colli-

664 4899 859 4966 gimur,
877 4898 946 4952 ob
974 4897 1023 4951 id
1055 4898 1169 4965 ipse
1190 4897 1348 4951 etiam
1379 4896 1529 4950 locus
1554 4895 1919 4950 ctemeterium
1946 4897 2247 4952 nominatus

664 4998 783 5043 est:
808 4996 865 5043 ut
889 4988 1082 5053 discas,
1109 4998 1368 5055 mortuos,
1400 4997 1454 5042 et
1478 5002 1572 5044 eos
1596 4988 1683 5058 qui
1717 4988 1803 5042 hic
1829 4989 1936 5055 siti,
1966 5005 2069 5043 non
2099 5004 2244 5046 mor-

665 5090 820 5145 tuos,
850 5079 945 5135 sed
992 5094 1182 5135 somno
1222 5080 1531 5150 consopitos
1559 5094 1679 5135 esse
1720 5088 1774 5134 et
1818 5079 2071 5136 dormire.
2112 5080 2243 5136 Nam

662 5182 787 5227 ante
815 5171 1007 5227 Christi
1039 5172 1324 5227 adventura
1366 5186 1512 5227 mors
1555 5186 1750 5227 nomen
1782 5173 1967 5227 mortis
1997 5173 2241 5229 habebat.

668 5262 1029 5333 Quacumque,
1062 5263 1270 5332 inquit,
1299 5264 1382 5317 die
1426 5263 1739 5318 comederitts
1781 5262 1846 5318 de
1891 5265 2055 5334 ligno,
2087 5275 2245 5321 morte

663 5354 948 5408 moriemini
974 5353 993 5426 (
1016 5353 1146 5410 Gen.
1177 5354 1232 5409 2.
1266 5356 1332 5408 17
1360 5355 1398 5425 ).
1427 5354 1491 5409 Et
1521 5354 1711 5409 iterum
1737 5371 1750 5408 :
1778 5354 1960 5408 Anima
1988 5372 2100 5425 qua:
2125 5373 2240 5427 pec-

727 5486 796 5549 ζα)
833 5485 1135 5550 Martyrium,
1163 5489 1209 5538 id
1232 5496 1325 5547 est,
1352 5486 1557 5538 ecclesia
1579 5494 1838 5550 martyrum
1855 5488 2052 5550 nomine
2073 5480 2251 5538 eonst

659 5548 805 5613 arata,
826 5548 904 5613 vel
929 5548 977 5597 iii
994 5564 1087 5612 qua
1111 5558 1371 5613 martyrum
1395 5562 1501 5598 ossa
1514 5548 1731 5610 deposita
1751 5557 1878 5613 sunt.
1898 5549 2243 5613 V'oxiﬁ‘cquens

660 5610 785 5670 apud
812 5610 1075 5673 scriptores
1099 5610 1466 5661 ecclcSiastiecs.
1498 5613 1608 5673 \iite
1633 5624 1742 5673 quae
1764 5612 1976 5673 diximus
1998 5612 2046 5659 in
2072 5610 2239 5659 Edilio-

662 5683 725 5718 ne
748 5678 793 5720 S.
817 5672 1051 5722 Athanasii
1089 5673 1137 5721 in
1159 5673 1474 5723 Onomastlco.
1520 5672 1632 5723 \‘ide
1652 5672 1818 5723 etiam
1853 5672 2136 5722 nios-sarium
2161 5682 2236 5721 (tr.

658 5734 817 5794 tiairgil
840 5733 899 5784 ad
924 5748 1089 5784 vocem
1114 5747 1320 5795 μιρτὺρωνο

2354 1895 2471 1952 cat,
2494 1888 2607 1956 ipsa
2635 1880 2876 1942 morietur
2921 1885 2941 1957 (
2961 1885 3149 1944 Ezeclt.
3183 1888 3266 1943 18.
3289 1889 3421 1961 20).
3469 1890 3535 1946 Et
3566 1891 3769 1947 David:
3805 1894 3955 1950 Mors

2357 1987 2676 2045 peccatorum
2706 1979 2841 2032 mala
2867 1976 2887 2049 (
2910 1976 3055 2033 Psal.
3080 1980 3167 2034 53.
3195 1979 3306 2051 22)
3339 1996 3353 2033 :
3386 1998 3601 2048 rursus,
3639 1983 3869 2038 Pntiusa
3898 1988 3951 2039 in

2355 2077 2621 2135 conspectu
2644 2065 2848 2121 Domini
2875 2083 3009 2123 mors
3034 2078 3322 2125 sanctorum
3348 2073 3457 2141 ejus
3479 2071 3647 2147 (Psal.
3674 2076 3799 2132 “5.
3835 2077 3950 2139 l5).

2350 2156 2417 2211 Et
2443 2156 2566 2223 Job,
2598 2157 2737 2213 Mors
2763 2160 2870 2214 viro
2898 2160 3088 2231 requies
3108 2160 3235 2230 (Job
3288 2162 3340 2217 3.
3370 2161 3463 2218 23.
3494 2175 3541 2218 et
3568 2166 3650 2220 17.
3684 2167 3800 2237 16).
3836 2168 3947 2223 Ne-

2350 2262 2453 2315 que
2476 2247 2648 2301 solum
2688 2261 2853 2311 mors,
2876 2248 2971 2303 sed
3001 2258 3052 2303 et
3074 2238 3311 2306 infernus
3336 2253 3647 2312 vocabatur.
3671 2259 3809 2311 Audi
3841 2259 3950 2313 lia-

2349 2337 2525 2391 videm
2580 2336 2844 2395 dicentem
2894 2357 2907 2392 :
2946 2336 3302 2396 Verumtamen
3356 2342 3492 2398 Deus
3534 2357 3671 2399 eruet
3718 2350 3951 2405 anius-rut

2351 2442 2512 2480 meam
2536 2428 2600 2482 de
2627 2445 2779 2482 manu
2804 2430 2977 2500 inferi,
3004 2446 3121 2484 cum
3148 2434 3395 2502 acceperit
3423 2451 3501 2488 me
3530 2434 3701 2503 (Psat.
3722 2438 3811 2494 48.
3832 2440 3948 2509 lli):

2349 2526 2403 2573 et
2434 2517 2633 2586 Jacob,
2668 2518 2931 2574 Deducetis
2957 2530 3257 2576 senectutem
3297 2538 3457 2577 meam
3492 2542 3607 2579 cum
3634 2544 3851 2582 miri-ore
3884 2535 3950 2583 ad

2350 2610 2606 2682 infernum
2631 2608 2795 2683 (Gen.
2821 2611 2912 2666 42.
2941 2613 3011 2668 58
3031 2612 3071 2683 ).
3104 2612 3231 2669 11ίυε
3258 2617 3470 2670 nomina
3498 2615 3730 2673 habebat
3770 2621 3951 2675 obitus

2351 2711 2534 2757 noster
2576 2702 2833 2759 anteactis
2876 2705 3203 2775 temporibus
3235 2724 3250 2761 :
3274 2716 3330 2769 at
3377 2717 3655 2778 postquam
3694 2710 3950 2767 Christus

2351 2796 2514 2861 venit,
2550 2802 2605 2850 et
2636 2810 2733 2865 pro
2775 2797 2956 2851 mundi
2989 2797 3093 2852 vita
3134 2808 3359 2854 mortem
3408 2801 3607 2868 subiit,
3637 2818 3787 2858 mors
3836 2822 3949 2861 non

2349 2884 2580 2954 amplius
2610 2898 2829 2941 vocatur
2858 2878 3035 2955 mers,
3062 2888 3157 2943 sed
3183 2903 3405 2945 somnus
3429 2900 3483 2945 et
3506 2892 3783 2947 dormitio.
3818 2897 3950 2951 lior-

2352 2977 2626 3049 mitionem
2658 2978 2916 3047 appellari
2946 2988 3207 3034 testantur
3234 2982 3321 3034 illa
3354 2982 3564 3037 Domini
3593 2985 3754 3040 verba
3792 3001 3804 3037 :
3840 2985 3951 3040 Lu-

2349 3083 2499 3121 sarus
2526 3069 2720 3124 amicus
2743 3080 2912 3125 noster
2935 3070 3119 3126 dormit
3139 3070 3161 3147 (
3179 3071 3338 3127 Ioan.
3382 3076 3466 3130 11.
3497 3075 3559 3129 11
3585 3075 3625 3144 ).
3654 3075 3772 3132 Non
3802 3080 3949 3133 enim

2351 3157 2500 3222 dixit,
2534 3158 2769 3215 Mortuus
2797 3170 2898 3223 est.
2930 3164 3172 3232 quamvis
3200 3179 3387 3220 revera
3418 3174 3658 3222 mortuus
3686 3178 3853 3224 esset.
3881 3170 3950 3228 Ut

2350 3263 2480 3303 vero
2510 3250 2772 3322 intelligas
2799 3267 2993 3308 nomen
3022 3254 3357 3311 dormitionis
3384 3259 3724 3328 peregrinum
3756 3258 3948 3326 fuisse,

2350 3340 2629 3395 considera
2654 3341 2923 3412 quomodo
2951 3341 3054 3397 hoc
3090 3345 3274 3400 audito
3315 3348 3529 3402 nomine
3556 3347 3803 3419 discipuli
3835 3360 3952 3405 tur-

2350 3432 2567 3499 bentur,
2592 3442 2644 3488 et
2669 3434 2849 3490 dicant
2874 3452 2887 3488 :
2911 3433 3150 3503 Domine,
3171 3437 3217 3491 si
3240 3438 3445 3503 dormit,
3467 3440 3636 3497 salvus
3660 3445 3756 3497 erit
3782 3442 3950 3514 (Ibid.

2350 3538 2397 3575 υ.
2428 3522 2537 3593 li).
2568 3522 2715 3579 Adeo
2742 3539 2848 3579 non
2880 3525 3279 3593 intellexerant,
3306 3528 3431 3599 quid
3456 3529 3554 3585 sibi
3582 3532 3786 3587 dictum
3815 3535 3949 3590 illud

2349 3612 2596 3668 voluerit.
2632 3614 2823 3670 lterum
2852 3615 3084 3671 Paulus:
3117 3614 3257 3689 Ergo
3271 3628 3318 3672 et
3345 3619 3431 3690 qui
3459 3621 3794 3687 dormierunt,
3825 3641 3951 3692 per-

2349 3706 2515 3758 ierunt
2557 3705 2649 3775 (1.
2682 3704 2800 3761 Cor.
2844 3707 2931 3763 15.
2982 3707 3134 3781 18)?
3163 3710 3231 3764 ait
3280 3712 3537 3782 quosdam
3581 3712 3676 3769 ait.
3742 3716 3952 3773 Rursus

2350 3796 2474 3850 alibi
2500 3796 2568 3850 de
2593 3796 2858 3853 defunctis
2885 3798 3107 3870 loquens
3128 3842 3143 3866 ,
3179 3799 3323 3867 Nos,
3354 3803 3551 3873 inquit,
3583 3805 3672 3874 qui
3698 3806 3947 3873 vivimus,

2356 3904 2455 3941 non
2486 3892 2842 3957 praveniemns
2869 3909 2953 3947 eos
2977 3894 3063 3962 qui
3088 3893 3398 3949 dormierunt
3428 3896 3502 3966 (1.
3536 3894 3715 3952 Thess.
3739 3899 3794 3953 ι.
3830 3900 3947 3968 14).

2356 3982 2423 4036 Et
2464 3982 2587 4035 alibi
2623 4000 2637 4037 :
2670 3984 2873 4055 Surge,
2903 3986 2987 4053 qui
3033 3984 3222 4039 dormis
3252 3984 3485 4057 (Ep/tes.
3529 3987 3582 4042 5.
3613 3988 3680 4043 H
3702 3987 3745 4059 ).
3780 3990 3844 4044 Et
3888 4002 3951 4046 ut

2355 4074 2662 4129 ostenderet
2703 4090 2761 4129 t-e
2806 4076 2874 4130 de
2902 4077 3127 4131 mortuis
3170 4076 3273 4132 hoc
3314 4078 3512 4143 dicere,
3550 4079 3731 4135 addit:
3757 4080 3823 4136 Et
3851 4100 3949 4138 ea:-

2354 4180 2506 4235 surge
2531 4182 2562 4217 a
2588 4167 2815 4221 mortuis.
2850 4166 2983 4222 Vide
3003 4169 3272 4238 quomodo
3302 4170 3495 4240 ubique
3524 4186 3668 4227 mors
3694 4175 3946 4230 nomine-

2357 4263 2443 4306 tur
2464 4270 2684 4309 somnns
2712 4274 2725 4308 :
2753 4271 2855 4327 qua
2883 4255 2951 4315 de
2987 4271 3147 4313 causa
3172 4271 3226 4313 et
3255 4259 3404 4315 locus
3440 4264 3764 4327 cmmeterii,
3788 4267 3943 4337 quasi

2353 4345 2521 4412 dicas,
2554 4346 2873 4414 dormitorii,
2904 4363 3096 4405 nomen
3129 4352 3351 4410 invenit.
3383 4352 3523 4409 Utile
3546 4356 3688 4409 enim
3715 4354 3819 4411 hoc
3844 4374 3950 4412 no-

2354 4452 2473 4493 men
2512 4449 2593 4493 est
2612 4481 2626 4503 ,
2656 4449 2709 4502 et
2734 4438 3083 4510 philosophia:
3109 4444 3291 4497 multa:
3318 4443 3554 4513 plenum.
3586 4446 3813 4511 Quando
3841 4449 3949 4517 igi-

2355 4538 2441 4584 tur
2484 4529 2585 4585 lme
2630 4538 2899 4586 mortuum
2942 4530 3127 4598 ducis,
3159 4548 3227 4588 ne
3256 4534 3371 4602 ipse
3420 4543 3475 4590 te
3509 4518 3781 4592 concidas.
3820 4537 3944 4592 Non

2351 4622 2493 4676 enim
2525 4622 2698 4690 ipsum
2724 4622 2791 4677 ad
2819 4632 3043 4679 mortem
3062 4665 3077 4687 ,
3103 4624 3200 4679 sed
3234 4625 3302 4680 ad
3329 4640 3577 4681 somnum
3606 4628 3758 4683 ducis
3782 4645 3796 4683 :
3830 4630 3950 4685 suf-

2353 4714 2461 4769 ﬁcit
2501 4715 2593 4770 tibi
2626 4730 2816 4771 nomen
2847 4715 2951 4772 hoc
2975 4715 3043 4771 ad
3079 4716 3397 4773 calamitatis
3439 4720 3682 4774 solatiqu
3713 4731 3766 4775 et
3796 4722 3947 4774 leva-

2351 4822 2495 4861 men.
2513 4806 2663 4862 Disce
2682 4822 2787 4877 quo
2808 4810 3001 4874 ducas;
3025 4807 3076 4861 in
3098 4810 3464 4873 cmmeterium
3487 4827 3499 4862 :
3524 4820 3580 4865 et
3600 4811 3811 4878 quainto
3833 4812 3909 4866 du
3936 4848 3947 4854 -

2350 4900 2467 4962 cis;
2519 4909 2635 4967 post
2681 4909 2907 4953 mortem
2959 4897 3193 4966 Christi,
3220 4909 3499 4971 postquam
3550 4903 3701 4956 nervi
3752 4906 3953 4958 mortis

2350 4991 2513 5045 excisi
2544 5000 2669 5045 sunt
2698 5009 2712 5045 :
2744 4991 2815 5045 ita
2846 5000 2905 5047 ut
2932 4998 2987 5046 et
3027 5005 3057 5045 a
3093 4991 3249 5059 loco,
3279 5001 3333 5049 et
3368 5007 3400 5047 a
3431 5002 3669 5063 tempere
3712 4996 3952 5050 multum

2349 5083 2732 5139 consolationis
2758 5083 3033 5153 percipere
3062 5084 3298 5154 possitis.
3339 5084 3566 5140 Maxime
3593 5085 3658 5139 ad
3688 5087 3973 5143 mulieres

2349 5175 2521 5231 oratio
2551 5175 2665 5231 inec
2687 5176 2841 5231 nobis
2871 5176 3183 5243 instituitur,
3207 5191 3330 5231 eum
3360 5191 3525 5233 sexus
3546 5176 3635 5232 hic
3661 5178 3964 5235 affectibus

2349 5268 2517 5338 magis
2548 5268 2617 5322 sit
2641 5268 2927 5335 obnoxius,
2958 5276 3013 5322 et
3034 5267 3100 5323 ad
3132 5269 3455 5325 anxietatem
3477 5269 3963 5338 desperationem-

2349 5373 2454 5426 que
2485 5373 2740 5428 perquam
2767 5358 3036 5428 proclivis.
3063 5358 3169 5415 Sed
3213 5360 3461 5415 idoneum
3496 5359 3660 5415 habes
3686 5359 3959 5428 pharma-

2347 5464 2467 5502 cuni
2512 5450 2731 5504 mmrori
2774 5448 3059 5516 lenienda,
3088 5465 3281 5505 nomen
3322 5449 3443 5505 loci.
3476 5450 3761 5519 Propterea
3809 5465 3966 5523 ergo

2353 5540 2436 5593 hic
2463 5554 2869 5609 congregantur.

2417 5631 2468 5685 ":2.
2497 5629 2713 5684 Mortem
2736 5646 2835 5701 quo
2857 5639 3005 5697 pacto
3023 5626 3251 5686 Christus
3274 5631 3526 5687 devicerit.
3559 5630 3800 5700 Inferna:
3832 5634 3966 5690 the.

2348 5739 2526 5777 sum-us
2553 5719 2757 5777 dicitur.
2783 5752 2851 5763 -ν
2877 5721 3048 5779 Hodie
3095 5724 3235 5779 enim
3279 5723 3455 5779 omnia
3496 5720 3790 5778 inferorum
3826 5724 3967 5783 ioca
