4164 6324
242 365 346 420 395

238 475 431 530 rircuit
458 473 712 526 Dominus
742 480 942 534 noster,
975 467 1131 519 hodie
1151 473 1328 532 portas
1357 477 1524 516 :rrcas
1543 461 1799 527 confregit
1822 478 1835 510 τ

239 568 401 622 hodie
429 578 608 620 vectes
635 565 836 616 ferreos
857 559 1102 613 contrivit
1125 554 1292 626 (Psal.
1322 556 1436 611 1116.
1464 555 1557 613 16;
1592 553 1716 605 lsoi.

235 661 315 728 9.).
341 659 473 713 Vide.
491 655 617 711 dicti
645 653 1059 709 aceurationem.
1083 649 1195 702 Non
1218 647 1373 711 dixit,
1406 644 1625 712 Aperuit
1659 653 1837 712 portas

237 751 563 816 a*reas,sed,
585 747 842 818 Coufregit
869 756 1038 814 portas
1067 757 1258 803 (creas;
1285 752 1341 792 ιιι
1370 739 1568 792 imuilis
1589 738 1839 804 deinceps

236 861 424 898 carcer
443 844 550 894 l'iat.
568 841 682 895 Neu
706 838 925 891 abstulit
947 845 1145 897 vectes,
1179 832 1271 886 sed
1299 831 1569 888 contrivit,
1589 839 1643 880 nt
1660 837 1843 881 custo-

232 940 321 992 dia
345 937 598 1002 deinceps
621 933 830 986 infirma
857 928 1143 982 reddatur:
1170 925 1255 978 tibi
1284 922 1649 992 ncquejanua,
1668 933 1838 986 neque

242 1028 440 1091 vectis;
470 1035 521 1080 et
551 1026 673 1079 licet
702 1021 820 1091 quis
847 1021 1146 1081 intret,non
1179 1023 1405 1068 tenetur.
1429 1010 1652 1084 Quando
1683 1009 1840 1078 igitur

237 1120 483 1173 Christus
519 1114 781 1183 confregit
803 1154 818 1178 ,
843 1112 961 1180 quis
991 1109 1127 1162 alius
1153 1121 1401 1174 reparare
1425 1103 1619 1173 poterit
1641 1102 1663 1154 ‘3
1687 1100 1836 1166 Quod

237 1209 382 1261 enim
412 1209 551 1261 Deus
575 1212 777 1260 evertet
802 1244 815 1268 ,
850 1199 1052 1269 inquit,
1085 1197 1205 1267 quis
1231 1196 1296 1250 de
1323 1204 1519 1248 eastero
1549 1190 1840 1246 restituet?

241 1300 416 1371 Reges
439 1314 560 1352 cum
593 1296 797 1350 vinctos
818 1292 1086 1347 dimittere
1110 1289 1323 1351 volunt,
1357 1285 1534 1339 missis
1560 1282 1801 1352 epistolis
1821 1322 1834 1344 ,

241 1408 350 1447 non
381 1401 450 1445 ita
493 1397 687 1459 agunt,
716 1385 809 1441 sed
845 1395 950 1440 tam
991 1382 1156 1445 tores,
1183 1396 1341 1449 quam
1389 1376 1642 1431 custodes
1671 1375 1836 1430 relin-

241 1493 412 1554 quant
432 1524 446 1546 ,
477 1493 532 1534 ut
570 1479 889 1543 ostendant,
920 1490 984 1530 eo
1017 1473 1194 1529 denuo
1243 1466 1649 1540 ingrediendum
1677 1480 1797 1520 esse
1821 1506 1836 1530 ,

240 1577 326 1631 vel
359 1574 484 1637 illis,
512 1571 722 1641 quijam
753 1567 902 1623 liberi
927 1565 1200 1624 abierunt,
1228 1562 1310 1616 vel
1348 1561 1464 1614 loco
1484 1571 1670 1612 eorum
1697 1554 1836 1609 aliis.

239 1667 359 1723 Non
407 1667 476 1718 ita
520 1661 799 1724 Christus,
829 1657 924 1712 sed
965 1656 1337 1710 demonstrare
1377 1649 1564 1705 volens
1611 1655 1840 1702 mortem

236 1762 347 1830 jam
372 1757 438 1811 ad
468 1756 624 1809 finem
644 1827 646 1830 ι
666 1762 971 1816 metamque
1003 1746 1342 1817 pervenisse,
1376 1757 1544 1796 mreas
1570 1739 1687 1809 eius
1714 1753 1841 1807 por-

243 1862 324 1904 tas
354 1847 613 1916 confregit
639 1862 650 1895 :
677 1858 845 1896 a-reas
876 1857 1002 1894 vero
1035 1837 1347 1901 nominavit,
1380 1850 1483 1888 non
1513 1832 1652 1903 quod
1678 1841 1842 1900 porta:

243 1943 347 1997 illa:
377 1957 441 1997 ex
484 1954 592 1993 :ere
622 1938 728 1990 sint
768 1932 1100 1997 fabrefacta),
1130 1929 1223 1984 sed
1252 1936 1308 1982 ut
1337 1928 1634 1982 declararet
1664 1925 1842 1978 immi-

241 2043 350 2088 tem
380 2032 524 2084 illam
553 2037 608 2083 et
638 2025 1017 2080 inexorabilem
1061 2021 1248 2075 mortis
1271 2019 1666 2073 necessitatem.
1700 2016 1764 2069 Et
1788 2025 1845 2067 ut

240 2124 531 2190 intell‘gas,
562 2130 666 2174 tam
699 2132 772 2171 res
797 2131 954 2185 quam
980 2114 1177 2167 ferrum
1206 2109 1508 2180 signiﬁcare
1534 2107 1674 2162 idem
1701 2105 1842 2176 quod

239 2217 471 2287 rigidum
500 2223 555 2268 et
598 2209 915 2270 inﬂexibile,
945 2206 1064 2260 audi
1097 2204 1222 2274 quid
1253 2202 1319 2257 ad
1350 2201 1635 2272 quemdam
1666 2199 1842 2267 impu-

240 2311 460 2364 dentem
511 2306 648 2359 Deus
694 2302 883 2355 dicat:
917 2298 1117 2352 Nervus
1162 2296 1387 2364 ferreus,
1419 2292 1587 2346 cervix
1632 2300 1753 2354 tua,
1799 2300 1845 2341 et

241 2403 385 2470 frons
435 2409 523 2451 tua
567 2410 698 2448 terea
730 2394 748 2464 (
779 2391 904 2445 Isai.
939 2389 1024 2444 48.
1059 2389 1092 2442 4
1193 2387 1302 2440 Hoc
1347 2383 1518 2447 dixit,
1549 2397 1652 2434 non
1703 2378 1844 2447 quod

239 2507 438 2547 aeream
469 2489 697 2543 frontem
728 2484 972 2538 habuerit
998 2499 1012 2545 ;
1043 2480 1135 2534 sed
1171 2480 1290 2546 quia
1315 2474 1702 2543 implacabilem
1731 2472 1846 2525 vul-

241 2600 357 2641 tum
387 2594 440 2639 et
483 2580 845 2650 impudentem
881 2585 935 2630 et
985 2573 1242 2628 immitem
1271 2571 1474 2623 habuit.
1506 2567 1596 2622 Vis
1639 2567 1846 2621 discere

239 2674 515 2748 quomodo
547 2672 710 2726 fueris
743 2665 1129 2737 implacabilis,
1162 2661 1505 2727 inflexibilis,
1548 2667 1602 2714 et
1643 2656 1848 2727 ipsissi-

243 2785 366 2825 mus
411 2764 671 2820 adamas?
701 2761 872 2814 Tanto
899 2766 1142 2826 tempore
1168 2769 1327 2809 nemo
1363 2765 1616 2820 umquam
1646 2749 1695 2803 ei
1727 2763 1847 2817 per-

240 2859 472 2916 saadere
502 2855 702 2925 potuit,
731 2861 784 2905 ut
819 2861 1141 2920 quemquam
1173 2862 1237 2899 ex
1266 2845 1372 2899 illis
1392 2884 1405 2907 ,
1444 2857 1580 2912 quos
1608 2840 1848 2909 captivos

242 2952 482 3011 tenebat,
507 2947 833 3007 dimitteret;
863 2934 1213 3011 queadusque
1240 2936 1556 3004 angelorum
1592 2933 1848 2985 Dominus

244 3058 315 3098 eo
341 3038 676 3096 descendens
697 3077 711 3098 ,
735 3049 856 3087 cum
887 3032 937 3085 vi
965 3046 1056 3084 sua
1085 3028 1282 3098 coegit.
1308 3027 1438 3080 Nam
1467 3025 1696 3095 primum
1725 3023 1847 3092 qui-

239 3137 365 3189 dem
392 3131 626 3200 alligavit
652 3127 866 3188 fortem,
885 3135 938 3178 et
963 3131 1086 3176 tunc
1107 3137 1231 3174 vasa
1254 3120 1370 3188 ejus
1398 3118 1616 3186 diripuit
1640 3133 1653 3169 :
1683 3130 1850 3186 quare

240 3236 301 3282 et
325 3223 565 3292 adiungit
595 3238 608 3273 :
640 3218 927 3272 Tltesauros
951 3214 1285 3267 tenebricosos
1309 3252 1323 3273 ,
1368 3209 1636 3280 invisibiles
1677 3211 1692 3274 (
1719 3206 1843 3260 lsai.

240 3318 335 3372 45.
369 3317 446 3384 ὃ).
485 3313 636 3366 Licet
663 3310 863 3363 dictum
894 3307 994 3358 hoc
1025 3305 1250 3372 simplex
1297 3303 1404 3364 sit,
1435 3310 1490 3354 at
1527 3300 1722 3368 duplex
1770 3307 1852 3351 est

240 3424 464 3469 sensus;
488 3414 612 3459 sunt
637 3402 779 3456 enim
806 3401 920 3453 loca
941 3399 1293 3460 tenebricoso,
1318 3395 1411 3448 sed
1433 3394 1598 3447 videri
1627 3399 1852 3463 possunt

237 3500 464 3556 candela
504 3507 559 3550 et
589 3493 786 3548 lumine
815 3491 1003 3556 illato;
1038 3491 1128 3543 ille
1164 3504 1291 3541 vero
1320 3486 1511 3541 inferni
1548 3485 1694 3538 locns
1723 3484 1852 3537 eali-

235 3595 616 3665 ginosissimus
655 3600 793 3652 erat,
825 3596 880 3642 et
910 3591 1168 3656 ingratus,
1193 3591 1366 3652 neque
1415 3595 1664 3650 umquam
1719 3578 1851 3631 lueis

238 3700 488 3743 naturam
531 3686 666 3738 intra
697 3698 756 3737 se
797 3687 1072 3748 receperat
1107 3697 1119 3732 :
1164 3685 1444 3746 propterea
1487 3674 1852 3728 tenebricosos

235 3791 298 3834 et
331 3777 620 3831 invisibiles
660 3790 752 3829 eos
778 3774 930 3826 dixit.
963 3772 1096 3825 Vere
1132 3770 1274 3822 enim
1308 3767 1626 3822 tenebricosi
1655 3773 1807 3818 erant
1832 3804 1847 3827 ,

237 3873 418 3925 donec
443 3865 716 3922 descendit
743 3865 834 3919 Sol
861 3863 1082 3932 justitia:
1105 3903 1118 3920 ,
1150 3875 1349 3928 eosque
1372 3857 1675 3924 illustravit,
1706 3865 1761 3909 et
1785 3871 1852 3910 ex

241 3968 454 4020 inferno
484 3962 674 4015 ca-luin
710 3958 853 4011 fecit.
879 3957 1008 4010 Nam
1042 3955 1126 4008 ubi
1153 3954 1431 4017 Christus,
1459 3951 1528 4005 ibi
1554 3961 1608 4004 et
1638 3951 1848 4004 uelum.

241 4058 555 4111 'I‘hesanros
599 4063 776 4105 autem
827 4049 1192 4103 tenebricosos
1241 4045 1481 4099 nominat
1532 4041 1846 4097 infernum:

240 4150 463 4212 merito,
498 4145 620 4214 quia
654 4143 836 4196 multae
873 4139 1071 4193 divitia:
1103 4137 1260 4191 isthic
1286 4146 1439 4190 erant
1460 4136 1728 4203 reposito.
1759 4135 1851 4187 Et-

240 4240 391 4294 enim
425 4223 531 4291 tota
566 4236 843 4290 hominum
875 4246 1061 4285 natura
1087 4274 1101 4291 ,
1131 4245 1250 4300 qua:
1298 4243 1428 4299 gaza
1465 4229 1709 4297 quaedam
1760 4227 1850 4280 Dei

243 4344 328 4388 est
348 4376 360 4396 ,
389 4347 418 4386 a
447 4329 663 4385 diabolo
682 4371 695 4391 ,
726 4327 813 4398 qui
842 4327 1073 4397 primmu
1099 4323 1371 4377 hominem
1404 4322 1455 4375 in
1483 4320 1722 4374 fraudem
1753 4319 1851 4373 iiii-

246 4426 415 4496 pnlit,
440 4425 686 4492 spul'ata,
719 4420 986 4486 mortique
1021 4417 1262 4483 subjecta
1290 4422 1391 4467 est.
1422 4412 1573 4480 Quod
1601 4428 1728 4466 vero
1757 4411 1854 4465 ho-

245 4516 454 4569 minum
488 4521 732 4566 naturam
782 4510 924 4563 Deus
951 4508 1256 4562 divitiarum
1297 4505 1417 4558 loco
1462 4504 1705 4558 habuerit
1733 4545 1747 4567 ,
1777 4514 1852 4557 te-

246 4615 430 4660 statur
465 4605 548 4658 his
593 4603 772 4658 verbis
821 4601 1016 4656 Paulus
1047 4617 1060 4654 :
1099 4599 1245 4652 Dives
1276 4599 1327 4651 in
1373 4614 1542 4651 omnes
1568 4640 1582 4662 ,
1613 4607 1659 4650 et
1701 4614 1855 4668 super

247 4712 424 4749 omnes
450 4737 464 4758 ,
504 4695 589 4763 qui
616 4694 847 4746 invocant
895 4707 1007 4744 eum
1045 4689 1218 4760 (Rom.
1246 4689 1328 4743 10.
1357 4688 1468 4756 12).
1496 4687 1853 4754 Quemadmo-

246 4790 378 4844 dum
409 4788 565 4857 igitur
593 4801 685 4840 rex
708 4827 720 4847 ,
765 4783 1156 4853 comprehenso
1182 4781 1318 4836 duce
1346 4782 1611 4834 latronum
1635 4791 1689 4835 et
1720 4796 1853 4850 prie-

247 4883 488 4941 donum,
520 4879 610 4947 qui
639 4877 881 4932 civitates
913 4875 1173 4944 percurrit
1198 4915 1210 4935 ,
1245 4884 1299 4928 et
1335 4873 1568 4942 undique
1595 4875 1766 4941 rapit,
1801 4884 1855 4927 et

249 4981 404 5027 antra
446 4970 589 5023 subit
613 5011 625 5032 ,
657 4976 714 5022 ut
742 4969 810 5021 ibi
842 4975 1068 5036 reponat
1093 4964 1306 5040 divitias
1334 4973 1511 5031 raptas
1531 5003 1546 5028 ,
1582 4964 1851 5018 latronum

247 5065 443 5117 ducem
474 5061 635 5130 ligat,
669 5058 1040 5129 supplicioque
1071 5057 1291 5111 meritas
1330 5071 1515 5123 pinnas
1548 5057 1852 5124 persolutu-

248 5169 369 5209 rum
399 5152 588 5216 tradit,
623 5150 928 5204 thesaurum
962 5163 1088 5203 vero
1127 5148 1242 5218 ejus
1271 5149 1322 5201 in
1369 5148 1572 5218 regium
1603 5165 1852 5202 aerarium

249 5244 522 5300 convertit
549 5261 562 5297 :
589 5242 668 5296 sic
693 5251 746 5295 et
773 5240 1017 5296 Christus
1047 5240 1190 5303 fecit,
1222 5241 1514 5310 principem
1549 5239 1695 5293 illum
1721 5257 1854 5308 pne-

251 5340 454 5393 donum
498 5345 553 5392 et
602 5336 834 5391 carceris
881 5334 1192 5397 custodem,
1242 5334 1547 5397 diabolum,
1599 5334 1755 5387 simul
1800 5345 1853 5387 et

253 5441 506 5496 mortem,
539 5444 658 5484 cum
687 5443 784 5498 per
813 5437 1040 5481 mortem
1071 5441 1220 5479 suam
1251 5427 1529 5491 viuxisset,
1557 5439 1744 5480 ou'ines
1774 5424 1854 5478 di-

252 5533 408 5587 vitias
431 5574 446 5594 ,
479 5531 769 5584 humanum
801 5529 1013 5595 inquam
1061 5541 1229 5594 genus
1258 5525 1526 5578 transtulit
1567 5524 1620 5576 in
1665 5523 1850 5577 :eraria

253 5630 420 5696 regia.
454 5624 564 5679 Hoc
602 5633 656 5677 et
705 5622 899 5676 Paulus
931 5621 1145 5678 indicat,
1181 5636 1303 5674 eum
1337 5620 1408 5673 ait
1441 5638 1452 5671 :
1486 5618 1715 5672 Redemit
1762 5633 1854 5668 nos

258 5720 317 5770 t.’e
339 5724 584 5787 potestate
609 5716 942 5773 tenebrarum,
968 5722 1012 5764 et
1045 5713 1296 5764 transtulit
1320 5712 1368 5763 in
1391 5725 1600 5778 regnum
1629 5707 1855 5760 dilectio-

256 5813 332 5864 nis
356 5813 466 5882 ejus
499 5814 515 5884 (
542 5808 738 5863 Caless.
774 5807 826 5860 1.
861 5806 984 5874 15).
1019 5805 1184 5860 Porro
1214 5804 1354 5876 quod
1395 5800 1745 5857 admiratione
1774 5800 1853 5869 di.-

1260 357 1345 410 DE
1385 355 1828 414 COEMETFIHO
1867 352 1950 406 l-fT
1989 349 2074 403 DE
2113 341 2358 398 CltUllC.

3433 345 3535 399 516

1946 458 2256 526 gnissimum
2288 466 2367 511 est
2394 499 2406 521 ,
2453 457 2564 525 Ipse
2607 456 2712 509 Rex
2747 455 2981 509 advenit.
3017 457 3172 525 Atqui
3225 455 3402 509 nullus
3449 473 3538 512 rex

1945 566 2195 620 umquam
2234 551 2335 603 hoc
2367 549 2675 619 dignaretur
2707 547 2914 614 facere,
2950 549 3042 601 sed
3076 548 3303 602 ministri
3337 549 3547 602 vinctos

1942 644 2216 696 dimittunt
2248 659 2258 693 :
2293 637 2450 696 secus
2479 642 2596 704 hic;
2635 642 2858 710 ipsemet
2881 641 2991 695 Rex
3034 640 3100 694 ad
3138 643 3345 696 vinctos
3376 643 3539 698 venit.

1943 736 2057 790 Non
2098 737 2309 788 erubuit
2355 750 2624 788 carcerem
2648 777 2660 795 ,
2695 750 2868 803 neque
2919 735 3165 787 detentos
3197 736 3247 788 iu
3277 750 3492 790 caret-rc
3527 754 3543 790 :

1943 828 2007 882 de
2034 844 2096 883 eo
2126 831 2264 880 enim
2296 843 2453 895 quem
2487 828 2736 890 (iuverat,
2763 827 3086 881 erubescere
3116 844 3219 881 non
3251 831 3459 897 potuit;
3491 840 3546 884 et

1943 921 2208 991 confregit
2255 922 2429 981 fores,
2461 932 2513 974 et
2545 931 2725 974 vectes
2755 921 3041 982 contrivit,
3090 924 3421 990 superastitit
3465 923 3546 975 in-

1945 1013 2096 1065 ferno
2121 1055 2134 1075 ,
2163 1022 2216 1066 et
2241 1013 2510 1067 desertam
2541 1011 2667 1066 fecit
2699 1020 2863 1066 totam
2897 1013 3036 1066 illius
3065 1014 3398 1080 custodiam,
3428 1031 3548 1070 car-

1944 1103 2191 1170 eerisqne
2236 1102 2457 1156 custode
2489 1105 2538 1155 in
2568 1102 2778 1156 vincula
2808 1103 3072 1171 conjecto,
3105 1104 3172 1156 ad
3206 1119 3303 1158 nos
3342 1120 3550 1159 remea-

1946 1192 2038 1245 vit.
2070 1192 2353 1262 Tyrannus
2398 1194 2640 1261 captivus
2690 1193 3026 1259 ducebatur,
3083 1194 3236 1248 fortis
3287 1197 3547 1251 vinctus:
3637 1219 3640 1224 ·

1946 1286 2057 1353 ipsa
2089 1302 2236 1345 mors
2279 1287 2502 1356 abiectis
2533 1287 2697 1342 armis
2722 1330 2736 1353 ,
2767 1288 2907 1341 nuda
2939 1289 3003 1343 ad
3050 1289 3210 1359 Regis
3243 1289 3406 1359 pedes
3451 1305 3549 1344 cu.

1945 1382 2130 1433 currit.

2025 1471 2129 1523 Per
2156 1487 2267 1536 quae
2299 1472 2482 1525 vicerat
2513 1472 2746 1525 diabolus
2786 1474 3033 1536 vincitur;
3079 1473 3287 1527 victoria
3329 1474 3439 1526 sine
3477 1476 3555 1526 la-

1946 1562 2066 1616 bore
2108 1567 2301 1616 uostr'o.
2332 1594 2396 1603 —
2422 1563 2616 1617 Vidisti
2664 1565 2960 1619 mirandam
3010 1566 3329 1619 victoriam?
3374 1567 3553 1620 vidisti

1946 1655 2121 1708 crucis
2153 1654 2408 1722 prmclara
2442 1655 2715 1710 facinora?
2747 1656 2925 1710 Dicam
2971 1657 3061 1710 tibi
3093 1657 3343 1726 quiddam
3377 1658 3556 1713 adhuc

1949 1745 2286 1801 mirabilius?
2315 1748 2463 1802 disce
2489 1748 2705 1803 modum
2739 1750 2997 1815 victorim,
3026 1758 3080 1804 et
3113 1758 3235 1804 tunc
3266 1751 3434 1820 magis
3461 1751 3560 1804 ob-

1951 1848 2247 1906 stupesees.
2279 1840 2381 1895 Per
2406 1856 2527 1910 qua:
2555 1842 2697 1896 enim
2725 1842 2968 1896 diabolus
2998 1843 3217 1905 vicerat,
3249 1857 3344 1911 per
3365 1843 3553 1896 eadem

1950 1931 2192 1985 Christus
2221 1934 2468 1988 eumdem
2492 1933 2709 1999 devicit,
2740 1946 2793 1989 et
2815 1935 3047 2004 acceptis
3073 1935 3266 2004 quibus
3292 1950 3420 1988 usus
3447 1934 3562 1988 fue-

1955 2032 2035 2076 rat
2064 2023 2252 2090 armis,
2287 2041 2407 2078 eum
2437 2025 2728 2080 debellavit
2757 2045 2768 2079 :
2796 2035 2850 2082 et
2873 2028 3164 2096 quomodo,
3197 2027 3341 2080 audi.
3375 2026 3553 2096 Virgo,

1951 2113 2151 2181 lignum
2180 2123 2234 2168 et
2262 2130 2408 2169 mors
2434 2116 2603 2170 eladis
2634 2127 2833 2172 nostra:
2855 2117 3074 2172 fuerunt
3104 2117 3366 2188 symbola.
3399 2117 3559 2187 Virgo

1953 2215 2068 2257 erat
2111 2205 2217 2258 Eva
2249 2225 2260 2258 :
2296 2208 2521 2260 necdum
2560 2209 2702 2262 enim
2737 2209 2908 2262 virum
2951 2218 3309 2277 cognoverat;
3357 2209 3559 2278 lignum

1951 2310 2067 2351 erat
2097 2298 2278 2364 arbor,
2306 2315 2449 2354 mors
2479 2301 2675 2374 muleta
2705 2301 2916 2355 Adami.
2941 2304 3008 2354 At
3031 2315 3158 2355 ecce
3181 2301 3372 2357 iterum
3399 2301 3562 2370 Virgo

1952 2399 2005 2443 et
2035 2389 2236 2458 lignum
2266 2402 2318 2445 et
2345 2407 2513 2454 mors,
2545 2392 2630 2445 illa
2652 2391 2821 2446 eladis
2840 2392 3106 2462 symbola,
3132 2393 3300 2462 ipsius
3324 2392 3561 2446 victoria:

1953 2481 2195 2551 symbola
2227 2482 2362 2534 facta
2394 2491 2540 2536 sunt.
2573 2488 2707 2537 Nam
2755 2483 2875 2537 loco
2915 2483 3042 2537 Evm
3081 2493 3163 2538 est
3198 2482 3394 2546 Maria;
3441 2483 3562 2537 loco

1953 2571 2080 2640 ligni
2109 2571 2346 2626 scientia:
2374 2573 2496 2626 boni
2527 2585 2577 2627 et
2609 2574 2733 2627 mali
2761 2575 2960 2644 lignum
2989 2575 3193 2638 crucis;
3219 2575 3338 2628 loco
3369 2575 3564 2628 mortis

1952 2664 2146 2717 Adami
2193 2679 2337 2718 mors
2377 2663 2594 2720 Christi.
2629 2666 2787 2720 Vides
2817 2681 2938 2720 eum
2960 2708 2974 2731 ,
3011 2682 3106 2735 per
3134 2682 3253 2736 qua:
3278 2667 3435 2729 vicit,
3469 2682 3564 2736 per

1953 2757 2140 2810 eadem
2169 2768 2224 2811 et
2251 2759 2448 2812 victum
2477 2759 2641 2813 esse?
2670 2756 2824 2813 Circa
2857 2761 3103 2814 arborem
3137 2760 3424 2828 prostravit
3451 2760 3566 2814 dia-

1956 2846 2113 2901 bolus
2159 2847 2459 2913 Adamuni,
2506 2851 2645 2902 eirea
2691 2850 2939 2904 arborem
2989 2850 3277 2905 debellavit
3322 2851 3567 2910 Christus

1955 2938 2248 2994 diabolum.
2279 2941 2340 2994 Et
2373 2942 2498 2995 illud
2529 2944 2744 3010 quidem
2777 2944 2976 3012 lignum
3026 2945 3271 2998 mittebat
3309 2945 3376 2999 ad
3421 2945 3564 2999 infe-

1957 3044 2046 3084 ros
2074 3048 2085 3081 :
2117 3041 2172 3084 at
2205 3032 2307 3084 hoc
2336 3033 2496 3085 etiam
2530 3034 2671 3097 illos,
2697 3035 2785 3104 qui
2813 3035 2922 3102 jam
2947 3049 3011 3088 eo
3034 3035 3441 3103 descenderant,
3476 3053 3566 3091 re-

1955 3123 2200 3177 vocabat.
2254 3125 2455 3193 ltertsm
2522 3126 2786 3194 lignorum
2841 3127 3070 3180 alterum
3128 3128 3402 3181 imminent
3453 3129 3565 3198 jam

1957 3227 2171 3286 captum
2216 3219 2523 3287 nudumque
2574 3220 2861 3272 occultavit
2892 3237 2904 3271 :
2935 3229 2990 3272 at
3031 3219 3130 3274 hoc
3175 3221 3432 3274 victorem
3465 3236 3566 3273 nu-

1958 3311 2085 3363 dutu
2133 3309 2184 3362 in
2225 3310 2334 3362 alto
2369 3310 2616 3364 omnibus
2663 3311 2918 3365 ostendit.
2951 3310 3019 3364 Et
3061 3310 3144 3363 illa
3175 3312 3388 3380 quidem
3420 3326 3568 3365 mors

1959 3419 2086 3469 eos,
2121 3404 2208 3472 qui
2245 3411 2364 3472 post
2397 3404 2563 3471 ipsam
2600 3403 2706 3455 uati
2740 3412 2899 3466 sunt,
2943 3402 3353 3461 condemnavit:
3382 3412 3436 3455 at
3468 3404 3567 3456 ista

1959 3509 2106 3548 mors
2127 3495 2286 3549 etiam
2315 3495 2430 3547 illos
2459 3495 2546 3563 qui
2581 3495 2687 3547 nati
2718 3493 2926 3549 fuerant
2954 3505 3079 3547 ante
3107 3495 3296 3561 ipsam,
3331 3496 3567 3549 resusci-

1960 3588 2109 3641 tavit.
2138 3586 2264 3652 Quis
2295 3591 2525 3656 loquetur
2554 3586 2802 3657 potentias
2826 3585 3039 3640 Domini
3073 3585 3241 3656 (Psol.
3271 3587 3392 3641 105.
3416 3585 3498 3658 2)Ἱ
3519 3589 3565 3643 Δ

1959 3689 2132 3732 morte
2165 3678 2493 3732 immortales
2525 3678 2646 3733 facti
2675 3694 2862 3733 sumus
2887 3700 2898 3732 :
2936 3680 3049 3731 hzee
3076 3687 3201 3731 sunt
3227 3680 3399 3733 crucis
3426 3695 3567 3749 pra:-

1960 3771 2106 3823 clara
2139 3769 2394 3823 facinora.

2032 3861 2343 3917 Intellexisti
2373 3861 2689 3916 victoriam?
2719 3861 3028 3916 intellexisti
3052 3863 3270 3916 modum
3295 3864 3529 3918 Victoria:
3543 3867 3569 3918 Ἰ

1959 3953 2106 4007 disce
2133 3969 2294 4018 nunc,
2327 3954 2596 4022 quomodo
2627 3963 2682 4009 et
2708 3955 2825 4008 sine
2852 3954 3036 4008 labore
3067 3963 3121 4010 et
3151 3955 3348 4011 sudore
3378 3968 3564 4011 nostro

1959 4048 2182 4100 victoria
2201 4046 2316 4100 hare
2339 4046 2495 4100 fuerit
2521 4056 2691 4115 parta.
2715 4045 2824 4101 Nos
2847 4062 2992 4102 arma
3018 4064 3122 4100 non
3145 4050 3566 4115 eruentavimus,

1960 4156 2065 4192 non
2109 4140 2352 4192 stetimus
2383 4139 2434 4191 in
2467 4138 2616 4203 acie,
2648 4152 2752 4191 non
2780 4141 3084 4206 accepimus
3111 4141 3327 4194 vulnera
3349 4181 3362 4202 ,
3393 4156 3569 4210 neque

1961 4233 2190 4287 vidimus
2218 4230 2438 4294 bellum,
2464 4242 2514 4284 ct
2543 4239 2718 4284 tamen
2747 4232 3024 4284 victoriam
3054 4231 3385 4284 obtinuimus
3409 4249 3422 4285 :
3447 4247 3566 4285 cer-

1961 4334 2138 4378 tamen
2161 4321 2373 4376 Domini
2397 4322 2514 4385 l’uit,
2541 4337 2738 4376 corona
2764 4333 2968 4377 nostra.
2994 4321 3128 4376 Cum
3153 4338 3281 4392 ergo
3307 4333 3358 4378 et
3383 4330 3566 4378 nostra

1959 4418 2029 4470 sit
2060 4416 2304 4480 victoria,
2337 4413 2532 4468 milites
2561 4415 2854 4480 imitemur,
2881 4414 3126 4482 laetisque
3152 4414 3372 4469 vocibus
3401 4415 3568 4469 victo-

1960 4509 2053 4561 ria:
2099 4507 2284 4560 laudes
2330 4516 2383 4559 et
2412 4507 2652 4559 carmina
2699 4504 2856 4558 hodie
2896 4504 3244 4560 decantemus
3279 4524 3291 4558 :
3325 4506 3568 4561 dicamus

1962 4601 2244 4654 Dominum
2287 4599 2611 4653 laudantes:
2645 4597 2898 4666 Absorpta
2943 4609 3014 4651 est
3059 4615 3192 4652 mors
3235 4598 3288 4653 in
3334 4600 3562 4654 victoria.

1964 4692 2060 4747 Ubi
2100 4702 2206 4754 est,
2236 4707 2390 4756 mors,
2435 4690 2645 4743 victoria
2671 4689 2785 4743 tua?
2813 4690 2897 4742 ubi
2925 4689 3159 4744 stimulus
3185 4701 3303 4744 tuus
3323 4733 3336 4755 ,
3370 4693 3569 4764 inferne

1961 4783 1979 4855 (
2005 4783 2133 4837 ()see
2175 4784 2266 4840 15.
2297 4783 2396 4844 14;
2433 4782 2484 4835 1.
2517 4779 2635 4836 Cor.
2663 4781 2748 4836 15.
2774 4781 2865 4836 54.
2889 4780 3031 4852 55)?
3059 4780 3183 4836 llaec
3216 4783 3395 4837 omnia
3427 4798 3568 4852 pra:-

1959 4876 2104 4930 elare
2135 4876 2270 4930 facta
2302 4891 2432 4927 crux
2465 4873 2620 4928 nobis
2647 4874 2854 4942 peperit
2888 4891 2900 4926 :
2933 4888 3061 4927 crux
3093 4881 3350 4942 trepmum
3377 4884 3564 4929 contra

1960 4968 2237 5022 daemones
2265 4975 2526 5030 erectum,
2558 4966 2766 5036 gladius
2791 4975 2978 5019 contra
3013 4976 3325 5034 peccatum,
3357 4965 3566 5035 gladius

1960 5077 2065 5129 quo
2092 5067 2398 5129 serpentem
2428 5058 2670 5114 confodit
2702 5059 2985 5114 Christus:
3011 5073 3138 5112 crux
3175 5059 3345 5113 Patris
3373 5057 3567 5112 volun-

1963 5165 2077 5217 tas,
2125 5152 2391 5223 Uuigeniti
2418 5152 2609 5222 gloria,
2652 5152 2882 5221 Spiritus
2911 5151 3218 5218 exsultatio,
3247 5151 3564 5221 angelorum

1960 5248 2141 5308 decus,
2167 5246 2445 5312 ,Ecclesia:
2471 5246 2755 5312 securitas,
2782 5245 3030 5313 gloriatio
3059 5244 3226 5308 Pauli,
3255 5253 3564 5298 sanctorum

1963 5353 2178 5402 murus,
2213 5338 2373 5391 totius
2416 5337 2561 5391 orbis
2593 5335 3281 5402 lumen.Quemadmodum
3328 5337 3470 5390 enim
3520 5336 3565 5389 si

1961 5432 2082 5499 quis
2125 5431 2396 5483 lucernam
2444 5427 2496 5482 in
2537 5428 2699 5482 domo
2727 5427 2975 5499 quapiam
3007 5428 3242 5482 tenebris
3270 5428 3442 5483 obsita
3472 5441 3561 5481 ac-

1960 5523 2154 5576 cemlat
2184 5531 2237 5575 et
2269 5523 2318 5574 in
2348 5522 2512 5574 altum
2539 5529 2756 5584 statuat,
2789 5521 3040 5575 tenebras
3070 5519 3361 5587 derepente
3392 5520 3563 5587 fugat:

1961 5616 2038 5668 sic
2068 5615 2299 5668 tenebris
2331 5629 2429 5683 per
2458 5613 2768 5667 universum
2800 5614 2988 5667 orbem
3015 5613 3216 5682 sparsis
3241 5653 3256 5676 ,
3290 5611 3564 5670 Christus.

1964 5715 2234 5774 tamquam
2267 5706 2565 5774 lampadem
2604 5704 2890 5774 quamdam
2917 5747 2930 5772 ,
2961 5720 3172 5757 crucem
3206 5702 3449 5756 accendit
3472 5745 3485 5767 ,
3515 5713 3569 5756 et

1967 5799 2017 5853 in
2049 5799 2213 5852 altum
2257 5798 2459 5861 erexit,
2507 5812 2827 5869 omnemque
2873 5797 3154 5866 caliginem
3204 5796 3364 5849 totius
3412 5804 3569 5848 terra
