4164 6324
657 430 956 502 dissipavit.
985 427 1054 484 Et
1081 425 1526 498 quemadmodum
1556 426 1761 497 lampas
1780 441 1940 498 supra
1965 426 2018 481 in
2042 433 2240 481 vertice

657 520 838 574 lumen
870 518 1065 585 habet,
1093 516 1170 573 sic
1198 524 1254 571 et
1277 531 1408 570 crux
1440 514 1626 570 habuit
1649 531 1812 585 supra
1843 516 1894 569 in
1919 516 2119 570 vertice
2137 513 2239 569 So-

657 610 761 664 lem
785 609 1006 678 iustitia:
1033 606 1394 677 eﬂ'ulgentcm.
1431 606 1582 662 llune
1617 623 1740 662 cum
1781 605 1982 661 videret
2011 603 2240 659 mundus

655 699 823 753 clavis
847 697 1086 762 affixum,
1130 696 1425 763 cohorruit,
1467 705 1608 752 mota
1647 710 1731 753 est
1771 705 1947 760 terra,
1991 695 2244 764 disrupta:

659 799 843 857 petrze.
871 787 979 843 Sed
1009 787 1130 842 licet
1159 788 1415 856 disrupta:
1440 789 1546 842 sint
1578 799 1742 859 petra:
1762 830 1778 854 ,
1816 789 2038 842 durities
2066 799 2243 842 tamen

657 879 961 935 Judmorum
1005 896 1111 936 non
1155 890 1238 936 est
1276 880 1515 951 disrupta
1550 899 1562 935 :
1593 883 1764 936 velum
1806 882 1988 951 templi
2019 882 2244 936 scissum

663 981 766 1034 est,
797 981 852 1027 et
879 987 983 1026 non
1013 980 1095 1026 est
1119 974 1284 1026 scissa
1313 973 1553 1043 improha
1577 972 1786 1027 illorum
1813 973 2160 1042 conspiratio.

747 1061 916 1116 Vatum
943 1057 1116 1132 templi
1140 1080 1231 1117 cur
1254 1064 1483 1118 scissum.
1511 1093 1584 1103 —
1605 1062 1780 1130 Quare
1800 1063 2024 1117 scissum
2046 1072 2131 1117 est
2158 1078 2249 1118 ve-

663 1153 811 1206 lum?
837 1151 970 1220 Quia
999 1154 1254 1223 templum
1286 1169 1392 1208 non
1425 1155 1591 1224 potuit
1619 1154 1801 1208 videre
1831 1153 2114 1208 Dominum
2137 1169 2250 1208 cru-

662 1243 905 1308 cilixum,
934 1253 986 1299 et
1016 1259 1110 1314 per
1133 1259 1218 1311 ea,
1250 1261 1369 1314 quae
1393 1246 1511 1299 velo
1540 1259 1639 1299 suo
1666 1245 1979 1300 acciderunt
1997 1285 2012 1308 ,
2042 1253 2247 1299 tantum

664 1351 769 1388 non
800 1334 1184 1389 exhortationis
1214 1335 1373 1389 modo
1401 1337 1497 1390 ista
1532 1329 1770 1404 protulit.
1798 1335 1871 1389 De
1899 1345 2096 1390 cancro
2120 1349 2249 1389 sau-

663 1435 747 1477 cta
773 1435 1077 1480 sanctorum
1105 1426 1418 1491 conculcet,
1459 1426 1700 1497 quisquis
1725 1425 1887 1480 volet.
1927 1425 2064 1494 Quid
2107 1425 2249 1480 enim

666 1514 781 1569 istis
801 1529 934 1585 Opus
958 1515 1147 1580 habeo,
1173 1517 1264 1569 tali
1281 1517 1548 1571 sacrilicio
1566 1526 1718 1572 extra
1740 1517 1920 1572 oblato
1939 1526 1991 1572 ct
2013 1515 2252 1586 peracto?

666 1605 790 1673 quid
818 1606 946 1659 mihi
975 1607 1195 1675 prodest
1221 1608 1639 1662 testamentum?
1666 1608 1860 1663 frustm
1901 1618 1955 1664 et
1987 1610 2252 1664 incassum

665 1707 815 1751 tanto
843 1707 1083 1768 tempore
1114 1700 1242 1754 istos
1268 1699 1446 1754 docui.
1471 1700 1601 1767 Qum
1626 1717 1689 1754 ex
1718 1701 1832 1770 lege
1852 1700 1917 1754 ad
1945 1717 2030 1756 me
2059 1702 2255 1754 utilitas

667 1786 842 1840 redit?
870 1787 981 1843 lloc
1014 1797 1069 1844 et
1107 1789 1363 1859 propheta
1392 1789 1656 1844 clamabat
1693 1789 1915 1844 dicens:
1948 1789 2117 1857 Quare
2144 1793 2251 1861 [re-

667 1880 896 1932 mueruru
921 1891 1108 1950 gentes,
1137 1890 1183 1935 et
1212 1882 1388 1952 populi
1413 1883 1638 1936 meditati
1661 1893 1776 1936 sunt
1800 1883 1974 1936 inania
2001 1881 2171 1956 (Ρωι.
2197 1883 2252 1939 2.

670 1970 765 2041 l)?
792 1970 1088 2026 Audierant
1117 1990 1130 2025 :
1159 1971 1442 2043 Tamquam
1484 1975 1590 2028 ovis
1628 1975 1698 2028 ad
1741 1975 2041 2028 occisionem
2078 1975 2258 2029 ductus

667 2073 760 2123 est.
782 2071 832 2117 et
852 2073 1107 2133 tanaquam
1127 2081 1288 2136 agnus
1312 2082 1482 2120 coram
1503 2067 1804 2122 tondentes:
1827 2068 2072 2121 obmutuit
2103 2065 2257 2137 (luti.

667 2152 758 2208 53.
791 2155 850 2224 7)
879 2173 891 2208 :
923 2167 976 2210 et
1002 2172 1123 2210 cum
1153 2157 1291 2213 hanc
1321 2159 1654 2228 prophetiam
1681 2171 1826 2214 tanto
1855 2172 2097 2231 tempore
2121 2177 2256 2216 cun-

669 2245 1015 2310 sidera-sent,
1041 2257 1304 2317 prarscnte
1324 2250 1433 2318 jam
1455 2266 1541 2315 eo,
1563 2251 1704 2320 quod
1732 2251 2038 2321 pru'dictum
2062 2252 2254 2318 fuerat,

671 2347 778 2388 non
806 2336 1399 2406 creditlerunt.,Cernis,
1431 2341 1700 2409 quomodo
1726 2341 1964 2396 meditati
1991 2351 2114 2396 sunt
2140 2341 2257 2396 ina-

670 2427 792 2480 nia?
820 2427 1106 2497 Propterea
1144 2431 1370 2486 scissum
1397 2443 1478 2486 est
1502 2432 1793 2502 templum,
1834 2433 2143 2504 signiﬁcans
2168 2449 2258 2489 so-

669 2515 946 2572 litudinem
989 2529 1043 2574 ct
1088 2521 1438 2577 vastationem
1479 2522 1700 2594 posthac
1743 2523 1794 2577 in
1842 2533 2154 2594 perpetuum
2183 2524 2263 2578 lu-

671 2618 862 2662 turam.

743 2699 798 2751 3.
834 2701 909 2752 Ad
932 2700 1346 2757 Communionem
1367 2719 1466 2775 quo
1492 2716 1638 2774 pacto
1659 2707 1898 2761 euadunt.
1921 2737 1990 2747 —
2010 2706 2143 2762 Cum
2167 2708 2264 2775 igi-

672 2799 759 2844 tur
803 2805 956 2855 eum,
1005 2791 1094 2861 qtti
1141 2794 1190 2846 in
1239 2807 1398 2850 cruce
1439 2796 1627 2850 afﬁxus
1656 2805 1766 2863 est,
1800 2813 1900 2852 nos
1941 2798 2122 2854 itidem
2161 2798 2262 2852 sub

673 2895 952 2949 vesperam
985 2882 1147 2938 visuri
1194 2884 1394 2950 simus,
1441 2897 1708 2958 tamquam
1752 2904 1947 2960 agnum
1977 2898 2262 2945 mactatum

672 2983 725 3024 ct
757 2973 1108 3042 immolatum,
1140 2992 1367 3045 moneo,
1397 2990 1594 3034 etcum
1626 2991 1881 3047 tremore,
1921 2984 2264 3038 veneratione

671 3074 730 3118 et
757 3066 1051 3119 reverentia
1076 3068 1239 3122 multa
1262 3071 1598 3125 accedamus.
1625 3075 1711 3149 An,
1733 3073 1968 3140 nescitis,
1995 3075 2264 3143 quomodo

675 3155 846 3225 angeli
878 3158 1177 3213 adstiterint
1199 3163 1448 3231 sepulcro
1476 3178 1667 3234 corpus
1695 3180 1797 3219 non
1830 3166 2063 3232 habenti,
2087 3167 2266 3237 sepul-

677 3265 774 3302 ‹ϊο
804 3252 1012 3304 vacuo?
1037 3261 1269 3308 attamen
1296 3270 1416 3308 eum
1448 3256 1615 3311 semel
1646 3266 1811 3312 totum
1834 3272 2028 3328 corpus
2055 3259 2263 3315 Domini

679 3343 990 3409 recepisset,
1019 3343 1242 3398 multum
1276 3345 1494 3401 honoris
1524 3347 1622 3416 ipsi
1652 3350 1811 3402 etiam
1842 3350 1960 3404 loco
1988 3350 2261 3404 exhibent.

681 3435 865 3502 Angeli
891 3475 907 3498 ,
935 3435 1025 3504 qui
1063 3445 1303 3490 naturam
1346 3449 1581 3493 nostram
1609 3441 1922 3495 excellentia
1969 3457 2066 3497 sua
2113 3443 2267 3514 longe

681 3535 956 3593 superant,
1011 3535 1153 3581 tanta
1201 3531 1498 3584 reverentia
1545 3540 1600 3586 et
1639 3531 1980 3586 observantia
2021 3534 2268 3602 sepulcro

680 3617 937 3670 assistunt
968 3634 982 3669 :
1012 3633 1108 3673 nos
1132 3634 1235 3673 non
1262 3621 1328 3676 ad
1355 3621 1660 3690 sepulcrum
1691 3622 1866 3685 inane,
1888 3625 1980 3679 sed
2007 3625 2071 3680 ad
2100 3625 2268 3694 ipsam

685 3722 958 3773 mensam,
994 3709 1043 3762 in
1073 3725 1173 3779 qua
1198 3713 1379 3782 Agnus
1412 3713 1613 3781 positus
1639 3724 1748 3778 est,
1777 3715 2004 3780 adituri,
2032 3731 2154 3770 cum
2184 3727 2270 3771 tu-

685 3799 855 3852 multu
885 3809 938 3854 et
971 3800 1272 3858 turbatione
1296 3804 1638 3859 accedimus?
1666 3807 1728 3861 Et
1760 3790 1877 3876 qita:
1905 3809 2056 3864 nobis
2086 3809 2154 3864 de
2183 3826 2268 3864 re-

687 3893 831 3960 liquo
870 3894 1023 3949 venia
1069 3896 1330 3963 speranda
1359 3897 1500 3951 erit?
1526 3897 1640 3952 Non
1677 3899 1796 3954 dico
1827 3898 1941 3955 haec
1965 3901 2276 3970 simpliciter

637 4035 647 4043 .
686 3993 742 4039 et
768 3994 987 4051 temere,
1014 3988 1106 4043 sed
1137 4002 1258 4042 cum
1280 3987 1461 4044 videre
1482 3991 1683 4045 soleam
1709 3991 1810 4047 hac
1835 4007 2053 4060 veSpera
2082 3993 2278 4047 multos

691 4076 1089 4138 tumultuantes.
1121 4078 1435 4144 clamantes,
1458 4093 1576 4137 sese
1601 4091 1787 4138 mutuo
1809 4083 2104 4150 trudentes,
2132 4084 2278 4138 exsi-

692 4166 885 4222 lientcs
907 4211 920 4232 ,
953 4169 1188 4224 convicia
1225 4171 1514 4245 iacientes,
1550 4175 1822 4244 magisque
1871 4191 2080 4243 poenam
2121 4191 2280 4244 quam

693 4259 917 4312 salutem
946 4261 1043 4315 sibi
1071 4265 1443 4332 comparantes
1463 4306 1478 4332 ,
1505 4280 1570 4319 ea
1591 4266 1658 4320 de
1686 4281 1846 4321 causa
1878 4266 2014 4321 hanc
2040 4266 2284 4321 admoni-

699 4354 894 4407 tionem
924 4354 1160 4407 instituo.

772 4443 1030 4500 Invocatio
1083 4447 1306 4516 Spiritus
1341 4462 1522 4505 sancti.
1553 4483 1624 4493 —
1653 4454 1802 4519 Quod
1857 4454 1987 4508 facis
2017 4495 2032 4519 ,
2084 4453 2284 4507 homo?

701 4536 915 4604 quando
946 4539 1196 4592 sacerdos
1225 4551 1330 4595 stat
1353 4551 1478 4598 ante
1505 4559 1709 4597 sacram
1740 4561 1975 4599 mensam
1999 4588 2013 4611 ,
2043 4544 2286 4598 manibus

703 4630 754 4686 In
780 4629 969 4687 ca~lum
990 4631 1244 4698 extensis,
1275 4633 1526 4691 invocans
1548 4635 1798 4706 Spiritum
1823 4645 2083 4704 sancmm,
2113 4647 2170 4692 ut
2195 4637 2289 4692 ad-

1404 314 1462 370 S.
1500 313 1780 370 JOANNIS
1805 309 2290 368 CHRYSOSTOMI
2326 307 2644 363 ARCllll-Zl’.
2687 304 3222 359 (IONSTANliNOP.

3833 302 3938 356 393

2350 424 2565 487 veniat,
2594 430 2654 476 ut
2680 420 2950 492 proposita
2992 418 3132 473 dona
3177 416 3484 487 contingat,
3533 431 3722 487 magna
3753 418 3941 486 quies.

2349 528 2597 584 magnum
2647 513 2917 566 silentium
2946 529 2958 565 :
2985 509 3198 580 quando
3246 508 3478 579 Spiritus
3523 508 3747 578 gratiam
3793 522 3944 562 suam

2350 607 2567 669 tribuit,
2614 604 2829 683 quando
2870 602 3182 666 descendit,
3232 601 3446 672 quando
3488 602 3757 672 proposita
3805 599 3945 655 dona

2350 697 2611 767 contingit
2632 738 2648 763 ,
2673 694 2887 767 quando
2916 709 3069 749 ovem
3113 702 3399 748 mactatam
3435 701 3491 748 et
3516 699 3946 747 consummatam

2351 792 2548 854 cernis,
2580 802 2704 844 tunc
2733 789 3015 844 tumultum
3041 829 3058 854 ,
3090 796 3217 844 tunc
3253 786 3469 852 turbas,
3503 795 3630 841 tunc
3648 786 3951 841 contentio-

2353 897 2475 936 nem
2502 880 2705 935 excitas
2722 889 2778 934 et
2802 879 3040 934 convicia
3066 877 3238 948 jaeis?
3259 876 3538 946 Quomodo
3562 875 3829 931 sacrificio
3850 876 3952 931 hoc

2354 970 2552 1043 perfrui
2581 981 2751 1041 potes,
2781 985 2903 1025 cum
2934 980 3083 1024 tanto
3112 972 3340 1023 tumultu
3366 978 3422 1023 et
3445 967 3672 1038 strepitu
3701 967 3771 1022 ad
3801 981 3955 1022 meno

2354 1077 2468 1118 sam
2497 1063 2634 1118 hanc
2653 1061 2916 1117 accedas?
2942 1061 3056 1116 Non
3084 1061 3279 1116 sufficit
3311 1059 3467 1114 nobis
3504 1059 3739 1129 peccatis
3769 1069 3953 1114 conta-

2355 1156 2586 1209 minatos
2611 1154 2891 1219 accedere,
2922 1154 3017 1210 sed
3043 1155 3216 1224 ipsum
3245 1153 3404 1208 etiam
3431 1167 3680 1208 accessus
3706 1167 3955 1206 momen-

2356 1255 2470 1300 tum
2502 1261 2607 1300 non
2637 1245 2861 1300 sinimus
2886 1259 2918 1300 a
2941 1254 3163 1321 peccato
3189 1244 3416 1299 liberum
3457 1244 3750 1314 praeterire.
3777 1243 3958 1310 Quan-

2355 1335 2426 1392 do
2452 1336 2593 1392 enim
2615 1335 2912 1406 jurgamur,
2940 1333 3155 1406 quando
3187 1335 3591 1399 tumultuamur,
3619 1333 3838 1405 quando
3860 1348 3957 1389 nos

2359 1437 2545 1484 mutuo
2575 1428 2906 1493 mordemus,
2939 1425 3212 1497 quomodo
3237 1442 3265 1480 a
3297 1427 3530 1495 peccatis
3555 1428 3824 1481 immunes
3852 1425 3957 1481 eri-

2359 1521 2512 1575 mus?
2541 1521 2636 1575 Dic
2662 1519 2813 1585 mihi,
2840 1519 2968 1588 quid
3000 1518 3294 1588 properas?
3321 1519 3473 1586 cujus
3499 1518 3669 1588 gratia
3701 1518 3922 1572 festinas
3940 1559 3957 1581 ,

2359 1627 2482 1666 cum
2527 1627 2682 1666 ovem
2724 1610 2833 1680 jam
2878 1610 3112 1664 occisam
3141 1610 3372 1678 aspicis?
3399 1624 3521 1662 nam
3553 1608 3598 1662 si
3636 1618 3750 1663 tota
3801 1615 3959 1663 nocte

2359 1702 2679 1756 sacrificium
2709 1700 2811 1756 hoc
2836 1700 3029 1755 intueri
3059 1699 3306 1761 deberes,
3335 1715 3404 1753 an
3433 1699 3803 1768 spectaculum
3833 1698 3953 1763 hoc,

2361 1792 2497 1848 cedo
2519 1834 2535 1858 ,
2584 1793 2883 1848 satietatem
2922 1791 3182 1847 aﬂ'erret?
3207 1791 3342 1845 Toto
3367 1790 3456 1844 die
3483 1790 3745 1858 patienter
3765 1803 3959 1858 exspe-

2320 1949 2322 1952 ,
2361 1885 2518 1941 ctasti
2541 1927 2555 1950 ,
2585 1885 2778 1940 bonam
2810 1885 2983 1940 noctis
3013 1894 3217 1954 partem
3247 1883 3586 1938 transmisisti
3605 1924 3621 1949 ,
3647 1891 3962 1950 tantumque

2365 1975 2609 2031 laborum
2650 1973 2801 2031 brevi
2835 1975 3090 2044 temporis
3131 1983 3327 2044 ptmcto
3357 1972 3593 2042 prodigis
3636 1982 3692 2027 et
3737 1970 3960 2041 perdis?

2363 2065 2570 2137 Cogita,
2603 2064 2857 2134 quidnam
2882 2065 2951 2119 sit
2974 2062 3098 2118 illud
3122 2062 3259 2133 quod
3284 2062 3612 2132 propositum
3635 2069 3740 2125 est,
3769 2070 3823 2114 et
3844 2073 3961 2130 quae

2365 2157 2436 2208 sit
2459 2154 2574 2223 ejus
2604 2168 2764 2209 causa
2795 2170 2808 2206 :
2837 2152 3048 2208 occisus
3075 2161 3158 2208 est
3185 2161 3404 2222 propter
3435 2162 3518 2213 te,
3559 2159 3613 2205 et
3663 2162 3716 2204 tu
3757 2149 3966 2204 deseris

2367 2245 2514 2298 illum
2542 2246 2712 2315 ipsum
2732 2244 3062 2299 immolatum
3083 2243 3366 2312 aspiciens.
3390 2239 3489 2296 Ubi
3511 2243 3746 2307 cadaver,
3771 2241 3962 2310 inquit,

2365 2338 2436 2392 ibi
2459 2347 2508 2392 et
2533 2337 2718 2406 aquila:
2737 2335 2948 2409 (Manli.
2979 2335 3068 2391 ει.
3097 2335 3214 2405 28).
3243 2335 3349 2390 Nos
3387 2343 3566 2389 autem
3596 2350 3702 2388 non
3727 2342 3790 2388 ut
3815 2336 3967 2403 aqui-

2369 2429 2456 2495 lae,
2487 2429 2581 2483 sed
2613 2438 2670 2482 ut
2695 2443 2860 2483 canes
2883 2427 3188 2482 accedimus
3221 2443 3234 2479 :
3271 2435 3412 2479 tanta
3444 2435 3624 2479 nostra
3665 2434 3752 2480 est
3791 2423 3965 2493 impu-

2368 2520 2573 2576 dentia.
2604 2519 2786 2590 Cogita
2812 2520 2938 2590 quid
2965 2517 3179 2574 tandem
3220 2517 3346 2572 illud
3391 2517 3494 2583 sit,
3543 2515 3689 2586 quod
3733 2517 3963 2570 effusum

2370 2624 2453 2670 est
2478 2634 2490 2669 :
2523 2614 2736 2682 sanguis
2765 2622 2866 2676 est,
2897 2613 3113 2682 sanguis
3143 2611 3230 2681 qui
3259 2609 3674 2680 chirographum
3718 2621 3966 2678 peccato—

2369 2722 2486 2762 rum
2515 2705 2747 2759 delevit:
2780 2704 3029 2773 s'rnguis,
3059 2701 3150 2770 qui
3195 2701 3428 2755 animam
3473 2710 3617 2754 tuam
3665 2697 3966 2760 mandavit,

2370 2800 2458 2867 qui
2510 2797 2770 2851 maculam
2816 2792 2984 2859 eluit,
3038 2794 3126 2863 qui
3184 2793 3512 2863 principatus
3565 2801 3619 2845 et
3671 2801 3966 2860 potestates

2373 2889 2734 2958 triumphavit.
2753 2886 3064 2954 Eupalium
3084 2885 3237 2951 enim,
3258 2886 3443 2956 inquit,
3470 2884 3785 2954 principatus
3805 2892 3854 2936 et
3877 2897 3969 2953 po-

2372 2992 2570 3037 testates
2593 2982 2817 3035 traduxit
2838 2980 3149 3048 conﬁdenter
3169 2977 3486 3044 triumphans
3513 2977 3564 3028 in
3585 2991 3734 3028 cruce
3749 2972 3965 3048 (Colon.

2372 3073 2427 3128 2.
2473 3070 2606 3143 15).
2648 3072 2808 3125 Multa
2854 3070 3092 3124 victoria
3137 3067 3378 3138 symbola
3426 3065 3610 3120 habuit
3662 3075 3966 3133 tropaeum:

2373 3164 2542 3234 spolia
2590 3178 2821 3232 superne
2871 3161 2940 3216 de
2987 3174 3147 3215 cruce
3202 3157 3455 3228 pendent.
3505 3155 3968 3223 Quemadmodum

2373 3257 2514 3311 enim
2547 3256 2915 3325 magnanimus
2946 3254 3137 3324 aliquis
3164 3267 3284 3315 rex,
3312 3249 3557 3306 confecto
3581 3249 3812 3304 feliciter
3837 3248 3973 3304 difﬁ-

2375 3348 2580 3402 cillimo
2611 3347 2768 3413 bello,
2800 3345 3074 3400 thoracem
3093 3352 3145 3399 et
3173 3343 3419 3414 clypeum
3447 3356 3500 3396 et
3520 3355 3669 3395 arma
3689 3341 3901 3410 tyranni
3921 3347 3975 3394 et

2376 3438 2600 3492 militum
2625 3450 2759 3506 quos
2784 3437 3000 3501 devicit,
3030 3450 3193 3505 super
3212 3434 3481 3489 excelsum
3505 3440 3766 3500 trepzrum
3793 3432 3970 3499 ponit:

2377 3529 2455 3584 sic
2482 3539 2535 3583 et
2562 3526 2826 3590 Christus,
2862 3527 3012 3580 linito
3043 3526 3201 3590 bello,
3229 3524 3370 3595 quod
3399 3539 3523 3578 cum
3551 3522 3767 3576 diabolo
3791 3536 3972 3593 gesse-

2377 3629 2492 3681 rat,
2520 3635 2669 3673 arma
2710 3619 2827 3688 ejus
2857 3618 3108 3672 universa
3130 3658 3145 3681 ,
3191 3625 3419 3670 mortem
3450 3624 3504 3668 et
3545 3611 3973 3666 mal-edictionem

2379 3710 2446 3764 ab
2476 3711 2685 3766 excelsa
2714 3724 2874 3764 cruce
2898 3709 3197 3779 suspendit,
3225 3717 3492 3777 tamquam
3515 3705 3582 3759 de
3611 3713 3822 3773 trome
3848 3717 3977 3774 quo-

2380 3804 2503 3858 dam
2531 3821 2542 3855 :
2570 3811 2626 3855 ut
2657 3816 2846 3856 omnes
2894 3809 3154 3870 tropaeum
3202 3797 3330 3852 illud
3379 3794 3842 3864 conspicarentur,
3886 3808 3976 3847 su-

2385 3909 2564 3963 perum
2591 3892 2859 3959 Virtutes,
2892 3908 3011 3962 qua:
3041 3891 3095 3945 in
3124 3889 3271 3944 ca-lis
3291 3930 3304 3951 ,
3341 3887 3584 3942 homines
3606 3928 3620 3952 ,
3653 3887 3742 3955 qui
3773 3884 3980 3940 inferno

2387 3997 2587 4041 terram
2618 3985 2889 4050 incolunt;
2921 3985 3125 4054 ipsique
3153 3982 3278 4036 mali
3313 3979 3590 4035 daemones
3613 4020 3627 4043 ,
3655 3979 3745 4050 qui
3785 3978 3978 4033 deviCti

2389 4087 2532 4133 sunt.
2564 4079 2694 4134 Cum
2729 4078 2887 4146 igitur
2919 4087 3067 4132 tanto
3098 4090 3321 4130 munere
3350 4073 3526 4129 allecti
3561 4072 3765 4134 simus,
3794 4071 3979 4139 dignos

2391 4171 2748 4239 nosmetipsos
2779 4185 2875 4239 pro
2906 4167 3107 4223 viribus
3138 4168 3483 4221 ostendamus
3510 4165 3663 4220 htutis
3697 4164 3802 4219 illis
3822 4204 3838 4230 ,
3865 4176 3979 4232 qua:

2393 4263 2545 4318 nobis
2570 4271 2698 4318 sunt
2725 4277 2980 4317 concessa
3004 4305 3016 4326 ,
3047 4271 3104 4314 ut
3132 4270 3184 4315 et
3214 4260 3464 4314 cnelorum
3493 4272 3712 4328 regnum
3740 4269 3981 4326 assequa-

2393 4369 2534 4419 mur,
2564 4354 2731 4424 gratia
2755 4365 2811 4408 ct
2837 4353 3164 4407 humanitate
3192 4351 3398 4406 Domini
3425 4348 3593 4404 nostri
3618 4348 3743 4403 Jesu
3765 4346 3980 4412 Christi,

2397 4464 2490 4518 per
2520 4463 2674 4518 quem
2706 4457 2759 4503 et
2786 4463 2906 4501 cum
2948 4461 3055 4518 quo
3081 4446 3223 4500 Patri
3257 4445 3411 4500 simul
3444 4455 3496 4498 et
3521 4441 3744 4513 Spiritui
3772 4448 3978 4502 sancto,

2396 4544 2600 4614 gloria,
2657 4541 2870 4609 honor,
2941 4539 3217 4613 potentia,
3272 4539 3327 4594 in
3384 4536 3577 4594 saecula
3646 4534 3982 4589 saeculorum.

2396 4639 2588 4693 Amen.

1985 5069 2631 5103 ιμ.-..-ο4οοοε.ς---ι
2676 5069 2731 5084 ⁸⁴⁶
