4164 6324
270 345 363 403 δὸτ

282 455 596 527 Ἐκκλησίας
628 455 662 526 ἡ
686 452 975 524 ἀσφάλεια,
1006 452 1067 505 τὺ
1099 450 1359 523 καύχημα
1380 447 1617 509 Παύλου,
1642 444 1707 499 τὸ
1727 443 1839 498 τῶν

271 540 432 609 ἀγίων
506 539 717 608 τεῖχος,
771 534 832 589 τὸ
878 535 994 605 φῶς
1053 536 1151 606 τῆς
1215 532 1542 605 οἰκουμένης
1595 530 1837 598 ἀπάσης.

269 622 527 687 Καθάπερ
563 623 673 693 γάρ
712 619 888 690 σκότῳ
907 616 1271 689 κατεχομένου
1296 618 1446 671 οἴκου
1471 612 1733 685 λαμπάδα
1756 628 1842 675 τις

269 706 468 777 ἐνάψας
500 705 597 760 καὶ
642 702 807 775 ὀρθὴν
846 702 1154 772 ἀναστήσας
1194 699 1488 754 ἀπελαύνει
1517 696 1578 752 τὺ
1610 694 1801 758 σκότος
1824 710 1839 726 ⁸

267 790 400 846 οὕτω
425 787 527 858 τῆς
553 786 878 857 οἰκουμένης
908 783 1014 853 ὑπὸ
1037 782 1201 852 ζόφου
1232 780 1635 853 κατεχομένης,
1668 777 1842 833 καθά-

275 889 366 944 περ
396 870 656 941 λαμπάδα
698 867 817 922 τινά
854 858 977 955 *τιν
1025 863 1499 955 βαυρδνιάνάψας
1546 863 1639 955 καὶ
1684 860 1844 955 όρθδν

268 956 570 1027 ἀναστήσας
601 954 629 1007 ὀ
674 945 941 1023 Χριστδςζ
993 949 1091 1021 τῆς
1141 944 1514 1020 γῆς’άπαντα
1549 947 1641 1001 τὸν
1682 944 1844 1012 ζόφον

270 1038 436 1092 έλυσε.
464 1036 575 1091 Καὶ
600 1034 853 1105 καθάπερ
880 1034 916 1104 ἡ
943 1031 1166 1103 λαμπάς
1190 1032 1283 1085 ἐπὶ
1303 1034 1370 1103 τῇ
1399 1028 1608 1102 κεφαλῇ
1643 1029 1757 1084 ἀνω
1782 1028 1845 1082 τὸ

270 1121 377 1189 φῶς
407 1120 542 1191 εχει,
568 1118 709 1173 οὕτω
739 1119 883 1173 καὶὸ
915 1115 1147 1188 σταυρὸς
1173 1116 1285 1171 ἀνω
1309 1116 1369 1168 ἐν
1396 1116 1464 1186 τῇ
1496 1111 1709 1183 κεφαλῇ
1755 1109 1846 1165 τὸν

268 1206 411 1276 ἡλιον
432 1204 530 1273 τῆς
548 1199 895 1271 δικαιοσύνης
915 1192 1063 1271 εἶχεν
1089 1197 1462 1268 ἐκλάμποντα.
1488 1196 1688 1249 Τοῦτον
1722 1192 1847 1248 ἰδὼν

270 1285 681 1359 προσηλωμένον
733 1285 762 1338 ό
818 1282 1023 1355 κόσμος
1072 1280 1326 1353 ἔφριξεν.
1369 1279 1634 1351 ἐκλονήθη
1673 1280 1707 1349 ἡ
1748 1280 1842 1350 γῆς

266 1368 626 1441 διερράγησαν
655 1368 711 1421 αί
746 1366 965 1438 πέτραι.
1010 1363 1147 1419 Ἀλλ’
1182 1366 1232 1418 εί
1264 1364 1360 1419 καὶ
1390 1362 1757 1435 διερράγησαν
1788 1362 1846 1415 αἰ

269 1453 492 1524 πέτραι,
532 1453 568 1523 ή
602 1450 927 1521 ἀναισθησία
976 1450 1085 1504 τῶν
1129 1447 1400 1504 Ἰουδαίων
1435 1448 1495 1502 ού
1538 1445 1803 1519 διερῤάγη
1828 1462 1845 1479 ·

267 1536 486 1608 ἐσχίσθη
518 1534 580 1589 τδ
612 1534 1009 1603 καταπέτασμα
1031 1575 1046 1600 ,
1097 1534 1193 1589 καὶ
1231 1535 1332 1588 οὐκ
1367 1531 1519 1607 [401]
1550 1529 1776 1605 ἐσχίσθη
1810 1532 1846 1603 ή

269 1618 478 1689 πονηρά
512 1617 801 1689 συμφωνία
833 1617 1075 1673 ἐκείνων.

336 1702 435 1756 Διά
458 1701 510 1769 τί
541 1699 764 1771 ἐσχίσθη
787 1700 847 1753 τὸ
876 1700 1304 1769 καταπέτασμα;
1338 1699 1466 1752 ὀτι
1486 1696 1590 1752 οὐκ
1614 1695 1847 1765 ἠδύνατο

266 1785 354 1841 τὸν
389 1784 670 1855 Δεσπότην
710 1784 842 1855 όρᾷν
876 1783 1279 1855 σταυρούμενον
1320 1782 1351 1835 ό
1387 1781 1516 1844 ναός
1537 1797 1551 1813 ’
1590 1772 1764 1834 δι”ὧν
1790 1777 1847 1831 δὲ

267 1871 344 1933 εἰς
370 1867 433 1922 τὸ
463 1866 629 1921 αὑτοῦ
661 1866 1065 1937 καταπέτασμα
1096 1867 1321 1935 γέγονε,
1371 1862 1653 1936 μονονουχὶ
1690 1859 1848 1915 τοῦτο

267 1952 589 2025 προτρέπων
632 1949 815 2025 φησίν·
857 1949 916 2003 '0
951 1947 1268 2020 βουλόμενος
1298 1947 1539 2000 πατείτω
1583 1945 1652 1999 τά
1679 1944 1848 2013 Ἅγια

266 2035 374 2090 τῶν
399 2035 571 2104 ἀγίων
597 2033 804 2091 λοιπόν.
836 2032 901 2087 Τί
926 2033 1037 2105 γάρ
1071 2049 1161 2102 μοι
1187 2032 1248 2085 τὸ
1274 2031 1468 2100 δφελος
1490 2028 1718 2092 τούτων,
1742 2028 1849 2095 ἔξω

266 2117 519 2187 τοιαύτης
554 2116 746 2181 θυσίας
784 2114 1263 2185 προσενεχθείσης;
1316 2115 1371 2167 τί
1420 2130 1508 2183 μοι
1553 2112 1615 2166 τδ
1656 2110 1849 2181 δφελος

265 2201 365 2272 τῆς
390 2200 687 2272 διαθήκης;
729 2198 784 2252 τί
816 2215 906 2271 μοι
926 2199 989 2252 τὸ
1014 2197 1204 2267 δφελος
1235 2195 1331 2251 τοῦ
1363 2197 1565 2266 νόμους
1599 2193 1723 2265 εἰκῆ
1757 2196 1851 2247 καὶ

270 2285 447 2355 μάτην
493 2279 717 2345 τούτους
771 2280 1065 2335 ἐπαίδευσα
1122 2278 1376 2334 τοσοῦτον
1432 2278 1647 2350 χρόνον.
1682 2275 1855 2330 Τοῦτο

266 2366 360 2421 καὶ
410 2366 440 2418 ό
493 2365 782 2436 προφήτης
825 2363 989 2427 ἐϐόα,
1043 2360 1251 2432 λέγων·
1326 2361 1500 2418 Ἰνατί
1544 2358 1856 2429 ἐφρύαξαν

266 2448 410 2514 ἔθνη
435 2488 449 2511 ,
476 2445 578 2500 καί
610 2444 748 2500 λαοί
773 2444 1151 2515 ἐμελέτησαν
1178 2442 1327 2499 κενά
1355 2459 1374 2509 ;
1408 2445 1708 2497 Ἤκουσαν·
1760 2442 1856 2507 Ὠς

267 2531 567 2598 πρόϐατον
596 2528 694 2582 ἐπὶ
717 2527 966 2598 σφαγὴν
998 2527 1157 2596 ἤχθη
1178 2568 1191 2592 ,
1218 2527 1317 2581 καί
1338 2527 1420 2592 ὡς
1446 2526 1637 2596 ἀμνὸς
1677 2526 1854 2580 ἐναν-

265 2613 399 2667 τίον
422 2611 531 2667 τοῦ
573 2614 870 2681 κείροντος
907 2612 1097 2666 αὐτόν
1133 2610 1370 2680 ἄφωνος
1391 2628 1405 2642 ·
1450 2610 1545 2665 καὶ
1589 2608 1857 2681 μελετῶν-

266 2711 359 2759 τες
389 2692 451 2747 ἐν
482 2695 725 2764 τοσούτῳ
746 2694 920 2767 χρόνῳ
951 2693 1049 2761 τὴν
1079 2693 1436 2765 προφητείαν,
1467 2692 1857 2763 τοῦπράγμα-

266 2794 358 2840 τος
388 2776 834 2848 παραγενομένου
868 2774 1202 2846 ἠπίστησαν.
1237 2771 1392 2838 Εἶδες
1434 2773 1554 2837 πῶς
1594 2773 1858 2844 ἐμελέτη-

269 2876 371 2914 σαν
428 2859 592 2923 κενά;
647 2858 749 2910 Διά
794 2858 953 2912 τοῦτο
1010 2858 1393 2931 περιεσχίσατο
1454 2860 1483 2911 ό
1537 2856 1699 2919 ναὸς,
1756 2856 1856 2927 τὴν

172 2944 179 2951 ’
266 2943 550 3013 ἐρήμωσιν
592 2936 876 3011 προδηλῶν
932 2941 1031 3012 τὴν
1066 2940 1205 3012 μετά
1250 2938 1425 2995 ταῦτα
1472 2939 1736 3010 ἐσομένην
1781 2938 1859 2992 δι-

267 3041 501 3096 ηνεκως.
674 3036 681 3043 ’

353 3108 507 3161 Ἐπεὶ
529 3102 623 3161 οὖν
650 3106 740 3161 τὸν
770 3108 829 3160 ἐν
857 3106 935 3177 τῷ
968 3105 1190 3179 σταυρῷ
1216 3116 1645 3179 προσηλωμένον
1679 3104 1818 3175 μέλ-

265 3190 434 3261 λομεν
464 3191 556 3244 καὶ
587 3191 748 3261 ήμεῖς
785 3189 926 3243 κατά
954 3190 1054 3259 τὴν
1087 3177 1325 3260 ἑσπέραν
1355 3177 1559 3261 ταύτην
1589 3190 1743 3255 ἰδεῖν,
1781 3190 1858 3254 ὡς

267 3274 441 3344 ἀμνδν
463 3273 806 3343 ἐσφαγμένον
835 3274 928 3326 καὶ
955 3273 1273 3342 τεθυμένον,
1308 3272 1445 3342 μετά
1468 3273 1671 3343 φρίκης
1690 3289 1860 3343 προσ-

269 3354 462 3425 ίωμεν,
506 3354 828 3427 παρακαλῶ,
868 3355 962 3409 καὶ
987 3354 1170 3417 αἰδοῦς
1200 3354 1402 3425 πολλῆς
1425 3355 1521 3408 καὶ
1549 3352 1854 3419 εύλαϐείας.

266 3438 386 3490 Ούκ
408 3438 608 3506 ἔγνωτε
650 3438 777 3501 τοὺς
814 3437 1080 3505 ἀγγέλους
1098 3478 1114 3502 ,
1146 3437 1265 3501 πῶς
1296 3440 1753 3508 παρειστήκεισαν
1777 3438 1857 3510 τῷ

264 3521 425 3590 τάφῳ
482 3520 582 3574 οὐκ
637 3520 814 3591 έχοντι
867 3520 1058 3591 σῶμα,
1118 3520 1272 3589 τάφῳ
1332 3519 1507 3590 κενῶς
1566 3520 1680 3573 ἀλλ’
1709 3522 1859 3591 ὅμως

265 3602 459 3673 ἐπειδὴ
488 3601 624 3666 ὅλως
660 3602 877 3667 ἐδέξατο
913 3601 975 3656 τὸ
1009 3602 1168 3673 σῶμα
1190 3602 1251 3654 τὸ
1275 3600 1626 3667 Δεσποτικὺν,
1659 3602 1858 3672 πολλὴν

265 3684 608 3755 ἀπονέμουσι
639 3685 733 3738 καὶ
753 3683 832 3754 τῷ
856 3684 1008 3755 τόπῳ
1031 3685 1130 3753 τὴν
1152 3685 1337 3755 τιμήν.
1366 3685 1429 3738 οι
1452 3685 1671 3753 ἄγγελοι
1692 3687 1859 3757 ὑπερ·

268 3765 549 3831 ϐαίνοντες
576 3769 677 3835 τήν
699 3767 976 3838 ἡμετέραν
1001 3768 1161 3836 φύσιν
1195 3766 1333 3837 μετά
1371 3768 1638 3839 τοσαύτης
1679 3768 1861 3833 αἰδοῦς

267 3851 369 3903 καὶ
397 3849 684 3913 εὐλαϐείας
718 3852 1179 3921 παρειστήκεισαν
1203 3850 1279 3923 τῷ
1311 3851 1495 3921 τάφῳ·
1525 3854 1683 3924 ἡμεῖς
1709 3854 1767 3908 δέ
1796 3855 1858 3907 ού

268 3934 430 4003 τάφῳ
467 3932 751 4007 μέλλοντες
796 3933 1163 4003 παρίστασθαι
1210 3933 1384 4004 κενῷ,
1441 3934 1557 3987 ἀλλ’
1610 3936 1746 4006 αὐτῇ
1791 3939 1857 4008 τῇ

265 4016 523 4089 τραπέζῃ
570 4018 635 4087 τῇ
672 4018 764 4069 τὸν
804 4017 976 4087 ἀμνὸν
1015 4015 1214 4087 ἐχούσῃ
1239 4058 1252 4080 ,
1297 4017 1435 4087 μετά
1484 4017 1713 4089 θορύϐου
1767 4021 1862 4074 καὶ

265 4102 517 4171 ταραχῆς
544 4101 844 4171 πρόσιμενς
873 4101 981 4153 Καὶ
1002 4100 1084 4163 τίς
1111 4101 1241 4170 ἡμῖν
1264 4100 1414 4155 ἔσται
1438 4102 1734 4174 συγγνώμη
1753 4102 1863 4155 λοι-

269 4184 409 4246 πόν;
447 4184 561 4254 Οὐχ
590 4183 775 4246 ἀπλῶς
806 4182 978 4237 ταῦτα
1019 4182 1163 4251 λέγω
1190 4222 1203 4245 ,
1234 4182 1349 4237 ἀλλ’
1396 4184 1583 4257 ἐπειδὴ
1634 4186 1863 4251 πολλοὺς

267 4265 385 4337 δρῶ
410 4267 551 4326 κατὰ
573 4264 671 4336 τὴν
693 4265 931 4337 ἑσπέραν
954 4265 1157 4335 ταύτην
1182 4264 1544 4336 θορυϐοῦντας
1564 4310 1578 4332 ,
1599 4268 1859 4338 βοῶντας,

268 4347 659 4419 ἐπικειμένους
704 4347 986 4417 ἀλλήλοις,
1036 4346 1318 4418 πηδῶντας
1342 4389 1356 4413 ,
1399 4348 1859 4420 λοιδορουμένους,

269 4432 373 4485 καὶ
424 4431 623 4502 μᾶλλον
655 4432 862 4495 ἑαυτοῖς
915 4430 1133 4484 κόλασιν
1173 4431 1205 4501 ἡ
1236 4434 1508 4504 σωτηρίαν
1535 4435 1861 4505 προξενοῦν-

268 4530 375 4579 τας
393 4532 407 4545 ·
436 4513 623 4567 τούτου
659 4514 818 4585 χάριν
844 4515 942 4584 τὴν
977 4514 1117 4583 ὑπὲρ
1139 4514 1344 4569 τούτων
1368 4517 1626 4587 ποιοῦμαι
1661 4519 1863 4590 παραί-

268 4613 447 4654 νεσιν.
480 4596 546 4651 Τί
601 4600 812 4663 ποιεῖς,
854 4597 1141 4670 ἀνθρωπε;
1199 4600 1327 4653 ὅταν
1377 4600 1581 4671 ἑστήκῃ
1612 4602 1719 4671 πρὸ
1761 4603 1862 4673 τῆς

1230 410 1240 420 ,
1290 344 1379 400 οε
1417 334 1853 404 coam:me
1891 332 1981 391 ET
2011 331 2101 389 DE
2131 328 2381 389 cauca.

3426 337 3539 393 598

1943 442 2225 515 τραπέζης
2250 441 2280 493 ό
2321 441 2505 513 ἱερεὺς
2524 480 2540 504 ,
2568 439 2668 508 τάς
2692 442 2884 513 χεῖρας
2909 438 3205 497 ἀνατείνων
3235 446 3316 509 είς
3333 446 3425 501 τὸν
3444 451 3537 505 οὐ.

1949 526 2141 598 ρανδν.
2185 523 2369 580 καλῶν
2395 523 2455 579 τδ
2503 523 2730 597 Πνεῦμα
2757 524 2819 578 τὺ
2854 524 3012 592 ἅγιον
3038 565 3054 590 ,
3092 524 3189 578 τοῦ
3230 533 3532 600 παραγενέ.

1945 610 2072 664 σθαι
2111 610 2205 663 καὶ
2232 608 2473 675 ἅψασθαι
2506 608 2616 662 τῶν
2658 608 3066 680 προκειμένων,
3111 608 3282 680 πολλὴ
3316 612 3537 685 ἡσυχία,

1944 693 2114 765 πολλὴ
2138 693 2287 765 σιγή·
2305 693 2434 746 ὅταν
2452 692 2582 764 διδῷ
2600 690 2699 765 τήν
2723 694 2885 764 χάριν
2910 693 2970 747 τὺ
2986 691 3232 764 Πνεῦμα,
3258 697 3389 750 ὅταν
3410 715 3533 753 κατι

1944 777 2095 849 έλοῃ,
2109 778 2237 830 ὅταν
2260 775 2467 847 ἅψηται
2481 775 2590 829 τῶν
2613 775 3014 846 προκειμένων,
3036 776 3167 830 ὅταν
3189 776 3304 849 ῖδῃς
3326 779 3389 833 τὸ
3410 781 3543 854 πρό-

1945 862 2110 916 ϐατον
2125 859 2559 930 ἐσφαγιασμένον
2576 860 2672 913 καὶ
2691 858 3124 931 ἀπηρτισμένον,
3141 861 3264 914 τότε
3286 854 3540 935 θόρυϐον,

1942 946 2065 1000 τότε
2088 943 2351 1016 ταραχὴν,
2383 943 2505 997 τότε
2527 942 2882 1011 φιλονεικίαν,
2911 944 3034 997 τότε
3064 942 3331 1015 λοιδορίαν
3355 947 3543 1003 ἐπεισ-

1946 1029 2135 1097 άγεις;
2168 1027 2263 1081 καὶ
2283 1026 2403 1090 πῶς
2429 1025 2637 1098 δυνήσῃ
2652 1024 2968 1097 τῆςὉυσίας
2988 1027 3295 1082 ἀπολαῦσαι
3309 1029 3539 1103 ταύτης.

1950 1114 2091 1188 μετά
2107 1113 2380 1185 τοσαύτης
2405 1113 2655 1186 ταραχῆς
2676 1115 2742 1184 τῇ
2780 1112 3029 1186 τραπέζῃ
3066 1114 3307 1185 προσιὼν
3329 1117 3503 1192 ταύτῃ
3524 1136 3541 1183 ;

1946 1199 2060 1254 οὐκ
2097 1199 2260 1270 ἀρκεῖ
2297 1198 2430 1269 ἡμῖν
2461 1197 2543 1250 ὅτι
2597 1196 2736 1267 μετά
2779 1196 3197 1268 ἁμαρτημάτων
3238 1202 3541 1271 προσερχόα-
3595 1197 3598 1201 ’

1950 1281 2109 1355 μεθα.
2140 1281 2276 1336 ἀλλά
2298 1280 2395 1334 καὶ
2425 1279 2587 1333 αὐτὸν
2610 1280 2703 1333 τὸν
2734 1279 2926 1351 καιρὸν
2949 1279 3051 1350 τῆς
3077 1280 3343 1349 προσόδου
3383 1282 3545 1348 ἐκτδς

1946 1363 2200 1435 γενέσθαι
2225 1361 2745 1435 λπλημμελημάτων
2804 1364 2903 1417 οὐκ
2965 1362 3315 1434 ἀνεχόμεθας
3372 1367 3545 1420 Ὅταν

1946 1450 2056 1519 γὰρ
2087 1445 2483 1517 φιλονεικῶμεν
2505 1488 2520 1513 ,
2550 1446 2679 1500 ὅταν
2706 1444 3088 1517 θορυϐώμεθα,
3122 1446 3252 1501 ὅταν
3276 1447 3545 1518 ἀλλήλους

1945 1532 2253 1602 δάκνωμεν.
2280 1530 2397 1594 πῶς
2424 1528 2529 1595 ἔξω
2553 1529 2968 1601 ἁμαρτημάτων
2992 1528 3229 1599 ἐσόμεθα
3254 1546 3270 1593 ς
3292 1529 3356 1584 τί
3382 1531 3544 1586 σπεύ-

1947 1614 2097 1678 δεις,
2130 1614 2251 1668 εἰπέ
2299 1630 2426 1683 μοι;
2462 1612 2606 1676 τίνος
2661 1613 2848 1666 ἐνεκεν
2899 1613 3095 1685 ἐπείγῃ
3149 1614 3211 1667 τὸ
3268 1614 3543 1686 πρόϐατον

1948 1696 2089 1769 όρῶν
2120 1695 2598 1766 ἐσφαγιασμένονς
2650 1697 2699 1749 εί
2730 1695 2840 1767 γάρ
2887 1695 2973 1750 διὰ
3010 1698 3191 1764 πάσης
3220 1696 3320 1768 τῆς
3348 1697 3545 1763 νυκτὸς

1951 1774 2019 1852 ἦν
2067 1780 2205 1849 πρὸς
2249 1780 2349 1850 την
2403 1780 2596 1833 θυσίαν
2642 1780 2813 1849 αὐτὴν
2841 1781 3009 1851 όρᾷν,
3047 1775 3161 1850 εἶχε
3201 1780 3392 1851 κόρον,
3421 1780 3544 1836 εἰπέ

1956 1879 2067 1935 μοι,
2104 1863 2164 1917 τὸ
2196 1865 2432 1934 πρᾶγμα
2454 1881 2468 1930 ;
2494 1862 2646 1937 [402]
2676 1862 2844 1935 Ὅλην
2869 1863 2971 1933 τὴν
2992 1863 3208 1935 ἡμέραν
3239 1863 3547 1936 ἐκαρτέρη-

1955 1962 2055 2010 σας
2076 1986 2091 2009 ,
2124 1946 2186 2000 τὸ
2239 1945 2401 2000 πλέον
2441 1947 2542 2017 τῆς
2585 1945 2781 2010 νυκτὸς
2810 1944 3102 2015 διήγαγες,
3154 1947 3245 2001 καὶ
3291 1946 3546 2002 τοσοῦτον

1952 2029 2199 2099 κάματον
2227 2029 2286 2083 ἐν
2308 2028 2540 2101 βραχείᾳ
2564 2028 2758 2101 καιροῦ
2790 2030 2930 2100 ῥοπῇ
2956 2027 3219 2101 προδίδως
3245 2030 3341 2084 καὶ
3373 2029 3547 2084 ἀπολ-

1954 2111 2136 2179 λύεις;
2174 2112 2458 2181 Ἐννόησον
2490 2113 2542 2166 τί
2598 2111 2730 2166 ποτέ
2762 2113 2879 2165 έστι
2912 2111 2972 2166 τὸ
3020 2112 3385 2185 προκείμενον
3407 2153 3421 2176 ,
3449 2114 3549 2169 καὶ

1954 2194 2118 2249 πόθεν
2149 2194 2309 2250 ελαϐε
2338 2196 2437 2266 τὴν
2463 2196 2676 2251 αἰτίαν·
2718 2195 2934 2266 ἐσφάγη
2980 2194 3068 2249 διά
3107 2194 3168 2249 σέ
3190 2236 3206 2261 ,
3242 2196 3336 2250 καὶ
3362 2197 3429 2252 σὺ
3456 2197 3551 2267 ἐγ-

1952 2278 2391 2350 καταλιμπάνεις
2417 2276 2579 2332 αὐτὸν
2606 2277 3042 2349 ἐσφαγιασμένον
3072 2276 3235 2349 ὁρῶν.
3264 2279 3452 2350 Ὅπου
3478 2279 3545 2333 τὸ

1954 2347 2183 2431 πτῶμα,
2217 2361 2404 2433 φησὶν,
2442 2360 2575 2415 ἐκεῖ
2595 2347 2696 2417 καί
2739 2364 2794 2415 οι
2823 2347 3006 2416 ἀετοί.
3052 2347 3243 2432 Ἡμεῖς
3268 2360 3325 2415 δὲ
3349 2347 3449 2433 ούχ
3470 2362 3549 2427 ὡς

1954 2444 2138 2509 ἀετοὶ,
2170 2443 2286 2498 ἀλλ’
2320 2444 2397 2509 ὼς
2431 2444 2593 2509 κύνες
2617 2442 3039 2516 πῳσερχόμεθα
3062 2461 3077 2473 ·
3119 2442 3358 2513 τοσαύτη
3387 2444 3549 2514 ἡμῶν

1954 2528 1989 2597 ἡ
2019 2527 2395 2599 ἀναισχυντία.
2436 2528 2719 2597 Ἐννόησον
2743 2527 2797 2581 τί
2820 2526 2950 2581 ποτέ
2983 2527 3101 2580 ἐστι
3120 2525 3180 2579 τὸ
3210 2526 3511 2598 κεχυμένον
3532 2543 3545 2555 ·

1954 2604 2096 2682 αἷμά
2131 2613 2278 2665 ἐστιν
2299 2651 2313 2677 ,
2337 2607 2477 2681 αἷμα
2514 2611 2544 2664 ό
2596 2610 2658 2664 τὸ
2703 2610 3070 2681 χειρόγραφον
3101 2609 3210 2663 τῶν
3261 2608 3550 2682 ἁμαρτιῶν

1953 2693 2277 2765 ἀπήλειψεν·
2311 2690 2449 2765 αἷμα
2491 2692 2521 2747 ὃ
2547 2693 2646 2764 τὴν
2700 2694 2880 2765 ψυχήν
2932 2710 3026 2747 σου
3057 2691 3354 2763 ἐκάθηρεν,
3397 2691 3426 2745 δ
3449 2692 3550 2760 τὴν

1954 2775 2147 2846 κηλῖδα
2194 2776 2503 2830 ἀπέπλυνεν
2527 2814 2543 2838 ,
2593 2777 2621 2830 ὃ
2658 2777 2758 2840 τάς
2794 2775 2971 2848 ἀρχάς
3007 2776 3105 2830 καὶ
3139 2774 3242 2840 τάς
3296 2774 3548 2840 ἐξουσίας

1954 2857 2375 2930 ἐθριάμϐευσεν.
2446 2857 2964 2928 Ἆπεκδυσὰμενος
3023 2858 3165 2929 γὰρ,
3218 2860 3395 2930 φησὶ,
3442 2859 3553 2926 τὰς

1953 2940 2146 3012 ἀρχὰς
2175 2943 2273 2997 καί
2311 2943 2417 3009 τὰς
2448 2942 2737 3008 ἐξουσίας
2768 2940 3184 3014 ἐδειγμάτισεν
3218 2942 3290 2995 ἐν
3324 2944 3555 3017 ςιαρῤηο

1953 3026 2063 3092 σίᾳ
2098 3027 2500 3095 θριαμϐεύσας
2526 3027 2595 3079 ἑν
2630 3024 2711 3091 τῷ
2743 3024 3006 3093 σταυρῷ.
3036 3024 3215 3079 Πολλά
3236 3067 3251 3091 ,
3288 3028 3424 3096 φησί
3443 3068 3459 3092 ,
3490 3026 3554 3080 τὸ

1954 3107 2215 3179 τρόπαιον
2259 3106 2374 3177 ἔχει
2422 3106 2521 3175 τῆς
2560 3110 2717 3177 νίκης
2769 3108 2837 3161 τά
2885 3106 3164 3175 σύμϐολα·
3203 3106 3273 3161 τὰ
3333 3108 3552 3181 λάφυρα

1956 3190 2229 3261 κρέμαται
2257 3192 2369 3245 ἀνω
2399 3190 2483 3261 ἐφ’
2510 3190 2716 3261 ὑψηλοῦ
2738 3192 2831 3245 ἐπὶ
2854 3189 2947 3244 τοῦ
2985 3190 3241 3263 σταυροῦ.
3280 3190 3552 3262 Καθάπερ

1955 3275 2063 3343 γὰρ
2092 3273 2349 3345 βασιλεὺς
2372 3277 2617 3341 γενναῖος
2636 3274 2873 3345 πόλεμον
2893 3274 3123 3344 νικήσας
3143 3272 3551 3343 χαλεπώτατον,

1955 3356 2049 3410 τὸν
2075 3355 2303 3428 θώρακα
2336 3356 2431 3410 καὶ
2466 3357 2564 3427 τὴν
2592 3356 2795 3410 ἀσπίδα
2814 3356 2920 3410 ’καὶ
2945 3356 3013 3409 τά
3045 3356 3187 3409 ὅπλα
3217 3356 3311 3410 τοῦ
3346 3358 3552 3430 τυράν-

1958 3456 2051 3494 νου
2080 3441 2177 3493 καί
2206 3439 2313 3512 τῶν
2341 3438 2689 3510 στρατιωτῶν
2718 3437 2826 3491 τῶν
2856 3438 3198 3508 ἡττηθέντων
3225 3440 3309 3508 ἐφ’
3343 3440 3551 3512 ὑψηλοῦ

1957 3520 2054 3575 τοῦ
2076 3521 2341 3594 τροπαίου
2369 3514 2617 3592 τίθησιν·
2657 3520 2799 3595 οὕτω
2825 3523 2918 3574 καὶ
2953 3522 2980 3575 ό
3007 3522 3244 3595 Χριστὸς
3269 3523 3362 3576 τὸν
3401 3512 3555 3577 πόλε-

1961 3622 2063 3676 μον
2101 3593 2329 3677 νικήσας
2359 3606 2450 3659 τὸν
2490 3605 2627 3675 πρὸς
2665 3593 2770 3658 ’τὸν
2794 3593 3069 3671 διάϐολον,
3100 3606 3169 3658 τά
3216 3606 3355 3660 ὅπλα
3386 3606 3553 3660 αὑτοῦ

1959 3689 2173 3752 πάντα,
2218 3689 2309 3743 τὸν
2356 3688 2611 3753 θάνατον,
2668 3688 2767 3757 τὴν
2812 3689 3061 3759 κατάραν
3105 3690 3415 3760 ἐκρέμασεν
3467 3689 3549 3757 ἐφ’

1962 3771 2168 3842 ὑψηλοῦ
2202 3771 2295 3825 τοῦ
2344 3770 2577 3841 σταυροῦ
2600 3812 2614 3837 ,
2662 3770 2913 3841 καθάπερ
2953 3769 3047 3824 ἐπὶ
3088 3774 3353 3842 τροπαίου
3388 3773 3552 3838 τινὸς,

1961 3854 2049 3909 ἴνα
2084 3855 2286 3918 πάντες
2323 3855 2384 3907 τὸ
2414 3856 2675 3925 τρόπαιον
2710 3853 3001 3924 βλέπωσιν,
3040 3855 3096 3907 αί
3139 3855 3253 3908 ἀνω
3276 3855 3551 3927 δυνάμεις,

1962 3940 2019 3994 αἰ
2049 3942 2106 3992 ἐν
2141 3942 2254 4001 τοῖς
2289 3939 2540 4010 οὐρανοῖς
2563 3980 2578 4005 ,
2605 3940 2655 3991 οί
2694 3938 2845 3992 κάτω
2877 3937 3189 4009 ἄνθρωποι,
3222 3939 3273 3991 οἰ
3312 3940 3406 3992 ἐπὶ
3455 3940 3555 4010 τῆς

1961 4022 2066 4093 γῆς
2096 4062 2111 4085 .
2167 4021 2322 4076 αὐτοὶ
2380 4022 2430 4075 οἱ
2492 4020 2720 4091 πονηροὶ
2783 4019 3036 4091 δαίμονες
3086 4022 3137 4074 οἱ
3202 4021 3552 4093 ἡττηθέντες.

1976 4105 2196 4177 Ἐπειδὴ
2227 4102 2320 4159 οὖν
2348 4105 2617 4175 τοσαύτης
2638 4104 3029 4174 ἀπελαύσαμεν
3053 4104 3261 4176 δωρεᾶς
3280 4147 3296 4171 ,
3328 4102 3593 4170 tauro-3;“

1964 4189 2106 4243 κατά
2135 4189 2363 4260 δύναμιν
2396 4191 2579 4256 ἀξίους
2634 4187 2991 4258 ἐπιδείξωμεν
3022 4186 3132 4243 τῶν
3184 4189 3555 4262 ὑπηργμένων

1963 4274 2096 4345 ἡμῖν
2117 4272 2357 4341 ἀγαθῶν,
2392 4272 2480 4327 ἵνα
2507 4271 2722 4341 καὶτῆς
2744 4269 3023 4341 βασιλείας
3052 4270 3162 4324 τῶν
3181 4272 3429 4342 οὐρανῶν
3455 4273 3554 4325 τύ-

1964 4374 2186 4427 χωμεν,
2227 4355 2410 4427 χάριτι
2442 4354 2955 4425 καὶηφιλανθρωπίᾳ
3005 4352 3101 4407 τοῦ
3142 4353 3349 4423 Κυρίου
3394 4354 3555 4427 ἡμῶν

1978 4438 2155 4510 Ἰησοῦ
2186 4438 2445 4509 Χριστοῦ,
2480 4437 2547 4491 δι’
2576 4431 2639 4491 οῦ
2668 4435 2763 4489 καὶ
2790 4435 2907 4506 μεθ’
2938 4431 2999 4490 οὗ
3029 4434 3107 4505 τῷ
3137 4436 3315 4507 Πατρὶ
3338 4436 3456 4508 ἅμα
3479 4436 3557 4508 τῷ

1964 4523 2107 4595 ἁγίῳ
2128 4521 2406 4593 Πνεύματι
2441 4521 2591 4586 δόξα,
2618 4520 2786 4595 τιμὴ,
2824 4522 3058 4593 κράτος,
3086 4522 3168 4586 είς
3203 4524 3331 4587 τοὺς
3355 4522 3557 4587 αἰῶνας

1965 4606 2074 4661 τῶν
2101 4605 2331 4661 αἰώνων.
2369 4605 2562 4677 Ἀμήν.

1475 5060 2001 5099 -υ-ι--ιοσιοο
2014 5069 2231 5094 αρ’-’⁸⁸⁵
2240 5068 2354 5082 ⁸⁸⁵⁸⁵⁵
