4164 6324
1079 347 1165 401 DE
1213 342 1441 401 CRECE
1489 340 1576 397 ET
1625 338 1948 396 LATRONE
1987 335 2218 392 HOMIL
2264 337 2302 389 l.
2346 367 2413 376 -—-
2453 331 2792 388 MONITUM.

3475 335 3583 392 ωο

1770 666 2173 730 ΜΟΝΙΤΗΜ.

380 892 785 952 Αάγει-ιοηιιύυι
827 897 1007 942 autem
1052 891 1156 947 est,
1209 884 1332 939 licet
1362 884 1416 937 in
1467 882 1770 952 posteriore
1798 882 1964 946 dicat,
1999 881 2126 946 Qua:
2171 882 2280 934 heri
2328 883 2526 947 monui,
2563 883 2865 937 earumdem
2904 895 2952 938 et
2988 903 3126 939 nunc
3155 890 3583 960 commonefacit).

312 1008 418 1046 non
472 986 684 1043 excludi
743 995 922 1036 tamen
959 995 1142 1049 parem
1191 977 1627 1044 praecedentibus
1660 977 1853 1034 diebus
1899 977 2140 1031 habitam
2170 978 2620 1031 admonitionem.
2650 979 2786 1032 Nam
2837 980 2892 1033 in
2924 980 3135 1036 duabus
3165 983 3232 1037 de
3272 983 3588 1040 Proditioue

310 1077 460 1133 Judze
485 1075 858 1134 concionibus,
882 1088 1023 1141 quae,
1059 1069 1132 1124 uti
1165 1079 1373 1123 certum
1407 1068 1637 1132 videtur,
1670 1067 1832 1122 hasce
1862 1069 1998 1122 duas
2023 1068 2090 1121 de
2115 1067 2288 1120 Cruce
2315 1077 2368 1121 et
2407 1067 2638 1121 Latrone
2676 1084 2786 1123 uno
2815 1077 3023 1123 tantum
3052 1071 3139 1126 die
3166 1087 3586 1142 praecesserunt,

314 1171 392 1225 sic
422 1170 657 1241 loquitur
684 1165 834 1239 [403]
857 1165 1276 1234 Chrysostomus
1305 1183 1317 1215 :
1350 1163 1473 1216 Ideo
1495 1170 1688 1231 quarta
1721 1161 1835 1228 jam
1863 1162 1951 1214 die
1994 1161 2139 1229 apud
2166 1177 2253 1213 vos
2284 1177 2574 1213 sermonem
2616 1161 2778 1214 habeo
2813 1162 2876 1215 de
2915 1162 3172 1227 Oratione
3202 1182 3298 1233 pro
3339 1153 3593 1225 inimicis.»

314 1263 406 1320 Ha:
434 1278 597 1332 porro
621 1263 740 1316 duae
778 1258 1070 1313 conciones
1097 1256 1281 1311 eadem
1313 1266 1626 1311 recurrente
1667 1255 1820 1310 Feria
1852 1256 2038 1325 quinta
2070 1255 2125 1308 in
2148 1253 2316 1308 C(ena
2349 1252 2581 1319 Domini,
2621 1256 2716 1309 sed
2743 1255 2976 1310 diversis
3002 1257 3180 1323 annis,
3210 1258 3408 1315 habita:
3437 1271 3588 1328 sunt,

316 1363 374 1408 ut
427 1354 664 1408 diximus
693 1350 748 1403 in
777 1347 981 1402 Monito
1022 1347 1222 1400 ibidem
1253 1364 1265 1398 :
1298 1347 1354 1399 in
1396 1355 1624 1415 utraque
1653 1337 1803 1409 vero,
1845 1355 2036 1414 quarta
2062 1345 2173 1414 jam
2203 1345 2511 1398 adhortatio
2541 1345 2607 1399 ad
2638 1345 2903 1400 orandum
2935 1363 3034 1417 pro
3060 1348 3316 1413 inimicis,
3349 1353 3403 1406 in
3439 1353 3590 1411 hisce

316 1457 498 1503 autem
549 1446 761 1501 duabus
798 1444 989 1513 quinta
1048 1442 1471 1507 numerabatur;
1521 1440 1628 1494 nisi
1691 1439 1919 1494 fortasse
1967 1440 2089 1508 quis
2135 1440 2333 1494 dixerit
2375 1441 2756 1510 posteriorem,
2812 1442 2866 1495 in
2915 1459 3019 1513 qua
3072 1445 3330 1502 hesterna
3380 1459 3589 1505 tantum

316 1540 619 1595 adhortatio
668 1544 1021 1597 memoratur,
1079 1544 1330 1589 neutram
1376 1551 1440 1588 ex
1481 1531 1714 1595 duabus,
1746 1547 1867 1599 qua:
1897 1541 2212 1602 supersunt,
2241 1532 2308 1586 de
2337 1531 2650 1586 Proditione
2683 1532 2834 1589 JlldiB
2865 1535 3142 1588 homiliam
3175 1540 3328 1609 sequi
3361 1541 3587 1606 debere,

316 1633 412 1691 sed
445 1633 499 1685 in
545 1631 706 1684 alium
748 1645 950 1683 annum
992 1643 1111 1682 esse
1142 1628 1532 1696 conjiciendum
1579 1646 1808 1684 :verum
1844 1630 1893 1683 id
1932 1640 2031 1697 pro
2078 1634 2227 1680 certo
2266 1633 2504 1679 statuere
2543 1641 2651 1678 non
2701 1628 2895 1682 ausim.
2939 1629 3013 1683 De
3050 1640 3296 1700 tempore
3338 1642 3394 1686 et
3422 1649 3587 1702 anno,

316 1740 424 1794 quo
460 1723 657 1776 habitae
704 1732 831 1775 sunt
869 1722 953 1775 lue
1004 1721 1124 1774 dua:
1169 1722 1479 1782 conciones,
1530 1722 1652 1775 vide
1698 1723 1752 1775 in
1802 1721 2005 1774 Monito
2048 1718 2115 1774 ad
2164 1717 2423 1771 llomilias
2467 1717 2533 1771 de
2567 1717 2878 1774 Proditionc
2907 1721 3080 1776 Judtc.

390 1814 590 1868 Prioris
623 1813 858 1867 homilize
898 1811 1400 1880 interpretationem
1434 1813 1679 1866 Latinam
1709 1813 2122 1875 adornavimus;
2154 1810 2465 1879 posterioris
2499 1826 2626 1863 vero
2666 1828 2694 1864 a
2733 1812 2988 1870 Gretsero
3019 1814 3219 1870 editam
3252 1818 3579 1888 versionem,

318 1909 414 1964 sed
456 1907 818 1971 emendatam,
870 1905 1080 1960 damus.

1845 2203 2228 2215 .————.——_.—q

306 2299 581 2344 HOMIUA
627 2299 691 2340 IN
736 2299 990 2342 CBUCEM
1041 2299 1117 2340 ΕΤ
1161 2299 1222 2341 ΙΝ
1295 2300 1634 2343 ιΑΤκοΝΕΜ
1683 2303 1697 2341 ε

3267 2198 3597 2211 _—-——_———

1745 2301 1904 2344 ITEM
1948 2300 2031 2341 DE
2076 2297 2364 2342 SECUNDO
2406 2296 2658 2340 CHRISTI
2703 2295 3030 2349 ADVENTU,
3079 2295 3158 2335 ΕΤ
3229 2293 3399 2346 QUOD
3444 2292 3599 2334 πειηο

1298 2401 1591 2452 QUENTER
1635 2402 1734 2444 su'
1761 2401 2069 2443 omnem:
2114 2399 2235 2441 Pno
2282 2398 2551 2441 lNlMlClS
2599 2382 2640 2438 ³.

1596 2547 1638 2557 .-

1641 2549 1872 2560 ι--ῄ

765 2591 991 2632 HOIILIA
1024 2590 1062 2636 Ι.

373 2656 577 2722 Quanta
599 2656 748 2710 nobis
775 2658 905 2710 bona
933 2673 1059 2710 crux
1095 2656 1277 2722 afferat
1301 2674 1321 2722 ;
1350 2657 1511 2726 quivis
1543 2659 1684 2712 locus
1711 2674 1893 2729 preca-

299 2749 425 2802 tioni
462 2759 630 2818 aptus.
653 2778 722 2789 —-
750 2747 918 2802 Hodie
950 2747 1204 2803 Dominus
1238 2758 1420 2803 noster
1448 2748 1602 2804 Jesus
1648 2747 1893 2804 Christus

299 2841 352 2895 in
376 2855 556 2905 cruce,
586 2849 639 2895 et
669 2856 766 2894 nos
789 2841 980 2894 festum
1008 2841 1233 2909 agimus,
1260 2849 1316 2894 ut
1337 2839 1513 2894 discas
1534 2854 1748 2893 crucem
1772 2855 1893 2895 esse

300 2931 497 2986 festum
548 2941 601 2985 et
648 2931 1014 2986 celebritatem
1065 2931 1418 3000 spiritualem.
1459 2931 1700 2987 Antehac
1746 2933 1890 2986 cnim

295 3037 431 3077 crux
468 3038 665 3076 nomen
693 3034 808 3078 erat
846 3023 1234 3089 damnationis,
1262 3037 1404 3078 nunc
1433 3038 1560 3077 vero
1603 3038 1689 3078 res
1721 3023 1889 3078 bono-

297 3115 483 3170 rabilis
509 3115 693 3170 eﬁ‘ecta
721 3127 804 3170 est
831 3133 844 3168 :
879 3116 1026 3185 prius
1055 3115 1358 3187 symbolum
1396 3115 1890 3183 condemnationis,

296 3222 441 3262 nunc
459 3217 832 3277 argumentum
862 3209 1067 3263 salutis.
1095 3208 1218 3262 llaec
1234 3208 1380 3262 enim
1406 3209 1561 3263 nobis
1589 3208 1894 3262 innumera-

296 3298 482 3352 bilium
525 3298 784 3353 bonorum
829 3314 988 3354 causa
1032 3299 1219 3354 eﬁecta
1248 3310 1332 3355 est
1365 3315 1376 3352 :
1411 3297 1527 3355 haec
1567 3313 1666 3354 nos
1701 3300 1769 3353 ab
1808 3314 1895 3353 er-

298 3405 423 3444 rore
451 3390 717 3453 liberavit,
749 3389 880 3444 haec
927 3391 978 3444 in
1025 3390 1263 3445 tenebris
1307 3392 1510 3459 positos
1551 3390 1890 3455 illuminavit,

296 3483 414 3539 haec
437 3484 548 3554 jam
579 3483 907 3548 debellatos,
935 3500 1057 3539 cum
1108 3484 1216 3539 Deo
1261 3484 1643 3551 reconciliavit,
1688 3484 1894 3538 abalie-

295 3586 456 3629 natos
503 3574 827 3629 domesticos
874 3575 1079 3642 eﬁ'ecit,
1136 3575 1320 3643 procul
1369 3575 1570 3643 positos
1619 3576 1894 3645 proximos

298 3668 576 3723 constituit
606 3686 618 3720 :
652 3669 768 3722 haec
800 3668 1090 3722 inimicitia:
1115 3668 1424 3733 destructio,
1458 3668 1604 3738 pacis
1631 3679 1889 3732 tutamen,

297 3767 674 3815 sescentorum
721 3760 983 3814 bonorum
1027 3759 1332 3814 thesaurus.
1363 3759 1588 3829 Propter
1620 3776 1738 3815 eam
1785 3776 1891 3814 non

299 3851 438 3906 ultra
468 3851 521 3904 iu
551 3849 778 3905 desertis
807 3865 1094 3920 vagamur;
1136 3865 1319 3906 veram
1353 3850 1550 3921 quippe
1576 3852 1713 3906 viam
1743 3851 1893 3906 novi-

297 3955 420 3995 mus
453 3957 465 3994 :
500 3954 610 3994 non
650 3940 880 4010 amplius
921 3950 1070 3996 extra
1105 3942 1305 4011 regiam
1351 3941 1628 4010 degimus;
1674 3942 1892 4010 januam

298 4031 444 4086 enim
474 4030 771 4086 invenimus
808 4048 819 4082 :
851 4047 955 4085 non
1003 4032 1253 4086 timemus
1301 4030 1462 4101 ignita
1513 4031 1710 4087 diaboli
1754 4033 1889 4100 tela,

297 4121 501 4178 fontem
530 4123 795 4194 siquidem
843 4124 1093 4179 vidimus.
1123 4124 1225 4179 Per
1264 4140 1479 4180 crucem
1525 4141 1632 4180 non
1662 4127 1892 4195 amplius

298 4213 352 4267 in
384 4213 641 4268 viduitate
665 4229 889 4280 sumus;
923 4229 1178 4283 sponsum
1217 4215 1360 4270 enim
1405 4216 1706 4286 recepimus
1741 4235 1753 4270 :
1784 4232 1890 4271 non

299 4304 553 4360 timemus
577 4307 792 4375 lupum;
823 4305 1021 4361 bonum
1053 4308 1250 4376 quippe
1281 4317 1546 4376 pastorem
1586 4308 1846 4364 habemus
1876 4328 1890 4364 :

300 4412 423 4452 nam
445 4437 462 4463 ,
498 4396 608 4470 Ego
636 4414 768 4462 sum,
801 4399 994 4468 inquit,
1026 4409 1199 4468 pastor
1238 4399 1397 4452 bonus
1427 4397 1605 4470 (Joan.
1642 4400 1737 4455 10.
1774 4402 1888 4470 Η).

297 4486 405 4542 Per
431 4486 569 4542 hanc
604 4498 885 4559 tyrannum
928 4504 1034 4542 non
1075 4488 1564 4558 perhorrescimus;
1590 4489 1724 4559 Regi
1747 4491 1890 4546 enim

299 4579 600 4635 sssidemus
629 4598 642 4635 :
670 4588 726 4634 et
754 4581 875 4636 ideo
905 4580 1096 4635 festum
1124 4582 1351 4652 agimus,
1375 4583 1550 4637 crucis
1579 4584 1890 4638 memoriam

299 4673 656 4729 celebrantes.
699 4672 775 4726 lta
806 4682 861 4728 et
885 4672 1082 4728 Paulus
1117 4672 1278 4742 jussit
1314 4688 1409 4742 per
1442 4689 1657 4729 crucem
1699 4674 1890 4729 festum

299 4779 461 4836 agere
491 4781 506 4819 :
537 4762 746 4818 Festum
781 4780 1012 4834 agamus,
1044 4765 1246 4832 inquit,
1293 4782 1393 4818 non
1434 4765 1488 4819 in
1532 4765 1777 4835 fermento
1809 4782 1891 4820 ve-

300 4857 418 4921 teri,
441 4857 530 4910 sed
545 4858 598 4910 in
618 4858 808 4927 azymis
835 4855 1134 4911 sinceritatis
1159 4867 1207 4911 et
1235 4860 1456 4912 ueritatis
1478 4859 1553 4930 (i.
1577 4847 1695 4914 Cor.
1721 4861 1774 4914 5.
1809 4859 1888 4929 8).

305 4948 514 5003 Deinde
549 4961 764 5004 causam
809 4947 1099 5017 adjiciens,
1126 4948 1215 5002 ita
1257 4951 1471 5018 pergit:
1516 4949 1648 5018 Quia
1691 4949 1893 5005 Pascha

301 5049 532 5092 nostrum
562 5055 654 5110 pro
684 5039 827 5093 nobis
852 5039 1141 5094 immolatus
1163 5050 1238 5094 est
1265 5039 1515 5095 Christus.
1553 5041 1737 5097 Viden‘
1759 5057 1892 5112 quo-

303 5128 467 5184 modo
494 5145 590 5198 per
614 5145 828 5185 crucem
877 5129 1068 5184 festum
1111 5145 1268 5200 agere
1309 5131 1614 5199 prmeipiat?
1641 5133 1692 5186 in
1731 5148 1892 5188 cruce

305 5238 535 5292 namque
576 5223 881 5277 immolatus
906 5233 989 5278 est
1017 5222 1279 5277 Christus.
1310 5222 1408 5279 Ubi
1450 5240 1680 5294 namque
1719 5225 1888 5279 sacri-

305 5312 507 5376 ﬁcium,
539 5312 610 5366 ibi
639 5322 978 5380 peccatorum
1006 5313 1245 5378 abolitio,
1278 5314 1349 5368 ibi
1381 5315 1745 5370 reconciliatio
1771 5333 1891 5371 cum

308 5405 558 5469 Domino,
604 5406 670 5458 ibi
713 5405 905 5459 festum
948 5413 1003 5458 et
1048 5405 1246 5460 lintilia.
1284 5406 1486 5460 Pascha
1529 5417 1755 5460 nostrum
1801 5425 1891 5476 pro

305 5498 447 5551 nobis
475 5498 762 5552 immolatus
791 5508 860 5552 est
890 5495 1138 5552 Christus.
1171 5497 1292 5563 Ubi,
1328 5499 1892 5568 quteso,immolatus?

215 5632 218 5634 .
307 5590 363 5645 in
394 5590 609 5645 excelso
656 5590 912 5660 patibulo.
957 5589 1163 5644 Novum
1208 5590 1376 5646 altare
1421 5589 1578 5660 hujus
1619 5592 1886 5659 sacriﬁcii,

372 5726 390 5759 ι
427 5723 612 5788 Adiecit
643 5722 806 5785 εειτῦ..
829 5724 994 5776 habita
1013 5732 1084 5778 est
1107 5724 1161 5776 in
1180 5732 1348 5779 sancta
1366 5734 1413 5780 et
1434 5739 1610 5793 magna
1639 5728 1719 5780 die
1740 5737 1891 5783 Para-

306 5801 358 5841 δι’
358 5801 386 5839 ε
387 5798 484 5840 1⁸88-

632 5873 904 5934 Puncta
954 5872 1069 5934 Gn.
1113 5872 1165 5931 Χ
1185 5871 1249 5931 Ll
1265 5874 1338 5934 Χ.

1877 2523 2036 2579 (seu)

2048 2543 2327 2554 —_—————

2002 2658 2126 2727 quia
2175 2657 2350 2727 ipsum
2406 2653 2726 2713 sacriﬁcium
2773 2668 2968 2708 novum
3014 2652 3442 2722 stupendumque
3491 2661 3592 2706 est.

2003 2747 2148 2802 ldem
2175 2747 2373 2817 quippe
2403 2755 2457 2801 et
2480 2745 2801 2801 sacriﬁcium
2833 2755 2886 2800 et
2907 2745 3160 2800 sacerdos
3199 2754 3314 2800 erat
3345 2763 3357 2798 :
3387 2745 3594 2799 sacriﬁ-

1999 2840 2141 2894 cium
2185 2839 2480 2895 secundum
2525 2854 2779 2905 carnem,
2809 2839 3062 2894 sacerdos
3102 2839 3394 2894 secundum
3434 2839 3598 2908 spiri-

2003 2939 2113 2984 tum
2146 2949 2159 2984 :
2194 2931 2334 2985 idem
2362 2940 2413 2985 et
2444 2931 2724 2995 oti'erebat,
2753 2939 2810 2986 et
2837 2932 3132 2986 secundum
3159 2945 3376 2985 carnem
3404 2930 3598 2987 ol'l'erc—

2000 3021 2174 3075 batur.
2208 3021 2344 3076 Audi
2365 3021 2634 3092 quomodo
2661 3021 2777 3077 haec
2801 3022 2960 3076 ambo
2981 3022 3178 3076 Paulus
3201 3021 3552 3077 declaraverit
3582 3039 3595 3076 :

2004 3111 2184 3165 Omnis
2212 3110 2488 3183 Pontifex,
2518 3112 2719 3182 inquit,
2747 3129 2810 3167 ea:
2837 3112 3123 3166 hominibus
3152 3122 3473 3182 assumptus,
3506 3129 3599 3181 pro

2001 3205 2289 3260 hominibus
2341 3206 2702 3270 constituitur;
2752 3204 2887 3259 unde
2940 3220 3138 3259 necesse
3189 3213 3263 3258 est
3310 3215 3365 3261 ut
3419 3205 3600 3257 habeat

2001 3298 2297 3369 quidpiam,
2333 3299 2470 3368 quod
2510 3297 2713 3364 offerat.
2768 3295 2902 3350 Ecce
2940 3298 3049 3367 ipse
3084 3296 3233 3363 oﬂ'ert
3275 3298 3600 3366 semetipsum

2003 3389 2188 3461 (Hebr.
2219 3391 2271 3446 5.
2309 3391 2332 3445 1
2360 3408 2378 3455 ;
2407 3399 2452 3443 et
2479 3390 2530 3445 8.
2555 3390 2632 3461 5).
2659 3389 2800 3444 Alibi
2831 3405 2962 3445 vero
2982 3389 3111 3444 dicit
3141 3406 3156 3444 :
3190 3388 3418 3444 Christus
3446 3388 3599 3443 semet

2001 3481 2199 3536 oblatus
2225 3483 2292 3535 ad
2333 3469 2608 3536 multorum
2645 3481 2926 3552 auferenda
2955 3489 3190 3552 peccata,
3221 3483 3485 3551 apparebit
3510 3497 3600 3536 ea:-

1999 3576 2338 3644 spectantibus
2389 3592 2442 3628 se
2484 3576 2537 3629 in
2589 3573 2819 3628 salutem
2846 3568 3035 3642 (Hebr.
3075 3571 3129 3627 9.
3159 3572 3274 3646 28).
3303 3571 3444 3631 Ecce
3510 3573 3599 3628 hic.

2000 3668 2211 3722 oblatus
2256 3677 2359 3734 θεοί,
2419 3668 2528 3722 illic
2571 3683 2704 3723 vero
2751 3669 3101 3737 semetipsum
3146 3666 3356 3721 obtulit.
3409 3665 3598 3721 Viden‘

1999 3760 2274 3830 quomodo
2293 3769 2346 3814 et
2372 3759 2700 3814 sacriﬁcium
2724 3769 2778 3814 et
2805 3758 3056 3814 sacerdos
3075 3757 3246 3813 factus
3273 3759 3360 3824 sit,
3387 3768 3440 3814 et
3464 3773 3594 3814 crux

1999 3852 2168 3906 altare
2197 3853 2397 3906 fuerit?
2425 3852 2494 3907 Et
2527 3867 2644 3916 cur,
2675 3852 2914 3922 inquies,
2943 3865 3050 3906 non
3098 3851 3150 3905 in
3192 3852 3391 3921 templo
3421 3851 3594 3906 hostia

1999 3939 2239 4007 offertur,
2268 3941 2364 3997 scd
2391 3953 2543 3997 extra
2575 3942 2760 3997 urbem
2806 3951 2861 3996 et
2884 3940 3121 3997 muenia?
3147 3941 3218 3996 Ut
3278 3935 3602 4007 impleretur

2001 4033 2153 4096 illud.
2170 4033 2295 4088 Cum
2311 4034 2497 4101 iniquis
2513 4042 2773 4103 reputatus
2795 4043 2865 4086 est
2884 4032 2936 4102 (Ι
2941 4034 3036 4087 sai.
3057 4032 3145 4087 53.
3166 4031 3279 4100 12).
3297 4031 3405 4085 Cur
3416 4042 3596 4085 autem

1999 4125 2053 4180 in
2082 4124 2294 4180 sublimi
2321 4124 2559 4193 patibulo
2583 4123 2877 4194 iugulatur,
2913 4139 3018 4177 non
3046 4121 3336 4178 subtecto?
3360 4121 3432 4178 Ut
3455 4123 3597 4178 aeris

2000 4226 2244 4272 naturam
2275 4225 2557 4286 purgaret;
2605 4216 2730 4271 ideo
2755 4216 2808 4270 in
2849 4216 3101 4281 sublimi,
3135 4231 3242 4273 non
3282 4216 3598 4270 imminente

1999 4316 2161 4373 tecto,
2201 4307 2298 4362 sed
2338 4307 2653 4362 imminente
2688 4307 2842 4361 caelo.
2885 4308 2994 4362 Aer
3017 4307 3215 4377 quippe
3249 4309 3594 4376 purgabatur.

1998 4415 2120 4456 cum
2137 4400 2252 4455 ovis
2283 4400 2335 4453 in
2361 4399 2574 4454 sublimi
2603 4399 3010 4463 immolaretur:
3045 4398 3371 4469 purgabatur
3393 4401 3519 4455 item
3541 4409 3599 4455 et

1998 4501 2173 4547 terra:
2204 4490 2400 4545 ﬂuebat
2421 4491 2564 4546 enim
2587 4507 2618 4546 e
2635 4490 2802 4544 latere
2822 4490 3038 4559 sanguis
3055 4491 3108 4545 in
3124 4491 3317 4560 ipsam.
3339 4489 3466 4546 ldco
3487 4505 3597 4546 non

1998 4585 2097 4641 sub
2129 4594 2289 4650 tecto,
2323 4584 2444 4638 ideo
2472 4598 2577 4638 non
2623 4582 2678 4637 in
2709 4583 2911 4653 templo
2929 4582 3181 4649 Iudaico;
3206 4600 3273 4639 ne
3293 4585 3394 4639 sibi
3423 4582 3596 4639 Judaei

1999 4677 2230 4731 hostiam
2282 4681 2706 4745 sequestrarent,
2754 4689 2891 4729 neve
2919 4684 3134 4744 putares
3174 4689 3272 4744 pro
3303 4675 3390 4729 illa
3437 4685 3597 4744 gente

2001 4778 2203 4824 tantum
2233 4767 2372 4824 hanc
2401 4767 2604 4822 oﬁ‘erri.
2647 4767 2852 4823 Idcirco
2873 4777 3023 4822 extra
3062 4767 3249 4822 urbem
3277 4776 3331 4823 et
3361 4767 3590 4832 moenia,

2000 4875 2057 4919 ut
2085 4863 2262 4918 discas
2303 4862 2606 4918 universale
2649 4861 2971 4917 sacriﬁcium
3020 4875 3163 4925 esse,
3197 4861 3319 4930 quia
3347 4876 3444 4930 pro
3472 4860 3595 4914 uoi-

1997 4974 2153 5013 versa
2182 4966 2322 5012 terra
2365 4964 2482 5011 erat
2508 4955 2746 5012 oblatio:
2786 4965 2844 5010 ut
2888 4956 3124 5011 disceres
3163 4955 3291 5008 item
3323 4954 3594 5025 purgatio-

1997 5065 2144 5116 nem,
2203 5063 2560 5111 communem,
2623 5062 2737 5102 non
2780 5046 3102 5118 peculiarem
3147 5060 3289 5109 esse,
3335 5045 3594 5116 quemad-

1998 5143 2216 5200 modum
2260 5141 2401 5211 apud
2447 5140 2681 5196 Judteos.
2737 5139 2939 5194 Judzeis
2979 5139 3122 5194 enim
3174 5138 3295 5192 ideo
3336 5138 3590 5207 praecepit

1998 5233 2139 5288 Deus
2189 5240 2246 5286 ut
2277 5232 2580 5286 universam
2621 5239 2823 5286 terram
2862 5230 3254 5299 relinquerent,
3287 5238 3340 5283 et
3385 5245 3493 5283 uno
3537 5230 3591 5283 in

1999 5323 2119 5379 loco
2148 5322 2351 5376 hostias
2375 5331 2430 5377 et
2471 5336 2657 5392 preces
2682 5321 2956 5387 oﬂerrent,
2990 5322 3112 5390 quia
3160 5330 3266 5375 tota
3298 5329 3441 5376 terra
3485 5320 3591 5375 im-

1999 5427 2134 5483 pura
2165 5421 2301 5478 erat,
2337 5411 2506 5478 fumo,
2540 5412 2728 5467 nidore
2758 5412 3084 5482 reliquisque
3109 5412 3358 5468 omnibus
3378 5413 3592 5483 gentili-

1999 5505 2193 5560 tiorum
2213 5503 2598 5560 sacriﬁciorum
2614 5503 3032 5574 inquinamentis
3044 5519 3163 5559 eam
3178 5506 3585 5574 occupantibus.

1996 5596 2162 5653 Nobis
2181 5612 2330 5662 vero,
2364 5599 2487 5668 quia
2527 5595 2771 5652 Christus
2797 5596 3010 5651 tandem
3036 5597 3258 5653 veniens
3296 5607 3464 5653 totum
3494 5613 3589 5654 or-

1996 5690 2118 5744 bem
2149 5691 2427 5760 purgavit,
2455 5690 2628 5760 quivis
2653 5691 2804 5745 locus
2841 5687 3029 5744 orandi
3061 5690 3211 5745 locus
3237 5690 3458 5746 eﬁ'ecws
3481 5704 3588 5750 est.

1998 5781 2123 5839 ideo
2149 5781 2346 5839 Paulus
2389 5781 2721 5839 conﬁdenter
2765 5780 3111 5849 hortabatur,
3140 5790 3201 5837 ut
3236 5783 3432 5854 ubique
3470 5787 3594 5843 sine

3170 5871 3248 5938 23
