4164 6324
598 325 697 384 ιοι

601 443 794 498 timore
835 454 1024 512 preces
1062 446 1472 504 emitterentur,
1519 435 1603 492 his
1633 436 1846 491 verbis:
1899 436 2021 491 Volo
2044 439 2181 492 uiros

600 549 747 588 orare
787 532 839 586 in
875 532 1013 585 omni
1051 530 1192 592 loco,
1221 530 1439 583 levantes
1481 538 1681 582 sanctas
1721 545 1901 582 manus
1945 530 2020 600 (i.
2045 527 2179 582 Tim.

596 621 657 674 2.
687 620 767 690 8).
798 620 1272 690 Videu‘quumodo
1301 630 1555 690 purgatus
1575 619 1644 673 sit
1669 619 1848 674 orbis?
1879 619 1978 674 Per
2009 619 2181 674 locum

600 711 744 766 enim
795 713 920 766 licet
962 711 1159 780 ubique
1200 710 1378 764 levare
1417 718 1628 763 sanctas
1668 723 1900 762 manus:
1931 711 2181 778 quoniam

602 804 779 858 onmis
809 813 946 858 terra
976 813 1167 857 sancta
1193 803 1380 858 effecta
1407 812 1522 869 est,
1551 813 1604 857 et
1632 803 1828 857 sanctis
1868 803 1974 856 illis
2003 805 2182 874 templi

600 890 945 948 interioribus
973 895 1230 948 Sanctior.
1260 891 1371 948 Illic
1387 893 1529 947 enim
1553 890 1878 947 oﬁ‘crebatur
1906 893 2023 948 ovis
2044 893 2184 948 irra-

600 983 894 1048 tionabilis,
927 985 1012 1039 hic
1046 999 1176 1040 vero
1202 983 1496 1054 spiritualis
1522 999 1534 1034 :
1565 989 1764 1042 quanto
1801 992 1979 1051 autem
2012 985 2184 1054 majus

599 1083 690 1130 est
708 1075 1044 1140 sacriﬁcium,
1077 1083 1228 1129 tanto
1254 1077 1457 1130 auctior
1482 1074 2185 1146 sanctiﬁcatimQuapropter

604 1179 742 1221 crux
765 1174 845 1219 est
870 1165 1176 1219 celebritas.
1361 1158 1364 1162 ’

668 1257 726 1312 2.
749 1253 838 1312 Vis
852 1257 1062 1313 discere
1077 1253 1220 1309 aliud
1240 1254 1358 1324 ejus
1384 1252 1588 1325 insigne
1613 1254 1785 1325 opus?
1811 1255 2120 1311 Paradisum
2150 1272 2182 1314 a

600 1347 881 1421 quinquies
923 1346 1070 1401 mille
1117 1353 1171 1400 et
1217 1344 1448 1413 amplius
1490 1343 1647 1399 annis
1695 1344 1976 1412 clausum,
2025 1346 2182 1402 hodie

599 1441 756 1498 nobis
780 1439 1012 1509 aperuit.
1058 1439 1169 1495 Hoc
1207 1440 1402 1509 quippe
1430 1438 1549 1506 die,
1578 1438 1680 1496 hae
1720 1441 1833 1510 ipsa
1862 1440 1991 1495 hora
2021 1441 2184 1496 latro-

597 1549 722 1589 nem
768 1547 835 1588 eo
877 1531 1173 1587 introduxit
1212 1531 1387 1596 Deus,
1435 1531 1541 1586 duo
1595 1533 1851 1600 praeclara
1895 1532 2182 1602 designans

595 1639 797 1694 opera;
826 1639 1011 1688 unum,
1035 1621 1174 1693 quod
1201 1622 1504 1692 paradisum
1526 1622 1821 1691 aperuerit,
1848 1622 2013 1690 aliud,
2035 1622 2179 1694 quod

597 1715 858 1770 latronem
901 1713 1290 1769 introduxerit.
1330 1712 1501 1767 Hodie
1526 1722 1806 1782 antequam
1833 1713 2058 1783 patriam
2088 1728 2184 1767 no-

601 1807 690 1863 bis
717 1806 986 1872 reddidit,
1019 1805 1179 1860 hodie
1207 1806 1258 1859 in
1283 1805 1504 1874 patriam
1525 1803 1794 1858 civitatem
1825 1818 1922 1858 nos
1948 1803 2179 1871 reduxit,

595 1908 652 1953 et
684 1898 957 1954 communi
1002 1897 1277 1952 hominum
1319 1904 1524 1950 natura:
1567 1895 1785 1950 domum
1827 1894 1975 1949 dedit
2016 1910 2181 1949 :nam

598 1989 787 2051 Hodie,
821 1990 1014 2058 inquit,
1043 2004 1235 2042 mecum
1262 1988 1358 2041 eris
1389 1989 1441 2040 in
1469 1987 1709 2056 paradiso
1739 1986 1891 2054 (Luc.
1933 1987 2024 2042 23.
2065 1987 2180 2056 4'5).

593 2079 735 2148 Quid
757 2080 932 2133 dicis?
966 2078 1261 2134 Cruciﬁxus
1292 2091 1350 2131 es
1390 2086 1445 2132 et
1491 2077 1654 2132 clavis
1694 2076 1884 2131 afﬁxus
1908 2116 1925 2142 ,
1949 2085 2003 2132 et
2029 2091 2186 2146 para-

599 2173 777 2227 disum
807 2169 1114 2241 polliceris?
1142 2170 1337 2234 Etiam,
1370 2167 1561 2238 inquit,
1590 2177 1649 2222 ut
1670 2170 1722 2223 in
1749 2183 1908 2222 cruce
1932 2169 2181 2222 virtutem

596 2279 773 2320 meam
823 2262 1052 2317 ediscas.
1102 2261 1239 2328 Quia
1285 2261 1427 2316 enim
1470 2273 1560 2315 res
1596 2269 1711 2314 erat
1750 2258 1938 2325 tristis,
1980 2272 2050 2314 ne
2090 2272 2184 2311 na-

598 2362 733 2408 tura:
783 2353 961 2410 crucis
1003 2351 1331 2415 attenderes,
1360 2349 1452 2404 sed
1480 2349 1721 2403 cruciﬁxi
1775 2349 2023 2403 virtutem
2069 2346 2183 2402 edi-

598 2442 862 2507 sceres,in
891 2456 1046 2495 cruce
1077 2439 1178 2495 hoc
1208 2448 1482 2511 perpetrat
1510 2439 1830 2494 miraculum
1849 2480 1862 2505 ,
1893 2438 2036 2509 quod
2064 2438 2183 2507 ejus

594 2533 826 2588 maxime
869 2532 1121 2586 virtutem
1167 2531 1519 2586 demonstrat.
1560 2529 1680 2585 Non
1721 2530 1864 2585 enim
1912 2538 2183 2584 mortuum

589 2638 716 2679 cum
744 2625 1048 2691 suscitaret,
1079 2639 1186 2679 non
1215 2638 1337 2678 cum
1369 2637 1517 2677 mare
1541 2637 1605 2677 ac
1633 2629 1822 2677 ventos
1861 2622 2179 2693 increparet,

593 2733 701 2772 non
742 2731 862 2772 cum
909 2718 1184 2772 dasmonas
1231 2717 1474 2786 fugaret,
1523 2714 1621 2771 sed
1669 2713 1973 2778 cruciﬁxus,
2023 2714 2184 2769 clavis

594 2807 918 2878 perfuratus,
949 2806 1308 2872 contumeliis,
1338 2805 1531 2874 sputis,
1562 2804 1820 2859 conviciis
1840 2845 1856 2869 ,
1883 2803 2185 2874 opprobriis

594 2906 873 2964 oneratus,
905 2895 1203 2966 improbum
1236 2896 1460 2952 latronis
1485 2896 1722 2950 animum
1751 2905 1960 2951 mutare
1990 2897 2181 2966 potuit,

595 2999 654 3043 ut
678 2990 946 3059 utrimque
976 2990 1247 3053 virtutem,
1271 2988 1387 3058 ejus
1407 2987 1590 3043 videas
1616 3002 1633 3041 :
1661 2997 1960 3043 creaturam
1989 2988 2185 3059 quippe

598 3088 764 3134 totam
805 3081 1126 3146 commovit,
1161 3089 1338 3148 petras
1381 3078 1559 3147 scidit,
1590 3087 1741 3148 petra
1783 3079 2054 3135 duriorem
2101 3079 2184 3135 la-

594 3173 770 3229 tronis
795 3173 1028 3226 animam
1062 3171 1280 3225 attraxit
1305 3181 1359 3227 et
1385 3170 1706 3226 honoravit:
1731 3186 1854 3225 nam
1885 3171 1980 3237 ait,
2017 3169 2186 3227 Hodie

598 3278 791 3319 meum
819 3264 918 3316 eris
955 3263 1006 3316 in
1034 3261 1295 3333 paradiso.
1343 3262 1503 3332 Atqui
1548 3261 1838 3318 Cherubini
1881 3263 2183 3332 paradisum

597 3352 885 3407 servabant
908 3369 923 3417 ;
947 3367 1132 3406 verum
1152 3351 1237 3407 hic
1255 3352 1676 3407 Cherubinorum
1699 3353 1858 3408 etiam
1889 3353 2180 3410 Dominus:

593 3451 680 3498 est
728 3443 1009 3498 ﬂammeus
1054 3442 1264 3513 gladius
1315 3443 1383 3497 ibi
1438 3442 1700 3508 volvitur;
1749 3458 1935 3498 verum
1979 3445 2092 3512 ipse
2131 3451 2185 3500 et

597 3533 827 3589 ﬂamma:
872 3542 928 3588 et
971 3534 1253 3604 gehennae,
1294 3542 1351 3589 et
1381 3533 1504 3588 vita:
1543 3541 1598 3589 et
1638 3535 1826 3590 mortis
1865 3544 2182 3604 potestatem

595 3622 780 3679 habet.
812 3624 969 3694 Atqui
1011 3640 1102 3678 rex
1134 3624 1314 3679 nullus
1340 3640 1591 3695 umquam
1642 3626 1874 3694 patiatur
1921 3628 2184 3682 latronem

595 3716 1014 3788 hominem,uvel
1043 3717 1206 3772 alium
1233 3718 1538 3788 quempiam
1559 3734 1625 3773 ex
1652 3717 1865 3774 famulis
1892 3735 2074 3776 secum
2101 3736 2186 3777 se-

596 3809 814 3865 dentem
849 3810 1189 3881 introducere
1219 3812 1271 3865 in
1318 3812 1530 3867 urbem.
1575 3809 1770 3867 Veruin
1809 3813 2056 3868 Christus
2086 3815 2187 3869 hoc

597 3897 746 3966 fecit,
779 3899 938 3969 inque
958 3914 1165 3956 sacram
1194 3901 1422 3970 patriam
1450 3901 1776 3971 ingrediens,
1805 3918 1986 3959 secum
2015 3903 2186 3959 furem

597 3989 911 4056 introducit,
950 4005 1056 4044 non
1104 3991 1409 4059 paradisum
1453 3992 1775 4047 conculcans
1801 4032 1817 4058 ,
1871 4009 2044 4060 neque
2090 4009 2186 4064 pe-

596 4078 756 4135 dibus
808 4079 1031 4136 latronis
1083 4080 1418 4150 deturpans,
1475 4082 1584 4137 imo
1636 4083 1811 4151 potius
1855 4081 2127 4139 honorans
2168 4101 2184 4138 :

598 4169 778 4225 honor
825 4171 1020 4240 quippe
1045 4170 1274 4240 paradisi
1298 4180 1379 4225 est
1417 4172 1576 4229 talem
1622 4171 1820 4227 habere
1860 4171 2136 4228 dominum
2159 4216 2174 4240 ,

597 4261 690 4331 qui
723 4262 892 4330 possit
915 4262 1002 4317 vel
1032 4263 1202 4316 furem
1232 4263 1541 4332 voluptatis,
1570 4279 1689 4332 quae
1714 4272 1796 4319 est
1823 4265 1875 4320 in
1903 4267 2149 4335 paradiso
2168 4308 2185 4334 ,

597 4352 819 4423 dignum
849 4353 1045 4410 facere.
1077 4353 1288 4409 Etenim
1311 4369 1433 4409 cum
1462 4356 1772 4424 publicanos
1794 4366 1848 4411 et
1875 4361 2188 4414 meretrices

595 4443 974 4501 introducebat
1003 4447 1056 4500 in
1083 4461 1306 4514 regnum
1332 4447 1586 4501 caelorum
1607 4489 1622 4513 ,
1651 4463 1760 4503 non
1787 4447 2061 4516 dedecori,
2093 4450 2188 4504 sed

598 4535 792 4592 honori
822 4535 874 4591 id
898 4546 1036 4602 erat,
1067 4538 1356 4594 ostendens
1386 4537 1692 4608 hujusmodi
1737 4555 1858 4596 esse
1904 4541 2186 4597 Dominum

597 4625 751 4696 regni
802 4627 1094 4692 caelorum,
1152 4628 1241 4697 qui
1291 4630 1604 4685 meretrices
1653 4638 1709 4686 et
1756 4631 2069 4700 publicanos
2115 4635 2188 4688 ita

598 4718 924 4788 spectabiles
951 4719 1173 4783 faceret,
1207 4730 1267 4774 ut
1293 4720 1438 4789 digni
1467 4720 1778 4776 viderentur
1809 4725 1938 4778 tanti
1971 4723 2189 4779 honoris

597 4819 653 4864 et
683 4810 942 4864 muneris.
971 4809 1434 4878 Quemadmodum
1462 4811 1606 4866 enim
1635 4811 1900 4868 medicum
1929 4823 2056 4869 tunc
2077 4829 2191 4869 ma-

599 4901 745 4955 xime
785 4901 1062 4967 miramur,
1094 4917 1216 4957 cum
1259 4901 1506 4957 videmus
1532 4918 1655 4956 eum
1705 4901 1952 4960 homines
1977 4905 2189 4960 incura-

601 4991 800 5046 bilibus
827 4993 1028 5047 morbis
1058 4994 1365 5050 laborantes
1391 4995 1457 5048 ab
1490 4995 1808 5064 azgritudine
1853 4996 2105 5063 liberare,
2135 5007 2190 5052 ct

601 5084 818 5139 sanitati
862 5085 1189 5140 restituere:
1241 5085 1311 5140 ita
1352 5095 1406 5140 et
1447 5085 1717 5144 Christum
1762 5088 1942 5142 mirari
1985 5088 2189 5156 justum

603 5184 707 5237 est.
735 5190 857 5230 cum
885 5175 1199 5231 insanabilia
1226 5188 1378 5232 curat
1403 5178 1624 5233 vulnera
1644 5221 1660 5247 ,
1688 5194 1810 5235 cum
1841 5179 2184 5249 publicanum

604 5274 658 5320 ct
686 5268 1024 5321 meretricem
1065 5267 1120 5322 in
1149 5277 1352 5323 tantam
1401 5271 1680 5324 sanitatem
1721 5271 1947 5338 reducit,
1972 5281 2030 5326 ut
2059 5274 2188 5328 caelo

602 5356 749 5426 digni
783 5356 1080 5413 videantur.
1116 5359 1317 5430 Ecquid
1351 5370 1556 5416 tantum
1597 5362 1720 5417 fecit
1747 5363 1902 5429 latro,
1935 5366 2143 5435 inquies
2172 5408 2185 5429 ,

603 5457 664 5502 ut
692 5456 810 5517 post
835 5463 1047 5504 crucem
1077 5451 1384 5521 paradisum
1414 5455 1482 5506 sit
1508 5453 1774 5523 adeptus?
1805 5457 1966 5511 Visne
1995 5465 2052 5510 ut
2083 5459 2188 5509 vir-

605 5549 772 5595 tutem
801 5542 918 5611 ejus
950 5542 1180 5599 breviter
1205 5544 1616 5602 demonstrem?
1646 5548 1778 5602 Cum
1811 5549 1999 5604 Petrus
2030 5565 2190 5618 nega-

604 5632 696 5687 bat
727 5635 883 5700 mfra,
931 5643 1058 5693 tunc
1088 5637 1177 5692 ille
1202 5652 1361 5708 supra
1399 5639 1775 5694 conﬁtebatur.
1819 5640 1932 5694 Non
1972 5641 2185 5696 Petrum

603 5728 859 5787 incusans
887 5729 1002 5788 bmc
1031 5730 1173 5799 dico,
1200 5731 1373 5799 absit;
1402 5733 1495 5790 sed
1531 5732 1753 5789 latronis
1782 5734 2184 5803 magnanimita-

1340 324 1398 381 S.
1424 323 1701 383 JOANNlS
1729 326 2197 388 CllRYSOSTOill
2237 333 2558 390 ARCHIEP.
2586 333 3118 395 CONSTAN'HNOP.

3767 331 3871 388 ‘02

2292 449 2397 495 tem
2445 443 2702 499 exhibere
2749 446 2956 501 volens.
3015 441 3314 516 Discipulus
3361 446 3640 504 vilissima:
3684 448 3878 518 puellm

2292 532 2464 585 minas
2491 547 2598 586 non
2623 534 2761 600 tulit,
2796 535 2932 588 latro
2958 544 3136 590 autem
3165 535 3354 590 videns
3387 538 3642 608 populum
3663 547 3839 590 totum
3861 581 3876 602 ,

2287 619 3128 690 circumstantem,clamantem,
3157 625 3521 694 blasphemias
3558 633 3614 680 et
3653 625 3877 680 dicteria

2282 710 2632 782 jaculantem,
2665 730 2771 769 non
2803 717 3030 772 attendit
3059 717 3192 782 illis,
3222 733 3334 772 non
3356 719 3614 789 cogitavit
3640 734 3880 789 prmsen»

2287 809 2397 857 tem
2441 804 2674 859 cruciﬁxi
2727 805 3002 869 vilitatem,
3043 807 3137 862 sed
3171 809 3291 862 ﬁdei
3339 809 3508 863 oculis
3548 808 3664 864 bare
3699 810 3877 863 omnia

2288 904 2723 962 pnetercurrens,
2751 897 2928 952 missis
2950 898 3050 952 illis
3070 899 3261 953 vilibus
3282 898 3700 969 impedimentis,
3717 916 3882 971 agno-

2287 984 2362 1038 vit
2385 986 2634 1040 crelorum
2680 986 2990 1054 Dominum,
3019 999 3073 1044 et
3107 989 3173 1044 ad
3205 990 3379 1059 ipsum
3407 987 3589 1046 animo
3627 1008 3877 1062 procum-

2287 1073 2421 1131 bens
2443 1075 2690 1133 dicebat:
2721 1077 2976 1133 Memento
3016 1080 3142 1145 mei,
3177 1079 3412 1146 Domine,
3451 1099 3566 1136 cum
3599 1087 3794 1138 veneris
3827 1086 3881 1138 in

2288 1181 2500 1235 regnum
2519 1177 2657 1221 tuum
2681 1166 2833 1240 (Luc.
2855 1169 2949 1225 25.
2970 1172 3083 1243 ιε).
3104 1171 3180 1228 Ne
3195 1172 3456 1228 latronem
3486 1173 3648 1239 hunc,
3670 1190 3876 1244 quaso.

2289 1267 2779 1327 prmtercutramus,
2829 1277 3003 1332 neque
3041 1279 3139 1318 nos
3185 1264 3380 1334 pudeat
3424 1279 3548 1320 eum
3599 1265 3880 1322 doctorem

2285 1341 2559 1420 accipere,
2588 1368 2747 1423 quem
2780 1352 3039 1410 Dominus
3067 1365 3251 1410 noster
3274 1371 3383 1410 non
3407 1357 3619 1412 erubuit
3644 1357 3878 1427 primum

2287 1433 2540 1491 inducere
2570 1439 2624 1492 in
2651 1439 2954 1509 paradisum
2986 1457 2999 1493 :
3034 1456 3101 1495 ne
3139 1441 3523 1497 erubescamus
3565 1444 3879 1512 magistrum

2286 1529 2532 1598 accipere
2578 1545 2732 1596 eum,
2759 1533 2844 1600 qui
2885 1541 3011 1587 ante
3049 1533 3350 1588 universam
3397 1544 3636 1588 naturam
3684 1533 3881 1601 dignus

2285 1623 2533 1690 apparuit
2568 1624 2989 1678 conversationis
3034 1624 3172 1694 ejus,
3200 1640 3320 1694 qua:
3361 1625 3412 1678 in
3443 1625 3588 1680 caelis
3624 1635 3708 1679 est
3737 1642 3753 1679 :
3785 1625 3879 1679 scd

2285 1712 2490 1783 singula
2520 1724 2765 1769 accurate
2791 1717 3141 1780 excutiamus,
3170 1725 3227 1771 ut
3277 1718 3455 1773 erucis
3493 1719 3748 1772 virtutem
3792 1718 3878 1772 di-

2284 1815 2520 1857 scamus.
2567 1803 2682 1858 Non
2721 1804 2852 1860 dixit
2891 1807 2973 1869 ei,
2997 1806 3439 1876 quemadmodum
3479 1807 3638 1864 Petro
3677 1825 3693 1863 :
3751 1807 3882 1862 Veni

2281 1903 2397 1963 post
2409 1911 2506 1960 me,
2526 1904 2574 1949 et
2589 1895 2773 1963 faciant
2792 1906 2839 1950 te
2855 1897 3152 1966 piscatorem
3166 1898 3422 1951 hominum
3441 1897 3653 1968 (Matth.
3672 1899 3726 1952 4.
3747 1899 3840 1969 19)
3863 1918 3878 1954 :

2282 1999 2393 2040 non
2434 1985 2566 2040 dixit
2608 1987 2680 2053 ei,
2726 1997 2785 2041 ut
2821 1996 2875 2042 et
2918 1988 3023 2041 illis
3069 1987 3374 2052 duodecim,
3422 1989 3674 2043 Sedebitis
3722 2006 3880 2059 super

2288 2073 2493 2128 thronos
2537 2075 2803 2128 duodecim
2848 2077 3138 2147 judicantes
3187 2077 3456 2132 duodecim
3502 2078 3663 2132 tribus
3711 2076 3882 2133 Israel

2288 2159 2508 2234 (Matth.
2539 2157 2976 2230 l9.28):imone
2995 2162 3161 2216 verbo
3210 2167 3425 2237 quidem
3469 2166 3642 2237 ipsum
3695 2168 3884 2238 digna-

2286 2261 2372 2307 tus
2417 2262 2500 2308 εει
2531 2270 2546 2306 ζ
2578 2269 2683 2308 non
2744 2255 3064 2310 miraculum
3102 2256 3336 2310 ostendit
3376 2295 3394 2320 ,
3448 2270 3553 2310 non
3596 2270 3878 2313 mortuum

2286 2344 2378 2401 ille
2404 2347 2716 2401 suscitatum
2751 2346 2907 2411 vidit,
2938 2363 3042 2402 non
3079 2348 3263 2416 pulsos
3289 2348 3579 2412 daemonas,
3609 2364 3715 2404 non
3750 2351 3882 2406 obe-

2285 2435 2442 2492 diens
2468 2452 2616 2493 mare
2649 2437 2817 2493 vidit:
2851 2453 2958 2493 non
2989 2438 3135 2491 illum
3167 2437 3235 2493 de
3261 2453 3428 2508 regno
3450 2438 3706 2493 calorum
3738 2441 3878 2494 allo-

2285 2537 2484 2597 quutus
2509 2537 2611 2594 est,
2644 2543 2752 2583 non
2780 2527 2849 2583 de
2874 2529 3150 2598 gehenna;
3182 2539 3236 2583 et
3265 2537 3440 2583 tamen
3481 2529 3568 2584 ille
3600 2540 3728 2584 ante
3757 2545 3881 2585 om-

2286 2632 2386 2674 nes
2424 2619 2596 2687 ipsum
2646 2617 2925 2674 confessus
2968 2627 3072 2686 est,
3103 2619 3260 2689 idque
3308 2619 3455 2673 socio
3496 2619 3879 2676 conviciante:

2287 2711 2685 2766 conviciabatur
2721 2713 2864 2766 enim
2891 2712 2940 2767 ei
2967 2713 3103 2766 latro
3139 2714 3294 2767 alter.
3327 2712 3538 2767 Etenim
3578 2713 3717 2769 alius
3747 2729 3882 2784 quo-

2287 2816 2392 2872 que
2420 2800 2556 2856 latro
2583 2801 2873 2857 cruciﬁxus
2899 2816 3019 2856 cum
3047 2816 3115 2857 eo
3139 2811 3274 2864 erat.
3306 2813 3362 2857 ut
3386 2803 3700 2873 impleretur
3720 2803 3878 2869 illud,

2289 2889 2433 2946 Inter
2477 2893 2677 2961 iniquos
2717 2902 2974 2962 reputatus
3016 2901 3090 2948 est
3128 2891 3279 2962 (Isai.
3323 2894 3416 2949 53.
3462 2894 3572 2964 i2).
3614 2894 3883 2950 Volebam

2287 2984 2431 3040 enim
2469 2985 2693 3056 gloriam
2723 2989 2839 3054 ejus
2877 2986 3164 3040 obscurare
3205 2985 3395 3051 Judaei,
3428 2994 3486 3040 et
3523 2985 3883 3056 undequaque

2287 3075 2386 3142 iis,
2436 3093 2556 3148 quae
2617 3078 2940 3148 agebantur,
2995 3078 3357 3144 insultabant;
3413 3094 3600 3134 verum
3645 3079 3883 3151 undique

2287 3170 2484 3224 veritas
2545 3169 2827 3238 fulgebat,
2892 3178 2948 3224 et
3016 3184 3111 3240 per
3173 3171 3286 3239 ipsa
3341 3169 3723 3239 impedimenta
3785 3184 3885 3224 au-

2287 3260 2527 3331 gebatur.
2592 3260 3002 3317 Conviciabatur
3053 3275 3180 3330 ergo
3237 3261 3286 3316 ei
3373 3261 3511 3315 latro
3562 3262 3722 3316 alter.
3792 3261 3887 3316 Vi-

2287 3350 2709 3415 den’latronem,
2746 3362 2799 3407 et
2844 3351 3144 3406 latronem?
3184 3351 3343 3407 ambo
3385 3351 3438 3405 in
3485 3366 3673 3416 cruce,
3719 3352 3884 3408 ambo

2288 3457 2354 3497 ex
2384 3444 2488 3497 vita
2527 3442 2865 3513 prmdatoria,
2895 3443 3054 3497 ambo
3073 3457 3104 3495 a
3135 3442 3404 3512 nequitia;
3435 3441 3528 3496 sed
3577 3457 3682 3496 non
3718 3442 3885 3498 ambo

2288 3533 2342 3589 in
2372 3533 2559 3588 iisdem
2585 3552 2599 3586 :
2627 3533 2764 3588 alius
2808 3533 2949 3588 enim
2981 3548 3204 3602 regnum
3241 3533 3495 3586 caelorum
3532 3532 3584 3586 in
3611 3530 3888 3587 heredita-

2289 3631 2397 3678 tem
2426 3624 2668 3693 aceepit,
2699 3623 2834 3677 alius
2861 3623 2913 3675 in
2942 3622 3243 3692 gehennam
3284 3623 3481 3676 missus
3524 3633 3628 3678 est.
3673 3620 3885 3678 Eodem

2289 3715 2449 3770 modo
2476 3723 2529 3769 et
2551 3714 2800 3770 hesterna
2830 3713 2915 3769 die
2951 3714 3194 3783 discipuli
3229 3713 3612 3781 etdiscipulus,
3642 3713 3813 3768 Judas
3830 3723 3884 3769 et

2290 3805 2571 3871 undecim;
2601 3805 2695 3859 sed
2735 3805 2809 3858 illi
2841 3805 3057 3874 quidem
3098 3804 3368 3864 dicebant,
3404 3804 3503 3859 Ubi
3544 3807 3616 3860 vis
3644 3822 3886 3874 paremus

2294 3897 2382 3949 tibi
2411 3896 2669 3948 comedere
2694 3893 2897 3949 Pascha
2923 3895 2948 3948 i‘
2979 3895 3063 3948 hic
3092 3911 3218 3950 vero
3246 3895 3598 3965 proditionem
3634 3897 3882 3965 parabat,

2294 3995 2350 4043 et
2392 3988 2599 4042 dicebat
2638 4005 2650 4041 :
2688 3987 2823 4054 Quid
2864 3989 3016 4040 uultis
3059 3987 3320 4041 mihidare
3343 4029 3359 4053 ,
3384 3998 3433 4041 et
3460 4005 3551 4059 ego
3601 3990 3742 4043 vobis
3771 4000 3884 4044 tra-

2294 4079 2413 4132 dam
2435 4077 2774 4146 eum(Matth.
2798 4078 2983 4132 26.17.
3004 4089 3048 4132 et
3069 4079 3182 4148 15)?
3207 4079 3281 4132 illi
3308 4079 3522 4148 quidem
3544 4080 3614 4134 ad
3637 4083 3887 4137 ministe-

2292 4169 2431 4225 rium
2460 4168 2799 4238 divinamque
2841 4171 3221 4240 mystagogiam
3261 4184 3379 4241 sese
3409 4173 3772 4239 apparabant,
3801 4176 3887 4229 hic

2292 4274 2422 4314 vero
2448 4259 2513 4312 ad
2560 4259 2892 4328 prodendum
2939 4259 3240 4313 festinabat.
3285 4259 3358 4313 ita
3395 4271 3449 4315 et
3478 4276 3620 4316 nunc
3665 4263 3805 4318 latro
3832 4275 3888 4320 et

2293 4351 2452 4417 latro,
2493 4352 2589 4406 sed
2616 4352 2704 4407 ille
2747 4353 2960 4422 quidem
3008 4352 3370 4416 conviciatur,
3401 4353 3490 4408 hic
3528 4353 3719 4409 adorat
3752 4375 3766 4409 :
3800 4357 3890 4413 ille

2292 4444 2654 4514 blasphemat,
2685 4443 2772 4497 hic
2797 4444 3081 4508 benedicit,
3118 4452 3173 4499 et
3200 4442 3663 4513 blasphemantem
3709 4447 3888 4502 incre-

2294 4547 2384 4606 pat
2407 4538 2486 4593 bis
2507 4539 2706 4604 verbis,
2740 4537 2917 4607 Neque
2933 4549 2984 4591 tu
3011 4538 3153 4592 times
3180 4536 3387 4592 Deum?
3413 4555 3532 4592 nam
3562 4539 3718 4610 digna
3738 4543 3894 4610 factis

2294 4631 2561 4696 recipimus
2587 4630 2739 4698 (Luc.
2770 4629 2862 4684 25.
2895 4629 2984 4684 ιο.
3017 4629 3127 4699 li).

2366 4725 2418 4779 3.
2466 4723 2654 4777 Vidisti
2703 4722 2946 4777 ﬁduciam
2996 4722 3258 4777 latronis?
3300 4721 3478 4777 vidisti
3535 4721 3782 4778 ﬁduciam
3836 4728 3890 4778 in

2293 4815 2486 4871 cruce?
2503 4814 2679 4869 vidisti
2705 4814 3088 4884 philosophiam
3113 4815 3165 4868 in
3187 4815 3468 4885 supplicio,
3483 4824 3535 4870 et
3558 4817 3810 4884 pietatem
3836 4817 3892 4870 in

2295 4908 2573 4962 cruciatu?
2598 4907 2747 4976 Quod
2774 4907 2917 4962 enim
2950 4907 3050 4962 sibi
3082 4922 3338 4976 praesens,
3359 4922 3466 4962 non
3492 4917 3674 4962 mente
3701 4923 3892 4963 exces-

2295 5000 2425 5052 serit
2451 4997 2616 5052 clavis
2644 4997 2882 5052 conlixus
2905 5039 2918 5062 ,
2953 4996 3071 5068 quis
3097 5012 3202 5051 non
3231 4999 3479 5066 stupeat?
3511 4999 3600 5053 Ille
3628 5014 3759 5054 vero
3780 5016 3889 5053 non

2297 5089 2455 5143 modo
2481 5098 2658 5144 mente
2687 5089 2993 5154 constabat,
3022 5088 3116 5143 sed
3145 5089 3391 5149 omnibus
3415 5089 3527 5144 suis
3552 5088 3753 5144 relictis
3773 5130 3787 5153 .
3821 5090 3894 5147 de

2296 5182 2520 5236 aliorum
2553 5182 2712 5236 rebus
2733 5182 2970 5240 curabat.
3000 5181 3188 5236 doctor
3216 5181 3268 5235 in
3297 5197 3456 5236 cruce
3487 5182 3676 5245 factus,
3707 5183 3892 5238 incre—

2296 5289 2533 5343 pansque
2560 5273 2644 5329 his
2670 5275 2845 5328 verbis
2881 5291 2893 5324 :
2931 5271 3105 5342 Neque
3133 5283 3184 5324 tu
3206 5275 3348 5326 times
3375 5271 3577 5326 Deum!
3605 5272 3682 5327 Ne
3708 5281 3896 5328 atten-

2295 5366 2412 5428 das,
2447 5366 2650 5434 inquit,
2682 5365 2747 5419 ad
2781 5363 3000 5422 inferius
3026 5363 3128 5418 hoc
3152 5363 3378 5417 tribunal
3403 5379 3417 5414 :
3446 5372 3531 5417 est
3557 5363 3699 5416 aliud
3721 5364 3890 5432 judex

2297 5457 2596 5524 invisibilis,
2634 5466 2717 5511 est
2762 5457 3120 5526 incorruptum
3161 5455 3411 5509 tribunal.
3443 5455 3519 5510 Ne
3563 5465 3615 5509 te
3653 5468 3893 5522 moveat,

2295 5550 2435 5620 quod
2466 5550 2597 5603 infra
2626 5547 3010 5603 condemnatus
3038 5548 3108 5602 sit
3141 5561 3304 5601 :nam
3343 5561 3572 5626 superna
3620 5563 3727 5600 non
3768 5562 3896 5601 sunt

2300 5640 2620 5709 hujusmodi.
2647 5641 2702 5695 ln
2726 5639 2827 5694 hoc
2850 5639 3042 5710 quippe
3067 5648 3279 5693 terreno
3303 5634 3552 5693 tribunali
3576 5637 3702 5706 justi
3729 5656 3903 5707 quan-

2300 5729 2477 5802 doque
2515 5732 2860 5800 damnantur,
2890 5740 2944 5788 ct
2969 5730 3147 5802 injusti
3177 5744 3388 5802 poenam
3417 5730 3706 5801 effugiunt;
3741 5735 3902 5786 noxii
