4164 6324
296 373 394 430 ml

296 496 417 568 ῄνει
463 495 648 549 λοιπὸν
700 494 871 556 ἀδεῶς
915 492 1315 564 προσεύχεσθαι
1350 494 1652 565 πανταχοῦ,
1708 492 1883 562 λέγων

298 579 463 631 οὕτω·
529 578 829 645 Βούλομαι
862 578 1311 646 προσεύχεσθαι
1352 578 1493 643 τοὺς
1536 577 1761 643 ἄνδρας
1816 575 1888 628 ἐν

298 661 479 714 παντί
511 660 674 724 τόπῳ
727 658 1086 727 ἐπαίροντας
1112 662 1288 727 ὁσίας
1332 661 1554 729 χεῖρας.
1581 657 1735 723 Εἶδες
1768 659 1885 722 πῶς

299 743 579 813 ἐκαθάρθη
605 744 638 813 ἡ
668 742 963 814 οἰκουμένη
986 760 1000 808 ;
1030 744 1129 797 Διά
1149 745 1260 816 769
1287 744 1380 799 τοῦ
1408 747 1574 799 τόπου
1608 742 1885 813 πανταχοῦ

299 826 549 897 ἐπαίρειν
588 826 779 895 χεῖρας
808 825 960 888 ὁσίας
988 817 1289 896 δυνάμεθα,
1314 829 1503 898 ἐπειδὴ
1534 829 1685 882 πᾶσα
1728 829 1763 898 ἡ
1811 826 1885 896 γῆ

297 908 432 980 ἁγία
471 908 696 976 γέγονεν
734 910 1009 981 άγιωτέρα
1035 910 1145 965 τῶν
1177 912 1351 981 ἁγίων
1394 912 1503 965 τῶν
1521 911 1689 965 ἔνδον.
1738 911 1888 964 Ἐκεῖ

303 992 404 1062 μὲν
444 993 552 1063 769
594 993 941 1063 προσηνέχθη
992 994 1266 1064 πρόϐατον
1303 995 1518 1063 ἄλογον,
1550 994 1786 1048 ἐνταῦθα
1829 993 1887 1047 δὲ

299 1066 687 1144 πνευματικόν·
704 1074 814 1146 ὅσῳ
842 1073 899 1129 δέ
935 1076 1135 1145 μείζων
1162 1078 1195 1147 ή
1222 1077 1404 1144 θυσία,
1431 1077 1673 1149 τοσούτῳ
1688 1077 1887 1132 πλείων

300 1156 396 1211 καὶ
414 1158 456 1211 6-
472 1157 762 1229 ἁγιασμός.
799 1150 899 1212 Διά
932 1158 1090 1213 τοῦτο
1116 1160 1277 1232 ἐορτὴ
1297 1162 1325 1216 6
1354 1162 1607 1232 σταυρός.

375 1304 441 1375 β’.
458 1299 642 1359 Βούλει
662 1305 853 1376 μαθεῖν
868 1306 1034 1361 αὐτοῦ
1056 1307 1152 1362 καὶ
1175 1308 1361 1380 ἕτερον
1391 1307 1756 1381 κατόρθωμα;
1781 1309 1889 1363 Ῥὸν

301 1388 634 1460 παράδεισον
668 1391 1081 1460 πεντακισχίλια
1109 1391 1205 1461 ἔτη
1236 1394 1329 1446 καὶ
1365 1392 1536 1446 πλείω
1566 1393 1888 1463 κεκλεισμέ-

301 1487 392 1526 νον
423 1472 661 1543 σήμερον
683 1473 814 1549 ημῖν
838 1473 1095 1544 ὴνέῳξεν.
1134 1464 1223 1529 Ἐν
1254 1464 1425 1547 ταύτῃ
1447 1476 1555 1549 769
1579 1476 1647 1547 τῇ
1681 1477 1885 1549 ἡμέρᾳ,

300 1552 362 1608 ἐν
385 1552 563 1626 ταύτῃ
599 1558 665 1626 τῇ
697 1554 836 1628 ῶρᾳ,
880 1548 972 1610 τὸν
1002 1557 1207 1629 λῃστὴν
1234 1548 1530 1629 εἰσήγαγεν
1552 1562 1580 1613 6
1616 1561 1771 1625 Θεὸς,
1794 1548 1889 1614 δύο

303 1635 703 1708 κατορθώματα
748 1638 1148 1711 ἐργασάμενος·
1196 1641 1254 1694 ἓν
1296 1642 1416 1712 μὲν,
1444 1644 1527 1696 ὃτι
1564 1642 1889 1713 παράδεισον

300 1719 561 1789 ὴνέῳξεν,
607 1720 793 1791 ἕτερον
836 1721 916 1784 δέ,
968 1724 1052 1776 6::
1086 1722 1289 1795 λῃστὴν
1327 1728 1608 1795 εἰσήγαγε.
1640 1724 1889 1797 Σήμερον

299 1802 583 1857 ἀπέδωκεν
609 1804 741 1875 ἡμῖν
780 1804 879 1881 τὴν
912 1803 1146 1877 ἀρχαίαν
1165 1807 1418 1879 πατρίδα,
1444 1811 1688 1881 σήμερον
1719 1812 1888 1862 ἐπαν-

301 1885 511 1955 ήγαγεν
573 1886 722 1957 ἡμᾶς
750 1878 844 1941 ἐπί
877 1888 976 1960 τὴν
1018 1878 1285 1960 πατρῴαν
1329 1878 1508 1954 πόλιν,
1538 1878 1630 1943 καὶ
1662 1891 1761 1961 τὴν
1812 1892 1890 1943 οἰ-

299 1969 428 2023 κίαν
454 1966 748 2041 ἐχαρίσατο
775 1974 841 2042 τῇ
869 1976 1023 2043 κοινῇ
1053 1973 1161 2027 τῶν
1213 1972 1518 2045 ἀνθρώπων
1548 1971 1728 2043 φύσει·
1771 1973 1890 2038 Σή-

294 2069 484 2121 μερον
511 2052 642 2127 769,
671 2054 855 2125 φησὶν,
871 2055 997 2123 μετ’
1017 2055 1164 2124 ἐμοῦ
1181 2055 1296 2123 ἔσῃ
1322 2056 1391 2109 ἐν
1411 2055 1492 2121 τῷ
1525 2055 1886 2123 παραδείσῳ.

301 2135 369 2190 Τί
390 2136 571 2207 λέγεις
591 2154 604 2203 ;
626 2128 972 2210 ἐσταύρωσαι
1000 2138 1095 2192 καὶ
1120 2140 1496 2212 προσηλῶσαι,
1515 2138 1608 2192 καὶ
1639 2140 1892 2207 παράδει-

302 2235 396 2274 σον
424 2220 776 2294 ἐπαγγέλλῃς
824 2215 955 2287 Ναὶ,
989 2224 1177 2293 φησὶν,
1222 2224 1309 2276 ἵνα
1341 2224 1401 2277 ἐν
1423 2222 1499 2293 τῷ
1534 2223 1754 2294 σταυρῷ
1790 2224 1889 2295 τὴν

298 2300 530 2374 δύναμιν
562 2302 660 2374 τὴν
689 2296 828 2375 ἐμὴν
869 2305 1214 2376 καταμάθῃς.
1261 2306 1480 2377 Ἐπειδὴ
1513 2305 1622 2375 γὰρ
1657 2306 1719 2357 :6
1747 2308 1889 2377 πρᾶ-

301 2400 423 2456 γμα
456 2382 784 2457 σκυθρωπὸν
829 2380 919 2458 ἦν,
957 2386 1045 2441 ἴνα
1078 2387 1153 2458 μὴ
1196 2390 1261 2459 τῇ
1299 2380 1459 2457 φύσει
1502 2389 1595 2442 τοῦ
1651 2389 1889 2459 σταυροῦ

299 2468 569 2541 πρόσχῃςν
604 2468 740 2523 ἀλλά
756 2469 855 2539 τὴν
882 2460 1112 2541 δύναμιν
1142 2473 1236 2524 τοῦ
1258 2462 1663 2542 σταυρουμένου
1689 2472 1888 2543 μάθῃς,

299 2549 362 2605 ἐν
386 2550 604 2621 σταυρῷ
634 2552 695 2629 :6
725 2551 907 2622 θαῦμα
936 2553 1229 2629 ἐργάζεται
1260 2552 1441 2618 τοῦτο,
1470 2553 1498 2605 ὃ
1533 2554 1767 2624 μάλιστα
1785 2555 1893 2609 δεί-

300 2649 494 2686 κνυσιν
537 2628 703 2688 αὐτοῦ
737 2634 835 2706 τὴν
883 2633 1057 2705 ἰσχύν.
1088 2636 1162 2689 Οὐ
1186 2636 1296 2707 γὰρ
1316 2637 1511 2709 νεκρὸν
1552 2638 1889 2710 ἀναστήσας,

298 2716 363 2769 οὐ
398 2714 637 2791 θαλάττῃ
671 2719 769 2773 καὶ
802 2716 1112 2793 πνεύμασιν
1148 2720 1504 2793 ἐπιτιμήσας,
1538 2722 1599 2777 οὐ
1628 2721 1888 2795 δαίμονας

300 2796 600 2867 ἀπελάσας,
624 2802 759 2857 ἀλλὰ
795 2804 1217 2877 σταυρούμενος,
1250 2806 1716 2878 προσηλούμενος,
1740 2808 1890 2879 669:-

299 2879 549 2954 ζόμενος,
582 2884 962 2957 ἐμπτυόμενος
982 2927 997 2948 ,
1030 2880 1464 2959 λοιδορούμενος.
1499 2889 1889 2961 διασυρόμενος

302 2962 492 3036 ἴσχυσε
518 2969 616 3038 τὴν
637 2969 879 3041 πονηρὰν
913 2970 1009 3024 τοῦ
1042 2970 1239 3043 λῃστοῦ
1270 2972 1509 3026 διάνοιαν
1549 2973 1887 3044 μεταθεῖναι,

299 3047 388 3103 ῖνα
415 3049 752 3123 ἑκατέρωθεν
785 3053 883 3125 τὴν
905 3054 1135 3126 δύναμιν
1164 3055 1331 3109 αὐτοῦ
1357 3057 1494 3127 ἴδῃς.
1530 3057 1643 3124 Τήν
1677 3074 1737 3109 τε
1782 3056 1891 3128 γὰρ

297 3133 481 3187 κτίσ·ν
514 3135 806 3207 ἐκλόνησεν
840 3138 1076 3202 ἃπασαν,
1112 3138 1329 3203 καὶτὰς
1352 3140 1559 3211 πέτρας
1579 3140 1890 3211 [405]διέρ-

300 3215 457 3288 ῥηξε,
485 3216 587 3288 τῆς
614 3218 823 3290 πέτρας
855 3237 914 3273 τε
949 3219 1416 3291 ἀναισθητοτέραν
1442 3222 1538 3275 τοῦ
1558 3222 1757 3296 λῃστοῦ
1788 3223 1891 3292 ψυ-

295 3298 403 3370 χὴν
440 3300 796 3356 ἐπεσπάσατο
846 3304 943 3357 καὶ
980 3304 1233 3375 ἐτίμησε·
1268 3303 1542 3372 Σήμερον
1598 3304 1707 3376 769
1758 3308 1889 3374 μετ’

293 3380 445 3450 ἐμοῦ
475 3384 593 3452 ἔσῃ
613 3384 684 3438 ἐν
706 3384 786 3450 τῷ
819 3385 1183 3453 παραδείσῳ,
1204 3386 1354 3455 φησί.
1376 3387 1574 3457 ⁵Καίτοι
1604 3387 1671 3439 :6
1701 3405 1891 3460 χερου·

297 3462 405 3534 σὶμ
437 3466 758 3538 ἐτήρειιτδν
796 3469 1145 3540 παράδεισον·
1177 3468 1293 3523 ἀλλ’
1328 3460 1486 3532 οὗτος
1523 3472 1617 3523 καὶ
1654 3471 1764 3523 τῶν
1801 3488 1890 3541 χε-

298 3548 502 3620 ρουσίμ
523 3546 822 3623 Δεσπότης·
864 3552 1091 3623 φλογίνη
1138 3550 1385 3624 ῥομφαία
1422 3553 1541 3605 ἐκεῖ
1570 3551 1885 3623 στρέφεται·

293 3632 413 3686 ἀλλ’
448 3630 612 3698 αὐτὸς
634 3633 731 3689 καὶ
761 3634 961 3704 φλογὸς
990 3636 1084 3689 καὶ
1108 3636 1337 3706 γεέννης
1359 3634 1454 3688 κοιλ⁵
1493 3633 1643 3704 ζωῆς
1672 3637 1767 3688 καί⁵
1791 3635 1890 3687 θα-

294 3716 459 3770 νάτου
505 3715 754 3783 ἐξουσίαν
802 3719 935 3789 ἐχει.
979 3719 1175 3773 Καίτοι
1206 3728 1269 3787 γε
1299 3717 1555 3789 βασιλεὺς
1588 3718 1765 3784 οὐδεὶς
1821 3723 1889 3775 ἀν

295 3814 429 3851 ποτε
460 3801 749 3870 ἀνάσχοιτο
776 3800 980 3874 λῃστὴν
1010 3801 1320 3872 ἄνθρωπον,
1346 3801 1379 3873 ἦ
1410 3801 1600 3873 ἔτερόν
1626 3820 1751 3856 τινα
1778 3802 1887 3857 τῶν

294 3876 606 3951 ὁμοδούλων
640 3884 760 3953 μεθ’
782 3883 977 3937 ἐαυτοῦ
995 3884 1247 3949 καθίσας,
1275 3884 1450 3950 οὕτως
1478 3888 1558 3949 εἰς
1586 3886 1741 3940 πόλιν
1767 3890 1887 3941 εἰσ-

293 3967 546 4033 αγαγεῖν.
585 3964 723 4018 Ἀλλ’
752 3966 781 4019 6
812 3967 1046 4037 Χριστὸς
1084 3966 1244 4020 τοῦτο
1284 3967 1530 4039 ἐποίησε,
1559 3968 1651 4023 καὶ
1680 3972 1760 4033 εἰς
1787 3970 1887 4041 τὴν

296 4046 453 4117 ἰεράν
476 4046 859 4120 εἰσερχόμενος
892 4050 1145 4121 πατρίδα,
1182 4052 1301 4122 μεθ’
1342 4052 1536 4106 ἑαυτοῦ
1563 4043 1655 4107 τὸν
1681 4055 1887 4126 λῃστὴν

294 4130 527 4199 εἰσάγει,
556 4133 618 4185 οὐ
670 4132 999 4185 καταπατῶν
1028 4133 1118 4185 τὸν
1145 4134 1495 4204 παράδεισον,
1538 4135 1661 4189 οὐδὲ
1687 4153 1886 4191 καται-

295 4215 509 4286 σχύνων
546 4216 661 4277 τοῖς
698 4216 826 4268 ποσὶ
875 4215 969 4269 τοῦ
1017 4216 1239 4288 λῃστοῦ,
1291 4218 1430 4273 ἀλλὰ
1468 4220 1669 4290 μᾶλλον
1708 4221 1886 4290 τιμῶν

292 4297 389 4353 τὸν
427 4296 777 4369 παράδεισον·
818 4300 951 4369 τιμὴ
994 4300 1104 4371 769
1139 4303 1498 4372 παραδείσου,
1538 4305 1601 4359 :6
1643 4305 1886 4359 τοιοῦτον

293 4378 440 4452 ἐχειν
485 4381 771 4459 δεσπότην,
831 4382 909 4444 ῶς
960 4383 1055 4435 καὶ
1098 4381 1302 4455 λῃστὴν
1333 4385 1480 4450 ἀξιον
1520 4387 1746 4458 ποιῆσαι
1783 4388 1886 4459 τῆς

290 4464 509 4535 τρυφῆς
533 4454 635 4534 τῆς
658 4466 715 4516 ἐν
740 4463 817 4534 τῷ
856 4454 1193 4536 παραδείσω.
1238 4454 1348 4521 Καὶ
1387 4469 1495 4539 γὰρ
1526 4471 1616 4523 ὅτε
1639 4454 1885 4534 τελώνας

291 4546 393 4599 καὶ
418 4546 624 4617 πόρνας
651 4547 945 4616 εἰσήγαγεν
968 4550 1047 4612 εἰς
1062 4548 1160 4620 τὴν
1191 4550 1469 4619 βασιλείαν
1486 4551 1593 4605 τῶν
1614 4553 1882 4625 οὐρανῶν,

290 4630 394 4685 οὐκ
418 4631 704 4701 ἀτιμάζων
742 4629 900 4684 τοῦτο
923 4632 1122 4695 ἐποίει,
1144 4633 1281 4687 ἀλλὰ
1320 4634 1523 4704 μᾶλλον
1552 4635 1736 4707 ἐτίμα,
1770 4635 1882 4689 δει-

292 4715 430 4776 κνὺς
463 4712 811 4777 ὅτιτοιοῦτός
832 4714 980 4768 ἐστιν
1010 4715 1038 4767 6
1065 4714 1270 4785 Κύριος
1299 4718 1401 4787 τῆς
1440 4717 1723 4787 βασιλείας
1774 4719 1883 4773 τῶν

290 4796 559 4868 οὐρανῶν,
584 4798 660 4860 ὡς
689 4798 786 4852 καὶ
824 4798 1031 4870 πόρνας
1058 4800 1152 4853 καὶ
1181 4800 1417 4864 τελώνας
1442 4800 1616 4866 οὕτως
1643 4804 1885 4875 ἐργάσα-

293 4879 422 4935 σθαι
442 4880 718 4952 δοκίμους,
742 4882 819 4945 ὡς
866 4883 1049 4947 ἀξίους
1086 4884 1321 4953 φανῆναι
1363 4888 1464 4956 τῆς
1505 4886 1689 4939 ἐκεῖσε
1718 4888 1885 4958 τιμῆς

290 4962 388 5016 καὶ
407 4962 636 5033 δωρεᾶς.
666 4964 934 5034 Καθάπερ
964 4968 1072 5037 γὰρ
1113 4968 1296 5037 ἰατρὸν
1324 4967 1447 5022 τότε
1488 4970 1724 5039 μάλιστα
1752 4971 1885 5025 θαυο

296 5046 565 5118 μάζομεν,
591 5048 720 5101 ὅταν
760 5049 959 5121 ἴδωμεν
989 5052 1312 5122 ἀνθρώπους
1345 5053 1540 5106 ἀνίατα
1583 5054 1885 5125 παθήματα

290 5129 516 5201 ιχοντας
534 5130 952 5189 ἀπαλλάττοντα
973 5136 1074 5204 τῆς
1090 5137 1401 5207 ἀρρωστίας
1424 5136 1675 5209 καὶπρὸς
1698 5139 1884 5208 ὑγείαν

289 5215 657 5283 ἐπανάγοντα·
696 5216 840 5272 οὕτω
885 5220 980 5272 καὶ
1022 5219 1113 5273 τὸν
1160 5221 1395 5291 Χριστὸν
1449 5222 1753 5292 θαυμάζειν
1804 5220 1885 5277 δί-

289 5312 468 5364 καιον,
502 5301 631 5354 ὃταν
660 5301 951 5374 τραύματα
984 5303 1181 5357 ἀνίατα
1224 5303 1527 5377 θεραπεύῃ,
1562 5308 1691 5361 ὅταν
1714 5305 1884 5361 τελώ-

288 5397 391 5453 νην
420 5384 514 5437 καί
542 5384 748 5455 πόρνην
785 5388 866 5451 είς
889 5387 1160 5457 τοσαύτην
1190 5390 1379 5458 ὑγείαν
1419 5391 1769 5463 ἐπαναγάγῃ.
1806 5391 1882 5457 ὡς

288 5465 477 5533 ἀξίους
506 5468 784 5539 ἀποφῆναι
807 5470 917 5523 τῶν
945 5471 1215 5543 οὐρανῶν.
1248 5474 1359 5527 Καὶ
1381 5473 1433 5527 τί
1470 5474 1711 5529 τοιοῦτον
1732 5476 1760 5529 6
1782 5473 1882 5547 λῃ-

291 5550 428 5623 στὴς
461 5552 791 5619 ἐπεδείξατο,
827 5555 1013 5623 φησὶν,
1052 5556 1140 5611 ἵνα
1184 5558 1519 5627 παραδείσου
1557 5559 1697 5633 τύχῃ
1742 5560 1882 5629 μετά

292 5633 528 5704 σταυρόν
548 5651 562 5699 ;
583 5635 771 5689 Βούλει
800 5638 1082 5708 συντόμως
1112 5640 1252 5693 εἴπω
1281 5641 1381 5713 τὴν
1396 5641 1650 5712 ἀνδρείαν
1676 5640 1880 5708 αὐτοῦ;

292 5713 421 5769 Ὅτε
449 5718 654 5790 Πέτρος
679 5721 955 5791 ἠρνήσατο
988 5723 1161 5785 κάτω,
1197 5724 1315 5777 τότε
1347 5726 1554 5790 ἐκεῖνος
1590 5724 1881 5796 ὡμολόγη-

288 5810 384 5853 σεν
412 5800 547 5857 ἀνω.
580 5803 690 5857 Καὶ
702 5804 875 5858 ταῦτα
905 5806 964 5860 οὐ
994 5804 1088 5859 τοῦ
1121 5807 1330 5878 Πέτρου
1359 5810 1682 5881 κατηγορῶν
1707 5807 1873 5877 λέγω,

1269 365 1357 426 DE
1394 368 1623 427 cnuca
1663 367 1751 427 ET
1790 320 2139 423 LATRONE.
2180 367 2412 425 ιιοιιιι..
2452 371 2492 423 ι.

3473 377 3576 435 602

1990 490 2065 561 μὴ
2096 490 2324 559 γένοιτο,
2361 491 2497 545 ἀλλὰ
2533 490 2627 544 τοῦ
2659 490 2861 562 λῃστοῦ
2897 488 2995 561 τήν
3038 490 3447 567 μεγαλοιῖιυχίαν
3469 494 3577 549 δεῖ-

1986 576 2076 641 ξαι
2128 575 2471 646 βουλόμενος.
2538 574 2594 628 '0
2630 571 2903 647 μαθητὴς
2932 572 3165 643 ἀπειλὴν
3191 565 3291 627 οὐκ
3348 576 3580 647 ήνεγκεν

1986 656 2241 721 εὐτελοῦς
2274 659 2556 730 κορασίου·
2590 660 2618 711 6
2645 658 2704 712 δὲ
2747 656 2952 729 λῃστὴς
2988 656 3129 727 ὀρῶν
3174 652 3347 727 δῆμον
3367 658 3589 733 όλόκλη-

1992 749 2085 813 ρον
2138 742 2505 811 περιεστῶτα,
2544 740 2774 813 βοῶντα,
2820 734 3172 817 μαινόμενον,
3230 740 3578 812 βλασφημίας

1989 825 2084 877 καὶ
2119 824 2432 895 σκώμματα
2461 824 2893 890 ἐξακοντίζοντα.
2914 821 2975 877 οὐ
2994 824 3297 894 προσέσχεν
3328 825 3579 890 ἐκείνοις,

1988 908 2090 961 οὐκ
2122 908 2371 975 ἐνενόησε
2404 899 2500 979 τὴν
2540 899 2878 979 φαινομένην
2906 896 3181 962 εὐτέλειαν
3208 908 3304 962 τοῦ
3324 926 3579 981 σταυρουο

1993 984 2179 1060 μένου,
2233 990 2373 1044 ἀ).λά
2430 993 2544 1055 τοῖς
2596 992 2699 1061 τῆς
2734 991 2975 1055 πίστεως
3031 991 3333 1061 ὀφθαλμοῖς
3370 992 3588 1050 ἅπαντα

1988 1070 2162 1126 ταῦτα
2192 1072 2593 1144 παραδραμὼν,
2613 1074 2708 1127 καὶ
2736 1073 2805 1126 :6
2824 1073 3056 1128 ταπεινὰ
3081 1073 3383 1146 κωλύματα
3398 1076 3580 1144 ἀφεὶς,

1990 1154 2208 1222 ἐπέγνω
2233 1156 2326 1209 τὸν
2359 1156 2472 1208 τῶν
2505 1156 2753 1228 οὐρανῶν
2788 1157 3092 1228 Δεσπότην,
3128 1157 3223 1210 καὶ
3244 1156 3394 1228 αὐτῷ
3415 1175 3575 1229 προσ-

1990 1238 2173 1292 πεσὼν
2207 1239 2718 1308 ἐλεγεοΜνήσθητί
2743 1257 2885 1308 μου,
2918 1242 3115 1308 Κύριε,
3142 1241 3289 1294 ὅταν
3317 1241 3502 1311 ἔλθῃς
3516 1244 3581 1295 ἐν
3612 1256 3615 1259 '

1990 1322 2067 1391 τῇ
2088 1324 2381 1401 βασιλείᾳ
2409 1342 2548 1379 σου.
2690 1324 2753 1395 δὴ
2790 1324 3243 1397 παραδράμωμεν
3278 1326 3465 1390 ἁπλῶς
3494 1327 3584 1380 τὸν

1991 1396 2195 1478 λῃστὴν
2218 1396 2431 1471 τοῦτον,
2484 1396 2619 1477 μηδέ
2660 1396 3115 1477 ἐπαισχυνθῶμεν
3146 1396 3465 1463 διδάσκαλον
3492 1411 3585 1465 λα-

1993 1488 2129 1556 δεῖν,
2151 1489 2211 1542 ὃν
2244 1490 2344 1541 οὐκ
2376 1488 2693 1561 ἐπῃσχύνθη
2722 1492 2751 1543 ὀ
2783 1490 3063 1560 Δεσπότης
3086 1492 3115 1544 6
3139 1491 3407 1564 ἡμέτερος
3437 1493 3579 1563 πρῶ-

1991 1588 2085 1625 τον
2105 1574 2419 1641 εἰσαγαγεῖν
2451 1574 2530 1636 είς
2565 1573 2657 1627 τὸν
2694 1566 3049 1643 παράδεισον·
3084 1574 3159 1644 μὴ
3207 1574 3586 1645 ἐπαισχυνθῶ·

1995 1673 2096 1724 μεν
2133 1656 2456 1710 διδάσκαλον
2506 1656 2691 1711 λαϐεῖν
2739 1656 3025 1727 ἄνθρωπον
3076 1656 3180 1728 πρὸ
3222 1658 3321 1729 τῆς
3372 1657 3587 1727 φύσεως

1992 1740 2212 1811 ἀπάσης
2228 1740 2377 1806 ἀξιον
2395 1741 2631 1809 φανέντα
2657 1740 2758 1809 τῆς
2788 1739 3063 1803 πολιτείας
3086 1741 3183 1810 τῆς
3200 1741 3258 1793 ἐν
3288 1744 3401 1805 τοῖς
3419 1742 3585 1813 οὐρα⁶

1992 1824 2126 1885 νοῖς.
2164 1822 2303 1877 ἀλλά
2332 1823 2392 1876 :6
2413 1823 2539 1877 καθ’
2571 1825 2802 1877 ἕκαστον
2817 1822 3063 1893 ἀκριϐῶς
3093 1824 3460 1893 ἐξετάσωμεν,
3499 1822 3587 1880 ἵνα

1996 1907 2257 1977 μάθωμεν
2285 1908 2381 1959 τοῦ
2435 1906 2675 1977 σταυροῦ
2710 1907 2809 1977 τὴν
2837 1906 3088 1977 δύναμιν.
3132 1908 3247 1961 Οὐκ
3286 1902 3409 1961 εἷπε
3448 1908 3587 1980 πρὸς

1992 1988 2175 2052 αὐτὸν,
2203 1988 2456 2060 καθάπερ
2486 1990 2624 2060 πρὸς
2648 1990 2739 2043 τὸν
2772 1988 2999 2060 Πέτρον·
3019 1989 3199 2057 Δεῦρο
3230 1991 3423 2043 ὀπίσω
3443 2009 3586 2060 μου,

1992 2072 2091 2125 καί
2124 2070 2358 2137 ποιήσω
2388 2088 2463 2125 σε
2502 2072 2678 2125 ἁλιέα
2727 2071 3074 2139 ἀνθρώπων·
3108 2071 3230 2125 οὐδέ
3275 2068 3396 2125 εἷπε
3450 2073 3587 2145 πρὸς

1991 2154 2174 2217 αὐτὸν,
2209 2155 2464 2225 καθάπερ
2520 2156 2657 2227 πρὸς
2688 2154 2815 2218 τοὺς
2864 2154 3097 2218 δώδεκα,
3134 2155 3215 2208 6::
3252 2156 3587 2210 Κάθίσεσθε

1989 2236 2087 2290 ἐπὶ
2117 2233 2347 2291 δώδεκα
2382 2239 2637 2305 θρόνους
2667 2238 2977 2305 κρίνοντες
3000 2237 3109 2304 τὰς
3138 2236 3367 2293 δώδεκα
3385 2238 3587 2308 φυλὰς

1992 2319 2099 2373 τοῦ
2146 2320 2409 2389 Ἰσραήλ·
2448 2320 2651 2391 μᾶλλον
2703 2320 2759 2372 δὲ
2802 2320 2921 2373 οὐδέ
2972 2321 3216 2391 ῥήματος
3258 2322 3421 2375 αὐτὸν
3452 2322 3588 2384 ὅλως

1992 2396 2245 2473 ἠξίωσεν·
2276 2404 2338 2457 οὐ
2379 2404 2567 2474 θαῦμα
2622 2404 2844 2470 ἔδειξεν,
2892 2405 2953 2457 οὐ
2995 2403 3189 2475 νεκρὸν
3230 2405 3589 2475 ἀνιστάμενον

1992 2486 2277 2551 ἐθεάσατο,
2312 2488 2374 2540 οὐ
2408 2487 2672 2557 δαίμονας
2700 2487 3196 2557 ἀπελαυνομένους·
3228 2489 3289 2541 οὐ
3315 2488 3589 2542 θάλατταν

1992 2563 2133 2622 εἶδεν
2161 2569 2577 2634 ὑπακούσασαν,
2596 2569 2658 2623 οὐ
2694 2571 2824 2642 περί
2843 2568 3121 2639 βασιλείας
3148 2569 3297 2639 αὐτῷ
3334 2588 3385 2624 τι
3410 2567 3588 2635 εἶπεν.

1991 2652 2052 2705 οὐ
2084 2650 2214 2722 περῖ
2246 2652 2493 2722 γεέννης·
2530 2655 2623 2706 καὶ
2650 2653 2757 2717 1:96
2791 2654 3011 2706 πάντων
3039 2652 3208 2706 αὐτὸν
3239 2654 3587 2724 ὡμολόγησε,

1993 2734 2087 2793 καὶ
2117 2733 2316 2799 ταῦτα.
2360 2734 2454 2793 τοῦ
2500 2736 2689 2811 ἐτέρου
2741 2735 3131 2811 λοιδοροῦντος·
3176 2734 3433 2806 ἐλοιδόρει
3483 2736 3589 2809 769

1992 2821 2157 2874 αὐτὸν
2180 2824 2208 2875 6
2234 2822 2391 2885 ἄλλος
2419 2822 2649 2893 λῃστής.
2677 2820 2788 2874 Καὶ
2820 2821 2931 2893 γὰρ
2967 2822 3061 2875 καὶ
3088 2819 3250 2899 ἄλλος
3286 2820 3491 2895 λῃστὴς
3520 2817 3589 2891 ἦν

1993 2904 2410 2976 ἐσταυρωμένος
2458 2907 2577 2974 μετ’
2624 2902 2813 2969 αὐτοῦ,
2844 2904 2931 2957 ἵνα
2960 2903 3223 2977 πληρωθῇ
3274 2906 3470 2971 ἐκεῖνος
3506 2908 3591 2961 δτι

2006 2988 2109 3042 Ἐν
2131 2986 2283 3059 [606}
2312 2986 2437 3052 τοῖς
2478 2987 2725 3054 ἀνόμοις
2772 2987 3085 3056 ἐλογίσθηε
3130 2988 3446 3043 Ἐδούλοντο
3481 2989 3591 3061 γὰρ

1993 3069 2088 3124 καὶ
2113 3071 2211 3141 τὴν
2242 3069 2402 3133 δόξαν
2440 3068 2606 3121 αὐτοῦ
2636 3068 2910 3121 διαϐαλεῖν
2940 3069 2990 3122 οί
3038 3070 3301 3135 Ἰουδαῖοι,
3333 3065 3425 3125 καί
3451 3090 3590 3128 πανε

1991 3153 2224 3223 ταχόθεν
2256 3150 2563 3224 ἐπηρέαζον
2583 3153 2695 3214 τοῖς
2716 3152 3043 3221 γινομένοις·
3086 3153 3222 3207 ἀλλά
3250 3156 3591 3225 πανταχόθεν

1991 3236 2292 3305 διέλαμπεν
2322 3237 2354 3306 ἡ
2378 3234 2622 3305 ἀλήθεια,
2652 3234 2746 3287 καὶ
2774 3234 2967 3305 ηὔξετο
2992 3235 3079 3289 6:6
3119 3235 3226 3289 τῶν
3244 3236 3593 3309 κωλυμάτων

1992 3319 2194 3373 αὐτῶν.
2242 3318 2533 3388 Ἑλοιδόρει
2571 3316 2751 3369 τοίνυν
2783 3316 2947 3370 αὐτὸν
2976 3319 3003 3371 6
3048 3318 3210 3382 ἀλλος
3243 3319 3468 3392 λῃστής.
3507 3317 3591 3375 Εἵ-

1956 3410 1969 3420 ’
1990 3401 2080 3467 δες
2107 3400 2310 3473 λῃστὴν
2337 3400 2432 3455 καὶ
2459 3401 2692 3473 λῃστήν;
2724 3401 3024 3472 ἀμφότεροι
3056 3402 3114 3455 ἐν
3138 3404 3377 3473 σταυρῷ,
3406 3405 3560 3474 ἀμφό

1992 3502 2142 3555 τεροι
2162 3485 2271 3538 ἀπὸ
2302 3484 2417 3555 βίου
2448 3483 2767 3555 λῃστρικοῦ,
2812 3484 3117 3555 ἀμφότεροι
3161 3486 3270 3540 ἀπὸ
3298 3489 3587 3560 πονηρίας·

1991 3566 2105 3619 ἀλλ’
2135 3567 2235 3620 οὐκ
2274 3568 2577 3638 ἀμφότεροι
2618 3568 2675 3619 ἐν
2710 3568 2825 3629 τοῖς
2855 3566 3061 3629 αὐτοῖς,
3098 3566 3215 3620 ἀλλ’
3242 3570 3271 3621 6
3298 3570 3401 3639 μὲν
3432 3571 3591 3641 βασι-

1990 3646 2142 3703 λείαν
2187 3649 2654 3722 ἐκληρονόμησεν,
2700 3656 2729 3707 6
2784 3649 2843 3703 δέ
2898 3651 2979 3713 εἰς
3028 3651 3254 3719 γέενναν
3288 3652 3588 3725 ἐπέμπετο.

1991 3732 2150 3787 Οῦτω
2208 3734 2303 3787 καί
2351 3732 2498 3802 χθές·
2570 3733 2814 3803 μαθηταὶ
2884 3734 2981 3786 καὶ
3048 3734 3320 3807 μαθητής,
3386 3738 3590 3804 Ἰούδας

1990 3816 2087 3870 καὶ
2114 3816 2164 3869 οἱ
2188 3816 2402 3869 ἐνδεκα·
2440 3815 2556 3869 ἀλλ’
2596 3819 2797 3869 ἐκεῖνοι
2840 3816 2941 3886 μὲν
2984 3816 3193 3886 ἐλεγον⁶
3236 3820 3361 3874 Ποῦ
3392 3821 3591 3888 θέλεις

1988 3896 2399 3968 ἑτοιμάσωμέν
2420 3915 2519 3952 σοι
2547 3898 2762 3968 φαγεῖν
2790 3899 2856 3952 τὸ
2895 3899 3118 3969 Πάσχα
3136 3916 3157 3965 ;
3176 3894 3335 3965 οὗτος
3368 3902 3427 3956 δέ
3453 3922 3591 3976 προ-

1988 3981 2173 4036 δοσίαν
2206 3982 2653 4051 παρεσκευάζετο
2681 3984 2776 4036 καὶ
2809 3981 2981 4051 ἐλεγε·
3029 3985 3089 4038 Τί
3104 3984 3309 4039 θέλετέ
3330 4005 3432 4056 μοι
3453 3988 3592 4042 δοῦ-

1988 4081 2108 4125 ναι,
2139 4062 2304 4133 κάγὼ
2340 4065 2487 4134 ὑμῖν
2534 4064 2869 4133 παραδώσω
2907 4068 3133 4131 αὐτόν;
3184 4070 3429 4125 κάκεῖνοι
3491 4072 3590 4145 μὲν

1989 4146 2128 4218 πρὸς
2142 4146 2419 4202 διακονίαν
2439 4148 2833 4219 ηὐτρεπίζοντο
2858 4150 2954 4203 καὶ
2979 4151 3081 4223 τήν
3114 4151 3267 4206 θείαν
3298 4171 3591 4224 μυσταγω-

1988 4231 2135 4300 γίαν,
2157 4228 2313 4296 οὗτος
2339 4229 2396 4285 δέ
2414 4233 2552 4304 πρὸς
2583 4233 2645 4286 :6
2673 4233 2967 4304 προδοῦναι
2996 4235 3276 4291 ἔσπευδεν.
3312 4236 3470 4292 Οὕτω
3495 4240 3591 4293 καὶ

1988 4313 2225 4368 ἐνταῦθα
2244 4314 2450 4386 λῃστὴς
2471 4317 2565 4369 καὶ
2603 4315 2840 4389 λῃστής·
2877 4318 2994 4372 ἀλλ’
3015 4322 3043 4372 6
3075 4321 3177 4391 μὲν
3202 4320 3455 4393 λοιδορεῖ,
3487 4325 3515 4376 6
3531 4324 3589 4377 δὲ

1989 4400 2308 4470 προσκυνεῖ·
2342 4399 2434 4452 καὶ
2466 4392 2495 4452 6
2536 4399 2635 4469 μὲν
2669 4399 3004 4470 βλασφημεῖ,
3034 4404 3061 4454 6
3105 4404 3161 4457 δὲ
3193 4392 3453 4476 εὐφημεῖ,
3496 4408 3591 4461 καὶ

1988 4481 2080 4534 τὸν
2116 4479 2546 4552 βλασφημοῦντα
2562 4482 2907 4559 ἐπιστομίζει
2930 4485 3127 4552 λέγων·
3144 4488 3299 4541 Οὐδὲ
3316 4489 3473 4559 φοϐῇ
3504 4491 3589 4544 σὺ

1987 4564 2098 4618 τὸν
2152 4566 2338 4631 Θεόν;
2388 4566 2529 4630 ἄξια
2568 4565 2681 4634 γὰρ
2728 4558 2817 4619 ὦν
2861 4569 3210 4639 ἐπράξαμεν
3249 4574 3591 4643 ἀπολαμεὰ-

1986 4664 2191 4716 νομεν.

2052 4804 2122 4873 γ’.
2162 4798 2318 4868 Εἶδες
2356 4804 2673 4877 παρρησίαν
2712 4804 2947 4877 ληστοῦ;
2993 4803 3133 4874 εἶδες
3171 4812 3486 4883 παρρησίαν
3530 4814 3589 4867 ἐν

1987 4887 2207 4958 σταυρῷ
2227 4905 2240 4953 ;
2263 4885 2401 4951 εἶδες
2422 4888 2741 4958 φιλοσοφίαν
2760 4893 2818 4943 ἐν
2833 4893 3094 4963 τιμωρία,
3120 4896 3213 4947 καί
3230 4896 3512 4949 εὐλάϐειαν
3529 4899 3587 4951 ἐν

1987 4970 2245 5036 κολάσει;
2280 4972 2405 5025 "0::
2432 4971 2544 5043 769
2572 4974 2629 5026 ἐν
2656 4974 2835 5044 ἐαυτῷ
2857 4969 2945 5045 ἦν,
2972 4974 3054 5027 δτι
3084 4977 3288 5048 φρένας
3329 4975 3587 5049 εἷχε,τῶν

1998 5108 2059 5191 ”υ
2080 5138 2137 5192 δε
2163 5139 2223 5192 οὐ
2259 5108 2421 5209 μόνον
2455 5141 2512 5193 ἐν
2537 5108 2717 5211 εαῦἒεῷ
2738 5108 2835 5211 ἦν,
2860 5108 2999 5194 ἀλλὰ
3028 5108 3126 5195 ζέει
3144 5108 3211 5197 ἔὰ
3238 5108 3586 5200 ᾇᾶὸῖξοὶὖὲὲμᾷ

1985 5219 2168 5291 ἀφεὶς,
2195 5220 2264 5275 :6
2284 5221 2392 5275 τῶν
2418 5222 2595 5277 ἄλλων
2626 5222 2933 5294 ἐφρόντιζε,
2955 5223 3273 5291 διδάσκαλος
3294 5231 3351 5281 ἐν
3368 5230 3586 5301 σταυρῷ

1986 5304 2293 5376 γινόμενος,
2321 5304 2417 5357 καὶ
2439 5305 2711 5376 ἐπιτιμῶν
2747 5306 2841 5360 καὶ
2872 5306 3067 5375 λέγων·
3110 5312 3264 5364 Οὐδὲ
3301 5313 3458 5381 φοϐῇ
3501 5315 3583 5369 σὺ

1986 5389 2095 5445 τὸν
2121 5391 2304 5455 Θεόν;
2334 5390 2427 5461 Μὴ
2454 5390 2711 5463 πρόσεχε,
2758 5392 2912 5462 φησὶ,
2942 5392 3021 5464 τῷ
3051 5393 3201 5449 κάτω
3222 5397 3579 5470 δικαστηρίω·

1986 5474 2135 5528 ἐστιν
2158 5474 2346 5547 ἐτερος
2359 5474 2553 5546 κριτὴς
2578 5476 2829 5546 ἀόρατος,
2849 5476 2999 5530 ἔστιν
3019 5479 3320 5533 ἀδέκαστον
3332 5481 3561 5551 δικαστή
3573 5512 3595 5526 ρ

1989 5574 2124 5630 ριον.
2166 5558 2262 5629 Μὴ
2299 5558 2482 5612 τοίνυν
2526 5558 2663 5630 ἴδῃς,
2707 5559 2789 5612 ὃτι
2835 5562 3136 5633 κατεκρίθη
3176 5564 3349 5618 κάτω·
3372 5566 3441 5619 :6
3474 5566 3585 5637 γὰρ

1985 5642 2099 5697 ἂνω
2124 5641 2184 5695 οὐ
2226 5641 2475 5697 τοιαῦτα·
2507 5640 2743 5696 ἐνταῦθα
2776 5643 2876 5714 μὲν
2908 5644 3020 5718 769
3049 5648 3109 5699 ἐν
3146 5647 3225 5719 τῷ
3250 5651 3401 5701 κάτω
3426 5649 3583 5705 δικα-

1987 5726 2198 5799 στηρίῳ
2215 5726 2309 5779 καὶ
2328 5726 2527 5782 δίκαιοι
2558 5728 3001 5799 κατακρίνονται,
3033 5733 3127 5787 καὶ
3153 5734 3327 5787 ἄδικοι
3357 5734 3581 5805 διαφεύο

1985 5828 2169 5880 γουσι,
2202 5812 2295 5868 καὶ
2342 5810 2637 5869 ὑπεύθυνοι
2677 5814 2949 5885 ἀφίενται,
2987 5819 3077 5875 καὶ
3118 5818 3397 5875 ἀνεύθυνοι
3428 5821 3591 5875 κολάο
