4164 6324
282 394 386 451 405

280 505 641 577 dimittuntur,
669 516 725 566 et
760 508 979 583 innoxii
1005 510 1315 570 afﬁciuntur
1341 512 1624 587 supplicio.
1658 515 1872 574 Etenim

1326 392 1416 451 DE
1450 391 1682 453 CRUCE
1721 391 1812 451 ET
1848 392 2196 452 LATRONE.
2235 393 2466 453 HOHIL.
2508 392 2549 450 1.

3463 395 3573 455 804

1986 514 2244 582 rabilem;
2272 529 2437 587 quare
2461 524 2516 572 et
2533 513 2756 586 gloriam
2788 514 2931 569 illam
2951 513 3184 569 vocavit.
3213 518 3283 568 At
3301 512 3573 571 videamus

276 598 506 668 judices,
525 600 692 657 velint
719 600 1191 667 noiint,ittmultis
1216 613 1469 673 peccant;
1498 604 1761 683 siquidem
1790 606 1876 663 vel
1981 607 2254 680 quomodo
2280 621 2589 664 cumcruee
2618 606 2799 662 veniat
2828 624 2843 660 :
2876 621 3099 662 necesse
3137 606 3337 678 quippe
3371 616 3456 663 est
3483 605 3569 663 de-

277 691 369 760 jus
393 690 701 763 ignorantes
727 700 784 749 et
809 692 1041 765 decepti,
1072 686 1155 751 vel
1197 696 1348 768 gnari
1386 695 1626 768 quidem,
1658 695 1753 753 scd
1780 713 1875 767 pe-

1988 697 2426 755 monstrationem
2456 699 2508 753 in
2537 696 2770 754 medium
2799 697 3074 755 reducere.
3122 697 3187 753 Si
3223 698 3465 763 dixerint;
3498 697 3583 752 in-

283 785 446 842 cunia
467 786 705 857 corrupti
727 802 915 842 verum
944 787 1207 843 calculum
1228 788 1603 860 prodiderunt.
1633 789 1880 860 Superne
1982 789 2118 862 quit,
2143 806 2259 845 ecce
2287 791 2340 845 in
2378 790 2719 858 penetralibus
2755 801 2829 845 est
2872 790 3134 856 Christus,
3167 805 3279 845 ecce
3296 789 3359 843 in
3383 788 3583 844 deserta

282 883 461 932 autent
504 890 709 934 secus:
743 878 883 934 Deus
924 878 1069 933 enim
1103 877 1270 949 judex
1307 879 1517 950 justus,
1535 891 1590 935 et
1620 879 1880 951 judicium

282 981 403 1038 ejus
426 968 579 1040 quasi
605 968 692 1025 lux
720 968 1044 1040 egredietur,
1070 985 1177 1025 non
1209 970 1467 1036 tenebris,
1499 985 1605 1026 non
1632 971 1881 1042 ignoran-

286 1060 359 1115 tia
388 1058 817 1116 obscurantibus.
861 1060 1071 1116 Etenim
1097 1076 1165 1117 ne
1188 1060 1577 1128 diceret,.eum
1609 1060 1745 1118 infra
1780 1061 1880 1118 da-

289 1161 529 1209 mnatum
569 1150 754 1221 fuisse,
783 1152 850 1208 ad
878 1168 1174 1224 supernum
1204 1154 1434 1210 tribunal
1461 1155 1612 1211 illum
1639 1154 1875 1222 deduxit,

287 1240 704 1299 commonefecit
731 1242 879 1300 illius
898 1242 1151 1301 horrendi
1182 1244 1499 1313 tribunalis;
1544 1262 1607 1304 ac
1647 1248 1692 1303 si
1732 1246 1881 1303 dice-

290 1347 417 1390 ret:
447 1333 526 1392 Eo
573 1337 781 1408 respice
803 1379 821 1404 ,
855 1352 957 1394 nec
994 1337 1354 1395 damnationis
1394 1338 1661 1395 calculum
1703 1339 1882 1407 feres,

291 1442 465 1499 neque
492 1429 629 1484 infra
660 1430 834 1486 stabis
860 1446 983 1488 cum
1013 1433 1283 1503 corruptis
1302 1433 1591 1503 judicibus,
1618 1432 1714 1489 sed
1736 1434 1884 1505 judi-

290 1519 435 1577 cium
460 1537 692 1590 superne
716 1522 882 1580 latum
911 1525 1237 1596 acceptabis.
1265 1525 1459 1582 Vidisti
1489 1525 1883 1598 philosophiam

292 1612 555 1676 latronis?
577 1615 751 1673 vidisti
774 1616 1132 1688 prudentiam,
1153 1628 1208 1675 et
1231 1618 1573 1676 doctrinam?
1592 1619 1886 1676 Confestim

290 1718 321 1758 a
345 1718 506 1761 cruce
525 1705 578 1761 in
599 1706 787 1763 omium
808 1708 1062 1764 avolavit.
1087 1709 1290 1765 Deinde
1309 1726 1375 1765 ex
1395 1711 1687 1767 abundanti
1710 1711 1884 1784 ipsum

294 1797 577 1871 increpans
607 1817 621 1855 :
653 1798 776 1856 Non
801 1801 963 1866 times,
991 1801 1221 1867 dicebat,
1247 1802 1367 1875 quia
1396 1803 1447 1857 in
1472 1803 1649 1859 eadem
1673 1803 1889 1858 damna-

294 1892 430 1947 tione
452 1907 640 1949 sumus
667 1892 816 1967 (Luc.
844 1895 933 1951 25.
964 1894 1077 1966 40).
1107 1894 1245 1963 Quid
1287 1895 1389 1952 sibi
1420 1896 1531 1953 vult
1570 1895 1727 1965 illud,
1756 1896 1889 1965 Quia

296 1985 350 2038 in
371 1984 547 2038 eadem
567 1983 892 2040 damnatione
910 1986 1125 2041 sumus?
1148 1986 1205 2042 lu
1234 1986 1426 2043 eodem
1454 2002 1650 2057 nempe
1680 1986 1882 2058 suppli-

295 2076 402 2131 cio.
432 2073 620 2133 Nonne
647 2085 701 2131 tu
724 2079 885 2133 etiam
908 2094 967 2134 es
989 2078 1042 2133 in
1063 2078 1259 2135 cruce?
1286 2078 1421 2135 Dum
1449 2094 1579 2151 ergo
1601 2078 1673 2134 illi
1699 2079 1887 2134 convi-

295 2167 474 2231 ciaris,
495 2168 724 2238 teipsum
747 2170 893 2243 prius
912 2170 1144 2240 impetis.
1171 2169 1632 2238 Quemadmodum
1655 2169 1798 2226 enim
1821 2168 1890 2238 is,

297 2259 387 2329 qui
427 2260 480 2314 in
522 2262 753 2328 peccatis
793 2270 895 2327 est,
936 2261 982 2316 si
1021 2262 1249 2318 alterum
1288 2262 1623 2329 criminetur,
1655 2261 1890 2333 scipsum

301 2350 447 2419 prius
474 2350 790 2407 criminatur
818 2370 833 2406 :
863 2352 941 2408 sic
968 2361 1023 2410 et
1052 2352 1128 2421 is,
1158 2355 1248 2424 qui
1280 2354 1331 2409 in
1361 2354 1668 2410 calamitate
1694 2354 1896 2410 consti-

300 2451 464 2509 tutus,
500 2444 653 2499 alteri
692 2445 1051 2501 calamitatem
1096 2445 1228 2501 vitio
1266 2446 1442 2511 vertit,
1469 2445 1702 2517 seipsum
1743 2446 1894 2517 prius

302 2533 541 2589 damnat.
587 2535 719 2603 Quia
748 2540 801 2592 in
826 2537 1001 2593 eadem
1030 2538 1357 2592 damnatione
1383 2555 1577 2593 sumus.
1624 2538 1895 2608 Apostoli-

301 2642 420 2680 eam
458 2626 585 2697 legit
623 2628 721 2698 ipsi
764 2629 956 2700 legem,
986 2629 1102 2686 haec
1129 2631 1330 2687 scilicet
1356 2631 1657 2702 evangelica
1686 2631 1847 2687 verba
1878 2650 1893 2688 :

304 2716 482 2774 Nolite
494 2720 748 2790 judicare,
778 2731 833 2775 ut
862 2722 1284 2793 non'judicemini
1312 2721 1522 2793 (Matth.
1550 2723 1602 2777 7.
1634 2723 1712 2795 Ι).
1763 2722 1898 2791 Quia

302 2828 357 2864 sn
385 2811 559 2866 eadem
584 2812 910 2868 damnatione
931 2830 1123 2868 sumus.
1155 2814 1291 2883 Quid
1318 2814 1467 2878 facis,
1497 2828 1532 2871 ο
1561 2814 1734 2869 latro?
1766 2814 1895 2870 dum

302 2918 427 2958 enin
448 2901 710 2966 defendis,
732 2904 1030 2960 latronisne
1053 2906 1256 2961 socium
1279 2914 1330 2961 te
1346 2903 1510 2961 facis?
1530 2905 1895 2977 Nequaquam,
1944 2953 1954 2957 -

302 2995 377 3048 ait
409 3011 422 3047 :
452 3009 517 3049 ex
553 2994 904 3065 sequentibus
944 2994 1085 3051 hanc
1126 2997 1487 3066 suspicionem
1530 3012 1778 3054 amoveo.
1818 2997 1898 3055 Ne

304 3093 462 3156 putes
499 3085 642 3141 enim
677 3100 799 3142 eum
828 3102 893 3141 ex
920 3088 1299 3145 communione
1323 3089 1568 3160 supplicii
1593 3099 1898 3147 consortem

304 3176 456 3232 illum
500 3178 707 3248 peccati
751 3177 963 3246 fecisse,
993 3180 1073 3235 sic
1110 3180 1259 3250 prius
1301 3181 1504 3239 dictum
1532 3183 1752 3255 corrigit
1785 3201 1799 3238 :
1833 3182 1899 3239 Et

305 3286 398 3323 nos
422 3269 625 3340 quidem
643 3271 789 3342 juste
815 3286 835 3326 :
859 3288 977 3325 nam
1002 3272 1160 3343 digna
1184 3275 1336 3345 factis
1362 3274 1587 3342 patimur
1625 3272 1777 3348 (Luc.
1805 3274 1897 3332 25.

304 3363 421 3432 il).
453 3361 615 3418 Vides
653 3362 1047 3420 confessionem
1092 3365 1416 3434 perfectam?
1442 3366 1591 3424 vides
1631 3369 1903 3439 quomodo

304 3457 358 3509 in
389 3470 547 3511 cruce
576 3465 793 3525 peccata
823 3457 1003 3512 exuit?
1042 3457 1173 3513 Nam
1204 3459 1435 3533 legitur:
1469 3459 1564 3517 Dic
1605 3471 1660 3517 tu
1693 3472 1901 3534 peccata

303 3557 391 3599 tua
416 3549 629 3617 primus,
659 3556 712 3602 ul
729 3549 1030 3619 justiﬁceris
1056 3548 1221 3622 (Isat'.
1253 3551 1343 3607 45.
1366 3551 1439 3607 26
1534 3552 1704 3608 Nemo
1727 3553 1903 3625 coegit

306 3637 482 3701 illum,
504 3653 666 3694 nemo
686 3640 795 3694 vim
826 3640 924 3709 ipsi
955 3638 1099 3704 fecit,
1130 3641 1225 3697 sed
1260 3643 1373 3711 ipse
1396 3644 1745 3714 semetipsum
1777 3660 1902 3715 pro-

305 3729 428 3784 tulit
452 3728 638 3785 dicens
666 3748 680 3785 :
704 3729 773 3784 Et
798 3746 893 3785 nos
910 3731 1112 3801 quidem
1131 3734 1292 3803 juste,
1308 3751 1439 3788 nam
1460 3736 1615 3806 digna
1638 3737 1787 3804 factis
1808 3754 1903 3806 pa-

306 3822 497 3885 timur;
523 3822 608 3876 hic
631 3837 746 3876 vero
774 3823 905 3876 nihil
931 3823 1055 3877 mali
1073 3825 1189 3896 fecit
1215 3824 1362 3894 (Luc.
1395 3826 1487 3881 23.
1520 3826 1607 3883 41.
1641 3827 1732 3897 42)
1759 3845 1772 3881 :
1805 3829 1902 3884 ad-

304 3914 488 3983 ditque
535 3922 719 3982 postea
752 3933 767 3969 :
803 3914 1055 3972 Memento
1080 3919 1215 3985 mei,
1260 3917 1506 3986 Domine,
1533 3920 1586 3974 in
1613 3937 1769 3991 regno
1795 3930 1899 3976 tuo.

304 4004 422 4060 Non
455 4005 601 4075 prius
619 4021 783 4061 ausus
808 4017 893 4063 est
916 4008 1116 4076 dicere,
1147 4007 1403 4065 Memento
1424 4012 1522 4066 mei
1541 4014 1593 4066 in
1615 4029 1768 4084 regno
1789 4024 1898 4084 tuo,

303 4110 466 4163 quam
513 4110 610 4167 per
646 4098 1038 4154 confessionem
1070 4111 1413 4169 peccatorum
1445 4105 1710 4158 sarcinam
1735 4103 1903 4174 depo-

306 4184 523 4249 suisset.

378 4276 836 4349 Confessioquanta
854 4299 932 4337 res
946 4283 1030 4337 sit.
1049 4312 1119 4324 ——
1137 4283 1325 4341 Viden’
1349 4294 1545 4357 quanta
1572 4302 1658 4341 res
1684 4288 1754 4343 sit
1773 4302 1901 4343 con-

308 4370 507 4426 fessio?
529 4366 819 4429 thfcssus
838 4386 939 4436 est,
962 4384 1016 4430 et
1038 4376 1336 4444 paradisum
1364 4379 1605 4447 aperuit:
1628 4380 1905 4435 confessus

308 4470 412 4527 est,
436 4471 489 4517 et
510 4470 710 4518 tantam
732 4466 936 4533 accepit
958 4466 1223 4529 fiduciam,
1247 4478 1355 4522 uta
1380 4470 1658 4524 latrocinio
1679 4486 1901 4541 regnum

307 4559 533 4621 peteret.
564 4552 750 4608 Viden’
777 4566 1095 4624 quantorum
1121 4557 1273 4612 nobis
1298 4557 1559 4613 bonorum
1582 4576 1709 4614 crux
1741 4576 1902 4616 causa

306 4642 502 4697 fuerit?
532 4642 774 4713 Regnum
805 4647 978 4715 petis?
1018 4648 1152 4714 Quid
1194 4648 1345 4703 vides
1386 4650 1726 4718 hujusmodi?
1754 4651 1903 4706 Clavi

305 4742 359 4787 et
376 4749 508 4788 crux
535 4734 583 4789 in
607 4746 894 4806 conspectu
917 4747 1067 4801 Sunt;
1094 4754 1273 4794 verum
1304 4754 1366 4795 ea
1390 4741 1501 4809 ipsa
1529 4757 1681 4805 crux,
1711 4743 1901 4812 inquit,

304 4834 390 4880 est
430 4827 732 4898 symbolum
779 4830 948 4900 regni.
995 4831 1117 4886 Ideo
1157 4832 1327 4899 ipsum
1368 4849 1546 4903 regem
1586 4849 1737 4898 voco,
1782 4836 1904 4903 quia

304 4918 462 4973 video
488 4920 801 4976 crucifixum
833 4942 846 4978 :
874 4925 1011 4993 regis
1057 4926 1199 4979 enim
1240 4937 1322 4980 est
1362 4942 1456 4993 pro
1493 4927 1720 4982 subditis
1744 4928 1902 4982 mori.

309 5012 406 5067 llic
453 5013 567 5081 ipsc
612 5013 745 5068 dixit
771 5031 784 5067 ε
815 5014 987 5069 Bonus
1018 5016 1186 5081 pastor
1211 5019 1433 5069 animum
1468 5034 1611 5070 suam
1643 5021 1782 5088 ponit
1811 5036 1902 5089 pro

307 5104 699 5173 oribuonan.
734 5106 907 5171 10.1!
938 5110 955 5178 )
986 5125 1150 5178 :crgo
1202 5120 1257 5165 et
1304 5111 1475 5164 bonus
1523 5126 1616 5164 rex
1670 5112 1903 5165 animum

307 5213 460 5252 suam
511 5200 660 5268 ponit
708 5216 804 5269 pro
848 5199 1095 5255 subditis.
1143 5201 1406 5269 Quoniam
1459 5202 1620 5271 igitur
1667 5203 1903 5259 animam

307 5306 458 5344 suam
504 5292 697 5359 posuit,
730 5294 850 5347 ideo
894 5309 1075 5363 regem
1124 5296 1271 5349 illum
1304 5310 1458 5350 voco.
1502 5293 1757 5350 Memento
1786 5296 1901 5363 mei,

308 5383 553 5447 Domine,
582 5388 635 5437 in
662 5402 815 5455 regno
839 5393 947 5439 tuo.

382 5475 438 5529 4.
476 5475 658 5530 \‘idcn'
690 5478 958 5546 quomodo
988 5493 1119 5532 crux
1149 5480 1217 5532 sit
1242 5479 1388 5547 regni
1420 5478 1759 5549 symbolum?
1790 5480 1905 5532 Vis-

311 5583 381 5622 nc
401 5573 459 5623 et
474 5568 689 5623 aliunde
717 5569 841 5623 illud
866 5570 1110 5626 discere?
1140 5572 1253 5624 Non
1279 5572 1488 5639 reliquit
1514 5587 1635 5625 eum
1660 5573 1711 5626 in
1739 5582 1901 5639 terra,

180 5710 193 5721 ,
310 5658 407 5711 sed
450 5659 669 5714 attraxit
695 5676 814 5714 eum
846 5672 898 5715 et
934 5663 984 5714 in
1013 5663 1204 5716 cmlum
1230 5662 1466 5716 deduxit.
1503 5662 1651 5718 Unde
1682 5662 1785 5717 hoc
1814 5679 1907 5732 pa-

314 5750 421 5804 lam
442 5751 559 5804 est?
586 5750 717 5818 Quia
741 5762 992 5807 venturus
1015 5762 1096 5808 est
1116 5770 1234 5809 cum
1266 5754 1355 5806 illo
1382 5754 1432 5807 in
1460 5753 1695 5810 secundo
1716 5763 1770 5810 et
1788 5755 1905 5824 glo-

313 5842 459 5900 rioso
486 5840 600 5911 ejus
627 5843 856 5901 adventu
876 5886 891 5914 ,
921 5854 977 5900 ut
1000 5844 1176 5902 discas
1203 5861 1413 5903 crucem
1446 5860 1562 5902 esse
1592 5861 1701 5903 rem
1734 5846 1904 5902 hono-

1985 892 2095 948 est;
2122 875 2943 950 neabeatis(Mattlt.2t.26);de
2956 876 3204 934 secundo
3246 891 3300 936 et
3345 878 3583 952 glorioso

1985 987 2087 1030 suo
2111 972 2340 1030 adventu
2366 968 2443 1029 sic
2468 975 2695 1044 loquens
2724 981 2943 1043 propter
2968 970 3131 1027 falsos
3153 971 3432 1038 Christus,
3457 984 3585 1041 pro-

1989 1075 2108 1137 pter
2132 1065 2293 1123 falsos
2324 1060 2642 1137 prophetas,
2676 1072 2898 1136 pr0pter
2921 1062 3309 1118 Anticliristum
3326 1101 3341 1127 ,
3369 1076 3440 1117 ne
3464 1060 3586 1132 quis

1987 1157 2243 1215 seductus
2286 1158 2341 1213 in
2385 1155 2541 1212 illum
2581 1156 2859 1212 incideret.
2887 1155 3022 1223 Quia
3053 1153 3196 1210 enim
3224 1152 3595 1221 Antichristus

1987 1259 2243 1306 venturus
2266 1260 2348 1306 est
2360 1257 2494 1309 ante
2511 1246 2806 1310 Christum,
2831 1261 2899 1301 ne
2913 1245 3035 1317 quis
3058 1253 3326 1315 pastorem
3341 1257 3589 1314 querens

1991 1342 2043 1397 in
2071 1342 2253 1412 lupum
2279 1339 2498 1407 incidat,
2523 1339 2724 1395 idcirco
2744 1336 2999 1393 indicium
3029 1335 3123 1391 tibi
3152 1334 3223 1391 do
3243 1334 3473 1406 pastoris
3492 1333 3589 1389 ad-

1991 1443 2204 1489 ventus.
2233 1431 2366 1489 Nam
2392 1432 2515 1503 quia
2544 1429 2694 1502 prior
2716 1430 2833 1501 ejus
2860 1428 3122 1484 adventus
3149 1426 3320 1493 latuit,
3345 1439 3414 1482 nc
3434 1434 3591 1496 putes

1990 1529 2283 1587 secundum
2315 1527 2603 1584 adventum
2631 1526 2789 1582 talem
2820 1524 3056 1581 futurum
3087 1537 3231 1588 esse,
3265 1520 3368 1576 hoc
3392 1518 3590 1575 tibisi-

1991 1638 2155 1695 gnum
2182 1621 2349 1678 dedit.
2376 1620 2506 1678 Iure
2530 1628 2707 1676 autem
2733 1618 2824 1675 ille
2843 1617 3103 1673 adventus
3121 1614 3261 1671 clam
3290 1612 3390 1669 fuit
3413 1613 3592 1668 :venit

1992 1714 2136 1770 enim
2165 1712 2449 1785 quaesitum
2477 1709 2620 1783 quod
2651 1709 2917 1782 perierat;
2965 1715 3022 1763 at
3061 1706 3147 1762 hic
3185 1703 3457 1761 secundus
3482 1717 3589 1757 non

1996 1805 2091 1872 ita,
2132 1804 2231 1862 sed
2267 1804 2573 1875 quomodo,
2600 1802 2827 1875 quaeso?
2857 1800 3004 1857 Sicut
3042 1800 3175 1854 enim
3210 1796 3383 1869 fulgur
3402 1794 3592 1850 exitus

1998 1896 2224 1961 Oriente,
2250 1905 2297 1951 et
2319 1904 2533 1967 apparet
2554 1910 2712 1967 usque
2737 1894 2806 1947 ad
2834 1890 3177 1953 Occidentem,
3208 1890 3401 1943 sio-erit
3426 1895 3474 1941 et
3498 1888 3593 1939 (τά-

1995 1997 2168 2045 uentus
2216 1986 2343 2043 Filii
2392 1988 2610 2044 hominis
2656 1984 2821 2057 (ibid.
2853 2000 2903 2040 υ.
2931 1971 3060 2055 21).
3086 1981 3378 2038 Confestim
3420 1979 3595 2036 omni-

1997 2083 2097 2140 bus
2118 2082 2414 2155 apparebit,
2445 2080 2755 2152 neminique
2783 2080 3111 2147 iuterrogatu
3136 2090 3273 2145 opus
3294 2074 3396 2132 erit
3416 2115 3431 2140 ,
3464 2088 3591 2128 num

1997 2178 2086 2233 hic
2105 2218 2122 2246 ,
2152 2192 2281 2233 num
2310 2176 2421 2233 illic
2445 2176 2515 2231 sit
2537 2174 2805 2232 Christus.
2839 2169 3298 2242 Quemadmodum
3327 2167 3469 2224 enirn
3496 2178 3594 2235 ap-

1998 2278 2221 2342 parente
2243 2269 2469 2342 fulgure,
2496 2284 2606 2324 non
2636 2282 2775 2339 opus
2800 2274 2883 2323 est
2908 2265 3217 2337 perquirere
3243 2277 3311 2317 an
3332 2274 3596 2332 apparue-

1998 2364 2103 2429 rit;
2149 2362 2230 2418 sic
2269 2371 2326 2418 et
2357 2361 2413 2417 in
2440 2360 2671 2417 adventu
2695 2358 2893 2415 Christi
2924 2370 3028 2412 non
3055 2369 3191 2426 Opus
3215 2354 3319 2411 erit
3353 2366 3596 2424 quaerere

1997 2468 2067 2511 an
2093 2452 2340 2510 Christus
2368 2452 2665 2509 advenerit.
2697 2454 2766 2508 At
2794 2449 2936 2522 quod
2965 2449 3224 2520 qumritnr
3248 2454 3349 2509 est,
3377 2459 3444 2501 an
3471 2459 3595 2499 cum

2001 2559 2159 2601 cruce
2185 2553 2443 2600 venturus
2480 2544 2551 2599 sit
2583 2560 2594 2597 :
2624 2557 2731 2598 non
2761 2543 2907 2597 enim
2939 2540 3187 2610 promissi
3210 2535 3363 2593 obliti
3387 2547 3594 2591 sumus.

2000 2636 2139 2694 Audi
2185 2636 2346 2707 igitur
2382 2651 2467 2703 ea,
2499 2650 2617 2708 quae
2666 2642 2981 2705 sequuntur.
3013 2630 3176 2695 Tunc,
3206 2629 3407 2700 inquit;
3448 2636 3595 2689 tunc,

2000 2730 2376 2802 quandonami
2403 2729 2531 2786 Cum
2551 2728 2741 2784 venerit
2774 2725 2937 2781 Filius
2957 2724 3194 2791 hominis,
3214 2722 3291 2777 sol
3308 2718 3601 2776 obscurabio

2003 2834 2126 2893 tur,
2167 2832 2213 2879 et
2268 2823 2392 2879 luna
2455 2838 2558 2878 non
2608 2821 2747 2876 dabit
2804 2820 2963 2875 lucem
3017 2832 3162 2873 suam
3216 2812 3349 2889 (ib.
3383 2829 3432 2868 υ.
3463 2809 3598 2884 29).

2004 2914 2175 2971 Tanta
2214 2915 2357 2970 enim
2397 2922 2525 2969 tunc
2567 2911 2672 2968 erit
2715 2910 2847 2967 lucis
2888 2909 3063 2977 capia,
3110 2916 3169 2963 ut
3211 2902 3603 2976 splendidiores

2000 3005 2173 3062 stella:
2193 3004 2545 3062 obscuranda;
2564 3003 2693 3058 sint.
2720 3000 2862 3057 Tunc
2877 3001 3037 3055 stella
3048 2999 3248 3064 cadent,
3266 3006 3384 3052 tunc
3396 2997 3599 3068 signum

2005 3092 2133 3152 Filii
2158 3093 2375 3150 hominis
2400 3092 2662 3164 apparebit
2697 3093 2752 3147 iu
2774 3092 2921 3146 caelo.
2953 3090 3140 3146 Viden‘
3168 3097 3365 3161 quanta
3393 3088 3458 3143 sit
3485 3088 3598 3142 vir-

2006 3198 2092 3245 tus
2118 3188 2254 3259 signi
2277 3185 2491 3244 crucis?
2519 3185 2613 3243 Sol
2641 3183 3035 3249 obscurabitur,
3064 3191 3119 3239 et
3147 3182 3271 3238 luna
3302 3195 3408 3236 non
3431 3194 3601 3250 appa-

2004 3279 2146 3337 rebit
2174 3295 2188 3334 :
2220 3275 2349 3335 illud
2378 3292 2505 3333 vero
2550 3275 2717 3348 fulget
2763 3284 2821 3331 et
2862 3283 3112 3345 apparet,
3158 3283 3215 3328 ut
3250 3272 3429 3328 discas
3472 3270 3604 3327 illud

2005 3384 2125 3427 esse
2149 3369 2482 3441 splendidius
2499 3367 2616 3424 sole
2634 3376 2688 3424 et
2710 3366 2857 3423 luna.
2882 3366 2961 3422 Ac
2979 3363 3451 3438 quemadmodum,
3477 3377 3607 3433 rege

2008 3462 2061 3520 in
2091 3461 2278 3519 urbem
2302 3461 2562 3529 intrante,
2584 3461 2782 3516 milites
2822 3468 3039 3529 accepta
3085 3459 3258 3528 signa,
3300 3466 3354 3511 ut
3386 3465 3599 3520 vocant,

2005 3562 2218 3630 gestant
2242 3553 2483 3610 humeris
2506 3595 2521 3618 ,
2554 3552 2671 3623 ejus
2697 3552 2997 3623 ingressum
3037 3548 3457 3619 praenuntiantes
3487 3564 3501 3601 :
3527 3546 3606 3603 sic

2007 3656 2062 3703 et
2091 3645 2318 3701 Domino
2342 3642 2701 3700 descendente
2742 3641 2812 3697 de
2847 3640 3018 3705 caelis,
3047 3639 3312 3710 praeibunt
3336 3639 3607 3695 exercitus

2007 3737 2320 3808 angelorum
2360 3744 2416 3793 et
2456 3734 2925 3805 archangelorum,
2956 3732 3164 3803 signum
3194 3729 3497 3802 hujusmodi
3526 3728 3621 3784 fe»

2008 3838 2188 3885 rentes
2218 3828 2477 3890 humeris,
2500 3836 2554 3882 et
2577 3828 2780 3898 regium
2809 3826 2927 3894 ejus
2954 3825 3251 3895 ingressum
3285 3822 3439 3877 nobis
3468 3836 3605 3891 prm-

2006 3917 2331 3973 nuntiantes.
2390 3916 2534 3971 Tunc
2586 3914 3024 3970 commoeebuntur
3090 3910 3309 3967 Virtutes
3366 3912 3606 3966 oculorum

2007 4010 2219 4083 (ibid),
2254 4010 2321 4065 de
2347 4008 2551 4079 angelis
2576 4008 2849 4079 loquitur:
2876 4014 3075 4061 tremor
3094 4002 3459 4075 apprehendet
3484 4018 3601 4067 eos,

2010 4110 2063 4159 et
2095 4103 2253 4156 timor
2278 4115 2522 4171 magnus.
2544 4098 2612 4153 Et
2629 4112 2745 4163 cur,
2761 4096 2982 4167 quaeso?
3006 4094 3364 4151 Tremendum
3387 4097 3491 4148 erit
3512 4094 3605 4147 tri—

2008 4194 2169 4252 bunal
2197 4193 2323 4248 illud
2351 4211 2365 4246 :
2392 4192 2637 4247 universa
2657 4191 2855 4262 quippe
2870 4199 3055 4244 natura
3075 4197 3255 4243 nostra
3270 4185 3493 4256 judicari
3512 4186 3605 4243 de-

2010 4289 2119 4355 bet,
2136 4298 2190 4344 et
2207 4292 2419 4343 adstare
2444 4294 2567 4340 ante
2590 4282 2980 4339 formidabilem
2998 4281 3144 4336 illum
3160 4280 3414 4351 judicent.
3429 4277 3608 4345 Quare

2008 4396 2137 4451 ergo
2164 4378 2338 4448 angeli
2364 4378 2555 4432 timent
2590 4384 2645 4430 et
2682 4373 3116 4429 exhorrescunt?
3161 4386 3333 4442 neque
3355 4370 3499 4427 enim
3532 4369 3607 4424 illi

2006 4471 2278 4544 judicandi
2321 4478 2465 4524 sunt.
2511 4464 2972 4536 Quemadmodum
3009 4463 3284 4534 iudicante
3332 4463 3605 4532 principe,

2012 4580 2119 4619 non
2147 4563 2224 4617 rei
2256 4570 2461 4615 tantum
2488 4600 2503 4623 ,
2534 4558 2628 4613 sed
2654 4558 2815 4614 etiam
2843 4557 2931 4611 alii
2959 4571 3025 4613 ex
3056 4555 3264 4619 militia,
3292 4555 3386 4624 qui
3410 4554 3609 4608 nullius

2012 4655 2111 4709 sibi
2143 4651 2381 4707 criminis
2417 4649 2616 4705 conscii
2659 4656 2822 4715 sunt,
2853 4648 3045 4701 timent
3066 4654 3120 4700 et
3145 4645 3367 4699 horrent
3391 4644 3461 4699 ob
3489 4660 3606 4699 me-

2013 4756 2122 4800 tum
2166 4743 2370 4799 iudicis
2400 4758 2414 4797 :
2450 4742 2520 4796 ita
2552 4750 2605 4795 et
2632 4750 2755 4795 tunc
2782 4754 2902 4794 cum
2930 4738 2997 4793 de
3025 4747 3214 4791 natura
3244 4745 3425 4790 nostra
3456 4735 3608 4801 judi-

2010 4838 2234 4898 cabitur,
2266 4834 2463 4889 nullius
2494 4832 2619 4888 mali
2648 4832 2747 4887 sibi
2775 4830 2977 4886 conscii
3004 4830 3178 4898 angeli
3206 4828 3500 4895 timebunt,
3534 4827 3606 4881 ob

2013 4928 2327 4981 immensam
2375 4924 2577 4979 iudicis
2627 4921 2983 4976 formidinem.
3031 4918 3228 4973 Verum
3274 4932 3441 4987 quare
3483 4925 3610 4970 tunc

2011 5036 2141 5075 crux
2164 5019 2460 5089 apparebit,
2484 5026 2539 5071 et
2564 5032 2657 5071 cur
2678 5031 2800 5071 cum
2825 5014 2911 5069 illa
2933 5022 3185 5067 venturus
3206 5012 3318 5066 est?
3348 5010 3413 5067 Ut
3440 5010 3494 5076 ii,
3518 5010 3608 5079 qui

2014 5113 2161 5169 illum
2186 5110 2583 5173 crucifixerunt,
2611 5108 2801 5177 ingrati
2832 5106 2995 5161 animi
3024 5104 3105 5159 sui
3133 5102 3423 5172 nequitiam
3444 5116 3610 5172 agno-

2014 5213 2198 5260 scant:
2230 5202 2349 5257 ideo
2374 5201 2585 5255 illorum
2612 5197 2954 5269 impudentia:
2996 5195 3297 5265 symbolum
3341 5193 3609 5247 ostendet.

2013 5296 2167 5364 Quod
2195 5304 2372 5350 autem
2404 5293 2525 5348 ideo
2554 5292 2695 5345 illam
2723 5290 2983 5344 allaturus
3010 5288 3107 5351 sit,
3140 5286 3261 5339 andi
3291 5284 3607 5353 prophetam

2016 5389 2378 5443 declarantem
2437 5402 2449 5437 :
2502 5382 2650 5437 Tunc
2699 5380 2938 5451 plangant
2991 5378 3147 5431 tribus
3197 5387 3343 5429 terra:
3399 5374 3506 5444 (Ib.
3560 5389 3608 5425 ιν.

2015 5481 2128 5551 50),
2159 5480 2398 5533 videntes
2422 5484 2812 5537 accusatorem,
2840 5480 2892 5526 et
2923 5481 3198 5541 peccatum
3230 5477 3603 5539 agnoscentes.

2016 5574 2081 5626 Et
2106 5586 2202 5625 cur
2231 5568 2443 5623 miraris
2487 5567 2531 5621 si
2577 5581 2788 5619 crucem
2833 5572 3049 5633 gestans
3092 5562 3289 5625 veniet,
3314 5558 3529 5628 quando
3558 5566 3614 5611 et

2016 5664 2127 5733 ipsa
2171 5661 2388 5714 vulnera
2435 5670 2560 5711 tunc
2604 5654 2885 5710 ostendet?
2931 5654 3064 5708 Nam
3108 5653 3227 5707 ait:
3274 5649 3521 5703 Videbunt
3560 5652 3613 5702 in

2014 5772 2160 5822 quem
2202 5754 2561 5818 trans/iurum
2612 5747 2812 5815 (Zach.
2846 5747 2930 5801 i2.
2969 5744 3098 5814 10).
3150 5740 3610 5811 Quemadmodum

2018 5847 2159 5901 cnim
2191 5858 2314 5914 erga
2340 5841 2603 5898 Thomam
2630 5839 2769 5906 fecit,
2801 5853 2944 5905 cum,
2974 5846 3031 5890 ut
3055 5829 3613 5905 discipuliincrcduli-
