4164 6324
587 405 695 462 408

588 528 747 574 tatem
777 514 1105 583 emendaret,
1132 515 1363 573 ostendit
1390 517 1437 571 ei
1462 515 1681 570 ﬁxuram
1698 514 1968 569 clavorum
1988 524 2041 568 et
2060 513 2176 567 vnl-

590 626 717 665 nera
755 608 939 664 dicens
974 626 988 664 :
1018 606 1162 680 lit/“cr
1188 624 1392 662 manum
1428 618 1584 671 tuam,
1616 616 1664 660 et
1688 606 1801 660 vide
1824 607 1942 675 quia
1966 606 2176 674 spiritus

589 714 791 753 carnem
813 709 858 753 et
885 716 1000 755 ossa
1026 715 1126 755 non
1150 696 1295 754 habet
1325 697 1501 769 (Jaatt.
1530 697 1621 752 20.
1647 696 1747 761 9.7;
1776 696 1899 749 an.
1930 695 2019 751 21.
2049 695 2172 766 59);

589 793 668 846 sic
687 800 742 845 et
768 801 892 849 tunc
916 790 1161 847 ostendet
1184 790 1404 846 vulnera
1426 798 1479 844 et
1503 804 1737 857 crucem,
1763 798 1818 842 ut
1846 787 2177 845 demonstret

590 880 733 945 hunc
756 883 929 950 ipsum
955 898 1074 943 esse
1098 882 1189 953 qui
1212 883 1493 938 cruciﬁxus
1523 880 1636 935 fuit.
1688 948 1691 953 Γ

663 975 719 1029 5.
744 974 927 1044 Neque
952 990 1017 1030 ex
1046 989 1204 1030 cruce
1234 982 1457 1038 tantum,
1484 973 1579 1031 sed
1607 973 1766 1031 etiam
1793 990 1857 1033 ex
1887 974 2064 1030 verbis
2090 972 2174 1029 bis

589 1067 645 1121 in
674 1081 835 1123 cruce
863 1068 1079 1137 prolatis
1111 1068 1422 1122 immensam
1458 1067 1573 1137 ejus
1598 1068 1973 1138 benignitatem
1991 1066 2174 1126 videre

588 1172 673 1215 est
700 1179 715 1215 :
741 1159 1025 1215 cruciﬁxus
1050 1159 1214 1226 enim,
1243 1158 1500 1225 dicteriis,
1525 1160 1798 1215 cachinnis
1818 1170 1870 1213 et
1892 1158 2062 1227 sputis
2086 1157 2175 1214 de-

587 1252 897 1307 bonestatus
924 1253 1135 1309 dicebat
1168 1274 1180 1309 :
1209 1254 1385 1320 Pater,
1406 1254 1599 1308 dimitte
1626 1256 1729 1309 illis
1754 1265 2009 1325 peccatum
2035 1271 2173 1312 :non

585 1346 719 1399 enim
742 1346 907 1399 sciunt
934 1347 1056 1415 quid
1080 1348 1272 1417 faciunt
1298 1347 1315 1416 (
1343 1345 1469 1400 Luc.
1496 1346 1589 1402 25.
1619 1348 1687 1403 5L
1707 1345 1746 1418 ).
1790 1348 1857 1402 Et
1886 1345 2173 1402 cruciﬁxus

584 1450 685 1505 pro
730 1438 1160 1506 cruciﬁgentibus
1206 1445 1451 1507 precatur
1479 1456 1492 1491 :
1526 1453 1843 1509 quamquam
1878 1439 1950 1492 illi
1986 1447 2171 1494 contra

580 1529 831 1589 dicebant
864 1548 876 1585 :
909 1531 967 1585 Si
997 1530 1044 1583 F
1045 1532 1164 1585 ilius
1194 1530 1285 1585 Dei
1320 1548 1405 1594 es,
1441 1531 1684 1585 descende
1706 1532 1770 1585 de
1798 1548 1961 1595 cruce,
1992 1540 2039 1585 et
2064 1546 2172 1585 cre-

584 1620 757 1674 demus
782 1620 868 1674 tibi
896 1620 1124 1691 (Matth.
1154 1621 1244 1676 27.
1271 1622 1359 1676 to.
1388 1630 1433 1676 et
1459 1621 1527 1677 te.
1544 1622 1583 1692 ).
1614 1622 1772 1692 Atqui
1799 1622 1920 1675 ideo
1946 1622 2033 1676 ille
2062 1636 2169 1676 non

582 1709 861 1765 descendit
879 1710 945 1765 de
970 1727 1150 1783 cruce,
1173 1715 1292 1782 quia
1326 1711 1493 1779 Filius
1524 1712 1616 1767 Dei
1639 1722 1747 1778 est;
1777 1720 1833 1767 et
1857 1711 1979 1767 ideo
2000 1712 2167 1779 venit,

585 1808 645 1855 ut
687 1802 1089 1871 cruciﬁgeretur
1136 1817 1233 1873 pro
1277 1803 1451 1857 nobis.
1501 1802 1762 1857 Descende
1789 1804 1852 1858 de
1881 1818 2049 1867 cruce,
2084 1804 2169 1857 in-

583 1894 790 1962 quiunt,
822 1890 1153 1950 elueredemtts
1178 1896 1285 1950 tibi.
1317 1896 1441 1951 Haec
1466 1897 1626 1953 verba
1663 1906 1807 1962 sunt,
1818 1904 1895 1961 ,ει
1919 1896 2169 1953 incredu-

582 1981 747 2037 litatis
773 1984 1038 2040 obtentus.
1087 1985 1218 2040 Nam
1247 1986 1415 2040 multo
1450 1986 1621 2056 majus
1646 1997 1760 2042 erat
1784 1988 1957 2056 lapide
1982 2001 2170 2056 super-

583 2078 758 2146 posito
786 2094 853 2133 ex
882 2081 1127 2147 sepulcro
1151 2096 1449 2151 resurgere,
1476 2097 1632 2152 quam
1663 2083 1731 2137 de
1760 2098 1919 2138 cruce
1945 2083 2173 2139 descen-

580 2167 740 2233 dere;
782 2170 949 2225 multo
976 2171 1146 2240 majus
1174 2180 1289 2227 erat
1320 2182 1587 2227 mortuum
1624 2174 1855 2227 vinctum
1885 2182 1938 2229 et
1962 2174 2168 2244 quatri-

580 2259 813 2313 duanum
862 2260 1121 2315 Lazarum
1175 2277 1295 2317 cum
1351 2264 1477 2332 ipsis
1524 2262 1701 2318 fasciis
1747 2278 1779 2317 e
1823 2272 2169 2319 monumento

582 2348 833 2415 educere,
860 2367 1017 2419 quam
1053 2352 1121 2409 de
1145 2368 1301 2410 cruce
1326 2352 1673 2411 descendere.
1722 2354 1802 2409 llli
1831 2355 1991 2423 igitur
2018 2354 2167 2409 dice.

582 2438 709 2494 bant
740 2458 753 2494 :
784 2441 845 2495 Si
870 2441 1038 2497 Filius
1081 2442 1177 2498 Dei
1217 2461 1302 2509 es,
1344 2445 1538 2499 salvam
1577 2446 1661 2514 {ac
1702 2446 2166 2515 temetipsnmﬁlle

580 2543 711 2583 vero
739 2529 866 2584 nihil
898 2547 1001 2585 non
1030 2534 1253 2603 agebat,
1298 2543 1355 2588 ut
1395 2535 1511 2589 illos
1542 2536 1687 2606 ipsos
1711 2536 1799 2607 qui
1830 2551 1888 2592 se
1912 2536 2165 2593 conviciis

579 2621 875 2677 onerabant
904 2626 1083 2683 salvos
1108 2624 1325 2692 faceret,
1355 2626 1537 2682 dicens
1567 2646 1582 2681 :
1613 2627 1818 2681 Dimitte
1850 2627 1953 2682 illis
1987 2643 2165 2695 pecca-

582 2722 688 2766 tum
739 2728 760 2768 :
804 2729 902 2767 non
925 2718 1983 2792 ettimsciuntqttid{uciunt(Lstc.33.34).
2026 2719 2166 2788 Quid

580 2804 773 2872 igitur?
800 2821 924 2861 num
950 2807 1053 2861 illis
1084 2818 1357 2879 peccatum
1382 2810 1622 2865 dimisit?
1645 2810 1941 2866 DimiSIsset
1960 2812 2162 2881 utique,

579 2896 625 2950 si
655 2896 946 2953 voluissent
976 2902 1338 2968 ptenitentiam
1382 2918 1561 2972 agere.
1600 2903 1655 2958 Si
1702 2902 1843 2958 enim
1874 2918 1980 2958 non
2007 2903 2167 2960 dimi-

580 2990 734 3046 sisset
767 2992 869 3045 illis
891 3002 1184 3060 peccatum,
1209 3010 1497 3065 numquam
1530 2994 1721 3050 Paulus
1746 2996 1932 3052 fuisset
1951 3006 2166 3068 aposto-

580 3080 663 3133 lus
694 3098 707 3134 :
740 3081 783 3135 si
827 3097 932 3136 non
977 3082 1265 3142 dimisisset
1308 3085 1412 3139 illis
1455 3096 1752 3155 peccatum,
1790 3100 1893 3141 non
1938 3087 2035 3142 tria
2077 3086 2165 3151 illa

579 3172 769 3236 millia,
800 3188 905 3229 non
927 3176 1159 3247 quinque
1187 3177 1371 3241 millia,
1406 3194 1511 3233 non
1541 3179 1720 3232 multm
1752 3180 2017 3251 myriades
2040 3195 2165 3236 ere-

578 3263 861 3320 didissent.
920 3265 1071 3334 Quod
1124 3267 1265 3327 enim
1313 3268 1494 3323 multa:
1536 3269 1842 3324 Judmorum
1898 3271 2166 3343 myriades

578 3355 1095 3434 crediderintpaudi
1124 3358 1249 3427 quid
1286 3359 1511 3437 apostoli
1544 3360 1707 3414 Paulo
1734 3361 1953 3418 dicant:
1995 3359 2163 3429 Vides,

580 3449 757 3516 frater,
788 3457 907 3516 quot
952 3450 1053 3505 sint
1089 3450 1341 3520 myriades
1381 3448 1678 3511 Iudaeorum
1724 3452 1809 3523 qui
1846 3452 2166 3511 crediderunt

580 3537 1068 3677 ἕνα
1104 3610 1378 3665 orationem
1397 3627 1491 3681 pro
1517 3613 1733 3674 inimicis
1758 3613 2059 3668 admonitio.
2089 3645 2163 3657 —

581 3696 854 3754 Imitemur
875 3702 1053 3771 itaque
1079 3702 1385 3770 Dominum,
1410 3711 1465 3758 et
1488 3718 1583 3773 pro
1604 3704 1832 3759 inimicis
1853 3719 2159 3774 precemur:

581 3791 824 3848 eamdem
851 3794 992 3846 enim
1017 3794 1441 3849 cohortationem
1468 3811 1703 3862 resumo,
1726 3797 1835 3865 jam
1862 3797 2051 3866 quinto
2076 3796 2164 3852 die

582 3882 734 3938 vobis
758 3882 826 3939 de
848 3884 1039 3939 eodem
1072 3890 1383 3956 argumento
1424 3887 1652 3953 dissero,
1695 3903 1799 3943 non
1827 3872 1978 3957 quasi
2006 3888 2162 3944 inob-

582 3984 870 4046 sequentes
888 3990 983 4031 vos
998 3992 1244 4049 arguens,
1270 3978 1408 4033 absit
1430 3995 1445 4042 ;
1477 3979 1569 4034 sed
1591 3995 1814 4048 sperans
1836 3995 1930 4035 vos
1956 3980 2163 4036 obtem-

579 4075 859 4137 peraturos
884 4082 1020 4123 esse.
1050 4067 1201 4135 Quod
1222 4070 1266 4125 si
1289 4070 1376 4140 qui
1396 4071 1503 4125 sint
1524 4070 1661 4135 duri,
1697 4072 1936 4127 iracundi
1958 4082 2013 4129 et
2040 4087 2159 4128 mo-

584 4156 711 4221 rosi,
744 4158 831 4228 qui
856 4160 1049 4213 nostris
1073 4160 1213 4215 circa
1244 4161 1538 4215 orationem
1577 4162 1791 4216 monitis
1819 4178 1923 4217 non
1954 4178 2160 4218 morem

579 4259 786 4317 gerant,
806 4264 872 4305 ex
902 4265 1123 4304 numero
1152 4251 1338 4305 saltem
1370 4250 1574 4306 dierum
1602 4252 1889 4321 pudefacti,
1932 4253 2161 4308 inimici—

582 4341 684 4395 tias
710 4350 764 4399 et
797 4343 1094 4397 simultates
1120 4342 1405 4411 deponent.
1440 4342 1651 4397 Imitare
1682 4344 1962 4403 Dominum
1992 4362 2004 4397 :
2033 4360 2160 4399 cru-

581 4431 770 4487 eitixus
794 4442 894 4497 est,
924 4441 977 4495 et
1003 4450 1096 4503 pro
1124 4433 1549 4503 cruciﬁgentibus
1564 4433 1775 4492 Patrem
1802 4436 2159 4504 compellavit.

581 4522 649 4576 Et
678 4522 943 4593 quomodo
989 4525 1206 4593 possim,
1239 4524 1467 4595 inquies,
1501 4524 1780 4579 Dominum
1825 4525 2022 4580 imitari
2050 4527 2073 4580 Ἰ
2104 4526 2161 4581 Si

582 4614 735 4679 velis,
759 4615 957 4683 poteris
995 4615 1131 4669 :nisi
1159 4616 1300 4669 enim
1333 4630 1515 4685 posses
1542 4617 1770 4682 imitari,
1801 4632 1895 4672 cur
1915 4617 2155 4684 dixisset,

583 4704 773 4759 Discite
815 4723 847 4759 a
880 4722 956 4760 me
979 4706 1098 4775 quia
1137 4707 1272 4759 mitis
1302 4723 1412 4760 sum
1437 4718 1484 4761 et
1524 4707 1730 4761 humilis
1766 4709 1916 4762 corde
1944 4708 2157 4777 (Matth.

581 4799 668 4852 il.
700 4798 840 4865 99)?
885 4798 995 4853 Nisi
1048 4813 1233 4867 posses
1275 4799 1490 4863 imitari,
1542 4814 1645 4853 non
1683 4800 1903 4855 dixisset
1942 4802 2157 4869 Paulus,

581 4886 871 4943 lntitatores
915 4888 1011 4945 mei
1053 4898 1225 4954 estote,
1255 4890 1383 4944 sicut
1412 4900 1459 4943 et
1484 4905 1576 4959 ego
1606 4888 1793 4944 Christi
1828 4892 1902 4961 (l.
1931 4891 2049 4946 Cor.
2070 4894 2157 4948 ll.

581 4980 947 5049 l).C.'rterum
997 4983 1041 5035 si
1080 4997 1183 5035 non
1222 4982 1303 5036 vis
1356 4982 1549 5037 imitari
1603 4980 1903 5046 Dominum,
1954 4984 2161 5039 imitare

579 5090 917 5139 conservum,
949 5076 1273 5144 Stephanum
1300 5077 1543 5131 videlicet
1569 5077 1866 5145 apostolum
1902 5093 1915 5129 :
1956 5077 2155 5132 etenim

581 5166 671 5222 ille
700 5166 977 5221 Dominum
1024 5167 1257 5222 imitatus
1298 5176 1400 5221 est.
1430 5167 1498 5221 Et
1533 5167 1978 5237 quemadmodum
2010 5167 2163 5229 Chri-

580 5266 693 5311 stus
736 5258 873 5311 inter
899 5257 1288 5326 cruciligentes,
1320 5259 1480 5321 missa
1522 5274 1699 5323 cruce,
1725 5259 1901 5313 missis
1927 5259 2011 5324 iis,
2042 5272 2162 5328 qua:

579 5347 645 5400 ad
679 5360 737 5401 se
761 5347 1081 5417 spectabant.
1122 5363 1217 5417 pro
1242 5350 1671 5419 crucifigentibus
1698 5364 1755 5403 se
1796 5350 2003 5404 Patrem
2032 5365 2157 5419 pre-

579 5438 835 5498 cabatur;
875 5440 945 5492 ita
988 5448 1040 5493 et
1072 5454 1256 5493 servus
1294 5443 1430 5495 inter
1459 5440 1773 5512 lapidantcs,
1802 5440 1870 5495 ab
1909 5441 2159 5495 omnibus

582 5530 870 5597 impctitus,
902 5530 1170 5599 excipiens
1198 5531 1427 5600 lapidum
1450 5533 1605 5595 ictus,
1635 5535 1798 5585 misso
1820 5531 2023 5595 dolore,
2052 5547 2158 5601 quo

583 5621 707 5676 hinc
731 5621 1075 5690 afﬁciebatur,
1108 5624 1337 5688 diccbat,
1364 5624 1596 5686 Domine,
1631 5640 1693 5683 ne
1711 5632 1906 5678 statuas
1936 5620 2157 5678 illishoc

584 5724 839 5781 peccatum
867 5716 997 5783 (Act.
1029 5717 1081 5768 7.
1111 5717 1222 5784 59).
1248 5716 1426 5771 Viden’
1454 5717 1723 5786 quomodo
1764 5716 2009 5785 loquatur
2050 5716 2153 5769 Do-

582 5804 798 5858 minus?
832 5806 1015 5863 V'idcn’
1046 5808 1311 5879 quomodo
1338 5817 1578 5880 precetur
1620 5810 1849 5863 servus?
1893 5806 1979 5863 Ille
2011 5808 2156 5875 dicit,

1330 402 1391 458 8.
1430 401 1710 460 JOANNIS
1748 403 2219 462 CHRYSOSTOMI
2252 405 2565 462 ARCIllEP.
2605 403 3144 462 CONSTANTIXOP.

3763 400 3866 459 £05

2286 508 2459 581 Pater,
2494 516 2689 569 dimitte
2707 516 2813 569 illis
2836 515 2930 570 hoc
2956 527 3256 586 peccatum;
3282 532 3383 571 non
3409 518 3541 571 enim
3560 516 3727 571 scitust
3749 518 3868 587 quid

2279 607 2477 677 faciunt
2498 606 2649 679 (Luc.
2679 605 2769 660 23.
2798 607 2892 674 δι)
2924 625 2938 661 :
2984 607 3068 661 hic
3108 621 3256 671 vero,
3289 606 3373 661 Ne
3401 617 3597 662 statuas
3625 608 3731 662 illis
3774 610 3867 664 hoc

2280 710 2557 769 peccatum.
2586 696 2657 754 Ut
2682 713 2810 753 vero
2839 698 3014 753 discas
3058 698 3207 753 illum
3246 698 3484 754 studiose
3510 699 3737 769 precari,
3761 715 3867 753 non

2280 802 2449 858 stans,
2499 791 2759 861 lapidibus
2786 790 2911 846 licet
2929 791 3170 856 obrutus,
3198 800 3351 858 orat,
3378 791 3474 846 sed
3505 792 3693 861 positis
3716 791 3864 861 geni-

2278 884 2380 941 bus
2404 899 2526 942 cum
2566 884 2974 953 compunctione
3014 883 3270 953 loquitur,
3298 894 3354 938 et
3377 899 3498 960 qum
3528 883 3693 937 multa
3718 898 3864 938 com-

2279 976 2639 1031 miseratione.
2659 974 2749 1030 Vis
2778 973 3054 1030 ostendam
3070 974 3161 1032 tibi
3181 987 3501 1036 conservum
3529 975 3692 1029 alium
3710 974 3865 1043 longe

2278 1066 2547 1137 graviora,
2579 1080 2737 1135 quam
2769 1064 2877 1130 ille,
2903 1065 3237 1135 patientem?
3264 1065 3459 1120 Paulus
3478 1066 3573 1135 ait,
3601 1064 3646 1121 Α
3670 1062 3866 1118 Iuda-is

2281 1168 2356 1211 ter
2382 1158 2535 1229 virgis
2562 1172 2725 1212 cursus
2753 1174 2889 1224 sitm,
2913 1158 3069 1212 semel
3102 1157 3361 1227 lapidatus
3384 1175 3518 1226 sum,
3551 1169 3699 1213 nocte
3721 1166 3767 1211 et
3787 1158 3868 1211 dis

2277 1249 2330 1303 in
2350 1248 2605 1320 profundo
2626 1250 2704 1319 fui
2733 1248 2812 1319 (2.
2839 1248 2956 1303 Cor.
2981 1249 3070 1303 li.
3099 1248 3190 1304 ει.
3210 1246 3327 1319 25).
3346 1248 3484 1313 Quid
3513 1258 3621 1302 tum
3643 1248 3870 1318 postea?

2280 1337 2551 1409 Optabam,
2573 1339 2760 1409 inquit,
2785 1339 2896 1408 ipse
2921 1339 3192 1393 anathema
3212 1355 3319 1393 esse
3342 1355 3434 1409 pro
3456 1338 3703 1410 fratribus
3719 1338 3860 1404 meis,

2275 1430 2648 1499 caquatismeis
2688 1428 2966 1483 secundum
3000 1444 3202 1483 carnem
3229 1427 3409 1496 (Rom.
3442 1429 3495 1485 9.
3524 1428 3779 1498 3).\'isne
3814 1439 3868 1483 et

2274 1519 2437 1574 alium
2470 1520 2671 1586 videre,
2702 1534 2805 1573 non
2829 1535 2895 1575 ex
2925 1534 3083 1586 novo,
3102 1518 3196 1575 sed
3220 1534 3287 1575 ex
3318 1519 3485 1574 veteri
3500 1518 3868 1574 Testamento?

2276 1609 2389 1665 Hoc
2413 1611 2555 1665 enim
2590 1619 2673 1665 est
2719 1610 2950 1666 maxime
2989 1610 3226 1664 omnium
3266 1610 3528 1674 mirabile,
3582 1608 3725 1679 quod
3778 1609 3866 1667 ubi

2275 1718 2383 1758 non
2431 1702 2876 1773 prmcipiebantur
2920 1703 3164 1758 inimicos
3206 1703 3450 1773 diligere,
3505 1704 3634 1774 quin
3688 1703 3866 1775 petitis

2273 1793 2485 1847 oculum
2518 1808 2613 1861 pro
2641 1792 2797 1847 oculo
2848 1792 3181 1861 exsculpere,
3212 1802 3264 1847 et
3294 1792 3510 1847 dentem
3555 1806 3654 1862 pro
3704 1792 3866 1849 dente

2273 1881 2468 1953 (Exod.
2495 1883 2584 1937 2|.
2607 1882 2696 1938 24.
2725 1883 2841 1953 25),
2870 1892 3029 1953 atque
3046 1883 3098 1937 in
3115 1882 3270 1938 malis
3296 1899 3392 1952 par
3416 1883 3528 1953 pari
3554 1881 3782 1949 referre,
3800 1884 3865 1939 ad

2273 1975 2621 2043 apostolicam
2648 1976 2993 2043 pervenerint
3020 1973 3431 2044 philosophiam.
3454 1974 3593 2028 Audi
3627 1974 3756 2045 quid
3781 1974 3864 2028 di-

2272 2075 2358 2125 cat
2374 2066 2605 2137 Moyses,
2625 2068 2713 2136 qui
2733 2081 2876 2135 sa'pe
2900 2065 3143 2121 aJudmis
3161 2066 3443 2136 lapidatus,
3466 2075 3519 2122 et
3541 2065 3866 2136 contemptui

2275 2158 2488 2215 habitus
2512 2167 2595 2217 est
2623 2158 2721 2213 :Si
2735 2158 2947 2213 dimittis
2970 2159 3073 2212 illis
3102 2168 3383 2229 peccatum,
3416 2160 3652 2225 dimitte,-
3682 2160 3730 2213 si
3752 2175 3868 2213 vero

2272 2264 2393 2315 non,
2418 2249 2570 2304 etiam
2598 2261 2678 2301 me
2702 2248 2815 2302 dele
2840 2248 2906 2302 de
2917 2249 3052 2302 libro
3088 2259 3243 2315 quem
3260 2243 3740 2314 scripsislt'(E-10d.
3776 2248 3867 2304 52.

2273 2340 2365 2398 3|.
2396 2338 2508 2411 32).
2538 2338 2723 2393 Viden‘
2746 2338 3039 2409 quemlibet
3068 2353 3135 2393 ex
3154 2339 3315 2407 justis
3335 2338 3559 2393 aliorum
3599 2338 3866 2393 securitat-

2274 2438 2382 2489 tem
2426 2432 2781 2501 praL-posuisse
2822 2429 2977 2485 saluti
3020 2443 3132 2484 sua:
3159 2429 3184 2482 2
3214 2427 3355 2483 Nihil
3384 2428 3637 2499 peccasti,
3686 2435 3744 2484 et
3770 2442 3867 2487 cur

2275 2520 2359 2576 vis
2389 2534 2509 2575 esse
2554 2535 2740 2576 eorum
2789 2519 3035 2591 supplicii
3080 2520 3344 2575 consors?
3386 2520 3543 2598 Quia,
3593 2520 3865 2591 inquiunt,

2274 2614 2486 2671 caeteris
2526 2613 2668 2669 malo
2692 2612 2916 2675 allectis,
2938 2611 3013 2667 rei
3046 2626 3181 2668 mea:
3208 2626 3482 2683 prospera:
3510 2627 3730 2669 sensum
3758 2627 3867 2673 non

2271 2704 2533 2775 percipio.
2561 2702 2688 2759 Haec
2714 2705 2957 2773 exempla
2987 2704 3115 2760 satis
3143 2712 3363 2760 essent:
3390 2703 3457 2758 ad
3483 2704 3743 2773 majorem
3763 2718 3864 2759 sn-

2272 2802 2382 2852 tem
2410 2794 2577 2850 nostri
2628 2794 3057 2861 emendationem
3099 2796 3261 2865 alium
3303 2794 3491 2851 eadem
3526 2794 3864 2865 philosophia

2273 2892 2512 2941 utentem
2541 2884 2595 2940 in
2620 2884 2853 2939 medium
2881 2885 3165 2945 adducam.
3196 2886 3269 2940 At
3317 2885 3462 2943 enim
3486 2883 3653 2941 David
3678 2886 3869 2945 beatus

2271 2978 2363 3033 ille
2412 2987 2829 3047 mansuetusque
2857 2978 2970 3044 vir,
3000 2987 3279 3048 postquam
3313 2978 3581 3033 exercitus
3604 2985 3751 3032 totus
3775 2976 3869 3032 de-

2271 3069 2492 3133 fecerat,
2524 3078 2691 3139 atque
2718 3084 2906 3131 necem
2933 3070 3050 3140 ejus
3076 3070 3305 3125 moliens
3332 3069 3441 3125 filio
3468 3069 3758 3124 Abesalom
3780 3080 3867 3141 tv-

2269 3160 2549 3223 rannidem
2576 3160 2876 3226 detulerat;
2922 3160 3118 3218 deinde
3162 3162 3275 3218 Deo
3321 3162 3391 3217 ob
3416 3160 3548 3217 illud
3577 3160 3786 3218 facinus
3812 3164 3865 3218 in

2271 3252 2405 3306 iram
2424 3252 2690 3313 concitato
2712 3249 2863 3323 (quid
2903 3252 3047 3307 enim
3087 3252 3313 3312 interest
3358 3253 3404 3307 si
3433 3251 3594 3308 aliam
3621 3252 3865 3308 interne—

2270 3342 2441 3398 cionis
2484 3357 2699 3398 causam
2726 3340 2962 3411 proferat
2978 3340 3025 3412 τ)
3057 3342 3281 3415 ipsoque
3317 3342 3563 3413 angelum
3593 3342 3865 3409 mittente,

2269 3435 2361 3505 qui
2399 3434 2641 3495 districto
2685 3433 2862 3505 gladio
2890 3434 3098 3505 plagam
3134 3449 3363 3505 superne
3384 3434 3624 3502 inferret,
3653 3435 3865 3501 videns,

2268 3525 2509 3595 inquam,
2542 3524 2708 3581 David
2751 3538 2937 3580 omnes
2960 3524 3135 3595 gladio
3164 3523 3379 3591 cadere,
3401 3525 3528 3597 quid
3558 3524 3729 3580 dicit?
3750 3523 3866 3600 Ego

2274 3618 2360 3687 qui
2381 3627 2556 3687 pastor
2576 3632 2691 3670 sum
2709 3616 2931 3686 peccavi,
2960 3624 3118 3687 eter
3140 3626 3315 3686 pastor
3338 3615 3509 3688 inique
3527 3617 3606 3688 egi
3627 3633 3647 3671 :
3671 3617 3739 3671 sit
3762 3633 3866 3670 nta-

2269 3722 2364 3759 mts
2387 3715 2476 3759 tua
2516 3722 2669 3775 super
2696 3721 2793 3771 me,
2821 3716 2868 3759 et
2890 3721 3041 3771 super
3066 3706 3275 3759 domum
3301 3707 3461 3776 patris
3488 3708 3585 3759 mei
3617 3705 3696 3773 (Ξ.
3730 3704 3861 3779 Reg.

2267 3797 2358 3852 26.
2385 3795 2497 3868 l7).
2526 3795 2687 3852 Vides
2709 3796 2903 3857 iterum
2929 3795 3122 3851 similia
3154 3796 3412 3865 pneclare
3427 3806 3575 3866 gesta
3600 3796 3624 3848 ἲ
3658 3795 3750 3851 Vis
3770 3811 3864 3854 os-

2270 3880 2483 3947 tendam
2532 3888 2626 3943 tibi
2669 3897 2724 3943 et
2773 3888 2976 3942 alium?
3010 3902 3185 3957 neque
3209 3888 3351 3948 enim
3391 3888 3560 3943 deerit
3585 3887 3723 3944 alter
3769 3889 3864 3960 qui

2269 3980 2458 4035 eodem
2500 3979 2662 4034 modo
2691 3978 3117 4055 philosophetur.
3154 3978 3370 4039 Samuel
3411 3978 3504 4033 ille
3546 3979 3863 4049 propheta:

2268 4070 2467 4126 Judaeis
2478 4069 2799 4125 contumelia
2816 4068 3039 4124 affectus
3055 4077 3158 4135 est,
3181 4068 3475 4138 depositus,
3497 4077 3864 4141 contemptus,

2268 4162 2341 4217 ita
2385 4168 2443 4213 ut
2481 4160 2623 4215 Deus
2650 4159 2823 4229 ipsum
2869 4158 3136 4213 consolari
3162 4158 3381 4227 cupiens
3408 4157 3630 4224 diceret,
3668 4156 3862 4212 Nonte

2268 4258 2694 4321 contempserunt,
2722 4250 2809 4310 sed
2851 4266 2928 4303 me
2952 4249 3029 4321 (ι.
3062 4248 3192 4319 Reg.
3229 4248 3283 4303 8.
3314 4248 3391 4318 7).
3414 4246 3551 4313 Quid
3580 4248 3741 4317 igitur
3765 4247 3861 4316 ille

2276 4343 2643 4405 contemptus,
2664 4335 2973 4404 despectus,
2995 4330 3326 4386 contumelia
3356 4330 3617 4384 euectus?
3638 4331 3791 4385 Absit
3815 4349 3851 4386 a

2271 4445 2354 4485 Ite
2379 4437 2437 4482 stt
2474 4429 2551 4482 ita
2572 4442 2796 4497 peccem,
2820 4433 2878 4479 ut
2898 4440 3091 4478 cessem
3113 4438 3267 4480 orare
3281 4437 3375 4491 pro
3395 4423 3536 4476 vobis
3560 4421 3853 4477 Dominum

2273 4520 2351 4593 (Ι.
2371 4518 2497 4589 Reg.
2524 4518 2612 4583 ιε,
2634 4516 2749 4587 25).
2768 4515 3058 4571 Peccatum
3079 4512 3289 4584 putavit
3304 4528 3425 4568 esse
3448 4529 3555 4567 non
3574 4529 3733 4568 orare
3750 4530 3853 4584 pro

2275 4614 2536 4671 inimicis.
2560 4614 2717 4669 Absit
2750 4629 2780 4667 a
2805 4629 2892 4669 me
2920 4622 2978 4669 ut
2998 4613 3069 4666 ita
3094 4626 3335 4681 peccem,
3356 4619 3417 4665 ut
3443 4624 3552 4663 non
3576 4623 3727 4662 orem
3750 4622 3853 4678 pro

2269 4706 2450 4763 vobis!
2466 4702 2716 4759 Christus
2728 4704 2887 4758 dicit:
2910 4703 3297 4765 Pater,dimitte
3311 4701 3420 4754 illis
3436 4708 3732 4769 peccatum,-
3747 4714 3856 4752 non

2268 4803 2409 4858 enim
2430 4799 2744 4869 sciutttqttid
2765 4799 2971 4867 faciunt
2998 4796 3151 4866 (Luc.
3167 4797 3261 4861 23,
3280 4797 3394 4868 5|):
3421 4795 3733 4864 Stephanus
3757 4808 3852 4849 ve-

2270 4908 2356 4960 ro,
2381 4891 2623 4957 Domine,
2644 4905 2705 4944 ne
2725 4898 2931 4947 statuas
2957 4890 3066 4942 illis
3087 4889 3181 4941 hoc
3200 4896 3471 4956 peccatum
3497 4886 3636 4956 (Act.
3662 4885 3852 4953 7.59);

2268 4982 2463 5036 Paulus
2508 4990 2707 5045 autem,
2739 4977 2990 5049 Optabam
3026 4978 3299 5032 anathema
3328 4993 3437 5031 esse
3473 4993 3566 5046 pro
3611 4978 3862 5047 ﬁatribits

2268 5074 2410 5139 meis,
2462 5072 2688 5141 cognatis
2737 5070 2863 5129 meis
2915 5069 3191 5122 secundum
3237 5084 3440 5121 carnem
3481 5068 3658 5135 (Rom.
3688 5068 3742 5122 9.
3775 5068 3861 5136 3).

2268 5161 2476 5232 Moyses
2499 5160 2645 5225 dicit,
2672 5158 2733 5212 Si
2754 5159 2963 5211 dimittis
2984 5167 3243 5226 peccatum
3268 5156 3393 5222 illis,
3417 5157 3611 5211 ditniue
3638 5174 3657 5211 :
3678 5158 3720 5210 si
3741 5172 3862 5209 vero

2268 5271 2390 5319 non,
2418 5254 2569 5313 etiam
2600 5269 2677 5305 me
2706 5251 2818 5311 dele
2836 5251 2898 5304 de
2923 5252 3071 5315 libro,
3093 5268 3241 5319 quem
3267 5251 3516 5320 scripsisti
3537 5249 3733 5317 (Exod.
3763 5250 3861 5305 32.

2268 5348 2355 5401 3|.
2388 5345 2502 5415 '52);
2524 5344 2688 5398 David
2716 5358 2865 5409 vero,
2893 5344 2975 5397 Sit
3003 5361 3182 5398 manus
3210 5352 3300 5397 tua
3326 5359 3483 5411 super
3510 5359 3609 5407 me,
3642 5354 3689 5397 et
3706 5359 3864 5414 super

2267 5439 2470 5493 domum
2513 5437 2672 5505 patris
2715 5436 2813 5489 mei
2858 5431 2940 5504 (l.
2967 5434 3095 5505 Reg.
3136 5435 3228 5489 24.
3261 5436 3371 5505 l7);
3400 5435 3614 5490 Samuel
3651 5445 3859 5502 autem,

2268 5530 2407 5583 Absit
2452 5546 2483 5582 a
2509 5545 2585 5582 me
2610 5530 2679 5581 ita
2704 5543 2928 5597 peccare,
2963 5536 3015 5578 ut
3044 5544 3254 5581 cesssem
3289 5543 3436 5580 orare
3461 5543 3554 5594 pro
3578 5528 3715 5580 nobis
3743 5525 3859 5579 Do-

2268 5622 2458 5675 minttm
2489 5617 2539 5691 (i
2557 5660 2571 5675 .
2595 5620 2721 5690 Reg.
2768 5618 2855 5674 l2.
2894 5618 3007 5687 ’25).
3033 5619 3201 5686 Quam
3250 5619 3409 5689 igitur
3429 5619 3639 5675 veniam
3666 5633 3856 5674 conse-

2264 5728 2512 5781 quemur,
2544 5713 2770 5767 Domino
2796 5722 2850 5767 et
2878 5712 3045 5767 servis
3074 5724 3182 5767 tum
3215 5714 3335 5767 novi
3368 5722 3481 5767 tum
3513 5714 3714 5769 veteris
3740 5711 3847 5768 Teo

2267 5805 2519 5863 stamcnti
2543 5804 2929 5862 concitantibus
2958 5804 3025 5859 ad
3054 5803 3344 5861 orationem
3378 5818 3475 5884 pro
3521 5802 3773 5869 inimicis,
3803 5802 3850 5859 sl
