4164 6324
211 325 313 382 ωτ
1311 325 1398 359 Illa
1425 325 1654 360 υιὶυυῠ
1693 325 1736 359 ὖ
1751 325 1772 359 I

210 436 319 480 nos
335 434 369 476 e
386 416 654 476 contrario
671 423 857 475 contra
877 412 1123 475 inimicos
1138 412 1459 485 precemur?
1484 411 1583 479 Ne,
1602 427 1809 485 quaeso,

217 529 294 571 ne
313 509 367 567 id
404 523 646 580 agamus,
677 506 888 564 fratres.
920 504 1128 561 Etenim
1156 510 1358 574 quanto
1379 501 1529 573 plura
1551 502 1816 573 exempla,

216 610 377 659 tanto
404 598 595 669 majus,
617 598 663 653 si
688 611 785 654 eos
839 610 947 653 non
980 595 1267 659 imitemur,
1298 592 1639 663 supplicium.
1671 592 1818 649 Pnc-
1872 590 1879 594 “

219 687 453 745 stantius
472 696 555 743 est
576 702 676 759 pro
700 686 951 753 inimicis,
977 699 1134 757 quam
1166 699 1264 755 pro
1290 676 1654 739 amicisorare
1675 701 1689 738 :
1711 698 1819 738 non

224 779 365 834 enim
397 787 601 834 tantum
648 777 793 845 hinc,
818 785 1075 851 quantum
1118 775 1245 832 inde
1289 776 1429 831 lucri
1476 772 1711 830 refertis.
1759 772 1823 831 Si

231 870 363 925 enim
390 869 688 935 dilexeritis,
722 871 911 941 inquit,
943 885 1047 937 eos,
1075 869 1163 941 qui
1183 885 1270 924 uos
1291 867 1529 939 diligunt,
1558 866 1689 921 nihil
1708 884 1822 921 rna-

222 960 309 1028 gni
322 960 494 1029 facitis
510 977 529 1014 :
547 960 728 1014 ctenim
744 970 791 1014 et
805 960 1064 1031 publicani
1078 962 1173 1014 hoc
1193 959 1388 1031 faciunt
1404 956 1617 1029 (Matth.
1631 956 1685 1013 5.
1704 954 1822 1027 ιθ).

230 1047 416 1120 itaque
460 1050 507 1107 si
531 1065 627 1121 pro
655 1051 841 1108 amicis
869 1066 1087 1107 oremus
1117 1058 1339 1114 tantum,
1370 1048 1598 1105 ethnicis
1623 1058 1678 1105 et
1718 1063 1819 1119 pu~

223 1137 448 1195 blicanis
493 1139 728 1197 nondum
771 1141 1021 1197 meliores
1062 1140 1186 1197 facti
1233 1138 1436 1196 sumus.
1470 1140 1682 1195 Atcum
1711 1136 1821 1193 ini-

1309 301 1398 359 DB
1425 299 1654 360 CRUCE
1692 300 1784 359 ΕΤ
1824 301 2166 359 LATRONE.
2211 300 2442 360 llOMfL.
2486 302 2552 359 11.

3430 299 3539 358 408

1929 414 2099 469 micos
2124 412 2417 483 diligimus,
2465 412 2577 468 Deo
2626 426 2723 481 pro
2754 411 2986 469 humana
3038 411 3295 470 facultate
3318 415 3525 473 similes

1927 504 2213 568 eﬂicimur,
2247 501 2350 571 Qui
2372 503 2529 558 solem
2559 519 2707 556 suum
2732 503 2856 557 oriri
2876 504 3003 575 facit
3019 520 3172 567 super
3191 505 3353 560 malos
3374 515 3417 559 et
3442 508 3528 559 bo.

1928 611 2044 663 nos,
2074 603 2120 648 et
2145 594 2275 665 pluit
2292 610 2444 664 super
2462 594 2631 665 justas
2660 603 2705 649 et
2726 593 2945 664 injustas
2974 592 3189 667 (Matth.
3215 596 3269 651 5.
3293 595 3409 664 45).
3436 594 3528 650 Si.

1931 702 2052 742 mus
2084 687 2243 757 igitur
2268 686 2470 741 similes
2500 685 2673 740 Patris
2704 704 2719 740 :
2748 683 3094 750 namEstote,
3126 687 3318 757 inquit,
3337 687 3529 743 similes

1934 775 2109 832 Patris
2132 777 2300 843 uestri,
2322 776 2410 847 qui
2437 776 2489 829 in
2520 776 2659 830 castis
2684 784 2776 840 est,
2804 784 2861 830 ιιι
2885 791 3108 846 regnum
3123 777 3378 831 ca-lorum
3398 790 3529 831 con-

1930 866 2084 938 sequi
2112 854 2446 931 mereamur,
2475 866 2645 937 gratia
2671 874 2725 921 et
2756 865 3083 937 benignitate
3113 865 3320 921 Domini
3348 876 3403 923 et
3434 865 3530 922 Dei

1929 967 1984 1013 et
2010 955 2305 1035 salvatoris
2342 957 2513 1012 nostri
2538 956 2667 1012 Iesu
2710 955 2930 1023 Christi,
2960 958 3043 1012 cui
3071 956 3241 1027 gloria
3266 967 3321 1013 et
3350 960 3523 1029 impc-

1930 1034 2069 1104 rium
2096 1034 2151 1104 in
2181 1048 2377 1105 saecula
2400 1048 2739 1105 saeculorum.
2770 1047 2963 1103 Amen.

231 1262 3531 1289 Μ

225 1386 461 1433 ORATIO
498 1389 559 1433 IN
603 1388 858 1434 σιιυοειι
906 1389 987 1432 ΕΤ
1030 1388 1093 1432 IN
1124 1384 1603 1432 COXFBSSIONEAI
1634 1378 1840 1426 ιιι-ιιο

1951 1405 1969 1433 ,
2002 1377 2315 1421 RECITATA
2359 1378 2424 1422 ΙΝ
2470 1380 2707 1425 εΔΝΩΤΔ
2754 1381 2837 1425 ΕΤ
2878 1381 3096 1426 MAGNA
3144 1380 3533 1438 PABASCKTK,

1235 1487 1316 1529 ετ
1356 1484 1528 1551 QUOD
1557 1478 1895 1526 OPORTEAT
1938 1476 2059 1521 PRO
2104 1478 2371 1523 [NIMICIS
2412 1478 2653 1524 οιιΑιιε.

1542 1623 1967 1679 ———me

690 1697 915 1740 ηοιιιιιι
938 1699 998 1738 ll.

303 1776 355 1830 1.
386 1774 592 1841 Quanta
631 1774 773 1828 nobis
809 1774 938 1828 bona
964 1770 1104 1828 Crux
1130 1768 1334 1837 afferat.
1363 1798 1435 1810 -—
1475 1766 1693 1824 Festum
1722 1764 1822 1821 ho-

225 1868 314 1925 dic
339 1869 546 1938 agimus
572 1877 626 1922 et
653 1874 973 1923 convcntmn
996 1906 1012 1932 ,
1042 1864 1327 1939 carissimi,
1356 1862 1609 1934 quoniam
1643 1860 1825 1916 Domi-

227 1966 331 2015 nus
355 1968 541 2015 noster
560 1957 724 2014 clavis
752 1965 838 2013 est
862 1954 1250 2019 cruci,affixus.
1276 1952 1459 2024 Neque
1482 1952 1824 2024 peregrinum

230 2052 325 2106 tibi
374 2049 617 2105 videatur
636 2088 652 2113 ,
694 2048 738 2104 si
765 2062 886 2103 cum
918 2061 1005 2103 res
1030 2046 1218 2101 odiosa
1244 2054 1297 2100 ct
1322 2042 1617 2100 aversanda
1646 2042 1823 2107 fuerit,

226 2159 327 2197 nus
374 2142 564 2198 festum
608 2140 750 2195 diem
794 2139 1147 2196 celebremus.
1201 2134 1476 2207 Ejusmodi
1518 2134 1661 2190 enim
1704 2141 1831 2187 sunt

227 2234 409 2287 utituia
438 2231 774 2302 spiritualia-,
820 2230 1087 2287 contraria
1129 2228 1375 2283 humana:
1415 2234 1639 2280 natura}.
1681 2223 1750 2279 Et
1774 2230 1833 2278 ut

231 2325 335 2379 huc
387 2326 552 2392 probe
581 2337 873 2393 cognoscas
897 2363 912 2387 ,
956 2336 1083 2376 crux
1121 2320 1265 2391 prius
1290 2317 1753 2374 condcmnationis
1777 2324 1833 2371 et

228 2414 481 2485 supplicii
527 2428 721 2468 nomen
759 2423 908 2477 erat;
949 2422 1003 2465 at
1041 2426 1183 2465 nunc
1214 2424 1301 2465 res
1328 2419 1413 2465 est
1435 2406 1755 2463 venerabilis
1779 2415 1835 2462 et

228 2504 622 2560 desiderabilis.
671 2503 814 2559 Crux
860 2512 1017 2557 antea
1066 2501 1347 2556 dedecoris
1371 2509 1425 2555 et
1465 2514 1639 2569 ιιαιιιω
1664 2513 1831 2568 argu-

193 2610 197 2614 '
232 2605 477 2663 mentum
516 2606 663 2659 erat;
718 2608 856 2648 nunc
892 2593 1074 2663 glori.e
1104 2602 1157 2647 et
1205 2592 1427 2646 honoris
1453 2600 1538 2645 est
1573 2589 1831 2645 occasio:

231 2684 485 2755 quodque
512 2700 641 2739 crus
673 2683 742 2737 sit
769 2684 938 2753 gloria
963 2724 979 2745 .
1028 2681 1151 2736 audi
1199 2681 1473 2737 Christum
1520 2680 1830 2757 dicentem:

254 2773 709 2844 l’ater,clari/ica
727 2786 805 2825 me
837 2770 1003 2841 gloria
1026 2808 1042 2835 ,
1078 2785 1228 2839 quam
1258 2768 1427 2822 Jtabui
1465 2765 1606 2837 apud
1643 2776 1689 2820 te
1730 2776 1848 2821 ante

247 2865 431 2921 mundi
457 2864 861 2919 constitutione»:
888 2862 906 2929 (
920 2860 1079 2915 Joan.
1121 2862 1208 2918 17.
1232 2857 1338 2930 5);
1380 2858 1605 2929 gloriam
1631 2872 1844 2913 erucem

246 2958 557 3014 nominans.
587 2952 733 3010 Crux
769 2962 928 3023 caput
954 2961 1153 3007 nostra:
1180 2951 1367 3005 salutis
1395 2967 1409 3003 :
1438 2963 1567 3004 crux
1606 2948 1846 3004 infinito-

245 3065 370 3106 rum
394 3049 658 3104 honorum
697 3052 1088 3118 argumentum.
1136 3043 1361 3112 Propter
1405 3040 1544 3097 hanc
1579 3054 1713 3107 nos,
1754 3041 1846 3112 qui

248 3142 397 3213 prius
434 3137 645 3211 inglorii
683 3145 735 3193 et
762 3135 947 3206 rejecti
987 3149 1216 3194 eramus,
1247 3133 1463 3187 nuncin
1490 3132 1723 3187 tiliorum
1754 3147 1845 3187 or-

248 3235 429 3290 dinem
474 3230 675 3300 recepti
717 3242 904 3284 sumus
933 3244 947 3282 :
975 3235 1194 3297 propter
1232 3225 1368 3279 hanc
1398 3240 1501 3277 non
1533 3223 1848 3279 oberramus

246 3326 481 3399 amplius
505 3367 521 3393 ,
564 3323 657 3380 sed
697 3321 975 3378 veritatem
1016 3318 1406 3388 cognovimus:
1448 3326 1667 3387 propter
1709 3316 1848 3371 hanc

246 3436 384 3486 nos,
431 3418 519 3489 qui
564 3415 709 3487 prius
744 3414 885 3485 ligna
926 3420 981 3467 et
1027 3410 1231 3480 lapides
1274 3408 1663 3473 adorabanms,
1706 3423 1847 3464 nunc

246 3514 488 3569 omnium
510 3524 689 3565 rerum
707 3504 1020 3559 Creatorem
1032 3501 1383 3570 cognovimus
1406 3516 1421 3554 :
1444 3510 1661 3571 propter
1686 3500 1844 3568 hanc,

245 3606 337 3679 qui
391 3602 532 3658 servi
582 3597 785 3671 peccati
832 3608 1045 3650 eramus
1070 3632 1084 3659 ,
1125 3591 1193 3647 ad
1242 3592 1543 3647 libertatem
1573 3591 1593 3623 ι
1627 3590 1848 3661 justitia:

245 3695 425 3753 evecti
454 3708 639 3749 sumus
668 3710 679 3743 :
712 3696 927 3760 propter
961 3684 1098 3739 banc
1130 3692 1272 3739 terra
1299 3684 1489 3739 ctelum
1536 3682 1604 3738 de
1648 3695 1846 3738 cmtero

249 3792 385 3844 facta
408 3797 511 3842 est.
555 3784 681 3840 llaec
710 3782 778 3838 ab
806 3797 992 3837 errore
1017 3796 1115 3837 nos
1144 3777 1412 3842 liberavit,
1447 3776 1560 3829 hazc
1587 3774 1654 3828 ad
1700 3774 1847 3828 veri-

249 3894 416 3941 tatem
446 3877 699 3942 adduxit,
723 3875 839 3930 ham
872 3872 1363 3929 reconciliationem
1390 3868 1486 3924 Dei
1511 3882 1634 3922 cum
1668 3866 1847 3921 homi-

246 3976 409 4029 nibus
434 3969 697 4037 instituit,
729 3966 847 4023 hare
867 3979 967 4021 nos
985 3978 1051 4019 ex
1070 3961 1335 4034 profundo
1362 3959 1581 4015 maliti-13
1606 3966 1844 4028 ereptos,

244 4066 303 4122 in
329 4060 728 4134 ipsumvirtutis
750 4056 1016 4128 fastigium
1045 4053 1263 4117 eduxit;
1302 4052 1417 4135 lucc
1444 4064 1686 4105 errorem
1732 4048 1846 4102 dm-

246 4172 470 4213 monum
494 4146 770 4220 exstinxit,
802 4151 917 4205 lucc
940 4149 1315 4218 deceptionem
1340 4159 1372 4199 θ
1401 4144 1578 4199 medio
1603 4142 1841 4196 sustulit.

248 4250 477 4319 Propter
493 4245 630 4301 hanc
647 4259 751 4299 non
772 4253 853 4299 cst
873 4240 1104 4311 amplius
1120 4240 1291 4293 fumus
1306 4247 1359 4292 et
1376 4235 1550 4299 nidor,
1571 4241 1627 4289 ct
1642 4234 1847 4303 sangui-

247 4342 333 4397 nis
355 4338 493 4394 bruti
515 4336 736 4400 effusio;
764 4333 858 4389 sed
880 4332 1075 4400 ubique
1094 4328 1268 4385 cultus
1288 4326 1611 4396 spirituales,
1637 4325 1843 4397 hymni,

248 4433 466 4493 laudes,
495 4440 550 4485 et
592 4430 932 4500 precationes
973 4423 1257 4478 visuntur:
1290 4428 1511 4489 propter
1555 4417 1694 4471 hanc
1731 4418 1845 4469 da:-

247 4537 435 4578 mones
468 4520 693 4590 fugiunt,
722 4516 1076 4583 diabolusque
1107 4510 1415 4583 proﬂigatur
1436 4527 1448 4562 :
1471 4517 1687 4579 prepter
1706 4506 1847 4562 hanc

247 4614 477 4668 humana
511 4621 697 4667 natura
726 4624 846 4664 cum
867 4604 1102 4676 angelica
1138 4602 1350 4657 vivendi
1380 4600 1589 4656 ratione
1616 4609 1845 4655 conton-

254 4688 378 4744 dit:
412 4699 629 4759 propter
676 4692 813 4746 hanc
844 4692 1123 4760 virginitas
1154 4693 1205 4745 in
1250 4691 1408 4746 terris
1455 4701 1719 4745 versatur.
1776 4691 1855 4745 Es

256 4794 365 4849 quo
406 4780 549 4834 enim
593 4796 660 4835 ex
692 4780 907 4853 Virgine
938 4782 1025 4837 ille
1054 4782 1287 4851 prodiit,
1334 4783 1583 4853 cognovit
1620 4782 1855 4841 humana

262 4880 449 4924 natura
481 4870 692 4925 virtutis
733 4872 890 4941 hujus
934 4873 1095 4927 viam.
1145 4872 1269 4927 11Το
1300 4888 1400 4928 nos
1427 4874 1479 4926 in
1510 4873 1743 4929 tenebris
1772 4888 1858 4928 sc-

257 4960 449 5015 dentes
478 4962 831 5027 illuminavit;
874 4962 990 5017 lucc
1022 4978 1119 5018 nos
1150 4973 1480 5035 expugnatos
1522 4974 1577 5019 et
1615 4964 1855 5020 debella-

260 5061 347 5106 tos
379 5052 655 5117 liberavit;
690 5054 807 5110 lucc
834 5071 951 5118 nos,
982 5057 1071 5126 qui
1102 5058 1288 5127 procul
1313 5056 1619 5122 abcramus,
1652 5058 1857 5113 vicinos

258 5157 385 5197 esse
413 5141 568 5207 fecit;
604 5143 715 5197 luce
736 5159 834 5199 nos
855 5145 1185 5201 abalienatos
1204 5148 1525 5203 domesticos
1549 5148 1675 5203 fecit
1693 5164 1708 5214 ;
1744 5148 1863 5204 lucc

244 5248 361 5287 mos
392 5236 702 5301 peregrinos
728 5237 896 5291 factos
923 5238 1037 5292 caeli
1068 5240 1212 5294 cives
1238 5240 1544 5305 constituit;
1572 5241 1684 5295 lucc
1708 5240 1861 5297 nobis

242 5312 384 5401 bella
417 5326 684 5389 SUStInlit,
739 5328 884 5394 pacis
931 5330 1193 5385 securitas
1239 5330 1427 5386 effecta
1473 5341 1575 5386 est.
1638 5332 1863 5401 Propter

243 5397 383 5459 hanc
412 5421 517 5461 non
556 5408 921 5493 formidamus
950 5423 1177 5491 amplius
1208 5424 1369 5495 ignita
1410 5424 1609 5481 diaboli
1643 5397 1859 5496 jacula;

244 5510 363 5550 nam
398 5499 518 5553 vitae
567 5503 767 5564 fontem
804 5511 1123 5591 invenustus
1156 5534 1170 5572 :
1212 5527 1433 5589 propter
1471 5518 1609 5577 hanc
1634 5534 1739 5576 non
1769 5534 1861 5576 su-

1162 5664 1193 5693 Υ.

305 5701 318 5728 ³
354 5700 477 5750 sat-il
522 5716 568 5753 ιη
595 5710 833 5775 margine,
858 5719 923 5781 ad
942 5731 1198 5776 summum.
1266 5758 1283 5773 ι

1971 1645 2207 1660 -ῃ

1941 1782 2062 1823 mus
2089 1766 2141 1821 in
2170 1766 2466 1834 viduitate;
2498 1782 2754 1840 sponsum
2783 1770 2928 1826 enim
2955 1772 3291 1841 recepimus:
3318 1780 3537 1841 propter

1931 1860 2073 1917 hanc
2106 1876 2213 1916 non
2241 1862 2493 1917 timemus
2515 1862 2747 1931 amplius
2778 1862 3002 1933 lupum;
3049 1879 3171 1919 nam
3203 1864 3402 1919 bonum
3433 1879 3533 1934 pa-

1933 1951 2511 2022 storcmagnovimus:
2543 1952 2672 2008 dicit
2695 1953 2839 2009 enim
2862 1995 2877 2018 ,
2906 1952 3019 2027 Ego
3046 1972 3160 2009 sum
3190 1963 3362 2024 pastor
3376 1955 3541 2009 bonus

1936 2043 2115 2117 (Joan.
2148 2043 2235 2099 10.
2267 2043 2376 2113 11).
2424 2044 2653 2115 Propter
2690 2043 2829 2100 hanc
2856 2062 2962 2100 non
3002 2046 3283 2100 horremus
3310 2045 3542 2115 amplius

1938 2144 2258 2205 tyrannum;
2301 2133 2367 2188 ad
2400 2134 2599 2205 Regem
2622 2135 2765 2190 enint
2793 2135 3148 2189 accurrinms.
3182 2135 3543 2203 Vides-quan-

1939 2236 2112 2280 lormn
2156 2226 2416 2281 bonorum
2458 2243 2588 2281 crus
2639 2227 2707 2281 sit
2751 2228 2903 2284 nobis
2953 2228 3159 2283 causa?
3205 2227 3333 2281 Jure
3383 2228 3543 2296 igitur

1938 2317 2079 2371 diem
2108 2317 2299 2371 festum
2341 2316 2574 2387 agimus.
2623 2316 2714 2373 Sic
2734 2327 2791 2373 et
2819 2318 3013 2373 Paulus
3043 2327 3226 2373 monet
3257 2328 3313 2371 ut
3336 2310 3542 2372 festivi-

1941 2418 2104 2463 tatem
2144 2423 2366 2478 agamus
2412 2408 2495 2463 his
2534 2408 2755 2464 verbis:
2806 2408 2988 2479 Itaque
3037 2410 3307 2482 ferientur,
3353 2425 3454 2463 non
3490 2408 3544 2463 iu

1940 2502 2185 2569 fermento
2208 2498 2387 2563 reteri,
2423 2515 2581 2569 neque
2618 2500 2670 2553 in
2710 2503 2957 2570 [eratcum
2986 2501 3193 2554 malitia'
3217 2512 3263 2555 ct
3286 2500 3543 2567 nequitia;

1937 2588 2027 2643 sed
2048 2590 2098 2641 in
2135 2589 2327 2659 asymis
2360 2590 2664 2643 sinceritatis
2698 2601 2745 2645 ct
2773 2590 2995 2645 reritatis
3033 2592 3109 2663 (1.
3134 2590 3252 2646 Cor.
3284 2591 3338 2646 5.
3363 2591 3444 2660 8).
3479 2591 3547 2646 Ει

1939 2680 2090 2751 cujus
2116 2682 2285 2750 gratia
2318 2697 2415 2737 nos
2444 2681 2587 2736 diem
2616 2682 2810 2737 festum
2841 2698 3003 2753 agere
3033 2685 3297 2753 prmeipis,
3329 2698 3363 2738 ο
3388 2682 3546 2740 beate

1944 2770 2144 2825 Paule?
2169 2770 2409 2842 Agedum
2436 2786 2656 2827 causam
2683 2772 2879 2828 iudica.
2921 2773 3053 2840 Quia
3082 2773 3283 2828 Pascha
3314 2783 3545 2828 nostrum

1940 2880 2034 2935 pro
2071 2863 2213 2919 nobis
2251 2864 2538 2919 immolatus
2611 2872 2691 2917 est
2742 2859 2989 2917 Christus
3043 2862 3183 2917 Deus
3231 2858 3420 2935 (Ibid.
3446 2863 3535 2917 7).

1944 2953 2107 3010 \‘idcs
2150 2955 2421 3024 quomodo
2462 2971 2594 3012 crus
2639 2956 2709 3011 sit
2747 2956 2902 3013 nobis
2952 2955 3187 3013 fesuuu?
3235 2956 3546 3014 intellexisti

1940 3045 2082 3116 quod
2123 3055 2339 3117 propter
2358 3060 2574 3103 crucem
2605 3060 2704 3102 nos
2735 3044 2928 3102 festum
2955 3046 3233 3103 celebrare
3263 3047 3454 3118 jubet?
3482 3049 3539 3101 fu

1941 3152 2102 3193 cruce
2129 3137 2274 3192 enim
2315 3136 2529 3192 oblatus
2552 3146 2671 3201 est;
2703 3137 2792 3193 ubi
2824 3152 2953 3193 vero
2982 3138 3306 3194 sacrificium
3334 3179 3349 3203 ,
3397 3138 3470 3193 ibi
3490 3147 3548 3192 ct

1945 3238 2283 3300 peccatorum
2326 3228 2621 3296 remissio,
2658 3228 2729 3284 ibi
2779 3228 3149 3285 reconciliatio
3183 3228 3431 3293 Domini,
3476 3228 3549 3282 ibi

1946 3318 2139 3376 festum
2170 3328 2222 3375 ct
2243 3318 2519 3391 gaudium.
2555 3318 2757 3375 l’asrha
2784 3331 3033 3383 nostrum,
3067 3319 3263 3391 iuqttit,
3294 3335 3385 3390 pro
3408 3320 3551 3373 nobis

1943 3412 2235 3466 immolatus
2262 3421 2333 3466 est
2358 3411 2611 3477 Christus.
2647 3410 2743 3467 Ubi
2777 3411 3081 3466 inunolatus
3102 3420 3184 3465 cst
3204 3412 3227 3464 ?
3251 3409 3307 3463 In
3334 3409 3550 3465 excelsa

1945 3517 2124 3557 cruce.
2172 3502 2376 3558 Novum
2404 3514 2456 3557 et
2494 3504 2831 3576 peregrinum
2868 3504 3067 3569 altare,
3116 3517 3239 3557 cum
3274 3516 3469 3555 navum
3497 3513 3554 3555 ct

1950 3594 2261 3649 inusitatum
2305 3595 2462 3665 fuerit
2498 3597 2844 3651 sacritieimu.
2895 3595 3037 3651 Idem
3064 3605 3119 3651 et
3145 3594 3465 3651 sacrificium
3496 3604 3554 3650 et

1947 3687 2201 3741 sacerdos
2220 3697 2332 3741 erat
2354 3729 2370 3751 ,
2397 3687 2722 3741 soci-ilicium
2756 3686 3052 3743 sccundmn
3083 3702 3300 3742 carnem
3325 3728 3339 3751 ,
3373 3700 3554 3741 sacer-

1949 3778 2047 3833 dos
2072 3779 2366 3834 secundum
2396 3779 2679 3849 Spiritum;
2724 3778 2863 3834 idem
2896 3779 3191 3834 immolavit
3213 3788 3268 3833 ct
3305 3777 3552 3832 immola-

1952 3870 2127 3924 batur.
2172 3869 2309 3923 Audi
2359 3869 2550 3923 iterum
2598 3870 2822 3924 Paulum
2865 3869 3179 3923 dicentem:
3213 3868 3391 3921 Omnis
3421 3868 3554 3921 enim

1953 3962 2181 4030 pomifer
2206 3976 2267 4015 επ
2294 3962 2581 4013 hominibus
2609 3971 2901 4029 assumpttts
2918 4003 2934 4025 ,
2960 3976 3052 4029 pro
3098 3960 3384 4013 hominibus
3428 3975 3557 4012 con-

1950 4052 2175 4104 stituitur
2209 4051 2259 4103 iu
2288 4051 2366 4105 his
2393 4066 2507 4118 qua:
2531 4061 2647 4103 sunt
2671 4052 2741 4102 ad
2770 4049 2930 4103 Deum
2964 4047 3119 4121 (lleb.
3150 4048 3203 4103 5.
3242 4050 3289 4101 f.
3316 4058 3362 4100 et
3389 4052 3443 4102 8.
3476 4048 3557 4115 3).

1957 4140 2110 4197 Unde
2154 4155 2375 4196 necesse
2402 4152 2482 4195 est
2518 4151 2571 4195 ct
2601 4142 2740 4195 hunc
2784 4138 2982 4196 habere
3013 4139 3210 4208 aliquid
3252 4138 3394 4208 quod
3424 4138 3557 4191 offe-

1956 4241 2055 4285 rat.
2102 4232 2504 4302 l-ft-cetscipsum
2537 4232 2713 4285 oll'ert.
2759 4230 2897 4285 Alibi
2927 4246 3057 4284 vero
3088 4230 3279 4282 iterum
3321 4229 3393 4281 ait
3422 4246 3434 4280 :
3468 4227 3561 4282 Sic

1956 4336 2001 4379 ct
2024 4324 2254 4378 Christus
2291 4322 2445 4377 semel
2486 4324 2683 4376 oblatus
2708 4331 2779 4376 est
2806 4323 2873 4375 ad
2912 4322 3184 4375 multorum
3211 4319 3561 4388 exltattricnda

1958 4420 2163 4488 pec-mla
2196 4408 2390 4480 (Hebr.
2403 4416 2456 4470 9.
2469 4415 2581 4487 28).
2600 4414 2741 4473 Ecce
2754 4416 2842 4470 hic
2855 4416 3069 4471 oblatus
3083 4419 3185 4475 est,
3212 4411 3283 4465 ibi
3310 4413 3545 4481 seipsnm

1958 4505 2167 4563 obtulit.
2193 4507 2399 4567 Vidisti,
2424 4505 2695 4576 quomodo
2713 4503 2853 4559 idem
2881 4504 3205 4560 sacrificium
3223 4519 3316 4558 seu
3341 4503 3557 4557 victima

1956 4608 2013 4655 et
2040 4600 2291 4653 sacerdos
2321 4597 2479 4651 fuerit
2508 4613 2534 4656 ε,
2560 4604 2617 4650 et
2643 4612 2774 4652 crux
2818 4606 2934 4650 erat
2972 4596 3161 4650 altare.
3211 4594 3318 4650 Sed
3348 4592 3558 4663 disqui-

1961 4691 2186 4748 rcndum
2219 4702 2321 4758 est,
2354 4706 2451 4746 cur
2480 4706 2588 4746 non
2621 4690 2673 4744 in
2700 4689 2900 4758 templo
2928 4688 3254 4744 sacrificium
3280 4687 3560 4755 offeratur,

1961 4786 2015 4841 in
2042 4786 2276 4855 templo,
2320 4786 2539 4855 inquam
2568 4828 2580 4849 ,
2629 4783 2883 4848 Judaico,
2934 4782 3027 4837 sed
3069 4790 3219 4835 extra
3267 4781 3562 4844 civitatem,

1961 4888 2113 4933 extra
2137 4878 2353 4945 mantia.
2386 4877 2548 4931 Extra
2576 4876 2845 4931 civitatem
2871 4873 3158 4929 crucifixus
3184 4882 3267 4928 est
3292 4882 3563 4941 tamquam

1962 4968 2245 5023 damnatus
2270 4968 2531 5037 qniSpiam
2559 4976 2613 5021 et
2638 4981 2764 5022 reus
2788 5008 2803 5033 ,
2832 4974 2888 5018 ut
2932 4963 3250 5033 impleretur
3278 4962 3406 5017 illud
3438 4977 3565 5031 pro-

1964 5058 2143 5129 phettc
2188 5059 2434 5115 dictum:
2470 5058 2536 5112 Et
2581 5074 2696 5126 cum
2744 5055 2932 5125 iniquis
2976 5064 3241 5123 reputatus
3290 5062 3362 5107 est
3397 5050 3563 5124 (laci.

1964 5153 2053 5209 55.
2088 5150 2203 5209 121.

2041 5194 2053 5206 .
2088 5153 2156 5205 19.
2187 5192 2203 5205 .

2040 5153 2206 5299 Επιιῖιι
2252 5242 2499 5296 civitatem
2534 5257 2627 5294 cur
2674 5254 2851 5311 passus
2892 5236 3145 5291 Christus.
3198 5234 3468 5303 Templum
3496 5241 3569 5287 est

1957 5340 2073 5410 jam
2109 5347 2212 5391 tota
2252 5346 2407 5389 terra.
2448 5364 2517 5375 --
2560 5334 2737 5398 Quare
2786 5330 2944 5401 igitur
2995 5336 3149 5382 extra
3194 5328 3467 5381 civitatem
3515 5325 3567 5377 in

1967 5434 2115 5489 edito
2144 5433 2281 5494 loco,
2310 5441 2365 5485 et
2391 5444 2496 5483 non
2524 5428 2623 5482 sub
2653 5434 2795 5482 tecto
2818 5424 3109 5495 quopiam?
3130 5422 3244 5477 Non
3270 5423 3388 5476 sine
3409 5434 3568 5475 causa

1969 5524 2073 5581 hoc
2121 5521 2377 5591 contigit,
2422 5518 2515 5573 sed
2556 5528 2612 5573 ut
2657 5519 2797 5573 aeris
2842 5526 3089 5570 naturam
3120 5521 3418 5584 purgaret:
3448 5512 3571 5567 ideo

1968 5619 2022 5674 io
2052 5616 2265 5672 excelso
2285 5614 2404 5667 loco
2430 5610 2640 5665 oblatus
2674 5620 2757 5665 est
2782 5650 2796 5673 ,
2829 5609 2928 5663 sub
2956 5607 3102 5661 nullo
3129 5615 3291 5670 tecto,
3322 5603 3414 5660 sed
3451 5603 3572 5658 loco

1972 5708 2096 5767 tecti
2125 5704 2256 5763 caelo
2286 5701 2726 5774 superimposito,
2775 5708 2829 5756 ut
2854 5698 3162 5754 universum
3194 5695 3381 5752 caelum
3416 5708 3570 5748 mun-
