4164 6324
610 382 712 440 609

609 486 827 543 daretur
849 496 952 540 ove
970 482 1024 538 in
1043 479 1261 539 sublimi
1276 479 1398 537 loco
1417 478 1709 535 immolata.
1735 476 2021 549 Purgatum
2040 476 2198 547 igitur

609 584 694 633 est
717 576 940 636 caelum.
982 581 1203 646 purgata
1241 581 1408 628 terra.
1448 570 1697 626 Stillabat
1719 568 1865 624 enim
1894 569 2109 638 sanguis
2131 582 2199 622 ex

608 668 776 722 latere
798 680 963 735 super
982 672 1199 731 terram,
1226 675 1522 730 omnesque
1545 660 1663 731 ejus
1683 659 1920 714 maculas
1940 667 1997 714 et
2020 657 2199 729 inqui-

607 764 858 819 namenta
897 755 1048 811 eluit.
1096 754 1165 811 Et
1208 755 1362 824 hujus
1409 751 1625 823 quidem
1661 750 1826 822 gratia
1876 748 2199 805 sacriﬁcium

606 846 709 903 hoc
735 846 837 902 sub
863 854 1001 902 tecto
1023 860 1129 901 non
1160 844 1449 915 peragitur,
1481 856 1647 912 quare
1675 854 1803 896 vero
1836 854 1939 895 non
1991 836 2045 893 iii
2081 840 2199 908 ipso

607 938 809 1007 templo
842 935 1108 993 Iudaico?
1146 933 1329 1003 Neque
1355 933 1457 987 hoc
1483 938 1683 987 temere
1705 939 1758 986 et
1784 929 1902 985 sine
1924 944 2086 985 causa
2106 942 2198 984 ac-

604 1030 735 1086 cidit
765 1047 778 1082 :
808 1029 1053 1084 videlicet
1082 1041 1150 1083 ne
1174 1026 1343 1083 iudici
1370 1026 1473 1080 hoc
1509 1022 1828 1080 sacriﬁcium
1856 1022 1957 1078 sibi
1986 1029 2051 1077 ut
2078 1035 2200 1091 pro-

607 1121 781 1191 prium
814 1118 1177 1185 vindicarent,
1209 1132 1277 1172 ne
1299 1126 1513 1186 putares
1544 1130 1640 1185 pro
1668 1114 1782 1169 sola
1812 1113 1899 1169 illa
1922 1120 2079 1183 gente
2106 1126 2197 1167 sa-

606 1212 864 1267 criﬁcium
920 1211 1025 1267 hoc
1074 1211 1309 1265 oblatum
1363 1224 1484 1265 esse
1530 1225 1545 1263 :
1592 1214 1876 1278 propterea
1931 1204 1991 1259 ﬁt
2038 1211 2191 1259 extra

606 1305 825 1371 mania,
850 1313 909 1358 ut
932 1303 1128 1369 discas,
1151 1300 1401 1371 generale
1421 1314 1543 1354 esse
1571 1297 1916 1359 sacriﬁcium,
1947 1303 2004 1350 ut
2024 1294 2198 1349 discas

606 1409 706 1467 pro
750 1396 996 1449 universa
1044 1404 1185 1448 terra
1229 1390 1556 1447 oblationem
1599 1404 1719 1443 esse
1762 1398 1818 1442 et
1856 1400 2195 1443 communem

606 1488 969 1556 expiationem
1009 1484 1231 1539 institui.
1277 1482 1480 1540 Judzeis
1517 1483 1662 1537 enim
1690 1482 1759 1535 ob
1799 1480 1901 1535 hoc
1945 1478 2199 1551 prtccepit

608 1578 750 1634 Deus
772 1618 787 1642 .
818 1585 877 1632 ut
905 1587 1013 1631 tota
1041 1588 1181 1632 terra
1217 1576 1402 1631 relicta
1430 1574 1483 1628 in
1507 1588 1614 1628 uno
1636 1573 1754 1627 loco
1785 1572 2118 1626 immolarent
2143 1578 2200 1625 et

605 1682 796 1739 preces
833 1668 887 1721 in
937 1682 1043 1722 uno
1075 1666 1195 1721 loco
1236 1665 1537 1721 funderent.
1586 1663 1718 1718 Nam
1745 1676 1866 1717 cum
1909 1670 2017 1714 tota
2057 1669 2200 1716 terra

608 1767 738 1815 tunc
760 1758 1113 1814 contaminata
1136 1768 1279 1812 esset
1306 1756 1450 1810 l‘umo
1472 1765 1527 1811 et
1556 1753 1743 1809 nidore
1781 1762 1836 1809 et
1864 1751 2199 1809 idololatrico

609 1854 885 1922 sanguine,
909 1858 965 1904 et
1000 1849 1123 1903 aliis
1148 1848 1424 1919 gentilium
1466 1846 1881 1917 inquinamentis
1901 1886 1918 1912 ,
1952 1844 2073 1899 ideo
2094 1843 2198 1898 illis

609 1958 775 1997 unum
805 1940 981 1996 locum
1019 1940 1317 2009 imperavit.
1360 1938 1466 1993 Sed
1511 1952 1632 1991 cum
1658 1934 1903 1990 Christus
1926 1935 2109 2001 venit,
2144 1944 2200 1989 et

607 2042 757 2086 extra
783 2032 1051 2086 civitatem
1080 2038 1305 2085 mortem
1326 2028 1479 2096 obiit,
1504 2027 1803 2082 universam
1824 2036 2020 2085 terram
2047 2040 2203 2078 mun-

606 2124 791 2190 davit,
842 2137 1164 2192 omnemque
1211 2121 1388 2176 locum
1432 2120 1659 2174 orationi
1706 2117 1958 2172 idoneum
1998 2116 2195 2172 eﬁ’ecit.

608 2214 702 2269 Vis
729 2214 935 2268 discere
960 2212 1229 2283 quomodo
1260 2221 1366 2266 tota
1394 2220 1536 2266 terra
1566 2211 1620 2264 in
1658 2217 1931 2279 posterum
1960 2208 2198 2263 sit.tetn-

606 2306 762 2376 plunt,
790 2303 974 2360 eﬂ'ecta
996 2344 1013 2369 ,
1060 2311 1116 2357 et
1151 2302 1419 2373 quomodo
1459 2300 1635 2357 omnis
1670 2300 1821 2355 locus
1856 2297 2086 2353 orationi
2129 2298 2199 2351 sit

606 2396 941 2453 destinatus?
968 2394 1109 2451 Audi
1138 2395 1331 2450 iterum
1368 2394 1582 2449 beatum
1629 2393 1849 2447 Paulum
1880 2392 2149 2446 dicentem
2180 2407 2194 2443 :

608 2489 675 2543 In
696 2489 831 2544 omni
864 2488 974 2543 loco
1000 2488 1215 2541 levantes
1242 2502 1397 2557 puras
1428 2502 1609 2539 manus
1637 2484 1746 2539 sine
1771 2485 1851 2538 ira
1871 2492 1917 2538 et
1945 2484 2197 2551 discepta-

611 2583 743 2636 tione
765 2582 839 2651 (ί.
870 2579 1002 2634 Tim.
1025 2580 1082 2635 2.
1100 2580 1178 2647 8).
1212 2578 1401 2633 Vidisti
1428 2575 1695 2647 quomodo
1725 2584 1988 2630 terrarum
2011 2575 2198 2629 orbem

610 2672 917 2742 expurgarit
935 2672 960 2724 7
995 2670 1173 2725 vidisti
1198 2666 1469 2740 quomodo
1489 2666 1684 2737 ubique
1709 2680 1870 2737 puras
1901 2680 2089 2720 manus
2119 2665 2198 2719 le-

610 2778 741 2817 vare
779 2762 1081 2831 possimus?
1112 2759 1299 2816 Omnis
1325 2759 1470 2815 enim
1508 2768 1649 2811 terra
1679 2757 1745 2812 de
1779 2766 1975 2811 cmtero
2001 2756 2200 2809 sancti-

610 2853 763 2907 licata
796 2860 922 2917 est,
968 2853 1076 2905 imo
1114 2850 1348 2905 sanctior
1374 2857 1458 2907 est
1486 2846 1591 2901 illis
1623 2844 1933 2901 ludat-orum
1974 2846 2197 2899 sanctis.

610 2946 723 3009 Qua
772 2941 1019 2997 ratione?
1052 2941 1183 3009 Quia
1227 2940 1297 2995 ibi
1331 2937 1544 3011 quidem
1584 2936 1810 2991 rationis
1850 2950 2041 3007 expers
2065 2976 2080 3000 ,
2115 2935 2200 2989 hic

612 3048 741 3087 vero
781 3032 985 3085 ratione
1027 3029 1249 3100 praedita
1277 3028 1392 3097 ovis
1418 3026 1594 3099 oblata
1636 3035 1737 3081 est.
1788 3025 1997 3093 Quanto
2041 3025 2203 3093 igitur

613 3121 951 3192 praestantius
981 3119 1033 3174 id
1062 3119 1203 3189 quod
1226 3118 1487 3175 rationem
1520 3117 1700 3183 habet,
1729 3130 1797 3170 eo
1824 3114 1965 3186 quod
1994 3120 2201 3171 ratione

610 3221 796 3277 caret,
844 3218 990 3265 tanto
1028 3210 1255 3280 amplior
1291 3218 1345 3264 et
1388 3208 1476 3263 hic
1519 3206 1870 3263 sanctiﬁcatio
1913 3216 2014 3262 est.
2060 3205 2201 3262 Vere

586 3302 775 3373 .igitur
798 3316 926 3357 crux
956 3302 1112 3356 nobis
1134 3302 1327 3356 festum
1349 3299 1489 3355 diem
1521 3302 1676 3369 parit.

681 3392 736 3446 2.
765 3390 832 3445 lu
855 3389 1014 3447 Grece
1038 3406 1130 3445 cur
1151 3390 1427 3460 promissus
1453 3388 1740 3459 paradisus.
1770 3418 1841 3429 —
1864 3387 1954 3443 Vis
1982 3398 2037 3444 et
2056 3386 2200 3443 aliud

612 3482 786 3537 crucis
817 3480 1013 3536 factum
1040 3480 1543 3549 praeclarissimum,
1586 3487 1641 3532 et
1678 3477 1818 3549 quod
1859 3493 2073 3534 omnem
2105 3478 2207 3532 hu-

613 3588 826 3628 manam
853 3571 1253 3642 intelligentiam
1279 3578 1495 3639 superat
1515 3608 1533 3633 ,
1566 3568 1851 3624 ediscere?
1891 3568 2202 3623 Paradisum

614 3666 853 3720 clausum
882 3666 1089 3735 aperuit
1114 3663 1308 3718 hodie:
1337 3661 1497 3716 hodie
1526 3660 1669 3715 enim
1696 3660 1955 3716 latronem
1980 3661 2031 3715 in
2055 3660 2203 3715 illum

616 3757 927 3814 introduxit.
973 3756 1088 3810 Duo
1132 3754 1537 3825 prmelarissima
1586 3751 1868 3811 facinora:
1902 3752 2204 3822 paradisum

615 3845 876 3903 reseravit
897 3887 913 3909 ,
942 3854 999 3901 et
1026 3845 1285 3900 latronem
1327 3844 1643 3900 introduxit.
1691 3842 1942 3899 Reddidit
1967 3842 2037 3896 illi
2066 3841 2206 3895 auti-

616 3955 776 4009 quam
809 3938 1032 4009 patriam
1055 3978 1070 4003 ,
1103 3937 1310 3993 reduxit
1338 3938 1390 3992 in
1420 3946 1692 4007 paternam
1719 3937 2010 3991 civitatem.
2042 3932 2209 3987 Hodie

618 4046 813 4083 mecum
839 4029 972 4094 eris,
1006 4028 1208 4099 inquit,
1249 4028 1302 4081 in
1336 4029 1573 4099 paradiso
1607 4026 1756 4096 (Luc.
1782 4028 1871 4082 25.
1908 4026 2023 4095 ιδ).
2071 4023 2207 4092 Quid

617 4119 787 4176 dicis?
813 4119 1094 4175 cruciﬁxus
1121 4128 1177 4174 et
1200 4120 1348 4175 cruci
1375 4119 1539 4174 clavis
1566 4118 1755 4173 afﬁxus
1786 4133 1845 4172 es
1868 4160 1882 4180 .
1910 4129 1963 4174 et
1992 4117 2206 4189 paradi-

620 4226 743 4267 sum
775 4210 1080 4281 promittis?
1118 4211 1386 4279 quomodo
1423 4210 1540 4264 hzec
1566 4211 1686 4264 talia
1728 4210 2007 4279 largieris?
2052 4211 2209 4276 Atqui

624 4301 817 4356 Paulus
858 4300 931 4354 ait
962 4317 976 4353 :
1004 4298 1291 4367 Cruciﬁants
1335 4308 1410 4352 est
1452 4300 1851 4367 exin/inuitata.
1904 4298 2039 4352 Audi
2083 4314 2211 4352 vero

622 4409 752 4467 qua
804 4402 1149 4464 sequuntur:
1180 4392 1282 4448 Sed
1330 4392 1454 4447 civit
1497 4408 1561 4448 ea:
1604 4393 1793 4447 virtute
1830 4390 1930 4445 Dei
1955 4390 2043 4462 (2.
2069 4389 2193 4447 Cor.

626 4486 715 4541 13.
749 4484 827 4555 4).
847 4486 910 4539 ιι
936 4500 1123 4539 rursus
1140 4483 1266 4538 alibi
1290 4500 1303 4536 :
1341 4481 1521 4538 Virtus
1537 4500 1651 4537 mea
1673 4484 1725 4537 in
1749 4482 2061 4551 inﬁrmitate
2075 4497 2199 4551 per-

623 4579 804 4648 ficitur
834 4578 909 4645 (2.
939 4576 1064 4631 Cor.
1087 4577 1173 4631 l2.
1200 4576 1278 4648 9).
1310 4575 1605 4647 Propterea
1644 4575 1697 4630 in
1727 4589 1888 4629 cruce
1909 4574 2193 4644 polliceor,

627 4673 685 4718 ut
714 4673 768 4717 et
810 4678 905 4732 per
943 4663 1079 4715 hanc
1122 4662 1298 4715 discas
1335 4677 1507 4715 meam
1555 4663 1863 4730 potentiam.
1905 4662 2036 4715 Cum
2066 4665 2212 4717 enim

625 4763 755 4808 crux
783 4753 851 4806 sit
875 4766 964 4805 res
988 4750 1271 4821 injucunda
1295 4760 1349 4804 et
1378 4750 1600 4805 molesta
1619 4791 1633 4813 ,
1678 4765 1744 4804 ne
1769 4751 1968 4804 vultum
1993 4750 2212 4820 dejicias

630 4842 695 4897 ad
721 4842 895 4897 crucis
938 4851 1183 4896 naturam
1224 4840 1507 4897 attendens
1531 4881 1546 4904 ,
1575 4840 1667 4894 sed
1696 4848 1752 4893 ut
1778 4840 1928 4895 laetus
1953 4850 2007 4895 et
2035 4841 2214 4897 alacer

634 4932 880 4989 emciaris
903 4973 919 4997 ,
967 4930 1033 4985 ad
1074 4930 1311 4987 cruciﬁxi
1360 4931 1650 4999 potentiam
1697 4930 1989 4999 reSpiciens
2012 4974 2027 4997 ,
2059 4948 2121 4986 ca
2148 4932 2215 4989 de

633 5041 791 5081 causa
822 5023 911 5078 ille
940 5024 1009 5077 ibi
1041 5036 1191 5077 suam
1221 5023 1311 5077 tibi
1344 5023 1589 5077 virtutem
1618 5022 1866 5077 ostendit.
1912 5021 2029 5077 Non
2073 5026 2214 5079 enim

638 5126 900 5173 tnortuum
936 5114 1207 5180 excitans,
1237 5128 1342 5168 non
1382 5113 1514 5167 mari
1546 5113 1845 5181 imperans,
1878 5128 1983 5167 non
2011 5114 2215 5169 daemo-

637 5222 732 5261 nes
758 5208 1058 5276 increpans,
1086 5205 1199 5259 sed
1223 5204 1530 5269 cruciﬁxus,
1570 5204 1733 5258 clavis
1762 5204 1952 5260 afﬁxus
1975 5246 1991 5271 ,
2025 5206 2216 5277 injuria

637 5296 880 5365 aﬁ‘ectus,
904 5299 1071 5367 sputis
1098 5296 1312 5358 oblitus,
1341 5295 1594 5349 conviciis
1621 5296 1908 5365 impetitus,
1955 5298 2131 5355 irrisui
2162 5309 2219 5355 et

641 5386 870 5442 ludibrio
898 5388 1036 5457 apud
1060 5401 1247 5441 omnes
1286 5386 1516 5452 habitus,
1550 5387 1719 5457 potuit
1742 5388 1808 5442 ad
1832 5404 1887 5442 se
1916 5390 2108 5445 malum
2135 5392 2217 5445 la-

645 5482 813 5535 tronis
855 5490 1086 5535 mentem
1124 5480 1412 5536 attrahere.
1463 5480 1595 5535 Vide
1638 5482 1902 5552 utrimque
1930 5487 2216 5552 potentiam

643 5569 785 5625 illius
828 5570 1277 5642 eil‘ulgescentem.
1334 5571 1642 5627 Creaturam
1686 5575 1988 5641 concussit,
2042 5590 2219 5647 petras

640 5661 869 5731 disrupit
891 5704 906 5727 ,
938 5666 1165 5717 animam
1199 5662 1417 5716 latronis
1454 5671 1599 5731 petra
1626 5663 1895 5718 duriorem
1928 5681 2049 5721 cera
2083 5670 2218 5723 mol~

644 5753 834 5811 liorem
880 5754 1073 5812 eﬂccit.
1126 5754 1295 5810 Hodie
1342 5770 1532 5808 mecum
1574 5757 1671 5811 eris
1712 5755 1762 5809 in
1792 5757 2049 5826 paradiso.
2082 5759 2217 5828 Quid

1332 363 1391 421 8.
1432 361 1713 421 JOANNIS
1750 363 2223 426 CHRYSOS'I'OHI
2262 365 2580 427 ARCHIEP.
2620 366 3155 428 CONSTANTINOP.

3802 380 3900 439 HO

2305 479 2483 535 dicis?
2517 479 2809 536 Cherubim
2835 490 2887 537 et
2910 480 3193 537 ﬂammeus
3227 482 3373 538 ensis
3408 484 3716 542 custodiunt
3742 502 3896 557 pca-

2305 570 2503 637 disum,
2535 581 2590 627 et
2616 579 2672 625 tu
2697 572 2888 627 latroni
2920 573 3217 653 ingressum
3247 588 3314 627 eo
3340 576 3655 645 polliceris?
3684 576 3899 649 Utique,

2305 662 2399 717 ait.
2429 660 2561 717 Nam
2587 672 2639 717 et
2667 676 2767 733 ego
2793 661 3220 718 Cherubinorum
3252 663 3509 719 Dominus
3533 680 3655 721 sum
3677 707 3693 730 ,
3738 676 3901 736 atque

2306 752 2441 823 ignis
2465 761 2520 809 et
2542 752 2803 823 gehennae
2823 794 2843 818 ,
2882 752 3109 823 vitaeque
3135 764 3191 810 ct
3228 757 3419 811 mortis
3446 766 3766 825 potestatem
3803 757 3900 811 ha-

2305 843 2443 910 beo;
2496 856 2775 915 propterea
2806 845 2934 901 dicit
2965 862 2979 898 :
3020 845 3189 901 Hodie
3216 863 3413 901 mecum
3437 849 3541 902 eris
3561 849 3615 901 in

2304 936 2437 992 Cum
2465 937 2686 993 virtutes
2712 937 2815 993 illa:
2856 939 3137 994 Dominum
3166 938 3434 1005 viderint,
3461 940 3640 994 statim
3683 938 3898 1004 cedent,

2304 1028 2587 1099 locumque
2611 1028 2831 1083 dabunt.
2878 1030 3032 1099 Atqui
3072 1030 3248 1093 nullus
3269 1046 3366 1088 rex
3394 1045 3645 1100 umquam
3672 1030 3904 1099 patiatur

2304 1120 2582 1186 latronem,
2611 1130 2700 1175 aut
2720 1120 2882 1176 alium
2905 1123 3206 1193 quempiam
3231 1139 3297 1179 ex
3326 1121 3538 1178 famulis
3556 1136 3743 1177 secum
3767 1135 3901 1176 oon-

2303 1210 2563 1266 sidentem
2610 1213 2664 1267 in
2696 1212 2882 1268 urbem
2931 1214 3134 1284 ingredi
3180 1231 3193 1268 :
3236 1226 3291 1269 at
3333 1214 3434 1270 iste
3480 1213 3901 1269 humanissimus

2304 1302 2561 1358 Dominus
2590 1304 2690 1359 hoc
2717 1303 2838 1359 fecit
2869 1321 2882 1357 :
2923 1305 2976 1358 in
3001 1314 3238 1359 sanctam
3259 1320 3409 1359 suam
3440 1305 3664 1375 patriam
3695 1305 3902 1375 ingres-

2301 1406 2395 1447 sus
2438 1392 2695 1447 latronem
2722 1408 2902 1448 secum
2946 1394 3262 1459 introducit,
3295 1410 3400 1448 non
3441 1394 3778 1448 inhonorsns
3805 1407 3901 1464 pa-

2303 1484 2558 1549 radisum,
2590 1487 2759 1549 absit,
2795 1486 3017 1554 pedibus
3046 1486 3268 1541 latronis
3288 1526 3305 1550 ,
3333 1485 3427 1540 sed
3460 1485 3561 1539 hoc
3585 1486 3704 1553 ipso
3731 1484 3901 1553 magis

2304 1574 2593 1629 honorans.
2650 1575 2830 1629 Honor
2880 1575 3022 1628 enim
3069 1574 3305 1645 paradisi
3352 1585 3434 1631 est
3486 1574 3687 1629 habere
3738 1573 3901 1629 talem

2303 1663 2586 1719 Dominum
2612 1705 2628 1731 ,
2663 1675 2767 1720 tam
2800 1673 3069 1735 potentem
3094 1674 3148 1719 et
3178 1666 3465 1719 humanum
3487 1705 3500 1726 .
3551 1673 3608 1717 ut
3644 1674 3698 1719 et
3738 1663 3903 1717 latro-

2302 1744 2427 1809 nem
2453 1756 2624 1824 possit
2647 1755 2859 1809 efﬁcere
2886 1756 3103 1823 dignum
3137 1754 3367 1823 paradisi
3398 1754 3628 1809 deliciis.
3682 1753 3898 1809 Etenim

2302 1843 2517 1913 quando
2563 1844 2872 1914 publicanos
2899 1854 2953 1899 et
2983 1844 3291 1899 meretrices
3321 1845 3373 1899 in
3400 1859 3622 1915 regnum
3653 1840 3916 1906 vocabat,"

2305 1952 2410 1991 non
2443 1925 2701 2007 utiquc'id
2742 1937 2865 1991 fecit
2894 1953 3014 1991 cum
3046 1937 3192 2007 regni
3223 1936 3305 1991 sui
3347 1936 3649 1999 dedecore,
3680 1934 3779 1990 sed
3807 1949 3904 2004 po-

2305 2029 2408 2083 tius
2435 2028 2638 2097 majore
2662 2043 2781 2083 cum
2814 2027 3018 2083 honore
3043 2044 3059 2093 ;
3096 2029 3329 2082 ostendit
3352 2028 3494 2082 enim
3520 2042 3580 2083 se
3605 2040 3730 2081 esse
3758 2024 3903 2094 ejuse

2306 2119 2449 2173 modi
2476 2117 2625 2189 regni
2649 2119 2900 2175 mulorum
2928 2119 3207 2175 Dominum
3224 2118 3313 2190 qui
3339 2120 3501 2174 etiam
3521 2118 3905 2174 meretriceset

2307 2208 2617 2279 publicanos
2636 2218 2743 2265 tam
2765 2209 3013 2279 probatos
3038 2210 3213 2266 facere
3237 2219 3417 2281 queat,
3438 2219 3495 2265 ut
3510 2210 3655 2280 digni
3676 2210 3903 2264 videan-

2305 2311 2391 2357 tur
2415 2317 2479 2357 ea
2498 2342 2512 2367 ,
2543 2318 2659 2372 qua:
2682 2302 2807 2357 inihi
2838 2311 2950 2365 est,
2979 2303 3145 2374 gloria
3174 2312 3228 2359 et
3258 2318 3499 2357 munere.
3526 2300 3899 2370 Quemadmo-

2304 2394 2431 2451 dum
2462 2395 2619 2465 igitur
2643 2394 2906 2449 medicum
2935 2404 3044 2447 tum
3071 2395 3400 2448 admiramur
3424 2436 3437 2457 ,
3481 2407 3602 2448 cum
3630 2393 3909 2447 intuemur

2304 2501 2426 2541 eum
2466 2486 2710 2541 homines
2754 2484 3134 2540 incurabilibus
3179 2483 3382 2538 morbis
3409 2482 3757 2547 laborantes,
3804 2481 3904 2537 de-

2304 2579 2452 2647 pulsa
2485 2567 2808 2642 inﬁrmitate,
2829 2578 3067 2645 pristina:
3091 2584 3147 2631 et
3172 2591 3318 2646 pura:
3341 2574 3553 2630 sanitati
3579 2574 3903 2629 restituere:

2306 2669 2379 2723 ita
2407 2678 2458 2723 et
2482 2666 2751 2722 Christum
2782 2667 3051 2722 admirare
3072 2707 3087 2730 ,
3128 2666 3403 2722 carissime
3426 2707 3441 2733 ,
3474 2674 3527 2720 et
3553 2656 3904 2733 obstupescit,

2305 2758 2428 2828 quia
2450 2757 2696 2813 homines
2737 2758 3218 2835 immedicabilibus
3243 2757 3436 2811 anima:
3475 2756 3681 2810 morbis
3700 2754 3910 2810 obstri-

2305 2860 2422 2905 ctos
2464 2851 2633 2918 potuit
2655 2858 2709 2905 et
2734 2864 2761 2902 a
2805 2849 3005 2903 malitia
3058 2849 3286 2905 liberare
3307 2891 3323 2915 ,
3343 2858 3424 2934 ’et
3452 2863 3619 2919 regno
3645 2848 3906 2903 cmlornm

2304 2941 2495 3012 dignos
2522 2941 2748 2997 reddere
2784 2955 2876 2995 eos
2899 2982 2913 3006 ,
2960 2941 3048 3011 qui
3086 2940 3154 2996 ad
3194 2955 3503 3010 supremum
3544 2940 3909 3007 improbitatis

2305 3031 2516 3086 culmen
2564 3032 2939 3087 ascenderant.
2995 3030 3165 3085 Hodie
3207 3046 3400 3085 mecum
3422 3029 3523 3085 eris
3550 3029 3604 3083 in
3631 3030 3904 3100 paradiso.

2307 3121 2536 3178 Grandis
2560 3123 2729 3178 honor
2753 3166 2769 3187 ,
2809 3122 2994 3191 ingens
3018 3120 3176 3191 hujus
3196 3120 3539 3177 humanitatis
3564 3119 3904 3191 magnitudo,

2307 3212 2692 3283 inexplicabilis
2740 3213 2897 3282 hujus
2944 3212 3195 3268 bonitatis
3245 3212 3597 3269 immensitas.
3651 3211 3788 3267 Nam
3837 3227 3908 3269 eo

2308 3306 2449 3373 quod
2481 3305 2783 3375 paradisum
2830 3304 3160 3374 ingreditur,
3210 3304 3384 3373 major
3426 3304 3594 3375 gloria
3625 3312 3711 3359 est
3756 3303 3907 3375 quod

2308 3413 2429 3453 cum
2460 3397 2684 3451 Domino
2705 3396 3015 3465 ingreditur.
3058 3394 3195 3462 Quid
3218 3435 3235 3463 ,
3264 3408 3477 3465 quasso,
3505 3394 3735 3449 accidit!
3774 3394 3907 3467 quid

2310 3488 2444 3542 latro
2467 3485 2730 3556 ejusmodi
2758 3486 2900 3554 egit,
2932 3494 2989 3539 ut
3010 3499 3078 3539 ex
3108 3484 3397 3555 improviso
3422 3485 3489 3538 de
3516 3499 3676 3539 cruce
3704 3483 3906 3556 dignus

2312 3581 2557 3651 paradiso
2575 3578 2945 3650 judicaretur?
2970 3578 3211 3633 Breviter
3228 3618 3245 3644 ,
3273 3578 3318 3632 si
3342 3577 3543 3647 placet,
3575 3577 3749 3632 dicam
3771 3619 3790 3644 ,
3818 3577 3905 3632 la—

2311 3672 2585 3740 tronisque
2614 3671 2901 3726 bonitatem
2932 3677 2987 3725 et
3006 3669 3326 3739 probitatem
3348 3667 3646 3723 ostendam.
3676 3668 3908 3735 Quando

2310 3765 2499 3821 Petrus
2525 3764 2904 3833 discipulorum
2938 3762 3183 3833 princeps
3213 3760 3441 3831 negabat
3467 3759 3626 3826 infra,
3659 3769 3787 3814 tunc
3815 3761 3907 3834 ille

2313 3870 2472 3923 supra
2501 3854 2637 3908 ﬁxus
2670 3854 2721 3907 in
2751 3866 2911 3907 cruce
2938 3851 3214 3907 confessus
3237 3860 3338 3907 est.
3395 3851 3465 3905 Et
3504 3849 3606 3904 hoc
3646 3865 3756 3903 non
3789 3849 3903 3906 dixi

2312 3946 2492 3999 animo
2515 3942 2937 4013 reprehendendi
2969 3941 3183 3997 Petrum
3204 3982 3219 4006 ,
3248 3940 3425 4007 absit;
3473 3939 3564 3995 sed
3592 3947 3651 3994 ut
3671 3955 3905 4010 magna-

2314 4035 2607 4090 nimitatem
2640 4032 2882 4098 latronis,
2906 4041 2963 4087 et
2986 4020 3335 4088 excellentem
3362 4032 3469 4087 illis
3490 4019 3911 4102 philosophandi.

2313 4126 2571 4181 rationem
2596 4124 3037 4179 demonstrarem.
3064 4121 3157 4177 Ille
3178 4136 3281 4177 non
3305 4122 3421 4177 tulit
3436 4122 3689 4191 simplicis
3709 4122 3905 4192 puella:

2315 4216 2527 4279 minas;
2556 4214 2642 4267 hic
2669 4222 2835 4267 totum
2866 4212 3115 4283 populum
3154 4211 3528 4276 insanientem,
3561 4220 3617 4266 et
3642 4212 3903 4268 assisten-

2317 4315 2447 4369 tem,
2478 4312 2535 4357 et
2560 4302 2937 4357 vociferantem
2962 4344 2978 4369 ,
3022 4311 3077 4356 et
3104 4302 3307 4358 inﬁnita
3335 4302 3388 4357 in
3427 4301 3742 4357 cruciﬁxum
3767 4316 3895 4357 con-

2316 4394 2450 4449 vicia
2493 4392 2781 4463 iactantem
2826 4392 3166 4462 conspicatus
3195 4434 3211 4458 ,
3262 4408 3368 4447 non
3410 4393 3567 4447 vertit
3607 4393 3797 4449 oculos
3835 4391 3905 4447 ad

2316 4485 2561 4553 injuriam
2609 4484 2845 4540 cruciﬁxi
2871 4500 2886 4549 ;
2935 4483 3029 4539 sed
3070 4483 3192 4538 ﬁdei
3219 4485 3386 4543 oculis
3414 4485 3593 4539 omnia
3623 4484 3741 4539 huic
3765 4500 3908 4555 prte-

2318 4586 2622 4630 tcrcurrens
2646 4615 2663 4643 ,
2708 4575 2960 4644 omnique
3002 4576 3214 4646 indigna
3236 4617 3255 4643 ,
3294 4586 3347 4633 et
3373 4592 3492 4648 qua:
3522 4577 3909 4648 impedimento

2317 4680 2436 4722 esse
2466 4673 2670 4735 poterat
2696 4707 2712 4731 ,
2740 4667 3088 4745 persuasione
3112 4667 3317 4736 abjecta
3340 4708 3358 4735 ,
3392 4668 3608 4737 agnovit
3647 4668 3906 4723 caelorum

2318 4761 2623 4827 Dominum,
2655 4760 2874 4830 paucula
2906 4761 2991 4815 illa
3017 4760 3174 4815 verba
3196 4762 3544 4832 proloquulus
3564 4802 3579 4827 ,
3610 4776 3732 4832 qua
3755 4760 3906 4817 illum

2318 4854 2564 4924 paradiso
2593 4851 2809 4922 dignum
2846 4850 3235 4907 ostenderunt:
3278 4852 3530 4907 Memento
3572 4854 3670 4906 mei
3718 4855 3772 4906 in
3820 4863 3908 4907 tuo

2318 4960 2471 5013 regno
2494 4941 2643 5014 (Luc.
2668 4943 2759 4997 25.
2786 4941 2901 5009 42).
2932 4941 3010 4996 Ne
3029 4944 3458 5011 praztervolemus
3480 4943 3793 5011 simpliciter
3807 4944 3910 4999 hoc

2319 5035 2518 5090 dictum
2544 5078 2558 5101 ,
2583 5049 2752 5104 neque
2792 5033 2985 5103 pudeat
3013 5048 3111 5088 nos
3141 5034 3448 5103 magistrum
3471 5034 3716 5104 accipere
3738 5035 3906 5091 latro-

2323 5134 2465 5187 nem,
2494 5119 2645 5187 cujus
2671 5118 2952 5171 Dominum
2982 5128 3223 5171 nostrum
3252 5133 3356 5171 non
3381 5117 3589 5189 puduit,
3621 5119 3909 5187 quominus

2322 5212 2549 5280 primum
2598 5208 2649 5264 in
2700 5206 2998 5277 paradisum
3047 5207 3371 5263 induceret:
3413 5225 3481 5263 ne
3528 5210 3911 5268 erubescamus

2324 5304 2633 5374 magistrum
2674 5301 2866 5356 habere
2914 5300 3181 5354 hominem
3213 5302 3403 5367 illum,
3450 5301 3541 5371 qui
3583 5308 3709 5358 an‘te
3734 5312 3925 5357 ialm

2324 5394 2612 5448 humanum
2655 5407 2822 5461 genus
2870 5391 3064 5461 dignus
3106 5402 3184 5447 est
3236 5391 3446 5447 habitus
3494 5384 3929 5441 emt-versatione

2325 5487 2573 5555 paradisi.
2599 5484 2813 5554 Singula
2841 5484 2999 5553 igitur
3019 5482 3175 5538 verba
3197 5482 3581 5552 expendamus
3602 5518 3618 5542 ,
3646 5485 3780 5532 utet
3807 5475 3932 5531 hinc

2324 5578 2577 5632 virtutem
2607 5578 2778 5630 crucis
2805 5575 3091 5630 discamus.
3122 5574 3354 5643 Eaeque
3381 5571 3525 5626 enim
3553 5567 3621 5622 ad
3658 5568 3807 5621 illum
3831 5610 3845 5630 ,
3877 5575 3931 5620 ut

2324 5670 2390 5725 ad
2423 5672 2635 5725 Petrum
2676 5678 2730 5723 et
2769 5669 3059 5725 Andream.
3083 5708 3097 5732 ,
3128 5667 3262 5722 dixit
3291 5681 3310 5720 :
3345 5663 3518 5717 Venite
3552 5670 3600 5715 et
3633 5660 3819 5725 [ariam
3850 5675 3932 5713 vos

2324 5760 2595 5831 piscatores
2643 5762 2897 5816 hominum
2969 5758 3191 5832 (Matth.
3225 5760 3275 5817 ι.
3307 5756 3406 5829 19)
3436 5773 3449 5811 :
3479 5767 3651 5825 neque
3696 5748 3832 5808 dixit
3868 5748 3934 5805 ad
