4164 6324
177 482 280 540 οὗν
301 482 555 555 οὐρανὸς,
589 481 870 552 ἐκαθάρθη
901 480 957 534 δὲ
986 482 1079 535 καὶ
1102 482 1137 553 ή
1164 481 1259 552 γῆ.
1291 481 1522 547 Ἐσταξε
1566 483 1675 554 γὰρ
1710 482 1773 536 16

182 562 329 641 αἷμα
359 569 469 623 ἀπὸ
496 568 597 637 τῆς
618 567 857 637 πλευράς
890 567 981 618 ἐπὶ
1002 564 1100 636 τὴν
1116 565 1236 634 γῆν,
1266 565 1466 619 καὶτὸν
1500 565 1774 635 μολυσμὸν

185 654 361 724 αὐτῆς
416 652 633 705 ἄπαντα
692 650 1046 721 ἐξεκάθηρεν.
1094 649 1236 707 Ἀλλ’
1276 648 1380 701 ὑπὸ
1418 647 1617 719 στέγην
1676 647 1778 721 μὲν

185 735 395 806 ταύτης
426 734 615 799 ἕνεκεν
642 735 743 804 τῆς
791 734 968 797 αίτίας
997 733 1059 787 οὐ
1114 733 1486 804 προσφέρεται
1520 732 1553 801 ή
1578 731 1740 788 θυσία
1760 748 1773 761 ο

185 820 337 882 τίνος
366 820 423 872 δέ
452 818 642 873 ἕνεκεν
665 818 787 886 ούχὶ
812 818 872 869 ἐν
900 814 1050 885 αὐτῷ
1080 816 1160 886 τῷ
1190 815 1305 885 ναῷ
1342 814 1421 885 τῷ
1466 812 1775 883 Ἰουδαϊκῶς

186 901 304 961 Kal
347 901 507 961 τοῦτο
554 900 715 959 πάλιν
744 902 844 970 οὐχ
873 898 1081 962 ἁπλῶς,
1123 899 1238 954 ἀλλ’
1270 899 1359 959 ἵνα
1404 897 1479 969 μὴ
1516 896 1779 965 ἰδιοποιή-

188 1002 395 1040 σωνται
420 986 519 1057 τήν
550 983 741 1038 θυσίαν
766 984 816 1035 οί
856 982 1123 1044 Ἰουδαῖοι,
1154 983 1239 1035 ἵνα
1264 981 1339 1051 μὴ
1368 980 1597 1051 νομίσῃς
1636 978 1780 1050 ὑπὲρ

184 1065 287 1125 τοῦ
316 1066 504 1129 ἔθνους
534 1066 747 1119 ἐκείνου
780 1065 944 1136 μόνου
978 1064 1078 1135 τήν
1118 1062 1318 1117 ,θυσίαν
1350 1061 1777 1136 προσφέρεσθαι,

186 1149 281 1209 διὰ
311 1148 471 1207 τοῦτο
498 1148 603 1216 ἔξω
631 1148 733 1219 τῆς
764 1147 1000 1211 πόλεως,
1037 1146 1143 1212 ἔξω
1161 1147 1267 1201 τῶν
1293 1146 1510 1217 τειχῶν,
1544 1145 1632 1198 ἴνα
1674 1144 1780 1214 μά-

188 1231 293 1304 θῃς
326 1232 406 1285 δτι
445 1231 709 1302 καθολική
736 1234 884 1284 ἐστιν
909 1233 941 1301 ή
973 1231 1154 1297 θυσία,
1178 1234 1266 1287 ἵνα
1307 1229 1505 1301 μάθῃς,
1529 1230 1611 1288 ὅτι
1640 1226 1782 1302 ύπέρ

188 1316 293 1384 τῆς
314 1318 415 1385 γῆς
444 1316 665 1386 ἀπάσης
694 1316 843 1367 ἐστὶν
864 1316 897 1388 ή
924 1315 1230 1387 προσφορὰ,
1254 1314 1348 1367 καὶ
1373 1314 1459 1369 ὃτι
1485 1310 1662 1371 κοινὸς
1681 1309 1783 1379 τῆς

190 1399 410 1468 φύσεως
440 1399 597 1468 ήμῶν
628 1398 850 1468 ἀπάσης
887 1398 1036 1452 ἐστὶν
1062 1399 1090 1451 6
1128 1396 1488 1467 καθαρισμός.
1533 1394 1659 1456 Τοῖς
1683 1392 1784 1464 μέν

190 1482 305 1553 γάρ
346 1481 621 1546 Ἰουδαίοις
651 1481 741 1535 διά
773 1480 931 1541 τοῦτο
950 1480 1238 1534 ἐκέλευσεν
1262 1483 1291 1533 6
1324 1478 1660 1543 Θεδςλπᾶσαν
1685 1474 1785 1548 τὴν

190 1567 303 1639 γῆν
336 1568 577 1637 ἀφιέναι,
598 1570 691 1630 καὶ
720 1570 799 1632 είς
828 1567 926 1627 ἕνα
957 1566 1120 1625 τόπον
1148 1563 1299 1639 [M3]
1325 1562 1679 1635 προσφέρειν,
1705 1559 1787 1622 εἰς

195 1650 295 1705 ἕνα
321 1650 488 1704 τόπον
520 1650 807 1721 εὔχεσθαι·
847 1649 1039 1724 ἐπειδὴ
1073 1650 1226 1705 πᾶσα
1249 1649 1284 1724 ή
1308 1647 1382 1717 γῆ
1403 1646 1525 1698 τότε
1548 1642 1788 1714 ἀκάθαρ-

190 1750 288 1798 τος
320 1730 389 1806 ἦν
435 1736 543 1789 ἀπὸ
574 1734 668 1790 τοῦ
703 1733 934 1797 καπνοῦ,
986 1733 1080 1792 καὶ
1124 1732 1225 1802 τῆς
1257 1731 1507 1800 κνίσσης,
1554 1728 1651 1781 καὶ
1675 1727 1801 1791 τῶν,

194 1818 495 1876 εἰδωλικῶν
540 1820 810 1891 αἱμάτων,
845 1820 938 1872 καὶ
976 1816 1084 1870 τῶν
1141 1814 1318 1869 ἄλλων
1356 1810 1650 1884 μολυσμῶν
1679 1809 1789 1863 τῶν

207 1900 572 1969 Ἑλληνικῶν*
621 1902 710 1962 διὰ
752 1901 912 1960 τοῦτο
947 1901 1133 1962 αὐτοῖς
1162 1900 1259 1957 Eva
1294 1898 1459 1951 τόπον
1503 1893 1785 1959 ἐπέταξεν.

210 1982 353 2037 Ἀλλ’
386 1984 555 2039 ἐλθὼν
590 1988 619 2040 6
659 1984 915 2056 Χριστὸς,
954 1985 1051 2040 καὶ
1080 1983 1180 2054 τῆς
1213 1982 1423 2044 πόλεως
1444 1980 1551 2046 ἔξω
1575 1976 1787 2041 παθὼν,

197 2069 382 2125 πᾶσαν
414 2068 514 2139 τὴν
534 2070 640 2139 γῆν
675 2069 933 2139 ἐκάθηρε,
964 2069 1142 2122 πάντα
1170 2067 1334 2121 τόπον
1360 2066 1648 2137 εύκτήριον
1678 2064 1791 2132 εἰρ-

195 2150 425 2219 γάσατο.
462 2153 649 2206 Βούλει
684 2153 877 2224 μαθεῖν
908 2152 1023 2215 πῶς
1062 2153 1211 2205 πᾶσα
1260 2152 1293 2229 ή
1348 2150 1421 2222 γῆ
1449 2148 1635 2201 λοιπὸν
1665 2147 1792 2215 ναὸς

198 2236 437 2309 ἐγένετο,
492 2237 588 2290 καὶ
639 2238 757 2300 πῶς
810 2239 919 2300 πᾶς
950 2236 1116 2298 τόπος
1168 2235 1457 2304 εύκτήριος
1514 2230 1791 2300 κατέστης

202 2321 474 2380 Ἄκουσον
498 2321 659 2381 πάλιν
679 2321 775 2381 τοῦ
818 2320 1091 2393 μακαρίου
1128 2318 1343 2377 Παύλου
1378 2318 1627 2386 λέγοντος
1648 2332 1661 2345 ο
1695 2316 1795 2368 Ἐν

201 2407 381 2460 παντὶ
424 2408 584 2474 τόπῳ
613 2406 965 2473 ἐπαίροντες
1004 2406 1217 2470 ὁσίους
1248 2402 1452 2473 χεῖρας
1482 2402 1663 2469 χωρὶς
1696 2402 1795 2471 dp.

200 2488 314 2558 τῆς
333 2491 433 2543 καί
463 2489 881 2559 διαλογισμοῦ.
906 2485 1062 2553 Εἶδες
1086 2487 1204 2551 πῶς
1233 2486 1473 2558 ἐκάθηρε
1493 2487 1592 2557 τὴν
1618 2487 1798 2545 οἰκου-

206 2574 407 2645 μένην;
451 2572 587 2639 εἶδες
642 2574 759 2637 πῶς
792 2573 1071 2644 πανταχοῦ
1107 2571 1358 2643 ἐπαίρειν
1391 2570 1571 2633 ὁσίους
1606 2572 1796 2641 χεῖρας

203 2657 514 2727 δυνάμεθα;
552 2659 709 2712 Πᾶσα
737 2657 847 2729 γὰρ
870 2662 904 2729 ἡ
927 2658 1000 2727 γῆ
1022 2657 1246 2726 γέγονεν
1270 2656 1400 2724 ἁγία
1425 2655 1631 2716 λοιπὸν,
1662 2653 1799 2724 μᾶλ-

206 2742 300 2793 λον
339 2741 396 2793 δέ
432 2742 526 2795 καὶ
578 2742 689 2794 τῶν
745 2741 895 2811 παρά
941 2740 1214 2802 Ἰουδαίοις
1263 2739 1436 2807 ἁγίων
1494 2736 1796 2808 ἀγιωτέρα.

209 2824 371 2890 Πῶς;
397 2825 525 2878 Ὅτε
552 2825 668 2877 ἐκεῖ
688 2823 1022 2895 μὲνκάλογον,
1051 2821 1283 2879 ἐνταῦθα
1303 2823 1360 2876 δὲ
1388 2822 1604 2888 λογικὸν
1626 2838 1799 2891 προσ-

212 2908 356 2977 ήχθη
384 2906 678 2979 πρόϐατον.
719 2907 869 2978 Ὅσῳ
888 2906 1068 2959 τοίνυν
1099 2907 1345 2977 κρεῖττον
1376 2905 1436 2958 τὸ
1459 2904 1677 2972 λογικὸν
1704 2901 1798 2957 τοῦ

212 2992 435 3061 ἀλόγου,
486 2992 726 3062 τοσούτῳ
783 2990 987 3043 πλείων
1038 2988 1273 3047 ἐνταῦθα
1315 2989 1410 3043 καὶ
1447 2991 1475 3041 6
1507 2988 1797 3059 ἁγιασμός.

211 3073 424 3129 Οὐκοῦν
461 3074 678 3146 ἀληθῶς
709 3073 870 3146 ἐορτὴ
899 3075 927 3127 6
959 3072 1211 3144 σταυρός.

284 3262 352 3335 β’.
391 3263 577 3316 Βούλει
606 3259 798 3332 μαθεῖν
826 3257 993 3315 αὑτοῦ
1024 3258 1118 3311 καὶ
1136 3258 1323 3328 ἕτερον
1344 3255 1676 3329 κατόρθωμα
1708 3255 1805 3327 μέ-

208 3362 423 3423 γιστον,
450 3346 631 3399 πᾶσαν
654 3343 980 3415 ύπερϐαῖνον
1006 3340 1358 3413 ἀνθρωπίνην
1392 3340 1633 3423 διάνοιαν
1656 3355 1670 3404 ;
1700 3339 1804 3392 Τὸν

213 3420 546 3502 παράδεισον
579 3426 1076 3497 ἀποκεκλεισμένον
1108 3426 1348 3496 σήμερον
1368 3420 1569 3494 ἀνέῳξε
1592 3438 1606 3453 ⁸
1632 3423 1697 3491 σή
1707 3439 1806 3493 με·

217 3534 312 3588 ρον
348 3514 458 3586 γάρ
478 3512 572 3567 τὸν
595 3510 800 3583 λῃστὴν
828 3512 1123 3578 εἰσήγαγεν
1150 3508 1209 3560 ἐν
1237 3504 1401 3577 αὐτῷ.
1429 3506 1534 3559 Δύο
1557 3505 1625 3588 τά
1651 3507 1808 3576 μέγι-

215 3587 321 3660 στα
345 3588 769 3668 κατορθώματα,
811 3592 905 3646 καὶ
934 3592 1026 3644 τὸν
1073 3590 1402 3661 παράδεισον
1440 3587 1642 3659 ἀνέῳξε
1665 3629 1678 3651 ,
1712 3589 1808 3642 καὶ

213 3686 308 3738 τδν
342 3681 549 3755 λῃστὴν
581 3678 905 3748 εἰσήγαγεν’
937 3674 1219 3728 ἀπέδωκεν
1246 3670 1395 3741 αύτῷ
1437 3671 1536 3755 τὴν
1571 3671 1809 3741 ἀρχαίαν

222 3754 481 3837 πατρίδα,
510 3763 858 3832 ἐπανήγαγεν
893 3758 1056 3812 αὐτὸν
1077 3758 1171 3810 ἐπὶ
1198 3757 1299 3826 τὴν
1339 3754 1599 3826 πατρῴαν
1632 3755 1806 3812 πόλιν.

218 3851 494 3920 Σήμερον
515 3847 641 3915 μετ’
671 3843 818 3912 ἐμοῦ
838 3844 978 3909 ἔσῃ,
1021 3841 1205 3910 φησὶν,
1240 3840 1311 3893 ἐν
1338 3838 1419 3904 τῷ
1444 3838 1807 3907 παραδείσῳ.

220 3936 291 3989 Τί
320 3934 501 4003 λέγεις
522 3948 537 3996 ;
558 3929 901 4001 ἐσταύρωσαι
922 3927 1016 3981 καὶ
1036 3926 1389 3997 προσήλωσαι
1412 3928 1469 3978 ἐν
1489 3924 1568 3995 τῷ
1590 3925 1809 3996 σταυρῷ

220 4017 398 4088 ἥλοις,
432 4015 528 4071 καὶ⁴
560 4005 889 4085 παράδεισον
921 4009 1269 4080 ἐπαγγέλλῃς
1318 4007 1434 4070 πῶς
1461 4004 1555 4062 οὖν
1582 4008 1809 4062 τοιαῦτα

221 4099 459 4183 χαρίξῃς
502 4098 612 4153 Kal
645 4093 1047 4183 μὴνΑό-Παῦλος
1073 4092 1221 4183 λέγει
1246 4131 1261 4154 ,
1302 4094 1388 4149 ὅτι
1433 4091 1808 4183 ζεσταυρῶίξη

222 4174 295 4249 ἒξ
322 4182 643 4247 ἀσθενείας
669 4197 683 4220 φ
713 4178 827 4233 ἀλλ’
851 4178 1016 4233 ἄκουε
1050 4175 1159 4228 τῶν
1199 4174 1556 4245 ἐπαγομένων
1577 4192 1590 4206 ·
1636 4177 1811 4230 Ἀλλὰ

224 4268 315 4337 ζῇ,
341 4267 527 4338 φησιν,
564 4265 630 4318 ἐκ
661 4260 970 4330 δυνάμεως
1004 4258 1172 4337 Θεοῦ.
1213 4260 1323 4313 Καὶ
1350 4258 1510 4311 πάλιν
1542 4257 1777 4330 ἀλλαχοῦ
1796 4275 1809 4289 '

237 4334 309 4408 Ἦ
469 4347 727 4421 δύναμίς
754 4363 869 4416 μου
897 4345 960 4398 ἐν
994 4334 1279 4409 ἀσθενείᾳ
1323 4342 1676 4397 τελειοῦται.
1712 4342 1812 4397 Διά

226 4437 387 4491 τοῦτο
407 4437 464 4490 ἐν
491 4435 570 4505 τῷ
599 4430 818 4503 σταυρῷ
860 4427 977 4493 νῦν,
1024 4429 1209 4500 φησὶν,
1258 4428 1686 4498 ἐπαγγέλλομαι,
1727 4429 1813 4482 ἵνα

229 4520 327 4575 καὶ
356 4518 445 4572 διά
472 4516 663 4570 τούτου
692 4515 791 4586 τὴν
809 4513 948 4583 ἐμὴν
978 4510 1302 4582 καταμάθῃς
1320 4509 1568 4581 δύναμιν.
1594 4510 1813 4582 Ἐπειδὴ

228 4607 343 4677 γὰρ
370 4602 433 4657 τὸ
484 4601 719 4672 πρᾶγμα
783 4594 1110 4665 σκυθρωπόν
1140 4595 1310 4656 ἐστιν,
1339 4587 1538 4677 ἵνα
1564 4592 1814 4677 κατηφὴς

393 4689 462 4757 τῇ
494 4686 655 4752 φύσει
684 4680 779 4733 τοῦ
804 4678 1039 4748 σταυροῦ
1075 4676 1377 4748 προσέχων,
1404 4675 1540 4730 ἀλλά
1566 4676 1700 4745 πρὸς
1717 4677 1816 4760 τῂν

230 4756 782 4838 τοῦτ-σταυρουμένου
840 4762 1069 4833 δύναμιν
1104 4759 1441 4831 ἀποϐλέψας,
1495 4760 1717 4830 φαιδρὸς
1747 4756 1816 4831 ᾖς

234 4856 332 4911 καὶ
354 4849 759 4922 γεγανωμένος,
792 4846 877 4899 διὰ
903 4845 1059 4898 τοῦτο
1084 4845 1201 4897 ἐκεῖ
1225 4843 1559 4897 ἐπιδείκνυσί
1604 4859 1685 4896 σοι
1715 4844 1816 4914 τὴν

239 4939 395 5010 ἰσχὺν
423 4940 524 5007 την
558 4929 775 4987 ἐαυτοῦ.
810 4929 884 4980 υύ
906 4928 1014 4998 γάρ
1036 4926 1227 4998 νεκρὸν
1251 4927 1583 4997 ἀναστήσας,
1617 4927 1678 4980 οὐ
1718 4927 1817 4980 θα-

234 5023 407 5092 λάττῃ
438 5017 719 5080 ἐπιτάξας,
764 5015 825 5065 ού
849 5012 1099 5082 δαίμοσιν
1126 5012 1477 5081 ἐπιτιμήσας,
1496 5011 1610 5063 ἀλλ’
1627 5013 1820 5063 ἐσταυ-

242 5105 507 5179 ρωμένος,
544 5097 987 5171 προσηλωμένος,
1014 5094 1401 5179 ὑϐριζόμενος,
1420 5094 1818 5179 ἐμπτυόμενος,

237 5176 666 5257 λοιδορούμενος,
703 5180 1119 5250 χλευαζόμενος,
1157 5176 1307 5247 παρά
1332 5176 1550 5229 πάντων
1571 5176 1822 5248 διασυρό-

244 5287 413 5343 μενος⁵
457 5267 645 5337 ἴσχυσε
673 5266 770 5336 τὴν
802 5262 1046 5335 πονηρὰν
1076 5260 1169 5314 τοῦ
1202 5259 1400 5332 λῃστοῦ
1450 5260 1690 5313 διάνοιαν
1736 5261 1822 5330 ἐφ’

240 5353 433 5410 ἑαυτὸν
483 5347 909 5404 ἐπισπάσασθαι.
962 5348 1105 5415 Ὀρα
1148 5344 1486 5415 ἑκατέρωθεν
1534 5343 1698 5395 αὑτοῦ
1727 5345 1825 5415 τὴν

1116 364 1205 419 DE
1250 363 1484 421 CRUCE
1524 362 1613 419 ΕΤ
1646 362 1994 424 LATRONE.
2042 368 2280 431 HOMIL.
2324 375 2391 432 ll.

3362 391 3468 447 610

1886 491 2051 576 φαία,
2083 493 2262 547 καὶσὺ
2293 493 2368 564 τῷ
2397 493 2567 566 λῃστῇ
2607 495 2707 566 τήν
2737 497 2854 550 ἐκεῖ
2879 495 3084 554 εἴσοδον
3113 502 3421 576 ἐπαγγέλλῃ
3445 509 3465 556 ἶ

1888 575 2020 637 Ναὶ,
2055 578 2244 645 φησίν.
2288 577 2430 645 Ἐγὼ
2454 578 2560 649 γάρ
2595 580 2690 633 κα⁸ι
2709 580 2819 632 τῶν
2854 582 3119 652 χερουϐίμ
3138 575 3470 653 είμιδεσπό-

1882 676 2003 727 της,
2036 661 2127 713 καὶ
2155 660 2352 730 φλογὸς
2394 662 2486 717 καὶ
2516 663 2744 733 γεέννης
2783 665 2878 718 καὶ
2923 667 3069 736 ζωῆς
3111 666 3206 719 καὶ
3236 667 3470 722 θανάτου

1887 742 1987 811 τήν
2022 740 2270 807 ἐξουσίαν
2295 743 2404 814 ἔχω
2423 760 2438 776 ο
2464 746 2545 799 διὸ
2574 746 2668 799 καὶ
2688 745 2856 815 λέγει’
2882 747 3153 817 Σήμερον
3163 751 3294 814 μετ’
3318 750 3469 819 ἐμοῦ

1885 822 2001 905 ἔσῃ
2030 824 2101 876 ἐν
2132 823 2212 889 τῷ
2261 826 2627 894 παραδείσῳ.
2680 830 2778 883 “Av
2808 829 2956 885 ἴδωσι
2984 830 3076 883 τὸν
3108 833 3386 905 Δεσπότην
3412 835 3471 888 αι

1883 904 2146 975 δυνάμεις
2161 908 2393 971 ἐκεῖναι,
2406 908 2611 974 εὐθέως
2638 911 3029 984 παραχωροῦσι
3048 913 3143 967 καὶ
3160 914 3476 980 ὑπεξίσταν-

1882 1004 1993 1069 ται.
2018 989 2215 1047 Καίτοι
2243 1006 2307 1059 γε
2338 990 2593 1061 βασιλεὺς
2621 993 2795 1059 οὐδεὶς
2824 994 2890 1049 ἀν
2906 1012 3036 1050 ποτε
3064 997 3357 1068 ἀνάσχοιτο
3382 999 3474 1069 λῃ-

1889 1068 2021 1151 στὴν
2073 1070 2380 1147 ἄνθρωπον,
2411 1074 2444 1145 ἢ
2477 1074 2664 1149 ἕτερόν
2708 1093 2831 1130 τινα
2861 1078 2971 1131 τῶν
3013 1080 3319 1149 ὁμοδούλων
3350 1068 3470 1151 μεθ’

1888 1149 2042 1227 [414]
2058 1153 2253 1211 ἑαυτοῦ
2280 1156 2618 1223 είσκαθίσας,
2639 1157 2812 1223 οὕτως
2827 1164 2905 1224 εἰς
2928 1162 3027 1233 τὴν
3052 1162 3205 1216 πόλιν
3221 1149 3474 1217 εἰσελαύο

1887 1255 1999 1292 νειν
2014 1256 2028 1270 ο
2060 1241 2088 1293 6
2110 1240 2167 1297 δέ
2189 1241 2568 1315 φιλάνθρωπος
2591 1245 2869 1317 Δεσπότης
2898 1246 3057 1300 τοῦτο
3081 1244 3355 1316 ἐποίησεν.
3381 1247 3476 1311 Εἰς

1887 1323 1989 1394 τὴν
2021 1323 2173 1395 ίεράν
2203 1324 2311 1401 γάρ
2340 1325 2525 1379 εἰσιὼν
2553 1328 2805 1399 πατρίδα,
2832 1330 2923 1383 τὸν
2962 1320 3167 1401 λῃστὴν
3200 1330 3317 1401 μεθ’
3350 1331 3476 1383 ἐαυ-

1888 1404 1984 1461 τοῦ
2018 1408 2297 1478 εἰσφέρει,
2356 1409 2478 1480 ούχὶ
2531 1409 2815 1480 ἀτιμάζων
2873 1412 2965 1466 τὸν
3000 1413 3347 1484 παράδεισον,
3400 1411 3477 1485 μή

1889 1489 2123 1558 γένοιτο,
2182 1494 2296 1554 τοῖς
2329 1493 2456 1547 ποσὶ
2503 1492 2598 1547 τοῦ
2631 1493 2853 1566 λῃστοῦ,
2887 1494 3023 1550 ἀλλά
3053 1496 3225 1567 ταύτῃ
3276 1495 3477 1566 μᾶλλον

1889 1573 2088 1644 τιμῶν.
2115 1574 2261 1644 Τιμὴ
2298 1575 2407 1647 γὰρ
2436 1576 2792 1647 παραδείσου,
2830 1578 2892 1632 16
2930 1577 3171 1631 τοιοῦτον
3205 1580 3350 1649 ἐχειν
3380 1574 3482 1632 Δε-

1895 1655 2122 1727 σπότην,
2151 1655 2295 1711 οὕτω
2322 1657 2545 1713 δυνατὸν
2575 1659 3076 1731 καὶνφιλάνθρωπον
3100 1701 3115 1725 ,
3150 1661 3225 1725 ὡς
3266 1662 3361 1716 καὶ
3383 1661 3481 1731 λῃ-

1895 1738 2027 1810 στὴν
2073 1739 2333 1797 δύνασθαι
2366 1734 2591 1812 ποιῆσαι
2623 1741 2770 1808 ἀξιον
2798 1744 2897 1813 τῆς
2928 1745 3143 1815 τρυφῆς
3180 1745 3278 1814 τῆς
3308 1746 3366 1797 ἐν
3398 1743 3480 1814 τῷ

1896 1822 2232 1895 παραδείσῳ.
2261 1823 2372 1878 Kal
2399 1823 2509 1895 γὰρ
2535 1825 2627 1879 ὅτε
2662 1824 2901 1889 τελώνας
2926 1828 3022 1880 καὶ
3048 1828 3252 1898 πόρνας
3276 1830 3356 1891 εἰς
3378 1826 3481 1899 τήν

1900 1904 2179 1973 βασιλείαν
2194 1907 2403 1971 ἐκάλει,
2417 1908 2479 1963 ού
2502 1909 2881 1979 καταισχύνων
2902 1910 3002 1979 τὴν
3022 1909 3299 1979 βασιλείαν
3323 1910 3484 1964 τοῦτο

1898 1989 2245 2055 ἐποίει,ἀλλά
2259 1990 2436 2061 τιμῶν
2461 1992 2718 2062 μάλιστα,
2750 1992 2845 2047 καὶ
2872 1983 3086 2056 δεικνὺς
3126 1994 3209 2048 ὅτι
3238 1992 3485 2059 τοιοῦτός

1897 2071 2045 2124 ἐστιν
2072 2074 2100 2126 6
2128 2073 2332 2144 Κύριος
2369 2074 2467 2145 τῆς
2508 2074 2619 2129 τῶν
2649 2075 2896 2145 οὐρανῶν
2929 2074 3205 2145 βασιλείας
3230 2118 3244 2142 ,
3276 2076 3351 2140 ὡς
3389 2076 3486 2130 καὶ

1898 2152 2106 2224 πόρνας
2142 2156 2235 2208 καὶ
2260 2155 2499 2221 τελώνας
2538 2157 2712 2221 οῦτως
2738 2157 3075 2229 ἐργάσασθαι
3098 2157 3376 2229 δοκίμους,
3406 2158 3486 2223 ὡς

1898 2238 2083 2305 ἀξίους
2111 2240 2343 2309 φανῆναι
2371 2241 2473 2312 τῆς
2502 2243 2621 2299 ἐκεῖ
2656 2242 2823 2313 τιμῆς
2850 2243 2945 2296 καὶ
2963 2242 3190 2313 δωρεᾶς.
3214 2242 3485 2314 Καθάπερ

1895 2318 1990 2374 οὖν
2014 2322 2198 2393 ἰατρὸν
2227 2323 2347 2376 τότε
2377 2322 2749 2395 θαυμάζομεν,
2777 2326 2908 2379 ὅταν
2934 2325 3133 2397 ίδωμεν
3158 2327 3239 2379 ὅτι
3271 2324 3489 2396 ἀνθρώ-

1897 2420 2033 2467 πους
2063 2405 2257 2458 ἀνίατα
2297 2408 2583 2478 νοσήματα
2616 2408 2836 2479 ἔχοντας
2883 2408 3197 2474 ἀπαλλάξας
3232 2407 3334 2477 τῆς
3383 2409 3494 2480 ἀρ-

1899 2487 2157 2561 ρωστίας,
2217 2488 2355 2560 πρὸς
2393 2488 2642 2561 καθαράν
2672 2490 2885 2559 ὑγίειαν
2928 2492 3308 2563 ἐπανήγαγεν·
3345 2490 3492 2543 οὕτω

1898 2572 1992 2623 καὶ
2023 2566 2114 2623 τὸν
2143 2573 2376 2645 Χριστὸν
2398 2573 2702 2644 θαύμασον,
2727 2574 3005 2646 ἀγαπητέ,
3036 2575 3131 2628 καὶ
3157 2574 3489 2643 ἐκπλάγηθι,

1897 2655 1980 2708 ὅτι
2018 2653 2201 2713 λαϐὼν
2239 2655 2434 2714 ἀνίατα
2471 2660 2755 2729 νοσήματα
2792 2657 2969 2729 ψυχῆς
3016 2658 3240 2729 ἔχοντας
3278 2656 3493 2728 ἀνθρώ-

1900 2754 2074 2804 πους,
2124 2738 2311 2809 ῐσχυσε
2360 2741 2455 2793 καὶ
2501 2741 2601 2812 τῆς
2648 2740 2850 2805 κακίας
2899 2740 3228 2809 ἀπαλλάξαι,
3267 2743 3363 2795 καὶ
3389 2739 3493 2809 τῆς

1898 2821 2009 2877 τῶν
2035 2823 2282 2894 οὐρανῶν
2315 2822 2594 2893 βασιλείας
2630 2824 2815 2890 ἀξίους
2848 2826 3127 2895 ἀποφῆναι
3186 2825 3313 2888 τοὺς
3355 2824 3495 2895 πρὸς

1898 2905 2001 2976 τὴν
2054 2906 2294 2979 ἐσχάτην
2343 2907 2612 2978 πονηρίαν
2669 2906 3025 2977 ἐληλακότας.
3068 2907 3342 2977 Σήμερον
3364 2906 3495 2977 μετ’

1901 2987 2050 3057 ἐμοῦ
2081 2988 2195 3056 ἔσῃ
2218 2988 2290 3042 ἐν
2308 2988 2388 3055 τῷ
2418 2991 2787 3059 παραδείσῳ.
2811 2991 3040 3062 Μεγάλη
3067 2991 3223 3062 τιμὴ,
3241 2991 3376 3045 πολὺ
3397 2993 3497 3061 τῆς

1906 3070 2320 3142 φιλανθρωπίας
2367 3071 2428 3125 τὸ
2460 3074 2716 3143 μέγεθος,
2756 3075 2965 3145 άφατος
3015 3077 3049 3147 ή
3095 3074 3371 3145 ὑπερϐολὴ
3398 3073 3498 3144 τῆς

1903 3154 2260 3223 ἀγαθότητος·
2296 3154 2390 3208 τοῦ
2436 3157 2546 3229 γὰρ
2591 3160 2670 3220 εις
2722 3157 2815 3209 τὸν
2870 3157 3200 3229 παράδεισον
3234 3157 3498 3211 εἰσελθεῖν

1909 3236 2116 3308 μείζων
2143 3238 2278 3308 τιμή
2301 3237 2361 3291 τὸ
2402 3240 2541 3309 μετά
2568 3238 2662 3293 τοῦ
2694 3240 2967 3293 Δεσπότου
3002 3239 3285 3293 εἰσελθεῖν.
3310 3239 3377 3291 Τί
3404 3239 3499 3304 γέ-

1906 3336 2087 3389 γονεν,
2134 3320 2255 3374 είπέ
2286 3338 2414 3392 μοις
2473 3322 2528 3376 τί
2578 3322 2821 3376 τοιοῦτον
2852 3323 2883 3375 6
2914 3322 3118 3396 λῃστὴς
3162 3323 3498 3389 ἐπεδείξατο,

1908 3403 1997 3458 ἵνα
2017 3401 2215 3473 ἀθρόον
2239 3406 2569 3477 παραδείσου
2599 3405 2751 3470 ἀξιος
2787 3409 2928 3477 φανῇ
2959 3406 3067 3461 ἀπὸ
3098 3405 3192 3462 τοῦ
3225 3405 3497 3476 σταυροῦς

1908 3484 2098 3541 Βούλει
2125 3488 2409 3559 συντόμως
2435 3489 2595 3554 εἴπω,
2628 3491 2723 3544 καί⁵
2744 3489 2903 3554 δείξω
2933 3488 3028 3543 τοῦ
3050 3489 3247 3562 λῃστοῦ
3272 3488 3371 3561 τὴν
3403 3488 3501 3541 εύ-

1907 3570 2295 3641 γνωμοσύνηνς
2313 3572 2443 3625 Ὅτε
2474 3572 2678 3645 Πέτρος
2698 3574 2916 3643 ἠρνεῖτο
2953 3573 3104 3627 κάτω
3127 3575 3156 3626 6
3182 3572 3291 3625 τῶν
3322 3570 3503 3642 μαθηο

1907 3658 2017 3711 τῶν
2061 3661 2392 3729 κορυφαῖος,
2424 3660 2546 3713 τότε
2600 3663 2809 3724 ἐκεῖνος
2854 3660 2967 3715 ἀνω
2997 3661 3089 3713 ἐπὶ
3130 3659 3226 3713 τοῦ
3260 3657 3501 3730 σταυροῦ

1909 3745 2196 3815 τυγχάνων
2228 3746 2569 3818 ὡμολόγησε.
2590 3748 2699 3801 Kal
2726 3746 2883 3801 τοῦτο
2914 3747 2974 3800 ού
3001 3746 3095 3800 τοῦ
3124 3746 3334 3817 Πέτρου
3363 3763 3502 3800 κατ-

1907 3834 2126 3904 ηγορῶν
2172 3830 2345 3898 εἶπον,
2380 3835 2453 3906 μὴ
2484 3835 2716 3903 γένοιτο,
2743 3834 2880 3889 ἀλλά
2905 3836 3002 3889 τοῦ
3034 3833 3236 3908 λῃστοῦ
3266 3834 3366 3905 τήν
3401 3851 3502 3905 με-

1910 3921 2251 3991 γαλοψυχίαν
2281 3922 2449 3988 δεῖξαι
2474 3921 2820 3992 βουλόμενος,
2854 3923 2946 3977 καὶ
2980 3924 3081 3993 τὴν
3119 3920 3501 3992 ὑπερϐάλλουο

1914 4025 2013 4061 σαν
2050 4007 2389 4077 φιλοσοφίαν.
2435 4009 2672 4073 Ἐκεῖνος
2720 4012 2821 4064 οὐκ
2846 4010 3044 4080 ήνεγκε
3068 4009 3239 4080 κόρης
3271 4008 3505 4080 ἀπειλὴν

1912 4095 2189 4159 εὐτελοῦς·
2225 4092 2381 4159 οὗτος
2406 4096 2463 4150 δὲ
2498 4096 2641 4168 ὀρῶν
2678 4097 2850 4168 δῆμον
2884 4096 3178 4167 ὀλόκληρον
3213 4095 3501 4167 μεμηνότα

1913 4183 2008 4237 καὶ
2039 4184 2378 4254 περιεστῶτα
2406 4185 2500 4237 καὶ
2530 4184 2736 4254 βοῶντα
2762 4184 2856 4237 καὶ
2883 4184 3052 4255 μυρία
3082 4186 3161 4247 εἰς
3196 4183 3287 4236 τὸν
3311 4185 3508 4236 ἐσταυ-

1917 4271 2164 4342 ρωμένον
2194 4271 2625 4342 λοιδορούμενον,
2661 4273 2761 4326 οὐκ
2790 4269 2897 4325 εἶδε
2928 4271 3066 4343 πρὸς
3102 4272 3202 4341 τὴν
3233 4270 3389 4343 ὓϐριν
3411 4270 3507 4325 τοῦ

1914 4358 2368 4430 ἐσταυρωμένου,
2416 4358 2555 4412 ἀλλά
2602 4360 2716 4423 τοῖς
2766 4358 2867 4427 τῆς
2914 4358 3150 4422 πίστεως
3200 4358 3504 4429 ὀφθαλμοῖς

1915 4448 2132 4501 ἅπαντα
2155 4446 2329 4499 ταῦτα
2358 4444 2756 4517 παραδραμὼν,
2804 4446 2900 4499 καὶ
2944 4445 3012 4498 τὰ
3054 4446 3286 4499 ταπεινά
3312 4446 3407 4499 καὶ
3439 4444 3510 4501 τά

1915 4534 2219 4604 κωλύματα
2252 4535 2401 4587 κάτω
2426 4534 2607 4600 ἀφεὶς,
2633 4532 2849 4601 ἐπέγνω
2878 4532 2971 4586 τὸν
2999 4532 3109 4586 τῶν
3135 4533 3380 4601 οὐρανῶν
3413 4536 3511 4586 Δε-

1919 4620 2146 4690 σπότην,
2171 4618 2344 4674 εἰπὼν
2365 4619 2433 4672 τά
2460 4619 2670 4691 βραχέα
2691 4620 2876 4673 ἐκεῖνα
2903 4622 3123 4691 ῥήματα
3149 4622 3245 4674 καὶ
3272 4619 3369 4674 τοῦ
3398 4637 3509 4673 πα-

1923 4707 2171 4777 ραδείσου
2199 4706 2348 4773 ἀξιον
2371 4707 2536 4760 αὐτὸν
2561 4708 2940 4779 ἀποφήναντα·
2958 4707 3279 4776 Μνήσθητί
3297 4726 3417 4778 μου
3440 4708 3514 4763 ἐν

1917 4793 1993 4862 τῇ
2015 4794 2305 4862 βασιλείᾳ
2328 4810 2465 4849 σου.
2487 4794 2580 4867 Μή
2603 4796 3055 4867 παραδράμωμεν
3075 4796 3262 4859 ἀπλῶς
3284 4797 3345 4849 τὸ
3367 4798 3513 4869 εἰρη-

1924 4882 2106 4953 μένον,
2146 4883 2281 4954 μηδὲ
2334 4884 2789 4955 ἐπαισχυνθῶμεν
2833 4883 3154 4939 διδάσκαλον
3204 4886 3389 4939 λαϐεῖν
3417 4887 3511 4941 τὸν

1920 4968 2145 5042 λῃστὴν,
2180 4970 2239 5023 ὂν
2290 4972 2390 5024 οὐκ
2426 4971 2739 5044 ἐπῃσχύνθη
2774 4972 2803 5024 6
2856 4973 3135 5043 Δεσπότης
3167 4974 3196 5026 6
3242 4973 3514 5043 ἡμέτερος

1923 5058 2137 5130 πρῶτον
2166 5060 2245 5123 εἰς
2265 5060 2355 5112 τὸν
2383 5060 2714 5130 παράδεισον
2746 5062 3082 5129 εἰσαγαγεῖνυ
3114 5061 3187 5132 μὴ
3219 5062 3511 5131 ἐπαισχυν-

1925 5146 2107 5217 θῶμεν
2139 5145 2456 5199 διδάσκαλον
2488 5145 2673 5199 λαϐεῖν
2707 5147 3017 5218 ἄνθρωπον,
3055 5146 3161 5217 πρὸ
3193 5132 3391 5208 παντὸς
3416 5143 3512 5198 τοῦ

1924 5236 2033 5290 τῶν
2064 5236 2367 5307 ἀνθρώπων
2394 5236 2583 5304 γένους
2630 5236 2780 5303 ἄξιον
2816 5236 3054 5306 φανέντα
3102 5237 3202 5306 τῆς
3235 5234 3511 5297 πολιτείας

1924 5323 2024 5393 τῆς
2058 5324 2115 5375 ἐν
2149 5322 2227 5393 τῷ
2255 5324 2587 5395 παραδείσῳ.
2639 5324 2777 5377 Καθ’
2808 5325 3038 5379 ἕκαστον
3065 5325 3243 5377 τοίνυν
3275 5324 3384 5375 τῶν
3417 5325 3515 5394 ρη-

239 5408 469 5507 δύναμιν
512 5432 946 5503 διαλάμπουσαν.
994 5408 1105 5499 Τίὴν
1157 5408 1334 5481 κτίσιν
1378 5427 1672 5495 ἐκλόνησε,
1726 5408 1827 5491 τάς
1932 5411 2117 5481 μάτων
2136 5410 2524 5507 ’έξξτάξῖξυμενν
2564 5411 2947 5507 fvggéewey
3004 5412 3391 5507 καῖέντ-ῖῧίξεν
3418 5408 3512 5464 τοῦ

241 5522 451 5591 πέτρας
476 5516 763 5587 διέρρηξε,
814 5513 911 5585 τήν
955 5512 1163 5582 πέτρας
1214 5511 1678 5581 ἀναισθητοτέραν
1730 5513 1826 5565 τοῦ

242 5602 442 5677 λῃστοῦ
468 5600 643 5670 ψυχὴν
677 5598 848 5669 κηροῦ
878 5594 1272 5667 μαλακωτέραν
1306 5593 1825 5677 εἰργάσατο.Σήμε-

1931 5498 2163 5570 σταυροῦ
2194 5499 2292 5568 τὴν
2315 5501 2565 5569 δύναμιν.
2602 5499 2735 5551 Οὐδὲ
2758 5499 2869 5571 γάρ
2888 5494 3009 5551 εἶπε
3038 5500 3175 5571 πρὸς
3207 5499 3389 5562 αὐτὸν,
3415 5516 3516 5550 κα-

1930 5587 2110 5657 θάπερ
2133 5587 2269 5657 πρὸς
2296 5588 2500 5658 Πέτρον
2519 5592 2613 5643 καὶ
2644 5589 2917 5658 Ἀνδρέανο
2940 5590 3139 5652 Δεῦτε,
3162 5590 3260 5642 καὶ
3277 5588 3518 5657 ποιήσω

238 5673 353 5757 ρὸν
372 5686 497 5755 μετ’
524 5682 669 5752 ἐμοῦ
688 5683 800 5749 ἔσῃ
817 5681 887 5733 ἐν
905 5678 985 5743 τῷ
1008 5678 1369 5747 παραδείσῳ.
1402 5676 1465 5730 Τί
1498 5676 1677 5743 λέγεις
1702 5694 1715 5740 ;
1748 5678 1830 5732 Τά
1933 5674 2087 5743 ὑμᾶς
2116 5676 2307 5742 ἁλιεῖς
2334 5676 2679 5757 ἀνθρώπων
2702 5678 2822 5730 οὐδὲ
2843 5673 2960 5729 εἶπε
2984 5678 3117 5748 πρὸς
3138 5677 3319 5734 αὐτὸν,
3342 5676 3515 5729 καθά-

245 5767 515 5845 χερουϐἰμ
547 5768 705 5839 τηρεῖ
735 5764 827 5820 τὸν
855 5763 1184 5836 παράδεισον
1218 5763 1311 5817 καὶ
1350 5764 1383 5832 ή
1427 5760 1651 5832 φλογίνη
1686 5762 1822 5833 ῥομ-

2138 5764 2224 5835 96;
2286 5765 2410 5827 τους
2444 5752 2667 5819 ’δώδεκα
2728 5764 2996 5836 μαθητάς,
3038 5765 3120 5819 ὅτι
3180 5761 3517 5817 Καθίσεσθε

1943 5794 2043 5816 an?”
2096 5795 2128 5813 Η-
