4164 6324
206 387 296 440 till
1263 387 1348 407 νυ
1390 387 1614 407 ιιιιυυυ
1655 387 1731 405 ι..
1783 387 1809 402 ..

223 480 373 533 illum
398 483 454 529 ut
475 471 539 528 ad
563 469 841 525 duodecim
864 464 1150 536 discipulos
1170 502 1184 526 ,
1227 460 1474 515 Sedebitis
1504 473 1650 525 super
1678 456 1809 506 duo-

225 569 384 620 decim
413 565 556 618 sedes
577 605 589 626 ,
622 561 905 631 iudicantes
939 555 1204 608 duodecim
1237 552 1391 605 tribus
1416 550 1576 602 Israel
1599 545 1812 616 (Matth.

227 663 312 716 l9.
345 655 461 725 28).
515 656 676 708 f‘lane
705 667 830 706 vero
859 663 1028 716 neque
1056 646 1217 705 verbo
1247 644 1392 697 illum
1423 641 1664 709 dignatus
1695 645 1811 691 est:

227 766 398 819 neque
427 747 681 802 miracula
727 743 895 803 vidit,
940 754 1045 792 non
1090 745 1331 790 mortuos
1369 734 1658 794 excitatos,
1711 744 1815 780 non

228 842 502 894 dantutnes
527 836 799 905 expulsos,
830 846 933 885 non
969 844 1115 882 mare
1142 827 1365 896 imperio
1393 824 1509 892 ejus
1537 822 1815 887 obtempe-

229 945 384 996 rans,
436 944 610 999 neque
644 927 710 980 de
756 939 919 993 regno
965 938 1085 976 cum
1137 920 1227 973 illo
1271 917 1432 972 verba
1479 915 1645 970 fecit:
1679 911 1818 966 unde

229 1035 407 1078 autem
451 1023 532 1074 vel
561 1020 704 1090 regni
736 1033 931 1071 nomen
967 1014 1148 1068 novit?
1200 1011 1485 1064 Videamus
1512 1015 1704 1076 quanta
1736 1007 1818 1058 in-

233 1115 523 1184 telligentia
555 1112 806 1182 praeditus
837 1109 1010 1163 fuerit.
1060 1104 1324 1160 Conviciis
1365 1101 1727 1154 insectabatur
1753 1097 1818 1149 il—

233 1208 342 1262 lum
369 1248 382 1272 ,
415 1207 617 1277 ittquit,
651 1205 782 1258 alter
816 1203 970 1255 latro.
1001 1200 1210 1254 Etenim
1239 1205 1292 1250 et
1319 1195 1454 1249 alter
1481 1194 1616 1246 latro
1646 1190 1823 1244 cruxi-

233 1297 370 1351 fixus
394 1306 524 1361 erat,
561 1306 616 1349 ut
647 1294 956 1361 impleretur
977 1289 1104 1343 illud
1138 1287 1409 1356 propheta:
1432 1285 1664 1337 dictum:
1690 1281 1822 1347 Quia

233 1405 346 1442 sunt
374 1388 558 1454 iniquis
590 1397 845 1455 reputatus
867 1393 936 1436 est
967 1381 1114 1452 (lsai.
1145 1381 1234 1434 53.
1261 1378 1365 1447 l2).
1398 1375 1658 1430 Volebant
1681 1389 1831 1428 nam-

237 1495 337 1550 que
368 1479 677 1547 insipientes
706 1475 875 1530 Judrei
904 1474 1124 1542 gloriam
1157 1472 1316 1524 etiam
1350 1468 1464 1536 ejus
1499 1466 1776 1519 traducere
1806 1481 1819 1516 :

235 1579 289 1626 et
319 1570 668 1636 undcqnaque
695 1567 758 1620 iis
781 1607 794 1629 ,
819 1580 938 1634 qua:
963 1563 1301 1622 accidebant,
1334 1558 1655 1611 insultabant
1681 1571 1695 1620 ;
1730 1553 1823 1608 sed

236 1678 330 1730 per
358 1661 442 1714 illa
470 1661 646 1714 omnia
676 1658 911 1712 excrevit
943 1656 1133 1708 veritas
1160 1695 1172 1713 ,
1205 1665 1256 1704 et
1289 1667 1380 1718 per
1413 1652 1525 1717 ipsa
1551 1646 1824 1701 obstacula

237 1753 587 1824 splendidior,
611 1759 664 1806 et
690 1748 1017 1806 manifestior
1046 1747 1233 1800 evasit:
1266 1741 1678 1796 Conviciabatur
1699 1751 1826 1806 ergo

236 1845 285 1898 ei
305 1846 444 1897 alter
469 1843 601 1894 latro
630 1861 642 1895 :
668 1855 804 1894 unus
830 1853 956 1891 vero
986 1835 1430 1904 evangelistarum
1459 1831 1606 1892 dicit,
1637 1830 1825 1883 ambos

236 1934 288 1988 in
339 1933 517 1988 Jcsum
570 1932 814 1985 convicia
859 1931 1053 1998 jecissc
1105 1926 1295 1996 (Marc.
1329 1925 1416 1978 l5.
1446 1921 1536 1992 59.)
1569 1939 1581 1973 :
1620 1931 1675 1975 et
1724 1920 1829 1974 hoc

236 2042 418 2080 verum
450 2035 552 2089 est,
578 2035 630 2078 et
652 2026 878 2078 maxime
900 2022 1056 2090 hujus
1084 2018 1398 2090 probitatem
1419 2013 1663 2069 intendit.
1697 2012 1827 2066 Nam

236 2117 514 2186 probabile
571 2124 653 2168 est
690 2114 951 2184 principio
995 2109 1208 2181 quidem
1257 2109 1426 2177 ipsum
1475 2105 1826 2159 conviciatunt

236 2206 423 2272 fuisse,
454 2205 741 2274 derepente
763 2212 938 2258 autem
969 2211 1165 2254 tantam
1193 2199 1540 2252 mutationem
1568 2193 1824 2250 subiisse:

235 2299 634 2354 conviciabatur
652 2313 798 2366 ergo,
821 2296 1007 2365 inquit,
1030 2296 1163 2349 alter
1185 2294 1341 2347 latro.
1368 2290 1826 2354 Vidcslatronem,

234 2400 291 2445 et
330 2389 637 2444 latronem?
683 2389 840 2441 ambo
868 2388 918 2440 in
946 2401 1103 2440 cruce
1129 2426 1143 2451 ,
1186 2384 1343 2437 ambo
1371 2382 1438 2436 ab
1470 2380 1827 2451 improbitate,

236 2481 395 2535 ambo
419 2495 449 2533 a
478 2479 580 2532 vita
605 2477 918 2549 praedatoria
946 2475 1141 2545 arrepti
1167 2517 1181 2539 ,
1210 2474 1303 2530 sed
1341 2488 1444 2527 non
1470 2473 1629 2527 ambo
1656 2473 1707 2524 in
1736 2470 1828 2524 iis-

234 2569 356 2623 dem
389 2587 402 2622 :
434 2585 553 2623 nam
582 2569 716 2623 :dter
746 2583 967 2636 regnum
997 2566 1152 2621 lteres
1179 2565 1340 2628 adiit,
1374 2565 1511 2618 alter
1539 2564 1592 2617 in
1632 2562 1832 2631 gehen-

235 2677 359 2716 nam
390 2661 652 2715 demissus
677 2671 775 2714 est.
809 2659 879 2713 Ita
908 2668 962 2713 et
987 2659 1099 2712 heri
1130 2655 1424 2725 discipulus
1471 2665 1522 2709 et
1547 2653 1829 2736 discipule

235 2755 328 2806 sed
363 2753 453 2806 ille
479 2753 542 2804 ad
572 2753 925 2821 proditionem
954 2749 1350 2818 accingebatur,
1383 2748 1466 2801 isti
1495 2748 1560 2800 ad
1592 2745 1832 2799 ministe-

235 2844 375 2898 rium
402 2859 521 2897 sese
547 2843 916 2914 prmparabant
944 2859 956 2895 :
988 2843 1076 2896 ille
1097 2842 1380 2896 Pharismis
1407 2840 1619 2895 dicebat
1649 2857 1661 2892 :
1697 2839 1831 2903 Quid

237 2936 388 2989 uultis
415 2935 538 2986 mihi
568 2937 691 2987 dare
711 2975 724 2996 ,
768 2945 815 2986 et
851 2950 940 3004 ego
963 2950 1075 2986 eum
1101 2933 1237 2986 vobis
1275 2931 1470 2983 tradam
1499 2930 1706 3000 (Matth.
1736 2929 1827 2984 26.

238 3027 325 3081 t5.
361 3025 563 3096 c117)?
613 3026 698 3079 isti
740 3025 1066 3079 accedebant
1107 3004 1170 3076 ad
1211 3022 1391 3077 Jesum
1419 3022 1699 3075 dicentes:
1733 3019 1832 3074 Ubi

234 3121 309 3174 vis
347 3135 582 3188 paremus
611 3117 698 3171 tibi
740 3119 1047 3170 manducare
1091 3113 1336 3169 Pascha?
1377 3113 1450 3168 Ita
1480 3122 1535 3168 et
1559 3113 1645 3166 hic
1669 3113 1826 3176 latro,

235 3223 289 3269 et
315 3214 451 3267 latro
485 3231 498 3267 :
530 3221 584 3265 at
613 3212 700 3266 ille
729 3210 1144 3273 conviciabatur,
1179 3208 1264 3261 hic
1291 3205 1615 3261 conticianti
1643 3220 1702 3258 os
1730 3205 1829 3258 ob-

234 3308 420 3370 struit;
472 3305 562 3359 ille
600 3304 933 3372 blasphcntat
959 3344 972 3362 ,
1015 3303 1101 3356 hic
1131 3314 1257 3355 vero
1286 3299 1563 3368 objurgat;
1598 3308 1651 3352 et
1691 3297 1827 3363 hmc,

233 3413 354 3452 cum
384 3397 647 3466 aspiceret
676 3396 822 3449 illum
854 3393 1180 3458 crucifixum,
1202 3433 1216 3457 ,
1247 3390 1662 3444 condemnatum
1682 3430 1695 3453 ,
1727 3403 1824 3458 po—

237 3487 419 3554 pulum
454 3485 587 3540 infra
615 3486 1021 3547 conviciantem,
1049 3483 1237 3552 grandi
1265 3496 1396 3535 voce
1424 3482 1825 3545 vociferantem,

234 3577 330 3631 sed
360 3587 537 3630 tamen
569 3575 699 3629 nihil
725 3575 914 3629 horum
946 3575 1095 3627 illum
1120 3584 1481 3626 transversum
1509 3573 1651 3641 egit,
1687 3581 1778 3624 aut
1798 3587 1828 3625 a

234 3669 590 3722 conveniente
619 3667 1013 3722 existimatione
1061 3665 1324 3729 abduxit,
1370 3664 1463 3730 sed
1509 3675 1562 3718 et
1598 3665 1826 3718 alterum

237 3759 498 3812 latronem
527 3761 759 3828 graviter
784 3760 1050 3828 increpat,
1083 3758 1166 3814 his
1191 3757 1256 3812 ad
1281 3758 1428 3811 illutn
1455 3757 1633 3811 verbis
1667 3770 1823 3811 usus:

235 3847 417 3922 Neque
440 3860 496 3902 tu
523 3843 666 3902 timei
686 3849 891 3904 Deum?

303 3943 358 3995 5.
389 3940 582 3994 Vidisti
614 3941 909 3994 libertatem
942 3941 1207 3994 latronis?
1244 3940 1416 3994 vidisti
1444 3939 1713 4009 quomodo
1735 3956 1827 3993 tte-

234 4047 338 4101 que
365 4031 418 4085 in
457 4045 617 4085 cruce
659 4031 788 4084 artis
836 4045 947 4084 sua:
989 4030 1317 4084 obliviscitur
1346 4071 1362 4094 ,
1404 4031 1496 4084 sed
1529 4046 1625 4100 per
1655 4031 1822 4099 ipsam

233 4121 626 4177 umfessionem
644 4124 909 4193 pnedatur
925 4138 1142 4192 regnum
1173 4124 1195 4175 ?
1212 4121 1264 4176 Ν
1268 4139 1390 4192 eque
1404 4133 1456 4174 tu
1473 4124 1614 4177 times
1636 4123 1828 4176 Dtum?

233 4214 427 4284 inquit.
463 4212 647 4268 Vidisti
691 4215 988 4269 libertatem
1026 4216 1077 4268 in
1117 4229 1276 4269 cruce
1305 4254 1319 4277 ,
1361 4214 1540 4268 vidisti
1588 4213 1825 4282 philoso-

231 4306 444 4375 phiam,
475 4305 650 4360 vidisti
697 4305 1087 4361 reverentiam?
1115 4305 1264 4374 Quod
1291 4305 1556 4361 enim-sibi
1587 4319 1825 4374 praesens

229 4394 391 4451 fuerit
412 4395 554 4466 quod
584 4395 651 4451 de
672 4405 813 4451 statu
842 4397 1035 4450 mentis
1066 4411 1170 4450 non
1211 4397 1451 4465 dejectus
1481 4436 1495 4461 ,
1528 4396 1631 4451 etsi
1660 4397 1826 4451 clavis

226 4486 444 4552 affixus,
461 4488 857 4557 immensosque
881 4489 1146 4542 cruciatus
1167 4503 1232 4543 ex
1257 4488 1421 4542 clavis
1436 4497 1584 4542 ortos
1607 4501 1825 4557 perpes-

225 4592 322 4635 sus
346 4595 359 4631 :
379 4593 448 4632 an
475 4593 582 4632 non
611 4593 731 4632 eum
760 4578 1010 4632 admirari
1034 4595 1242 4648 :eqnutn
1265 4588 1347 4634 est
1377 4621 1392 4644 ,
1424 4577 1495 4633 ob
1526 4589 1631 4632 tam
1661 4595 1825 4650 gene-

226 4684 408 4724 rosam
437 4669 602 4723 aninti
642 4670 1044 4724 constantiam?
1086 4670 1199 4724 Non
1231 4670 1403 4725 solum
1434 4671 1646 4740 dignum
1668 4672 1825 4725 dixe-

225 4761 328 4815 rim
360 4775 518 4829 queat
548 4761 1000 4825 admiremur,sed
1018 4776 1174 4835 quem
1203 4761 1418 4816 beatum
1447 4762 1818 4831 prmdicemus.

224 4852 443 4909 Etenim
469 4868 574 4908 non
597 4854 767 4909 solum
799 4869 903 4908 non
925 4853 1234 4909 advertebat
1266 4863 1497 4910 mentem
1520 4855 1586 4910 ad
1614 4858 1823 4911 crucia-

224 4954 314 5000 tus
345 4985 360 5007 ,
393 4944 486 4999 scd
523 4945 771 4999 omnibus
800 4947 912 5000 suis
937 4945 1167 5011 relictis,
1199 4960 1286 4999 res
1314 4945 1533 5000 alterius
1559 4947 1816 5003 curabat:

221 5046 276 5092 et
321 5036 554 5100 utilium
580 5037 647 5092 ab
673 5052 857 5093 errore
887 5038 1152 5107 eriperet,
1197 5046 1249 5090 et
1296 5038 1551 5108 magister
1593 5040 1711 5108 ejus
1761 5041 1818 5095 in

223 5144 384 5186 cruce
414 5131 586 5194 fieret,
617 5131 761 5184 omni
787 5145 889 5201 0pc
919 5131 1184 5184 studebat.
1226 5129 1338 5184 Nec
1366 5141 1417 5184 tu
1441 5132 1582 5185 times
1614 5132 1774 5186 Deum
1793 5135 1819 5186 ?

221 5219 414 5287 inquit.
444 5219 671 5273 Tantum
696 5237 800 5274 non
831 5221 896 5274 ad
926 5221 1071 5275 illum
1098 5222 1224 5275 dicit
1251 5240 1262 5275 :
1288 5221 1364 5276 Ne
1380 5223 1550 5277 solum
1569 5225 1816 5280 attendas

217 5311 284 5366 ad
315 5311 366 5365 id
391 5312 531 5381 quod
553 5312 690 5381 apud
721 5313 967 5368 homines
994 5325 1073 5367 est
1105 5316 1354 5380 tribunal,
1393 5333 1458 5370 ne
1485 5332 1549 5371 ex
1581 5316 1664 5382 iis,
1695 5334 1816 5386 qua:

217 5402 371 5457 vides
398 5418 512 5456 rem
544 5405 817 5467 mstimcs;
851 5422 916 5459 ne
944 5421 1001 5458 ea
1033 5421 1148 5474 qua:
1181 5406 1312 5460 liunt
1336 5409 1702 5462 tantummodo
1731 5410 1812 5464 in-

217 5497 452 5553 tuearis:
495 5504 578 5550 est
603 5495 738 5549 alius
778 5496 936 5564 judex
983 5498 1260 5552 invisibilis
1289 5541 1304 5561 ,
1348 5500 1711 5570 incorruptum
1759 5511 1814 5556 et

215 5587 485 5641 sincerum
503 5587 712 5655 estejus
743 5589 992 5654 tribunal,
1019 5601 1116 5643 nec
1149 5590 1321 5660 decipi
1358 5601 1449 5645 aut
1493 5603 1521 5646 a
1569 5608 1695 5647 vero
1714 5593 1811 5648 de-

213 5677 358 5732 tieeti
388 5687 583 5748 potest.
614 5677 692 5733 Ne
713 5688 767 5733 te
799 5687 1052 5743 moveat,
1091 5681 1231 5750 quod
1262 5681 1395 5737 infra
1419 5683 1808 5740 condemnatus

212 5777 295 5823 est
316 5805 334 5833 ,
358 5767 454 5825 sed
471 5784 587 5840 qua:
607 5785 767 5841 supra
791 5779 931 5840 sunt,
966 5787 1025 5827 ea
1059 5773 1181 5828 talia
1210 5788 1314 5829 non
1345 5784 1487 5830 sunt.
1528 5775 1584 5831 ln
1602 5775 1806 5848 judicio

1263 355 1348 407 DE
1389 351 1614 407 CRUCE
1654 350 1741 405 ΕΤ
1783 345 2125 402 LATRONE.
2171 346 2399 403 ΗΟΜιῑ..
2449 344 2508 402 ll.

3412 349 3516 403 ἅιῖ

1924 455 2066 509 enim
2107 457 2248 525 quod
2292 459 2376 511 hic
2412 458 2619 526 agitur,
2653 473 2793 527 srepc
2842 460 3000 514 etiam
3038 461 3347 515 innocentes
3383 475 3515 515 con-

1925 549 2262 613 demnantur,
2294 560 2348 604 ct
2379 562 2634 605 nocentes
2661 552 2999 608 dimittuntur
3025 595 3037 612 .
3064 555 3191 621 justi
3221 557 3392 624 pinnis
3417 555 3516 608 ad-

1925 641 2176 695 dicuntur
2203 683 2216 706 ,
2245 653 2299 696 et
2323 643 2500 713 injusti
2538 644 2813 714 effugiunt.
2848 647 2913 701 Et
2945 649 3184 717 plerique
3212 649 3518 703 mortalium
3581 655 3586 658 “

1920 724 2115 800 judicia
2142 744 2490 802 corrumpunt
2521 736 2987 803 partimlubentes.
3024 739 3212 806 partim
3254 739 3516 792 nolentes.

1933 822 2022 876 Vel
2051 824 2191 877 enim
2212 823 2300 891 jus
2327 834 2377 878 et
2410 825 2486 879 fas
2518 827 2840 894 ignorantes.
2873 837 2923 879 et
2949 828 3155 896 decepti
3178 871 3192 893 ,
3221 831 3303 884 vel
3335 830 3522 883 viden-

1929 921 2007 967 tes
2035 914 2270 982 quidem,
2305 915 2544 984 pecuniis
2572 932 2700 970 vero
2726 920 2959 986 corrupti
3002 919 3351 986 prodiderunt
3377 921 3519 973 veri-

1928 1016 2088 1061 tatem
2121 1049 2134 1072 ,
2183 1018 2234 1060 et
2260 1016 2444 1062 contra
2471 1009 2782 1064 innocentes
2810 1011 3129 1062 sententiam
3169 1011 3421 1065 tulerunt.
3454 1013 3522 1064 At

1927 1112 2086 1167 supra
2117 1097 2246 1152 nihil
2281 1097 2469 1153 horum
2500 1099 2671 1154 locum
2702 1100 2880 1154 habet.
2907 1099 3038 1153 Nam
3068 1100 3207 1153 Deus
3224 1101 3386 1168 judex
3431 1101 3519 1168 ju-

1928 1198 2040 1241 stus
2067 1197 2167 1249 cst,
2201 1197 2250 1242 et
2280 1188 2535 1258 judicium
2563 1190 2679 1258 ejus
2715 1198 2771 1242 ut
2795 1189 2972 1242 lumen
3004 1189 3306 1260 egredietur
3337 1209 3349 1244 :
3375 1202 3526 1243 lene-

1932 1278 2040 1332 bris
2062 1290 2228 1344 carct,
2253 1281 2422 1333 nullas
2457 1280 2616 1334 habet
2647 1281 2877 1335 latebras
2905 1322 2921 1345 ,
2980 1297 3079 1335 nec
3121 1282 3227 1334 ullo
3271 1283 3428 1335 modo
3457 1283 3525 1334 de

1931 1378 2070 1423 recta
2104 1372 2292 1424 semita
2323 1369 2479 1440 dejici
2511 1380 2705 1440 potest.
2738 1371 2814 1426 Ne
2840 1373 2980 1426 enim
3014 1373 3104 1426 ille
3131 1373 3522 1443 dit-eret,Apud

1931 1459 2176 1515 homines
2206 1462 2312 1530 jam
2342 1462 2732 1516 condemnatus
2758 1471 2857 1525 est,
2892 1462 3018 1531 quid
3049 1463 3096 1516 ei
3126 1463 3521 1531 patrocinaris?

1931 1551 2079 1605 duxit
2104 1568 2224 1606 eunt
2257 1552 2321 1606 ad
2350 1567 2641 1621 supernum
2664 1554 2921 1623 judicium
2955 1594 2970 1618 ,
3002 1555 3067 1607 ad
3117 1554 3352 1608 terribile
3395 1554 3525 1607 illttd

1933 1643 2200 1706 tribunal,
2229 1643 2290 1696 ad
2337 1643 2507 1696 forttttt
2557 1644 2685 1697 illttd
2717 1646 3119 1713 incorruptum,
3153 1644 3219 1698 ad
3243 1644 3475 1712 judicem
3508 1686 3523 1709 ,

1933 1748 2090 1802 quem
2120 1734 2278 1786 nullis
2299 1733 2593 1788 rationibus
2621 1735 2674 1786 in
2701 1749 2937 1788 errorem
2962 1734 3214 1788 inducere
3244 1735 3398 1788 licet:
3432 1750 3523 1788 re-

1933 1824 2143 1878 vocavit
2187 1823 2233 1877 ci
2286 1824 2335 1876 in
2383 1826 2695 1878 memoriam
2731 1825 3065 1878 tremendum
3095 1824 3220 1877 illud
3243 1823 3524 1893 judicium.

1934 1915 2013 1968 Eo
2043 1957 2057 1978 ,
2091 1915 2257 1985 inquit
2291 1956 2303 1979 ,
2336 1915 2542 1984 respice
2573 1956 2588 1979 ,
2633 1926 2688 1969 et
2729 1930 2837 1969 tton
2878 1918 3018 1969 feres
3065 1914 3531 1968 condemnationis

1934 2005 2252 2058 sententiam
2275 2046 2289 2067 ,
2330 2019 2502 2073 neque
2551 2005 2683 2058 infra
2711 2020 2831 2058 cum
2857 2003 3133 2057 hominum
3165 2005 3315 2058 turba
3347 2004 3529 2056 consi-

1935 2108 2065 2161 stes,
2093 2098 2188 2152 sed
2214 2099 2567 2153 admiraberis
2593 2110 2645 2153 et
2667 2097 2986 2168 approbabis
3012 2097 3269 2166 judicium
3288 2097 3529 2151 caeleste.

1937 2193 2116 2259 Neque
2157 2204 2208 2246 tu
2250 2195 2393 2248 times
2434 2193 2639 2248 Deum?
2681 2193 2868 2261 inquit.
2913 2191 3102 2245 Vidisti
3133 2190 3528 2260 philosophiam

1935 2284 2190 2349 latronis,
2222 2285 2394 2339 vidisti
2424 2285 2751 2339 intellectum
2783 2325 2797 2347 ,
2830 2283 3006 2338 vidisti
3034 2281 3370 2335 doctrinam?
3399 2295 3533 2334 con-

1939 2376 2114 2430 festim
2168 2391 2197 2429 a
2253 2392 2410 2430 cruce
2461 2376 2526 2430 ad
2580 2377 2766 2429 thluttt
2800 2374 3044 2429 tetendit.
3079 2372 3213 2427 Vide
3262 2371 3533 2441 quomodo

1935 2467 2280 2535 apostolicam
2301 2467 2471 2537 legem
2497 2467 2734 2536 impleat,
2763 2481 2862 2520 nec
2889 2481 2984 2520 sua
3014 2474 3216 2518 tantum
3239 2471 3411 2527 curet,
3438 2461 3533 2516 sed

1936 2559 2114 2610 omnia
2145 2557 2302 2612 faciat
2327 2570 2382 2612 et
2413 2559 2680 2622 moliatur,
2712 2567 2766 2610 ut
2792 2558 3019 2611 alterum
3048 2557 3115 2609 ab
3140 2571 3325 2611 errore
3355 2555 3533 2609 cxsol-

1937 2659 2023 2704 vat
2044 2660 2095 2704 et
2115 2651 2181 2705 ad
2213 2651 2490 2704 veritatem
2519 2650 2779 2704 traducat.
2809 2649 2943 2703 Cum
2967 2649 3109 2703 cnim
3141 2648 3402 2711 dixisset,
3428 2645 3538 2700 Ne-

1935 2758 2029 2810 que
2051 2754 2103 2794 tu
2135 2743 2279 2796 times
2302 2741 2461 2794 Deum
2482 2745 2507 2796 ?
2532 2741 2735 2796 addidit
2758 2761 2771 2795 :
2793 2742 2928 2806 Quia
2944 2742 2996 2794 in
3015 2741 3188 2792 eadem
3214 2740 3538 2794 damnatione

1940 2849 2125 2889 sumus
2157 2833 2312 2904 (Luc.
2345 2834 2436 2888 25.
2466 2834 2578 2902 40).
2621 2833 2912 2887 Considera
2939 2830 3338 2887 confessionem
3367 2830 3531 2885 abso-

1937 2927 2122 2981 lutam.
2143 2926 2280 2994 Quid
2307 2937 2406 2989 est,
2439 2926 2500 2979 lu
2527 2927 2702 2979 eadem
2735 2926 3064 2978 damnatione
3089 2925 3314 2978 sumus?
3347 2923 3402 2977 ltt
3435 2938 3533 2978 ea-

1935 3019 2057 3074 dem
2092 3061 2106 3084 ,
2142 3021 2345 3088 inquit,
2373 3036 2556 3089 pmna;
2590 3034 2712 3073 nam
2763 3026 2818 3073 et
2863 3033 2962 3072 nos
3014 3019 3066 3071 in
3117 3033 3277 3072 crucc
3328 3032 3531 3071 sumus.

1937 3109 2078 3180 Ergo
2121 3126 2241 3164 cum
2274 3111 2418 3164 illum
2465 3110 2771 3180 opprobriis
2812 3109 3021 3179 appetis
3054 3151 3069 3175 ,
3114 3110 3341 3179 teipsnnt
3388 3111 3540 3179 prius

1935 3201 2188 3256 conviciis
2221 3201 2944 3267 incessis.Quemadmodum
2979 3203 3136 3272 igitur
3185 3203 3260 3267 is,
3303 3203 3392 3273 qui
3418 3216 3541 3272 pec-

1934 3289 2070 3348 catis
2107 3293 2399 3347 obstrictus
2437 3295 2665 3346 alterum
2713 3292 3082 3357 condemnat,
3137 3309 3197 3349 se
3235 3305 3358 3347 ante
3388 3294 3536 3348 illum

1934 3385 2289 3440 condemnat:
2323 3385 2401 3438 sic
2452 3395 2506 3439 et
2559 3384 2602 3439 is
2651 3384 2739 3454 qtti
2783 3385 3086 3439 calamitate
3137 3400 3355 3455 pressus
3383 3385 3536 3438 alteri

1933 3476 2291 3531 calamitatem
2321 3475 2640 3544 exprobrat,
2662 3475 2763 3529 sibi
2785 3475 2881 3545 ipsi
2907 3477 3055 3546 prius
3079 3491 3237 3545 quam
3259 3476 3414 3529 alteri
3435 3490 3526 3528 ca—

1935 3567 2226 3622 lamitatem
2249 3567 2558 3637 exprobrat.
2586 3565 2651 3621 In
2676 3568 2851 3622 eadem
2881 3610 2894 3633 ,
2944 3569 3115 3638 inquit
3142 3609 3157 3631 ,
3206 3569 3537 3622 damnatione

1933 3675 2138 3714 sumus.
2179 3661 2536 3729 Apostolicant
2565 3661 2662 3731 ipsi
2694 3660 2860 3730 legem
2886 3660 3207 3729 evangelicm
3234 3675 3531 3714 consonam

1932 3755 2157 3816 recitat;
2191 3752 2365 3807 Nolite
2378 3754 2619 3824 judicare
2642 3794 2657 3819 ,
2703 3765 2877 3829 utnon
2899 3752 3206 3820 judicemini
3236 3752 3453 3821 (Matth.
3478 3754 3532 3807 7.

1925 3842 2012 3910 4).
2048 3843 2180 3905 Quia
2200 3845 2252 3897 in
2280 3845 2455 3897 eadem
2483 3843 2811 3896 damnatione
2841 3858 3044 3896 sumus.
3093 3842 3230 3911 Quid
3277 3843 3407 3898 facis
3432 3885 3446 3907 ,
3500 3861 3534 3899 ο

1933 3925 2106 3988 latio?
2135 3951 2258 3989 num
2303 3936 2466 3989 vestri
2516 3936 2826 4005 participem
2874 3935 3020 3988 illum
3054 3935 3184 3990 facis
3216 3977 3230 4001 ,
3264 3951 3385 3991 cum
3416 3938 3532 4002 ais,

1933 4027 2000 4082 In
2030 4028 2208 4083 eadem
2252 4029 2588 4082 dantnatione
2629 4028 2852 4082 sumus?
2893 4028 3281 4102 Nequaquam,
3330 4033 3532 4102 inquit:

1931 4122 2144 4192 corrigo
2166 4121 2366 4176 dictum
2402 4137 2497 4190 per
2531 4135 2590 4174 ea
2619 4162 2632 4183 ,
2662 4137 2780 4190 qua:
2821 4137 2947 4176 mox
2980 4133 3308 4192 sequuntur:
3345 4124 3408 4177 Et
3440 4141 3534 4179 nos

1930 4215 2154 4282 quidem,
2186 4213 2369 4285 inquit,
2397 4214 2540 4282 juste
2571 4212 2726 4283 digna
2753 4213 2885 4266 enim
2899 4215 3048 4285 factis
3075 4215 3344 4285 recipimus
3374 4215 3527 4284 (Luc.

1930 4307 2022 4361 23.
2052 4306 2166 4378 41).
2199 4305 2277 4361 Ne
2303 4308 2445 4361 enim
2478 4306 2684 4373 audito,
2715 4307 2857 4378 quod
2879 4307 3014 4363 dixit
3042 4351 3056 4374 ,
3088 4306 3155 4362 In
3177 4310 3351 4363 eadem
3380 4310 3533 4362 dam-

1931 4401 2134 4453 natione
2158 4413 2360 4462 sumus,
2385 4407 2619 4469 putares,
2644 4397 2784 4468 quod
2811 4398 3080 4454 Christum
3102 4401 3373 4470 pcelerum
3405 4418 3532 4470 par-

1937 4490 2156 4561 ticipem
2203 4489 2451 4554 fecisset;
2486 4489 2606 4544 ideo
2630 4491 2868 4560 seipsum
2895 4490 3045 4560 quasi
3078 4493 3357 4562 corrigens
3379 4494 3531 4562 adje—

1929 4576 2046 4631 cit:
2094 4573 2208 4630 Nos
2249 4575 2450 4645 quidem
2474 4583 2652 4645 juste:
2681 4591 2801 4627 nam
2834 4573 2992 4644 digna
3037 4575 3184 4645 [actis
3232 4578 3526 4645 recipimus.

1928 4665 2092 4722 Vides
2117 4665 2511 4722 confessionem
2543 4664 2839 4736 perfectam
2877 4667 2929 4720 in
2974 4667 3178 4721 cruce?
3215 4668 3366 4723 vides
3395 4686 3530 4741 quo-

1928 4760 2090 4816 modo
2116 4761 2199 4817 his
2220 4761 2396 4817 verbis
2431 4768 2646 4830 peccata
2685 4775 2782 4816 sua
2812 4761 3042 4816 eluerit?
3072 4761 3223 4816 vides
3255 4778 3360 4832 qtto
3389 4765 3527 4819 nodo

1927 4853 2297 4923 propheticum
2348 4853 2479 4908 illud
2513 4853 2778 4908 monitum
2823 4852 3163 4921 impleverit:
3199 4853 3294 4906 Dic
3332 4871 3363 4923 ρ
3387 4855 3529 4910 imus

1927 4953 2039 4999 tuas
2064 4944 2350 5014 iniquitates
2374 4983 2392 5009 ,
2419 4953 2474 4996 ut
2493 4944 2792 5013 justiﬁeeris
2825 4943 2844 5015 (
2874 4940 2999 4996 Isai.
3035 4943 3127 4998 45.
3153 4943 3224 4996 26
3254 4944 3272 5012 )
3296 4945 3320 4996 ?
3348 4944 3518 4998 Ziento

1927 5034 2074 5089 illum
2101 5035 2295 5104 coegit,
2325 5048 2487 5088 nemo
2516 5033 2823 5098 accusavit,
2867 5048 3026 5087 nemo
3052 5034 3277 5087 institit:
3307 5035 3418 5104 ipse
3441 5035 3523 5089 sui

1925 5128 2093 5199 ipsius
2125 5129 2181 5182 fit
2211 5111 2522 5184 accusator:
2559 5142 2659 5196 qua
2693 5125 2759 5180 de
2788 5141 2948 5180 causa
2979 5125 3031 5179 in
3079 5135 3351 5195 posterum
3377 5128 3522 5182 ontni

1923 5233 2234 5277 accusatore
2259 5222 2452 5276 caruit.
2492 5222 2848 5276 Ant-avertens
2870 5221 3010 5296 enim
3040 5230 3219 5288 partes
3241 5231 3524 5274 accusato-

1924 5314 1998 5369 ris
2023 5315 2124 5369 sibi
2155 5313 2401 5381 sumpsit,
2432 5323 2483 5368 et
2515 5314 2775 5383 seipsum.
2808 5313 2928 5382 quis
2960 5321 3121 5373 esset,
3155 5311 3362 5380 publice
3395 5326 3524 5381 pro-

1921 5405 2054 5469 didit
2081 5405 2164 5459 ltis
2192 5405 2371 5458 verbis
2392 5405 2502 5457 Nos
2517 5405 2660 5474 juste
2677 5421 2693 5467 ,'
2721 5420 2838 5456 nam
2868 5404 3022 5474 digna
3050 5405 3205 5474 factis
3230 5405 3529 5472 recipitttus:

1921 5498 2002 5551 Itic
2029 5513 2144 5551 vero
2174 5496 2304 5550 nihil
2325 5497 2446 5549 mali
2471 5498 2588 5566 egit.
2619 5495 2781 5549 Vides
2813 5497 3170 5550 reverentiattt
3197 5496 3352 5566 longe
3382 5497 3518 5548 late-

1919 5605 2024 5659 que
2064 5587 2349 5643 diﬂ'usam?
2391 5587 2618 5655 Quando
2660 5587 2897 5656 seipsum
2939 5595 3258 5650 accusarat,
3305 5585 3524 5654 quando

1919 5700 2115 5740 arcana
2143 5683 2374 5754 pectoris
2391 5683 2472 5738 sui
2500 5680 3153 5752 exprompserat,quamlo
3173 5696 3268 5749 pro
3296 5681 3520 5733 Domino

1921 5775 2290 5835 defensionem
2339 5773 2676 5830 instituerat:
2712 5773 2823 5827 Nos
2857 5773 3057 5842 quidem
3092 5773 3230 5841 juste
3258 5814 3272 5841 ,
3301 5771 3381 5824 hic
3408 5787 3521 5825 rrro
