4164 6324
682 358 790 415 H3

682 469 813 525 nihil
839 467 960 523 mali
986 465 1087 541 egit
1107 504 1123 521 .
1166 472 1294 521 tunc
1328 471 1384 520 et
1408 463 1849 533 supplicationem
1876 460 2070 519 offerre
2097 474 2260 515 ausus

683 559 782 614 fuit
809 559 891 613 his
906 557 1082 612 verbis
1106 574 1119 610 :
1148 556 1398 611 Memento
1427 554 1543 619 mei,
1574 551 1822 616 Domine,
1862 570 1977 607 cum
1997 552 2188 607 veneris
2208 550 2263 606 in

682 664 891 720 regnum
930 657 1089 701 tuum.
1116 645 1233 701 Non
1260 659 1419 699 ausus
1451 643 1548 698 fuit
1578 643 1722 713 prius
1756 642 1964 708 dicere,
2010 640 2263 696 Memento

680 742 780 795 mei
810 782 825 806 ,
857 740 1201 811 quoadusque
1228 753 1321 807 per
1358 735 1750 792 confessionem
1788 749 1909 790 sese
1951 748 1982 789 a
2019 732 2263 787 sordibus

682 838 1016 901 peccatorum
1038 828 1345 897 expurgavit
1364 843 1380 894 ;
1398 825 1744 897 quoadusque
1763 820 1994 894 scipsum
2012 824 2265 878 condem-

683 935 847 986 nans,
862 920 1065 989 justum
1108 929 1162 973 et
1213 918 1547 972 innocentem
1573 916 1778 982 effecit;
1806 916 2149 986 quoadusque
2170 930 2265 986 per

684 1013 1076 1068 accusationem
1104 1010 1303 1063 scelera
1333 1008 1599 1077 deposuit.

753 1100 1011 1171 Confessio
1038 1098 1640 1171 peccatorum.—Vides
1660 1107 1913 1168 quantum
1942 1098 2111 1169 possit
2135 1112 2265 1153 con-

682 1192 844 1249 fessio
872 1192 1033 1247 etiam
1063 1192 1115 1246 in
1137 1191 1251 1262 ipsa
1277 1188 1474 1246 cruce?
1498 1190 1623 1244 Haec
1649 1189 1870 1243 audiens
1896 1228 1911 1255 ,
1940 1190 2215 1243 carissime
2243 1228 2259 1251 ,

681 1299 750 1340 ne
772 1283 1027 1353 desperes
1056 1285 1317 1353 teipsum:
1346 1282 1440 1337 sed
1478 1282 1735 1337 infinitam
1764 1282 2104 1353 benignitatis
2125 1281 2258 1335 divi-

682 1390 766 1430 na:
786 1374 1205 1445 magnitudinem
1230 1382 1400 1428 tecum
1419 1380 1688 1442 reputans,
1717 1387 1971 1443 properes
1986 1372 2053 1426 ad
2078 1387 2263 1426 emen—

682 1465 949 1521 dationem
993 1476 1352 1534 peccatorum.
1398 1464 1455 1519 Si
1500 1463 1645 1518 enim
1696 1464 1959 1518 latronem
2009 1464 2060 1516 in
2101 1476 2261 1515 cruce

684 1565 830 1610 tanto
858 1557 1057 1609 honore
1073 1553 1318 1624 dignatus
1344 1561 1445 1618 est,
1476 1553 1643 1607 multo
1668 1553 1836 1623 magis
1862 1568 1961 1607 nos
1987 1552 2142 1606 insita
2166 1564 2259 1604 sua

681 1645 1006 1716 benignitate
1049 1645 1354 1715 dignabitur
1384 1683 1400 1711 ,
1450 1644 1496 1700 si
1545 1645 1869 1700 voluerimus
1923 1652 2258 1714 peccatorum

679 1737 1070 1791 confessionem
1100 1736 1396 1791 instituere.
1428 1734 1500 1791 Ut
1544 1735 1704 1807 igitur
1728 1746 1783 1791 et
1808 1749 1905 1789 nos
1934 1734 2260 1803 benignitate

682 1828 822 1882 illius
840 1828 1221 1915 perfruamur,
1255 1835 1468 1896 peccata
1492 1828 1703 1895 propria
1739 1826 1980 1881 confiteri
2027 1840 2094 1879 ne
2133 1840 2259 1880 eru-

681 1917 995 1974 bescamus:
1026 1933 1214 1988 magna
1241 1919 1383 1973 enim
1410 1918 1763 1973 confessionis
1788 1917 1869 1971 vis
1893 1926 1996 1980 est,
2018 1924 2073 1972 et
2095 1916 2257 1970 multa

681 2010 797 2078 ejus
832 2010 1084 2079 potentia.
1114 2010 1251 2064 Ecce
1280 2010 1489 2064 enimet
1516 2009 1615 2063 iste
1640 2008 1916 2064 confessus
1943 2014 2024 2061 est
2044 2047 2059 2073 ,
2093 2017 2146 2061 et
2169 2021 2260 2075 pa-

681 2099 915 2155 radisum
944 2098 1144 2170 reperit
1168 2110 1410 2168 apertum
1438 2117 1451 2154 :
1482 2098 1755 2154 confessus
1782 2108 1862 2153 est
1888 2139 1904 2165 ,
1934 2098 2261 2153 libertatem-

679 2201 785 2260 que
827 2190 1074 2260 loquendi
1113 2205 1177 2244 ac
1216 2206 1436 2261 regnum
1471 2190 1683 2260 petendi
1711 2190 1935 2258 adeptus
1965 2199 2047 2242 est
2085 2190 2130 2242 is
2168 2189 2258 2259 qui

682 2280 821 2335 latro
852 2281 1039 2337 fuerat.
1079 2282 1159 2336 Ad
1208 2282 1258 2335 id
1300 2283 1441 2336 enim
1483 2297 1649 2350 usque
1688 2290 1899 2350 tempus
1927 2296 2035 2335 non
2076 2280 2261 2349 petivit

682 2387 900 2441 regnum
926 2372 1197 2426 caelorum.
1228 2371 1379 2428 Unde
1408 2364 1424 2439 ,
1452 2372 1539 2427 dic
1558 2373 1707 2438 mihi,
1731 2389 1764 2426 ο
1788 2373 1925 2427 latro
1953 2411 1970 2440 ,
2004 2372 2152 2441 regni
2176 2387 2260 2428 re-

680 2461 928 2515 cordatus
949 2477 1007 2514 es
1026 2461 1051 2514 ἲ
1077 2460 1203 2531 quid
1218 2462 1333 2531 ejus
1355 2462 1529 2517 simile
1545 2478 1685 2517 nunc
1701 2463 1915 2517 vidisti?
1942 2462 2071 2531 Quae
2088 2463 2256 2529 vides,

679 2553 812 2607 clavi
855 2562 977 2607 sunt
1018 2561 1072 2607 et
1105 2568 1235 2608 crux
1283 2562 1338 2608 et
1381 2554 1749 2609 accusationes
1793 2564 1849 2609 et
1889 2564 2180 2608 scommata
2204 2562 2262 2609 et

678 2644 936 2699 convicia.
971 2643 1164 2713 Utique
1191 2682 1207 2711 ,
1239 2644 1439 2715 inquit:
1473 2661 1594 2699 nam
1635 2645 1748 2715 ipsa
1783 2660 1914 2700 crux
1950 2645 2102 2715 regni
2130 2643 2259 2699 mihi

678 2736 887 2790 videtur
905 2736 1354 2808 symboluutesse.
1380 2736 1668 2807 Propterea
1692 2738 1861 2806 ipsum
1877 2738 2077 2807 Regem
2104 2751 2258 2804 voco,

677 2826 799 2894 quia
850 2827 1017 2894 ipsum
1049 2825 1202 2881 video
1228 2827 1535 2881 crucifixum
1567 2845 1581 2881 :
1612 2829 1750 2897 regis
1795 2827 1936 2882 enim
1981 2837 2063 2882 est
2094 2863 2111 2894 ,
2161 2841 2259 2897 pro

678 2915 902 2969 subditis
952 2915 1105 2970 mori.
1160 2916 1387 2985 lpsemet
1414 2917 1575 2971 dixit:
1608 2917 1782 2969 Bonus
1824 2927 1999 2985 pastor
2037 2919 2259 2971 animmn

676 3020 818 3057 suam
847 3007 986 3073 ponit
1012 3021 1102 3073 pro
1128 3006 1296 3058 ovibus
1330 3002 1517 3077 (Joan.
1544 3005 1629 3060 10.
1662 3006 1722 3060 11
1746 3007 1786 3075 ).
1816 3004 1977 3075 Igitur
2003 3016 2057 3061 et
2086 3004 2259 3061 bonus

678 3111 771 3151 rex
800 3100 1028 3150 animam
1057 3112 1204 3151 suam
1232 3098 1382 3166 ponit
1406 3113 1501 3165 pro
1530 3098 1774 3152 subditis.
1810 3094 1943 3151 Cum
1981 3111 2109 3167 ergo
2137 3098 2256 3151 ani-

676 3202 817 3240 mam
852 3196 1023 3239 suam
1076 3188 1351 3254 posuerit,
1400 3197 1682 3258 eapropter
1749 3186 1947 3257 Regem
2018 3188 2255 3241 nomino.

679 3274 931 3329 dit-mento
952 3276 1065 3340 mei,
1086 3274 1321 3342 Domine,
1353 3292 1468 3330 eum
1494 3276 1685 3333 ueneris
1710 3278 1763 3330 in
1792 3293 1996 3347 regnum
2022 3284 2182 3331 tuum.

747 3365 800 3418 4.
834 3365 920 3418 Vis
934 3365 1141 3420 discere
1161 3367 1428 3435 quomodo
1451 3382 1581 3421 crux
1609 3366 1678 3421 sit
1702 3368 1849 3435 regni
1882 3376 2005 3421 nota
2026 3375 2081 3421 et
2109 3382 2257 3439 sym-

673 3458 852 3514 bolum
878 3467 930 3513 et
955 3474 1112 3528 quam
1137 3460 1329 3531 inclyta
1356 3473 1442 3515 res
1466 3460 1576 3514 sit?
1605 3459 1719 3513 Non
1752 3459 1967 3529 reliquit
1992 3458 2159 3529 ipsam
2192 3459 2245 3513 in

677 3558 839 3611 terra,
864 3549 956 3603 sed
973 3548 1123 3603 duxit
1141 3564 1257 3603 eam
1284 3550 1334 3603 in
1356 3549 1562 3603 caelum.
1583 3548 1735 3604 Unde
1761 3547 1862 3603 hoc
1882 3549 2045 3619 liquet
2068 3549 2091 3602 Ἰ
2117 3548 2257 3603 Cum

675 3636 791 3707 ipso
817 3645 1034 3691 ventura
1065 3646 1148 3691 est
1168 3637 1219 3691 in
1252 3637 1486 3691 secundo
1513 3637 1630 3706 ejus
1658 3646 1711 3693 et
1737 3638 1970 3707 glorioso
1998 3637 2253 3693 adventu.

674 3726 784 3784 Sed
826 3725 1099 3783 videamus
1138 3726 1351 3796 quando
1378 3742 1499 3780 cum
1540 3726 1659 3796 ipso
1715 3726 1785 3780 sit
1830 3736 2073 3781 ventura.
2115 3726 2256 3782 Audi

676 3816 849 3886 ipsum
875 3815 1142 3869 Christum
1172 3815 1441 3875 dicentem
1469 3830 1483 3869 :
1509 3813 1570 3869 Si
1594 3814 1811 3869 dixerint
1832 3815 1991 3882 vobis,
2038 3814 2173 3870 Ecce
2202 3816 2257 3869 in

676 3904 1012 3977 penetralibus
1039 3912 1111 3959 est
1138 3904 1385 3971 Christus,
1416 3919 1528 3958 ecce
1556 3904 1610 3957 in
1646 3904 1919 3958 solitudine
1938 3944 1954 3969 ,
1984 3920 2049 3957 ne
2070 3905 2258 3959 excutis

677 4006 695 4067 (
726 3996 910 4051 Matth.
941 3996 1031 4051 24.
1055 3996 1125 4050 26
1151 3995 1193 4065 ).
1229 3997 1303 4050 De
1328 3995 1563 4051 secundo
1586 4010 1683 4050 suo
1706 3995 1934 4050 adventu
1960 3997 2075 4051 lucc
2098 3997 2253 4065 dicit,

675 4096 895 4158 propter
920 4086 1081 4140 falsos
1103 4085 1365 4150 Christos,
1391 4095 1445 4139 et
1467 4094 1682 4154 prepter
1711 4084 2204 4155 pseudOprophetas
2237 4127 2252 4153 ,

675 4187 733 4235 et
759 4188 977 4249 prepter
1014 4176 1396 4232 Antichristum
1416 4217 1432 4243 ,
1456 4176 1670 4256 nelquis
1697 4175 2089 4231 circumventus
2114 4178 2165 4229 in
2188 4175 2257 4229 il-

677 4268 788 4323 lum
837 4268 1051 4323 incidat.
1090 4266 1223 4321 Cum
1253 4267 1395 4321 enim
1438 4265 1794 4320 Antichristus
1822 4275 1946 4319 ante
1987 4263 2259 4319 Christum

675 4370 929 4417 venturus
955 4360 1043 4423 sit,
1067 4359 1162 4424 Ne,
1188 4359 1386 4427 inquit,
1419 4366 1683 4426 pastorem
1714 4366 2014 4425 quaerentes
2053 4356 2256 4409 incida-

679 4453 748 4508 tis
774 4452 828 4507 in
854 4453 1068 4521 lupum,
1102 4449 1170 4503 ob
1195 4448 1249 4503 id
1283 4447 1467 4503 indico
1505 4446 1658 4501 vobis
1684 4456 1890 4502 certum
1921 4444 2171 4501 indicium
2202 4453 2258 4501 et

677 4550 1045 4615 argumentum
1084 4537 1314 4608 pastoris
1366 4536 1642 4607 prmsentis
1684 4536 1883 4607 :cujus
1928 4537 2129 4606 primus
2155 4534 2255 4589 ad.

678 4642 870 4687 ventus
908 4628 1031 4684 licet
1064 4628 1303 4681 occultus
1331 4626 1517 4689 fuerit;
1550 4641 1616 4681 ne
1640 4634 1816 4681 tamen
1842 4625 2157 4681 existimetis
2185 4631 2258 4679 tae

680 4724 784 4779 lem
826 4720 984 4775 etiam
1015 4718 1127 4773 fore
1155 4715 1467 4771 secundum.
1497 4715 1629 4770 Nam
1666 4717 1754 4771 ille
1786 4718 1977 4771 merito
2018 4716 2256 4771 occultus

680 4814 777 4870 fuit
799 4831 813 4867 :
844 4811 991 4866 venit
1014 4811 1156 4864 enim
1178 4822 1420 4878 qumrere
1440 4806 1580 4878 quod
1598 4807 1861 4876 perierat;
1892 4809 1991 4862 iste
2008 4820 2136 4863 vero
2149 4821 2255 4861 non

681 4907 751 4961 ita
781 4905 912 4970 erit,
938 4912 993 4957 at
1016 4900 1321 4971 quomodo?
1352 4899 1439 4955 dic
1462 4908 1517 4955 et
1544 4898 1693 4955 doce.
1726 4899 1893 4965 Sicut,
1924 4899 2092 4969 inquit
2110 4939 2125 4962 ,
2154 4901 2257 4954 exit

683 4999 857 5068 fulgur
879 4996 940 5048 ab
969 4994 1173 5047 Oriente
1206 5002 1251 5046 et
1280 5002 1490 5063 apparet
1527 5009 1681 5061 usque
1707 4994 1760 5045 in
1790 4992 2108 5045 Occidentem
2125 5008 2144 5044 :
2186 4993 2259 5045 ita

680 5091 772 5145 erit
814 5098 862 5143 et
901 5088 1140 5141 adventus
1166 5082 1289 5138 Filii
1309 5085 1524 5139 hominis
1556 5083 1715 5156 (Ibid.
1757 5102 1803 5139 tt.
1836 5084 1950 5154 27).
1994 5084 2258 5154 Derepen-

684 5193 735 5237 te
762 5179 1007 5236 omnibus
1036 5177 1348 5248 apparebit:
1379 5193 1483 5231 non
1502 5192 1721 5232 necesse
1744 5178 1866 5243 erit,
1897 5187 1953 5231 ut
1978 5178 2257 5248 quisquam

686 5276 995 5339 interroget.
1030 5266 1487 5337 Quemadmodum
1532 5267 1675 5321 enim
1720 5268 1858 5323 fucto
1904 5269 2109 5339 fulgure
2150 5284 2256 5323 non

684 5376 820 5433 opus
840 5361 1094 5414 habemus
1124 5358 1412 5429 inquirere,
1444 5372 1566 5411 num
1589 5357 1761 5427 fulgur
1788 5360 2085 5414 exstiterit:
2115 5359 2184 5413 ita
2207 5359 2259 5413 in

686 5451 921 5508 secundo
948 5449 1039 5503 illo
1056 5448 1283 5504 adventu
1311 5463 1528 5503 necesse
1555 5463 1661 5502 non
1697 5448 1798 5502 erit
1826 5463 2064 5517 quaerere
2084 5490 2100 5512 ,
2132 5464 2257 5502 num

685 5544 931 5600 Christus
959 5542 1185 5598 venerit.
1212 5544 1281 5596 At
1306 5556 1434 5596 vero
1477 5540 1702 5595 necdum
1735 5540 1787 5593 id
1813 5541 1952 5609 quod
1981 5540 2259 5608 qua‘reba-

686 5646 774 5693 tur
795 5677 811 5704 ,
841 5634 1071 5691 diximus
1089 5675 1105 5703 ,
1128 5650 1253 5689 num
1282 5633 1527 5689 videlicet
1560 5648 1678 5689 cum
1708 5648 1867 5687 cruce
1885 5637 1957 5686 sit
1985 5640 2254 5688 venturus.

692 5729 827 5787 Audi
880 5728 1036 5801 igitur
1063 5770 1080 5795 ,
1134 5725 1401 5800 quomodo
1446 5734 1501 5783 et
1547 5724 1648 5781 hoc
1686 5724 1965 5780 manifeste
2008 5723 2254 5795 explicet.

1403 358 1462 417 S.
1500 350 1778 415 JOANNIS
1812 340 2286 407 CHRVSOSTOMI
2324 341 2646 401 ARCHIEP.
2685 342 3228 401 CONSTANTINOP.

3267 270 3421 280 .—~—.

3847 345 3955 405 4η

2375 457 2537 523 Tune,
2570 457 2759 528 inquit,
2793 458 2893 513 hoc
2914 466 3029 524 est,
3055 473 3178 513 cum
3207 473 3434 526 venero,
3458 460 3537 514 sol
3561 459 3917 519 obseurabitur
3937 500 3960 528 ,

2369 558 2417 604 el
2431 549 2553 603 luna
2578 565 2679 602 non
2700 548 2839 601 dabit
2865 549 3033 603 lumen
3060 565 3206 603 suum
3256 549 3276 621 (
3300 549 3490 604 Matth.
3516 550 3607 605 2i.
3635 550 3752 623 29).
3783 551 3959 609 Tanta

2367 639 2510 694 enim
2539 648 2663 693 tunc
2685 639 2787 693 erit
2815 639 2945 693 lucis
2958 640 3110 708 copia
3133 681 3150 705 ,
3179 647 3239 694 ut
3266 641 3428 696 etiam
3455 642 3785 697 lucidissima
3816 644 3963 701 side-

2366 743 2424 783 ra
2450 729 2558 783 sint
2574 727 2948 784 abscondenda
2972 747 2986 784 :
3022 728 3159 784 Nam
3189 739 3235 785 et
3258 733 3418 785 stella:
3446 769 3461 798 ,
3489 733 3658 802 inquit
3681 777 3696 799 ,
3729 736 3917 789 cadent
3943 776 3963 804 ,

2364 827 2416 875 et
2440 819 2514 873 sic
2553 820 2751 890 signum
2802 818 2929 873 Filii
2968 821 3185 874 hominis
3232 823 3495 891 apparebit
3531 825 3583 877 in
3621 827 3767 879 creto.
3801 826 3967 884 Vides

2366 919 2561 979 quanta
2584 910 2654 965 sit
2675 910 2988 965 excellentia
3025 911 3183 982 hujus
3222 913 3391 981 signi,
3437 924 3632 981 quanta
3685 916 3912 971 claritas
3940 959 3958 983 ,

2366 1010 2593 1069 quantus
2621 999 2834 1070 fulgor?
2860 1001 2951 1056 Sol
2980 1002 3359 1057 obtenebratur
3379 1044 3395 1070 ,
3422 1014 3477 1059 et
3498 1003 3619 1058 luna
3651 1021 3759 1061 non
3779 1008 3967 1076 splen-

2365 1088 2480 1152 det,
2506 1098 2647 1142 astra
2673 1088 2869 1144 cadunt
2891 1107 2906 1145 :
2930 1090 3059 1145 illud
3092 1106 3217 1146 vero
3235 1092 3407 1146 solum
3432 1104 3677 1163 apparet,
3703 1105 3763 1149 ut
3793 1096 3964 1152 intel-

2364 1178 2495 1248 ligas
2519 1178 2648 1233 illud
2673 1188 2728 1233 et
2749 1181 2869 1235 luna
2897 1180 3249 1250 splendidius,
3288 1192 3344 1237 ct
3358 1183 3472 1237 sole
3499 1185 3787 1255 fulgentius
3816 1203 3963 1245 esse.

2361 1270 2822 1337 Quemadmodum
2863 1275 3005 1330 enim
3072 1290 3197 1345 rege
3272 1274 3603 1346 ingrediente
3630 1316 3647 1344 ,
3690 1282 3967 1337 exercitus

2364 1374 2663 1432 praeeuntes
2690 1364 2841 1434 signa
2884 1364 3121 1420 humeris
3140 1365 3352 1431 ferunt,
3380 1368 3627 1438 regisque
3652 1370 3964 1441 ingressum

2362 1452 2711 1507 annuntiant:
2744 1454 2825 1509 sic
2861 1462 2917 1509 et
2960 1454 3191 1509 Domino
3214 1457 3392 1509 omnis
3419 1466 3682 1513 creatura:
3709 1461 3781 1515 de
3813 1462 3966 1518 exiis

2363 1544 2722 1604 descendente
2755 1590 2769 1613 ,
2797 1552 3063 1605 exercitus
3087 1552 3399 1621 angelorum
3429 1562 3483 1608 et
3511 1554 3967 1624 archangelorutn

2362 1636 2571 1705 signum
2598 1637 2726 1691 illud
2754 1637 2931 1694 ferunt
2955 1676 2971 1705 ,
3028 1651 3081 1695 et
3108 1642 3313 1711 regium
3339 1642 3639 1714 ingressum
3663 1644 3825 1699 nobis
3860 1660 3963 1701 an-

2363 1728 2624 1782 nuntiant.
2651 1728 2815 1794 Tunc,
2848 1731 3039 1801 inquit,
3069 1741 3116 1786 et
3154 1731 3368 1789 Virtutes
3400 1737 3641 1790 ctelorunt
3674 1754 3969 1793 commove.

2362 1814 2548 1870 buntur
2578 1815 2763 1888 (lbid.)
2790 1859 2805 1884 ,
2839 1821 3058 1889 angelos
3084 1831 3138 1876 et
3165 1824 3516 1894 archangelos
3545 1836 3601 1880 et
3624 1842 3821 1882 omnes
3839 1828 3964 1882 illas

2364 1905 2771 1976 inaspectahiles
2816 1908 3114 1966 Potestates
3164 1912 3516 1984 intelligens:
3558 1923 3764 1971 tremor
3815 1919 3965 1973 enim

2366 1995 2486 2050 illos
2507 1998 2879 2066 apprehendet
2916 2001 3222 2072 multusque
3251 2002 3414 2058 timor
3442 2013 3497 2059 et
3522 2004 3737 2060 horror.
3771 2008 3845 2061 At
3869 2022 3966 2063 cu-

2357 2086 2447 2157 jus
2474 2088 2665 2157 gratia,
2696 2088 2802 2156 die,
2833 2105 3036 2160 quaeso,
3073 2091 3310 2150 Virtutes
3327 2095 3489 2151 etiam
3514 2096 3618 2151 illa:
3643 2099 3963 2167 percellim-

2366 2180 2487 2232 turl
2507 2178 2717 2233 Merito.
2743 2180 3004 2237 Tcrribile
3028 2184 3135 2238 erit
3176 2185 3305 2240 illud
3331 2187 3586 2252 tribunal,
3605 2187 3673 2241 de
3700 2189 3959 2244 universa

2361 2267 2636 2324 hominum
2663 2278 2847 2326 natura
2876 2282 3001 2326 tunc
3015 2274 3359 2343 judicabitur,
3374 2287 3428 2331 et
3449 2279 3710 2332 rationem
3731 2279 3823 2334 illa
3839 2280 3961 2335 red-

2360 2357 2472 2426 det,
2503 2368 2559 2415 et
2596 2362 2818 2417 terribili
2862 2364 3112 2419 tribunali
3142 2365 3385 2423 adsistet.
3414 2364 3525 2424 Cur
3561 2379 3742 2424 autem
3772 2372 3959 2441 angeli

2363 2458 2488 2506 tunc
2515 2460 2771 2518 tremunt,
2796 2463 2850 2509 et
2875 2455 3207 2526 incorporea:
3232 2458 3337 2512 illa:
3362 2457 3601 2515 Virtutes
3632 2459 3957 2518 formidant?

2362 2557 2540 2614 neque
2568 2546 2711 2599 enim
2742 2545 2812 2601 de
2838 2546 2941 2602 illis
2964 2547 3308 2617 judicabitur.
3327 2550 3794 2618 Quemadmodum
3811 2554 3960 2623 judi-

2362 2651 2426 2692 ce
2454 2645 2710 2693 nocentes
2729 2638 3120 2696 cundemnante
3140 2683 3157 2708 ,
3197 2650 3252 2696 et
3287 2643 3339 2696 in
3361 2644 3500 2698 solio
3526 2647 3745 2700 excelso
3773 2648 3958 2704 consi-

2362 2728 2544 2796 dente,
2570 2745 2675 2784 non
2704 2730 2876 2785 solum
2904 2742 3114 2799 sontes,
3140 2732 3234 2788 sed
3253 2746 3306 2789 et
3332 2734 3421 2804 qui
3448 2748 3515 2790 ex
3545 2736 3737 2792 eodem
3766 2739 3957 2793 ordine

2360 2821 2711 2875 circumstant
2731 2862 2746 2885 ,
2769 2836 2869 2877 nec
2889 2824 3201 2893 cujusquam
3230 2824 3354 2879 mali
3402 2826 3505 2881 sibi
3558 2829 3760 2882 conscii
3789 2840 3952 2895 sunt,

2360 2912 2708 2966 nihilominus
2732 2914 2921 2968 timent
2948 2923 3003 2967 et
3047 2913 3367 2969 horrescunt
3406 2915 3693 2971 formidine
3712 2917 3946 2985 iudicis:

2361 3001 2433 3055 ita
2461 3010 2515 3056 et
2528 3009 2670 3066 tunc,
2702 3016 2825 3056 cum
2854 3001 2923 3057 de
2952 3012 3142 3056 natura
3160 3001 3508 3072 judicabitur,
3533 3018 3589 3059 et
3614 3007 3852 3061 rationes
3881 3007 3952 3061 oh

2356 3094 2644 3151 commissa
2671 3093 2877 3163 piacula
2906 3100 3256 3165 reposcentur
3281 3135 3298 3161 ,
3351 3096 3511 3150 etiam
3538 3096 3612 3151 illi
3646 3136 3661 3163 ,
3692 3100 3783 3169 qui
3822 3098 3955 3154 nihil

2359 3185 2460 3241 sibi
2490 3186 2769 3240 consciunt
2793 3186 3003 3266 angeli,
3035 3195 3091 3242 et
3120 3188 3338 3257 reliqua:
3372 3188 3607 3245 Virtutes
3632 3199 3958 3247 metuuntet

2359 3281 2595 3331 tremunt
2626 3283 2846 3346 propter
2881 3276 3055 3332 minas
3091 3276 3314 3338 Iudicis.
3355 3279 3421 3333 Et
3464 3279 3566 3334 hoc
3591 3282 3809 3350 quidem
3837 3282 3952 3351 jam

2361 3364 2755 3419 intelleximus:
2800 3366 2952 3433 cujus
2973 3381 3099 3420 vero
3125 3368 3294 3435 gratia
3322 3367 3400 3437 (a)
3417 3409 3433 3435 ,
3462 3377 3517 3423 et
3536 3384 3703 3438 quare
3728 3385 3951 3424 crucem

2360 3454 2565 3510 habens
2594 3464 2850 3511 venturus
2876 3457 2997 3510 est?
3037 3457 3195 3512 Disce
3219 3464 3274 3511 et
3308 3456 3470 3527 hujus
3502 3459 3576 3513 rei
3609 3473 3851 3513 causam.
3884 3457 3954 3514 Ut

2361 3547 2503 3602 enim
2526 3564 2592 3602 ex
2622 3548 2751 3616 ipsis
2780 3547 3035 3616 operibus
3064 3548 3140 3602 illi
3164 3588 3179 3610 ,
3228 3548 3318 3618 qui
3362 3564 3487 3604 eum
3517 3550 3905 3605 crucifixerunt
3935 3590 3954 3617 ,

2367 3639 2643 3709 prepriam
2662 3638 3021 3709 insipientiam
3048 3650 3404 3707 cognoscant,
3433 3641 3601 3708 ipsam
3630 3640 3738 3694 illis
3764 3652 3955 3695 osten-

2360 3728 2439 3784 dit
2457 3744 2692 3795 crucem,
2724 3744 2825 3799 qua
2855 3743 3041 3783 eorum
3071 3728 3424 3799 redarguatur
3450 3730 3675 3783 insania.
3705 3730 3773 3784 Et
3795 3741 3851 3784 ut
3874 3732 3957 3785 in-

2361 3822 2571 3891 telligas
2603 3862 2618 3884 ,
2653 3836 2775 3874 eum
2803 3830 3087 3891 propterea
3112 3835 3328 3876 crucem
3377 3821 3520 3879 ferre
3543 3860 3559 3886 ,
3592 3830 3651 3875 ut
3675 3822 3799 3875 illos
3825 3838 3958 3877 con-

2362 3910 2551 3966 fundat
2598 3916 2653 3965 et
2691 3910 2968 3979 increpet;
3015 3911 3142 3965 audi
3194 3911 3576 3980 evangelistam
3634 3911 3955 3971 dicentem:

2361 3997 2505 4055 Tum:
2532 4001 2796 4071 apparebit
2831 4002 3029 4071 signum
3060 3998 3186 4054 Filii
3214 4001 3433 4055 hominis
3451 4041 3465 4066 ,
3497 4011 3545 4055 et
3571 4003 3813 4073 plangent
3842 4020 3957 4058 ont-

2360 4105 2449 4143 nes
2483 4090 2639 4143 tribus
2679 4098 2825 4142 terra:
2865 4087 3023 4161 (Ibid.
3065 4104 3113 4143 υ.
3144 4086 3260 4160 30),
3292 4088 3534 4144 videntes
3560 4102 3955 4158 accusatorem,

2360 4188 2418 4234 et
2443 4187 2793 4249 agnoscentes
2840 4187 3116 4246 peccatum
3168 4194 3344 4233 suum.
3396 4178 3463 4234 Et
3511 4179 3637 4249 quid
3689 4182 3951 4248 miraris,

2361 4266 2501 4336 quod
2545 4281 2760 4321 crucem
2793 4266 2970 4321 ferens
3000 4266 3215 4321 veniat?
3257 4268 3373 4337 ipsa
3401 4266 3621 4323 vulnera
3646 4285 3834 4324 secum
3871 4269 3957 4326 fc-

2359 4374 2485 4414 rens
2505 4360 2702 4413 veniet.
2742 4358 2808 4412 Et
2835 4358 3101 4413 undenam
3133 4357 3300 4430 liquet
3326 4375 3448 4414 eum
3491 4376 3585 4416 sua
3607 4363 3833 4416 vulnera
3866 4378 3958 4418 ses

2359 4462 2480 4504 cum
2519 4447 2780 4504 ferentem
2826 4457 3106 4504 venturum
3158 4462 3277 4503 esse
3309 4448 3475 4503 lAudi
3521 4452 3836 4519 prophetam
3876 4452 3957 4505 di-

2358 4549 2605 4596 centem:
2640 4540 2884 4594 Videbunt
2912 4540 2964 4593 in
2994 4555 3140 4609 quem
3159 4540 3480 4608 confiat-erunt
3500 4538 3684 4610 (Zach.
3716 4541 3807 4595 12.
3843 4540 3955 4613 10).

2358 4632 2507 4688 Sicut
2532 4632 2673 4687 enim
2702 4645 2824 4687 cum
2846 4630 3052 4686 Thema
3088 4631 3240 4702 egit,
3282 4630 3468 4685 volens
3516 4631 3951 4687 incredulitatem

2360 4721 2608 4793 discipuli
2632 4722 2938 4787 emendare,
2972 4721 3318 4793 ostenditque
3343 4720 3392 4776 ei
3419 4722 3644 4775 fixuram
3675 4722 3958 4779 clavorum

2361 4824 2415 4869 et
2435 4814 2579 4884 ipsas
2616 4813 2895 4869 cicatrices
2914 4853 2929 4879 ,
2976 4821 3031 4867 et
3055 4812 3127 4866 ait
3160 4828 3175 4867 :
3207 4810 3352 4865 Hine
3373 4811 3587 4882 digitum
3616 4824 3760 4867 tuum
3805 4819 3907 4869 huc
3933 4855 3955 4883 ,

2362 4912 2409 4956 et
2426 4904 2559 4971 infer
2588 4913 2794 4956 ntanum
2819 4911 2957 4956 tuam
2984 4901 3162 4972 (Joan.
3189 4899 3281 4957 ΩΟ.
3303 4900 3484 4974 27),“
3518 4902 3630 4955 uide
3647 4945 3663 4967 ,
3692 4905 3812 4974 quia
3840 4908 3954 4977 spi-

2362 4992 2485 5049 ritus
2510 5008 2711 5046 carnent
2739 5002 2784 5045 et
2805 5008 2918 5046 ossa
2961 5008 3062 5045 non
3089 4991 3233 5045 habet
3262 4990 3427 5060 (Luc.
3472 4991 3564 5047 2i.
3597 4993 3665 5048 59
3690 4993 3710 5066 )
3743 5035 3760 5057 ,
3794 5006 3852 5050 ut
3880 4997 3956 5052 illi

2364 5092 2709 5149 monstraret,
2733 5097 2792 5137 se
2808 5097 2931 5137 vere
2959 5080 3349 5136 resurrexisse:
3378 5084 3455 5138 sic
3479 5094 3533 5137 et
3552 5091 3676 5138 tunc
3707 5086 3808 5139 fert
3836 5089 3963 5142 vul-

2366 5189 2493 5229 nera
2514 5183 2568 5229 et
2594 5189 2831 5239 crucem,
2862 5182 2919 5226 ut
2943 5173 3022 5227 eis
3051 5171 3301 5227 ostendat
3319 5187 3379 5228 se
3397 5174 3548 5228 illum
3592 5189 3714 5230 esse
3740 5215 3759 5242 ,
3788 5193 3956 5247 quem

2366 5264 2758 5318 crucifixeruut.
2802 5262 3044 5332 Magnum
3077 5275 3207 5332 ergo
3256 5260 3456 5317 bonum
3503 5272 3556 5318 et
3599 5266 3874 5334 salutare,
3904 5276 3959 5325 et

2366 5354 2583 5410 evidens
2610 5364 2980 5423 argumentum
3010 5351 3203 5406 divina:
3232 5344 3644 5409 benevolentiae.

2436 5446 2489 5499 5.
2517 5445 2652 5512 Quin
2679 5446 2786 5499 imo
2812 5460 2915 5498 non
2946 5443 3116 5497 solum
3141 5458 3304 5509 crux,
3348 5444 3443 5499 sed
3480 5455 3534 5499 et
3562 5446 3674 5514 ipsa
3706 5447 3758 5500 in
3791 5462 3960 5506 cruce

2366 5538 2569 5607 prolata
2590 5538 2746 5591 verba
2779 5533 3184 5591 inenarrabilem
3214 5535 3330 5605 ejus
3357 5535 3739 5593 humanitatem
3770 5540 3961 5598 decla-

2430 5668 2503 5731 (a)
2528 5675 2666 5731 iitth
2683 5664 2846 5731 locum
2886 5667 3014 5731 inter
3050 5663 3144 5713 alia
3182 5663 3337 5715 refert
3358 5673 3402 5715 s.
3429 5672 3524 5731 Leo
3548 5676 3669 5729 Papa
3690 5670 3749 5719 ad
3768 5670 3959 5721 calcem

2365 5726 2584 5794 Epistula:
2608 5728 2715 5792 tat,
2734 5731 2821 5782 ubi
2840 5729 2995 5793 magis
3027 5738 3226 5776 εειιωω
3244 5734 3389 5790 quam
3404 5726 3558 5779 verba
3579 5726 3833 5795 e'xprhmt.
