4164 6324
401 412 506 467 415

400 539 537 583 rant.
571 529 707 585 Audi
751 529 862 599 ipsa
894 526 1098 582 verba:
1128 519 1592 579 circumstantibus
1617 516 1759 571 enim
1797 513 1924 583 ipsis
1953 527 1981 563 a

399 620 587 686 quibus
613 619 897 674 cruciﬁxus
919 617 1110 682 fuerat,
1139 615 1320 685 iraque
1341 621 1391 666 et
1416 612 1594 664 furore
1615 603 1980 662 aestuantibus,

402 708 576 773 Pater,
612 709 812 778 inquit,
849 709 1052 778 ignosce
1089 706 1192 760 illis
1231 711 1492 773 peccatum
1532 699 1672 752 hoc:
1713 712 1813 750 non
1852 694 1982 748 enim

400 801 596 864 sciunt,
625 799 746 868 quid
784 808 938 869 agant
971 796 1129 868 (Luc.
1151 795 1242 851 ‘25.
1271 790 1383 865 34).
1415 790 1575 844 Vides
1608 784 1983 856 benignitatem

405 890 655 944 Domini?
697 889 981 944 cruciﬁxus
1014 903 1111 958 pro
1151 881 1582 954 crucifigentibus
1634 877 1857 941 orabat,
1887 876 1984 929 etsi

405 979 478 1032 illi
504 979 904 1034 subsannabant
923 989 974 1034 et
997 976 1286 1033 illudebant
1305 988 1426 1028 eum
1450 972 1717 1025 dicentes:
1737 967 1799 1022 Si
1821 965 2005 1020 Filias-

406 1068 498 1125 Dei
522 1087 594 1136 es,
621 1069 867 1124 descende
886 1069 951 1123 de
971 1083 1120 1121 cruce
1145 1065 1352 1136 (Matth.
1377 1062 1469 1117 27.
1499 1059 1613 1129 40).
1650 1058 1805 1128 Atqui
1861 1070 1985 1125 pro-

406 1169 526 1230 pter
553 1160 660 1235 hoe
682 1161 852 1230 ipsum
878 1174 983 1214 non
1015 1155 1289 1212 descendit
1326 1154 1393 1208 de
1420 1166 1576 1208 cruce
1595 1192 1610 1217 ,
1638 1149 1780 1221 quod
1821 1147 1988 1203 Filius

406 1250 504 1306 Dei
533 1249 603 1306 sit
637 1267 650 1304 :
678 1250 798 1305 ideo
819 1248 960 1304 enim
983 1248 1149 1307 venit,
1178 1255 1237 1301 ut
1261 1242 1660 1314 cruciﬁgeretur
1686 1255 1783 1311 pro
1811 1237 1986 1293 nobis.

401 1340 718 1408 Descendat,
751 1341 934 1404 aiunt,
963 1339 1026 1393 de
1048 1353 1226 1399 cruce,
1256 1345 1312 1390 ut
1340 1334 1597 1389 videamus
1635 1341 1682 1386 et
1723 1329 1988 1384 credamus

402 1435 454 1488 in
493 1450 605 1489 eum
637 1432 812 1504 (Ibid.
846 1441 892 1486 et
918 1431 988 1487 42
1005 1428 1045 1504 ).
1073 1431 1290 1485 Intuere
1334 1425 1675 1497 impudentiae
1709 1423 1904 1483 verba.
1936 1431 1990 1476 et

403 1523 775 1578 excusationes
804 1519 1216 1577 incredulitatis.
1242 1517 1538 1574 Grandiora
1565 1514 1707 1581 fecit,
1734 1528 1893 1584 quam
1921 1513 1990 1566 sit

404 1615 694 1670 descensus
723 1613 790 1668 de
813 1626 991 1677 cruce,
1018 1620 1072 1666 et
1102 1625 1207 1664 non
1237 1607 1581 1664 crediderunt
1608 1622 1621 1658 :
1659 1615 1713 1659 et
1743 1619 1884 1658 nunc
1910 1601 1990 1656 di-

401 1714 564 1771 cunt,
593 1701 869 1758 Descende
904 1702 972 1758 de
1012 1715 1172 1756 cruce
1192 1740 1206 1764 ,
1241 1707 1298 1754 et
1327 1697 1610 1752 credemus
1641 1697 1691 1750 in
1724 1703 1793 1749 te.
1828 1693 1990 1763 Multo

401 1795 572 1864 majus
598 1803 714 1849 erat
739 1801 1008 1848 mortuum
1043 1804 1266 1860 surgere
1287 1804 1352 1843 ex
1380 1786 1646 1858 sepulcro,
1682 1783 1857 1854 lapide
1885 1783 1987 1838 im-

403 1887 596 1956 posito,
625 1901 786 1958 quam
807 1883 1136 1940 descendere
1160 1882 1228 1938 de
1261 1896 1421 1937 cruce
1450 1897 1463 1934 :
1491 1880 1660 1935 multo
1683 1878 1852 1946 majus
1876 1887 1991 1932 erat

401 1976 812 2045 qnatriduanum
860 1976 1118 2030 Lazarum
1159 1971 1341 2028 fasciis
1376 1971 1672 2025 involutum
1697 2011 1711 2035 ,
1746 1986 1846 2024 una
1869 1985 1988 2023 cum

404 2069 508 2123 illis
532 2068 763 2124 educere
791 2083 856 2124 ex
888 2074 1255 2122 monumento.
1302 2063 1486 2117 Vidisti
1513 2062 1756 2116 stultitim
1787 2062 1989 2116 verba?

401 2161 578 2216 vidisti
611 2161 831 2217 insanias
859 2156 1317 2229 magnitudinem?
1345 2155 1438 2210 sed
1459 2153 1737 2218 attendite,
1776 2167 1988 2219 moneo,

404 2252 707 2321 diligenter,
732 2259 791 2304 ut
808 2250 902 2305 Dei
919 2250 1248 2310 immensam
1288 2246 1668 2317 benignitatem
1695 2257 1990 2314 cognosca-

401 2341 468 2396 tis
499 2359 513 2396 :
559 2350 616 2395 et
656 2339 926 2410 quomodo
953 2339 1040 2393 illa
1071 2339 1183 2408 ipsa
1216 2329 1402 2392 eor'um
1430 2336 1644 2391 vesania
1666 2377 1681 2400 ,
1709 2335 1953 2390 Christus
1974 2377 1989 2400 ,

401 2435 544 2489 velut
574 2435 855 2489 occasione
883 2434 952 2486 sit
990 2447 1117 2487 usus
1165 2431 1232 2485 ad
1274 2432 1505 2485 veniam.
1559 2427 1749 2492 Pater,
1789 2430 1991 2499 inquit,

401 2526 602 2594 ignosce
625 2525 730 2579 illis
752 2525 846 2578 hoc
869 2531 1125 2594 peccatum
1151 2538 1169 2576 :
1189 2539 1290 2576 non
1310 2522 1441 2575 enim
1464 2523 1631 2574 sciunt
1653 2520 1778 2593 quid
1799 2520 1992 2592 faciunt

406 2613 555 2683 (Luc.
583 2613 675 2668 23.
700 2614 811 2685 54).
845 2613 1071 2668 Tantum
1102 2627 1207 2667 non
1231 2611 1328 2666 hoc
1361 2611 1578 2676 indicat,
1610 2611 1714 2666 Per
1738 2626 1878 2682 quae,
1909 2611 1994 2665 in-

381 2706 535 2774 ‘quit,
571 2704 885 2775 insipientes
906 2712 1061 2765 sunt,
1091 2717 1187 2772 per
1208 2700 1395 2757 eadem
1428 2703 1713 2771 ignorant,
1742 2701 1885 2772 quod
1913 2702 1982 2755 [ιιι

405 2796 571 2850 ciunt.
605 2796 669 2849 Et
694 2795 766 2850 illi
795 2794 1010 2865 quidem
1043 2793 1308 2859 dicebant,
1337 2792 1400 2847 Si
1426 2792 1596 2847 Filius
1618 2791 1719 2846 'Dei
1748 2810 1821 2859 es,
1852 2793 1993 2847 salva

404 2887 616 2954 teipsum
644 2884 856 2956 (Matth.
886 2885 976 2939 27.
1001 2884 1117 2954 40).
1147 2883 1264 2953 lpse
1291 2898 1422 2939 vero
1449 2884 1705 2949 elaborat,
1727 2882 1994 2953 quomodo

408 2977 528 3032 illos
549 2977 778 3032 salvaret
798 3017 812 3040 ,
848 2977 966 3031 illos
995 2978 1208 3046 inquam
1228 3016 1244 3041 ,
1274 2990 1303 3027 a
1333 2975 1524 3043 quibus
1550 2976 1835 3045 opprobria
1868 2990 1993 3046 pcr-

403 3068 735 3140 petiebatur,
777 3066 1117 3132 illudebatur,
1150 3079 1205 3121 et
1239 3065 1493 3121 conviciis
1529 3065 1993 3136 proscindebatur.

404 3159 613 3213 Dimitte
643 3161 766 3226 illis,
798 3158 1000 3227 inquit,
1035 3159 1129 3211 hoc
1161 3167 1419 3226 peccatum
1445 3171 1464 3210 :
1494 3172 1596 3210 non
1634 3157 1768 3210 enim
1829 3156 1992 3210 sciunt

403 3250 523 3320 quid
552 3250 767 3319 faciunt.
799 3248 936 3316 Quid
963 3247 1127 3318 ergo?
1154 3263 1278 3301 num
1314 3246 1510 3302 dimisit
1543 3245 1649 3301 illis
1677 3248 1997 3316 peccatum?

407 3341 619 3395 Dimisit
643 3339 742 3405 cis,
767 3339 856 3409 qui
886 3337 1253 3408 paenitentiam
1283 3337 1463 3392 subire
1489 3337 1753 3392 voluerint
1777 3354 1790 3389 :
1818 3338 1862 3391 si
1891 3353 1997 3391 non

403 3432 698 3488 remisisset
726 3431 831 3488 illis
866 3437 1175 3499 peccatum,
1220 3428 1418 3483 Paulus
1449 3443 1555 3482 non
1596 3426 1785 3482 fuisset
1825 3427 2000 3482 factus

403 3524 676 3595 apostolus
729 3540 743 3576 :
791 3522 835 3576 si
884 3535 992 3575 non
1042 3519 1338 3574 remisisset
1385 3518 1492 3574 illis
1536 3527 1846 3588 peccatum,
1893 3533 1998 3574 non

405 3615 584 3670 statim
614 3613 714 3668 tria
743 3612 907 3667 millia
935 3622 987 3667 et
1028 3611 1264 3681 quinque
1293 3609 1457 3664 millia
1488 3625 1661 3680 neque
1691 3609 1871 3663 multa:
1900 3610 1999 3664 .lu-

403 3707 642 3761 diuorum
658 3702 926 3776 myriades
941 3711 1127 3774 postea
1143 3700 1515 3757 credidissent.
1546 3701 1685 3755 Audi
1706 3701 1849 3755 enim
1875 3699 2001 3770 quid

405 3797 637 3852 Jacobus
670 3794 1022 3866 Jerosolymis
1065 3793 1209 3858 dicat
1256 3791 1322 3847 ad
1358 3791 1582 3847 Paulum
1612 3809 1626 3844 :
1673 3789 1822 3845 Vides
1844 3833 1857 3857 ,
1891 3795 1999 3862 fra-

406 3899 513 3952 ter,
587 3895 705 3956 quot
769 3886 932 3939 millia
994 3883 1296 3938 Judworum
1341 3891 1492 3949 sunt,
1559 3884 1643 3952 qui
1681 3882 2002 3936 crediderunt

405 3979 541 4048 (Act.
571 3976 662 4032 ει.
690 3975 809 4049 20).

479 4069 738 4140 Frequens
762 4069 896 4122 circa
918 4069 1195 4121 orationem
1225 4083 1318 4137 pro
1349 4065 1566 4121 inimicis
1614 4065 1914 4120 admonitio.
1934 4097 2005 4106 —

414 4160 687 4215 Imitemur
709 4159 869 4228 igitur
892 4167 947 4211 et
973 4172 1070 4212 nos
1097 4157 1401 4220 Dominum,
1429 4167 1484 4212 et
1503 4172 1597 4226 pro
1620 4156 1848 4211 inimicis
1880 4172 2002 4225 prc-

409 4265 613 4304 ceutur.
645 4249 776 4317 Qua:
803 4247 916 4302 heri
947 4247 1150 4311 monui,
1174 4246 1485 4301 eorumdem
1514 4254 1568 4302 et
1595 4261 1738 4302 nunc
1767 4262 2000 4301 commo-

411 4339 639 4407 nefacio,
671 4340 849 4394 sciens
876 4337 1130 4407 praeclare
1161 4335 1284 4391 facti
1316 4336 1734 4406 magnitudinem
1755 4378 1772 4403 ,
1795 4336 2004 4390 imitare

411 4441 558 4484 tuum
591 4430 897 4484 Dominum.
925 4428 1018 4482 ille
1039 4426 1467 4496 cruciﬁgebatur,
1491 4435 1546 4482 et
1569 4442 1666 4496 pro
1685 4427 2005 4497 cruciﬁgen-

413 4524 551 4578 tibus
578 4523 781 4578 orabat.
813 4523 880 4576 Et
909 4519 1178 4591 quomodo
1209 4531 1448 4589 passam,
1483 4519 1689 4597 inquis,
1724 4519 2003 4573 Dominum

412 4615 642 4669 imitari?
683 4613 738 4670 Si
785 4614 956 4680 velis,
986 4623 1139 4683 potes
1189 4630 1202 4666 :
1239 4612 1283 4666 si
1331 4611 1445 4666 ﬁeri
1491 4625 1597 4666 non
1628 4620 1846 4681 posset,
1897 4628 2003 4667 non

409 4706 655 4767 dixisset,
686 4703 881 4758 Discite
901 4720 932 4756 a
972 4719 1050 4756 me
1077 4702 1200 4774 quia
1230 4703 1364 4756 mitis
1385 4719 1498 4755 sum
1536 4712 1580 4756 et
1619 4703 1823 4756 humilis
1856 4703 2009 4757 corde

411 4797 629 4868 (Matth.
654 4798 740 4850 11.
772 4793 868 4866 29)
898 4814 910 4848 :
944 4796 989 4850 si
1022 4796 1181 4848 homo
1210 4793 1405 4848 imitari
1437 4808 1544 4849 nou
1573 4794 1865 4862 potuisset,
1899 4808 2003 4847 nou

409 4891 631 4945 dixisset
669 4890 904 4943 Paulus:
950 4886 1243 4941 lntitatores
1286 4887 1382 4939 mei
1432 4894 1617 4952 estote,
1661 4887 1791 4938 sicut
1833 4896 1879 4939 et
1917 4904 2007 4957 ego

410 4982 601 5036 Christi
629 4981 704 5052 (l.
728 4981 848 5035 Cor.
877 4982 964 5034 11.
997 4981 1072 5045 1).
1093 4981 1355 5033 Caeterum
1374 4979 1418 5034 si
1450 4978 1588 5032 nolis
1610 4978 1801 5032 imitari
1824 4979 2006 5032 Domi-

414 5089 560 5136 num,
586 5073 794 5128 imitare
810 5087 1150 5138 conservum,
1176 5070 1504 5141 Stephanum
1527 5069 1669 5136 dico,
1694 5071 1782 5141 qui
1803 5071 2009 5142 primus

415 5165 656 5238 martyrii
700 5163 842 5219 fores
881 5164 1130 5233 aperuit:
1174 5163 1262 5218 ille
1295 5163 1578 5217 Dominum
1620 5162 1860 5216 imitatus
1903 5170 2004 5218 est.

413 5255 876 5324 Quemadmodum
924 5255 1067 5310 enim
1110 5255 1368 5309 Dominus
1409 5254 1547 5307 inter
1574 5267 1700 5319 eos,
1745 5268 1776 5306 a
1815 5252 2008 5323 quibus

409 5348 699 5403 crucilixus
729 5345 930 5411 fuerat,
974 5359 1266 5414 suspensus
1297 5359 1393 5415 pro
1418 5343 1853 5413 cruciﬁgentibus
1882 5357 2004 5397 ora-

414 5440 533 5505 bat;
565 5439 648 5491 sic
687 5446 741 5492 et
782 5451 971 5492 servus
1013 5437 1152 5491 inter
1177 5450 1306 5500 eos,
1353 5450 1382 5487 a
1413 5435 1606 5504 quibus
1651 5433 2005 5502 lapidabatur,

411 5528 751 5595 constitutus,
774 5538 826 5582 et
859 5528 927 5581 ab
946 5527 1092 5582 omni
1126 5527 1280 5581 turba
1311 5526 1573 5596 lapidibus
1595 5527 1860 5596 appetitus
1881 5566 1894 5590 ,
1928 5525 2009 5579 la-

412 5623 676 5693 pidesque
741 5619 877 5672 nivis
918 5619 1086 5672 instar
1116 5619 1382 5673 irruentes
1409 5618 1712 5686 excipiens,
1754 5619 2010 5688 neglectis

412 5714 502 5782 qui
545 5711 668 5766 inde
694 5711 1004 5767 oriebantur
1031 5711 1334 5774 doloribus,
1369 5709 1578 5764 diccbat
1609 5728 1622 5762 :
1668 5710 1887 5764 Domine
1908 5752 1923 5773 ,
1947 5728 2009 5764 ne

413 5815 604 5859 statuas
632 5805 732 5858 illis
762 5805 854 5858 hoc
885 5814 1140 5869 peccatum
1171 5805 1308 5870 (Act.
1337 5804 1388 5856 7.
1421 5803 1536 5872 59).
1568 5803 1778 5871 Vidisti,
1813 5804 2006 5874 quibus

755 5897 1015 5954 PATROL
1065 5897 1179 5957 Gn.
1232 5897 1453 5958 XLIX.

1434 422 1522 478 DE
1558 417 1789 475 CRUCE
1829 413 1914 469 ΕΤ
1956 406 2273 466 LATRONE
2311 403 2542 465 ll0.\lll..
2581 402 2646 457 ll.

3581 393 3682 448 λιιδ

2099 509 2280 564 verbis
2310 509 2474 562 Filius
2520 517 2717 574 utatur,
2767 515 2820 562 et
2867 507 3134 578 quomodo
3176 522 3363 563 servus
3406 520 3566 564 oret:
3601 508 3688 564 ille

2092 601 2240 664 dicit,
2263 597 2438 660 Pater,
2457 600 2650 652 dimitte
2672 599 2775 654 illis
2801 599 2897 652 hoc
2922 608 3178 670 peccatum
3198 614 3216 663 ;
3240 614 3340 653 non
3363 599 3497 653 enim
3524 600 3687 654 sciunt

2091 692 2214 759 quid
2240 692 2434 765 faciunt
2462 691 2615 764 (Luc.
2655 692 2746 746 23.
2779 691 2870 762 54)
2904 709 2917 744 :
2947 692 3033 746 hic
3062 691 3208 751 dicit,
3242 688 3326 744 Ne
3352 697 3548 744 statuas
3587 689 3688 743 illis

2095 792 2190 844 hoc
2216 799 2502 861 peceatum.
2537 787 2604 843 Et
2631 796 2690 842 ut
2717 787 2983 856 intelligas
3012 788 3126 842 hate
3155 787 3303 842 illum
3329 786 3610 856 diligenter
3639 793 3691 837 et

2094 892 2339 938 accurate
2365 897 2542 952 agerc,
2574 895 2678 934 non
2725 879 3038 949 simpliciter
3066 880 3271 941 orabat,
3320 892 3492 949 neque
3520 876 3692 950 obiter

2098 987 2150 1029 et
2173 975 2387 1037 leviter,
2432 988 2604 1042 neque
2633 979 2804 1035 stans,
2834 969 2927 1025 sed
2959 970 3144 1038 positis
3169 967 3413 1038 genibus,
3441 984 3562 1024 cum
3592 967 3690 1023 do-

2101 1067 2216 1121 lore
2245 1075 2300 1121 et
2327 1064 2739 1134 compunctione
2766 1073 2820 1118 et
2861 1077 2980 1117 cum
3011 1061 3171 1116 multa
3201 1061 3689 1114 commiseratione.

2103 1156 2193 1212 Vis
2224 1157 2314 1211 tibi
2345 1156 2623 1211 ostendam
2650 1163 2705 1211 et
2731 1155 2890 1210 alium
2919 1154 3171 1218 majorem
3201 1165 3516 1206 conservum
3547 1149 3693 1204 simi.

2096 1251 2221 1305 liter
2265 1263 2454 1319 preces
2506 1263 2601 1320 pro
2649 1246 2877 1302 inimicis
2923 1244 3271 1300 fundentem?
3313 1243 3433 1297 audi
3483 1242 3692 1296 beatum

2096 1342 2313 1397 Paulum
2348 1358 2363 1397 :
2394 1351 2674 1412 postquam
2721 1349 3111 1404 enumerasset,
3161 1347 3360 1407 quanta
3410 1349 3692 1407 perpessus

2095 1444 2274 1499 esset;
2307 1449 2429 1488 nam
2469 1434 2564 1497 ait,
2599 1432 2873 1500 Quinquies
2915 1430 3248 1501 quadraginta
3276 1445 3380 1483 una
3405 1429 3572 1483 mimts
3603 1443 3693 1482 ac-

2095 1526 2226 1594 cepi,
2258 1532 2334 1579 ter
2369 1525 2521 1595 virgis
2563 1539 2723 1577 etesiis
2768 1539 2900 1588 sum,
2954 1522 3106 1575 semel
3135 1521 3393 1590 lapidatus
3433 1537 3566 1584 sum,
3623 1530 3694 1572 ter

2104 1617 2432 1689 naufragium
2460 1616 2557 1685 feci
2585 1616 2662 1684 (2.
2693 1613 2811 1670 Cor.
2846 1615 2932 1669 11.
2963 1612 3052 1667 21.
3079 1612 3175 1681 23)
3206 1629 3219 1666 :
3250 1620 3304 1666 et
3329 1625 3450 1665 eum
3478 1624 3693 1681 percen-

2098 1708 2293 1762 suisset
2338 1715 2502 1760 totam
2552 1704 2694 1759 illam
2739 1706 2951 1770 seriem,
2993 1713 3046 1759 et
3074 1703 3289 1758 insidias
3316 1716 3448 1772 quas
3477 1701 3543 1756 ab
3567 1701 3696 1770 ipsis

2098 1796 2334 1867 quotidie
2363 1795 2680 1860 sustinebat,
2715 1794 2861 1849 addit
2886 1804 2939 1848 et
2969 1794 3081 1861 ipse
3114 1813 3125 1846 :
3158 1793 3408 1863 Optabam
3429 1792 3700 1845 anathema

2095 1904 2200 1941 esse
2227 1904 2259 1940 a
2285 1887 2483 1940 Christo
2509 1887 2600 1956 pro
2643 1884 2879 1955 fratribus
2909 1885 3052 1948 meis,
3098 1884 3322 1954 cognatis
3359 1884 3481 1936 meis
3521 1897 3696 1935 secun-

2095 1977 2216 2028 dum
2259 1993 2493 2041 carnem,
2535 1977 2620 2045 qui
2649 1984 2763 2028 sunt
2813 1974 3065 2028 Israelin
3100 1973 3275 2040 (Rom.
3319 1973 3373 2027 9.
3405 1972 3481 2044 5).
3511 1973 3603 2027 Vis
3645 1981 3700 2025 et

2103 2068 2238 2122 alios
2269 2066 2446 2121 videre
2477 2081 2582 2120 non
2623 2082 2686 2119 ex
2718 2080 2878 2128 nom,
2907 2064 2999 2120 sed
3038 2081 3102 2118 ex
3150 2065 3312 2119 veteri
3359 2078 3572 2134 quoque
3596 2062 3698 2117 Tc-

2099 2169 2404 2223 stamenlo,
2447 2159 2535 2228 qui
2586 2157 2725 2211 idem
2769 2157 3051 2210 factitant?
3094 2157 3240 2211 Tunc
3280 2158 3422 2211 enim
3469 2157 3699 2210 maxime

2104 2249 2474 2305 admirandum
2504 2245 2605 2306 est.
2640 2247 2851 2317 quando
2879 2248 2976 2311 illi,
3009 2247 3201 2316 quibus
3227 2263 3329 2301 non
3360 2256 3441 2300 est
3467 2246 3700 2316 impera-

2099 2350 2210 2394 tum
2244 2340 2487 2393 inimicos
2513 2337 2752 2405 diligere,
2785 2338 2878 2392 sed
2918 2339 3130 2392 (:cnlum
3163 2353 3256 2407 pro
3284 2338 3457 2403 oculo,
3490 2346 3545 2392 et
3569 2337 3698 2392 den-

2099 2439 2204 2484 tem
2232 2444 2327 2498 pro
2355 2428 2514 2482 «lente
2548 2428 2740 2497 ejicere
2767 2428 2962 2496 (Exod.
2993 2429 3084 2482 2t.
3117 2430 3207 2483 21.
3239 2427 3356 2498 25),
3384 2440 3438 2484 et
3467 2445 3563 2500 par
3584 2426 3702 2500 pari

2099 2519 2319 2584 referre,
2370 2517 2438 2573 ad
2475 2519 2782 2588 apostolica:
2816 2519 3157 2588 perfectionis
3185 2521 3394 2575 culmen
3443 2521 3699 2578 evadunt.

2109 2611 2244 2666 Audi
2279 2627 2426 2680 ergo,
2457 2611 2578 2680 quid
2611 2611 2754 2665 dicat
2786 2611 3014 2683 Moyses,
3044 2613 3201 2668 toties
3229 2627 3257 2665 τι
3285 2612 3481 2668 Judazis
3510 2611 3699 2683 lapidi-

2102 2702 2202 2756 bus
2234 2701 2539 2770 appetitus:
2573 2700 2632 2754 Si
2670 2701 2880 2755 dimittis
2924 2700 3026 2755 illis
3057 2710 3312 2773 peccalum
3334 2743 3349 2768 ,
3391 2703 3583 2756 dimitte
3616 2705 3702 2756 :si

2101 2809 2213 2847 vero
2243 2809 2362 2858 non,
2392 2791 2502 2846 dele
2529 2803 2574 2846 et
2613 2809 2695 2847 me
2735 2792 2800 2846 de
2841 2791 2989 2857 libro,
3035 2809 3181 2862 quem
3223 2793 3467 2863 scripsisti
3508 2791 3699 2862 (Exod.

2099 2885 2193 2940 52.
2227 2887 2313 2939 51.
2343 2885 2453 2954 52).
2483 2883 2648 2939 Vides
2673 2884 2963 2954 quemlibet
2983 2899 3044 2936 ex
3068 2883 3223 2952 juStis
3252 2883 3480 2938 alienam
3504 2883 3702 2937 securi—

2101 2985 2263 3032 tatem
2298 2976 2650 3046 pru-posuisse
2696 2977 2852 3030 sum?-
2890 2976 3028 3032 Nihil
3058 2977 3284 3046 peccasti
3315 2992 3329 3041 ;
3360 2992 3454 3031 cur
3480 2976 3560 3030 vis
3586 2963 3704 3032 esse

2103 3068 2370 3139 particeps
2393 3068 2686 3138 supplicii?
2714 3068 2828 3124 Non
2857 3070 3054 3134 sentio,
3083 3069 3272 3139 inquit,
3302 3067 3631 3136 felicitatem,
3659 3070 3702 3123 si

2100 3161 2188 3214 alii
2231 3160 2391 3214 rebus
2418 3159 2658 3214 adversis
2698 3161 3088 3215 conﬂictentur.
3120 3161 3412 3215 Possumus
3437 3170 3617 3214 autem
3643 3171 3698 3214 et

2103 3252 2265 3306 alium
2309 3251 2585 3320 reperire,
2633 3251 2721 3320 qui
2766 3250 2994 3305 similem
3039 3250 3401 3320 precationem
3444 3249 3702 3304 instituat.

2106 3344 2233 3397 Data
2259 3342 2401 3397 enim
2444 3355 2608 3410 opera
2639 3341 2802 3397 all'ero
2830 3342 2994 3395 multa
3021 3340 3286 3411 exempla,
3314 3348 3374 3395 ut
3399 3340 3484 3395 vel
3513 3340 3591 3395 sic
3610 3355 3704 3395 nos

2107 3436 2250 3503 ipsos
2288 3435 2642 3504 corrigamus,
2673 3432 2930 3502 gravique
2959 3432 3062 3487 hoc
3092 3432 3279 3487 morbo
3308 3431 3540 3487 animam
3572 3430 3704 3486 libe-

2110 3541 2312 3594 remus,
2341 3539 2534 3595 nempe
2561 3541 2628 3578 ne
2656 3525 2794 3578 mala
2821 3524 3176 3595 imprecemur
3209 3523 3456 3578 inimicis.
3491 3522 3625 3578 Audi
3652 3531 3708 3576 et

2106 3616 2321 3673 beatum
2351 3617 2625 3681 Davidem,
2655 3616 2781 3686 quid
2815 3615 2910 3680 ait,
2936 3616 3046 3670 Deo
3068 3615 3293 3679 irritato,
3324 3622 3379 3668 et
3401 3606 3510 3684 jam
3542 3613 3707 3666 misso

2105 3708 2294 3777 angelo
2321 3705 2411 3776 qui
2432 3706 2822 3761 multitudinem
2846 3707 3056 3775 puniret
3081 3723 3092 3759 :
3114 3705 3300 3759 videns
3318 3705 3563 3774 angelum
3584 3704 3707 3757 stri-

2106 3809 2194 3853 cto
2220 3798 2394 3868 gladio
2417 3799 2761 3862 instructum,
2786 3799 3055 3868 ictumque
3071 3798 3289 3868 jamjam
3313 3799 3660 3852 intentantem
3691 3814 3704 3850 :

2108 3890 2242 3960 Ego,
2275 3889 2466 3958 inquit,
2494 3889 2582 3958 qui
2612 3899 2785 3958 pastor
2807 3905 2940 3953 sum,
2961 3889 3160 3959 peccavi
3191 3904 3210 3943 :
3238 3888 3311 3954 hi,
3337 3888 3422 3958 qui
3443 3903 3552 3941 oves
3568 3896 3704 3952 sunt,

2107 3979 2230 4047 quid
2261 3979 2484 4047 fecerunt
2503 3979 2528 4031 ?
2571 3977 2690 4030 Fiat
2717 3995 2894 4031 manus
2925 3988 3010 4031 tua
3052 3995 3204 4048 super
3237 3995 3333 4043 me,
3363 3989 3409 4032 et
3435 3994 3589 4048 super
3616 3976 3704 4030 do-

2109 4087 2246 4123 mum
2266 4069 2426 4139 patris
2447 4069 2545 4124 mei
2575 4068 2650 4138 (9..
2684 4069 2812 4139 Reg.
2844 4067 2934 4123 24.
2966 4069 3078 4138 17).
3113 4067 3271 4124 Vides
3299 4067 3492 4123 iterum
3513 4065 3707 4122 similia

2110 4162 2371 4232 praeclare
2417 4159 2598 4214 facta?
2626 4159 2706 4213 vis
2733 4169 2788 4214 et
2813 4160 2977 4214 alium
3024 4159 3118 4214 tibi
3146 4158 3421 4214 ostendam
3468 4157 3607 4214 idem
3634 4158 3709 4212 fa-

2109 4252 2341 4307 cientem
2365 4252 2389 4304 ?
2417 4251 2632 4305 Samuel
2664 4250 2919 4320 prepheta
2954 4265 2981 4302 a
3009 4249 3208 4305 Judaiis
3237 4250 3429 4319 injuria
3459 4251 3705 4314 allectus,

2110 4350 2472 4412 contemptus,
2503 4341 2759 4410 rejectus,
2793 4350 2846 4396 et
2875 4349 3018 4396 tanta
3047 4341 3332 4412 ignominia
3365 4352 3575 4396 notatus
3601 4351 3704 4405 est,

2112 4442 2169 4486 ut
2196 4433 2335 4487 Deus
2365 4434 2480 4502 ipse
2509 4433 2557 4487 ei
2605 4430 2806 4502 aliquid
2835 4431 3213 4487 consolationis
3237 4430 3433 4486 aﬁ'erre
3459 4431 3706 4485 voluerit.

2112 4526 2427 4592 Attendite,
2478 4541 2616 4588 oro,
2668 4525 2970 4594 diligenter.
3027 4524 3171 4580 Dixit
3232 4523 3376 4580 enim
3441 4523 3511 4580 ad
3559 4524 3708 4579 illum

2115 4617 2253 4671 Deus
2299 4633 2312 4668 :
2363 4613 2486 4669 Non
2533 4624 2581 4668 te
2626 4616 2935 4686 abjecerunt,
2976 4614 3065 4668 sed
3110 4631 3189 4668 me
3236 4614 3311 4680 (1.
3358 4613 3489 4684 Reg.
3521 4613 3575 4670 8.
3625 4614 3706 4684 7).

2112 4706 2248 4773 Quid
2305 4705 2466 4775 igitur
2513 4705 2639 4769 ille,
2694 4705 2819 4775 quid
2869 4704 3100 4774 rejectus
3145 4703 3353 4770 fuerat,
3403 4703 3707 4770 dedecore.

2113 4811 2419 4871 Cutttemplu
2447 4841 2464 4864 ,
2511 4809 2565 4853 et
2611 4799 2802 4869 injuria
2854 4798 3114 4855 affectus?
3162 4798 3298 4852 Audi
3345 4798 3472 4867 quid
3523 4797 3705 4852 dicat:

2113 4891 2254 4944 Absit
2280 4898 2450 4943 autem
2478 4905 2510 4941 a
2530 4905 2609 4942 me
2641 4890 2736 4942 hoc
2767 4898 3025 4959 peccatum
3047 4889 3100 4943 in
3127 4886 3421 4953 Dominum,
3454 4899 3508 4941 ut
3527 4903 3712 4943 cessem

2115 4997 2260 5035 orare
2287 4997 2377 5052 pro
2402 4981 2537 5034 vobis
2565 4983 2643 5050 (1.
2679 4980 2808 5049 Reg.
2834 4979 2919 5034 12.
2949 4979 3042 5050 25)
3071 4997 3084 5033 :
3116 4987 3395 5050 peccatum
3422 4980 3714 5035 arbitratus
3755 4969 3761 4974 ’

2114 5082 2197 5130 est
2223 5089 2326 5128 non
2358 5088 2512 5128 orare
2542 5088 2639 5142 pro
2665 5073 2912 5127 inimicis.
2961 5072 3112 5127 Absit
3137 5087 3166 5127 a
3195 5087 3308 5137 me,
3343 5074 3530 5143 inquit,
3559 5082 3616 5127 ut
3641 5073 3710 5126 ita

2117 5181 2330 5236 peccem
2354 5206 2368 5228 ,
2402 5175 2460 5218 ut
2487 5164 2724 5218 desinam
2756 5179 2852 5232 pro
2877 5164 3029 5218 vobis
3051 5178 3230 5218 orare.
3259 5162 3420 5218 Vides
3443 5163 3712 5234 quomodo

2115 5257 2340 5327 quilibet
2364 5272 2427 5310 ex
2452 5255 2612 5325 juStis
2639 5255 2797 5324 hujus
2828 5256 3084 5326 praeclare
3116 5252 3241 5310 facti
3272 5255 3596 5325 singularem
3621 5271 3711 5310 cu—

2117 5363 2230 5403 ram
2254 5347 2521 5412 habuerit,
2553 5346 2758 5400 Domini
2783 5347 3016 5416 vestigiis
3038 5346 3330 5401 insistens?
3359 5346 3714 5401 Resumamus

2117 5441 2276 5511 igitur
2301 5440 2366 5493 de
2395 5439 2600 5508 integro
2625 5453 2744 5508 qua:
2773 5438 2916 5494 dicta
2944 5449 3086 5494 sunt.
3121 5438 3379 5494 Dominus
3404 5438 3509 5494 ait:
3535 5438 3708 5499 Pater,

2119 5533 2310 5585 dimitte
2333 5531 2434 5583 illis
2457 5530 2551 5583 hoc
2577 5541 2835 5598 peccatum
2854 5545 2872 5583 :
2893 5545 2992 5583 non
3013 5529 3144 5583 enim
3165 5529 3348 5593 sciunt,
3371 5530 3494 5594 quid
3520 5531 3714 5600 faciunt

2118 5619 2272 5693 (Luc.
2296 5621 2386 5675 23.
2420 5622 2534 5690 54).
2550 5619 2852 5690 Stephanus
2878 5621 3043 5675 dixit:
3069 5621 3302 5687 Domine,
3322 5639 3386 5676 ne
3400 5631 3590 5676 statuas
3609 5621 3713 5676 illis

2117 5715 2211 5766 hoc
2245 5724 2500 5783 peccatum
2532 5712 2669 5783 (Act.
2700 5714 2753 5768 7.
2784 5713 2901 5785 59).
2950 5714 3149 5770 Paulus
3173 5715 3383 5771 dicebat
3412 5715 3713 5786 2~0ptabam

2118 5806 2389 5858 anathema
2436 5819 2540 5858 esse
2582 5820 2612 5855 α
2659 5803 2859 5858 Christo
2901 5820 2995 5875 pro
3031 5807 3270 5877 fratribus
3315 5806 3458 5875 meis,
3487 5787 3718 5876 cognatis

3291 5897 3371 5957 26
