3932 6222
323 281 389 336 Π
1299 294 1390 352 ΑΒ
1426 293 1750 355 POPULUM
1789 303 1880 360 AN

1987 307 2281 369 lelENUM
2346 313 2574 374 HOMIL.
2621 321 2657 375 Ι.
3522 339 3589 395 l8

318 397 399 448 (ia
426 410 541 459 eos.
563 396 653 466 qui
682 407 915 456 mentem
939 401 1214 472 adhibent,
1235 405 1447 463 diabolo
1471 407 1902 479 inexpugnabiles

317 486 534 554 reddit;
561 496 617 545 et
640 496 908 562 tamquam
933 495 1049 566 lyra
1076 511 1289 552 rursum
1314 498 1481 553 multa
1506 513 1629 553 cum
1654 499 1904 568 iucundi-

317 586 426 633 tate
452 578 743 646 delectans,
771 583 1120 642 absurdamm
1147 589 1365 645 morbos
1407 589 1785 660 cogitationum
1808 605 1901 644 so-

318 673 415 741 pit,
449 686 512 727 ac
540 675 759 729 multam
787 692 909 732 cum
952 680 1222 751 voluptate
1248 683 1402 738 nobis
1424 683 1580 739 aﬂ'ert
1602 683 1901 739 utilitatem.

312 764 555 821 Audistis
599 767 759 838 igitur
800 769 962 827 hodie
988 772 1057 829 de
1083 775 1267 831 multis
1304 786 1359 831 et
1401 776 1718 832 necessariis
1744 776 1905 832 rebus

317 855 603 913 Timotheo
640 858 1039 918 disserentem?
1067 865 1277 920 Etenim
1303 866 1369 921 de
1397 866 1817 922 ordinationibus
1839 866 1906 922 ad

312 946 489 1015 ipsum
516 949 750 1019 scripsit,
777 950 963 1008 dicens
992 972 1008 1010 :
1033 953 1221 1009 Manus
1247 957 1346 1011 cito
1373 958 1561 1012 nemini
1582 958 1902 1028 imposuerit,

309 1054 472 1110 neque
494 1044 934 1101 communicaueris
960 1049 1175 1117 peccatis
1194 1050 1371 1104 alienis
1402 1051 1476 1122 (1.
1520 1049 1654 1105 Tim.
1685 1051 1738 1106 5.
1771 1049 1901 1119 22):

314 1140 371 1185 et
395 1131 731 1190 intolerabile
755 1136 875 1191 talis
919 1140 1371 1207 praevaricationis
1410 1141 1703 1209 periculum
1732 1154 1901 1210 expo-

315 1222 442 1288 suit,
477 1223 853 1281 demonstrans
871 1228 1011 1297 quod
1039 1230 1300 1286 malorum
1329 1231 1399 1286 ab
1420 1231 1539 1286 aliis
1567 1240 1901 1301 perpetrato-

311 1328 431 1367 rum
463 1315 781 1392 supplicium
821 1318 910 1373 alii
938 1334 1057 1375 cum
1086 1320 1192 1376 illis
1233 1322 1367 1391 ipsis
1392 1322 1750 1387 sustinebunt,
1780 1323 1903 1392 quia

308 1419 407 1474 per
454 1388 840 1464 ordinationem
888 1411 1211 1481 improbitati
1247 1388 1527 1470 conferunt
1560 1388 1898 1485 potestatem.

309 1493 434 1551 Mox
462 1511 649 1553 rursus
693 1497 865 1569 inquit
892 1519 907 1554 :
938 1500 1069 1556 Vino
1092 1504 1289 1558 modico
1313 1518 1453 1559 utere
1482 1513 1685 1573 propter
1713 1515 1900 1559 stoma-

304 1584 459 1639 chum
486 1595 646 1649 tuum.
667 1597 717 1642 et
737 1589 1018 1659 frequentes
1038 1602 1149 1649 tuas
1173 1595 1491 1662 inﬁrmitates
1520 1594 1569 1666 (1
1575 1595 1678 1651 bid.
1705 1611 1758 1650 v.
1780 1594 1896 1665 25).

307 1675 374 1730 Et
399 1675 467 1732 de
494 1691 772 1736 servorum
803 1682 1152 1752 subiectione,
1181 1694 1237 1742 et
1262 1684 1331 1740 de
1355 1700 1636 1740 avarorum
1664 1687 1889 1752 insania,

303 1776 362 1820 et
384 1766 454 1823 de
478 1767 700 1825 divitum
727 1774 1026 1842 arrogantia
1043 1815 1061 1841 ,
1087 1764 1141 1830 et
1169 1775 1237 1832 de
1262 1777 1442 1831 multis
1470 1778 1589 1832 aliis
1613 1778 1767 1833 nobis
1795 1777 1896 1833 ho-

302 1856 395 1913 die
416 1858 688 1916 disseruit.
714 1861 849 1919 Cum
889 1863 1051 1934 igitur
1084 1866 1263 1921 omnia
1295 1883 1603 1937 percurrere
1645 1883 1749 1924 non
1774 1883 1899 1938 pos-

303 1948 496 2016 simus,
525 1950 650 2018 quid
678 1952 840 2009 vultis
864 1960 1913 2031 ecommemoratisproponenteschari-

302 2039 400 2094 tati
429 2050 621 2097 vestra:
661 2043 942 2100 dicamus?
972 2045 1129 2103 Velut
1168 2049 1310 2105 enim
1350 2050 1401 2104 in
1430 2064 1582 2120 prato
1621 2052 1819 2107 multos
1841 2061 1897 2107 et

300 2131 480 2186 varios
523 2132 680 2188 video
727 2135 968 2192 lectionis
1011 2138 1170 2195 ﬂores
1216 2149 1271 2195 et
1314 2142 1547 2212 amplum
1594 2144 1890 2210 rosarium,

302 2221 501 2276 multas
527 2238 658 2278 vero
686 2225 873 2293 violas,
902 2243 1002 2284 nec
1030 2231 1275 2298 pauciora
1321 2231 1426 2286 lilia
1451 2250 1466 2299 ;
1498 2233 1591 2290 sed
1618 2245 1672 2289 et
1690 2236 1891 2291 varium

302 2311 503 2384 ubique
544 2324 599 2371 et
622 2318 895 2387 copiosum
925 2322 1144 2393 spiritus
1181 2323 1409 2381 fructum
1449 2326 1848 2384 disseminatum
1872 2370 1889 2394 ,

298 2411 358 2456 et
382 2405 600 2458 multam
627 2407 808 2462 odoris
832 2411 1147 2467 suavitatem
1180 2429 1195 2467 :
1227 2414 1333 2470 imo
1361 2430 1488 2471 vero
1525 2432 1628 2469 non
1661 2425 1892 2473 tantum-

299 2491 463 2548 modo
490 2505 717 2563 pratum,
747 2513 933 2553 verum
981 2502 1259 2570 paradisus
1297 2513 1380 2559 est
1403 2504 1696 2561 divinarum
1732 2508 1891 2563 lectio

299 2582 696 2654 Scripturarum
732 2606 746 2643 :
774 2605 880 2643 non
925 2592 1067 2645 enim
1098 2592 1439 2663 fragrantiam
1468 2598 1642 2653 solum
1694 2600 1888 2654 nudam

300 2672 498 2728 habent
526 2676 642 2745 ejus
686 2676 866 2744 ﬂores,
897 2681 991 2736 sed
1019 2692 1072 2738 et
1110 2681 1338 2738 fructum
1360 2728 1376 2751 ,
1404 2688 1493 2756 qui
1523 2689 1755 2744 animam
1784 2707 1886 2745 nu-

299 2765 431 2820 trire
473 2769 659 2835 possit.
705 2770 841 2838 Quid
885 2773 1042 2841 igitur
1071 2774 1139 2830 de
1180 2775 1338 2832 dictis
1379 2777 1435 2832 in
1465 2779 1698 2834 medium
1729 2781 1887 2837 vultis

295 2869 516 2924 agamus
542 2858 742 2914 hodie?
783 2862 942 2917 vultis
980 2865 1118 2933 quod
1146 2867 1383 2923 omnium
1430 2870 1742 2926 vilissimum
1767 2887 1886 2928 esse

296 2945 529 3011 videtur,
577 2959 633 3003 et
665 2950 963 3021 quibusque
1006 2955 1276 3011 intellectu
1321 2957 1651 3028 facillimum,
1701 2962 1801 3019 hoc
1831 2964 1884 3019 in

297 3041 548 3104 prmsenti
572 3043 903 3097 tractemus?
933 3044 1057 3099 Mihi
1084 3062 1276 3117 nempe
1295 3050 1487 3119 placet,
1514 3052 1608 3107 sed
1634 3062 1691 3108 et
1709 3054 1879 3120 vobis,

296 3125 399 3182 hoc
436 3127 573 3184 bene
620 3132 763 3196 novi,
815 3136 1013 3202 pariter
1042 3138 1286 3206 placebit.
1334 3140 1470 3207 Quid
1510 3158 1637 3199 vero
1667 3145 1879 3203 tandem

290 3224 378 3269 est
418 3217 538 3273 aliis
587 3218 836 3276 facilius?
864 3225 988 3293 quid
1035 3235 1212 3282 autem
1255 3229 1395 3284 aliud
1436 3247 1595 3301 quam
1644 3234 1783 3303 quod
1826 3245 1882 3291 et

293 3306 517 3360 cuilibet
559 3309 709 3364 facile
757 3322 809 3366 et
839 3313 980 3368 dictu
1010 3319 1448 3385 compendiosum
1479 3336 1598 3378 esse
1624 3323 1879 3380 videtur?

293 3397 463 3463 Quale
489 3399 700 3468 quidem
730 3402 913 3457 istud?
942 3404 1146 3460 Modico
1169 3408 1283 3462 vino
1308 3419 1446 3464 utere
1465 3423 1669 3481 prapter
1686 3423 1876 3467 stoma-

290 3488 443 3544 chum
490 3498 667 3558 tuum,
705 3503 752 3545 et
797 3495 997 3548 crebras
1046 3498 1366 3565 (egritudines
1405 3510 1537 3555 tuas.
1594 3502 1687 3556 Eia
1719 3504 1877 3574 igitur

290 3595 504 3636 omnem
554 3583 848 3640 orationem
922 3585 976 3641 in
1053 3586 1192 3644 hanc
1255 3590 1622 3661 impendamus
1684 3595 1874 3651 dictio-

289 3685 435 3724 nem.

363 3781 644 3855 Scriptum:
666 3801 826 3841 sacrae
848 3789 925 3842 vel
946 3790 1170 3846 minimae
1191 3795 1443 3849 sententia:
1467 3799 1697 3866 pretiosae
1736 3808 1872 3854 sunt.

288 3872 488 3928 -—-lloc
501 3884 677 3931 autem
710 3875 933 3933 facimus
962 3895 1067 3935 non
1087 3884 1394 3939 ambitionis
1411 3888 1600 3955 gratia,
1631 3906 1802 3959 neque
1821 3893 1871 3948 in

285 3961 515 4018 dicendo
540 3963 805 4022 facultatis
843 3973 1253 4029 ostentationem
1282 3976 1534 4034 exhibere
1564 3982 1871 4039 studentes:

290 4068 397 4107 non
424 4055 566 4109 enim
590 4072 709 4126 qua:
744 4058 990 4115 dicuntur
1009 4073 1188 4119 nostra
1214 4074 1356 4127 sunt.
1384 4068 1478 4123 sed
1504 4085 1623 4138 quae
1649 4072 1874 4141 Spiritus

286 4146 453 4215 gratia
479 4147 741 4205 afﬂaverit
766 4168 780 4204 :
809 4151 903 4207 sed
937 4160 993 4210 ut
1028 4154 1298 4212 auditores
1325 4159 1406 4213 vel
1434 4161 1707 4230 segniores
1731 4165 1875 4219 exci-

288 4247 483 4305 temus,
529 4249 584 4295 et
630 4252 859 4311 quantus
904 4245 973 4299 sit
1016 4245 1409 4316 Scripturarum
1460 4251 1773 4317 thesaurus,
1818 4266 1873 4312 et

282 4329 428 4398 quod
451 4345 625 4402 neque
654 4333 880 4390 liberum
908 4336 976 4391 sit
1003 4353 1175 4408 neque
1218 4349 1390 4397 tutum
1432 4358 1525 4399 eas
1553 4356 1870 4414 praetercur-

285 4435 426 4486 rere,
458 4423 895 4491 persuadeamus.
927 4427 984 4483 Si
1008 4429 1151 4484 enim
1183 4433 1357 4488 tenuis
1383 4432 1498 4490 hmo
1523 4445 1576 4490 et
1618 4451 1872 4507 compen-

282 4513 435 4568 diosa
465 4515 646 4582 dictio,
675 4527 728 4572 et
752 4534 870 4588 qum
911 4520 1045 4575 nihil
1074 4525 1431 4579 necessarium
1459 4528 1639 4582 multis
1676 4529 1870 4585 habere

281 4604 514 4671 videtur,
562 4608 848 4664 multarum
889 4626 1105 4667 causam
1152 4612 1455 4675 divitiarum
1499 4626 1554 4671 et
1596 4619 1869 4677 altissimae

279 4695 631 4766 philosophia:
676 4699 983 4756 occasiones
1032 4702 1187 4761 nobis
1218 4706 1457 4772 praebere
1505 4709 1615 4763 visa
1662 4709 1864 4777 fuerit;

276 4786 448 4844 multo
471 4787 641 4857 magis
670 4790 779 4855 illa,
807 4805 926 4861 quae
971 4802 1026 4847 et
1052 4809 1118 4849 ex
1147 4810 1208 4851 se
1234 4795 1576 4854 domesticam
1602 4810 1871 4858 ostentant

279 4880 527 4948 copiam,
569 4881 792 4938 infinitis
838 4884 1102 4942 thesauris
1156 4890 1638 4949 animadvertentes
1679 4894 1868 4963 imple-

276 4969 433 5025 bunt.
481 4969 645 5041 Igitur
686 4989 787 5030 nec
815 4976 932 5031 illas
960 4978 1210 5047 quidem,
1257 4997 1375 5052 quae
1417 4994 1603 5040 tenues
1629 5001 1748 5041 esse
1772 5003 1869 5055 pu-

275 5071 478 5128 tantur,
502 5063 895 5134 Scripturarum
916 5072 1210 5127 sententias
1222 5083 1708 5143 praetercurramus.
1732 5077 1864 5132 Nam

271 5163 333 5209 et
354 5154 485 5224 ipsa:
505 5154 575 5211 de
596 5156 828 5228 Spiritus
866 5162 1035 5230 gratia
1060 5171 1186 5218 sunt
1213 5182 1229 5219 :
1255 5163 1484 5234 Spiritus
1504 5177 1678 5223 autem
1699 5170 1865 5240 gratia

271 5353 413 5413 _H_unc
440 5353 679 5413 praeterea
702 5350 909 5413 titulum
933 5353 1082 5404 habet
1113 5354 1314 5406 Savilius
1345 5359 1454 5409 sine
1476 5360 1770 5411 disa-imtne.
1797 5371 1861 5413 Ex

271 5408 517 5481 his_porro
540 5411 849 5481 verbishaec
866 5414 1007 5481 titulo
1044 5424 1211 5481 nostro
1236 5408 1492 5471 inserenda
1512 5408 1769 5481 ciiiilius;
1799 5408 1863 5475 '2'};

267 5467 551 5547 Ρηζζεαιξευ
571 5473 728 5547 νςεετί
747 5474 967 5547 ecclesia.
984 5467 1246 5547 Palicagseu
1284 5467 1863 5547 yétin_;e',"‘vo‘é§iiiiiil}"})aii~i

271 5532 530 5597 Antiochia:
541 5535 689 5597 urbis
709 5536 769 5583 ad
790 5544 1020 5587 Orontem
1040 5539 1237 5590 ﬂuvium
1256 5543 1377 5592 sita:
1400 5532 1447 5591 in
1469 5558 1564 5597 (tua
1584 5532 1690 5595 erat
1704 5532 1863 5597 edule;

267 5595 343 5670 sia
365 5593 655 5670 balanti-tem
694 5596 835 5670 dicta,
866 5593 1863 5670 ctiamqueftpostolica,quiaabiaﬁstolis

270 5653 492 5765 innima.
519 5656 632 5706 \idc
656 5671 766 5720 qua:
791 5659 878 5710 hac
909 5661 973 5711 de
1008 5653 1066 5712 r'e
1098 5653 1309 5716 dix'imus
1348 5653 1854 5732 in'ifditfittﬁliana'sii;

303 5748 319 5761 ο
366 5739 382 5764 ο
457 5750 470 5765 ο

267 5728 319 5777 p.
361 5728 441 5765 νη]
457 5750 470 5765 .

2011 430 2298 513 numquam
2347 441 2506 497 parva
2548 438 2605 486 et
2629 432 2767 498 vilis,
2798 436 2892 491 sed
2920 453 3106 509 magna
3135 453 3190 498 et
3230 445 3508 513 mirabilis.
3539 464 3593 509 ct

2009 511 2185 569 dantis
2209 519 2568 578 muniﬁcentia
2596 524 2775 596 digna.
2802 527 2881 584 Ne
2909 530 3070 601 igitur
3090 535 3261 593 otiose
3284 511 3589 610 audiamus.

2008 606 2255 707 quoniam
2273 611 2360 680 qui
2382 616 2715 674 metallorum
2738 629 2930 678 terram
2959 640 3280 700 excoquunt.
3313 606 3589 708 postquam

2010 700 2065 749 in
2086 700 2350 757 caminum
2379 705 2546 774 ipsam
2575 710 2868 781 iniecerint,
2887 732 2992 771 non
3024 728 3224 776 tantum
3252 727 3364 780 auri
3387 744 3588 786 massas

2009 787 2220 853 tollunt,
2250 793 2342 847 sed
2381 809 2433 849 et
2475 812 2664 865 parvas
2694 802 2990 862 bracteolas
3015 811 3178 866 multa
3227 830 3345 869 cum
3390 819 3587 874 seduli-

2010 886 2116 933 tate
2144 883 2417 954 colligunt.
2460 889 2717 956 Quoniam
2750 897 2907 966 igitur
2948 908 3003 954 et
3032 917 3129 958 nos
3157 921 3343 960 aurum
3372 925 3437 963 ex
3462 925 3587 979 apo-

2005 974 2208 1029 stolicis
2235 976 2475 1035 haustum
2507 986 2734 1039 metallis
2771 993 3131 1062 excoquimus,
3164 1013 3268 1050 non
3318 999 3366 1052 in
3412 999 3587 1055 forna-

2005 1076 2123 1117 ccm
2171 1065 2463 1135 iacientes,
2522 1074 2613 1129 sed
2666 1077 2717 1130 in
2771 1080 2961 1137 animae
3006 1096 3198 1140 vestrae
3245 1090 3592 1158 cogitationes

2008 1152 2371 1220 immittcntcs.
2414 1178 2519 1219 non
2563 1165 2827 1224 ﬂammam
2875 1175 3243 1238 accendentcs.
3277 1152 3368 1235 sed
3415 1188 3589 1252 ignem

2006 1248 2224 1315 spiritus
2263 1255 2594 1323 excitantes;
2629 1276 2816 1329 parvas
2841 1265 3001 1320 etiam
3047 1270 3211 1324 micas
3254 1248 3455 1341 magna
3472 1275 3590 1330 dili-

2003 1342 2179 1408 gentia
2230 1344 2559 1414 colligamus.
2611 1350 2759 1407 Licet
2810 1356 2950 1409 enim
3001 1357 3163 1415 breve
3211 1362 3280 1415 sit
3324 1364 3587 1433 verbum,

2004 1430 2167 1484 multa
2202 1441 2375 1490 tamen
2406 1447 2488 1492 est
2532 1440 2698 1498 virtus
2724 1460 2738 1509 ;
2768 1448 3015 1514 quoniam
3063 1458 3115 1503 et
3149 1467 3372 1519 gemmae
3400 1470 3503 1509 non
3535 1456 3588 1512 in

2002 1525 2244 1594 corporis
2289 1531 2449 1596 mole,
2494 1534 2587 1589 sed
2640 1535 2694 1589 in
2741 1548 2944 1594 natura:
2991 1543 3384 1611 pulchritudine
3432 1563 3585 1604 suum

2004 1616 2231 1684 pretium
2283 1621 2301 1653 ι
2344 1620 2560 1687 habent,
2618 1626 2695 1680 sic
2743 1638 2795 1682 et
2847 1630 3143 1687 divinarum
3194 1635 3584 1706 Scripturarum

2002 1704 2179 1760 lectio.
2212 1708 2445 1765 Externa
2467 1716 2661 1784 quippe
2687 1716 2924 1773 doctrina
2948 1723 3140 1778 multas
3164 1704 3373 1793 iactans
3397 1744 3584 1798 nugas,

2000 1806 2052 1852 et
2067 1797 2286 1855 multam
2305 1800 2587 1860 infundens
2602 1809 2928 1864 auditoribus
2954 1812 3274 1881 futilitatem,
3292 1832 3386 1871 eos
3406 1797 3587 1874 vacuis

1998 1891 2222 1945 remittit
2250 1893 2514 1962 manibus,
2558 1897 2761 1953 nullum
2793 1916 2965 1971 neque
2990 1918 3236 1973 magnum
3269 1922 3442 1976 neque
3467 1923 3590 1977 par-

1996 1994 2121 2034 vom
2148 1981 2379 2039 lucratus
2411 1989 2848 2046 emolumentum.
2876 1992 3103 2062 Spiritus
3128 2011 3256 2050 vero
3281 1999 3450 2067 gratia
3477 2012 3583 2052 non

1998 2070 2342 2142 huiusmodi,
2384 2076 2482 2132 sed
2520 2079 2573 2132 in
2614 2082 2936 2137 contrarium
2981 2085 3200 2140 omnino
3244 2103 3340 2156 per
3377 2088 3581 2143 modica

1997 2161 2159 2217 verba
2186 2165 2434 2220 omnibtts
2453 2167 2853 2225 advertentibus
2877 2172 3269 2242 philosophiam
3298 2176 3452 2232 aﬂ'ert
3484 2196 3499 2232 :
3526 2188 3583 2233 et

1997 2253 2177 2309 multis
2213 2269 2356 2324 stupe
2383 2259 2601 2312 verbum
2628 2276 2788 2315 unum
2819 2263 3016 2320 sufticit
3039 2266 3163 2321 hinc
3205 2271 3539 2340 excerpsissc
3561 2313 3576 2338 ,

1996 2354 2055 2399 ut
2082 2349 2244 2402 totius
2282 2349 2404 2405 vitae
2431 2352 2676 2407 viaticum
2704 2354 2951 2411 habeant.

2063 2438 2118 2493 2.
2163 2440 2424 2508 Quoniam
2473 2443 2632 2513 igitur
2674 2453 2817 2501 tanta
2865 2449 3018 2504 adest
3060 2450 3234 2520 copia,
3286 2467 3384 2506 nos
3436 2453 3579 2523 ipsos

1992 2529 2305 2593 excitemus,
2340 2542 2394 2586 et
2424 2533 2564 2602 vigili
2589 2547 2770 2591 mente
2794 2552 2914 2606 quae
2936 2540 3184 2594 dicuntur
3205 2544 3574 2611 suscipiamus:

1988 2619 2057 2671 ad
2086 2634 2329 2688 magnam
2360 2622 2502 2676 enim
2529 2624 2937 2692 profunditatem
2967 2642 3268 2685 sermonem
3296 2631 3576 2690 demittere

1992 2725 2142 2780 paro.
2187 2711 2365 2769 Multis
2390 2715 2531 2769 enim
2558 2718 2717 2771 etiam
2763 2720 3024 2788 superﬂua
3056 2731 3110 2776 et
3133 2724 3573 2792 superabundans

1988 2815 2112 2856 esse
2149 2802 2263 2858 haec
2294 2805 2586 2863 admonitio
2610 2809 3001 2877 quodammodo
3025 2813 3250 2878 videtur,
3282 2816 3420 2885 iique
3449 2816 3571 2871 talia

1986 2892 2174 2948 dicunt
2199 2896 2360 2950 verba
2392 2897 2545 2952 :Non
2594 2914 2689 2968 per
2734 2902 2966 2970 seipsum
3012 2914 3222 2972 poterat
3260 2904 3572 2962 Timotheus

1986 2987 2279 3056 conjicere,
2311 3005 2412 3058 qua
2442 3005 2502 3045 re
2523 2993 2596 3045 uti
2618 3001 2886 3063 oporteret
2906 2996 2950 3061 ³,
2978 3010 3163 3050 verum
3191 3011 3220 3050 a
3243 3007 3569 3067 pmceptore

1985 3077 2191 3134 discere
2230 3083 2612 3152 exspectabat?
2639 3086 2774 3151 Quid
2801 3089 2941 3156 quod
2990 3101 3286 3157 praeceptor
3313 3106 3417 3145 non
3450 3102 3571 3146 tan-

1984 3178 2098 3224 tum
2117 3171 2413 3241 imperavit,
2431 3175 2525 3229 sed
2553 3184 2608 3230 et
2635 3176 2822 3232 litteris
2849 3179 3090 3245 inseruit,
3118 3191 3384 3250 tamquam
3413 3200 3570 3241 aerea:

1982 3263 2264 3329 columnae,
2299 3265 2436 3319 datae
2477 3266 2544 3321 ad
2592 3267 2764 3333 ipsum
2812 3272 3050 3340 epistolae
3092 3273 3435 3343 insculpens;
3467 3291 3568 3331 nec

1982 3354 2193 3409 erubuit
2223 3355 2521 3424 huiusmodi
2548 3372 2634 3413 res
2658 3361 2935 3429 scriptum
2961 3364 3215 3419 mandare
3239 3375 3293 3420 et
3321 3366 3385 3420 ad
3416 3368 3570 3423 disci-

1983 3445 2165 3513 pulum
2191 3446 2398 3515 publice
2424 3447 2673 3518 legendas
2693 3452 2938 3506 mittere?
2959 3452 3025 3509 Ut
3051 3455 3210 3524 igitur
3228 3455 3403 3511 discas
3423 3458 3565 3527 quod

1982 3551 2090 3591 non
2131 3545 2334 3593 tantum
2368 3554 2470 3595 non
2497 3541 2756 3597 redundet
2784 3544 3092 3612 admonitio,
3139 3548 3230 3602 sed
3265 3552 3562 3605 necessaria

1950 3636 2033 3682 “et
2060 3629 2338 3685 utilissima
2362 3632 2465 3698 sit;
2491 3642 2546 3687 et
2568 3649 2673 3688 non
2700 3649 2731 3689 a
2758 3635 2942 3701 Paulo,
2971 3638 3064 3692 sed
3093 3653 3122 3691 a
3149 3638 3377 3709 Spiritus
3395 3643 3563 3711 gratia

1980 3717 2176 3776 factum
2218 3723 2308 3787 sit,
2329 3733 2386 3779 ut
2411 3723 2512 3778 hoc
2536 3740 2641 3780 non
2662 3727 2822 3781 modo
2842 3729 3124 3794 diceretur,
3144 3730 3235 3785 sed
3247 3730 3410 3786 etiam
3424 3732 3549 3787 [itte

1978 3813 2055 3869 ris
2084 3815 2383 3871 traderetur
2409 3826 2461 3872 et
2485 3817 2551 3873 ad
2584 3834 2771 3875 omnes
2801 3832 3044 3892 posteros
3075 3831 3170 3891 per
3199 3822 3334 3878 hanc
3361 3832 3562 3894 episto-

1978 3904 2081 3958 lam
2108 3905 2384 3963 devcniret
2402 3927 2414 3961 :
2434 3908 2498 3962 ad
2529 3909 2695 3979 ipsam
2726 3927 2846 3965 mox
2873 3914 3236 3982 probationem
3263 3917 3556 3971 venit-mus.

1975 3997 2056 4052 Ad
2089 3997 2204 4053 haec
2239 4000 2380 4054 enim
2411 4000 2479 4055 de
2500 4001 2602 4056 alia
2641 4018 2853 4073 quoque
2882 4019 2941 4059 re
2984 4019 3088 4059 non
3120 4006 3295 4060 minus
3321 4007 3564 4063 dubitant

1976 4089 2188 4158 quidam
2238 4091 2373 4145 intra
2420 4107 2481 4147 se
2529 4106 2848 4162 quzcrentes,
2880 4111 2981 4165 qua
3025 4097 3091 4150 de
3117 4113 3273 4153 causa
3319 4100 3562 4168 permisit

1974 4177 2118 4234 Deus
2147 4181 2315 4235 virum
2358 4190 2558 4237 tantam
2583 4182 2865 4240 habentem
2899 4197 3233 4256 potestatem,
3259 4191 3411 4259 cuius
3438 4207 3560 4247 ossa

1972 4278 2027 4323 et
2069 4272 2307 4342 reliquias
2330 4273 2603 4330 daemones
2646 4277 3000 4346 expellerent,
3034 4282 3087 4335 in
3117 4290 3314 4336 tantam
3345 4284 3561 4353 a-gritu-

1973 4364 2152 4419 dinem
2194 4366 2447 4423 incidere.
2497 4368 2614 4423 Non
2667 4371 2808 4424 enim
2860 4372 3052 4429 leviter
3094 4375 3417 4445 :Bgrotabat,
3462 4378 3557 4433 sed

1972 4458 2254 4523 continue,
2282 4460 2375 4515 sed
2405 4461 2627 4517 alternis
2654 4472 2711 4519 et
2750 4463 2964 4535 iugibus
3012 4466 3426 4528 infirmitatibus,
3458 4485 3558 4525 nec

1971 4550 2248 4605 minimum
2265 4551 2477 4619 quidem
2496 4553 2667 4621 ipsum
2691 4557 2954 4624 reSpirare
2972 4555 3382 4626 indulgentibus.
3407 4558 3561 4616 Unde

1971 4639 2074 4696 hoc
2117 4643 2496 4698 manifestum?
2524 4643 2601 4698 Ex
2643 4645 2772 4714 ipsis
2814 4647 2959 4700 Pauli
3009 4647 3205 4703 verbis.
3251 4648 3367 4702 Non
3415 4651 3556 4704 enim

1969 4732 2104 4788 dixit
2131 4751 2145 4786 :
2177 4735 2401 4805 Propter
2425 4738 2813 4807 tngritndinem,
2837 4740 2929 4795 sed
2958 4739 3176 4808 Pmpter
3199 4742 3551 4813 (egritudines:

1970 4838 2144 4894 neque
2170 4827 2501 4896 simpliciter,
2548 4829 2772 4898 Propter
2800 4832 3164 4898 infirmitates,
3196 4833 3289 4888 sed
3319 4833 3552 4902 ipsarum

1969 4918 2419 4974 continuationem
2467 4921 2771 4991 signiﬁcans
2817 4922 3045 4988 dicebat,
3094 4923 3402 4992 Frequentes
3440 4935 3553 4980 tuas

1967 5008 2305 5075 inﬁrmitates.
2357 5012 2587 5065 Audiant
2632 5012 2721 5083 qui
2766 5013 3016 5068 diuturno
3056 5015 3232 5071 traditi
3264 5017 3550 5087 languori,

1968 5115 2110 5171 aegre
2151 5104 2327 5157 ferunt
2363 5112 2417 5158 ct
2443 5105 2621 5159 animo
2649 5108 2954 5162 concidunt.
2997 5108 3110 5163 Non
3152 5111 3322 5165 solum
3370 5120 3550 5167 autem

1968 5192 2071 5247 hoc
2117 5203 2201 5248 est
2242 5196 2383 5265 quod
2433 5197 2712 5266 quaeritur,
2761 5201 2901 5268 quod
2944 5215 3064 5254 cunt
3109 5212 3252 5257 esset
3298 5211 3548 5269 sanctus,

1967 5286 2275 5353 aegrotabat,
2326 5295 2379 5341 ct
2429 5288 2508 5343 sic
2555 5287 2862 5360 frequenter
2909 5292 3216 5363 aegrotabat,
3248 5292 3339 5347 sed
3387 5294 3549 5349 etiam

1966 5377 2107 5445 quod
2131 5379 2335 5445 publica
2359 5380 2539 5435 mundi
2561 5382 2772 5451 negotia
2801 5382 2899 5452 ipsi
2916 5392 3071 5437 erant
3088 5383 3308 5436 credita.
3327 5382 3381 5438 Si
3404 5385 3546 5438 enim

1969 5482 2106 5521 unus
2133 5477 2277 5524 esset
2303 5471 2534 5537 illorum,
2565 5474 2654 5541 qui
2685 5472 2737 5527 in
2769 5475 3029 5528 montium
3056 5474 3282 5527 vertices
3307 5487 3546 5530 set-csse-

1966 5568 2108 5624 runt,
2155 5560 2291 5614 etin
2340 5562 2625 5618 solitudine
2671 5563 2888 5619 cellulas
2930 5575 3330 5634 compegerunt,
3384 5575 3436 5620 et
3478 5569 3547 5622 ab

2029 5671 2049 5747 ξ
2083 5670 2166 5747 Alii
2192 5684 2205 5721 :
2234 5672 2443 5747 Brittium
2461 5681 2505 5724 et
2529 5676 2692 5747 decus.
2888 5738 2901 5747 _
3094 5736 3124 5747 __

2029 5734 2049 5767 ⁸
2082 5733 2168 5783 Alii
2193 5748 2206 5783 :
2233 5734 2495 5788 Timotheus
2516 5739 2755 5797 cornicem
2774 5738 2901 5797 quod
2925 5749 3033 5788 rma
3055 5736 3124 5788 uti
3142 5745 3343 5798 oportet.
