3932 6222
376 290 443 346 19
1081 289 1136 346 S.
1178 289 1452 346 JOANNIS
1486 285 1971 346 CHRYSOSTOMI-
2005 283 2323 341 ARCIIIEP.
2365 279 2896 341 CONSTANTINOP.
3575 280 3666 336 ΞΟ·

372 399 679 470 bujusmodi
697 399 925 470 negotiis
944 399 1170 456 alienam
1196 402 1353 456 vitam
1371 403 1664 471 elegerunt,
1690 415 1794 455 non
1815 408 1961 454 esset

374 501 480 545 tam
507 490 724 546 dubium
751 490 894 560 quod
939 491 1194 561 quaeritur
1221 509 1234 544 :
1269 492 1319 545 in
1350 490 1582 545 medium
1612 505 1740 546 vero
1765 503 1958 560 prove-

372 593 540 648 ctum,
570 591 627 637 et
657 591 734 636 tot
762 581 1120 636 Ecclesiarum
1140 596 1293 636 curas
1315 579 1596 636 habentem
1626 579 1877 645 creditas,
1905 588 1962 635 et

376 673 536 728 urbes
566 682 703 726 totas
732 681 788 727 et
814 683 1002 744 gentes
1030 682 1084 728 et
1123 682 1289 726 totum
1319 683 1580 727 terrarum
1609 673 1790 725 orbem
1816 681 1960 725 tanta

373 778 498 818 eum
543 764 826 818 sedulitate
852 773 906 817 et
929 763 1102 818 studio
1128 763 1606 825 administrantem,
1639 762 1963 816 inﬁrmitatis

376 857 682 910 necessitati
715 855 962 910 traditum
1007 871 1147 923 esse,
1180 855 1280 910 hoc
1305 867 1384 911 εει
1414 856 1556 926 quod
1583 857 1812 911 maxime
1856 871 1961 910 non

377 947 885 1000 animadvertentem
925 947 1142 1000 omnino
1171 947 1223 1000 in
1250 956 1522 1016 stuporem
1568 961 1725 1015 agere
1765 955 1961 1015 pmest.

381 1039 493 1092 Etsi
523 1040 662 1092 enim
693 1054 796 1092 nou
828 1048 1044 1108 propter
1063 1053 1142 1104 se,
1169 1039 1360 1092 saltem
1389 1047 1602 1106 propter
1630 1037 1763 1091 alios
1791 1037 1963 1107 ipsum

379 1131 558 1185 valere
583 1132 882 1200 oportebat.
913 1129 1206 1198 Imperator
1230 1139 1346 1184 erat
1365 1131 1595 1198 optimus
1628 1147 1642 1182 :
1674 1129 1868 1184 bellum
1896 1129 1965 1183 ab

379 1237 444 1276 eo
495 1225 784 1291 gerebatur
830 1238 935 1277 non
983 1231 1166 1276 contra
1213 1222 1454 1276 inﬁdeles
1501 1231 1724 1287 tantum,
1774 1221 1866 1276 sed
1911 1229 1966 1274 et

378 1322 563 1365 contra
608 1312 881 1366 daemones
920 1321 974 1366 et
1011 1323 1192 1366 contra
1238 1312 1408 1380 ipsum
1459 1311 1725 1366 diabolum
1756 1329 1768 1364 :
1802 1311 1966 1365 multa

379 1419 498 1457 cum
530 1403 864 1459 vehementia
897 1405 1078 1460 hostes
1095 1419 1282 1458 omnes
1306 1405 1670 1473 imminebant,
1698 1405 1965 1472 dissipan-

381 1507 461 1550 tes
487 1498 780 1552 exercitum
811 1507 866 1552 et
908 1500 958 1551 in
986 1499 1342 1567 captivitatem
1388 1499 1698 1563 trahentes;
1730 1498 1816 1551 htc
1841 1512 1968 1552 vero

382 1590 614 1646 inﬁnitos
641 1591 707 1644 ad
737 1591 1014 1644 veritatem
1047 1590 1300 1645 reducere
1324 1599 1551 1659 poterat,
1579 1599 1630 1643 et
1656 1589 1964 1658 :rgrotabat.

385 1679 496 1735 Etsi
529 1684 693 1748 enim,
741 1683 927 1751 inquit,
973 1684 1171 1736 nullum
1217 1690 1469 1750 praeterea
1499 1682 1748 1734 damnum
1774 1695 1834 1734 ex
1869 1680 1970 1734 hac

384 1773 694 1828 infirmitate
726 1774 883 1827 rebus
914 1773 1228 1838 inferretur,
1259 1788 1319 1828 ea
1369 1773 1481 1841 ipsa
1520 1773 1628 1825 sola
1675 1771 1861 1824 fidi-les
1886 1769 1966 1839 pi-

380 1865 589 1932 griores
614 1873 668 1919 et
697 1864 1014 1932 torpidiores
1048 1864 1272 1918 reddere
1300 1873 1524 1934 poterat.
1553 1862 1683 1916 Nam
1710 1861 1752 1914 si
1775 1860 1970 1915 milites

385 1957 576 2011 ducem
635 1971 788 2010 suum
839 1957 976 2010 lecto
1029 1956 1300 2010 detentum
1350 1966 1651 2017 cernentes,
1697 1953 1968 2022 segniores

386 2046 520 2100 fiunt
549 2056 601 2101 et
648 2047 714 2100 ad
755 2061 982 2116 pugnam
1017 2046 1312 2111 tardiores;
1345 2045 1514 2099 multo
1542 2044 1708 2114 magis
1733 2061 1828 2116 par
1855 2052 1970 2099 erat

385 2147 440 2191 et
469 2137 676 2200 fideles,
703 2149 1081 2208 praeceptorem
1105 2145 1224 2206 post
1251 2146 1328 2191 tot
1349 2138 1496 2205 signa
1512 2151 1734 2205 operum
1759 2136 1970 2190 intuen-

384 2238 466 2284 tes
490 2231 740 2284 continue
767 2238 1109 2300 a‘grotantem
1138 2238 1191 2284 et
1215 2230 1454 2299 corporis
1493 2229 1681 2284 morbo
1719 2229 1969 2283 laboran-

385 2331 515 2388 tem,
548 2322 836 2376 bun‘tanum
882 2323 1132 2392 quiddam
1176 2337 1296 2378 esse
1341 2335 1641 2391 perpessos.
1691 2320 1799 2375 Nec
1841 2336 1970 2376 vero

385 2413 500 2467 haec
544 2423 765 2477 tantum,
809 2412 902 2468 sed
935 2423 988 2468 et
1015 2413 1157 2468 aliud
1188 2413 1437 2484 quiddam
1489 2412 1791 2466 dubitantes
1820 2426 1968 2480 quae-

386 2515 526 2568 runt,
551 2521 652 2575 qua
679 2506 746 2560 dc
763 2522 920 2560 causa
940 2521 1150 2560 rursum
1175 2520 1348 2574 neque
1370 2520 1428 2559 se
1447 2505 1581 2573 ipse,
1610 2519 1781 2573 neque
1805 2505 1970 2573 ipsius

388 2608 682 2666 praeceptor
708 2598 777 2650 ita
804 2597 1106 2651 confectum
1132 2597 1366 2650 curavit:
1389 2596 1482 2650 sed
1504 2606 1742 2650 mortuos
1759 2596 1968 2664 quidem

387 2688 738 2751 suscitabant,
772 2697 824 2741 et
851 2687 1122 2741 dmmones
1165 2703 1230 2741 ex
1243 2687 1528 2756 pellebant,
1560 2695 1614 2741 et
1643 2697 1866 2742 mortem
1894 2673 1983 2740 fa?

388 2779 489 2833 cile
520 2779 821 2844 vincebant,
864 2794 1029 2833 unum
1076 2793 1205 2832 vero
1232 2792 1424 2846 corpus
1471 2787 1728 2847 aegrotum
1757 2793 1862 2832 non
1891 2777 1972 2832 in-

390 2869 702 2921 staurabant
732 2886 744 2922 :
777 2876 832 2922 et
855 2869 944 2938 qui
991 2869 1042 2923 in
1090 2868 1277 2923 alienis
1303 2869 1616 2936 corporibus
1656 2879 1711 2923 et
1734 2870 1971 2925 viventes

387 2967 444 3012 et
487 2959 678 3012 mortui
731 2968 928 3012 tantam
975 2960 1264 3015 exhibuere
1303 2962 1588 3026 virtutem,
1640 2960 1970 3014 stomachum

389 3049 596 3118 lapsum
627 3064 730 3102 nou
762 3049 1073 3103 relevabant
1097 3067 1110 3104 :
1136 3059 1192 3104 et
1216 3050 1354 3119 quod
1383 3049 1554 3120 majus
1596 3059 1698 3115 est,
1739 3065 1844 3104 non
1875 3065 1972 3104 ve-

389 3150 538 3192 retur
565 3154 662 3192 nec
690 3139 957 3193 erubescit
984 3139 1178 3193 Paulus
1205 3150 1324 3208 post
1352 3147 1429 3194 tot
1457 3151 1508 3193 et
1536 3140 1657 3194 talia
1685 3140 1831 3210 signa
1853 3155 1972 3210 quae

388 3231 472 3284 vel
506 3231 645 3284 nudo
675 3230 915 3298 praestitit
957 3231 1139 3297 verbo,
1171 3231 1451 3286 Timotheo
1479 3231 1732 3297 scribere,
1760 3241 1817 3287 ut
1843 3247 1972 3287 con-

392 3321 555 3392 fugiat
581 3321 647 3374 ad
670 3322 776 3375 vini
801 3319 1081 3376 medelam.
1109 3322 1225 3377 Non
1250 3322 1392 3392 quod
1413 3321 1592 3377 vinum
1614 3323 1797 3378 bibere
1819 3333 1973 3392 turpe

389 3417 506 3468 sit:
540 3414 696 3477 absit,
741 3414 854 3468 huic
898 3423 1024 3468 sunt
1069 3413 1214 3468 enim
1260 3413 1630 3470 haereticorum
1672 3424 1969 3484 prmcepta;

391 3504 482 3557 sod
510 3504 650 3574 quod
678 3504 912 3558 dedecus
940 3520 1061 3559 esse
1083 3520 1187 3559 nou
1209 3511 1441 3576 putaret,
1465 3521 1570 3560 non
1598 3521 1754 3574 posse
1773 3505 1973 3575 absque

391 3595 534 3648 illius
579 3594 775 3648 auxilio
806 3611 969 3649 unum
1000 3596 1247 3650 laborans
1277 3597 1574 3650 membrum
1605 3598 1830 3666 erigere.
1866 3597 1994 3652 νε·-

391 3687 790 3741 rumenimvero
813 3695 1014 3741 tantum
1037 3688 1206 3742 abfuit
1231 3699 1282 3742 ut
1307 3689 1373 3742 de
1397 3689 1497 3742 hoc
1523 3689 1884 3756 erubesceret,
1915 3699 1975 3744 ut

391 3787 446 3834 et
474 3779 719 3832 omnibus
751 3780 981 3848 posteris
1008 3780 1108 3834 hoc
1146 3779 1332 3834 fecerit
1370 3780 1726 3835 manifestum.
1770 3782 1973 3838 Videtis

391 3873 443 3924 in
472 3879 724 3940 quantam
764 3887 1065 3926 sermonem
1097 3874 1300 3942 egimus
1343 3873 1800 3942 profunditatem?
1843 3891 1974 3945 quo-

393 3962 552 4016 tundo
583 3962 722 4032 quod
755 3978 974 4032 parvum
1006 3979 1124 4020 esse
1157 3964 1382 4028 videtur,
1408 3965 1697 4020 innumeris
1726 3968 1975 4036 qumstio—

392 4054 549 4108 nibus
597 4053 856 4108 scaturit?
884 4055 978 4108 Eia
1026 4055 1184 4125 igitur
1211 4064 1265 4109 et
1307 4056 1622 4111 solutionem
1667 4056 1971 4112 aﬂ‘eramus.

392 4146 597 4200 idcirco
630 4146 772 4199 enim
799 4146 866 4200 ad
899 4145 1062 4199 imum
1102 4147 1493 4210 descendimus,
1524 4156 1585 4202 ut
1625 4156 1857 4204 mentem
1885 4163 1975 4203 ve-

392 4248 557 4292 stram
603 4238 914 4303 excitantes,
946 4237 997 4290 iu
1032 4246 1144 4291 tuto
1171 4253 1360 4294 sensus
1383 4240 1724 4294 collocemus.

463 4331 515 4384 3.
544 4328 861 4383 Coueedatis
889 4337 1065 4383 autem
1111 4329 1269 4396 mihi,
1297 4345 1500 4399 quaeso,
1536 4331 1844 4400 priusquam
1889 4329 1974 4385 his

391 4418 773 4489 quzestionibus
794 4419 1109 4473 solutionem
1139 4419 1374 4484 afferam,
1397 4420 1591 4490 aliquid
1616 4419 1683 4475 de
1712 4420 1974 4476 Timothei

391 4512 586 4565 virtute
611 4518 665 4564 et
689 4524 814 4563 cura
841 4510 990 4564 Pauli
1013 4509 1208 4566 dicere.
1232 4510 1367 4578 Quid
1389 4512 1528 4565 enim
1552 4511 1643 4565 illo
1668 4511 1768 4566 fuit
1792 4528 1976 4566 amau-

394 4602 519 4663 tiue,
549 4600 637 4670 qui
669 4609 814 4654 tanto
839 4601 1032 4654 absens
1067 4601 1344 4655 intervallo
1383 4611 1436 4656 et
1479 4610 1555 4656 tot
1585 4601 1976 4657 circumventus

396 4692 643 4760 negotiis,
676 4706 771 4760 pro
800 4691 1059 4745 stomachi
1088 4693 1314 4746 sanitate
1346 4692 1588 4762 discipuli
1618 4702 1814 4747 tantam
1846 4708 1971 4762 pro-

398 4785 686 4838 videntium
716 4785 967 4854 gerebat,
997 4795 1050 4840 et
1079 4801 1198 4840 cum
1226 4785 1506 4841 sedulitate
1544 4786 1612 4841 de
1640 4786 1810 4840 morbi
1857 4801 1976 4841 cor-

393 4877 637 4930 rectione
667 4874 972 4929 scribebat?

470 4965 714 5018 Timothei
766 4964 945 5018 virtus.
1000 4994 1071 5004 —
1119 4964 1381 5020 Timothei
1439 4980 1566 5021 vero
1616 4967 1794 5020 virtuti
1850 4965 1975 5035 quid

394 5058 634 5128 a-quale?
661 5057 748 5112 Sic
769 5057 988 5113 delicias
1011 5058 1409 5127 aspernabatur,
1435 5067 1488 5113 et
1515 5060 1709 5113 lautam
1737 5074 1974 5114 mensam

395 5150 689 5213 deridebat,
715 5158 773 5203 ut
800 5149 852 5204 in
879 5149 1120 5204 morbum
1143 5165 1209 5204 ex
1236 5150 1405 5204 victus
1427 5153 1710 5218 aSperitate
1736 5160 1787 5204 et
1813 5151 1977 5205 nimio

394 5243 609 5295 caderet
631 5241 855 5309 jejunio.
877 5241 1029 5308 Quod
1056 5243 1196 5296 enim
1220 5235 1405 5295 natura
1429 5241 1545 5294 talis
1567 5256 1671 5293 non
1694 5252 1854 5306 esset,
1884 5242 1976 5296 sed

393 5334 594 5402 jejunio
619 5342 674 5390 et
697 5349 846 5404 aquae
872 5345 997 5404 potu
1026 5334 1282 5389 stomachi
1309 5335 1414 5387 vim
1441 5343 1779 5403 prostrasset,
1806 5335 1976 5403 ipsum

401 5425 623 5480 Paulum
672 5425 953 5495 diligenter
1001 5427 1101 5481 hoc
1149 5425 1572 5480 manifestantem
1615 5425 1811 5479 audite.
1861 5425 1977 5480 Non

397 5517 538 5571 enim
569 5518 881 5588 simpliciter
911 5519 1042 5574 dixit
1072 5519 1245 5574 :Vino
1271 5519 1479 5574 modico
1519 5527 1667 5574 utere
1692 5537 1704 5572 :
1733 5519 1824 5573 Sed
1856 5533 1978 5574 cum

400 5611 541 5676 prius
567 5608 808 5673 dixisset,
856 5609 982 5665 Noli
1011 5611 1177 5664 adhuc
1215 5627 1400 5681 aquam
1435 5611 1598 5666 bibere
1634 5612 1711 5681 (1.
1755 5610 1891 5666 Tim.
1921 5612 1974 5666 5.

396 5699 492 5766 25)
515 5741 528 5767 ,
563 5711 687 5756 tunc
713 5701 926 5759 bibendi
958 5704 1064 5759 viui
1090 5703 1371 5761 consilium
1403 5703 1597 5761 attulit.
1633 5703 1764 5760 lllud
1795 5713 1971 5761 autem

2069 397 2256 461 adhuc,
2291 395 2510 451 verbum
2537 402 2620 450 est
2647 393 3014 464 signiﬁcantis,
3041 391 3188 464 quod
3205 407 3440 466 eousque
3458 409 3654 466 aquam

2066 487 2300 553 bibebat,
2323 496 2378 542 et
2402 495 2684 556 pr0pterea
2709 485 2990 542 imbecillis
3015 485 3104 539 sit.
3131 484 3261 552 Quis
3289 501 3392 540 non
3420 485 3654 542 admiren-

2066 585 2154 632 tur
2203 578 2367 645 ipsius
2409 577 2797 648 phil050phiam
2839 585 2893 631 et
2942 576 3314 645 diligentiam?
3341 577 3488 646 Ipsos
3527 578 3668 632 atti»

2067 685 2150 740 ge.
2163 680 2216 723 at
2254 671 2446 734 oculos,
2475 669 2539 724 ad
2568 671 2785 724 virtutis
2823 669 3032 725 culmen
3063 678 3378 738 pervenerat
3415 687 3428 723 :
3461 678 3515 724 et
3539 669 3664 726 haec

2069 762 2178 831 ipsi
2202 770 2497 830 praeceptor
2535 769 2820 816 attestatur
2856 761 2936 815 sic
2967 760 3155 814 dicens
3187 778 3200 813 :
3236 759 3357 815 Misi
3385 759 3521 814 vobis
3559 758 3658 813 Ti-

2070 852 2358 920 motheum,
2389 852 2475 921 qui
2505 861 2580 906 est
2606 852 2744 921 ﬁlius
2783 867 2923 905 meus
2943 850 3155 905 dilectus
3183 861 3230 904 et
3257 851 3424 920 ﬁdelis
3452 852 3505 904 in
3543 849 3658 904 Do-

2069 943 2206 998 mino
2237 942 2312 1014 (1.
2363 941 2480 997 Cor.
2513 942 2568 998 4.
2614 943 2723 1012 17).
2767 941 2988 1007 Quando
3026 950 3204 996 autem
3243 941 3438 996 Paulus
3484 941 3658 1007 ipsum

2069 1045 2222 1093 vocat
2253 1036 2444 1102 ﬁlium,
2475 1045 2529 1091 et
2555 1035 2719 1090 ﬁlium
2749 1035 3001 1090 dilectum
3030 1042 3086 1090 et
3104 1034 3336 1102 ﬁdelem,
3362 1033 3477 1088 hazc
3495 1034 3663 1106 verba

2071 1145 2285 1186 omnem
2315 1129 2478 1199 ipsius
2507 1129 2758 1183 virtutem
2788 1127 3156 1182 demonstrare
3191 1125 3482 1182 sufﬁciunt.
3521 1125 3659 1181 San-

2071 1231 2278 1276 ctorum
2303 1220 2444 1274 enim
2466 1219 2663 1289 judicia
2682 1232 2780 1273 nec
2799 1217 2864 1271 ad
2885 1218 3106 1287 gratiam
3129 1231 3228 1272 nec
3243 1215 3306 1271 ad
3330 1216 3662 1270 inimicitiam

2072 1314 2224 1377 ﬁunt,
2258 1309 2353 1367 sed
2390 1313 2458 1366 ab
2486 1311 2634 1366 omni
2668 1319 2793 1365 sunt
2819 1318 3142 1379 praesumpta
3169 1308 3425 1378 opinione
3464 1308 3658 1362 libera.

2071 1405 2187 1460 Non
2219 1404 2406 1459 fuisset
2451 1411 2559 1457 tam
2589 1402 2778 1457 beatus
2815 1400 3152 1467 Timotheus,
3201 1399 3246 1453 si
3275 1398 3422 1453 Pauli
3462 1398 3602 1452 ﬁlius
3631 1412 3665 1452 ι

2073 1507 2260 1552 natura
2288 1496 2494 1561 fuisset,
2527 1510 2685 1564 quam
2722 1509 2866 1548 nunc
2893 1503 2976 1548 est
3000 1491 3332 1547 admirabilis
3361 1509 3374 1545 :
3407 1491 3665 1562 quoniam

2074 1589 2363 1644 secundum
2393 1603 2608 1644 carnem
2650 1585 2784 1655 nihil
2811 1585 2876 1639 ad
2924 1586 3096 1654 ipsum
3145 1584 3409 1652 attinens,
3446 1599 3541 1653 per
3566 1597 3672 1637 co-

2074 1682 2378 1750 gnationem
2406 1695 2525 1748 quae
2562 1688 2644 1734 est
2684 1677 2979 1733 secundum
3017 1675 3364 1745 religionem,
3398 1676 3448 1728 in
3495 1675 3669 1744 ipsius

2076 1791 2134 1829 se
2180 1774 2520 1844 adoptionem
2573 1772 2810 1833 induxit,
2866 1785 2986 1824 cum
3041 1768 3322 1823 sedulitate
3371 1766 3670 1836 disciplinas

2079 1866 2220 1922 illius
2247 1865 2582 1920 characteres
2612 1865 2663 1918 in
2692 1863 2942 1918 omnibus
2969 1876 3207 1917 servans.
3234 1860 3384 1915 Sicut
3409 1860 3550 1914 enim
3583 1859 3670 1912 vi-

2078 1960 2218 2012 tulus
2245 1967 2393 2012 tauro
2431 1955 2776 2026 conjugatus,
2805 1955 2883 2008 sic
2914 1954 3096 2024 jugum
3138 1967 3258 2006 cum
3298 1952 3389 2005 illo
3421 1950 3671 2004 trahebat

2077 2050 2270 2120 ubique
2299 2059 2583 2114 terrarum,
2607 2057 2661 2102 et
2686 2047 2853 2102 nihilo
2883 2054 3101 2116 pr0pter
3124 2053 3334 2098 aetatem
3358 2042 3665 2108 deﬁciebat,

2077 2143 2170 2198 sed
2203 2143 2469 2207 studium,
2499 2151 2556 2196 ut
2597 2156 2716 2196 cum
2751 2138 3094 2208 prreceptoris
3133 2135 3404 2190 laboribus
3439 2143 3670 2189 conten-

2074 2233 2245 2296 deret,
2279 2232 2584 2302 praestabat.
2618 2231 2686 2285 Et
2711 2230 2903 2284 horum
2932 2228 3085 2283 testis
3114 2242 3301 2282 rursus
3329 2227 3442 2296 ipse
3470 2225 3670 2280 Paulus

2075 2327 2152 2379 sic
2173 2324 2358 2378 dicens
2381 2341 2395 2376 :
2426 2325 2590 2377 Nemo
2621 2325 2783 2394 ipsum
2807 2315 3130 2386 contemnat;
3153 2337 3278 2391 opus
3303 2321 3433 2373 enim
3460 2319 3668 2372 Domini

2076 2428 2331 2484 operatur,
2367 2418 2494 2471 sicut
2522 2425 2571 2469 et
2602 2433 2693 2486 ego
2733 2415 2808 2486 (1.
2834 2414 2950 2469 Cor.
2997 2413 3084 2467 16.
3119 2411 3206 2466 10.
3242 2411 3352 2481 11).
3390 2411 3579 2465 Vidisti
3606 2419 3669 2465 ut

2075 2511 2294 2564 omnino
2319 2509 2522 2578 :equale
2560 2509 2792 2563 studium
2822 2508 2922 2578 ipsi
2959 2507 3276 2561 attestetur?
3315 2505 3432 2559 Mox
3459 2521 3525 2560 ne
3550 2505 3670 2558 haec

2075 2600 2140 2653 ad
2167 2600 2391 2670 gratiam
2435 2599 2615 2653 dicere
2640 2599 2908 2663 videatur,
2947 2598 3090 2666 ipsos
3121 2595 3391 2649 auditores
3434 2593 3527 2648 ﬁlii
3555 2596 3667 2648 vir—

2076 2694 2202 2746 tutis
2253 2701 2415 2747 testes
2456 2690 2603 2752 facit,
2645 2691 2724 2745 sic
2769 2690 3014 2759 inquiens
3055 2706 3068 2741 :
3105 2686 3462 2740 Probationem
3497 2695 3679 2738 autem

2074 2784 2234 2853 ipsius
2264 2783 2442 2846 nostis,
2463 2781 2598 2851 quod
2635 2790 2891 2850 tamquam
2915 2779 3046 2848 patri
3071 2778 3307 2847 ﬁlius,sic
3333 2791 3526 2830 mecum
3553 2791 3662 2829 ser-

2074 2879 2191 2931 vivit
2231 2871 2287 2930 in
2337 2876 2596 2947 evangelio
2634 2892 2653 2928 :
2696 2874 3055 2942 experientiam
3093 2889 3180 2925 eos
3220 2871 3426 2940 cepistis
3470 2869 3674 2923 virtutis

2074 2968 2239 3038 ipsius
2267 2977 2313 3020 et
2337 2969 2561 3036 probata:
2581 2966 2764 3018 animos
2793 2962 3044 3033 (Philipp.
3071 2962 3124 3015 2.
3146 2962 3261 3029 2?).
3290 2961 3674 3016 Vet'tnntamen

2075 3075 2195 3115 cum
2235 3059 2300 3113 ad
2343 3067 2540 3112 tantam
2585 3057 2884 3111 ofﬁciorum
2927 3055 3258 3109 altitudinem
3303 3052 3667 3115 ascendisset,

2075 3168 2250 3224 neque
2265 3152 2344 3207 sic
2369 3150 2702 3214 conﬁdebat,
2733 3148 2828 3203 sed
2845 3149 2895 3202 in
2919 3148 3189 3202 anxietate
3206 3145 3368 3200 animi
3390 3154 3506 3200 erat
3529 3153 3583 3199 et
3609 3144 3663 3198 in

2076 3245 2268 3300 timore
2295 3263 2307 3298 :
2342 3243 2567 3312 ideoque
2586 3257 2707 3296 cum
2734 3240 2986 3296 instantia
3007 3237 3305 3308 jejunabat,
3338 3251 3508 3305 neque
3534 3233 3669 3289 illud

2077 3350 2264 3406 passus
2290 3344 2374 3390 est
2403 3332 2545 3404 quod
2575 3332 2758 3396 multi,
2792 3331 2881 3400 qui
2909 3329 3092 3384 decem
3133 3337 3343 3382 tantum
3375 3327 3456 3381 vel
3480 3324 3661 3396 viginti

2076 3441 2289 3481 menses
2325 3424 2527 3494 jejunio
2569 3438 2627 3477 se
2673 3421 2945 3476 tradentes
2983 3427 3208 3489 repente
3246 3418 3426 3473 omnia
3469 3415 3666 3471 dissol-

2077 3527 2223 3571 vunt.
2254 3515 2360 3571 Sed
2392 3515 2481 3568 ille
2519 3514 2652 3568 nihil
2683 3513 2785 3568 tale
2820 3526 3009 3581 passus
3033 3519 3134 3573 est,
3170 3525 3343 3580 neque
3373 3509 3478 3563 tale
3505 3506 3662 3577 quid-

2078 3610 2218 3678 piam
2251 3608 2388 3661 intra
2430 3607 2665 3674 seipsum
2696 3605 2866 3658 dixit:
2914 3602 3051 3668 Quid
3093 3600 3221 3655 mihi
3251 3600 3503 3669 deinceps
3529 3612 3664 3668 opus

2077 3709 2160 3754 est
2183 3699 2388 3770 jejunio
2411 3699 2432 3751 ?
2454 3699 2624 3752 victor
2641 3695 2804 3760 evasi,
2830 3694 3146 3763 cupiditates
3170 3691 3437 3760 superavi,
3466 3701 3667 3756 corpus

2076 3806 2254 3845 mcum
2285 3786 2621 3851 mortiﬁcavi,
2651 3785 2923 3838 drrmoues
2947 3781 3132 3846 terrui,
3158 3780 3431 3835 diabolum
3458 3777 3659 3846 depuli,

2077 3891 2316 3935 mortuos
2338 3878 2668 3942 resuscitavi,
2695 3877 2937 3946 leprosos
2966 3873 3236 3939 mundavi,
3264 3870 3546 3926 contrariis
3566 3885 3672 3940 po-

2077 3971 2356 4026 testatibus
2392 3968 2648 4023 terribilis
2686 3983 2803 4022 sum
2843 3984 2856 4020 :
2903 3965 3028 4036 quid
3051 3979 3151 4034 ego
3196 3963 3427 4033 amplius
3455 3961 3666 4032 jejunio

2077 4063 2290 4133 indigeo
2315 4072 2370 4117 et
2397 4059 2699 4131 hujusmodi
2721 4057 2976 4114 cautela?

2151 4154 2328 4210 Sancti
2352 4163 2539 4220 quanto
2560 4150 2834 4221 majoribus
2862 4148 3081 4218 affluunt
3105 4146 3316 4212 meritis,
3343 4153 3482 4200 tanta
3501 4142 3666 4213 magis

2078 4247 2271 4299 timent.
2301 4272 2375 4284 —
2397 4241 2537 4296 Nihil
2569 4241 2670 4296 tale
2707 4239 2840 4294 dixit
2865 4247 2958 4293 aut
2990 4238 3274 4309 cogitavit:
3323 4235 3419 4292 sed
3464 4242 3664 4305 quanto

2078 4335 2247 4404 magis
2274 4332 2566 4387 innumeris
2586 4330 2837 4385 afﬂuehat
2864 4329 3071 4384 meritis
3089 4369 3104 4392 ,
3135 4335 3282 4382 tanto
3305 4326 3473 4396 magis
3502 4325 3670 4380 time-

2079 4424 2169 4478 bat
2197 4433 2254 4479 et
2280 4423 2540 4478 tremebat
2573 4439 2586 4475 :
2615 4429 2671 4475 et
2697 4421 2835 4474 hanc
2861 4435 2891 4474 a
2915 4425 3244 4488 praaceptore
3274 4415 3662 4488 phil030phiam

2077 4515 2336 4571 discebat.
2366 4513 2579 4568 Etenim
2611 4511 2700 4566 ille
2733 4511 2785 4564 in
2827 4510 3039 4564 tertium
3071 4517 3255 4577 raptus
3284 4507 3493 4570 coelum,
3527 4514 3581 4558 et
3609 4504 3664 4558 in

2081 4606 2386 4676 paradisum
2407 4604 2613 4658 delatus
2632 4642 2646 4667 ,
2679 4611 2734 4656 et
2762 4600 2958 4655 auditis
2988 4599 3344 4654 ineﬂ'abilibus
3372 4597 3548 4652 verbis
3566 4636 3580 4662 ,
3609 4605 3664 4650 et

2081 4697 2453 4766 mysteriorum
2469 4693 2638 4748 factus
2651 4693 2835 4747 talium
2847 4691 3132 4762 particeps,
3151 4705 3273 4744 cum
3287 4689 3470 4743 orbem
3492 4697 3662 4742 totum

2079 4786 2434 4855 percurrisset
2459 4794 2726 4854 tamquam
2757 4782 2854 4836 alis
2883 4781 3197 4853 quibusdam
3230 4779 3426 4846 fultus,
3457 4779 3523 4833 ad
3555 4779 3662 4832 Co-

2080 4879 2307 4932 rinthios
2346 4878 2588 4932 scribens
2628 4876 2866 4930 dicebat:
2907 4874 3091 4928 Vereor
3117 4891 3179 4927 ne
3219 4877 3349 4943 forte
3393 4888 3506 4925 cum
3548 4871 3665 4924 aliis

2081 4973 2445 5042 praedicavero,
2473 4972 2584 5041 ipse
2608 4971 2850 5040 reprobus
2882 4970 3070 5039 eﬁiciar
3114 4967 3190 5037 (1.
3226 4966 3347 5022 Cor.
3374 4966 3429 5024 9.
3455 4966 3574 5035 27).
3605 4965 3663 5020 Si

2080 5077 2210 5116 vero
2240 5062 2434 5116 Paulus
2462 5071 2582 5130 post
2611 5061 2735 5114 talia
2762 5068 2816 5115 et
2845 5069 2922 5113 tot
2963 5058 3138 5115 officia
3166 5058 3338 5124 timet,
3369 5057 3460 5126 qui
3484 5055 3666 5110 dicere

2082 5154 2287 5223 potuit:
2341 5152 2473 5206 Mihi
2514 5153 2732 5205 numdus
2774 5151 3048 5218 cruciﬁxus
3096 5157 3201 5214 est,
3251 5157 3299 5202 et
3345 5165 3437 5219 ego
3475 5147 3665 5200 mundo

2083 5243 2226 5315 (Gal.
2270 5243 2324 5301 6.
2361 5244 2486 5312 14);
2539 5244 2706 5298 multo
2742 5243 2909 5312 magis
2948 5255 3046 5296 nos
3083 5240 3274 5294 timere
3315 5246 3560 5308 oportet,
3610 5246 3666 5291 et

2085 5343 2232 5388 tanto
2260 5337 2428 5404 magis
2466 5344 2664 5404 quanto
2706 5335 2908 5404 majora
2949 5332 3204 5388 fuerimus
3246 5332 3475 5402 Operati.
3517 5330 3667 5385 Tuuc

2083 5429 2224 5481 enim
2261 5427 2508 5482 diabolus
2534 5429 2726 5483 smvior
2754 5429 3014 5490 efﬁcitur,
3047 5435 3172 5482 tunc
3199 5428 3365 5496 magis
3390 5426 3662 5490 efferatur,

2083 5534 2202 5574 cum
2223 5519 2415 5574 viderit
2437 5520 2825 5590 nosﬂiligeutia
2849 5521 3009 5575 vitam
3028 5528 3264 5575 nostram
3281 5520 3660 5588 disponentes;

2083 5629 2202 5669 cum
2227 5613 2419 5668 viderit
2438 5614 2647 5668 virtutis
2670 5629 2831 5668 onera
2858 5614 3172 5684 composita,
3197 5623 3250 5668 et
3274 5627 3495 5683 magnos
3515 5626 3663 5666 acer-

2087 5720 2203 5774 vos,
2249 5714 2373 5762 tunc
2413 5706 2625 5776 gravius
2669 5704 2867 5763 inferre
2911 5706 3240 5777 naufragium
3286 5705 3479 5761 studet.
3529 5701 3664 5762 Vilis

3884 417 3885 488 ι

3884 639 3885 712 ι

3883 807 3885 900 l

3883 2517 3886 2625 ι
