3932 6222
124 314 190 371 l9
1150 307 1242 363 AD
1280 307 1616 370 POPULUM
1649 311 1749 371 AN

1966 314 2147 372 ENUM
2205 315 2440 374 HOMIL.
2481 317 2519 374 ι.
3504 332 3577 389 go

114 424 343 473 πάντων
393 418 577 474 ἰκανὸν
619 414 918 492 θορυϐῆσαι
949 420 1041 475 τὸν
1076 423 1151 495 μὴ
1187 426 1540 498 προσέχοντα.
1576 430 1642 483 Εἰ
1688 430 1799 504 γάρ

113 509 214 562 καὶ
238 508 314 581 μὴ
339 508 409 563 δι’
439 508 650 574 ἐαυτὸν,
684 509 771 564 διὰ
806 509 937 579 γοῦν
965 516 1090 577 τοὺς
1116 513 1308 580 ἄλλους
1329 517 1594 586 ὑγιαίνειν
1636 520 1800 576 αὐτὸν

111 597 301 669 ἐχρῆν.
340 598 650 671 Στρατηγδς
669 594 737 671 ἦν
758 599 1013 671 ἀριστος·
1047 602 1282 674 πόλεμος
1311 605 1460 677 αὐτῷ
1499 610 1799 680 συγκεκρόο

110 702 285 758 τητο,
318 688 507 756 φησὶν.
548 688 672 759 οὐχὶ
700 688 836 760 πρὸς
863 690 990 753 τοὺς
1022 691 1284 757 ἀπίστους
1324 693 1502 764 μόνον,
1532 695 1665 750 ἀλλά
1704 698 1797 751 καὶ

109 772 257 845 πρὸς
278 776 405 838 τοὺς
428 775 690 845 δαίμονας
711 815 727 840 ,
768 776 862 830 καὶ
889 777 1026 847 πρὸς
1053 778 1216 832 αὐτὸν
1242 780 1336 834 τὸν
1359 781 1605 835 διάϐολον
1622 800 1637 815 ’
1659 785 1797 855 μετά

109 862 322 933 πολλῆς
336 863 436 930 τῆς
448 866 809 937 σφοδρότητος
825 868 875 919 οἰ
892 865 1141 939 πολέμιοι
1156 868 1358 934 πάντες
1372 870 1673 932 ἐπέκειντο.
1689 873 1796 926 διαο

111 950 367 1016 σπῶντες
390 950 549 1024 [ητὸ
577 953 960 1021 στρατόπεδον,
989 955 1084 1007 καὶ
1105 954 1617 1026 αἰχμαλωτίζοντες·
1645 953 1799 1021 οὗτος

106 1038 160 1091 δ’
193 1037 426 1121 ἠδύνατο
458 1040 684 1110 μυρίους
709 1042 801 1094 ἐπὶ
827 1039 926 1111 τὴν
965 1040 1222 1112 ἀλήθειαν
1271 1043 1666 1112 ἐπαναγαγεῖν,
1702 1044 1798 1098 καὶ

106 1127 354 1197 ¹ίισθιίνει.
388 1130 448 1182 Εἰ
483 1130 592 1200 γὰρ
640 1129 736 1183 καὶ
765 1130 1023 1200 μηδεμία,
1051 1132 1236 1201 φησὶν,
1267 1132 1429 1203 ἑτέρα
1477 1132 1648 1204 βλάϐη
1684 1137 1799 1199 τοῖς

108 1219 441 1289 πράγμασιν
494 1218 604 1273 ἀπὸ
646 1218 747 1289 τῆς
781 1218 1094 1289 ἀρρωστίας
1135 1219 1345 1287 ἐγωετο
1370 1232 1418 1283 ⁸,
1448 1220 1605 1274 τοῦτο
1636 1221 1796 1291 μόνον

110 1306 304 1360 ἰκανὸν
325 1302 393 1379 ἦν
423 1307 550 1371 τοὺς
577 1307 801 1369 πιστοὺς
824 1307 1219 1379 ὀκνηροτέρους
1263 1308 1358 1362 καὶ
1391 1308 1797 1381 ρᾳθυμοτέρους

106 1394 364 1465 ποιῆσαι.
400 1396 467 1448 Εἰ
491 1395 602 1466 γάρ
632 1394 960 1466 στρατιῶται
997 1395 1090 1448 τὸν
1123 1395 1426 1467 στρατηγὸν
1456 1395 1550 1450 τὸν
1588 1396 1795 1450 ἑαυτῶν

104 1482 354 1554 δρῶντες
384 1486 451 1554 τῇ
489 1482 645 1556 κλίνῃ
678 1481 1121 1553 προσδεδεμένον,
1171 1482 1523 1554 ὀκνηρότεροι
1554 1484 1794 1552 γίνονται

107 1571 210 1623 καὶ
237 1570 376 1641 πρὸς
405 1570 506 1641 τὴν
535 1570 714 1641 μάχην
748 1567 1142 1640 ῥᾳθυμότερον
1176 1569 1356 1640 πολλῷ
1403 1570 1602 1646 μᾶλλον
1648 1570 1794 1635 είκὸς

102 1651 180 1727 ἦν
203 1698 219 1721 ,
250 1656 348 1710 καὶ
379 1657 505 1721 τοὺς
538 1657 762 1719 πιστοὺς
791 1655 913 1708 τότε
946 1655 1040 1710 τὸν
1065 1656 1403 1711 ,διδάσκαλον
1430 1658 1671 1728 ὁρῶντας
1701 1657 1795 1712 τὸν

102 1741 355 1796 τοσαῦτα
378 1746 577 1815 σημεῖα
599 1742 974 1814 ἐργασάμενον
999 1744 1236 1815 συνεχῶς
1262 1746 1668 1818 ἀρρωστοῦντα.
1698 1746 1794 1800 καὶ

102 1830 173 1883 τὸ
224 1830 387 1901 σῶμα
426 1830 738 1901 κάμνοντα,
774 1829 1115 1902 ἀνθρώπινόν
1154 1848 1206 1885 τι
1237 1831 1449 1889 παθεῖν.
1494 1834 1569 1887 Οὐ
1620 1832 1794 1887 ταῦτα

102 1916 165 1970 δὲ
198 1917 379 1988 μόνον,
411 1916 548 1970 ἀλλά
572 1918 663 1971 καὶ
685 1915 869 1987 ἕτερόν
900 1934 954 1970 τι
981 1919 1029 1970 οἰ
1051 1917 1436 1989 διαποροῦντες
1459 1920 1484 1960 δ
1524 1920 1747 1990 ζητοῦσι
1774 1936 1790 1951 ’

102 2005 258 2069 τίνος
289 2005 398 2078 γάρ
421 2005 607 2059 ἐνεκεν
636 2005 797 2059 πάλιν
826 2003 950 2058 οὔτε
975 2006 1137 2069 αὐτὸς
1185 2007 1376 2060 ἐαυτὸν
1394 2049 1408 2069 ,
1438 2007 1562 2061 οὔτε
1592 2012 1620 2062 6
1650 2008 1794 2063 διδά-

106 2092 318 2159 σκαλος
343 2090 511 2146 αὐτοῦ
538 2091 682 2145 οὕτω
723 2091 1064 2163 διακείμενον
1103 2091 1498 2164 ἐθεράπευσεν;
1534 2095 1668 2149 ἀλλά
1706 2113 1793 2149 νε-

103 2179 281 2249 κροὺς
321 2179 418 2248 μὲν
447 2178 693 2251 ἤγειρον,
714 2179 808 2232 καὶ
842 2178 1103 2250 δαίμονας
1130 2180 1472 2250 ἀπήλαυνον,
1507 2183 1600 2236 καὶ
1628 2182 1792 2237 θανά-

100 2285 206 2322 του
235 2267 376 2338 μετά
404 2267 726 2339 περιουσίας
746 2267 1030 2339 ἐκράτουν,
1066 2268 1227 2341 σῶμα
1247 2269 1303 2323 δέ
1328 2269 1386 2324 ἒν
1410 2268 1709 2342 ὴσθενηκδς
1728 2272 1789 2326 οὐ

101 2354 448 2428 διώρθωσαν,
479 2355 596 2409 ἀλλ’
628 2358 686 2410 ἐν
720 2355 1022 2427 ἀλλοτρίοις
1056 2355 1269 2428 σώμασι
1306 2359 1400 2412 καὶ
1440 2359 1641 2423 ζῶντες
1698 2360 1790 2414 καὶ

101 2444 559 2515 τετελευτηκότες
586 2445 853 2517 τοσαύτην
895 2445 1318 2517 ἐπιδεδειγμένοι
1360 2446 1587 2518 δύναμιν
1609 2485 1625 2511 ,
1671 2449 1792 2502 στό-

104 2549 285 2604 μαχον
307 2532 686 2587 καταπεσόντα
708 2533 809 2585 οὐκ
836 2531 1168 2603 ἀνέστησανσ
1195 2533 1289 2586 καὶ
1313 2532 1374 2586 τὺ
1393 2533 1456 2605 δὴ
1481 2532 1681 2604 μεῖζον,
1708 2535 1789 2588 ὅτι

99 2621 208 2673 οὐκ
242 2618 559 2690 αἰσχύνεται
592 2618 804 2683 Παῦλος
854 2618 976 2673 οὐδὲ
1007 2618 1236 2691 ἐρυθριᾷ
1271 2619 1408 2690 μετὰ
1438 2620 1675 2675 τοσαῦτα
1698 2622 1791 2676 καὶ

97 2706 416 2777 τηλικαῦτα
441 2710 664 2779 σημεῖα,
684 2706 722 2761 ἃ
744 2708 840 2760 καὶ
861 2705 952 2759 διὰ
977 2704 1134 2776 ψιλοῦ
1164 2708 1407 2778 ῥήματος
1425 2709 1787 2775 ἐπεδείκνυτο,

99 2796 365 2867 Τιμοθέῳ
397 2797 624 2868 γράφων
651 2796 745 2851 ἐπ)⁸
769 2794 869 2867 τὴν
901 2796 1011 2850 ἀπὸ
1045 2796 1146 2867 τῆς
1182 2796 1491 2862 οίνοποσίας
1542 2815 1791 2867 καταφυ-

98 2883 571 2954 γεῖνθεραπείαν.
599 2884 710 2954 Οὐχ
737 2884 821 2937 ὅτι
853 2884 915 2937 τὸ
938 2883 1115 2936 πίνειν
1140 2878 1282 2937 οἶνον
1309 2884 1532 2956 αἰσχρὸν
1551 2925 1565 2950 ,
1596 2886 1671 2957 μὴ
1699 2886 1792 2955 γέ-

99 2988 256 3025 νοιτο
279 2987 292 3000 ’
351 2971 642 3043 αἰρετικῶν
678 2971 789 3042 γὰρ
818 2970 993 3024 ταῦτα
1021 2972 1455 3043 παραγγέλματα
1479 2982 1503 3009 ο
1522 2988 1536 3001 '
1571 2973 1686 3027 ἀλλ’
1709 2974 1791 3028 ὅτι

100 3062 208 3116 οὐκ
247 3060 502 3132 ἐνόμιζεν
542 3059 805 3133 αἰσχύνην
846 3054 988 3114 εἰναι
1023 3060 1086 3114 τὸ
1117 3060 1191 3132 μὴ
1220 3061 1478 3116 δύνασθαι
1504 3064 1671 3136 χωρὶς
1691 3063 1792 3135 τῆς

102 3149 322 3203 ἐκείνου
348 3147 600 3218 βοηθείας
619 3147 1010 3217 διορθώσασθαι
1032 3149 1320 3218 νενοσηκὸς
1344 3146 1404 3202 ἐν
1430 3149 1613 3219 μέλος.
1649 3150 1789 3204 Ἀλλ’

102 3237 260 3306 ὅμως
288 3235 543 3290 τοσοῦτον
583 3235 829 3306 ἀπέσχεν
855 3235 1215 3306 αἰσχυνθῆναι
1246 3235 1339 3288 ἐπὶ
1371 3235 1565 3306 τούτῳ,
1585 3236 1667 3289 ὅτι
1697 3236 1791 3290 καὶ

102 3324 225 3384 τοῖς
254 3322 397 3392 μετά
425 3321 599 3377 ταῦτα
626 3323 760 3376 πᾶσι
806 3322 963 3393 δῆλον
990 3321 1123 3375 αὐτὸ
1151 3323 1424 3394 ἐποίησεν.
1461 3321 1626 3376 Ἴδετε
1656 3323 1791 3395 πρὸς

104 3411 275 3464 πόσον
309 3410 475 3481 βάθος
523 3410 908 3483 κατηγάγομεν
941 3410 1031 3463 τὸν
1069 3409 1257 3479 λόγον;
1298 3412 1416 3474 πῶς
1438 3410 1464 3449 ἀ
1514 3413 1576 3465 τὸ
1603 3411 1792 3466 δοκοῦν

110 3497 310 3570 μικρὸν
336 3496 495 3559 εἶναι,
523 3497 729 3572 μυρίων
747 3498 909 3569 γέμει
933 3496 1068 3569 ζητη
1079 3498 1285 3567 μάτων;
1302 3498 1443 3568 Φέρε
1462 3494 1555 3552 οῦν
1577 3499 1669 3553 καὶ
1694 3498 1792 3571 τήν

105 3588 262 3642 λύσιν
287 3587 676 3658 ἐπαγάγωμεν.
709 3586 811 3641 Διά
832 3586 940 3659 γὰρ
971 3585 1130 3640 τοῦτο
1153 3586 1290 3658 πρὸς
1321 3586 1456 3641 πολὺ
1481 3586 1641 3657 βάθος
1670 3603 1795 3642 κατ-

106 3677 318 3747 έϐημεν
337 3718 353 3740 ,
392 3676 481 3730 ἴνα
510 3676 879 3747 διεγείραντες
908 3674 1062 3746 ὐμῶν
1088 3676 1190 3747 τὴν
1218 3675 1478 3742 διάνοιαν,
1510 3676 1567 3729 ἐν
1625 3677 1795 3746 ἀσφα-

105 3766 194 3820 λεῖ
217 3766 271 3806 δ’
305 3766 376 3820 τά
396 3767 646 3837 νοήματα
670 3763 1023 3836 ἀποθώμεθα.

180 3859 252 3922 γ’.
273 3853 671 3925 Συγχωρήσατε
681 3852 739 3906 δέ
759 3869 868 3923 μοι,
891 3850 1179 3923 πρὶνῆτὴν
1202 3850 1357 3905 λύσιν
1379 3855 1492 3916 τοῖς
1518 3849 1793 3924 ζητήμασι

107 3936 327 4002 τούτοις
359 3941 680 4008 ἐπαγαγεῖν,
712 3940 889 3993 εἰπεῖν
926 3956 979 3992 τι
1006 3939 1256 4011 περὶτῆς
1279 3940 1479 4010 ἀρετῆς
1510 3938 1606 3992 τοῦ
1626 3940 1795 4011 Τιμο-

112 4028 261 4091 θέου,
293 4029 389 4082 καὶ
425 4029 525 4099 τῆς
568 4027 665 4082 τοῦ
701 4027 914 4083 Παύλου
961 4026 1306 4098 κηδεμονίας.
1338 4027 1402 4080 Τί
1444 4028 1552 4099 γὰρ
1589 4027 1793 4081 ἐκείνου

113 4114 595 4187 φιλοστοργότερον
623 4125 647 4155 ο
671 4114 919 4185 γέγονεν,
943 4113 1001 4178 ὃς
1049 4116 1114 4168 ἐκ
1144 4113 1397 4168 τοσούτου
1427 4114 1795 4187 διαστήματος

111 4201 191 4254 ῶν
228 4202 323 4255 καὶ
371 4202 647 4267 τοσούτοις
692 4201 1061 4273 κυκλούμενος
1108 4200 1460 4273 πράγμασιν,
1508 4202 1649 4273 ὑπὲρ
1695 4201 1796 4266 τῆς

112 4287 304 4357 ὑγείας
353 4290 447 4342 τοῦ
502 4289 776 4360 στομάχου
828 4289 922 4343 τοῦ
964 4288 1206 4360 μαθητοῦ
1246 4288 1514 4361 τοσαύτην
1562 4290 1796 4342 ἐποιεῖτο

114 4376 393 4446 πρόνοιαν,
422 4377 515 4431 καὶ
563 4376 702 4448 μετά
726 4376 1012 4449 ἀκριϐείας
1048 4374 1373 4429 ἐπέστελλεν
1413 4375 1553 4447 ὑπὲρ
1579 4375 1678 4445 τῆς
1700 4373 1793 4428 τοῦ

112 4465 423 4535 νοσήματος
481 4464 856 4537 διορθώσεως;
916 4464 1074 4518 Τίδέ
1128 4464 1224 4535 τῆς
1271 4463 1475 4534 ἀρετῆς
1538 4463 1654 4516 ἶσον
1696 4461 1797 4532 τῆς

114 4551 422 4623 Τιμοθέου;
485 4554 672 4617 Οὖτως
711 4552 1002 4626 ὑπερεώρα
1029 4552 1048 4591 ί
1109 4553 1344 4624 τρυφῆς,
1396 4552 1490 4606 καὶ
1521 4550 1795 4621 κατεγέλα

117 4639 443 4705 πολυτελοῦς
466 4642 767 4713 τραπέζης,
802 4642 878 4706 ὼς
899 4642 993 4694 καὶ
1020 4641 1102 4704 εἰς
1131 4639 1416 4693 ἀσθένειαν
1440 4639 1700 4709 ἐμπεσεῖν
1732 4638 1797 4691 ἐκ

115 4729 218 4802 τῆς
263 4728 405 4799 ἄγαν
451 4730 871 4803 σκληραγωγίας
921 4730 1017 4783 καί⁵
1068 4726 1466 4798 ἐπιτεταμένης
1524 4725 1794 4796 νηστείας.

121 4818 243 4872 Ὅτι
286 4819 396 4890 γὰρ
423 4820 483 4873 οὐ
533 4820 695 4888 φύσει
732 4818 972 4881 τοιοῦτος
1000 4813 1089 4890 ἦν,
1136 4817 1250 4871 ἀλλ’
1279 4815 1384 4870 ὑπὸ
1411 4815 1666 4887 νηστείας
1704 4814 1800 4869 καὶ

125 4906 451 4976 ὐδροποσίας
489 4909 585 4962 τοῦ
631 4908 903 4979 στομάχου
960 4906 1225 4961 κατέϐαλε
1268 4905 1368 4976 τὴν
1408 4905 1591 4975 ἰσχὺν,
1632 4901 1799 4956 αὐτοῦ

118 4992 215 5046 τοῦ
240 4992 453 5049 Παύλου
478 4996 593 5066 μετ’
614 4995 901 5065 ἀκριϐείας
926 4993 1086 5048 τοῦτο
1111 4992 1395 5065 δηλοῦντος
1414 4989 1701 5045 ἀκούσατε.
1723 4990 1799 5043 Οὐ

120 5081 231 5151 γάρ
262 5080 451 5144 άπλῶς
485 5078 659 5143 εἶπεν,
706 5082 847 5154 Οἴνῳ
871 5082 1038 5153 ὀλίγῳ
1072 5081 1191 5153 χρῶ
1210 5099 1223 5113 ο
1258 5080 1395 5134 άλλά
1427 5078 1691 5150 πρότερον
1720 5078 1800 5131 εί-

123 5165 260 5231 πὼν,
282 5167 507 5236 Μηκέτι
540 5168 874 5238 ὑδροπότει,
895 5169 1019 5223 τότε
1050 5169 1149 5240 τὴν
1178 5169 1278 5240 τῆς
1291 5166 1601 5228 οίνοποσίας
1630 5180 1802 5237 προσ-

187 5270 207 5346 ς
234 5272 492 5346 Savjl.
516 5279 570 5346 ει
590 5286 765 5346 ρωηεε
798 5274 1051 5346 fere_mss‘
1066 5271 1197 5346 Ετίἱιί
1220 5273 1423 5346 ἐγένετο.
1452 5333 1474 5346 δ
1649 5329 1673 5341 _

182 5333 216 5374 δ
231 5336 331 5401 _Alii
351 5344 404 5384 ει
425 5336 746 5401 Sa_vi|._€1596v
765 5353 811 5385 τι
836 5337 953 5401 πρὸς
976 5335 1075 5391 τοῖς
1103 5333 1362 5401 εἰρημένοις
1381 5337 1427 5382 οἱ
1449 5333 1796 5401 διαπρροῦχτες.

184 5351 216 5374 υ
234 5351 331 5383 Αιιι
351 5351 404 5384 ει
425 5351 574 5387 Dav".
589 5351 746 5400 ετερον
765 5353 811 5385 τι
836 5351 953 5401 προς
976 5352 1075 5391 τοις
1103 5351 1362 5445 ειὲημενοις
1381 5351 1427 5382 οι
1449 5351 1796 5395 οιαπορουντες.

121 5395 280 5445 Paulo
318 5397 617 5466 posl__Sav_il.
653 5401 944 5466 _el__aqulx‘0l
984 5409 1096 5466 τρες.
1144 5396 1425 5466 ⁸ιδάσιιειλος
1468 5393 1609 5442 αὐτὸν
1652 5395 1799 5455 οὕτω,

120 5469 221 5526 ιιοιι
243 5460 390 5526 gulf}.
418 5458 589 5526 Mora].
616 5464 669 5507 el
692 5461 774 5509 a‘li
796 5459 1081 5526 διδάσκαλος
1105 5457 1422 5526 αύτρῦ-οὕτω.
1460 5518 1470 5526 _

189 5521 214 5551 ε
240 5518 392 5568 Sam.
422 5527 475 5568 et
497 5521 681 5581 aliquot
707 5534 823 5569 mss.
848 5518 999 5581 ταῦτα
1020 5520 1080 5566 τὰ
1099 5536 1157 5581 π,
1176 5519 1277 5568 Sed
1300 5518 1802 5581 articulusomiuiaur

122 5578 174 5633 in
197 5582 335 5646 διῇξε.
350 5589 399 5628 ει
425 5577 623 5646 quidem
648 5582 929 5646 elegantius
952 5578 1070 5645 (imo
1089 5578 1246 5631 minus
1268 5580 1477 5641 erce),
1498 5577 1550 5629 ni
1575 5579 1737 5630 fallor.

186 5641 215 5682 ἆ
239 5641 337 5692 Alii
362 5641 455 5691 καῖ
468 5645 588 5699 πῶς.

189 5704 238 5769 δ’
257 5705 412 5769 Salii]:
438 5705 575 5769 addit
594 5704 794 5769 ταμείῳ.

195 5768 217 5834 ξ
241 5765 433 5834 ..μῆ-τίς
453 5767 607 5834 γάρ...
627 5765 1058 5834 φιλοστοργότερος.
1110 5827 1130 5834 _
1262 5827 1275 5834 Δ
1301 5827 1312 5834 ι
1442 5825 1463 5834 _
1503 5824 1523 5834 _

196 5826 216 5865 ί
242 5827 393 5876 Smil.
434 5824 490 5876 ei.
511 5824 610 5890 iam
638 5824 838 5890 'quidam'
863 5824 978 5890 mss:
1002 5827 1226 5890 ὃςοῦτως
1257 5827 1397 5889 ἐώρα.
1442 5824 1567 5877 Infra
1593 5825 1802 5890 αἰίἰ-ἀλν

133 5889 335 5957 ᾂφὸ-τῆς
355 5889 590 5957 νηστείας.
614 5887 1095 5957 Ριὶιιίρ-ροεεΜοτρί.
1124 5897 1177 5937 ει
1197 5887 1383 5957 αίὶηροι
1411 5901 1523 5937 mss.
1552 5887 1804 5947 δηλοῦντος

137 5951 381 6013 ἀκούσατε,
406 5951 556 6003 Savil.
584 5959 637 6005 el
665 5951 748 6004 alii
774 5950 1028 6012 δηλοῦντὸς
1053 5951 1177 5999 ἐστιν
1216 5950 1438 5999 ἀκοῦσαι.

1905 431 2071 503 έθηκε
2132 433 2464 505 συμϐουλήν.
2514 433 2588 487 Τὸ
2635 432 2692 487 δὲ
2712 473 2727 497 ,
2747 433 2983 504 μηκέτι,
3041 435 3328 507 δηλοῦντος
3364 432 3457 512 ἦν,
3493 439 3577 495 ὅτι

1908 519 2068 591 μέχρι
2098 520 2219 574 τότε
2263 521 2567 592 ὑδροπότει,
2601 520 2695 575 καὶ
2727 520 2814 575 διά
2851 522 3010 576 τοῦτο
3049 523 3272 593 γέγονεν
3321 525 3573 596 ἀσθενής.

1904 606 2000 669 Τίς
2024 602 2116 660 οὖν
2143 608 2243 660 οὐκ
2267 606 2334 660 ἂν
2359 608 2659 679 ἐκπλαγείη
2687 607 2784 679 τὴν
2812 609 3128 679 φιλοσοφίαν
3154 612 3318 666 αὐτοῦ
3348 613 3445 666 καὶ
3474 612 3576 684 τήν

1902 694 2216 766 άκρίϐειαν;
2239 695 2429 749 Αὐτῶν
2448 696 2745 751 ἐπελάϐετο
2766 707 2793 746 8
2813 698 2924 752 τῶν
2941 700 3204 772 οὐρανῶν,
3226 701 3321 754 καὶ
3343 701 3481 773 πρὸς
3511 701 3576 755 τὸ

1898 783 1999 851 τῆς
2041 782 2248 853 ἀρετῆς
2287 784 2456 853 ἀκρον
2487 785 2690 855 ἧλασε-
2729 787 2827 840 καὶ
2870 788 3042 841 ταῦτα
3078 788 3109 841 6
3137 788 3456 852 διδάσκαλος
3489 789 3572 862 15]

1897 867 2048 938 αὐτῷ
2082 871 2349 940 μαρτυρεῖ
2371 870 2514 925 οὕτω
2547 872 2740 940 λέγων·
2785 875 3060 944 Ἔπεμψα
3104 875 3246 944 ὑμῖν
3270 879 3571 945 Τιμόθεον,

1897 952 1966 1018 ὅς
2002 956 2135 1009 ἐστι
2158 956 2377 1011 τέκνον
2387 975 2509 1027 μου
2547 960 2860 1028 ἀγαπητὸν
2877 962 2975 1016 καὶ
3009 962 3228 1016 πιστὸν
3250 963 3320 1017 ἐν
3356 966 3571 1032 Κυρίῳ.

1898 1038 2067 1095 Ὅταν
2100 1042 2157 1095 δὲ
2192 1043 2402 1109 Παῦλος
2446 1045 2608 1098 αὐτὸν
2635 1045 2791 1099 καλεῖ
2819 1047 3008 1101 τέκνον
3042 1048 3138 1103 καὶ
3163 1048 3354 1103 τέκνον
3382 1052 3572 1104 πιστὸν

1896 1128 1991 1181 καὶ
2032 1130 2333 1201 ἀγαπητὸν,
2369 1132 2528 1202 ἀρκεῖ
2574 1132 2642 1185 τά
2681 1136 2901 1204 ῥήματα
2942 1132 3115 1189 ταῦτα
3154 1135 3369 1189 ἃπασαν
3404 1137 3571 1191 αὐτοῦ

1895 1213 2064 1282 δεῖξαι
2095 1217 2192 1288 τὴν
2225 1219 2446 1290 ἀρετήν.
2483 1220 2549 1272 Αἱ
2583 1221 2693 1291 γάρ
2724 1220 2831 1273 τῶν
2871 1221 3041 1289 ἁγίων
3073 1221 3283 1293 κρίσεις
3326 1222 3387 1275 οὐ
3437 1223 3573 1293 πρὸς

1896 1301 2076 1372 χάριν,
2104 1304 2225 1357 οὐδὲ
2249 1305 2383 1375 πρὸς
2412 1305 2707 1376 ἀπέχθειαν
2746 1308 3007 1376 γίνονται.
3036 1308 3173 1362 ἀλλά
3221 1308 3401 1379 πάσης
3436 1310 3572 1362 εἰσὶν

1895 1389 2310 1462 ἀπηλλαγμέναι
2362 1392 2703 1463 προλήψεως.
2756 1393 2869 1446 Οὐκ
2909 1389 3152 1464 ἧννούτω
3196 1393 3224 1432 ιι
3263 1392 3501 1464 ζηλωτὸς
3542 1392 3573 1444 6

1895 1477 2178 1547 Τιμόθεος,
2228 1481 2277 1533 εἰ
2312 1481 2525 1534 Παύλου
2558 1480 2749 1534 τέκνον
2780 1477 2848 1553 ἦν
2881 1480 3062 1549 φύσει,
3092 1480 3167 1545 ῶς
3205 1480 3321 1534 ἐστι
3355 1480 3571 1551 θαυμα-

1896 1567 2020 1629 στὸς
2049 1565 2163 1631 νῦν,
2186 1568 2269 1620 ὃτι
2292 1568 2431 1621 κατά
2453 1568 2633 1639 σάρκα
2657 1568 2821 1638 μηδὲν
2846 1568 2994 1640 αὐτῷ
3018 1570 3331 1640 προσήκων,
3360 1567 3449 1620 διὰ
3472 1567 3571 1637 τῆς

1894 1653 2035 1705 κατά
2062 1653 2164 1723 τὴν
2200 1654 2486 1707 εὐλάϐειαν
2517 1655 2839 1723 συγγενείας
2879 1656 2961 1719 εἰς
3002 1655 3102 1726 τὴν
3142 1654 3414 1708 υἱοθεσίαν
3458 1654 3571 1705 εἰσ·

1894 1740 2101 1810 ήγαγεν
2122 1741 2312 1794 ἐαυτὸν
2332 1742 2432 1813 τὴν
2448 1741 2677 1804 ἐκείνου,
2700 1741 2838 1811 μετά
2860 1740 3142 1812 ἀκριϐείας
3160 1742 3285 1802 τοὺς
3301 1738 3572 1810 χαρακτῆ-

1894 1845 1994 1899 ρας
2034 1827 2135 1899 τῆς
2171 1829 2378 1882 ἐκείνου
2423 1829 2739 1898 φιλοσοφίας
2766 1829 3045 1894 διασώξων
3082 1830 3141 1882 ἐν
3191 1827 3384 1882 ἅπασι.
3423 1824 3572 1879 Καθ-

1891 1917 2035 1987 άπερ
2073 1917 2180 1986 γάρ
2219 1917 2417 1989 μόσχος
2447 1918 2635 1990 ταύρῳ
2689 1917 3156 1989 συμϐεϐλημένος,
3189 1915 3330 1971 οὕτω
3355 1915 3445 1968 τὸν
3473 1914 3568 1979 ζυ-

1892 2004 1985 2073 γὸν
2006 2000 2153 2059 εἷλκε
2188 2007 2305 2077 μετ’
2332 2007 2497 2060 αὐτοῦ
2527 2004 2802 2077 πανταχοῦ
2835 2008 2932 2076 τῆς
2971 2004 3315 2076 οἰκουμένης,
3352 2003 3446 2058 καλ⁸
3473 2003 3568 2056 οὐ-

1891 2092 1980 2146 δὲν
2008 2094 2305 2164 ἠλαττοῦτο
2336 2094 2426 2148 διὰ
2460 2093 2560 2163 τὴν
2604 2094 2841 2165 ἠλικίαν,
2886 2093 2999 2148 ἀλλ’
3034 2095 3067 2165 ὴ
3103 2091 3382 2164 προθυμία
3410 2091 3572 2162 ἁμιλ-

1892 2181 2088 2237 λᾶσθαι
2114 2186 2228 2247 τοῖς
2258 2184 2354 2237 τοῦ
2383 2184 2707 2238 διδασκάλου
2740 2183 2927 2248 πόνοις
2964 2183 3127 2236 αὐτὸν
3168 2180 3567 2252 παρεσκεύαζε.

1891 2269 2002 2321 Καὶ
2027 2269 2231 2322 τούτων
2253 2270 2416 2324 πάλιν
2445 2269 2655 2341 μάρτυς
2679 2271 2840 2333 αὐτὸς
2863 2271 2893 2323 6
2925 2268 3157 2333 Παῦλος,
3186 2268 3328 2321 οὕτω
3354 2266 3528 2336 λέγων
3547 2282 3565 2298 ο

1889 2353 2112 2423 Μηδεὶς
2136 2351 2252 2411 οὖν
2272 2359 2461 2411 αὐτὸν
2492 2355 2869 2425 ἐξουθενήσῃ
2883 2372 2900 2389 ο
2922 2355 2992 2410 τὸ
3015 2355 3125 2426 γὰρ
3149 2354 3327 2425 ἔργον
3345 2355 3567 2422 Κυρίου

1889 2441 2205 2513 ἑ,ργῑίζὶῑταα
2250 2447 2331 2512 ὡς
2376 2444 2557 2515 κάγώ.
2603 2440 2758 2509 Εἶδες
2796 2443 2915 2508 πῶς
2964 2444 3382 2514 ἀπαράλλακτον
3419 2440 3568 2513 αὐτῷ

1894 2533 2162 2604 μαρτυρεῖ
2185 2533 2450 2603 σπουδήν;
2469 2529 2602 2587 Εἶτα
2628 2533 2714 2586 ἴνα
2737 2532 2812 2603 μὴ
2837 2530 3063 2602 νομισθῇ
3088 2531 3271 2602 χάριτι
3290 2529 3463 2583 ταῦτα
3478 2529 3568 2582 λέ·

1888 2636 2028 2688 γειν,
2055 2622 2254 2687 αὐτοὺς
2279 2624 2407 2687 τοὺς
2435 2619 2710 2694 ἀκροατὰς
2740 2622 2978 2674 ποιεῖται
3023 2620 3306 2691 μάρτυρας
3334 2618 3433 2690 τῆς
3470 2616 3566 2671 τοῦ

1889 2709 2078 2773 παιδὸς
2111 2711 2335 2781 ἀρετῆς,
2372 2711 2516 2766 οὕτω
2557 2710 2730 2780 λέγων
2749 2726 2764 2742 σ
2802 2708 2922 2777 Τὴν
2962 2708 3031 2762 δὲ
3072 2706 3328 2777 δοκιμὴν
3379 2705 3567 2761 αὑτοῦ

1890 2797 2228 2865 γινώσκετε,
2263 2799 2354 2855 ὅτι
2398 2801 2478 2866 ὡς
2516 2799 2742 2868 πατέρα
2768 2798 2986 2853 τέκνον
3022 2800 3068 2863 ί,
3099 2798 3253 2852 οὕτω
3292 2796 3415 2851 σὺν
3435 2794 3569 2867 ἐμοὶ

1888 2883 2258 2942 ἐδούλευσεν
2289 2888 2360 2942 ἐν
2388 2888 2469 2953 τῷ
2510 2886 2874 2958 Εὐαγγελίψ
2924 2886 3140 2955 πεῖραν
3181 2884 3352 2954 ὑμεῖς
3401 2883 3566 2951 εἰλή-

1889 2991 2039 3043 φατε
2081 2974 2192 3046 τῆς
2225 2976 2444 3046 ἀρετῆς
2486 2975 2709 3038 αὐτοῦ,
2755 2976 2853 3030 καί
2909 2974 3020 3045 τῆς
3051 2974 3300 3044 δοκίμου
3334 2973 3563 3043 ψυχῆς.

1901 3062 2040 3115 Ἀλλ’
2063 3062 2211 3134 ὅμως
2240 3065 2375 3136 πρὸς
2403 3064 2656 3118 τοσοῦτον
2681 3061 2814 3133 ὕψος
2842 3060 3283 3134 κατορθωμάτων
3307 3059 3565 3122 ἀνελθὼν,

1889 3147 2010 3201 οὐδὲ
2037 3146 2212 3213 οὕτως
2248 3150 2489 3223 ἐθάρρει,
2523 3150 2637 3205 ἀλλ’
2655 3147 2948 3219 ἐναγώνιος
2974 3144 3043 3220 ἦν
3063 3150 3158 3203 καὶ
3179 3148 3462 3221 περιδεήςο
3484 3147 3568 3201 διὸ

1904 3238 2000 3290 καὶ
2046 3240 2163 3308 μετ’
2194 3239 2480 3312 ἀκριϐείας
2529 3241 2807 3312 ἐνήστευε,
2849 3238 2944 3292 καὶ
2975 3240 3076 3292 οὐκ
3113 3237 3283 3292 ἔπαθε
3316 3236 3475 3291 τοῦτο
3505 3235 3568 3289 τὸ

1889 3324 1999 3378 τῶν
2041 3326 2272 3394 πολλῶν,
2310 3328 2360 3382 οἳ
2409 3328 2540 3382 δέκα
2578 3329 2758 3400 μόνον,
2812 3327 2845 3398 ἢ
2886 3328 2982 3380 καὶ
3021 3326 3193 3380 εἴκοσι
3247 3326 3423 3397 μῆνας
3471 3341 3572 3395 νη·-

1894 3412 2047 3484 στείᾳ
2078 3417 2488 3486 παρεσχηκότες
2520 3416 2767 3479 ἑαυτοὺς,
2803 3413 3008 3476 εὐθέως
3033 3413 3249 3467 ἅπαντα
3275 3411 3571 3465 καταλύου-

1894 3515 1996 3552 σιν.
2042 3499 2181 3553 ’Δλλ’
2215 3501 2420 3566 ἐκεῖνος
2448 3501 2601 3555 οὐδὲν
2648 3498 2887 3554 τοιοῦτον
2937 3496 3160 3561 ἔπαθεν,
3192 3496 3312 3551 οὐδέ
3346 3492 3471 3549 εἶπέ
3512 3512 3568 3550 τι

1892 3585 2129 3640 τοιοῦτον
2167 3588 2305 3659 πρὸς
2332 3588 2544 3641 ἑαυτὸν·
2571 3587 2636 3641 Τί
2665 3603 2755 3658 μοι
2776 3583 3029 3656 νηστείας
3049 3583 3208 3654 χρεία
3231 3583 3448 3647 λοιπόν;
3473 3598 3571 3635 πε-

1894 3673 2240 3744 ριεγενόμην,
2272 3674 2556 3746 ἐκράτησα
2589 3673 2697 3727 τῶν
2727 3670 3052 3741 ἐπιθυμιῶν,
3079 3669 3360 3742 ἐνέκρωσά
3385 3685 3485 3740 μου
3508 3668 3569 3722 τὺ

1895 3758 2073 3829 σῶμα,
2090 3760 2351 3832 δαίμονας
2369 3762 2633 3833 ἐφόϐησα,
2652 3760 2742 3814 τὸν
2757 3758 3003 3812 διάϐολον
3024 3758 3302 3829 ἀπήλασα,
3340 3756 3569 3827 νεκροὺς

1893 3845 2188 3918 ἀνέστησα,
2216 3847 2453 3920 λεπροὺς
2479 3847 2745 3920 ἐκάθηρα,
2769 3848 2891 3908 ταῖς
2919 3843 3325 3915 ἀντικειμέναις
3344 3843 3571 3912 δυνάμε-

1897 3932 1979 3985 σίν
2006 3936 2120 4005 εἰμι
2143 3934 2374 4005 φοϐερός
2393 3951 2407 3965 ·
2438 3935 2491 3987 τί
2514 3951 2606 4006 μοι
2631 3934 2884 4006 νηστείας
2903 3932 2985 3985 δεῖ
3006 3931 3211 3997 λειπὸν,
3239 3929 3333 3984 καὶ
3351 3929 3451 3999 τῆς
3483 3930 3571 3982 ἐν·

1893 4020 2085 4073 τεῦθεν
2116 4021 2415 4089 ἀσφαλείας
2435 4039 2449 4088 ;

1966 4108 2131 4163 Οὐδὲν
2155 4110 2392 4163 τοιοῦτον
2416 4110 2515 4163 οὐκ
2544 4105 2714 4175 εἶπεν,
2742 4108 2841 4162 οὐκ
2861 4108 3160 4179 ἐνενόησεν,
3193 4103 3309 4157 ἀλλ’
3330 4102 3440 4173 ὅσῳ
3469 4118 3572 4173 μυε-

1898 4194 2028 4265 ρίων
2063 4196 2227 4268 ἔγεμε
2256 4196 2715 4269 κατορθωμάτων,
2749 4194 2990 4265 τοσούτῳ
3025 4192 3225 4265 μᾶλλον
3250 4189 3436 4243 ἐδεδίει
3473 4189 3570 4244 καὶ

1897 4283 2094 4355 ἔτρεμε
2118 4301 2133 4316 ο
2168 4285 2263 4339 καὶ
2303 4284 2506 4355 ταύτην
2546 4282 2699 4356 παρά
2739 4282 2833 4336 τοῦ
2875 4281 3197 4336 διδασκάλου
3229 4278 3326 4349 τὴν
3357 4277 3572 4346 φιλοσοο

1898 4372 2026 4441 φίαν
2046 4359 2338 4443 ἐμάνθανε.
2361 4371 2472 4424 Kal
2499 4370 2609 4443 γὰρ
2638 4372 2845 4433 ἐκεῖνος
2870 4372 2951 4432 εἰς
2970 4367 3153 4440 τρίτον
3176 4366 3449 4435 άρπαγεὶς
3475 4364 3571 4417 οὐ-

1902 4457 2081 4530 ρανὸν,
2115 4460 2210 4513 καὶ
2241 4460 2322 4521 εἰς
2358 4459 2687 4529 παράδεισον
2714 4455 3055 4527 ἀπενεχθεὶς,
3086 4454 3181 4507 καὶ
3208 4451 3449 4515 ἀκούσας
3479 4451 3571 4522 ρή·

1902 4563 2048 4617 ματα
2080 4546 2316 4618 ἄρρητα,
2348 4546 2442 4599 καὶ
2474 4544 2788 4617 μυστηρίων
2821 4545 3154 4613 κοινωνήσας
3173 4538 3448 4604 τοιούτων,
3477 4537 3571 4591 καὶ

1897 4634 1997 4704 τὴν
2023 4633 2350 4704 οἰκουμένην
2372 4632 2591 4686 ἅπασαν
2621 4631 2937 4704 ἐπιδραμὼν
2965 4628 3218 4699 καθάπερ
3237 4643 3321 4690 τις
3341 4625 3575 4679 ὑπόπτε-

1904 4736 2014 4789 ρος,
2064 4719 2372 4791 Κορινθίοις
2411 4719 2741 4773 ἐπιστέλλων
2773 4718 2956 4786 ελεγε·
2989 4714 3288 4785 Φοϐοῦμαι
3326 4712 3412 4783 μή
3448 4727 3574 4779 πως

1899 4806 2113 4874 ἄλλοις
2136 4807 2404 4875 κηρύξας
2428 4807 2614 4873 αὐτὸς
2636 4806 2925 4874 ἀδόκιμος
2954 4804 3231 4874 γένωμαι.
3260 4802 3324 4855 Εἰ
3349 4800 3408 4854 δὲ
3435 4799 3576 4854 Παῦ-

1900 4892 1990 4957 λος
2010 4894 2254 4964 φοϐεῖται
2287 4893 2300 4944 i
2337 4895 2473 4965 μετά
2500 4892 2724 4948 τοιαῦτα
2754 4893 2847 4947 καὶ
2881 4889 3119 4946 τοσαῦτα
3151 4888 3571 4960 κατορθώματα,

1900 4982 1929 5034 6
1948 4980 2196 5052 δυνηθεὶς
2215 4984 2411 5047 εἰπεῖν,
2431 4983 2512 5035 ὅτι
2558 4980 2713 5050 Ἐμοί
2746 4981 2973 5049 κόσμος
3001 4978 3384 5045 ἐσταύρωται,
3413 4972 3576 5044 κάγὼ

1899 5068 1981 5135 τῷ
2017 5070 2243 5138 κόσμῳ,
2270 5069 2450 5142 πολλῷ
2485 5069 2682 5141 μᾶλλον
2712 5069 2858 5140 ήμᾶς
2895 5066 3191 5120 δεδοικέναι
3215 5064 3342 5135 χρὴ,
3376 5063 3470 5117 καὶ
3493 5078 3575 5114 το-

1903 5156 2079 5227 σούτῳ
2112 5157 2331 5228 μᾶλλον,
2349 5158 2568 5228 ὅσῳπερ
2585 5157 2650 5210 ἂν
2674 5149 2825 5226 ὦμεν
2854 5153 3026 5207 πολλὰ
3042 5151 3413 5222 συνειληχότες
3443 5165 3576 5202 κατ-

1901 5242 2215 5316 ορθώματα.
2255 5242 2359 5299 Καὶ
2387 5245 2495 5316 γάρ
2516 5247 2545 5297 6
2577 5242 2820 5307 διάϐολος
2838 5239 3175 5313 ἀγριώτερος
3195 5238 3321 5291 τότε
3341 5235 3572 5304 γίνεται,

1900 5332 2023 5384 τότε
2051 5331 2399 5402 ἐκθηριοῦται
2439 5331 2621 5395 πλέον,
2663 5331 2788 5384 ὅταν
2822 5329 2906 5400 ἴδῃ
2939 5329 3055 5398 μετ’
3091 5322 3404 5395 ἐπιμελείας
3426 5324 3578 5393 ἡμᾶς

1900 5416 1992 5471 τὸν
2021 5418 2229 5471 ἐαυτῶν
2259 5417 2674 5489 οἰκονομοῦντας
2705 5416 2816 5486 βίον
2835 5431 2848 5444 ’
2880 5416 3008 5468 ὃταν
3045 5411 3130 5485 ἴδῃ
3161 5409 3229 5463 τὰ
3253 5408 3449 5480 φορτία
3476 5409 3576 5479 τῆς

1901 5505 2101 5574 ἀρετῆς
2130 5505 2486 5576 συγκείμενα,
2502 5505 2598 5558 καὶ
2618 5502 2782 5557 πολὺν
2807 5501 2934 5554 ὄντα
2956 5499 3047 5552 τὸν
3067 5497 3249 5567 ὄγκον,
3267 5495 3388 5549 τότε
3415 5513 3578 5549 σπου-

1901 5590 2053 5655 δάζει
2074 5591 2454 5665 χαλεπώτερον
2480 5589 2817 5663 ἐργάσασθαι
2843 5588 2903 5641 τὸ
2923 5585 3201 5655 ναυάγιον.
3233 5585 3293 5640 '0
3336 5585 3433 5657 μὲν
3461 5584 3572 5659 γὰρ

1969 5765 1995 5826 β
2021 5764 2172 5814 Sam.
2201 5768 2255 5813 et
2277 5763 2426 5826 aliqui
2456 5762 2730 5824 ἐπελάϐετο,
2759 5757 2933 5812 Morel.
2956 5755 3237 5808 ὑπελάϐετο.

1965 5824 1993 5863 1³
2023 5827 2157 5874 Unus
2181 5827 2269 5874 οὐκ
2286 5826 2344 5884 ἦν
2363 5824 2454 5888 γάρ
2481 5827 2625 5874 οῦτω.

1968 5887 1983 5925 ί
2015 5887 2114 5936 Alii
2135 5890 2200 5942 ὡς
2217 5889 2357 5948 πατρὶ
2380 5889 2557 5935 τέκνον.

1972 5949 1986 5999 i
2018 5949 2115 5999 Alii
2147 5948 2376 6011 ἐφοϐεῖτο.
