3892 6236
342 320 404 373 τι
697 287 704 295 ’
1119 310 1177 364 s.
1220 309 1504 365 JOANNIS
1542 308 2024 367 Clinvsosmm

2171 312 2399 370 ClllEP.
2441 315 2993 376 CONSTANTINOP.
3736 322 3801 376 ἓξ

342 431 565 504 εὐτελὴς
597 431 692 486 καὶ
736 427 1167 502 ἀπεῤῥιμμένος,
1201 427 1304 482 κᾶν
1328 427 1690 498 ὑποσκελισθῇ
1726 428 1817 480 καὶ
1847 441 2014 479 κατα-

345 519 509 590 πέσῃ,
564 518 625 571 οὑ
656 516 927 586 τοσαύτην
957 514 1037 584 τῷ
1074 513 1237 582 κοινῷ
1278 514 1434 585 φέρει
1488 514 1587 583 τὴν
1618 512 1822 582 βλάϐην
1843 526 1858 541 ·
1885 512 1915 564 6
1955 510 2013 563 δέ

345 606 535 678 ὥσπερ
552 607 610 659 ἐν
626 603 753 676 ὕψει
779 604 885 657 τινὶ
897 605 964 674 τῇ
982 603 1082 672 τῆς
1100 601 1299 672 ἀρετῆς
1317 599 1396 672 [6]
1420 602 1629 671 κορυφῇ
1655 599 1791 670 μετά
1805 597 2008 667 πολλῆς

342 694 446 763 τῆς
469 692 822 764 περιφανείας
848 688 1037 753 ἑστὼς,
1062 689 1154 742 καὶ
1175 689 1308 741 πᾶσι
1335 688 1493 758 δῆλος
1514 688 1609 740 καὶ
1627 685 1901 756 γνώριμος
1914 682 2012 749 ὢν,

344 782 443 835 καὶ
473 780 623 852 παρὰ
649 780 865 834 πάντων
894 776 1329 848 θαυμαζόμενος,
1361 777 1488 829 ὅταν
1516 773 1878 845 ἐπηρεασθείς
1912 790 2015 826 κα-

344 869 579 941 ταπέσῃ,
608 868 847 939 μεγάλην
864 866 961 937 τὴν
977 865 1184 918 πτῶσιν
1213 863 1309 917 καὶ
1336 864 1434 932 τὴν
1456 861 1660 932 ζημίαν
1689 859 2012 930 ἐργάζεται·

345 959 444 1026 οὑχ
476 958 557 1010 ὃτι
591 957 747 1027 μόνον
770 955 830 1019 ἐξ
863 953 1033 1022 ὕψους
1060 952 1380 1015 κατέπεσεν,
1409 950 1522 1003 ἀλλ’
1553 950 1633 1002 ὅτι
1661 949 1757 1002 καὶ
1786 947 2014 1011 πολλοὺς

349 1044 753 1116 ῥᾳθυμοτέρους
773 1042 999 1114 ἐποίησε
1029 1040 1141 1094 τῶν
1188 1039 1327 1110 πρὸς
1354 1039 1516 1093 αὑτὸν
1549 1037 1873 1107 βλεπόντων.
1904 1036 2015 1089 Καὶ

348 1132 597 1203 καθάπερ
618 1133 677 1184 ἐν
706 1131 941 1199 σώματι.
967 1130 1160 1201 μέλους
1192 1128 1290 1198 μὲν
1313 1126 1500 1197 ἐτέρου
1525 1124 1927 1196 διαφθαρέντος,
1952 1123 2011 1176 οὑ

347 1219 515 1289 πολλὴ
551 1220 584 1289 ἡ
638 1217 834 1288 βλάϐη,
874 1216 983 1268 τῶν
1033 1215 1089 1268 δὲ
1122 1211 1414 1283 ὀφθαλμῶν
1458 1209 1822 1282 πηρωθέντων
1850 1208 1882 1280 ἢ
1915 1208 2016 1278 τῆς

347 1307 588 1376 κεφαλῆς
630 1302 1095 1376 παραϐλαϐείσης,
1120 1301 1240 1354 ὅλον
1264 1301 1324 1353 τὸ
1347 1297 1797 1369 σῶμαάχρηστον
1814 1307 1839 1336 α
1864 1296 2014 1363 γίνε-

347 1413 434 1448 ται
456 1414 469 1428 ο
516 1395 658 1448 οὑτω
708 1393 773 1465 δὴ
822 1394 914 1446 καὶ
940 1391 1032 1443 ἐπὶ
1063 1388 1172 1442 τῶν
1218 1388 1390 1457 ἁγίων
1435 1387 1530 1439 καὶ
1574 1385 1785 1457 μεγάλα
1818 1401 2016 1455 κατορ-

349 1481 600 1536 θωκότων
643 1480 792 1535 ἐστιν
832 1479 1008 1533 εἰπεῖν
1042 1494 1057 1508 ⁸
1096 1476 1225 1530 ὅταν
1280 1477 1478 1528 ἐκεῖνοι
1519 1472 1838 1537 σϐεσθῶσιν,
1886 1473 2015 1526 ὅταν

348 1566 540 1637 κηλῖδά
559 1585 679 1620 τινα
707 1565 1166 1639 προστρίψωνται,
1198 1562 1490 1633 ὁλόκληρον
1522 1562 1617 1614 καὶ
1637 1560 1910 1631 ἀφόρητον
1936 1558 2016 1628 τῷ

346 1652 516 1723 λοιπῷ
547 1652 759 1723 σώματι
790 1652 889 1724 τὴν
922 1651 1125 1723 βλάϐην
1153 1649 1400 1720 φέρουσι.

417 1739 671 1793 δ’.Ταῦτα
687 1736 778 1793 οὖν
796 1739 1010 1793 ἅπαντα
1028 1741 1056 1792 ό
1068 1736 1329 1807 Τιμόθεος
1348 1728 1865 1801 εἱδὼς,πανταχόθεν
1893 1729 2018 1783 ἐαυ-

346 1826 439 1880 τὸν
470 1826 795 1897 ἡσφαλίζετο
818 1842 832 1856 ·
864 1825 980 1896 ⁴ᾔδει
1011 1824 1120 1894 γὰρ
1142 1824 1225 1877 ὅτι
1257 1820 1491 1893 χαλεπὸν
1523 1822 1557 1890 ἡ
1584 1819 1792 1887 νεότης,
1819 1818 1900 1871 ὃτι
1924 1815 2015 1867 εύ-

351 1914 618 1984 ρίπιστον,
646 1911 1072 1982 εὑεξαπάτητον,
1097 1909 1392 1970 εὑόλισθον,
1418 1907 1512 1960 καὶ
1537 1904 1892 1975 σφοδροτέρου
1909 1901 2017 1954 δεῖ-

347 2017 435 2052 ται
467 1997 562 2051 τοῦ
587 1998 805 2070 χαλινοῦ
832 2014 847 2029 ’
871 1998 1023 2069 πυρά
1039 1997 1148 2066 γάρ
1168 1996 1251 2059 τίς
1282 1997 1397 2046 ἐστι
1421 1993 1528 2045 τῶν
1562 1991 1759 2055 ἔξωθεν
1787 1988 2015 2059 ἐπιλαμ-

348 2086 619 2157 ϐανομένη
639 2088 913 2151 ἀπάντων,
945 2084 1146 2154 ῥᾳδίως
1186 2081 1511 2150 ἐκκαιομένη
1548 2080 1641 2132 καὶ
1663 2076 1890 2147 ταχέως.
1919 2076 2015 2130 Διά

347 2173 506 2227 τοῦτο
528 2173 864 2244 πανταχόθεν
885 2171 1056 2243 αὐτὴν
1072 2170 1336 2240 ἐφραττεν
1358 2168 1498 2221 ὥστε
1523 2166 1899 2231 συνεστάλθαι,
1922 2166 2016 2218 καὶ

346 2262 444 2334 τὴν
461 2262 633 2331 φλόγα
662 2261 867 2331 ταύτην
892 2259 1054 2312 παντὶ
1071 2259 1255 2329 τρόπῳ
1279 2257 1559 2328 μαραίνειν
1585 2254 1903 2318 ἐσπούδαζε,
1924 2255 2017 2306 καὶ

347 2355 437 2407 τὸν
464 2353 629 2406 ἵππον
664 2352 980 2423 δυσχάλινον
1025 2348 1152 2403 ὄντα
1198 2350 1292 2402 καὶ
1327 2349 1576 2417 δυσήνιον
1628 2346 1767 2417 μετά
1818 2344 2019 2413 πολλῆς

346 2435 485 2512 ’ἦγχε
511 2439 613 2511 τῆς
637 2440 1025 2511 σφοδρότητος,
1067 2438 1172 2501 ἕως
1220 2437 1309 2489 ὅτε
1341 2435 1506 2488 αὑτοῦ
1554 2434 1623 2486 τά
1673 2433 2020 2503 σκιρτήματα

348 2528 694 2600 περιέκοψεν,
734 2528 838 2590 ἕως
866 2528 1079 2598 εὐήνιον
1107 2524 1352 2595 ἐποίησε,
1384 2522 1478 2576 καὶ
1521 2521 1657 2592 μετά
1697 2521 1895 2592 πολλῆς
1920 2520 2021 2590 τῆς

348 2615 598 2678 ἐξουσίας
625 2617 745 2678 ταῖς
769 2615 925 2685 χερσὶ
944 2614 1040 2666 τοῦ
1065 2611 1403 2683 ἡνιοχοῦντος
1428 2610 1589 2664 αὑτὸν
1610 2609 1896 2679 παρέδωκε
1931 2608 2020 2661 λο-

347 2701 571 2772 γισμοῦ.
603 2701 941 2763 Ἀσθενείτω,
964 2699 1116 2768 φησι,
1141 2700 1202 2752 τὸ
1233 2697 1411 2767 σῶμα,
1446 2697 1539 2750 καὶ
1567 2695 1640 2767 μὴ
1663 2695 1955 2749 ἁσθενείτω
1983 2696 2015 2764 ἠ

346 2787 515 2859 ψυχὴ,
546 2785 879 2857 χαλινούσθω
905 2788 939 2858 ἡ
968 2785 1123 2857 σὰρξ.
1168 2784 1263 2840 καὶ
1286 2784 1361 2855 μὴ
1392 2781 1764 2853 ἐμποδιζέσθω
1786 2782 1813 2821 1³
1835 2783 1863 2835 ὁ
1885 2780 2021 2851 πρὸς

347 2874 442 2929 τὸν
477 2875 703 2944 οὑρανὸν
732 2875 831 2944 τῆς
854 2874 1030 2943 ψυχῆς
1056 2873 1275 2943 δρόμος.
1314 2871 1467 2926 Μετά
1490 2871 1547 2924 δέ
1569 2871 1773 2924 τούτων
1801 2871 2021 2922 κάκεῖνο

352 2961 590 3034 μάλιστα
628 2963 692 3017 ἄν
730 2979 814 3025 τις
841 2961 1005 3014 αὑτὸν
1045 2960 1344 3028 ἀγάσαιτο,
1377 2960 1459 3012 ὅτι
1501 2960 1595 3012 καὶ
1644 2956 2021 3027 ἐξησθενηκὼς

350 3049 544 3114 οὕτως,
582 3051 677 3103 καὶ
699 3047 939 3122 τοσαύτῃ
966 3047 1210 3101 παλαίων
1234 3047 1535 3119 ἀρρωστίᾳ,
1580 3046 1688 3099 τῶν
1716 3044 1857 3100 κατά
1889 3044 2021 3099 Θεὸν

350 3139 451 3192 οὑκ
474 3138 667 3208 ἡμέλει
690 3136 1052 3207 πραγμάτων,
1077 3135 1212 3190 ἀλλά
1235 3135 1344 3189 τῶν
1372 3136 1719 3204 ὑγιαινόντων
1747 3137 1842 3189 καὶ
1861 3151 2020 3205 σφρι-

350 3226 573 3296 γώντων
591 3227 658 3281 τὰ
675 3226 762 3280 ’σώ
769 3244 914 3298 ματα
931 3228 1126 3297 μᾶλλον
1147 3228 1419 3297 πανταχοῦ
1446 3228 1790 3296 περιίπτατο,
1804 3227 1899 3281 νῦν
1923 3228 2019 3298 μὲν

352 3316 435 3378 είς
470 3316 725 3384 Ἔφεσον,
764 3313 857 3369 νῦν
889 3314 944 3367 δὲ
973 3317 1053 3378 είς
1107 3314 1391 3385 Κόρινθον,
1414 3317 1470 3368 ἐν
1492 3315 1803 3386 Μακεδονίᾳ
1828 3315 2024 3369 πολλά-

355 3419 461 3465 κις,
488 3403 545 3454 ἐν
578 3402 797 3474 Ἰταλίᾳ,
825 3402 1100 3471 πανταχοῦ
1123 3401 1225 3472 τῆς
1246 3402 1370 3474 γῆς,
1398 3400 1674 3473 πανταχοῦ
1698 3403 1796 3474 τῆς
1826 3402 2023 3457 θαλάτ-

351 3505 448 3558 της
465 3489 602 3559 μετά
616 3489 709 3542 τοῦ
722 3489 1037 3543 διδασκάλου
1057 3489 1397 3559 φαινόμενος,
1416 3490 1511 3542 καὶ
1530 3492 1799 3544 κοινωνῶν
1817 3492 1872 3543 ὲν
1891 3492 2023 3544 πᾶσι

352 3577 462 3627 τῶν
489 3574 716 3642 ἀγώνων
741 3573 911 3645 αὐτῷ,
937 3576 1032 3628 καὶ
1055 3576 1165 3629 τῶν
1192 3575 1507 3646 ἐπαλλήλων
1524 3576 1783 3629 κινδύνων
1808 3576 1901 3629 καὶ
1923 3578 2024 3648 τὴν

355 3661 673 3730 φιλοσοφίαν
694 3662 792 3731 τῆς
805 3661 982 3733 ψυχῆς
1016 3664 1115 3715 οὑκ
1143 3662 1367 3732 ἤλεγξεν
1390 3663 1423 3732 ὴ
1445 3662 1539 3714 τοῦ
1570 3662 1819 3733 σώματος
1845 3665 2024 3735 ἀρρω-

357 3748 481 3803 στία
500 3764 514 3778 ’
543 3747 793 3811 τοσοῦτός
823 3748 972 3800 ἐστιν
1000 3758 1022 3786 ο
1057 3749 1086 3799 6
1120 3749 1259 3800 κατὰ
1289 3749 1420 3801 Θεὸν
1437 3747 1617 3819 ζῆλος,
1654 3748 1795 3801 οὓτω
1823 3750 2024 3818 κοῦφον

356 3834 647 3907 ἐργάζεται
684 3835 746 3887 τὸ
772 3835 990 3907 πτερόν.
1029 3835 1238 3906 Ὠσπερ
1258 3835 1367 3904 γὰρ
1382 3838 1495 3898 τοῖς
1520 3835 1588 3888 τά
1614 3833 1843 3906 σώματα
1874 3835 2026 3906 ἐχου-

357 3940 441 3977 σιν
462 3921 786 3977 εὑεκτοῦντα
806 3924 900 3977 καὶ
930 3923 1076 3994 ὑγιῆ,
1095 3921 1283 3995 κέρδος
1311 3923 1466 3976 οὐδὲν
1493 3922 1646 3976 ἔσται
1665 3924 1763 3995 τῆς
1788 3924 2021 3991 εὐεξίας,

356 4011 514 4082 ἐὰν-ἠ
547 4011 693 4083 ψυχὴ
727 4011 1181 4083 καταϐεϐλημένη
1306 4013 1399 4066 καὶ
1428 4011 1669 4084 ῥᾴθυμος
1699 4015 1794 4067 καὶ
1825 4015 2023 4087 νωθὴς,

355 4096 499 4152 οὕτω
530 4100 641 4161 τοῖς
678 4098 1130 4170 ἐξησθενημένοις
1176 4099 1327 4153 οὑδέν
1354 4099 1505 4154 ἔσται
1550 4098 1748 4170 βλάϐος
1784 4102 1892 4155 ἀπὸ
1923 4102 2026 4172 τῆς

355 4185 686 4257 ἀρρωστίας,
713 4185 808 4238 ἐὰν
831 4187 864 4256 ἠ
887 4185 1032 4259 ψυχὴ
1056 4184 1331 4261 γενναίαῇ
1361 4189 1455 4242 καὶ
1482 4188 1902 4260 διεγηγερμένη.
1932 4191 2028 4243 Δο-

357 4277 445 4328 κεῖ
470 4274 566 4343 μὲν
591 4269 683 4325 οὖν
708 4290 849 4326 τισιν
874 4275 908 4344 ἡ
934 4274 1255 4345 παραίνεσις
1282 4275 1421 4347 αὕτη
1452 4278 1546 4329 καὶ
1573 4276 1849 4348 συμϐουλὴ
1881 4274 2027 4340 ἐξου-

359 4362 477 4414 σίαν
500 4361 700 4414 διδόναι
730 4360 864 4431 πρὸς
896 4361 1212 4433 ἀδεεστέραν
1241 4365 1579 4418 οἰνοποσίαν·
1607 4365 1669 4418 τὸ
1691 4365 1746 4419 δέ
1768 4367 1829 4419 οὑ
1851 4365 2027 4419 τοιοῦ-

356 4450 446 4503 τόν
472 4452 646 4502 ἐστιν’
672 4448 789 4502 ἀλλ’
811 4449 862 4502 εἴ
883 4466 965 4511 τις
1003 4451 1120 4521 μετ’
1133 4451 1419 4523 ἀκριϐείας
1445 4453 1717 4519 ἐξετάσειε
1744 4452 1842 4524 τὴν
1871 4454 2027 4525 ῥῆσιν

357 4537 548 4607 αὑτὴν,
564 4533 815 4606 νηστείας
840 4535 1039 4607 μᾶλλόν
1059 4540 1172 4591 ἐστι
1190 4538 1252 4591 τὸ
1271 4541 1501 4611 πρᾶγμα
1530 4541 1869 4612 παραίνεσις.
1912 4542 2029 4594 Ἑν-

357 4623 551 4694 νόησον
579 4623 688 4695 γὰρ
716 4623 834 4686 πῶς
860 4624 960 4677 οὑκ
991 4623 1051 4689 ἐξ
1071 4624 1266 4695 ἀρχῆς,
1291 4624 1414 4678 οὐδὲ
1440 4629 1504 4680 ἐκ
1541 4627 1842 4699 προοιμίων
1869 4626 2029 4681 τοῦτο

359 4710 776 4764 συνεϐούλευσεν
803 4713 832 4765 ὁ
864 4710 1097 4775 Παῦλος,
1131 4711 1245 4764 ἀλλ’
1267 4713 1354 4765 ὅτε
1381 4710 1519 4767 εἶδεν
1543 4716 1850 4786 καταϐεϐλη
1860 4716 2028 4788 μένην

354 4796 456 4867 τὴν
490 4799 644 4867 ίσχὺν
685 4796 935 4862 ἅπασαν,
980 4799 1105 4852 τότε
1149 4799 1534 4854 συνεϐούλευσε
1561 4819 1575 4834 ο
1616 4805 1710 4857 καὶ
1746 4803 1867 4858 οὐδέ
1905 4803 2028 4856 τότε

356 4883 562 4947 ἁπλῶς,
591 4885 727 4939 ἀλλά
745 4886 839 4939 καὶ
868 4886 1005 4955 μετά
1031 4886 1416 4958 προδιορισμοῦ
1453 4905 1615 4952 τινος.
1643 4891 1718 4943 Οὑ
1748 4890 1856 4962 γὰρ
1875 4886 2029 4943 εἷπεν

357 4970 565 5035 ἁπλῶς,
613 4973 754 5042 Οίνῳ
799 4975 933 5044 χρῶ,
964 4974 1101 5039 ἀλλ’,
1122 4975 1277 5043 Οίνῳ
1292 4976 1499 5046 ὀλίγῳσ
1524 4978 1624 5032 οὑκ
1649 4980 1833 5051 ἐπειδὴ
1863 4982 1905 5032 Τ
1911 4981 2030 5051 ιμό-

358 5060 485 5125 θεος
509 5059 714 5131 ταύτης
730 5060 899 5115 ἐδεῖτο
918 5063 1018 5133 τῆς
1041 5064 1419 5136 παραινέσεως
1444 5067 1540 5120 καὶ
1564 5068 1664 5138 τῆς
1690 5069 2026 5139 συμϐουλῆς,

357 5147 471 5201 ἀλλ’
494 5147 679 5219 ἐπειδὴ
704 5151 863 5219 ἡμεῖς
881 5149 1130 5221 δεόμεθα.
1162 5152 1261 5206 Διά
1283 5153 1443 5208 τοῦτο
1460 5155 1792 5209 ἐπιστέλλων
1810 5157 2026 5228 ἐκείνῳ,

360 5236 537 5308 μέτρα
565 5238 659 5291 καὶ
686 5238 846 5310 ὅρους
871 5240 1002 5310 ἡμῖν
1041 5240 1224 5310 τίθησι
1260 5242 1361 5311 τῆς
1398 5244 1727 5307 οίνοποσίας,
1775 5244 2030 5299 τοσοῦτον

359 5323 594 5378 κελεύων
612 5325 810 5387 πίνειν,
829 5327 952 5381 ὅσον
977 5328 1223 5400 διορθοῦν
1259 5328 1339 5402 [7]
1357 5330 1659 5396 ἀσθένειαν,
1689 5332 1813 5385 ὅσον
1845 5333 2030 5400 ὑγείαν

360 5412 618 5484 παρέχειν
643 5413 722 5486 τῷ
755 5413 990 5486 σώματι,
1023 5416 1157 5472 ἀλλά
1178 5416 1204 5457 ἀ
1229 5419 1304 5490 μὴ
1338 5420 1493 5475 νόσον
1523 5421 1736 5494 ἑτέραν.
1768 5422 1878 5492 Τῆς
1921 5420 2029 5493 γὰρ

421 5630 454 5704 ξ
470 5630 613 5714 Tres.
634 5648 780 5714 mnu.“
795 5639 938 5714 σῶμα
966 5639 1131 5714 λοιπὸν
1167 5639 1431 5714 άχρηστον.
1466 5642 1608 5714 _Inl'r:_i
1640 5659 1766 5714 imus
1797 5646 1908 5714 ὅταν
1940 5647 2030 5712 γὰρ

358 5692 528 5766 ἐκεῖνοι
550 5692 1114 5766 σᾷεσθκΡᾳιιΙὸ-ριιδῑ-ὅτι
1137 5692 1429 5766 εὑρῖπιῗστον,
1462 5707 1534 5754 δτι
1558 5692 1783 5762 εῦεξαπξ.
1806 5692 1904 5761 ότι.
1929 5692 2027 5758 6ιῖ

358 5753 466 5833 Μτξκ
484 5758 679 5833 gnid‘am
707 5753 925 5833 ἐπιλαμϐῖ
940 5763 1162 5833 ἁπάντων
1190 5753 1377 5833 ῥαδίως,
1411 5753 1801 5831 καὶέκκαίομένη

421 5815 448 5891 ξ)
592 5815 931 5891 έμποδιζέοξθω,
958 5815 1443 5891 είῖίρσυμποδιζέσθω.

421 5880 444 5956 ῗ
471 5878 568 5956 ᾼείἓ
590 5878 972 5956 τδροῦτάνέεπίν·
990 5884 1109 5956 Infra
1127 5878 1269 5947 haud
1289 5878 1371 5938 ἐὰν
1388 5894 1418 5950 ἡ
1441 5893 1566 5956 iam
1589 5895 2024 5956 καταελαπτομένη.

423 5939 447 5978 ιι
472 5942 570 5995 ΑΙιί
593 5946 778 5999 σώματι
805 5946 969 6010 μόνον,
995 5939 1133 5998 ἀλλά.

2119 427 2445 498 ὑδροποσίας
2478 433 2578 505 τῆς
2607 435 2817 505 ἀφάτου
2848 436 2949 487 οὑκ
2979 435 3254 502 ἐλάττονα,
3315 437 3450 492 άλλά
3485 440 3583 493 καὶ
3616 438 3802 512 πολλῷ

2120 517 2343 573 πλείονα
2371 523 2464 574 καὶ
2494 523 2850 596 χαλεπώτερα
2869 527 2902 596 ἡ
2923 526 3155 596 ἄμετρος
3174 528 3453 583 οἱνοποσία
3491 532 3679 584 τίκτει
3719 550 3807 583 νο-

2120 606 2339 675 σήματα
2365 612 2457 662 καὶ
2485 610 2564 681 τῷ
2592 612 2804 682 σώματι
2849 614 2942 667 καὶ
2967 617 3033 685 τῇ
3078 614 3246 687 ψυχῇ,
3291 618 3382 670 τὸν
3415 618 3659 688 πόλεμον
3688 622 3800 673 τῶν

2114 693 2323 757 παθῶν,
2372 698 2466 750 καὶ
2493 698 2585 751 τὸν
2634 700 2877 770 χειμῶνα
2905 701 3014 754 τῶν
3046 704 3261 757 ἀτόπων
3288 704 3569 777 λογισμῶν
3601 709 3800 762 ἐπεισ-

2115 778 2323 848 άγουσα
2352 786 2418 854 τῇ
2448 784 2675 858 διανοίᾳ,
2695 788 2789 839 καὶ
2814 788 2909 840 τοῦ
2939 789 3186 858 σώματος
3218 791 3317 862 τὴν
3347 795 3500 864 ἰσχὺν
3530 794 3801 864 χαυνοτὲ-

2116 883 2216 938 ραν
2254 868 2350 922 καὶ
2394 870 2819 944 πλαδαρωτέραν
2863 876 3229 948 ἐργαζομένη.
3285 880 3362 932 Οὑ
3384 880 3494 950 γάρ
3549 880 3798 954 οὓτως-ἡ

2112 955 2212 1025 τῆς
2250 957 2353 1025 γῆς
2402 958 2563 1024 φύσις
2600 960 2949 1029 ἐνοχληθεῖσα
2985 966 3050 1034 τῇ
3090 964 3198 1017 τῶν
3248 965 3455 1021 ὑδάτων
3505 968 3799 1042 πλεονεξίᾳ

2115 1044 2355 1112 συνεχῶς
2379 1044 2671 1109 διαλύεται,
2697 1048 2774 1112 ὼς
2801 1051 2834 1120 ὴ
2862 1049 2958 1101 τοῦ
2983 1048 3234 1120 σώματος
3246 1052 3476 1124 δύναμις
3491 1056 3797 1125 χαυνοῦται

2113 1130 2208 1182 καὶ
2239 1130 2451 1202 διαρρεῖ
2510 1136 2602 1188 καὶ
2650 1135 2891 1207 ἐξίτηλος
2945 1138 3154 1205 γίνεται
3193 1142 3432 1211 συνεχῶς
3453 1144 3798 1210 οίνοποσίαις

2112 1213 2537 1291 ἐπαντλουμένη.
2588 1216 2882 1293 Φεύῇυμεν
2919 1224 3096 1277 τοίνυν
3140 1227 3239 1290 τὰς
3285 1228 3554 1298 ἀμετρίας
3593 1232 3797 1284 ἐκατέ-

2116 1302 2309 1373 ρωθεν,
2336 1307 2429 1358 καὶ
2455 1316 2477 1342 υ
2504 1307 2603 1377 τῆς
2629 1309 2818 1376 ὑγείας
2839 1312 3224 1382 ἐπιμελώμεθα
3263 1315 3357 1367 τοῦ
3390 1315 3674 1385 σώματος,
3704 1319 3802 1372 καὶ

2112 1393 2184 1446 τά
2214 1397 2560 1465 σκιρτήματα
2594 1399 2758 1452 αὑτοῦ
2801 1400 3242 1472 περικόπτωμεν.
3281 1398 3439 1467 Οἷνος
3482 1405 3598 1475 γάρ
3638 1406 3800 1478 ἐδόθη

2117 1481 2268 1552 παρά
2291 1483 2448 1548 Θεοῦ,
2498 1485 2597 1555 οὐχ
2648 1487 2735 1540 ἵνα
2768 1487 3073 1558 μεθύωμενι,
3095 1488 3210 1542 ἀλλ’
3241 1490 3329 1545 ἵνα
3357 1493 3623 1562 νήφωμεν
3645 1534 3660 1557 ,
3712 1494 3802 1547 ἵνα

2114 1567 2552 1640 εὐφραινώμεθα,
2582 1575 2679 1644 οὑχ
2720 1575 2808 1629 ἵνα
2835 1574 3113 1644 ἀλγῶμεν.
3149 1574 3324 1644 Οἶνος
3341 1577 3448 1647 γάρ
3462 1578 3803 1647 εὐφραίνει.

2116 1655 2271 1725 φησὶ,
2289 1655 2890 1726 καρδίανάνθρώπου*
2913 1660 2978 1712 σὺ
2996 1661 3051 1714 δὲ
3079 1661 3242 1715 αὑτὸν
3262 1660 3497 1731 ἀθυμίας
3533 1663 3804 1716 ὑπόθεσιν

2116 1744 2287 1806 ποιεῖς
2306 1759 2319 1772 ⁸
2340 1743 2433 1795 καὶ
2456 1743 2565 1814 γάρ
2592 1743 2895 1816 βαρύθυμοι
2924 1749 2973 1800 οἱ
3001 1748 3292 1817 μεθύοντες
3315 1749 3432 1819 μεθ’
3454 1750 3799 1821 ὑπερϐολῆς,

2116 1828 2306 1881 σκότου
2330 1829 2524 1882 πολλοῦ
2547 1832 3118 1903 κατασκεδαννυμένου
3146 1835 3254 1888 τῶν
3274 1835 3550 1904 λογισμῶν
3580 1835 3599 1874 ί
3613 1877 3629 1890 .
3661 1838 3805 1908 Φάρ-

2120 1917 2290 1984 μακόν
2311 1918 2461 1970 ἐστιν
2484 1918 2721 1989 ἄριστον.
2747 1920 2875 1974 ὅταν
2911 1920 3008 1989 τὴν
3045 1922 3385 1992 συμμετρίαν
3419 1921 3515 1993 ἔχῃ
3535 1922 3801 1994 ἀρίστην.

2117 2003 2285 2058 Τοῦτο
2316 2007 2408 2058 καὶ
2440 2005 2577 2075 πρὸς
2609 2008 2734 2070 τοὺς
2766 2009 3075 2078 αἱρετικοὺς
3114 2011 3147 2079 ἡ
3159 2013 3248 2078 μίν
3293 2010 3563 2081 χρήσιμον
3595 2011 3663 2064 τὸ
3695 2030 3805 2081 χω-

2118 2092 2252 2162 ρίον,
2288 2093 2412 2156 τοὺς
2440 2092 2821 2158 διαϐάλλοντας
2852 2094 2945 2148 τοῦ
2980 2095 3114 2149 Θεοῦ
3143 2098 3242 2169 τήν
3270 2098 3446 2151 κτίσιν
3466 2116 3479 2128 ·
3509 2099 3559 2150 εί
3586 2098 3707 2170 γὰρ
3737 2096 3805 2169 ἦν

2116 2178 2224 2231 τῶν
2253 2179 2670 2250 κεκωλυμένων,
2709 2182 2811 2234 οὑκ
2838 2181 2904 2235 ἂν
2937 2182 3234 2251 ἐπέτρεψεν
3272 2187 3301 2237 ό
3324 2184 3556 2250 Παῦλος,
3589 2185 3701 2237 οὐκ
3735 2186 3805 2239 ἂν

2117 2260 2268 2317 εἶπεν
2295 2265 2425 2336 οίνῳ
2454 2267 2865 2337 κεχρῆσθαι,υὺ
2889 2270 3022 2340 πρὸς
3042 2272 3348 2342 αἱρετικοὺς
3373 2271 3429 2324 δὲ
3457 2272 3641 2341 μόνον,
3662 2271 3806 2326 ἀλλά

2117 2352 2214 2405 καὶ
2242 2354 2378 2423 πρὸς
2410 2354 2536 2417 τοὺς
2562 2355 2954 2428 ἀφελεστέρους
2982 2357 3092 2410 τῶν
3124 2358 3411 2428 ἡμετέρων
3437 2358 3717 2428 ἀδελφῶν,
3754 2364 3804 2415 οἶ

2116 2439 2255 2492 ἐπὰν
2285 2439 2435 2494 ἴδωσί
2466 2458 2618 2506 τινας
2663 2441 2767 2495 ὑπὸ
2799 2442 3007 2513 μέθηςδ
3058 2445 3521 2515 ἀσχημονοῦντας,
3562 2448 3807 2514 ἀφέντες

2117 2526 2364 2590 κακίζειν
2408 2530 2679 2591 ἐκείνους,
2714 2529 2807 2582 τὸν
2851 2529 3003 2601 παρά
3041 2531 3135 2583 τοῦ
3162 2532 3297 2585 Θεοῦ
3326 2532 3551 2585 δοθέντα
3580 2536 3806 2605 καρπὸν

2117 2612 2482 2674 διαϐάλλουσι,
2530 2615 2799 2683 λέγοντες,
2830 2617 2919 2685 Μὴ
2950 2616 3090 2670 ἔστω
3117 2613 3277 2681 οἶνος.
3310 2617 3574 2688 Δέγωμεν
3612 2618 3805 2671 τοίνυν

2118 2700 2255 2770 πρὸς
2300 2701 2515 2764 αὐτοὺς,
2571 2703 2660 2772 Μὴ
2704 2701 2844 2754 ἔστω
2884 2702 3020 2773 μέθη
3047 2719 3061 2732 ·
3113 2700 3254 2767 οἶνος
3283 2703 3391 2775 γὰρ
3424 2703 3585 2771 ἐργον
3631 2702 3804 2766 Θεοῦ,

2122 2785 2258 2857 μέθη
2281 2786 2337 2839 δὲ
2360 2786 2520 2857 ἔργον
2538 2788 2784 2842 διαϐόλου
2804 2805 2817 2818 ·
2842 2791 2940 2859 οὐχ
2959 2791 2987 2841 ό
3011 2784 3153 2851 οἶνος
3180 2792 3326 2843 ποιεῖ
3343 2791 3440 2861 τὴν
3461 2788 3655 2860 μέθην,
3682 2790 3805 2842 ἀλλ’

2118 2874 2150 2943 ή
2188 2875 2397 2928 ἀσωτία
2423 2876 2686 2946 ποιεῖτὴν
2719 2875 2889 2946 μέθην
2908 2893 2923 2906 ο
2952 2875 3033 2947 μὴ
3055 2876 3307 2931 διάϐαλλε
3334 2876 3426 2930 τοῦ
3457 2877 3593 2930 Θεοῦ
3615 2877 3679 2929 τὸ
3708 2878 3809 2948 δη-

2123 2962 2460 3033 μιούργημα,
2493 2962 2629 3016 ἀλλά
2669 2964 2968 3035 κατηγόρει
3005 2964 3104 3034 τῆς
3135 2965 3229 3018 τοῦ
3265 2964 3547 3018 συνδούλου
3574 2966 3805 3034 μανίας.

2121 3050 2191 3101 Σὺ
2211 3048 2269 3101 δὲ
2297 3050 2457 3117 ἀφείς
2486 3050 2578 3103 τὸν
2600 3050 2986 3121 ἁμαρτάνοντα
3018 3051 3265 3117 κολάζειν
3296 3053 3390 3105 καὶ
3427 3050 3806 3125 διορθοῦσθαι,

2120 3135 2211 3187 τὸν
2241 3136 2632 3209 εὐεργετοῦντα
2669 3136 2942 3209 ὑϐρίζειςς

2188 3228 2248 3275 ε’.
2283 3223 2447 3276 Ὅταν
2466 3223 2642 3277 τοίνυν
2663 3223 2981 3295 ἀκούσωμέν
3011 3242 3170 3279 τινων
3183 3224 3352 3279 ταῦτα
3370 3224 3659 3294 λεγόντων,
3676 3227 3807 3282 ἐπι-

2122 3309 2466 3381 στομίςωμεν
2494 3311 2689 3376 αὐτούς
2712 3313 2775 3351 ιι·
2823 3313 2885 3364 οὐ
2914 3310 3023 3381 γὰρ
3048 3314 3079 3383 ὴ
3107 3312 3323 3383 χρῆσις,
3355 3313 3469 3366 ἀλλ’
3498 3316 3531 3383 ἡ
3558 3313 3809 3387 ἀμετρία

2118 3394 2218 3466 τὴν
2262 3396 2433 3467 μέθην
2473 3401 2645 3461 ποιεῖ,
2697 3397 2888 3469 μέθην,
2931 3399 3031 3469 τὴν
3084 3399 3269 3453 κακῶν
3313 3400 3470 3471 ῥίζαν
3517 3400 3802 3457 ἁπάντων.

2122 3480 2277 3546 Οἷνος
2307 3483 2484 3555 ἐδόθη,
2526 3486 2613 3538 ἵνα
2661 3486 2913 3556 σώματος
2952 3486 3234 3543 ἀσθένειαν
3281 3486 3668 3558 διορθώσηται,
3707 3491 3810 3561 οὑχ

2123 3570 2211 3624 ἵνα
2243 3570 2424 3641 ψυχῆς
2450 3573 2600 3642 ἰσχὺν
2617 3573 2919 3646 καταϐάλῃ,
2940 3574 3026 3627 ἵνα
3050 3575 3248 3645 σαρκὸς
3268 3574 3579 3646 ἀρρωστίαν
3608 3576 3807 3648 ἀνέλῃ,

2122 3658 2220 3727 οὑχ
2254 3657 2338 3710 ἴνα
2371 3657 2549 3729 ψυχῆς
2582 3660 2772 3726 ὑγείαν
2804 3659 3150 3731 λυμαίνηται.
3195 3661 3287 3731 Μὴ
3325 3662 3500 3714 τοίνυν
3541 3663 3809 3736 ἀμέτρως

2124 3744 2461 3815 κεχρημένος
2480 3747 2547 3816 τῇ
2564 3745 2657 3798 τοῦ
2688 3745 2822 3798 Θεοῦ
2846 3746 3023 3818 δωρεᾷ
3059 3748 3264 3818 πάρεχε
3299 3747 3470 3812 λαϐὰς
3497 3752 3609 3812 τοῖς
3638 3752 3809 3822 ἀνοή-

2123 3847 2236 3895 τοις
2259 3831 2353 3884 καὶ
2376 3832 2777 3904 ἀναιδεστέροις
2799 3833 2908 3887 τῶν
2933 3834 3251 3906 ἀνθρώπων.
3289 3835 3355 3888 Τί
3383 3837 3490 3906 γὰρ
3516 3837 3811 3892 ἐλεεινότε·

2129 3935 2217 3990 ρον
2259 3918 2460 3990 μέθης;
2493 3920 2682 3991 νεκρός
2739 3922 2883 3974 ἐστιν
2929 3920 3171 3992 ἔμψυχος
3201 3924 3230 3974 6
3278 3921 3493 3993 μεθύων
3521 3939 3535 3953 ·
3587 3924 3809 3995 δαίμων

2125 4007 2270 4060 ἐστὶν
2307 4006 2649 4077 αὐθαίρετος,
2677 4007 2889 4079 νόσημα
2926 4008 3258 4081 συγγνώμην
3286 4010 3386 4063 οὑκ
3425 4010 3569 4081 ἔχον,
3595 4012 3811 4083 πτῶμα

2126 4095 2421 4162 ἀπολογίας
2440 4094 2827 4167 ἐστερημένον,
2870 4096 3022 4168 κοινὴ
3052 4098 3145 4150 τοῦ
3176 4099 3362 4167 γένους
3387 4097 3543 4170 ἡμῶν
3563 4099 3813 4171 ἀσχημο-

2127 4180 2282 4252 σύνη.
2306 4182 2382 4235 Οὑ
2410 4182 2519 4253 γὰρ
2549 4184 2606 4235 ἐν
2632 4182 2980 4247 συνουσίαιςὶ
3017 4185 3176 4256 μόνον
3209 4187 3482 4257 ἄχρηστος
3505 4188 3533 4239 ὁ
3562 4186 3809 4257 μεθύων,

2124 4269 2230 4323 οὐδ’
2267 4272 2326 4323 ἐν
2362 4270 2650 4369 ίδιωτικοῖς
2683 4273 2779 4325 καὶ
2800 4271 3081 4343 δημοσίοις
3111 4273 3433 4345 πράγμασιν
3457 4314 3471 4338 ,
3534 4273 3675 4327 ἀλλά
3712 4277 3812 4331 καὶ
3861 4278 3863 4369 γ

2126 4358 2186 4409 ἐν
2233 4356 2362 4428 ψιλῇ
2416 4355 2620 4429 θεωρίᾳ
2668 4358 2886 4414 πάντων
2930 4361 3078 4413 ἐστὶν
3130 4359 3484 4431 ἀηδέστερος,
3539 4360 3813 4426 δυσωδίας

2128 4442 2341 4496 πνέων*
2375 4444 2570 4514 ἐρυγαὶ
2598 4445 2694 4498 καὶ
2721 4447 3046 4517 χασμήσεις,
3098 4447 3193 4499 καὶ
3228 4447 3285 4498 αί
3334 4445 3510 4515 φωναὶ
3552 4445 3665 4499 τῶν
3710 4466 3814 4517 με-

2129 4529 2363 4585 θυόντων
2391 4531 2651 4602 ἀτερπεῖς
2684 4533 2778 4586 καὶ
2807 4533 3014 4604 ἀηδεῖς,
3055 4532 3382 4603 βδελυγμίας
3409 4533 3649 4603 ἐσχάτης
3671 4535 3813 4605 πλη·
3862 4534 3863 4593 l

2132 4616 2322 4689 ροῦσαι
2355 4620 2483 4683 τοὺς
2513 4619 2758 4692 ὁρῶντας
2802 4623 2899 4674 καὶ⁸
2937 4622 3387 4693 συγγινομένους·
3412 4623 3505 4676 καὶ
3532 4621 3595 4676 τὸ
3629 4627 3815 4693 κεφά-
3862 4620 3863 4675 ἒ

2128 4703 2277 4759 λαιον
2305 4706 2415 4759 τῶν
2436 4707 2642 4772 κακῶν,
2676 4708 2759 4760 ὅτι
2788 4708 2881 4761 τὸν
2911 4708 3138 4780 οὐρανὸν
3158 4707 3360 4762 ἄϐατον
3401 4710 3544 4761 ποιεῖ
3562 4711 3679 4772 τοῖς
3711 4727 3815 4780 με-

2130 4790 2317 4846 θύουσι
2354 4793 2512 4847 τοῦτο
2552 4793 2614 4846 τὸ
2643 4794 2879 4866 νόσημα,
2927 4796 3025 4848 καὶ
3054 4795 3162 4849 τῶν
3183 4795 3415 4849 αἰωνίων
3441 4794 3666 4863 ἀγαθῶν
3709 4798 3814 4850 οὑκ

2129 4880 2353 4952 ἀφίησιν
2377 4882 2678 4952 ἐπιτυχεῖν,
2699 4882 2834 4937 ἀλλὰ
2860 4883 2999 4953 μετὰ
3020 4884 3120 4953 τῆς
3151 4882 3386 4937 ἐνταῦθα
3411 4884 3813 4957 ἀσχημοσύνης

2131 4968 2225 5025 καὶ
2258 4971 2374 5022 ἐκεῖ
2406 4969 2625 5033 κόλασις
2662 4970 2934 5042 ἀφόρητος
2976 4972 3101 5034 τοὺς
3142 4971 3214 5024 τὰ
3252 4969 3476 5025 τοιαῦτα
3515 4971 3815 5037 νοσοῦντας

2131 5057 2412 5127 ἀναμένει.
2438 5057 2832 5129 Περικόψωμεν
2858 5058 3036 5111 τοίνυν
3058 5056 3154 5129 τὴν
3176 5056 3422 5128 πονηρὰν
3450 5057 3653 5127 ταύτην
3683 5076 3816 5114 συν-

2133 5142 2343 5215 ήθειαν,
2404 5144 2500 5199 καὶ
2523 5144 2846 5216 ἀκούσωμεν
2884 5145 3098 5200 Παύλου
3139 5143 3410 5214 λέγοντος,
3442 5146 3599 5212 Οἵνῳ
3625 5147 3816 5217 ὀλίγῳ

2129 5230 2284 5303 χρῶ·
2321 5232 2402 5305 [8]
2444 5234 2540 5287 καὶ
2584 5233 2693 5306 γὰρ
2725 5234 2887 5289 αὑτὸν
2927 5235 3017 5288 τὸν
3047 5235 3224 5304 ὀλίγον
3264 5235 3352 5289 διὰ
3378 5235 3475 5305 τὴν
3522 5236 3816 5292 ἀσθένειαν

2131 5322 2465 5393 ἐπέτρεψεν·
2491 5322 2568 5387 ὡς
2608 5325 2657 5376 εί
2702 5325 2777 5395 μὴ
2804 5319 2872 5395 ἧν
2898 5322 3151 5379 ἀσθένεια.
3190 5323 3556 5395 διενοχλοῦσα,
3605 5325 3711 5379 οὑκ
3747 5326 3817 5381 ἂν

2201 5461 2222 5482 ⁸
2249 5462 2453 5571 (ἐνυίἀεῐη
2487 5463 2660 5524 τοίνυν,
2701 5464 2983 5527 παρακαλῶ,
3006 5463 3090 5519 τάς
3109 5463 3341 5529 ἁμαρτίας
3363 5464 3670 5529 ἑκατέρωθεν,
3692 5466 3815 5529 ἀγα-

2202 5538 2260 5571 το
2284 5560 2296 5571 .
2324 5541 2423 5571 και.

2202 5538 2296 5573 τοι.
2324 5541 2423 5573 και.

2130 5540 2296 5582 πητοι,
2324 5541 2423 5573 και.

2200 5584 2219 5650 ζ
2244 5587 2341 5650 Alii
2364 5584 2849 5650 κατασκεδαννύμενοι
2878 5585 3223 5650 τὸν-λογισμόν.

2196 5649 2221 5687 3
2243 5649 2342 5697 Alii
2367 5651 2413 5696 οἳ
2435 5647 2862 5709 ἐπὰνᾲίδωσίτινας
2890 5648 2983 5695 ὑπὸ
3007 5647 3165 5709 μέθης,
3193 5649 3275 5698 alii
3299 5650 3345 5697 οἳ
3367 5649 3558 5698 ἐπειδὰν
3576 5651 3725 5699 ἴδωσί
3742 5669 3812 5702 τι·

2130 5726 2213 5779 νας
2235 5709 2330 5779 ἀπὸ
2354 5711 2509 5779 μέθης.
2528 5707 2846 5779 M0§_qu_idam
2865 5707 3398 5779 xagftéwﬁyiwvgual
3421 5711 3679 5779 ὀνειδίζειν,

2133 5772 2214 5835 λον
2235 5771 2286 5819 δὲ
2296 5769 2584 5835 -ταλανίζειψ
2616 5769 2738 5835 Ibid.
2763 5785 2897 5835 unus?
2914 5772 3005 5820 εἴθε
3028 5772 3092 5835 μὴ
3117 5772 3446 5835 ἐστωίοῖνος...
3472 5775 3565 5820 εἴθε
3580 5769 3810 5835 ,μή-ἔστω

2136 5833 2267 5903 μέθη.
2292 5832 2447 5903 Ppulo
2471 5838 2582 5903 pogl
2611 5833 2856 5903 qpigamhﬁ
2881 5834 3068 5882 ἀσωτία
3087 5833 3167 5880 καὶ
3187 5836 3216 5889 ἡ
3241 5832 3602 5903 ἀμετρία-’ποιεῖ

2199 5895 2223 5932 h
2278 5894 2455 5958 Αὑτούς
2485 5893 2663 5955 adjecit
2695 5896 2865 5958 Savil.,
2896 5907 3081 5956 nosque
3106 5893 3401 5957 recepimus.
3428 5895 3560 5949 Enn.

2201 5959 2215 5989 ‘
2238 5954 2340 6007 Alii
2366 5958 2411 6005 ἐν
2438 5954 2679 6022 συνεδρξῳ.
