3892 6236
184 314 260 371 ’Ἦ
1149 314 1243 372 AD
1281 313 1604 372 POPULUM
1633 313 2120 374 ANTIOCHENUM
2182 317 2410 375 HOMIL.
2452 319 2493 375 1.
3407 319 3480 374 ει

199 430 428 485 enim-et
454 428 694 499 abiectus
723 426 935 484 etiamsi
975 428 1347 499 supplantatus
1384 427 1548 484 fuerit
1570 435 1623 483 et
1650 426 1795 482 ceci-

202 524 372 588 derit,
401 536 509 577 non
540 529 739 576 tantam
787 519 1062 576 communi
1093 520 1220 574 vita:
1260 518 1466 575 cladem
1512 517 1708 573 infert:
1743 517 1796 572 in

205 615 321 670 alta
376 628 506 669 vero
557 612 785 683 quadam
838 618 1108 682 tamquam
1136 611 1349 666 virtutis
1402 612 1619 680 specula
1674 622 1798 664 cum

201 708 370 762 multa
389 704 635 760 claritate
648 704 994 771 constitutus,
1020 711 1074 758 et
1097 703 1188 774 qui
1205 702 1456 758 omnibus
1481 700 1797 757 manifestus

188 805 262 854 et
288 797 539 867 cognitus
564 796 651 862 sit,
680 804 742 850 et
780 795 847 849 ab
868 795 1117 849 omnibus
1141 795 1193 848 in
1221 793 1575 848 admiratiOne
1601 793 1798 848 haben.

202 900 315 955 tur,
357 889 572 958 quando
620 896 858 943 tentatus
893 887 1169 952 ceciderit,
1202 900 1449 957 magnam
1500 886 1706 939 ruinam
1744 891 1800 938 et

196 981 465 1052 iacturam
494 979 656 1035 facit:
690 995 793 1034 non
823 990 1027 1033 tantum
1057 979 1309 1048 quoniam
1341 993 1407 1033 ex
1436 977 1544 1031 alto
1569 976 1795 1042 cecidit,

206 1074 306 1128 sed
328 1074 580 1144 quoniam
608 1081 665 1128 et
686 1072 821 1126 alios
844 1071 1044 1125 multos
1062 1071 1113 1125 in
1144 1072 1317 1141 ipsum
1338 1069 1688 1140 respicientes
1713 1081 1799 1122 se-

209 1167 429 1236 gniores
456 1164 714 1220 reddidit.
759 1163 828 1217 Et
862 1164 1003 1217 sicut
1039 1162 1090 1216 in
1132 1175 1389 1231 corpore,
1432 1160 1538 1214 alio
1584 1158 1797 1230 quidem

202 1257 453 1312 membro
502 1263 791 1324 corrupto,
843 1267 953 1308 non
995 1267 1245 1324 magnum
1293 1252 1583 1308 damnum:
1632 1248 1801 1303 oculis

196 1357 388 1402 autem
437 1346 739 1410 exerceatis,
785 1343 870 1398 vel
921 1342 1096 1412 capite
1135 1342 1369 1412 graviter
1418 1342 1578 1406 laeso,
1627 1347 1800 1394 totum

206 1449 409 1505 corpus
452 1436 640 1490 inutile
683 1433 925 1489 redditur
952 1449 966 1488 :
993 1434 1073 1488 sic
1098 1442 1153 1487 et
1190 1432 1244 1486 in
1287 1433 1490 1487 sanctis
1527 1440 1579 1484 ct
1611 1443 1801 1497 magna

206 1527 452 1582 emeritis
482 1525 766 1581 dicendum
790 1534 878 1580 est
903 1542 917 1577 :
942 1525 1156 1595 quando
1182 1524 1258 1578 illi
1297 1522 1551 1578 exstincti
1581 1520 1798 1584 fuerint,

207 1632 334 1670 cum
374 1616 634 1670 maculam
667 1614 971 1684 quampiam
1013 1612 1363 1676 admiserint,
1398 1621 1567 1666 totum
1595 1620 1650 1665 et
1679 1611 1804 1666 reli-

206 1724 376 1778 quum
400 1720 594 1776 corpus
617 1705 951 1760 intolerabile
970 1704 1347 1759 detrimentum
1373 1703 1585 1772 patitur.

283 1802 339 1854 4.
371 1800 497 1854 llaec
528 1799 686 1868 igitur
715 1799 895 1851 omnia
932 1807 1058 1852 nota
1090 1794 1296 1851 habens
1325 1795 1669 1859 Timotheus,
1698 1808 1800 1847 un-

207 1893 373 1960 dique
399 1908 458 1945 se
486 1890 756 1944 muniebat
784 1908 797 1942 :
828 1890 1031 1944 sciebat
1057 1889 1198 1960 quod
1229 1888 1463 1943 difficilis
1495 1902 1585 1942 res
1611 1897 1692 1942 est
1709 1886 1801 1956 ju-

208 1991 425 2043 ventus,
458 1982 599 2050 quod
626 1981 915 2050 jactabilis,
946 1981 1173 2051 decepta
1202 1978 1392 2041 facilis,
1414 1979 1599 2033 iabilis
1617 1985 1721 2042 est,
1748 1985 1804 2032 et

206 2073 609 2128 vehementiori
641 2071 840 2141 indiget
871 2072 1041 2126 fneno
1066 2090 1079 2125 :
1108 2085 1240 2142 pyra
1279 2071 1421 2123 enim
1450 2069 1690 2138 quaedam
1721 2075 1804 2121 est

207 2168 478 2223 exteriora
507 2165 916 2236 apprehendens
937 2165 1138 2227 omnia,
1171 2163 1437 2233 facileque
1462 2176 1527 2217 ac
1554 2161 1803 2215 celeriter

206 2258 549 2315 succendens
573 2260 614 2313 ί.
651 2257 853 2312 Idcirco
892 2257 1061 2326 ipsam
1087 2255 1322 2325 undique
1361 2252 1669 2308 obstruebat
1691 2290 1706 2314 ,
1744 2257 1806 2305 ut

207 2362 601 2423 compesceret,
632 2365 685 2409 et
723 2353 862 2408 hanc
903 2351 1172 2406 ﬂammam
1213 2348 1358 2404 omni
1405 2347 1566 2403 modo
1603 2344 1803 2400 exstin-

206 2460 380 2516 guere
407 2445 655 2500 studebat
679 2462 693 2500 :
716 2453 877 2514 atque
890 2456 1089 2513 equum
1111 2440 1383 2496 et'frmnem
1398 2448 1453 2494 et
1475 2440 1561 2493 vix
1584 2437 1806 2493 habenis

208 2545 495 2608 parentem
541 2535 712 2591 multa
762 2550 884 2590 cum
934 2531 1269 2588 vehementia
1321 2531 1587 2602 angebat,
1634 2528 1808 2584 donec

208 2628 385 2697 ipsius
412 2626 660 2682 lascivias
678 2623 1110 2688 circumcideret,
1132 2621 1305 2677 donec
1323 2620 1659 2676 obedientem
1684 2617 1808 2673 red-

208 2720 406 2782 deret,
435 2726 491 2773 et
515 2717 755 2773 traderet
783 2731 974 2787 magna
1004 2731 1126 2771 cum
1169 2720 1439 2784 potestate
1477 2711 1701 2767 rationis
1728 2711 1809 2780 ip-

206 2808 614 2891 sumducentis
641 2809 890 2879 imperio.
923 2806 1248 2881 lntirmetur,
1282 2805 1477 2874 inquit,
1504 2812 1720 2873 corpus,
1752 2808 1841 2867 et.

206 2919 323 2957 non
369 2901 669 2956 infirmetur
694 2899 904 2955 animus
932 2916 946 2953 :
976 2899 1293 2953 refrenetur
1328 2908 1493 2961 caro,
1530 2904 1585 2949 et
1612 2893 1807 2947 animae

208 2994 282 3050 ad
310 2995 500 3050 caelum
538 3008 729 3049 cursus
755 3009 861 3047 non
889 2991 1231 3061 impediatur.
1273 2988 1354 3043 Ad
1391 2989 1507 3044 haec
1533 2995 1711 3042 autem
1751 2994 1808 3042 et

209 3086 345 3143 illud
369 3086 601 3141 maxime
627 3086 852 3156 quisque
876 3085 929 3139 in
961 3084 1079 3153 ipso
1108 3083 1292 3137 mirari
1320 3089 1521 3152 posset,
1545 3079 1688 3150 quod
1715 3079 1806 3133 tali

216 3179 472 3233 laborans
517 3176 860 3244 inﬁmitate,
893 3186 947 3231 et
988 3185 1134 3230 tanta
1174 3189 1298 3229 cum
1341 3173 1679 3243 aegritudine,
1714 3172 1808 3227 Dei

213 3270 431 3338 negotia
475 3283 580 3323 non
610 3268 932 3338 negligebat,
980 3266 1076 3322 sed
1123 3266 1349 3336 amplius
1377 3280 1538 3336 quam
1566 3264 1808 3320 valentes

213 3369 272 3414 et
322 3374 558 3430 corpore
606 3362 851 3430 vigentes
892 3358 1309 3429 circumquaque
1363 3357 1650 3424 volitabat,
1697 3357 1807 3427 jam

214 3451 512 3521 Ephesum,
555 3450 665 3521 jam
703 3450 1050 3517 Corinthum,
1099 3451 1151 3505 in
1198 3449 1507 3505 Macedonia
1543 3463 1707 3519 smpe,
1753 3449 1808 3504 in

218 3541 396 3603 Italia,
426 3540 623 3609 ubique
654 3547 938 3605 terrarum,
971 3541 1167 3610 ubique
1201 3541 1427 3594 marium
1455 3554 1577 3593 cum
1608 3552 1807 3610 praece-

214 3643 377 3703 ptore
401 3645 698 3700 apparens;
720 3629 970 3686 omnibus
994 3633 1047 3685 iu
1069 3630 1449 3686 certaminibus
1471 3639 1528 3686 et
1541 3630 1808 3685 coutinuis

214 3724 473 3796 periculis
500 3738 620 3778 cum
653 3722 769 3792 ipso
798 3721 1266 3789 communicabat;
1294 3736 1395 3777 nec
1434 3721 1599 3777 animi
1630 3720 1808 3790 philo-

212 3815 462 3886 sophiam
507 3814 799 3885 prostravit
847 3814 1091 3884 corporis
1140 3813 1478 3869 imbecillitas
1533 3829 1549 3867 :
1599 3820 1809 3867 tantum

212 3909 364 3963 valet
392 3907 445 3961 in
468 3907 634 3962 Deum
658 3905 827 3971 zelus,
852 3913 959 3961 tam
980 3906 1128 3961 leves
1148 3904 1314 3961 efﬁcit
1338 3905 1468 3961 alas.
1496 3904 1648 3961 Sicut
1665 3905 1809 3961 enim

213 4013 443 4067 corpora
472 3995 796 4052 habentibus
839 3996 1053 4067 pinguia
1079 4004 1136 4052 et
1162 3996 1338 4052 valida
1367 3997 1571 4052 nullum
1592 3997 1696 4052 erit
1719 4011 1812 4050 va-

213 4087 474 4145 letudinis
512 4087 967 4153 emolumentum,
1000 4087 1046 4142 si
1093 4088 1306 4143 animus
1348 4087 1587 4157 deiectus
1628 4087 1806 4153 fuerit,

214 4181 404 4253 segnis
431 4188 487 4235 et
508 4179 693 4235 tardus
719 4197 733 4232 :
766 4180 846 4236 sic
870 4186 928 4235 et
952 4177 1219 4236 confectis
1249 4179 1455 4235 nullum
1482 4181 1589 4235 erit
1611 4196 1676 4235 ex
1706 4180 1810 4234 im-

223 4273 519 4329 becillitate
546 4278 953 4334 nocumentum,
982 4270 1028 4325 si
1072 4269 1284 4326 animus
1308 4284 1597 4342 generosus
1630 4279 1685 4326 et
1719 4285 1814 4327 ex-

215 4363 560 4434 pergefactus
607 4361 784 4418 fuerit.
839 4360 1066 4417 Videtur
1106 4369 1288 4417 autem
1328 4361 1645 4432 quibusdam
1692 4361 1814 4419 haec

216 4453 525 4509 admonitio
579 4460 635 4507 et
666 4451 957 4508 consilium
1001 4451 1268 4507 liberioris
1314 4453 1424 4507 vini
1469 4462 1628 4522 potus
1666 4463 1814 4522 pote-

218 4556 421 4604 statem
465 4546 744 4617 indulgere
776 4564 790 4600 :
829 4553 887 4600 at
930 4560 1038 4600 non
1077 4544 1150 4600 ita
1192 4553 1296 4601 est.
1337 4544 1443 4601 Sed
1481 4546 1528 4600 si
1575 4545 1693 4616 quis
1731 4546 1814 4601 di-

220 4644 461 4697 etionem
482 4638 621 4693 hanc
647 4638 931 4708 diligenter
958 4635 1308 4708 exquirat,de
1329 4636 1619 4692 sobrietate
1640 4638 1814 4708 magis

221 4740 307 4787 est
332 4729 646 4785 admonitio.
676 4728 862 4799 Cogita
888 4729 1031 4784 enim
1057 4727 1327 4798 quomodo
1355 4740 1463 4783 non
1494 4743 1526 4783 a
1555 4729 1814 4799 principio

226 4838 410 4893 neque
432 4821 501 4877 ab
519 4821 761 4877 exordiis
786 4820 891 4878 hoc
915 4820 1199 4877 consilium
1231 4819 1429 4875 Paulus
1445 4819 1687 4886 dederit,
1715 4819 1810 4876 sed

221 4924 511 4985 postquam
540 4911 673 4967 vidit
707 4925 923 4967 omnem
944 4912 1198 4966 virtutem
1222 4910 1507 4979 deiectam,
1536 4917 1667 4965 tunc
1678 4925 1813 4965 oon-

221 5005 431 5058 suluit:
474 5017 649 5072 neque
680 5002 782 5056 hoc
825 5002 1160 5073 simpliciter,
1189 5001 1284 5056 sed
1310 5014 1431 5056 cum
1462 5001 1815 5069 praefinitione

220 5078 459 5155 u‘nadam
482 5109 499 5149 :
525 5110 633 5149 non
652 5094 799 5150 enim
826 5093 1140 5163 simpliciter
1155 5092 1314 5159 dixit,
1342 5092 1480 5146 Vino
1504 5102 1672 5157 utere,
1697 5092 1814 5154 sed.

230 5185 367 5240 Vino
390 5185 592 5241 modico
613 5200 635 5240 :
658 5199 767 5240 non
786 5184 928 5255 quod
969 5184 1070 5239 hac
1108 5183 1475 5239 admonitione
1510 5191 1568 5237 et
1591 5182 1815 5237 consilio

225 5278 554 5335 Timotheus
579 5287 784 5349 egeret,
815 5276 911 5333 sed
936 5276 1077 5348 quod
1108 5290 1206 5331 nos
1230 5275 1582 5346 indigeamus.
1613 5274 1816 5331 Idcirco

222 5372 297 5428 ad
341 5372 493 5427 illum
516 5370 783 5437 scribens,
832 5369 988 5424 nobis
1016 5360 1244 5425 bibendi
1280 5367 1391 5422 vini
1422 5381 1725 5423 mensuram
1750 5375 1814 5423 et

229 5465 497 5522 terminos
524 5464 739 5529 statuit;
762 5472 969 5518 tantum
996 5462 1183 5518 bibere
1201 5460 1416 5530 iubens,
1440 5468 1694 5530 quantum
1723 5473 1816 5513 va-

228 5555 532 5614 letudinem
564 5554 803 5625 adjuvet,
833 5562 1091 5624 quantum
1122 5551 1338 5621 corpori
1371 5549 1652 5606 sanitatem
1679 5564 1819 5620 pra:-

219 5693 550 5806 “ut
572 5706 587 5745 ;
612 5688 984 5756 Αρρτειιεηάεηε
994 5686 1157 5741 muria
1176 5684 1387 5752 {milita
1402 5691 1449 5739 et
1471 5683 1690 5739 celeriter
1712 5699 1819 5738 suc-

1902 429 2047 494 beat,
2076 439 2132 485 et
2162 445 2269 486 non
2308 423 2539 486 alterum
2569 430 2816 487 morbum
2848 447 2863 485 :
2896 445 3003 486 non
3035 431 3309 499 pauciores
3337 433 3482 487 enim

1902 536 2061 592 quam
2092 523 2474 580 immoderatus
2500 540 2653 595 aqua:
2682 534 2860 595 potus,
2891 523 2989 579 sed
3028 522 3198 578 multo
3226 523 3404 593 plures
3431 537 3487 580 et

1903 614 2240 671 difficiliores
2262 618 2427 672 animi
2452 626 2509 672 et
2536 619 2781 689 corporis
2811 618 3028 674 morbos
3068 617 3349 673 immodica
3378 618 3488 672 viui

1903 707 2044 776 parit
2086 708 2310 777 potatio,
2353 709 2662 778 passionum
2702 709 2935 775 bellum,
2959 708 3309 764 absurdarum
3338 710 3487 779 cogi-

1904 801 2165 855 tationum
2194 803 2480 871 procellam
2510 806 2562 857 in
2585 814 2820 859 mentem
2850 804 3132 870 inducens,
3167 812 3221 859 et
3245 804 3487 872 corporis

1904 893 2011 947 vim
2056 893 2360 949 molliorem
2394 906 2449 950 et
2483 896 2851 952 solubiliorem
2894 896 3154 953 efﬁciens.
3193 896 3310 952 Non
3346 898 3489 952 enim

1905 983 1978 1039 ita
2022 994 2185 1040 terra:
2228 996 2415 1042 natura
2460 997 2651 1043 vexata
2689 1004 2948 1058 aquarum
3004 988 3489 1058 superabundantia

1905 1078 2159 1134 continue
2196 1077 2539 1146 dissolvitur,
2593 1088 2654 1135 ut
2699 1066 2943 1149 corporis
2997 1079 3081 1134 vis
3120 1079 3389 1135 mollescit
3432 1087 3491 1132 et

1906 1168 2100 1225 difﬂuit
2122 1179 2176 1224 et
2203 1169 2519 1239 dissipatur,
2557 1168 2667 1224 vini
2697 1178 2823 1240 potu
2852 1171 3108 1224 continuo
3150 1169 3488 1239 ingurgitata.

1906 1263 2191 1333 Fugiamus
2235 1262 2394 1331 igitur
2421 1262 2667 1332 utrinque
2694 1263 3157 1331 intemperantiam
3182 1262 3201 1292 ί
3228 1271 3339 1315 tum
3368 1274 3491 1314 cor-

1906 1356 2051 1426 poris
2079 1355 2443 1409 valetudinem
2476 1354 2747 1419 curando,
2788 1364 2900 1408 tum
2928 1354 3093 1423 ipsius
3131 1352 3380 1408 lascivias
3402 1366 3492 1407 re~

1905 1445 2151 1500 cidendo.
2186 1444 2380 1499 Vinum
2416 1445 2560 1500 enim
2600 1460 2629 1497 a
2661 1445 2769 1499 Deo
2800 1443 2983 1498 datum
3010 1452 3114 1505 est,
3159 1459 3266 1496 non
3295 1450 3354 1496 ut
3381 1443 3488 1495 ine-

1909 1534 2167 1600 bricmur,
2197 1536 2291 1590 sed
2319 1543 2377 1589 ut
2400 1534 2563 1589 sobrii
2587 1534 2791 1589 simus:
2824 1542 2884 1588 ut
2914 1533 3267 1599 delectemur,
3298 1547 3403 1585 non
3439 1539 3494 1583 ut

1906 1625 2201 1681 doleamus.
2263 1625 2448 1679 Vinum
2487 1626 2630 1681 enim
2678 1625 2923 1693 lmtiﬁcat,
2961 1625 3129 1694 inquit
3172 1622 3370 1687 David,
3406 1637 3495 1674 cor

1908 1721 2124 1774 hominis
2144 1717 2317 1788 (Psal.
2351 1718 2474 1773 105.
2507 1718 2598 1788 i5)
2625 1734 2639 1770 :
2673 1727 2729 1771 tu
2761 1732 2888 1771 vero
2918 1717 3090 1786 ipsum
3121 1715 3352 1769 tristitia:
3381 1727 3494 1767 ma-

1907 1812 2093 1867 teriam
2109 1810 2258 1866 facis.
2283 1811 2493 1866 Etenim
2515 1811 2696 1863 animo
2712 1818 2936 1878 gravato
2957 1814 3083 1862 sunt
3097 1821 3257 1877 supra
3274 1806 3493 1859 modum

1905 1906 2070 1968 ebrii,
2098 1904 2334 1959 tenebris
2364 1904 2547 1959 multis
2578 1903 2743 1957 menti
2769 1901 2975 1956 offusis.
3009 1899 3267 1955 Medicina
3295 1897 3494 1967 optima

1908 2003 2011 2059 est,
2040 1995 2252 2064 quando
2288 1992 2863 2048 commensurationem
2895 1992 3055 2047 habet
3097 1989 3375 2059 optimam.
3403 1986 3501 2042 Hic

1908 2087 2059 2142 locus
2096 2094 2151 2142 et
2187 2097 2373 2141 contra
2418 2086 2700 2141 haereticos
2747 2084 2889 2138 utilis
2920 2093 3024 2148 est,
3065 2083 3158 2139 Dei
3199 2089 3496 2137 creaturam

1907 2186 2218 2232 accusantes
2247 2194 2262 2231 :
2293 2175 2338 2229 si
2365 2176 2507 2230 enim
2529 2176 2602 2247 de
2626 2174 2803 2230 vetitis
2827 2182 3004 2238 esset,
3038 2187 3144 2226 non
3170 2170 3500 2241 permisisset

1907 2268 2124 2335 Paulus,
2155 2281 2262 2321 non
2288 2266 2414 2320 vino
2434 2264 2688 2320 utendum
2714 2264 2956 2318 dixisset.
2982 2261 3097 2317 Non
3122 2262 3293 2316 solum
3320 2271 3494 2313 autem

1908 2370 2094 2414 contra
2138 2359 2450 2421 haereticos,
2477 2355 2573 2412 sed
2615 2365 2670 2411 et
2706 2365 2894 2410 contra
2932 2353 3156 2409 fratrum
3185 2361 3494 2407 nostrorum

1909 2454 2280 2527 simpliciores,
2310 2452 2402 2524 qui
2429 2461 2709 2523 postquam
2749 2451 2956 2520 aliquos
2986 2460 3097 2518 pm
3141 2447 3402 2503 ebrietate
3439 2458 3496 2497 sr

1909 2547 2259 2616 deturpantes
2298 2544 2560 2608 viderint,
2602 2542 2723 2597 illos
2765 2541 3070 2608 vituperare
3125 2537 3433 2590 omittentes
3454 2535 3496 2596 ³,

1911 2636 2141 2693 fructum
2172 2651 2202 2690 a
2232 2636 2342 2691 Deo
2367 2634 2546 2689 datum
2568 2631 2980 2690 calumniantur.
3006 2627 3267 2691 dicentes,
3290 2624 3405 2680 Non
3430 2624 3506 2678 sit

1912 2731 2117 2784 vinum.
2143 2728 2279 2797 ipsis
2301 2729 2477 2797 itaque
2500 2724 2768 2791 dicamus,
2797 2721 2910 2776 Non
2936 2721 3006 2775 sit
3029 2719 3278 2774 ebrietas.
3307 2715 3497 2770 Vinum

1911 2823 2053 2877 enim
2078 2821 2193 2888 Dei,
2224 2820 2455 2875 ebrietas
2479 2816 2675 2872 diaboli
2698 2830 2836 2885 opus
2856 2821 2969 2878 est;
2991 2825 3099 2865 non
3119 2810 3298 2864 vinum
3321 2807 3503 2862 ebrie-

1914 2922 2075 2968 tatem
2119 2912 2277 2976 facit,
2304 2911 2401 2966 sed
2445 2906 2851 2977 intemperantia
2881 2903 3194 2959 ebrietatem
3234 2898 3359 2954 facit
3391 2911 3503 2951 :ne

1912 3007 2007 3062 Dei
2036 3015 2337 3060 creaturam
2363 3014 2605 3068 accuses,
2624 3000 2717 3055 sed
2743 2996 2989 3053 conservi
3020 2993 3280 3048 insaniam
3307 3003 3493 3059 argue.

1911 3092 1991 3152 Tu
2014 3104 2145 3151 vero
2169 3101 2476 3166 peccantem
2508 3091 2698 3162 punire
2719 3098 2775 3144 et
2796 3087 3066 3157 corrigere
3091 3083 3368 3147 amittens,
3396 3079 3497 3134 be-

1911 3188 2236 3245 nefactorem
2263 3184 2433 3240 afiicis
2461 3181 2825 3239 contumelia?

1983 3282 2037 3337 5.
2071 3280 2189 3333 Vim’
2226 3277 2512 3332 moderatus
2546 3290 2674 3329 usus
2718 3272 3038 3342 permittitur.
3063 3297 3138 3311 -—
3161 3266 3297 3322 Cum
3343 3264 3502 3332 igitur

1914 3371 2173 3443 quosdam
2216 3369 2333 3424 haec
2369 3366 2610 3424 dicentes
2636 3363 2990 3425 audierimus,
3024 3360 3397 3414 obmutescere
3423 3353 3503 3408 fa-

1912 3466 2153 3519 ciamus:
2187 3475 2293 3515 non
2318 3465 2460 3514 enim
2490 3470 2642 3524 usus,
2664 3455 2759 3509 sed
2790 3451 3161 3507 immoderatio
3187 3448 3501 3503 ebrietatem

1914 3555 2037 3609 facit
2056 3570 2070 3606 :
2089 3551 2425 3616 ebrietatem,
2444 3550 2681 3618 inquam,
2700 3540 2964 3599 malorum
2986 3542 3222 3596 omnium
3240 3538 3493 3593 radicem.

1915 3643 2107 3700 Vinum
2134 3642 2318 3697 datum
2346 3648 2451 3706 est,
2492 3648 2549 3693 ut
2588 3634 2898 3706 languidum
2940 3644 3136 3701 corpus
3177 3631 3364 3699 erigat,
3393 3640 3500 3681 non

1912 3740 1972 3789 ut
1999 3734 2192 3788 animae
2232 3731 2398 3787 robur
2432 3729 2734 3800 opprimat:
2768 3733 2826 3780 ut
2860 3723 3039 3780 comis
3078 3720 3497 3776 imbecillitatem

1911 3827 2086 3892 tollat,
2113 3840 2220 3880 non
2245 3831 2305 3879 ut
2330 3823 2495 3879 animi
2511 3820 2794 3876 sanitatem
2813 3814 3152 3874 exterminat.
3173 3812 3293 3867 Noli
3321 3811 3499 3881 igitur,

1913 3918 2266 3975 immoderate
2287 3916 2381 3971 Dei
2400 3924 2621 3970 munere
2636 3921 2817 3975 utens,
2848 3910 3024 3964 stultis
3042 3916 3104 3962 et
3116 3902 3503 3975 imprudentiu-

1911 4009 2064 4065 ribus
2085 4007 2390 4063 hominibus
2404 4004 2715 4060 occasiones
2728 4001 2991 4072 praebere.
3009 3997 3145 4065 Quid
3157 3996 3306 4051 uim
3325 3992 3502 4049 ebrie-

1914 4107 2031 4156 tate
2071 4095 2470 4155 miserabiliusi
2502 4102 2754 4150 mortuus
2795 4099 2881 4146 est
2922 4089 3215 4153 animatus,
3262 4084 3443 4141 ebrius
3482 4100 3499 4138 :

1908 4193 2126 4249 daemon
2151 4199 2238 4247 est
2260 4189 2596 4245 voiuutarius
2624 4183 2889 4241 :imorbus
2908 4181 3119 4238 veniant
3144 4194 3252 4234 non
3274 4177 3500 4242 habens,

1914 4287 2072 4341 ruina
2117 4281 2462 4338 excusatione
2497 4289 2711 4341 carens,
2750 4288 3038 4331 commune
3079 4270 3294 4341 generis
3334 4267 3501 4323 nostri

1917 4373 2289 4446 opprobrium.
2320 4367 2437 4426 Non
2466 4369 2609 4425 enim
2635 4368 2691 4423 in
2710 4363 3067 4422 conventibus
3085 4357 3505 4417 tantuminutilis

1912 4468 2118 4531 ebrius,
2141 4473 2237 4520 aut
2258 4463 2317 4517 in
2343 4461 2571 4533 privatis
2596 4467 2652 4515 et
2672 4456 2904 4528 pblieis
2936 4452 3198 4524 negotiis,
3222 4449 3319 4506 sed
3343 4449 3503 4505 etiam

1912 4558 2034 4613 solo
2074 4564 2159 4611 est
2198 4563 2418 4624 aspectu
2455 4551 2693 4606 omnium
2724 4546 3099 4617 gravissimus,
3147 4542 3368 4598 factores
3408 4555 3503 4595 ex-

1911 4649 2105 4705 halans
2147 4645 2492 4702 teterrimos:
2538 4641 2898 4699 mutationes
2941 4647 2998 4694 et
3032 4636 3402 4700 oscitationes,
3450 4641 3505 4687 et

1919 4754 2083 4797 voces
2111 4741 2381 4796 ebriorum
2403 4738 2652 4793 insuaves
2668 4744 2836 4805 atque
2861 4731 3104 4788 molestae
3120 4742 3239 4794 eos,
3266 4726 3356 4797 qui
3379 4738 3504 4795 spe-

1919 4840 2065 4887 ctant
2086 4837 2147 4885 et
2178 4828 2337 4885 simul
2364 4836 2509 4893 sunt,
2545 4835 2785 4882 extrema
2813 4820 3213 4878 abomimtione
3240 4816 3502 4888 implent:

1906 4932 1974 4977 ret
1997 4919 2140 4992 quod
2172 4920 2434 4975 malorum
2463 4924 2619 4988 caput
2638 4922 2741 4983 est,
2771 4913 2962 4969 omium
2988 4911 3153 4968 ebriis
3166 4910 3505 4965 inaccesan

1919 5012 2008 5068 hic
2054 5012 2271 5067 morbus
2314 5010 2513 5074 efﬁcit,
2558 5021 2665 5063 nec
2709 5014 2911 5061 aeterna
2950 5003 3088 5059 bona
3128 4999 3339 5070 assequi
3379 5012 3507 5068 per-

1920 5105 2102 5169 mittit,
2131 5102 2223 5158 sed
2248 5110 2449 5173 praeter
2471 5100 2594 5153 vitae
2618 5096 2776 5166 huius
2796 5095 3170 5165 opprobrium,
3189 5101 3248 5147 et
3272 5091 3384 5145 illic
3410 5088 3508 5142 tali

1920 5194 2113 5249 morbo
2162 5193 2467 5248 laborantes
2523 5200 2680 5258 pinna
2728 5195 2910 5242 manet
2956 5182 3309 5240 intoleranda.
3361 5179 3509 5235 lianc

1922 5288 2083 5359 igitur
2094 5286 2395 5357 improbam
2414 5280 2855 5339 consuetudinem
2868 5277 3195 5344 “adamas,
3212 5283 3266 5330 et
3279 5273 3505 5329 Paulum

1922 5379 2201 5436 audiamus
2227 5377 2516 5440 dicentem,
2554 5370 2683 5427 Vino
2725 5372 2927 5425 modico
2967 5378 3146 5423 utere:
3183 5367 3357 5435 ipsum
3387 5372 3504 5419 ete-

1925 5474 2035 5529 nim
2077 5469 2343 5526 modicum
2388 5473 2608 5536 propter
2646 5463 3016 5518 intirmitaiem
3050 5456 3327 5529 permisit:
3358 5455 3501 5526 quod

1989 5562 2008 5594 ι
2040 5559 2237 5633 quidam
2259 5555 2560 5633 {rugientes
2588 5551 2753 5617 igitur,
2776 5549 2988 5610 obsecro,
3014 5551 3218 5612 peccata
3258 5543 3505 5608 urbique.

2244 5628 2341 5670 etc.
2376 5621 2385 5622 ’
3313 5665 3326 5678 .

1983 5679 2601 5759 3.9ui9etn51iinestecé
2609 5680 2678 5759 ,εί
2686 5669 3085 5759 λφὲζιὲξεζεενε
3116 5682 3194 5722 σοι
3229 5671 3505 5721 mm"

1927 5735 2213 5807 nimiaeque
2234 5754 2378 5806 super
2401 5735 2526 5803 ήκω
2540 5735 2733 5790 dolenda
2750 5745 3002 5786 mentem.
