3932 6222
409 320 482 376 25
1135 306 1194 363 S.
1233 304 1508 363 JOANNIS
1544 302 2011 361 CHRYSOSTOM)
2051 300 2365 357 ARClllEP.
2401 302 2928 360 CONSTANTINOP.
3601 310 3674 365 24

411 426 509 480 nisi
545 422 882 478 imbecillitas
911 429 1173 485 vexasset,
1212 434 1383 489 neque
1410 417 1674 473 modicum
1703 415 1984 470 admittere

412 518 726 587 discipulum
773 517 1053 586 coegisset.
1111 514 1332 583 Oportet
1376 511 1518 565 enim
1562 510 1714 565 nobis
1765 508 1986 563 traditos

412 611 560 664 cibos
596 618 653 663 et
685 618 840 678 potus
882 607 1208 676 temporibus
1245 615 1298 660 et
1334 604 1737 659 necessitatibus
1775 617 1988 670 semper

412 701 610 763 metiri,
651 710 705 754 et
748 700 1044 754 nullatenus
1088 697 1454 751 necessitatem
1490 693 1769 756 excedere,
1815 707 1986 760 neque

414 792 778 862 imprudenter
804 800 858 846 et
876 797 1075 844 temere
1094 787 1218 854 quid
1246 785 1419 842 facere
1446 794 1674 854 oportet.
1707 783 1810 838 Sed
1839 795 1987 852 post-

413 899 571 952 quam
601 883 748 937 Pauli
777 897 958 936 curam
1001 890 1057 935 et
1093 879 1359 934 Timothei
1385 879 1632 932 virtutem
1672 875 1986 944 didicimus,

415 975 495 1027 eia
525 973 775 1042 deinceps
804 972 868 1027 ad
901 973 1067 1042 ipsam
1103 972 1452 1040 quaestionum
1482 971 1800 1023 solutionem
1828 967 1992 1021 duca-
2034 1040 2039 1043 η

417 1072 504 1117 tur
530 1064 718 1118 oratio.
749 1065 1001 1129 Quanam
1047 1053 1204 1132 igitur
1241 1059 1591 1130 quaruntnr?
1620 1060 1811 1114 lterum
1849 1058 1990 1114 enim

416 1153 594 1208 dicere
621 1154 978 1208 necessarium
1009 1160 1111 1218 est,
1137 1163 1193 1206 ut
1219 1152 1414 1205 solutio
1436 1150 1763 1204 manifestior
1785 1147 1992 1203 efﬁcia-

418 1251 519 1298 tur.
553 1243 666 1309 Qua
693 1243 760 1296 de
798 1258 956 1297 causa
994 1253 1235 1296 sanctum
1275 1243 1452 1306 talem,
1501 1250 1644 1294 tanta
1679 1248 1990 1294 tractantem

417 1335 648 1404 negotia,
673 1335 725 1386 in
753 1333 993 1386 morbum
1024 1333 1162 1386 Deus
1191 1332 1426 1386 incidere
1457 1331 1717 1400 permisit,
1745 1339 1799 1385 et
1823 1344 1993 1399 neque

417 1423 550 1492 ipse,
577 1437 749 1491 neque
771 1431 1063 1492 praceptor
1081 1422 1444 1492 aegritudinem
1473 1437 1660 1475 curare
1691 1429 1992 1490 potuerunt,

417 1514 511 1568 sed
541 1513 755 1568 bibendi
782 1514 888 1568 vini
931 1515 1125 1568 auxilio
1151 1529 1281 1583 opus
1321 1513 1654 1568 habuerunt?
1679 1513 1747 1567 Et
1773 1514 1992 1582 quaesita

418 1604 632 1672 quidem
660 1604 776 1660 haec
799 1613 952 1660 erant
975 1622 987 1657 :
1015 1614 1226 1674 Oportet
1246 1615 1420 1659 autem
1449 1606 1614 1673 ipsam
1642 1605 1836 1660 inferre
1854 1605 1994 1658 solu-

418 1695 648 1758 tionem,
677 1705 736 1748 ut
763 1711 867 1749 non
911 1703 1112 1749 tantum
1153 1697 1196 1749 si
1227 1696 1315 1764 qui
1349 1695 1399 1748 in
1428 1695 1671 1749 morbum
1703 1705 1753 1749 et
1785 1695 1998 1764 aegritu-

419 1787 601 1841 dinem
629 1787 808 1853 talem,
842 1787 936 1841 sed
963 1798 1019 1842 et
1042 1789 1358 1857 quicumque
1387 1788 1438 1842 in
1468 1789 1768 1856 pauperiem
1800 1788 1998 1842 incide-

421 1878 530 1931 rint
554 1885 610 1931 et
632 1878 845 1941 famem,
868 1886 922 1932 et
947 1879 1174 1940 vincula,
1198 1889 1253 1933 et
1275 1887 1556 1943 tormenta,
1579 1887 1631 1932 et
1656 1879 1994 1940 tentaliones,

418 1975 476 2022 et
500 1969 814 2034 calumnias,
855 1979 1152 2037 caeteraque
1182 1971 1455 2038 praesentis
1483 1971 1602 2024 vitae
1642 1971 1994 2038 incommoda,

420 2059 590 2112 sancti
637 2060 793 2114 etiam
837 2059 1012 2128 magni
1053 2071 1107 2116 et
1153 2060 1493 2115 admirabiles
1539 2061 1674 2126 viri,
1724 2077 1792 2116 ex
1839 2063 1998 2117 rebus

423 2151 580 2205 hodie
622 2152 861 2206 dicendis
903 2153 1144 2208 idoneam
1175 2163 1229 2208 et
1267 2153 1749 2208 tnanil'estissimam
1802 2154 1854 2207 in
1895 2155 1998 2209 illis

419 2257 631 2314 quoque
672 2243 1034 2298 defensionem
1077 2254 1260 2299 contra
1315 2260 1565 2300 accusare
1623 2247 1859 2300 volentes
1914 2246 1998 2300 in-

419 2335 602 2388 venire
629 2335 853 2404 possint.
885 2335 1076 2390 Multos
1118 2337 1258 2391 enim
1299 2337 1576 2392 audivistis
1611 2339 1732 2392 talia
1760 2354 2001 2408 quaren-

423 2433 503 2478 tes
536 2425 712 2492 :Quid
742 2426 952 2481 tandem
985 2427 1074 2480 ille
1103 2427 1377 2482 modestus
1417 2438 1469 2482 et
1495 2437 1804 2484 mansuetus
1840 2429 2000 2484 homo

421 2515 488 2568 ab
511 2515 615 2568 alio
642 2517 871 2584 quodam
894 2517 1056 2586 impio
1082 2527 1138 2572 et
1163 2518 1403 2587 improbo
1423 2533 1519 2587 per
1547 2519 1781 2588 singulos
1809 2519 1922 2575 dies
1947 2520 2000 2574 in

418 2604 675 2673 judicium
702 2606 957 2671 trahitur,
987 2616 1043 2661 et
1067 2607 1373 2662 innumeras
1403 2611 1600 2677 patitur
1627 2611 1916 2676 molestias,
1949 2620 2004 2666 et

425 2695 566 2747 Deus
598 2696 890 2764 permittit?
919 2712 1080 2766 quare
1117 2698 1250 2752 alter
1289 2707 1586 2765 accusatus,
1628 2699 1823 2768 injuste
1856 2716 2002 2756 mor-

424 2794 548 2841 tuus
577 2788 691 2841 est?
728 2787 824 2842 ille
861 2789 1170 2844 submersus
1217 2801 1318 2856 est,
1356 2791 1554 2860 inquit,
1585 2793 1721 2847 alius
1765 2796 2004 2865 praecipi-

427 2887 568 2933 tatus
597 2897 610 2933 :
639 2889 692 2933 et
719 2882 915 2935 multos
945 2896 1219 2950 possemus
1243 2881 1448 2937 referre
1475 2892 1689 2938 sanctos
1717 2895 1771 2940 et
1805 2889 2003 2942 nostris

429 2980 486 3026 et
513 2972 772 3042 majorum
818 2985 1122 3030 nostrorum
1163 2975 1510 3045 temporibus,
1540 2980 1629 3048 qui
1657 2980 1851 3035 multas
1885 2995 2004 3035 sus-

427 3063 700 3119 tinuerunt
761 3066 1165 3133 tribulationes,
1217 3067 1525 3124 diﬂ‘erentes
1581 3081 1638 3125 et
1690 3071 1883 3126 varias.
1933 3071 2005 3128 Ut

426 3151 584 3221 igitur
613 3153 800 3208 horum
838 3157 1074 3210 omnium
1109 3157 1369 3212 rationem
1408 3159 1714 3225 videamus,
1746 3168 1800 3215 et
1831 3176 2004 3230 neque

425 3242 527 3311 ipsi
558 3247 962 3312 perturbemur,
993 3262 1162 3316 neque
1191 3248 1324 3304 alios
1349 3250 1736 3307 scandalizatus
1770 3252 2004 3324 negliga-

429 3349 567 3399 mus,
597 3351 738 3391 nunc
756 3337 996 3392 dicendis
1022 3338 1426 3409 diligentissime
1455 3343 1810 3398 attendamus.

497 3425 548 3481 6.
573 3425 752 3482 Causa
787 3434 941 3485 varia
967 3449 1058 3484 cur
1082 3430 1222 3486 Deus
1244 3441 1443 3487 sanctos
1472 3433 1607 3486 mala
1634 3437 1826 3506 perpeti
1848 3438 2000 3492 sinat.

426 3516 671 3572 —Varite
714 3521 855 3574 enim
901 3531 954 3574 et
993 3522 1312 3577 omnimodae
1356 3533 1660 3579 sanctorum
1705 3525 2003 3584 afﬂictionis

425 3621 614 3663 causas
648 3625 869 3665 numero
886 3615 1011 3664 octo
1031 3608 1274 3668 charitati
1312 3623 1502 3669 vestrae
1541 3615 1720 3672 dicere
1764 3633 1998 3687 possum.

426 3698 631 3755 idcirco
657 3715 842 3758 omnes
865 3717 984 3756 cum
1010 3703 1277 3774 diligentia
1297 3705 1532 3761 animum
1551 3707 1818 3775 adhibete,
1832 3712 2005 3765 scien-

428 3800 510 3848 tes
529 3794 668 3863 quod
697 3795 839 3850 nulla
864 3795 1113 3866 deinceps
1142 3798 1293 3854 nobis
1317 3800 1468 3854 venia
1493 3810 1546 3854 et
1569 3803 1840 3858 excusatio
1863 3805 2006 3860 dabi-

428 3894 534 3952 tur,
549 3885 592 3939 si
607 3885 673 3940 de
685 3886 1108 3956 contingentibus
1123 3889 1560 3956 scandalizemur,
1575 3893 1766 3963 quippe
1781 3895 2002 3964 quicum

426 3975 534 4030 sint
562 3984 666 4030 tam
688 3977 866 4033 multa:
887 3980 1136 4046 rationes,
1161 3989 1426 4052 tamquam
1448 3983 1590 4037 nulla
1609 3985 1697 4052 sit,
1721 3987 1791 4039 ita
1811 3988 2004 4041 tumul-

427 4074 638 4122 tuemur
655 4075 710 4123 et
723 4069 1112 4139 perturbemur.
1132 4071 1310 4142 Itaque
1334 4073 1503 4142 prima
1523 4075 1733 4145 quidem
1758 4087 1838 4132 est
1859 4078 2003 4147 quod

428 4175 495 4213 ne
506 4159 659 4215 facile
670 4162 722 4216 in
737 4164 1089 4232 arrogantiam
1108 4174 1325 4233 propter
1337 4166 1646 4222 meritorum
1663 4176 1717 4222 et
1731 4169 2006 4223 miraculo:

429 4269 546 4307 rum
578 4255 991 4324 magnitudinem
1021 4257 1292 4324 tollantur,
1320 4259 1464 4328 ipsos
1494 4260 1633 4315 Deus
1658 4261 1797 4315 sinat
1820 4260 1999 4330 afﬂigi.

428 4343 691 4411 Secunda,
720 4361 788 4400 ne
815 4348 992 4402 caeteri
1022 4348 1276 4418 majorem
1307 4350 1536 4405 habeant
1560 4351 1627 4406 de
1648 4352 1774 4422 ipsis
1799 4352 2005 4422 Opinio-

431 4451 571 4502 nem,
601 4453 757 4507 quam
789 4439 1016 4494 humana
1042 4442 1239 4509 patitur
1262 4452 1469 4509 natura,
1489 4445 1700 4514 etipsos
1719 4445 1870 4510 deos,
1897 4460 2004 4500 non

427 4535 606 4582 autem
647 4526 888 4585 homines
922 4545 1040 4586 esse
1079 4533 1422 4590 arbitrentur.
1472 4536 1669 4601 Tertia,
1715 4545 1773 4590 ut
1812 4545 1866 4591 et
1909 4537 2005 4592 Dei

432 4617 600 4671 virtus
635 4628 890 4686 appareat
917 4635 1012 4689 per
1035 4632 1354 4690 aegrotantes
1385 4632 1441 4678 et
1462 4624 1811 4695 compeditos,
1842 4641 2006 4681 exsu-

433 4722 626 4777 perans
646 4710 945 4776 etvincens,
959 4727 1022 4766 ac
1036 4715 1462 4782 praedicationem
1475 4732 1693 4787 augens.
1712 4718 1931 4786 Quarta,
1948 4728 2006 4774 ut

433 4799 665 4867 ipsorum
693 4801 943 4869 patientia
970 4804 1298 4860 manifestior
1325 4805 1435 4870 ﬂat,
1455 4823 1558 4861 non
1579 4819 1794 4878 propter
1811 4825 2008 4866 merce-

429 4890 552 4944 dem
565 4889 838 4946 hominum
858 4893 966 4948 Deo
981 4895 1444 4962 servientium,sed
1463 4906 1516 4952 et
1533 4905 1728 4953 tantam
1754 4900 2008 4956 exhiben-

431 4979 561 5034 tium
589 4981 984 5049 gratitudinem,
1003 4993 1061 5037 ut
1079 4992 1132 5038 et
1156 4994 1274 5053 post
1298 4993 1374 5039 tot
1396 4987 1535 5040 mala
1551 4987 1754 5042 sincera
1771 4991 1820 5042 in
1836 4991 2005 5059 ipsum

433 5070 798 5126 benevolentia
837 5074 1163 5129 ostendatur.
1197 5076 1410 5142 Quinta,
1445 5086 1501 5131 ut
1520 5079 1588 5133 de
1620 5083 2008 5138 resurrectione

431 5161 760 5231 cogitemus:
782 5178 902 5218 cum
933 5165 1073 5219 enim
1099 5167 1269 5232 virum
1295 5167 1495 5236 justum
1520 5181 1573 5224 et
1599 5171 1760 5225 multa
1795 5174 2004 5242 plenum

435 5253 650 5320 virtute,
677 5254 952 5310 innumera
977 5272 1186 5327 passum
1207 5259 1363 5323 mala,
1388 5268 1443 5314 et
1468 5261 1546 5315 sic
1571 5261 1693 5316 hinc
1711 5262 2004 5332 digressum

434 5344 650 5410 videris,
679 5347 764 5400 vel
794 5346 988 5402 invitus
1015 5349 1082 5403 de
1106 5349 1283 5404 futuro
1309 5351 1380 5406 ibi
1401 5351 1601 5421 judicio
1626 5352 1825 5423 cogites
1850 5369 2008 5424 Opor-

437 5442 531 5489 tet.
575 5435 630 5491 Si
667 5437 810 5492 enim
839 5453 935 5508 pro
966 5453 1026 5494 se
1045 5439 1201 5497 homo
1230 5441 1530 5496 laborantes
1549 5442 1664 5497 sine
1692 5445 1926 5513 praemiis
1954 5454 2010 5502 et

436 5527 782 5585 retributione
807 5529 955 5585 abire
994 5545 1102 5586 non
1140 5533 1397 5601 permittit
1430 5549 1444 5586 :
1472 5533 1640 5586 multo
1681 5536 1847 5603 magis
1890 5550 2004 5603 eos,

438 5622 526 5690 qui
545 5629 747 5675 tantum
774 5623 1166 5691 laboraverunt,
1184 5640 1469 5696 numquam
1495 5627 1832 5681 incoronatos
1845 5641 2016 5681 rema.

437 5723 564 5766 nere
583 5710 722 5768 Deus
751 5712 1020 5771 decernet.
1040 5715 1095 5773 Si
1116 5725 1292 5774 autem
1329 5719 1472 5793 ipsos
1505 5717 1742 5779 laborum
1783 5734 2001 5776 suorum

2095 412 2439 468 retributione
2458 413 2664 483 privare
2699 415 2852 480 nolit,
2877 414 3095 470 omnino
3129 429 3349 471 necesse
3383 424 3463 471 est
3495 419 3671 487 quod-

2091 505 2213 559 dam
2255 505 2397 560 aliud
2442 516 2649 575 tempus
2685 522 2803 562 esse
2838 516 2957 576 post
2986 510 3328 577 praesentium
3361 511 3539 577 linem,
3567 527 3677 582 quo

2094 597 2368 666 praesentis
2387 598 2508 651 vitae
2526 597 2766 652 laborum
2787 599 3161 653 retributiones
3183 601 3459 667 recipiant.
3484 601 3671 666 Sexta,

2095 695 2154 740 ut
2178 702 2364 742 omnes
2382 688 2433 741 in
2456 702 2541 742 res
2566 688 2818 744 adversas
2839 689 3151 752 incidentes,
3177 691 3526 745 sufficientem
3547 707 3680 746 con-

2096 779 2409 833 solationem
2433 789 2485 833 et
2506 780 2887 848 mitigationcm
2977 781 3228 847 habeant,
3259 782 3314 836 in
3343 797 3436 837 eos
3459 784 3679 853 respici-

2095 878 2264 934 entes,
2297 878 2352 922 et
2377 870 2635 924 malorum
2665 887 2782 941 quae
2819 872 2947 940 ipsrs
2985 873 3226 927 accidere
3264 890 3548 929 memores.
3581 876 3677 930 Se-

2098 960 2278 1027 ptitna,
2298 975 2364 1014 ne
2388 961 2598 1029 quando
2619 963 2962 1016 exhortamur
2983 977 3076 1016 vos
3093 963 3156 1017 ad
3175 962 3386 1016 illorum
3404 966 3676 1032 virtutem,

2095 1056 2150 1102 et
2171 1050 2362 1118 cuique
2387 1050 2634 1118 dicimus,
2664 1050 2876 1106 imitare
2903 1053 3121 1106 Paulum
3143 1096 3158 1120 ,
3191 1054 3400 1109 imitare
3435 1055 3674 1122 Petrum,

2097 1151 2312 1211 pr0pter
2352 1152 2620 1212 gestorum
2660 1144 3037 1198 sublimitatem
3065 1145 3287 1200 alterius
3313 1148 3454 1216 ipsos
3472 1158 3681 1204 natura:

2098 1233 2387 1303 participes
2409 1233 2571 1289 fuisse
2595 1237 2908 1304 cogitantes,
2927 1237 2993 1290 ad
3021 1238 3365 1292 imitationem
3399 1240 3674 1308 torpeatis.

2097 1323 2313 1389 Octava,
2331 1325 2608 1394 utquando
2628 1326 2809 1380 beatos
2833 1327 2915 1382 vel
2939 1328 3163 1382 miseros
3184 1343 3402 1383 censere
3427 1339 3674 1398 oportet,

2097 1413 2362 1469 discamus
2383 1431 2516 1486 quos
2529 1417 2732 1484 beatos,
2756 1434 2888 1488 quos
2907 1421 3132 1476 miseros
3157 1431 3209 1476 et
3225 1437 3554 1478 aerumnosos
3575 1439 3679 1493 pu-

2099 1517 2212 1563 tare
2230 1508 2536 1564 debeamus.
2561 1511 2717 1580 Igitur
2730 1512 2810 1565 hae
2823 1513 3033 1582 quidem
3047 1523 3354 1568 suntcausze
3375 1533 3387 1569 :
3407 1516 3498 1570 sed
3519 1531 3684 1585 opor-

2101 1609 2176 1654 tet
2197 1616 2287 1655 eas
2317 1617 2504 1657 omnes
2531 1618 2597 1656 ex
2619 1603 2905 1675 Scripturis
2932 1607 3252 1662 confirmare
3275 1647 3290 1671 ,
3315 1616 3370 1661 et
3392 1607 3682 1678 diligenter

2100 1690 2466 1747 demonstrare
2485 1695 2660 1747 omnia
2684 1709 2841 1765 supra
2864 1697 3002 1751 dicta
3027 1713 3134 1752 non
3156 1697 3506 1752 humanarum
3528 1700 3683 1769 cogi-

2103 1783 2358 1836 tationum
2401 1783 2634 1851 inventa,
2663 1787 2757 1841 sed
2806 1787 3103 1842 divinarum
3140 1789 3532 1859 Scripturarum
3554 1805 3684 1844 sen-

2104 1874 2293 1927 tentias
2316 1889 2452 1930 esse.
2485 1877 2572 1930 Sic
2595 1879 2735 1932 enim
2759 1889 2813 1933 et
2832 1879 3003 1933 oratio
3026 1881 3126 1934 erit
3146 1880 3300 1934 nobis
3325 1880 3428 1935 ﬂde
3448 1881 3680 1950 dignior,

2102 1973 2156 2017 et
2194 1966 2383 2020 melius
2423 1967 2614 2023 animis
2664 1971 2854 2025 vestris
2897 1971 3165 2026 insidebit.
3210 1971 3362 2039 Quod
3411 1973 3686 2028 tribulatio

2101 2057 2312 2125 quidem
2357 2059 2593 2113 conferat
2635 2060 2737 2116 hoc
2774 2064 2993 2129 sanctis,
3022 2073 3077 2118 ut
3117 2065 3340 2118 modesti
3368 2065 3474 2119 sint
3502 2075 3555 2119 et
3578 2064 3686 2118 hu-

2104 2147 2276 2214 miles,
2317 2164 2412 2203 ncc
2454 2150 2704 2206 inﬂentur
2744 2168 2813 2207 ex
2849 2154 3012 2223 gestis
3057 2163 3112 2208 et
3151 2155 3336 2223 signis,
3383 2166 3437 2210 et
3462 2164 3687 2226 propter

2105 2240 2206 2295 hoc
2231 2242 2400 2310 ipsam
2423 2247 2638 2300 evenire
2666 2247 2806 2301 Deus
2836 2248 3124 2314 permittat,
3170 2250 3484 2318 pr0phetam
3517 2249 3687 2303 David

2103 2343 2158 2386 et
2199 2332 2418 2387 Paulum
2468 2336 2652 2390 eadem
2700 2337 2938 2393 dicentes
2987 2339 3279 2393 audiamus.
3329 2340 3422 2394 llle
3466 2341 3684 2410 quidem

2104 2423 2496 2481 dicit:Bonum
2543 2431 2685 2494 mihi,
2732 2430 2965 2497 Domine,
3011 2433 3128 2501 quia
3170 2433 3447 2485 hmniliasti
3491 2449 3588 2498 me,
3625 2444 3687 2486 ut

2106 2514 2300 2568 discam
2311 2519 2700 2587 justi/icationes
2737 2529 2850 2573 tuas
2876 2519 3041 2590 (Psal.
3079 2522 3199 2575 118.
3227 2523 3320 2588 71)
3350 2539 3362 2574 :
3399 2521 3483 2576 hic
3503 2530 3683 2576 autem

2107 2607 2374 2674 praefatus,
2427 2609 2625 2680 Raptus
2665 2627 2778 2664 sum
2817 2612 2870 2665 in
2915 2613 3114 2664 tertium
3157 2614 3356 2677 calum,
3382 2623 3427 2665 et
3456 2614 3506 2666 in
3533 2630 3689 2682 para-

2107 2695 2272 2750 disum
2306 2699 2813 2767 elatus;subintulit,
2834 2700 2899 2754 Et
2920 2719 2983 2755 ne
2998 2703 3353 2755 revelationum
3390 2703 3688 2774 magnitudo

2077 2788 2320 2858 _ea:tollat
2333 2804 2411 2841 me
2436 2829 2452 2854 ,
2493 2789 2641 2843 datus
2685 2800 2756 2843 est
2787 2791 2909 2843 mihi
2958 2792 3191 2844 stimulus
3225 2794 3390 2846 carnis
3414 2833 3428 2856 ,
3475 2792 3687 2862 angelus

2111 2887 2318 2942 satana,
2343 2889 2397 2932 ut
2435 2896 2514 2932 me
2561 2881 2838 2949 colapltizet
2887 2882 2960 2954 (2.
2984 2881 3101 2936 Cor.
3159 2884 3244 2938 12.
3277 2884 3330 2937 ﬂ.
3360 2885 3411 2937 4.
3448 2885 3524 2950 7).
3549 2883 3686 2950 Quid

2109 2969 2210 3024 hoc
2241 2973 2508 3040 apertius?
2534 2973 2608 3026 Ne
2638 2975 2884 3040 extollar,
2933 2975 3120 3043 inquit,
3154 2985 3370 3044 propter
3415 2975 3515 3030 hoc
3561 2990 3684 3044 per-

2109 3061 2251 3115 misit
2282 3062 2418 3117 Deus
2447 3064 2664 3132 angelos
2703 3074 2905 3119 satanze
2950 3065 3287 3134 colaphizare
3318 3081 3422 3120 me.
3450 3066 3688 3134 Angelos

2109 3160 2283 3206 autem
2311 3162 2528 3218 satanas,
2556 3170 2660 3208 non
2682 3155 2953 3209 daamones
2981 3157 3185 3224 aliquos
3205 3157 3355 3221 dicit,
3388 3157 3479 3210 sed
3509 3156 3688 3210 homi—

2107 3257 2204 3296 nes
2227 3243 2440 3297 diabolo
2466 3245 2846 3312 ministrantes,
2872 3246 3112 3301 inlidelcs
3140 3255 3414 3317 tyrannos,
3432 3248 3679 3316 gentiles,

2108 3337 2195 3401 qui
2235 3334 2445 3388 assidue
2474 3335 2572 3404 ipsi
2613 3337 2820 3390 molesti
2858 3347 3028 3402 erant,
3073 3339 3351 3407 ipsumque
3395 3339 3674 3393 vexabant.

2108 3424 2260 3492 Quod
2307 3435 2482 3480 autem
2523 3427 2651 3481 dicit
2695 3427 2996 3498 hujusmodi
3045 3438 3128 3484 est
3161 3448 3175 3483 :
3208 3429 3442 3495 Poterat,
3494 3429 3684 3499 inquit,

2112 3517 2250 3571 Deus
2274 3519 2548 3573 continere
2569 3521 3008 3588 persequutiones
3036 3531 3090 3575 et
3115 3536 3380 3576 aerumnas
3409 3522 3684 3586 assiduas;

2108 3606 2203 3661 sed
2231 3608 2480 3676 quoniam
2510 3609 2563 3662 in
2589 3610 2804 3664 tertium
2833 3620 3014 3679 raptus
3044 3610 3114 3663 fui
3141 3612 3349 3674 coelum,
3381 3622 3435 3665 et
3461 3613 3511 3666 in
3543 3627 3689 3681 para-

2108 3695 2281 3751 disum
2307 3697 2533 3763 delatus,
2559 3715 2626 3752 ne
2670 3699 2856 3753 harum
2899 3701 3261 3769 magnitudine
3305 3705 3684 3760 revelationum

2107 3789 2331 3844 extollar
2357 3799 2411 3845 et
2435 3791 2594 3844 altum
2620 3792 2842 3860 sapiam,
2863 3794 3552 3865 permisitpersequutiones
3570 3799 3684 3860 has,

2106 3887 2159 3935 et
2183 3881 2370 3950 angelo
2396 3890 2595 3936 satanas
2633 3898 2730 3953 per
2772 3886 3212 3954 persequutiones
3242 3896 3295 3941 et
3321 3889 3688 3946 tribulationes

2108 3985 2194 4024 me
2223 3971 2579 4039 colaphizare,
2613 3988 2680 4027 ne
2704 3974 2948 4028 extollar.
2982 3975 3095 4028 Etsi
3124 3977 3266 4030 enim
3310 3980 3480 4032 sancti
3510 3989 3564 4034 et
3593 3981 3689 4034 ad-

2107 4062 2380 4118 mirabiles
2405 4065 2511 4120 sint
2538 4066 2730 4121 Paulus
2753 4077 2806 4121 et
2835 4067 3042 4134 Petrus,
3068 4076 3124 4122 et
3151 4084 3338 4124 omnes
3365 4072 3686 4142 quicumque

2107 4158 2260 4222 tales,
2309 4167 2485 4214 tamen
2536 4160 2778 4215 homines
2801 4169 2942 4226 sunt,
2986 4170 3041 4216 et
3088 4163 3267 4216 multae
3311 4163 3588 4230 cautionis,
3620 4181 3690 4220 ne

2109 4248 2263 4303 facile
2291 4250 2642 4316 extollantur,
2675 4251 2932 4320 indigent,
2953 4260 3004 4306 et
3032 4253 3268 4307 maxime
3297 4255 3534 4307 omnium
3561 4269 3686 4309 san-

2106 4341 2178 4392 cti
2207 4358 2221 4392 :
2252 4339 2380 4393 nihil
2419 4341 2566 4394 enim
2608 4341 2685 4396 sic
2713 4342 2767 4396 in
2797 4344 3152 4413 arrogantiam
3180 4344 3438 4399 extollere
3463 4360 3690 4400 consue-

2107 4429 2202 4494 vit,
2251 4439 2309 4483 ut
2345 4433 2655 4487 meritorum
2704 4433 2856 4503 plena
2898 4434 3245 4503 conscientia,
3269 4445 3324 4490 et
3345 4436 3520 4490 anima
3565 4453 3688 4493 cum

2108 4521 2299 4576 ﬁducia
2329 4523 2531 4578 vivens.
2557 4523 2633 4578 Ne
2652 4524 2776 4594 quid
2818 4525 2977 4594 igitur
3014 4526 3117 4580 tale
3144 4526 3215 4579 illi
3249 4526 3536 4595 patiantur,
3569 4537 3690 4581 ten-

2110 4616 2336 4672 taliones
2363 4625 2418 4670 et
2444 4616 2813 4672 tribulationes
2841 4632 2960 4672 esse
2997 4618 3281 4684 concessit,
3324 4633 3443 4686 quae
3469 4629 3693 4688 possent

2110 4707 2252 4776 ipsos
2295 4709 2562 4779 corripere
2605 4711 2838 4781 ipsisque
2881 4710 3231 4780 persuadere,
3256 4718 3313 4765 ut
3353 4710 3406 4765 in
3441 4712 3693 4769 omnibus

2109 4801 2382 4858 moderate
2405 4813 2644 4874 agerent.

2183 4896 2233 4948 7.
2264 4895 2415 4962 Quod
2445 4905 2623 4953 autem
2673 4897 2741 4952 ad
2792 4897 3257 4953 demonstrandam
3295 4898 3384 4953 Dei
3427 4899 3680 4952 virtutem

2113 4985 2214 5039 hoc
2255 5001 2576 5056 magnopere
2618 4988 2885 5055 conferat,
2917 4999 2970 5042 et
3003 4990 3100 5042 huc
3140 4990 3206 5043 ab
3233 4988 3419 5042 eodem
3449 4988 3696 5057 apostolo

2111 5075 2284 5142 disce,
2311 5079 2399 5146 qui
2429 5079 2570 5146 prius
2597 5079 2698 5133 hoc
2721 5079 2946 5133 dixerat.
2974 5079 3050 5132 Ne
3075 5081 3217 5133 enim
3243 5079 3416 5143 dicas,
3449 5079 3588 5147 quod
3612 5079 3696 5132 in-

2113 5165 2295 5222 ﬁdeles
2315 5177 2517 5237 putant,
2544 5170 2705 5224 Deum
2739 5170 2858 5224 talia
2883 5171 3270 5239 permittentem
3294 5170 3519 5224 debilem
3547 5185 3691 5234 esse,

2115 5276 2213 5315 nec
2241 5275 2366 5317 suos
2395 5262 2641 5331 periculis
2681 5263 2888 5333 eripere
2931 5277 3122 5330 posse,
3153 5262 3296 5332 quod
3347 5262 3491 5330 ipsos
3528 5260 3694 5331 afﬂigi

2113 5354 2361 5409 continue
2384 5355 2558 5409 sinat:
2587 5355 2691 5411 hoc
2712 5355 2985 5410 considera
3003 5395 3018 5420 ,
3051 5353 3318 5424 quomodo
3346 5369 3437 5423 per
3462 5352 3574 5408 haec
3596 5352 3694 5407 de-

2113 5449 2420 5502 monstrarit
2445 5447 2638 5504 Paulus
2656 5491 2670 5511 ,
2695 5464 2798 5503 non
2819 5459 3018 5503 tantum
3045 5466 3162 5519 quae
3187 5450 3373 5504 ﬂerent
3400 5449 3563 5518 ipsius
3593 5449 3696 5502 im-

2113 5539 2454 5594 becillitatem
2479 5556 2582 5594 non
2607 5555 2828 5610 arguere
2844 5583 2858 5607 ,
2884 5543 2977 5597 sed
3004 5543 3229 5614 amplius
3253 5543 3540 5611 potentiam
3567 5558 3690 5597 om-

2113 5633 2269 5687 nibus
2301 5641 2586 5688 ostentare.
2619 5631 2750 5688 Cum
2794 5635 2933 5688 enim
2978 5635 3198 5690 dixisset
3229 5653 3243 5690 :
3273 5634 3437 5688 Datus
3467 5644 3538 5688 est
3563 5634 3690 5687 mihi

2122 5721 2354 5777 stimulus
2375 5712 2560 5793 carnis,
2579 5725 2786 5798 angelus
2804 5735 3012 5793 satana,
3039 5736 3092 5780 ut
3111 5743 3188 5780 me
3205 5725 3507 5798 colaphum;
3528 5735 3580 5782 c'.
3604 5724 3687 5780 his

3877 389 3881 530 ι
