3932 6222
248 269 331 327 93

248 476 365 548 γάρ
392 478 488 531 καὶ
513 476 581 531 τά
601 476 1060 547 ἀναγκαίωςήμῖν
1086 475 1461 548 παραδοθέντα
1482 489 1509 517 ιι
1537 478 1659 532 σῖτα
1674 477 1767 530 καὶ
1795 478 1933 532 ποτά

245 565 366 627 τοῖς
389 566 599 635 καιροῖς
618 564 714 617 καὶ
734 565 852 627 ταῖς
873 565 1086 634 χρείαις
1106 563 1194 617 ἀεὶ
1218 565 1434 634 μετρεῖν
1449 563 1549 625 δεῖ,
1568 563 1660 617 καὶ
1683 561 1930 635 μηδαμοῦ

244 649 351 720 τὴν
394 649 583 720 χρείαν
611 650 982 721 ὑπερϐαίνειν,
1010 649 1145 721 μηδέ
1162 648 1350 714 ἁπλῶς
1375 649 1469 703 καὶ
1493 649 1618 719 εἰκῆ
1645 666 1700 703 τι
1738 651 1931 704 ποιεῖν.

258 734 406 789 ’Ἀλλ’
437 736 627 809 ἐπειδὴ
653 736 751 809 τὴν
772 736 866 791 τοῦ
901 737 1117 791 Παύλου
1138 736 1468 809 κηδεμονίαν
1496 736 1592 790 καλ⁵
1614 736 1712 807 τὴν
1733 736 1933 808 ἀρετὴν

236 821 527 895 ’ἐμάθομεν
545 823 643 897 τὴν
677 824 968 896 Τιμοθέου,
1005 825 1139 897 φέρε
1167 824 1356 878 λοιπὸν
1386 826 1472 879 ἐπ’
1494 825 1666 894 αὑτὴν
1705 822 1804 895 τὴν
1836 823 1932 877 λύ-

248 926 337 965 σιν
367 912 476 967 τῶν
506 913 837 985 ζητημάτων
862 913 955 967 τὸν
983 913 1141 983 λόγον
1174 913 1490 984 ἀγάγωμεν.
1519 913 1652 967 Τίνα
1685 908 1778 967 οῦν
1823 914 1929 966 εἱσι

241 999 316 1054 τά
345 998 690 1073 ζητούμενας
724 1004 1023 1071 ἀναγκαῖον
1052 1003 1161 1074 γάρ
1206 1002 1369 1057 πάλιν
1411 1004 1584 1055 εἰπεῖν
1630 1002 1717 1057 ἵνα
1762 1018 1929 1070 σαφε-

243 1087 415 1159 στέρα
447 1090 481 1160 ή
516 1088 672 1154 λύσις
702 1090 957 1162 γένηται’
980 1091 1125 1156 τίνος
1158 1087 1252 1146 οὖν
1286 1090 1473 1144 ἕνεκεν
1506 1091 1662 1159 ἆγιον
1686 1088 1926 1144 τοιοῦτον

238 1177 339 1229 καὶ
362 1177 599 1232 τοσαῦτα
619 1180 1006 1250 οίκονομοῦντα
1027 1180 1351 1253 πράγματα,
1369 1181 1449 1242 είς
1473 1179 1784 1251 ἀρρωστίαν
1803 1194 1926 1231 συν-

238 1261 525 1336 εχώρησεν
561 1269 590 1320 6
627 1266 760 1330 Θεὸς
795 1268 1076 1338 ἐμπεσεῖν,
1149 1269 1244 1322 καὶ
1279 1266 1402 1321 οὔτε
1436 1267 1616 1331 αὑτὸς,
1651 1265 1822 1320 οὑτεδ
1842 1267 1926 1319 δι-

234 1347 509 1415 δάσκαλος
532 1352 719 1424 ἴσχυσε
743 1354 805 1406 τὸ
824 1355 1039 1426 νόσημα
1058 1354 1476 1427 διορθώσασθαι,
1500 1353 1636 1408 ἀλλά
1657 1354 1757 1423 τῆς
1782 1353 1922 1408 κατά

234 1436 340 1508 τὴν
367 1439 676 1494 οίνοποσίαν
698 1440 996 1513 ἐδεήθησαν
1028 1442 1310 1513 βοηθείας;
1340 1443 1450 1497 Καὶ
1485 1441 1554 1496 τά
1586 1442 1684 1512 μὲν
1722 1439 1918 1511 ζητού-

237 1540 382 1594 μενα
413 1523 585 1580 ταῦτα
616 1521 708 1599 ἦν.
734 1529 826 1581 Δεῖ
856 1529 913 1582 δὲ
946 1528 1117 1601 αὑτὴν
1159 1532 1459 1599 ἐπαγαγεῖν
1492 1528 1591 1600 τὴν
1631 1528 1807 1590 λύσιν,
1842 1528 1919 1592 ώς

236 1609 318 1682 μὴ
345 1611 504 1682 μόνον
536 1613 590 1666 εἴ
608 1631 754 1680 τινες
780 1615 920 1686 νόσῳ
970 1617 1065 1669 καὶ
1096 1616 1380 1689 ἀρρωστίᾳ
1418 1616 1643 1689 τοιαύτῃ
1688 1615 1908 1686 περιπέ-

234 1714 408 1763 σοιεν,
443 1700 581 1755 ἀλλά
608 1703 704 1756 καὶ
733 1703 788 1757 εί
803 1720 949 1768 τινες
976 1704 1158 1776 πενίᾳ,
1192 1706 1287 1758 καὶ
1318 1704 1460 1776 λιμῷ
1480 1705 1528 1767 1³,
1557 1704 1655 1757 καὶ
1672 1704 1914 1772 δεσμοῖς,

231 1788 335 1840 καὶ
363 1787 636 1857 βασάνοις,
665 1792 759 1845 καὶ
788 1793 1092 1865 ἐπηρείαις,
1111 1793 1205 1848 καὶ
1233 1794 1637 1863 συκοφαντίαις,
1658 1795 1752 1846 καὶ
1780 1795 1912 1847 πᾶσι

228 1877 350 1938 τοῖς
377 1876 517 1931 κατά
570 1878 662 1934 τὸν
703 1881 947 1951 παρόντα
994 1882 1108 1953 βίον
1143 1882 1358 1949 δεινοῖς,
1384 1881 1531 1951 ἀγιοι
1564 1883 1660 1936 καὶ
1685 1881 1910 1952 μεγάλοι

230 1961 333 2014 καὶ
372 1963 696 2036 θαυμαστοὶ,
727 1969 823 2022 καὶ
849 1970 936 2023 ἐπ’
963 1970 1187 2025 ἐκείνων
1210 1971 1318 2025 ἀπὸ
1338 1970 1449 2024 τῶν
1477 1971 1719 2041 σήμερον
1741 1970 1910 2042 ῥηθη-

230 2049 479 2120 σομένων
501 2055 703 2126 ἀκριϐῆ
720 2057 825 2115 ,καὶ
853 2059 1199 2130 σαφεστάτην
1225 2057 1516 2129 δυνηθῆναι
1538 2057 1792 2128 εὑρέσθαι
1811 2057 1909 2128 τὴν

230 2137 536 2208 ἀπολογίαν
582 2141 721 2214 πρὸς
757 2145 883 2208 τοὺς
922 2146 1173 2214 ἐγκαλεῖν
1212 2145 1599 2215 βουλομένους.
1650 2147 1759 2199 Καὶ
1800 2148 1909 2219 γάρ

228 2224 505 2295 ἠκούσατε
526 2229 736 2283 πολλῶν
760 2230 987 2286 τοιαῦτα
1004 2231 1312 2302 ζητούντων
1331 2249 1346 2263 ο
1378 2232 1443 2285 Τί
1466 2233 1665 2303 δήποτε
1699 2234 1727 2285 δ
1761 2232 1908 2285 δεῖνα

230 2311 457 2385 μέτριος
483 2313 559 2369 ὢν
593 2316 686 2370 καὶ
724 2317 974 2391 ἐπιεικὴς
1010 2319 1298 2392 ἄνθρωπος
1318 2319 1408 2389 ὑφ’
1443 2319 1631 2390 ἐτέρου
1670 2319 1909 2391 παρανό-

227 2415 339 2471 μου
372 2401 519 2467 τινὸς
565 2403 661 2458 καὶ
697 2407 938 2478 πονηροῦ
972 2406 1101 2461 καθ’
1128 2407 1364 2478 ἑκάστην
1402 2407 1616 2479 ἡμέραν
1641 2408 1722 2470 είς
1754 2407 1907 2461 δικα-

226 2488 456 2559 στήριον
504 2491 741 2558 ἕλκεται,
786 2495 883 2548 καὶ
924 2495 1092 2566 μυρία
1135 2497 1334 2566 πάσχει
1374 2496 1540 2562 δεινὰ,
1587 2496 1681 2550 καὶ
1711 2499 1739 2549 6
1771 2496 1905 2560 Θεὸς

223 2581 531 2650 συγχωρεῖ;
563 2580 708 2646 τίνος
743 2578 836 2637 οὖν
883 2582 1068 2638 ἕνεκεν
1098 2584 1283 2655 ἔτερος
1330 2584 1763 2655 συκοφαντηθείς
1797 2587 1903 2638 ἀπ-

221 2661 416 2719 έθανεν
444 2667 644 2731 ἀδίκως
660 2686 677 2735 ;
693 2669 751 2724 Ὀ
771 2668 917 2723 δεῖνα
940 2672 1357 2744 κατεποντίσθη,
1380 2674 1564 2745 φησὶν,
1590 2673 1749 2738 ἀλλος
1769 2690 1903 2726 κατ-

218 2753 566 2827 εκρημνίσθη
589 2772 603 2787 ·
633 2756 727 2810 καὶ
749 2756 977 2822 πολλοὺς
1006 2758 1072 2813 ἂν
1104 2758 1324 2830 ἔχοιμεν
1357 2761 1545 2830 ἁγίους
1572 2763 1766 2826 εἰπεῖν,
1804 2761 1900 2814 καὶ

220 2839 311 2908 ἐφ’
338 2841 496 2912 ήμῶν
527 2844 623 2898 καὶ
665 2845 759 2899 ἐπὶ
789 2846 899 2901 τῶν
925 2848 1207 2919 προγόνων
1235 2848 1343 2902 τῶν
1375 2848 1659 2921 ἡμετέρων
1698 2847 1900 2912 πολλὰς

216 2928 658 3000 ὑπομείνανταςο
683 2933 894 3004 θλίψεις
917 2936 1208 3008 διαφόρους
1230 2939 1325 2991 καὶ⁵
1353 2937 1619 3001 ποικίλας.
1664 2937 1784 2991 ’Ίνα
1804 2934 1897 2992 οὖν

215 3015 479 3074 ἁπάντων
500 3022 704 3077 τούτων
721 3023 813 3078 τὸν
836 3023 993 3095 λόγον
1021 3024 1241 3096 ἴδωμεν,
1267 3026 1362 3079 καὶ
1398 3028 1533 3097 μήτε
1555 3025 1708 3079 αὑτοὶ
1739 3025 1898 3096 θορυ-

217 3103 467 3177 ϐώμεθα,
523 3111 660 3182 μήτε
707 3111 927 3183 ἐτέρους
971 3112 1491 3185 σκανδαλιζομένους
1530 3113 1892 3185 περιορῶμεν,

218 3193 344 3263 μετ’
384 3196 672 3266 ἀκριϐείας
699 3198 921 3272 ἀπάσης
952 3203 1067 3264 τοῖς
1098 3200 1457 3273 λεχθήσεσθαι
1500 3201 1752 3274 μέλλουσι
1796 3202 1893 3257 νῦν

215 3282 599 3353 προσέχωμεν.

289 3366 365 3432 ς’-
397 3370 510 3440 Τῆς
559 3371 669 3444 γὰρ
699 3372 805 3427 τῶν
835 3375 1009 3444 ἀγίων
1059 3375 1359 3441 κακώσεως
1380 3377 1481 3448 τῆς
1512 3376 1762 3447 ποικίλης
1795 3375 1891 3431 καὶ

210 3460 564 3530 παντοδαπῆς
594 3462 839 3519 ὀκτώτὸν
849 3465 1081 3537 ἀριθμὸν
1104 3466 1281 3530 αἰτίας
1301 3467 1409 3537 έχω
1438 3467 1572 3539 πρὸς
1587 3466 1891 3539 τὴνὺμετέ-

213 3565 319 3619 ραν
341 3549 560 3621 ἀγάπην
581 3553 772 3607 εἰπεῖν.
791 3554 883 3606 Διὸ
901 3554 1210 3609 συντείνατέ
1234 3572 1323 3626 μοι
1344 3556 1568 3619 ἑαυτοὺς
1589 3555 1726 3627 μετά
1741 3557 1870 3626 ἀκρι

208 3636 365 3701 ϐείας
389 3636 661 3703 άπαντες,
692 3640 894 3705 εἰδότες
935 3643 1011 3706 ὡς
1056 3642 1281 3712 οὐδεμία
1326 3642 1510 3696 λοιπὸν
1551 3642 1703 3696 ἔσται
1754 3644 1887 3714 ἡμῖν

208 3724 511 3798 συγγνώμη
541 3728 635 3780 καὶ
659 3729 923 3797 ἀπολογία
951 3730 1460 3802 σκανδαλιζομένοις
1488 3732 1581 3785 ἐπὶ
1600 3734 1714 3796 τοῖς
1746 3749 1885 3802 συμ-

206 3810 510 3875 ϐαίνουσιν,
543 3813 683 3883 εἴγε
710 3817 980 3870 τοσούτων
1011 3819 1335 3889 προφάσεων
1372 3819 1566 3885 οὐσῶν,
1597 3820 1672 3883 ὠς
1705 3820 1884 3892 μηδε-

210 3899 342 3968 μιᾶς
381 3898 549 3970 οὑσης
593 3901 735 3955 οὕτω
780 3903 1066 3975 μέλλοιμεν
1117 3904 1457 3978 θορυϐεῖσθαι
1495 3905 1591 3960 καὶ
1617 3906 1881 3977 ταράττε-

208 3983 355 4038 σθαι.
386 3985 585 4059 Πρώτη
623 3989 722 4060 μέν
752 3985 845 4044 οὖν
865 3989 916 4056 ἆ,
965 3990 1055 4046 διά
1084 3992 1144 4046 τὸ
1177 3992 1253 4064 μὴ
1290 3994 1498 4065 ταχέως
1522 3995 1771 4065 αἴρεσθαι
1800 3995 1880 4058 είς

204 4068 466 4126 ἀπόνοιαν
486 4072 565 4144 τῷ
608 4076 827 4146 μεγέθει
856 4077 966 4133 τῶν
993 4079 1433 4153 κατορθωμάτων
1481 4081 1578 4135 καὶ
1614 4080 1723 4135 τῶν
1750 4081 1880 4134 θαυ-

206 4157 416 4228 μάτων,
450 4160 672 4231 ἀφίησιν
710 4164 908 4229 αὑτοὺς
939 4168 968 4220 6
992 4166 1126 4230 Θεὸς
1154 4167 1474 4222 κακοῦσθαι.
1502 4168 1761 4240 Δευτέρα,
1791 4169 1879 4223 ἴνα

205 4246 284 4318 μὴ
311 4247 532 4318 μείζονα
550 4252 650 4321 τῆς
669 4250 1017 4325 ἀνθρωπίνης
1034 4253 1249 4324 φύσεως
1262 4256 1391 4327 περὶ
1413 4256 1593 4310 αὑτῶν
1619 4257 1875 4314 ὑπόνοιαν

199 4332 399 4404 ἔχωσιν
422 4334 620 4407 έτεροι,
649 4338 745 4391 καὶ
772 4337 947 4404 θεοὺς,
971 4341 1085 4394 ἀλλ’
1110 4342 1210 4395 οὑκ
1232 4341 1555 4414 ἀνθρώπους
1579 4344 1874 4414 νομίσωσιν

198 4421 399 4484 αὐτοὺς
431 4417 591 4476 εἶναι.
615 4423 805 4497 Τρίτη,
830 4425 917 4481 ῐνα
940 4428 973 4498 ή
992 4426 1087 4481 τοῦ
1109 4427 1242 4481 Θεοῦ
1259 4429 1520 4500 φαίνηται
1544 4428 1772 4502 δύναμις
1783 4431 1872 4487 διά

197 4506 308 4561 τῶν
333 4506 761 4574 ἐξασθενούντων
785 4513 880 4567 καὶ
899 4513 987 4568 διὰ
1017 4514 1127 4570 τῶν
1168 4514 1551 4587 δεσμουμένων
1595 4519 1872 4590 κρατοῦσα

195 4594 295 4648 καὶ
309 4598 720 4681 περιγινομένη,
738 4601 831 4654 καὶ
846 4600 909 4654 τὸ
922 4602 1183 4674 κήρυγμα
1202 4603 1461 4671 αὔξουσα.
1490 4608 1760 4681 Τετάρτη,
1782 4610 1869 4664 ἵνα

195 4680 380 4735 αὑτῶν
409 4683 633 4739 ἐκείνων
651 4688 686 4756 ή
716 4687 961 4761 ὑπομονὴ
996 4694 1349 4764 φανερωτέρα
1380 4693 1629 4766 γένηται,
1649 4680 1751 4751 οὑκ
1776 4698 1867 4752 ἐπὶ

198 4768 378 4840 μισθῷ
407 4770 487 4842 τῷ
533 4772 651 4844 Θεῷ
687 4774 1080 4843 δουλευόντων,
1132 4779 1270 4835 ἀλλά
1309 4784 1404 4836 καὶ
1435 4784 1704 4856 τοσαύτην
1742 4789 1864 4843 ἐπι-

191 4856 373 4911 δεικνυ
382 4859 558 4929 μένων
569 4862 1009 4936 εὐγνωμοσύνην,
1025 4866 1101 4931 ώς
1117 4868 1211 4921 καὶ
1225 4867 1363 4939 μετὰ
1373 4869 1456 4943 [9]
1469 4872 1706 4928 τοσαῦτα
1720 4878 1864 4932 κακά

189 4944 289 5037 τὴν
308 4947 575 5020 ἀκεραίαν
596 4950 722 5022 περὶ
740 4952 903 5005 αὑτὸν
926 4954 1330 5011 ἐπιδείκνυσθαι
1352 4957 1584 5016 εὔνοιαν.
1606 4962 1860 5037 Πέμπτη,

303 5034 432 5106 περὶ
454 5034 800 5125 ἀναστάσεως
820 5039 1198 5113 φιλοσοφῶμεν
1218 5060 1233 5075 ·
1266 5046 1394 5100 ὅταν
1415 5047 1524 5120 γὰρ
1554 5048 1670 5123 ἴδῃς
1688 5030 1862 5125 ἀνδρα

186 5115 393 5172 δίκαιον
409 5122 504 5174 καὶ⁵
524 5122 725 5194 πολλῆς
745 5126 986 5198 γέμοντα
1013 5130 1216 5203 ἀρετῆς
1239 5135 1409 5205 μυρία
1430 5115 1671 5191 παθόντα
1689 5115 1857 5205 δεινὰ,

187 5207 281 5302 καὶ
307 5206 484 5273 οὑτως
521 5211 825 5266 ἀπελθόντα
854 5215 1127 5282 ἐντεῦθεν,
1160 5221 1256 5273 καὶ
1284 5221 1434 5276 ἄκων
1464 5224 1858 5302 ἀναγκασθήσῃ

187 5292 406 5385 πάντως
436 5296 687 5385 ἐννοῆσαί
711 5317 765 5353 τι
796 5304 927 5374 περὶ
956 5303 1061 5374 τῆς
1084 5306 1203 5360 ἐκεῖ
1232 5310 1486 5380 κρίσεως.
1618 5314 1727 5385 γάρ
1762 5292 1859 5370 ἀνῖ

185 5378 391 5450 θρωποι
420 5383 548 5446 τοὺς
577 5384 717 5457 ὑπὲρ
748 5389 929 5442 αὐτῶν
958 5378 1391 5460 κάμνοπαςτούκ
1419 5378 1653 5466 ἀφιᾶσιό
1687 5378 1856 5475 χωρὶς

242 5483 272 5558 ξ
298 5482 451 5558 ξᾳγὶτξ.
481 5490 534 5558 ei:
555 5487 744 5558 aliquot
768 5504 883 5540 mss.
909 5495 1039 5558 παρὰ
1058 5493 1144 5544 τοῦ
1168 5495 1292 5546 Θεοῦ
1316 5499 1525 5549 δοθέντα.

1291 270 1382 327 A1)
1421 270 1752 329 POPULUM
1790 269 2291 328 ANTIOCHENUEH
2324 269 2559 326 HOMIL.
2604 271 2645 326 1.
3060 328 3068 335 ,

248 386 539 459 ἠνάγκασε
569 387 660 442 τὸν
683 370 935 459 μαθητὴν
969 386 1091 442 οὑδὲ
1120 387 1211 442 τὸν
1240 388 1420 457 ὀλίγον
1443 389 1785 461 προσίεσθαι.
1822 389 1934 443 Καὶ
2042 386 2249 458 μισθῶν
2277 389 2370 443 καὶ
2394 388 2629 459 ἀμοιϐῆς
2658 387 2933 456 ἀπελθεῖν,
2959 388 3136 462 πολλῷ
3161 389 3358 462 μᾶλλον
3378 392 3409 446 6
3429 391 3562 457 Θεὸς
3585 398 3714 460 τους

3640 277 3716 335 24

2036 475 2274 528 τοσαῦτα
2315 477 2693 546 πεπονηκότας
2719 476 2819 529 οὑκ
2848 476 2914 530 ἀν
2944 476 3118 530 ’έλοιτό
3143 495 3272 532 ποτε
3299 478 3716 551 ἀστεφανώτους

2038 560 2255 629 ἀφεῖναι
2273 580 2287 595 ο
2321 565 2371 617 εί
2393 562 2450 616 δέ
2473 565 2574 616 οὑκ
2599 562 2665 616 ἂν
2697 562 2868 616 ἐλοιτο
2893 562 2990 634 τῆς
3020 563 3129 617 τῶν
3164 565 3341 619 πόνων
3359 566 3543 620 αὑτῶν
3554 569 3714 639 ἀμοι-

2039 649 2140 720 ϐῆς
2161 652 2358 715 αὐτοὺς
2385 652 2758 723 ἀποστερῆσαί
2783 669 2932 716 ποτε,
2954 651 3167 724 ἀνάγκη
3200 653 3391 725 καιρὸν
3420 650 3559 709 εἶναί
3587 673 3722 711 τινα

2038 737 2176 804 μετά
2196 736 2216 775 ἲ
2253 739 2352 809 τὴν
2377 737 2629 791 ἐντεῦθεν
2660 738 2937 813 τελευτὴν,
2962 740 3082 794 καθ’
3113 740 3171 794 ὃν
3205 742 3573 814 ἀπολήψονται
3611 743 3710 808 τὰς

2032 822 2266 893 ἀμοιϐάς
2286 823 2394 877 τῶν
2415 824 2667 879 ἐντεῦθεν
2699 825 2897 882 πόνων.
2942 827 3138 898 Ἕκτη,
3167 828 3257 882 ἵνα
3284 829 3485 894 πάντες
3515 832 3565 883 οἱ
3607 847 3708 884 πε-

2032 910 2386 980 ριπίπτοντες
2420 915 2537 976 τοῖς
2564 912 2760 977 δεινοῖς
2795 915 2985 987 ίκανὴν
3025 915 3191 988 ἔχωσι
3231 917 3580 990 παράκλησιν
3612 919 3708 974 καὶ

2029 998 2416 1070 παραμυθίαν,
2440 1001 2521 1064 εἰς
2558 1001 2805 1065 ἐκείνους
2839 1002 3178 1074 ἀφορῶντες,
3220 1007 3315 1059 καὶ
3357 1007 3467 1060 τῶν
3502 1007 3707 1078 συμϐε-

2028 1084 2273 1157 ϐηκότων
2306 1088 2489 1152 αὑτοῖς
2521 1089 2860 1160 μεμνημένοι
2893 1091 3100 1147 κακῶν.
3157 1092 3411 1165 Ἑϐδόμη,
3464 1095 3550 1150 ἵνα
3575 1096 3704 1149 ὅταν

2026 1172 2432 1245 παρακαλῶμεν
2464 1176 2609 1247 ὑμᾶς
2636 1176 2772 1250 πρὸς
2797 1178 2896 1249 τὴν
2925 1178 3148 1235 ἐκείνων
3182 1181 3401 1252 ἀρετὴν,
3443 1183 3537 1236 καὶ
3566 1182 3705 1253 πρὸς

2025 1258 2255 1314 ἕκαστον
2294 1263 2446 1333 ὑμῶν
2480 1264 2751 1335 λέγωμεν,
2796 1265 2880 1319 ὃτι
2922 1266 3155 1338 μίμησαι
3197 1268 3427 1336 Παῦλον,
3477 1270 3572 1323 καὶ
3603 1270 3702 1341 ζή-

2024 1345 2196 1402 λωσον
2225 1349 2254 1390 ⁵
2280 1350 2504 1422 Πέτρον,
2559 1353 2634 1422 μὴ
2679 1352 2992 1423 νομίζοντες
3021 1354 3109 1408 διὰ
3149 1354 3249 1426 τὴν
3282 1355 3390 1410 τῶν
3419 1358 3700 1429 κατορθω-

2027 1434 2210 1505 μάτων
2237 1437 2540 1509 ὑπερϐολὴν
2568 1438 2760 1510 ἐτέρας
2798 1441 2998 1506 αὑτοὺς
3041 1444 3431 1514 μετεσχηκέναι
3462 1444 3696 1513 φύσεως,

2021 1522 2365 1595 ἀποκνήοητε
2399 1525 2535 1594 πρὸς
2561 1527 2660 1597 τήν
2687 1528 2939 1599 μίμησιν.
2983 1529 3195 1601 Ὀγδόη,
3226 1529 3313 1582 ἵνα
3336 1531 3465 1584 ὅταν
3484 1530 3576 1604 δέῃ
3603 1549 3701 1602 μα-

2019 1609 2268 1680 καρίζειν
2298 1614 2393 1665 καὶ
2422 1613 2751 1677 ταλανίζειν,
2787 1616 3048 1686 μάθωμεν
3075 1616 3231 1680 τίνας
3258 1618 3356 1686 μὲν
3389 1620 3494 1690 χρὴ
3527 1636 3699 1689 μακα-

2021 1696 2169 1766 ρίους
2199 1699 2484 1769 ήγεῖσθαι,
2514 1700 2666 1765 τίνας
2700 1703 2756 1755 δέ
2781 1703 2998 1766 ἀθλίους
3031 1705 3124 1757 καὶ
3154 1705 3552 1777 ταλαιπώρους.
3586 1708 3697 1761 Καὶ

2016 1784 2071 1835 αί
2103 1783 2203 1853 μὲν
2234 1785 2406 1839 αίτίαι
2453 1780 2615 1841 αὗται
2637 1803 2650 1817 ⁶
2680 1790 2760 1842 δεῖ
2788 1788 2846 1842 δὲ
2878 1790 3048 1854 αὑτὰς
3081 1791 3190 1844 ἀπὸ
3214 1791 3321 1845 τῶν
3344 1793 3383 1844 Γ
3390 1793 3578 1863 ραφῶν
3606 1812 3696 1847 πι-

2016 1869 2326 1926 στώσασθαι
2369 1876 2570 1939 πάσας,
2604 1877 2701 1929 καὶ
2745 1877 2914 1943 δεῖξαι
2967 1879 3103 1948 μετά
3139 1879 3444 1951 ἀκριϐείας,
3483 1881 3558 1946 ώς
3592 1885 3694 1937 οὑκ

2014 1957 2371 2030 ἀνθρωπίνων
2404 1960 2678 2032 λογισμῶν
2712 1964 2946 2027 ἐπίνοια,
2981 1965 3117 2018 ἀλλά
3149 1966 3255 2020 τῶν
3284 1967 3516 2039 Γραφῶν
3545 1972 3692 2025 ἐστιν

2011 2044 2285 2115 ἀπόφασις
2316 2048 2385 2101 τὰ
2412 2050 2678 2121 εἰρημένα
2712 2050 2948 2106 ἅπαντα.
2985 2052 3145 2107 Οὕτω
3175 2054 3284 2126 γάρ
3319 2055 3412 2108 καὶ
3458 2058 3486 2110 6
3534 2057 3692 2126 λόγος

2010 2134 2143 2203 ἡμῖν
2199 2134 2638 2209 ἀξιοπιστότερος
2681 2137 2864 2205 ἔσται,
2909 2139 3003 2193 καὶ
3061 2141 3263 2211 μᾶλλον
3315 2142 3689 2211 ἐγκαθεδεῖται

2008 2222 2127 2283 ταῖς
2166 2222 2463 2293 ὑμετέραις
2487 2223 2707 2294 ψυχαῖς.
2739 2227 2860 2280 Ὅτι
2900 2227 2998 2297 μὲν
3026 2224 3119 2281 οὖν
3154 2229 3234 2291 είς
3275 2228 3336 2282 τὸ
3373 2231 3688 2302 μετριάζειν

2008 2308 2105 2361 καὶ
2158 2314 2639 2381 ταπεινοφρονεῖν,
2676 2312 2772 2365 καὶ
2809 2313 2871 2366 τὸ
2904 2314 2978 2385 μὴ
3020 2315 3291 2384 φυσᾶσθαι
3338 2317 3403 2370 ἐκ
3447 2318 3555 2372 τῶν
3590 2337 3687 2392 ση-

2010 2394 2179 2464 μείων
2202 2398 2297 2450 κα).
2331 2396 2444 2451 τῶν
2472 2398 2933 2471 κατορθωμάτων,
2962 2402 3327 2473 συμϐάλλεται
3361 2408 3474 2469 τοῖς
3508 2408 3683 2476 ἁγίοις

2006 2481 2039 2552 ἡ
2072 2482 2336 2549 κάκωσις,
2359 2486 2455 2539 καὶ
2483 2485 2571 2539 διά
2600 2486 2756 2539 τοῦτο
2783 2487 3158 2559 συνεχώρησεν
3180 2491 3350 2564 αὑτὴν
3375 2495 3405 2546 6
3430 2494 3561 2560 Θεὸς
3587 2512 3683 2564 γε-

2003 2569 2212 2636 νέσθαι,
2237 2572 2331 2626 καὶ
2357 2572 2451 2626 τοῦ
2470 2575 2750 2646 προφήτου
2778 2574 2959 2642 Δαυῒδ,
2980 2578 3185 2633 καὶτοῦ
3210 2581 3422 2636 Παύλου
3451 2584 3519 2638 τά
3541 2586 3681 2641 αύτά

2001 2656 2267 2729 λεγόντων
2289 2661 2634 2734 ἀκούσωμεν.
2665 2665 2905 2729 Ἐκεῖνος
2937 2667 3036 2739 μὲν
3057 2669 3164 2743 γάρ
3197 2687 3361 2740 φησιν
3380 2690 3394 2702 ·
3433 2673 3682 2744 Ἀγαθὸν

1994 2764 2099 2816 μοι
2119 2787 2134 2808 .
2161 2746 2370 2816 Κύριε,
2407 2749 2496 2803 ὅτι
2531 2751 2940 2821 ἐταπείνωσάς
2969 2772 3080 2824 με,
3113 2756 3275 2823 ὅπως
3309 2758 3387 2814 ἂν
3409 2760 3578 2831 μάθω
3605 2765 3679 2819 τὰ

1998 2835 2359 2906 δικαιώματὰ
2388 2852 2532 2892 σου·
2570 2833 2723 2903 οὗτος
2763 2840 2820 2893 δὲ
2864 2841 3054 2907 εἰπὼν,
3104 2845 3185 2898 ὅτι
3239 2847 3544 2918 Ἡρπάγιην
3589 2853 3677 2918 εις

1997 2924 2198 2993 τρίτον
2227 2925 2510 2991 οὐρανὸν,
2536 2925 2634 2979 καὶ
2655 2929 2743 2992 εἰς
2775 2927 2882 2981 τὸν
2909 2929 3275 2999 παράδεισον
3301 2935 3673 3006 ἀπηνέχθην,

1997 3011 2247 3082 ἐπήγαγε
2279 3010 2474 3080 λέγων,
2502 3012 2612 3065 Καὶ
2640 3011 2714 3082 τῇ
2752 3014 3057 3086 ὑπερϐολῇ
3082 3017 3200 3071 τῶν
3229 3020 3674 3092 ἀποκαλύψεων

1996 3095 2097 3149 ἵνα
2129 3095 2230 3166 ,μὴ
2282 3099 2704 3168 ὑπεραίρωμαι,
2738 3100 2913 3171 ἐδόθη
2941 3120 3041 3171 μοι
3088 3105 3336 3175 σκόλοψ
3364 3106 3440 3177 τῇ
3467 3109 3662 3181 σαρκὶ,

1994 3179 2251 3252 ἄγγελος
2296 3182 2493 3239 σατᾶν
2519 3185 2619 3238 ἵνα
2640 3203 2719 3255 με
2748 3187 3055 3258 κολαφίζῃ.
3082 3191 3148 3244 Τί
3174 3192 3364 3246 τούτου
3402 3179 3671 3265 σαφέστε-

1995 3286 2123 3339 ρον;
2148 3270 2265 3324 Ἵνα
2295 3271 2369 3344 μὴ
2405 3272 2807 3345 ὑπεραίρωμαι,
2845 3277 2998 3347 φησὶ,
3024 3277 3112 3332 διὰ
3152 3281 3310 3334 τοῦτο
3360 3283 3670 3356 συνεχώρη-

1993 3373 2086 3410 σεν
2118 3360 2147 3411 6
2174 3358 2307 3423 Θεὸς
2332 3360 2456 3424 τοὺς
2478 3361 2743 3429 ἀγγέλους
2767 3362 2860 3416 τοῦ
2886 3368 3092 3419 σατανᾶ.
3114 3368 3424 3437 κολαφίζειν
3448 3389 3515 3442 με
3536 3390 3549 3402 '
3571 3374 3668 3441 ἀγ-

1989 3445 2180 3514 γέλους
2220 3446 2279 3501 δὲ
2313 3447 2406 3501 τοῦ
2450 3451 2659 3503 σατανᾶ
2693 3452 2815 3521 οὑχ).
2846 3451 3106 3525 δαίμονας
3138 3457 3286 3525 λέγει
3318 3456 3489 3525 τινὰς,
3530 3460 3667 3516 ἀλλά

1989 3534 2309 3607 ἀνθρώπους
2340 3540 2469 3602 τοὺς
2505 3538 2982 3611 ὑπηρετουμένους
3008 3542 3086 3614 τῷ
3108 3544 3357 3618 διαϐόλῳ,
3385 3549 3511 3612 τοὺς
3532 3550 3663 3602 ἀπίη

1989 3640 2146 3688 στους
2163 3667 2179 3691 ,
2207 3626 2332 3690 τοὺς
2362 3627 2662 3698 τυράννους
2683 3668 2697 3693 ,
2729 3632 2858 3694 τοὺς
2886 3631 3187 3704 Ἕλληνας,
3213 3635 3263 3688 οἳ
3302 3637 3540 3709 συνεχῶς
3564 3640 3656 3692 αὑ-

1984 3711 2077 3765 τὸν
2109 3713 2340 3776 έθλιϐον,
2374 3715 2470 3768 καὶ
2501 3717 2741 3788 συνεχῶς
2768 3718 2999 3790 ῆλαυνον
3018 3738 3032 3752 ·
3060 3722 3088 3775 ὃ
3120 3721 3176 3777 δὲ
3212 3723 3383 3794 λέγει,
3421 3727 3661 3782 τοιοῦτόν

1986 3801 2132 3855 ἐστιν
2157 3820 2170 3833 ·
2193 3802 2445 3872 ἠδύνατο,
2461 3807 2646 3876 φησὶν,
2663 3806 2691 3857 6
2712 3805 2843 3870 Θεὸς
2865 3810 3211 3864 καταστεῖλαι
3226 3814 3351 3875 τοὺς
3365 3813 3656 3885 διωγμοὺς,

1986 3888 2081 3942 καὶ
2110 3890 2211 3953 τὰς
2240 3889 2447 3960 θλίψεις
2490 3893 2589 3956 τάς
2636 3893 2999 3965 ἐπαλλήλους·
3037 3897 3151 3950 ἀλλ’
3183 3900 3368 3971 ἐπειδὴ
3401 3902 3658 3973 ήρπάγην

1985 3976 2064 4038 εἰς
2084 3975 2263 4046 τρίτον
2288 3977 2513 4049 οὐρανὸν
2539 3979 2633 4031 καὶ
2649 3981 2960 4052 ἀπηνέχθην
2985 3984 3064 4046 είς
3087 3982 3179 4036 τὸν
3203 3986 3546 4056 παράδεισον,
3570 3990 3656 4044 ἵνα

1986 4063 2060 4132 μὴ
2087 4065 2152 4133 τῇ
2196 4063 2470 4135 ὑπερϐολῇ
2512 4065 2623 4118 τῶν
2643 4066 3037 4137 ἀποκαλύψεων
3067 4070 3271 4126 τούτων
3305 4075 3531 4146 ἐπαρθῶ
3561 4080 3655 4133 καὶ

1984 4150 2126 4220 μέγα
2160 4153 2431 4222 φρονήσω,
2461 4150 2807 4226 συνεχώρησε
2830 4156 2956 4220 τοὺς
2982 4156 3253 4231 διωγμοὺς
3275 4162 3527 4229 τούτους,
3558 4166 3653 4220 καὶ

1977 4239 2102 4301 τοὺς
2130 4239 2392 4307 ἀγγέλους
2414 4239 2509 4294 τοῦ
2546 4244 2752 4296 σατανᾶ
2780 4244 2958 4315 ἀφῆκε
2992 4247 3304 4318 κολαφίζειν
3337 4270 3405 4323 με
3434 4252 3521 4307 διὰ
3541 4256 3652 4310 τῶν

1975 4325 2230 4398 διωγμῶν
2257 4329 2353 4382 καὶ
2375 4328 2483 4385 τῶν
2517 4330 2767 4402 θλίψεων,
2796 4334 2882 4388 ἵνα
2908 4337 2983 4406 μὴ
3018 4338 3423 4413 ὑπεραίρωμαι.
3451 4346 3515 4398 Εἰ
3542 4346 3650 4418 γάρ

1975 4414 2070 4467 καὶ
2091 4414 2235 4483 ἀγιοι
2264 4417 2357 4469 καὶ
2380 4416 2683 4490 θαυμαστοὶ
2707 4422 2754 4475 οἱ
2788 4424 2915 4494 περὶ
2939 4424 3151 4480 Παῦλον
3182 4429 3276 4482 καὶ
3300 4431 3526 4503 Πέτρον,
3554 4414 3649 4489 καὶ

1974 4501 2175 4565 πάντες
2209 4503 2323 4557 ὅσοι
2350 4504 2601 4570 τοιοῦτοι,
2632 4506 2820 4579 ὥσπερ
2849 4507 2941 4564 οὖν
2973 4514 3067 4567 καὶ
3094 4516 3261 4579 εἰσὶν,
3286 4501 3646 4592 ἀλλ’άνθρω-

1972 4589 2073 4682 ποί
2089 4591 2196 4643 είσι
2218 4631 2234 4657 ,
2262 4591 2358 4682 καὶ
2377 4591 2586 4682 δέονται
2610 4594 2811 4682 πολλῆς
2829 4615 2894 4667 γε
2913 4600 3012 4671 τῆς
3034 4601 3352 4670 ἀσφαλείας,
3383 4607 3465 4670 εἰς
3483 4589 3545 4660 τδ
3569 4608 3645 4682 μὴ

1974 4673 2174 4764 ῥᾳδίως
2200 4675 2555 4764 ἐπαίρεσθαι·
2598 4681 2694 4734 καὶ
2730 4684 2963 4754 μάλιστα
2997 4685 3114 4760 [10]
3147 4690 3364 4745 πάντων
3397 4695 3445 4747 oi
3475 4673 3640 4764 ἆγιοιξ

1968 4759 2138 4816 Οὐδὲν
2166 4761 2275 4836 γάρ
2304 4762 2477 4828 οὑτως
2504 4766 2584 4831 είς
2618 4769 2877 4826 ἀπόνοιαν
2916 4759 3103 4846 αίρεινί
3118 4776 3325 4846 εἴωθεν,
3356 4780 3433 4846 ὡς
3468 4759 3642 4838 συνει-

1965 4847 2051 4942 δὸς
2087 4848 2257 4942 γέμον
2311 4852 2786 4942 κατορθωμάτων,
2820 4859 2914 4912 καὶ
2953 4860 3098 4934 ψυχὴ
3141 4864 3280 4935 μετὰ
3329 4870 3641 4942 παρρησίας

1965 4933 2261 4997 ζῶσα.”1να
2291 4933 2382 4992 οὖν
2397 4940 2559 5010 μηδὲν
2578 4944 2818 5000 τοιοῦτον
2836 4950 3117 5020 πάσχωσιν
3131 4955 3350 5019 ἐκεῖνοι,
3372 4960 3498 5019 τοὺς
3515 4976 3638 5013 πει-

1966 5025 2209 5115 ρασμοὺς
2246 5027 2339 5078 καὶ
2364 5027 2465 5091 τὰς
2488 5027 2696 5100 θλίψεις
2724 5035 3099 5109 συνεχώρησεν
3139 5036 3297 5106 εἶναι,
3333 5044 3637 5115 δυναμένας

1963 5111 2158 5175 αὑτοὺς
2184 5115 2565 5170 καταστέλλειν
2596 5121 2689 5173 καὶ
2716 5121 2924 5177 πείθειν
2956 5127 3269 5198 μετριάζειν
3312 5133 3369 5184 ἐν
3413 5132 3634 5189 ἅπασιν.

2031 5196 2119 5290 ζ’.⁸
2137 5200 2329 5290 Ὀτιδέ
2352 5203 2447 5257 καὶ
2464 5203 2547 5265 είς
2566 5205 2628 5259 τὸ
2647 5206 2921 5280 δειχθῆναι
2936 5213 3028 5266 τοῦ
3066 5196 3201 5269 Θεοῦ
3240 5217 3342 5290 τὴν
3380 5220 3532 5290 ἰσχὺν
3566 5222 3634 5276 τά

1962 5285 2174 5356 μεγάλα
2209 5288 2368 5342 τοῦτο
2412 5290 2546 5343 αὐτὸ
2589 5295 2852 5361 συντελεῖ,
2890 5299 2983 5352 καὶ
3025 5301 3183 5355 τοῦτο
3213 5285 3443 5361 ἄκουσον
3482 5310 3634 5380 παρά

1955 5370 2051 5424 τοῦ
2074 5372 2238 5426 αὑτοῦ
2261 5374 2583 5440 ἀποστόλου,
2601 5377 2760 5433 τοῦτο
2781 5383 3043 5457 πρότερον
3070 5389 3372 5459 εἰρηκότος.
3390 5391 3505 5447 Ἷνα
3521 5370 3631 5468 γάρ

1960 5460 2034 5531 μὴ
2069 5460 2255 5535 λέγῃς,
2285 5464 2313 5516 δ
2336 5480 2388 5516 τι
2413 5466 2462 5518 οἱ
2490 5466 2707 5521 ἄπιστοι
2733 5471 3031 5539 νομίζουσι,
3060 5474 3150 5527 τὸν
3175 5476 3306 5531 Θεὸν
3336 5478 3427 5534 τὸν
3456 5460 3628 5539 ταυτά

240 5541 272 5581 δ
298 5544 383 5593 Sic
404 5547 553 5597 Savil.
578 5541 825 5601 el'omnes
852 5541 995 5615 pené‘
1012 5541 1138 5606 ius}:
1177 5541 1681 5627 MBr'eI'fEAi'ioM.
1724 5566 1852 5620 Infra

240 5605 374 5643 lidam
399 5610 701 5643 ηηωεηιι-ἆηυ
743 5613 974 5643 anu—mn“
1006 5620 1215 5643 ..τρέψω
1276 5621 1426 5643 nn..-
1454 5631 1557 5643 ---ι
1603 5625 1632 5643 n
1836 5638 1846 5643 -

2031 5551 2340 5620 γχωροῦντα
2366 5553 2566 5624 ἀσθενῆ
2602 5571 2722 5608 τινα
2746 5552 2906 5621 εἶναι,
2928 5560 3022 5612 καὶ
3042 5562 3117 5633 μὴ
3148 5562 3444 5637 δυνάμενον
3467 5570 3625 5643 ἐξαρ-

250 5605 375 5654 idam
399 5610 701 5670 σαφεστάτην
742 5605 974 5674 δυνηθεῖεν
1005 5605 1855 5686 56960-066:visi-ulaﬁhogi‘rézi'ii:

250 5668 327 5724 qui
349 5669 432 5715 καὶ
452 5671 542 5724 γὰρ
564 5671 743 5723 ἀκούω.

2037 5605 2095 5620 ,η
2147 5605 2159 5620 .
2514 5605 2518 5607 ~
2555 5605 2566 5624 ι
2751 5605 2906 5621 ννν---ι
2930 5605 3117 5633 -τ-Ὶ--ι
3149 5605 3443 5637 *ν’*ισυυυν
3467 5605 3625 5643 εει-ιιι·

2031 5656 2122 5692 ,σαι
2145 5640 2255 5694 τῶν
2287 5640 2546 5696 κινδύνων
2569 5646 2694 5706 τοὺς
2718 5646 2933 5712 ἑαυτοῦ,
2966 5656 3271 5724 συγχωρεῖν
3295 5657 3493 5723 αὑτοὺς
3526 5658 3627 5714 κα-

665 5672 680 5685 Ι

180 5668 432 5734 ιιίςυμὶκαὶ
452 5668 542 5734 γὰρ
564 5668 743 5723 ἀκούω.

237 5730 265 5797 ξ
286 5729 628 5797 ᾼίίῳιοιυὶηεε.
658 5737 838 5795 πολλὰς
862 5741 1175 5797 ὑποστάντας.

238 5788 266 5829 d
293 5788 606 5882 ﬂiﬁibtov
622 5798 740 5870 μέν,
765 5788 982 5882 αξξυς-ιτ]
1002 5788 1240 5882 δὲύτερον,
1257 5810 1333 5882 ἐξ
1361 5821 1730 5878 consequenter
1751 5818 1850 5882 τρί-

180 5868 280 5910 τον,
307 5862 547 5961 τέταρτον,
574 5862 804 5921 πέμπτον,
828 5862 981 5923 ἕκτον,
1007 5862 1236 5929 ἕϐδομον,
1251 5871 1437 5931 ὄγδοον.

238 5917 260 5945 ε
288 5912 420 5962 More
448 5949 461 5963 .
487 5916 574 5966 οὑκ
602 5918 797 5984 ἀφιεῖσι,
819 5923 969 5977 Savil.
995 5927 1081 5976 οὑκ
1102 5929 1284 5991 ἀφιᾶσι.

1866 5778 1869 5781 Α
1952 5727 2180 5782 κοῦσθαι
2215 5729 2469 5800 συνεχῶς.
2519 5734 2629 5787 Καὶ
2675 5733 2834 5788 τοῦτο
2880 5738 3090 5806 σκόπει,
3142 5743 3261 5807 πῶς
3308 5744 3396 5799 διὰ
3421 5746 3623 5805 τούτων

2016 5881 2041 5960 ξ
2064 5883 2292 5960 ξηξέίξςι
2311 5885 2393 5934 alii
2415 5886 2610 5960 ἀποστ,
2632 5889 2824 5960 πάντως
2838 5892 2954 5942 ἀν...
2981 5894 3098 5945 εἶναι
3122 5896 3278 5959 ἕτερον
3301 5916 3354 5960 μ.

2017 5947 2041 5985 ε
2065 5945 2163 5993 Alii
2186 5947 2399 6003 ζήλωσον
2423 5945 2632 6010 Παῦλον,
2652 5954 2731 6000 καὶ
2757 5945 2987 6011 ζήλωσον.
