3892 6236
264 306 342 362 95
1054 302 1113 358 S.
1150 298 1435 356 JOANNlS
1474 293 1968 356 CHRYSOSTOMI
2008 294 2332 353 ARCHIEP.
2378 291 2931 351 CONSTANTINUP.
3666 292 3746 346 26

265 421 550 487 ἀπέδειξεν
599 420 628 472 6
673 417 904 484 Παῦλος,
952 416 1182 483 δεικνὺς,
1233 418 1316 471 ὅτι
1359 417 1421 470 οὐ
1459 415 1620 487 μόνον
1653 412 1938 468 ἀσθένειαν

265 507 434 561 αὑτοῦ
455 507 516 561 οὐ
531 509 824 578 κατηγορεῖ
836 506 905 560 τὰ
924 505 1200 576 γινόμενα,
1223 503 1357 557 ἀλλὰ
1379 504 1474 557 καὶ⁴
1491 499 1751 573 μειζόνως
1770 499 1939 554 αὐτοῦ

263 596 368 664 τὴν
404 594 634 666 δύναμιν
666 593 1028 647 ἐπιδείκνυται
1055 593 1247 645 πᾶσινο
1273 589 1441 644 είπὼν
1460 590 1588 661 γὰρ,
1608 589 1690 642 ὅτι
1730 583 1937 654 Ἐδόθη

259 700 367 751 μοι
398 682 643 749 σκόλοψ·
668 677 742 749 τῇ
767 678 967 748 σαρκὶ,
998 678 1253 747 ἅγγελος
1284 675 1500 740 σατᾶν,
1528 676 1629 728 ἵνα
1650 690 1729 743 με
1761 675 1942 727 κολα-

263 767 427 839 φίζῃο
451 768 688 832 καὶτοὺς
711 767 1041 837 ἐπαλλήλους
1084 766 1421 836 πειρασμούς
1441 763 1528 816 διά
1556 761 1746 815 τούτου
1772 760 1944 832 δηλώ-

269 873 392 920 σας,
420 858 728 927 ἐπήγαγεψ
773 852 940 922 Ὑπὲρ
987 854 1199 906 τούτου
1232 852 1361 920 τρίς
1399 849 1509 903 τὸν
1542 850 1761 917 Κύριον
1790 861 1938 916 παρ-

263 943 550 1006 εκάλεσα,
582 943 682 996 ἵνα
704 939 946 1009 ἀποστῇ
964 940 1064 995 ἀπ’
1092 938 1266 1009 ἐμοῦ·
1304 938 1402 992 καὶ
1428 935 1560 992 εῖπέ
1580 952 1710 1007 μοι·
1754 935 1945 1004 Ἀρκεῖ

264 1046 366 1084 σοι
387 1031 424 1097 ἡ
449 1030 620 1099 χάρις
629 1043 768 1101 μου’
790 1029 829 1097 ἡ
853 1030 963 1099 γὰρ
978 1027 1230 1097 δύναμίς
1244 1044 1363 1096 μου
1383 1026 1747 1093 ἐτι-ἀσθενείᾳ
1758 1028 1943 1079 τελει-

262 1115 455 1171 οῦται.
485 1117 617 1169 Τότε
646 1134 746 1187 μου
769 1116 1044 1169 δείκνυται
1067 1117 1100 1185 ή
1128 1116 1377 1184 δύναμις,
1410 1112 1592 1184 φησιν,
1633 1113 1759 1165 ὅταν
1783 1112 1941 1181 ὑμεῖς

262 1203 324 1254 ἐν
344 1202 598 1273 ἀσθενείᾳ
627 1199 723 1275 ἦτε
746 1220 760 1233 ·
795 1204 892 1256 καὶ
914 1203 980 1255 δι’
1009 1203 1039 1255 ὑ
1048 1201 1162 1273 μῶν
1181 1201 1290 1255 τῶν
1318 1201 1618 1255 δοκούντων
1642 1199 1886 1254 ἀσθενεῖν
1910 1202 1941 1253 6

262 1289 356 1342 τοῦ
392 1290 740 1362 κηρύγματος
774 1291 996 1356 αὒξεται
1018 1291 1192 1359 λόγος,
1227 1290 1321 1343 καὶ
1348 1288 1620 1360 πανταχοῦ
1649 1287 1943 1342 κατασπεί-

266 1392 438 1445 ρεται.
463 1382 467 1389 ’
486 1380 585 1431 Οτε
607 1379 734 1447 γοῦν
751 1381 828 1442 εἰς
846 1379 905 1431 τὸ
919 1378 1289 1449 δεσμωτήριον
1309 1378 1508 1448 μυρίας
1527 1375 1704 1429 λαϐὼν
1722 1375 1939 1445 πληγάς

265 1461 582 1532 εἰσηνέχθη,
622 1463 712 1517 τὸν
749 1464 1133 1535 δεσμοφύλακα
1160 1464 1380 1535 ἔδησεν⁸
1416 1465 1473 1516 ἐν
1518 1461 1596 1533 τῷ
1630 1461 1772 1533 ξύλῳ
1798 1458 1938 1531 ἦσαν

260 1547 313 1599 οί
347 1549 524 1612 πόδες,
573 1550 632 1603 ἐν
672 1552 737 1621 τῇ
771 1550 957 1603 ἁλύσει
1001 1553 1055 1603 αἱ
1089 1554 1289 1621 χεῖρες,
1334 1551 1426 1603 καὶ
1460 1550 1520 1603 τὸ
1561 1549 1938 1620 δεσμωτήριον

262 1635 469 1689 ἐσείετο
512 1636 655 1691 κατά
686 1639 857 1709 μέσην
894 1637 992 1709 τὴν
1019 1637 1212 1701 νύκτα,
1248 1637 1558 1710 ὑμνούντων
1588 1636 1788 1692 αὐτῶν.

345 1720 506 1794 Ὁρᾷς
540 1724 657 1788 πῶς
688 1729 720 1795 ή
756 1724 985 1796 δύναμις
1017 1725 1182 1780 αὑτοῦ
1228 1727 1286 1778 ἐν
1319 1724 1569 1796 ἀσθενείᾳ
1604 1722 1933 1789 ἐτελειοῦτο;

260 1807 326 1862 Εἰ
345 1804 412 1880 ἦν
438 1810 726 1882 λελυμένος
747 1818 773 1865 ο
793 1812 1022 1876 Παῦλος,
1041 1815 1133 1865 καὶ
1152 1812 1360 1865 ἔσεισεν
1375 1824 1402 1852 ι
1427 1815 1603 1866 ἐκεῖνο
1624 1812 1683 1865 τὸ
1706 1811 1941 1883 οἴκημα,

260 1896 362 1949 οὐκ
389 1892 455 1967 ἦν
486 1899 625 1950 οὕτω
665 1900 975 1971 θαυμαστὸν
1002 1900 1062 1953 τὸ
1102 1900 1404 1970 γινόμενον.
1437 1900 1536 1952 Διὰ.
1562 1899 1738 1961 τοῦτο,
1777 1899 1931 1971 φησι,

265 1984 393 2052 μένε
430 1985 734 2055 δεδεμένος.
779 1987 875 2039 καὶ
930 1987 1340 2041 σαλευέσθωσαν
1374 1988 1424 2041 οἱ
1451 1991 1620 2058 τοῖχοι
1647 1985 1930 2051 πάντοθεν,

260 2072 355 2123 καὶ
383 2070 692 2128 λυέσθωσαν
717 2077 765 2129 οἱ
793 2075 1086 2146 δεσμῶται,
1118 2077 1205 2129 ἴνα
1232 2073 1493 2147 μειζόνως
1515 2079 1547 2146 ή
1573 2073 1798 2145 δύναμίς
1828 2091 1931 2145 μου

259 2160 515 2232 φαίνηται
537 2162 624 2216 διὰ
648 2165 741 2218 σοῦ
762 2165 855 2219 τοῦ
879 2169 1244 2238 κατεχομένου
1269 2166 1363 2220 καὶ
1401 2164 1927 2237 συμπεποδισμένου,

255 2247 367 2301 τῶν
393 2248 690 2321 δεδεμένων
716 2252 991 2324 λυομένων
1030 2255 1306 2309 ἀπάντων.
1346 2254 1516 2308 Τοῦτο
1550 2249 1644 2307 οῦν
1682 2253 1813 2307 αὐτὸ
1835 2254 1932 2308 καὶ

254 2335 347 2389 τὸν
375 2336 758 2408 δεσμοφύλακα
781 2342 1040 2413 ἐξέπληξε
1064 2343 1207 2404 τότε,
1235 2344 1317 2396 ὅτι
1341 2342 1477 2412 μετᾶ
1501 2341 1769 2412 τοσαύτης
1799 2352 1932 2394 κατέ

255 2422 516 2494 εχόμενος
550 2428 814 2499 ἀνάγκης,
870 2429 936 2483 δι’
963 2431 1126 2501 εὐχῆς
1160 2430 1327 2501 μόνης
1354 2431 1537 2499 ἴσχυσε
1581 2430 1679 2499 μὲν
1717 2428 1930 2493 τινάξαι

254 2510 323 2562 τὰ
351 2509 594 2580 θεμέλια,
622 2515 957 2569 ἀναπετάσαι
983 2515 1038 2568 δέ
1073 2517 1170 2579 τὰς
1204 2515 1374 2585 θύρας
1401 2516 1494 2568 τοῦ
1528 2515 1925 2587 δεσμωτηρίου,

254 2599 348 2651 καὶ
363 2598 520 2653 λῦσαι
537 2602 664 2664 τοὺς
675 2602 986 2673 δεδεμένους
1004 2603 1268 2666 ἅπαντας.
1285 2604 1399 2656 Οὐκ
1419 2602 1651 2656 ἐνταῦθα
1668 2603 1723 2656 δὲ
1744 2604 1924 2674 μόνον,

253 2686 389 2740 ἀλλά
414 2690 507 2742 καὶ
532 2691 625 2743 ἐπὶ
654 2691 882 2758 Πέτρου,
908 2691 1003 2745 καὶ
1028 2690 1117 2744 ἐπ’
1145 2691 1308 2744 αὐτοῦ
1334 2690 1427 2744 τοῦ
1453 2690 1687 2754 Παύλου,
1718 2692 1810 2745 καὶ
1836 2693 1928 2746 ἐπὶ

251 2776 360 2829 τῶν
402 2775 576 2831 ἄλλων
611 2777 668 2831 δὲ
701 2779 1012 2833 ἀποστόλων
1047 2779 1145 2832 ίδοι
1191 2794 1274 2842 τις
1320 2777 1386 2832 ἂν
1427 2780 1722 2848 συμϐαῖνον
1769 2777 1927 2833 τοῦτο

254 2863 512 2933 συνεχῶς,
543 2867 636 2919 καὶ
662 2868 775 2930 τοῖς
799 2867 1058 2938 διωγμοῖς
1080 2869 1178 2937 τὴν
1194 2867 1353 2938 χάριν
1378 2866 1472 2919 τοῦ
1495 2865 1632 2920 Θεοῦ
1658 2867 1745 2920 ἀεὶ
1768 2867 1927 2923 ἐπανο

253 2947 474 3016 θοῦσαν,
497 2954 590 3007 καὶ
612 2957 733 3019 ταῖς
758 2953 969 3025 θλίψεσι
998 2955 1506 3026 παραφαινομένην,
1534 2956 1627 3008 καὶ
1655 2954 1797 3009 οὕτω
1825 2956 1923 3028 τὴν

250 3037 478 3109 δύναμιν
511 3041 677 3095 αὑτοῦ
703 3043 1097 3114 κηρύττουσαν.
1133 3044 1332 3118 ᾼιόπερ
1367 3044 1575 3114 ἔλεγεν,
1611 3045 1798 3114 Ἀρκεῖ
1822 3060 1923 3101 σοι

249 3124 292 3192 ἠ
318 3124 489 3195 χάρις
501 3145 642 3198 μουο
666 3131 704 3197 ἡ
722 3130 829 3199 γὰρ
855 3129 1106 3200 δύναμίς
1126 3148 1246 3200 μου
1269 3131 1339 3184 ἐν
1361 3132 1642 3199 ἀσθενείᾳ
1664 3133 1924 3188 τελειοῦ-

248 3228 366 3268 ται.
402 3213 523 3267 Ὅτι
555 3215 611 3269 δὲ
636 3217 728 3270 καὶ
750 3216 973 3289 μείζονα
1004 3219 1103 3289 τῆς
1129 3219 1475 3292 ἀνθρωπίνης
1504 3219 1718 3289 φύσεως
1738 3221 1922 3275 πολλοὶ

251 3300 510 3367 πολλάκις
538 3303 760 3376 ἔμελλον
790 3307 1113 3362 ὑποπτεύειν
1136 3311 1264 3381 περὶ
1284 3309 1483 3375 αὐτῶν,
1515 3313 1564 3363 εί
1587 3310 1661 3383 μὴ
1686 3313 1922 3367 τοσαῦτα

251 3389 558 3461 πάσχοντας
579 3394 786 3467 ἐώρων,
816 3395 1045 3450 ἄκουσον
1082 3396 1199 3461 πῶς
1220 3398 1352 3451 αὐτὸ
1376 3396 1609 3452 δέδοικεν
1635 3401 1663 3453 6
1690 3399 1917 3465 Παῦλος.

262 3478 399 3534 Ἐὰν
413 3482 521 3553 γὰρ
536 3483 631 3536 καὶ
649 3486 907 3554 θελήσω,
934 3488 1087 3558 φησὶ,
1111 3488 1558 3558 καυχήσασθαι,
1581 3492 1692 3544 οὐκ
1708 3491 1922 3562 ἔσομαι

248 3565 470 3636 ἄφρων·
502 3571 773 3642 φείδομαι
800 3573 886 3637 δὲ,
908 3574 993 3645 μή
1012 3594 1101 3642 τις
1128 3579 1215 3642 είς
1231 3577 1335 3646 ἐμὲ
1368 3580 1685 3647 λογίσηται
1709 3580 1860 3650 ὑπὲρ
1887 3580 1919 3635 ὃ

243 3653 463 3718 βλέπει
492 3674 589 3725 με,
630 3659 669 3727 ἢ
701 3660 906 3714 ἀκούει
944 3678 1000 3713 τι
1030 3663 1099 3726 ἐξ
1123 3662 1291 3731 ἐμοῦ.
1330 3662 1393 3714 Τί
1422 3663 1477 3717 δέ
1505 3667 1652 3718 ἐστιν
1680 3665 1708 3718 ὃ
1734 3668 1915 3736 λέγει;

262 3741 587 3814 Ἡδυνάμην,
637 3747 791 3816 φησι,
832 3748 1011 3820 πολλῷ
1037 3749 1257 3816 μείζονα
1294 3750 1550 3823 θαύματα
1581 3756 1772 3817 εἰπεῖν,
1804 3756 1918 3811 ἀλλ’

245 3829 306 3880 οὐ
330 3828 610 3902 βούλομαι,
636 3834 843 3906 μήποτε
868 3836 914 3907 [1
932 3836 983 3910 Ι]
1002 3836 1061 3890 τὸ
1079 3837 1306 3908 μέγεθος
1320 3839 1429 3893 τῶν
1447 3841 1685 3914 σημείων
1699 3843 1919 3914 μείζονα

246 3918 379 3989 περὶ
393 3917 525 3989 ἐμοῦ
542 3922 654 3984 τοῖς
673 3921 979 3993 ἀνθρώποις
1006 3925 1260 3982 ὑπόνοιαν
1276 3932 1624 4002 παραστήσῃ.
1648 3932 1745 3985 Διά
1761 3933 1919 3987 τοῦτο

245 4004 340 4056 καὶ
370 4005 420 4057 οἱ
450 4008 578 4077 περὶ
605 4009 696 4063 τὸν
720 4011 946 4083 Πέτρον,
987 4015 1175 4086 ἐπειδὴ
1202 4015 1293 4069 τὸν
1316 4017 1487 4088 χωλὸν
1513 4017 1794 4090 ὤρθωσαν,
1824 4023 1919 4076 καὶ

244 4094 445 4159 πάντες
467 4090 608 4167 ἦσαν
633 4100 922 4169 κεχηνότες
944 4103 1081 4175 πρὸς
1100 4104 1318 4169 αὐτοὺς,
1344 4106 1797 4172 καταστέλλοντες
1815 4111 1917 4163 αὐ-

243 4180 391 4245 τοὺς,
420 4184 516 4236 καὶ
543 4185 819 4251 πείθοντες
846 4188 922 4252 ὠς
950 4190 1102 4243 οὐδὲν
1133 4191 1264 4263 παρ’
1293 4190 1522 4257 ἑαυτῶν,
1566 4195 1686 4247 οὐδὲ
1707 4195 1917 4255 οἴκοθεν

243 4269 604 4337 ἐπεδείξαντο,
633 4274 871 4344 λέγουσι’
910 4278 972 4333 Τί
996 4276 1141 4347 ἡμῖν
1165 4277 1471 4341 ἀτενίζετε,
1496 4281 1576 4348 ὡς
1606 4281 1722 4349 ἰδίᾳ
1745 4282 1917 4338 δυνά-

243 4372 336 4421 μει
371 4356 410 4426 ἦ
444 4361 718 4429 εὐσεϐείᾳ
760 4366 1121 4433 πεποιηκόσι
1166 4366 1272 4420 τοῦ
1311 4368 1658 4437 περιπατεῖν
1694 4371 1916 4438 αὐτόν;

242 4440 349 4495 Kal
388 4444 547 4499 πάλιν
580 4449 638 4502 ἐν
677 4450 941 4521 Λύστροις
985 4452 1046 4505 οὐ
1093 4453 1252 4523 μόνον
1286 4449 1428 4526 ἦσαν
1453 4454 1913 4528 ἐκπεπληγμένοι,

242 4533 381 4589 ἀλλά
420 4538 515 4590 καὶ
559 4538 795 4609 ταύρους
832 4540 1275 4608 στεφανώσαντες
1315 4542 1573 4613 ήνεγκαν,
1612 4546 1707 4599 καὶ
1752 4546 1913 4604 θῦσαι

240 4625 560 4697 ἐπεχείρουν
603 4627 680 4698 τῷ
716 4626 915 4700 Παύλῳ
947 4629 1043 4682 καὶ
1071 4629 1148 4699 τῷ
1179 4631 1455 4705 Βαρνάϐᾳ.
1493 4632 1637 4704 Ὅρα
1667 4634 1912 4692 διαϐόλου

240 4715 607 4786 κακουργίανο
645 4715 712 4770 δι’
756 4710 832 4770 ὧν
879 4719 907 4772 6
948 4716 1152 4789 Κύριος
1187 4719 1485 4785 ἐσπούδαζε
1519 4721 1620 4793 τὴν
1657 4723 1913 4783 ἀσέϐειαν

238 4802 543 4877 ἐκκαθᾶραι
583 4808 683 4876 τῆς
719 4808 1078 4879 οἰκουμένης,
1119 4807 1209 4862 διά
1246 4808 1449 4863 τούτων
1485 4812 1655 4883 αὐτὴν
1708 4813 1913 4881 ἐκεῖνος

237 4894 551 4963 εἰσαγαγεῖν
585 4896 903 4964 ἐσπούδαζε,
950 4900 1114 4954 πάλιν
1151 4899 1352 4956 πείθων
1393 4901 1714 4974 ἀνθρώπους
1754 4909 1911 4974 θεοὺς

236 4980 493 5051 νομίζειν,
520 4981 550 5034 ὃ
588 4983 681 5037 καὶ
714 4987 772 5040 ἐν
803 4989 918 5051 τοῖς
946 4986 1254 5059 ἔμπροσθεν
1293 4987 1505 5060 χρόνοις
1528 4991 1768 5066 ἐποίησε.
1799 4998 1908 5052 Καὶ

234 5066 406 5158 τοῦτο
432 5071 667 5158 μάλιστά
709 5073 875 5141 ἐστιν,
910 5075 940 5129 6
978 5076 1078 5147 τῆς
1114 5077 1555 5154 εἰδωλολατρείας
1592 5083 1689 5157 τὴν
1735 5085 1908 5158 ἀρχὴν

236 5156 330 5245 καὶ
357 5155 457 5227 τὴν
480 5157 635 5232 ῥίζαν
662 5160 946 5233 εἰσήγαγε.
964 5160 1157 5219 Πολλοὶ
1178 5167 1287 5241 γὰρ
1312 5171 1406 5225 καὶ
1426 5155 1694 5243 πολέμους
1717 5155 1910 5245 κατορ-

235 5241 529 5311 ϐώσαντες,
558 5248 653 5302 καὶ
684 5249 917 5321 τρόπαια
950 5254 1265 5324 στήσαντες,
1290 5258 1387 5311 καὶ
1414 5241 1598 5325 πόλεις
1620 5241 1907 5335 οἰκοδομή-

235 5348 446 5403 σαντες,
476 5336 572 5389 καὶ
602 5336 765 5409 ἕτερά
791 5356 912 5393 τινα
926 5341 1148 5398 τοιαῦτα
1169 5346 1280 5409 τοῖς
1314 5346 1435 5400 τότε
1462 5347 1490 5386 ι)
1522 5340 1915 5422 εὐεργετήσανί

230 5435 342 5484 τες,
375 5420 485 5476 θεοὶ
517 5425 667 5497 παρά
688 5428 802 5490 τοῖς
832 5427 1047 5493 πολλοῖς
1073 5431 1454 5505 ἐνομίσθησαν,
1501 5436 1596 5490 καὶ
1622 5420 1778 5502 ναοῖς
1797 5440 1904 5493 ἐτι-

234 5509 486 5580 μήθησαν
518 5512 614 5567 καὶ
644 5513 868 5587 βωμοῖς,
901 5518 997 5573 καὶ
1046 5521 1153 5585 πᾶς
1185 5523 1215 5574 6
1251 5521 1361 5577 τῶν
1400 5522 1729 5596 Ἑλληνικῶν
1766 5525 1904 5580 θεῶν
1992 5590 1996 5594 _

1995 5607 2094 5684 ξ
2118 5607 2214 5660 Alii
2238 5613 2514 5671 σωματικῆς
2534 5609 2773 5667 ἀσθενείας
2793 5613 3051 5678 ὑπερϐολή,
3066 5614 3175 5665 Mox
3187 5616 3384 5679 quidam
3406 5620 3549 5684 πείσῃ
3569 5621 3679 5678 τοὺς

230 5598 531 5668 κατάλογος
551 5603 658 5656 ἀπὸ
687 5603 893 5660 τούτων
924 5606 1207 5678 σύγκειται
1234 5609 1342 5665 τῶν
1365 5611 1687 5684 ἀνθρώπων.

301 5687 419 5744 Ἰνα
432 5683 526 5743 οὖν
556 5690 632 5763 μή
659 5694 750 5746 καὶ
776 5694 870 5747 ἐπὶ
895 5695 1002 5751 τῶν
1020 5697 1190 5767 ἁγίων
1214 5696 1371 5754 τοῦτο
1395 5701 1641 5773 γένηται,
1664 5704 1917 5775 συνεχώ-’

230 5791 396 5846 ρησεν
437 5777 636 5842 αὐτοὺς
673 5779 987 5839 ἐλαύνεσθαι
1023 5783 1281 5857 συνεχῶς,
1313 5787 1694 5860 μαστίζεσθαι,
1716 5792 1900 5864 ἀρρω-

296 5899 321 5926 ⁸
346 5897 442 5949 Alii
465 5903 547 5950 καὶ
568 5890 767 5956 ἐσείετο.

292 5957 321 5998 δ
342 5962 439 6011 Αίίὶ
462 5964 571 6022 τοὺς
591 5966 716 6016 τότε.

2047 409 2222 473 στίαις
2269 409 2780 482 περιπίπτειν,“ῖνα
2823 411 2857 479 ή
2895 406 2996 477 τῆς
3046 407 3363 477 σωματικῆς
3410 407 3745 478 ἀρρωστίας

1993 524 2004 535 -
2046 496 2318 568 ὑπερϐολὴ
2351 507 2375 536 ε
2420 497 2651 553 καὶτῶν
2696 494 3019 566 πειρασμῶν
3065 494 3127 548 τὸ
3167 494 3368 565 πλῆθος
3399 495 3568 566 πείσῃ
3600 494 3742 557 τοὺς

2048 585 2316 658 παρόντας
2360 585 2499 647 τότε,
2538 586 2621 639 ὅτι
2659 585 2753 639 καὶ
2798 583 3075 654 ἄνθρωποι
3119 578 3257 654 ἦσαν
3287 584 3336 636 οἱ
3381 585 3450 638 τὰ
3496 583 3744 637 τοιαῦτα

2045 670 2616 744 θαυματουργοῦντες,
2655 673 2749 727 καὶ
2806 671 2957 726 οὐδὲν
3009 671 3138 743 παρ’
3175 670 3385 725 ἑαυτῶν
3417 671 3739 743 εἰσέφερον,

2044 757 2180 812 ἀλλὰ
2206 761 2387 832 γυμνὴ
2411 764 2445 832 ὴ
2473 761 2632 833 χάρις
2655 761 2721 813 δι’
2749 759 2973 813 ἐκείνων
2994 759 3172 813 πάντα
3196 758 3499 830 εἰργάζετο.
3526 760 3597 812 Εἰ
3621 759 3743 831 γὰρ

2040 850 2168 912 τοὺς
2213 850 2386 921 μικρὰ
2432 852 2528 904 καὶ
2575 848 2768 917 εὐτελῆ
2822 850 3195 918 πεποιηκότας
3249 847 3404 911 θεοὺς
3441 847 3740 918 ἐνόμισαν,

2045 935 2224 1006 πολλῷ
2269 937 2490 1008 μᾶλλον,
2538 940 2588 991 εἰ
2623 937 2788 1007 μηδὲν
2826 937 3063 1007 ἐπασχον
3096 937 3456 1008 ἀνθρώπινον,
3497 937 3741 1002 τούτους

2041 1022 2402 1078 ὑπώπτευσαν
2434 1024 2520 1090 ἂν,
2543 1024 2767 1079 τοιαῦτα
2798 1025 3229 1096 ἐργασαμένους,
3263 1019 3350 1079 οἷα
3368 1024 3541 1089 οὐδεὶς
3567 1026 3740 1079 οὐδέ-

2042 1128 2175 1165 ποτε
2201 1113 2302 1166 οὐκ
2331 1110 2500 1179 εἶδεν,
2543 1113 2664 1166 οὐδὲ
2693 1115 2945 1184 ήκουσεν.
2976 1114 3147 1166 Ὅπου
3172 1112 3282 1184 γὰρ
3310 1113 3741 1185 μαστιζομένων

2040 1199 2242 1263 αὐτῶν,
2285 1201 2758 1272 κρημνιζομένων,
2805 1199 3191 1272 δεσμουμένων
3224 1199 3273 1266 ἀ,
3322 1202 3736 1272 ἐλαυνομένων,

2039 1290 2161 1344 καθ’
2206 1290 2443 1362 ἐκάστην
2485 1291 2902 1345 κινδυνευόντων
2946 1289 3183 1362 ἡμέραν,
3225 1289 3374 1360 ὅμως
3418 1290 3741 1345 κατέπεσόν

2038 1394 2183 1442 τινες
2227 1380 2308 1442 είς
2339 1379 2437 1450 τὴν
2474 1379 2645 1448 ἀσεϐῆ
2687 1379 2891 1450 ταύτην
2943 1377 3223 1442 ὑπόνοιαν,
3282 1376 3462 1448 πολλῷ
3496 1378 3735 1449 μᾶλλον,

2038 1467 2087 1518 εί
2124 1465 2290 1537 μηδὲν
2317 1466 2549 1537 ἔπασχον
2577 1465 2936 1538 ἀνθρώπινον,
2972 1463 3129 1520 τοῦτο
3154 1464 3220 1519 ἂν
3259 1466 3737 1538 ὑπωπτεύθησαν.

2105 1554 2177 1622 η’.
2210 1552 2378 1624 Τρίτη
2395 1553 2492 1623 μὲν
2518 1549 2610 1606 οὖν
2627 1556 2772 1607 ἐστιν
2802 1552 3094 1624 αὑτηήτῆς
3105 1552 3403 1619 κακώσεως
3427 1554 3604 1607 αἰτία·
3642 1573 3733 1609 τε·

2035 1637 2209 1710 τάρτη
2239 1639 2318 1703 δὲ,
2360 1639 2423 1692 τὸ
2449 1639 2524 1710 μὴ
2559 1639 2874 1710 νομίζεσθαι
2912 1641 3039 1705 τοὺς
3076 1640 3266 1709 ἁγίους
3290 1643 3376 1695 ἐπ’
3410 1641 3586 1696 ἐλπίδι
3623 1643 3739 1715 τῆς

2036 1725 2319 1796 παρούσης
2336 1727 2641 1797 εὐπραγίας
2662 1727 2754 1779 τὸν
2777 1727 2908 1781 Θεὸν
2931 1727 3270 1800 θεραπεύειν.
3288 1730 3398 1783 Καὶ
3408 1729 3517 1802 γὰρ
3535 1729 3739 1785 πολλοὶ

2035 1810 2145 1864 τῶν
2203 1814 2262 1865 ἐν
2310 1812 2568 1884 ἀσελγείᾳ
2603 1811 2821 1876 ζώντων
2867 1815 3020 1886 παρά
3067 1815 3278 1870 πολλῶν
3330 1816 3736 1888 ἐγκαλούμενοι

2036 1897 2317 1965 πολλάκις,
2350 1899 2446 1952 καὶ
2474 1899 2610 1971 πρὸς
2639 1900 2765 1965 τοὺς
2794 1901 2893 1972 τῆς
2919 1901 3117 1976 ἀρετῆς
3149 1902 3471 1974 καλούμενοι
3496 1905 3733 1970 πόνους,

2036 1985 2131 2055 καὶ
2169 1985 2281 2039 τῶν
2321 1985 2491 2054 ἁγίων
2525 1987 3022 2058 ἐγκωμιαζομένων
3059 1988 3346 2053 ἀκούοντες
3384 1991 3477 2042 ἐπὶ
3507 1994 3574 2060 τῇ
3607 1992 3735 2047 τῶν

2033 2071 2220 2126 δεινῶν
2252 2072 2506 2144 εὐψυχίᾳ,
2539 2073 2648 2127 ἀπὸ
2676 2074 2883 2128 τούτοιν
2919 2074 3228 2131 διαϐάλλειν
3268 2078 3466 2142 αὐτοὺς
3507 2081 3733 2150 ἐπιχει-

2035 2158 2222 2231 ροῦσιν
2262 2162 2356 2215 καὶ
2392 2163 2492 2215 οὐκ
2534 2161 2811 2234 ἄνθρωποι
2844 2163 3026 2234 μόνον,
3059 2164 3196 2220 ἀλλά
3225 2168 3320 2220 καὶ
3356 2166 3518 2230 αὐτὸς
3544 2169 3573 2221 6
3594 2168 3731 2222 διά-

2032 2246 2184 2312 ϐολος
2211 2248 2342 2302 αὑτό
2360 2247 2518 2302 τοῦτο
2548 2248 2921 2305 ὑπώπτευσεν.
2952 2252 3168 2324 Ἐπειδὴ
3193 2253 3302 2325 γὰρ
3331 2254 3360 2308 6
3397 2253 3517 2307 Ἰὼϐ
3548 2256 3730 2312 πολὺν

2031 2335 2420 2407 περιεϐέϐλητο
2451 2336 2702 2403 πλοῦτον,
2749 2339 2842 2392 καὶ
2883 2338 3085 2411 πολλῆς
3118 2342 3396 2413 ἀπήλαυεν
3428 2344 3727 2415 εὐπορίας,

2029 2422 2418 2493 ὀνειδιζόμενος
2459 2424 2566 2478 ὑπὸ
2597 2426 2693 2478 τοῦ
2718 2423 2852 2480 Θεοῦ
2877 2427 2945 2481 δι’
2974 2427 3136 2482 αὑτὸν
3178 2431 3207 2484 6
3249 2432 3485 2503 πονηρὸς
3505 2433 3728 2503 δαίμων

2029 2509 2257 2574 ἐκεῖνος,
2290 2511 2442 2565 οὐδὲν
2478 2510 2616 2582 ἔχων
2653 2514 2851 2577 εἰπεῖν,
2898 2515 3019 2569 οὐδὲ
3051 2516 3194 2588 ὑπὲρ
3225 2517 3332 2571 τῶν
3364 2519 3483 2573 καθ’
3523 2522 3727 2577 ἐαυτὸν

2027 2595 2477 2667 ἀπολογήσασθαι
2503 2599 2891 2671 ἐγκλημάτων,
2937 2602 3061 2656 οὐδέ
3089 2607 3209 2669 ταῖς
3231 2606 3455 2678 ἀρεταῖς
3479 2609 3728 2682 ἐπισκῆ-

2025 2686 2124 2756 ψαι
2138 2687 2233 2741 τοῦ
2254 2687 2485 2752 δικαίου,
2503 2689 2639 2762 πρὸς
2662 2690 2864 2763 ταύτην
2885 2692 3089 2757 εὐθέως
3109 2695 3445 2766 καταφεύγει
3462 2698 3559 2768 τὴν
3574 2700 3728 2754 ἀπο-

2025 2771 2231 2843 λογίαν,
2254 2775 2396 2830 οῦτω
2426 2776 2629 2844 λέγων’
2663 2777 2761 2847 Μὴ
2795 2778 3025 2848 δωρεὰν
3052 2782 3174 2835 Ἰὼϐ
3198 2782 3438 2838 σέϐεταί
3461 2800 3537 2839 σε
3552 2802 3573 2851 ;
3605 2803 3727 2843 πε-

2017 2862 2347 2933 ριέφραξας
2359 2865 2431 2920 τὰ
2444 2867 2571 2921 ἔσω
2588 2868 2776 2923 αὐτοῦ
2797 2871 2896 2924 καὶ
2918 2870 3137 2937 τάἒξω.
3164 2873 3287 2926 Ἐπὶ
3305 2876 3505 2947 μισθῷ,
3520 2879 3722 2948 φησιν,

2025 2950 2173 3004 ἐστὶν
2212 2954 2415 3016 ἐκεῖνος
2463 2953 2749 3026 ἐνάρετος,
2795 2957 3064 3030 τοσαύτης
3103 2959 3363 3032 εὐπορίας
3395 2963 3720 3024 ἀπολαύων.

2024 3038 2089 3092 Τί
2112 3034 2205 3093 οὖν
2224 3043 2253 3095 ὁ
2271 3040 2434 3109 Θεός;
2461 3042 2793 3112 Βουλόμενος
2821 3045 3012 3112 δεῖξαι,
3038 3048 3119 3101 ὅτι
3149 3050 3248 3103 οὑκ
3269 3051 3361 3104 ἐπὶ
3382 3051 3497 3125 [12]
3529 3054 3722 3127 μισθῷ

2024 3127 2420 3198 θεραπεύουσιν
2458 3131 2622 3185 αὑτὸν
2663 3144 2686 3172 ο
2722 3136 2771 3187 οί
2807 3134 2971 3203 ἀγιοι,
3000 3137 3272 3208 περιεῖλεν
3299 3139 3462 3193 αὐτοῦ
3495 3141 3593 3212 τὴν
3623 3144 3722 3196 εὖ·

2022 3217 2217 3288 πορίαν
2266 3216 2505 3286 ἃπασαν,
2557 3222 2654 3275 καὶ
2705 3221 2867 3293 πενίᾳ
2918 3223 3239 3296 παρέδωκε,
3295 3229 3390 3282 καὶ
3434 3233 3716 3301 νοσήματι

2022 3301 2244 3374 χαλεπῷ
2268 3308 2584 3376 περιπεσεῖν
2609 3306 3008 3379 συνεχώρησεν.
3026 3310 3159 3365 Εἶτα
3183 3313 3421 3384 ἐλέγχων
3441 3316 3603 3370 αὐτὸν
3631 3319 3714 3384 ὡς

2021 3388 2144 3460 είκῆ
2177 3388 2352 3444 ταῦτα
2380 3391 2813 3457 ὑποπτεύσαντα,
2843 3397 3028 3467 φησὶν,
3067 3400 3149 3452 ὃτι
3182 3401 3310 3455 Ἔτι
3333 3402 3532 3472 ἔχεται
3560 3405 3715 3461 ἀκα-

2021 3476 2156 3542 κίας
2176 3493 2190 3506 ⁸
2233 3477 2316 3532 σὺ
2367 3478 2436 3532 δὲ
2485 3477 2661 3548 εἶπας
2703 3481 2984 3552 διακενῆς
3030 3485 3102 3540 τὰ
3133 3486 3483 3559 ὑπάρχοντα
3514 3494 3713 3550 αὑτοῦ

2019 3564 2337 3620 ἀπολέσαι.
2375 3567 2500 3632 Τοῖς
2527 3569 2637 3641 γάρ
2666 3571 2843 3641 ἁγίοις
2874 3574 3034 3643 ἀρκεῖ
3056 3574 3216 3629 τοῦτο
3241 3578 3320 3641 είς
3350 3578 3583 3650 ἀμοιϐὴν
3610 3584 3714 3637 καὶ

2019 3652 2306 3719 ἀντίδοσιν,
2325 3654 2390 3708 τὸ
2415 3654 2738 3728 θεραπεύειν
2772 3660 2862 3714 τὸν
2890 3660 3053 3714 Θεόν·
3086 3663 3210 3716 ἐπεὶ
3231 3665 3326 3717 καὶ
3353 3665 3432 3737 τῷ
3460 3667 3711 3736 φιλοῦντι

2017 3739 2175 3793 τοῦτο
2219 3742 2381 3813 ἀρκεῖ
2425 3745 2504 3808 είς
2550 3746 2784 3817 ἀμοιϐὴν
2828 3748 2889 3802 τὸ
2929 3748 3103 3818 φιλεῖν
3146 3750 3238 3805 τὸν
3289 3752 3566 3824 ἐρώμενον
3608 3757 3710 3813 τὸν

2018 3827 2231 3913 ἑαυτοῦ,
2268 3831 2363 3884 καὶ
2388 3831 2548 3885 πλέον
2572 3832 2723 3887 οὐδὲν
2754 3836 3022 3907 ἐπιζητεῖ,
3047 3837 3167 3891 οὐδὲ
3201 3841 3414 3910 ήγείταί
3436 3858 3491 3894 τι
3517 3844 3711 3913 μεῖζον

2019 3911 2157 3970 εἶναι
2192 3916 2407 3972 τούτου.
2434 3920 2498 3972 Εἰ
2521 3918 2578 3972 δὲ
2602 3920 2690 3974 ἐπ’
2717 3923 3007 3994 ἀνθρώπου
3035 3922 3056 3962 ί
3088 3923 3265 3991 τοῦτο,
3288 3927 3469 3999 πολλῷ
3499 3911 3709 4000 μᾶλλον

2019 4003 2113 4056 ἐπὶ
2151 4003 2245 4088 τοῦ
2280 4005 2443 4058 Θεοῦ·
2486 4008 2624 4080 ὅπερ
2654 4005 2748 4062 οῦν
2780 4011 2876 4063 καὶ
2915 4013 2945 4065 6
2975 4011 3107 4077 Θεὸς
3143 4013 3312 4079 δεῖξαι
3350 4015 3706 4088 βουλόμενος,

2018 4089 2181 4144 πλέον
2209 4085 2284 4146 ὧν
2322 4093 2522 4181 ᾔτησεν
2558 4097 2586 4149 6
2633 4096 2878 4162 διάϐολος
2903 4097 3124 4155 ἔδωκεν.
3180 4085 3416 4167 Ἐκεῖνος
3460 4085 3561 4176 μέν
3588 4107 3707 4181 γάρ

2019 4195 2183 4250 φησιν
2207 4196 2221 4211 ο
2269 4180 2739 4245 Ἔξαπόστειλον
2770 4185 2885 4253 τὴν
2907 4185 3077 4256 χεῖρά
3108 4202 3248 4254 σου,
3282 4191 3380 4245 καὶ
3408 4190 3559 4261 ἅψαι
3590 4198 3706 4250 αὑ·-

2016 4265 2145 4322 τοῦ·
2175 4269 2205 4321 6
2234 4267 2290 4321 δὲ
2317 4269 2449 4333 Θεὸς
2481 4271 2579 4341 οὐχ
2606 4271 2800 4337 οὕτως,
2828 4273 2985 4341 ἀλλά,
3018 4275 3110 4330 Σοὶ
3139 4277 3300 4332 αὑτὸν
3329 4280 3701 4353 παραδίδωμι,

2018 4353 2200 4425 φησίν.
2218 4355 2488 4429 Καθάπερ
2509 4358 2620 4430 γὰρ
2635 4360 2728 4413 ἐπὶ
2756 4360 2863 4415 τῶν
2883 4360 3080 4427 ἔξωθεν
3106 4364 3332 4432 ἀγώνων
3353 4368 3403 4420 οἱ
3421 4370 3704 4439 σφριγῶν-

2012 4459 2107 4507 τες
2136 4442 2207 4497 τά
2234 4443 2465 4515 σώματα
2485 4447 2579 4500 καὶ
2604 4448 2954 4514 εὐεκτοῦντες
2984 4449 3092 4505 τῶν
3121 4451 3369 4525 ἀθλητῶν
3397 4457 3496 4528 οὑχ
3520 4456 3670 4511 οὑτω

2014 4533 2314 4621 (ἰαίνονται,
2346 4536 2566 4592 ἐπειδὰν
2590 4539 2653 4592 τὸ
2681 4538 2963 4611 διάϐροχον
2992 4541 3158 4614 ἐλαίῳ
3184 4545 3451 4601 πάντοθεν
3480 4549 3700 4621 ἱμάτιον

2012 4613 2114 4675 ὦσι
2143 4621 2627 4696 περιϐεϐλημένοι,
2688 4626 2804 4681 ἀλλ’
2849 4628 2979 4682 ὅταν
3021 4613 3154 4685 αὐτὸ
3202 4632 3458 4705 ῥίψαντες
3492 4613 3699 4709 γυμνοὶ

2012 4709 2150 4780 πρὸς
2179 4710 2250 4765 τά
2285 4713 2586 4784 σκάμματα
2609 4714 2894 4783 ἐλκωνται,
2923 4719 3046 4772 τότε
3076 4720 3311 4788 μάλιστα
3335 4726 3463 4790 τοὺς
3491 4727 3694 4795 θεατὰς

2010 4799 2076 4869 τῇ
2106 4797 2218 4853 τῶν
2253 4799 2431 4870 μελῶν
2464 4802 2726 4876 ἀναλογίᾳ
2748 4806 3013 4862 πάντοθεν
3034 4809 3445 4882 ἐκπλήττουσιν,
3475 4816 3695 4883 οὐδενὸς

2011 4884 2183 4956 αὐτὴν
2208 4887 2527 4942 ἐπισκιάσαι
2574 4890 2875 4963 δυναμένου
2915 4892 3133 4947 λοιπόν
3159 4897 3303 4950 οὕτω
3337 4902 3432 4955 καὶ
3470 4904 3500 4956 6
3545 4905 3688 4970 Ἰὼϐ,

1992 4969 2172 5042 ’ἡνίκα
2202 4975 2301 5045 μὲν
2327 4970 2397 5047 ἦν
2423 4976 2517 5029 τὸν
2547 4976 2778 5033 πλοῦτον
2801 4978 3017 5034 ἅπαντα
3052 4984 3516 5059 περιϐεϐλημένος
3543 4991 3693 5045 ἐκεί-

2010 5076 2123 5149 νον,
2148 5061 2250 5116 οὐκ
2280 5059 2351 5134 ἦν
2379 5064 2679 5136 κατάδηλος
2715 5069 2830 5131 τοῖς
2862 5067 3075 5132 πολλοῖς
3102 5072 3253 5137 ὅστις
3276 5070 3376 5146 ἦν’
3408 5078 3598 5149 ἐπειδὴ
3627 5079 3689 5135 δὲ

2008 5147 2191 5239 αὐτὸν,
2219 5150 2472 5239 καθάπερ
2503 5153 2716 5224 ἱμάτιον
2747 5155 3156 5229 ἀποδυσάμενος
3187 5163 3216 5215 6
3250 5162 3507 5236 ἀθλητὴς,
3530 5147 3686 5239 ερῤι-

2007 5233 2096 5304 ψε,
2131 5237 2227 5290 καὶ
2255 5238 2389 5309 πρὸς
2417 5239 2544 5304 τοὺς
2571 5240 2671 5311 τῆς
2698 5240 2985 5308 εὐσεϐείας
3013 5246 3231 5314 ἀγῶνας
3261 5233 3468 5320 γυμνὸς
3496 5233 3687 5322 είσῆλη

2009 5322 2099 5378 θεν
2120 5364 2136 5390 ,
2176 5323 2318 5379 οὕτω
2351 5327 2658 5398 γυμνωθεὶς
2694 5331 2821 5392 τοὺς
2853 5329 3051 5396 θεατὰς
3082 5333 3377 5406 ἐξέπληξεν
3411 5338 3679 5406 ἅπαντας,

2007 5411 2081 5474 ώς
2113 5414 2206 5500 κοιλ⁸
2233 5413 2366 5468 αὐτὸ
2396 5414 2459 5468 τὸ
2487 5417 2596 5470 τῶν
2625 5416 2879 5485 ἀγγέλων
2915 5418 3143 5491 θέατρον
3176 5424 3269 5477 ἐπὶ
3295 5426 3361 5496 τῇ
3384 5424 3483 5496 τῆς
3502 5427 3682 5500 ψυχῆς

2006 5499 2170 5552 αὐτοῦ
2194 5501 2460 5573 καρτερίᾳ
2483 5502 2626 5571 μέγα
2648 5504 3085 5578 ἀνακεκραγέναι
3108 5511 3155 5575 5,
3178 5512 3273 5565 καὶ
3294 5512 3558 5586 κροτῆσαι
3589 5499 3679 5571 τδν

2003 5670 2226 5731 ὁρῶντας.
2320 5670 2323 5671 ν

2065 5729 2094 5803 οξ
2112 5732 2210 5803 ἐξίῙί
2226 5734 2605 5803 δεσμευομένων.

2074 5794 2094 5870 ς
2118 5794 2198 5870 §ic
2220 5794 2377 5870 §avil.
2404 5794 2455 5870 gi
2483 5798 2680 5870 .aliqpqt
2703 5813 2820 5870 mss.
2843 5807 3003 5863 recte,
3029 5815 3118 5864 pro
3139 5805 3231 5866 θερ.
3265 5804 3413 5870 αὐτῷ.
3442 5806 3581 5857 Eon.

2071 5854 2092 5933 ξ
2284 5863 2350 5933 εει
2372 5860 2453 5933 Eli“
2467 5859 2551 5933 ἐπ’
2577 5854 2857 5933 ἀνθρώπων.

2067 5919 2226 5994 Βᾼιὶἰ-
2364 5922 2516 5994 ψυχῆς
2557 5919 2705 5994 αὑτοῦ
2742 5926 3026 5994 καθαρότητι
3056 5928 3189 5994 Δμέγα
3232 5929 3525 5994 ἀνακραγεῖν.
3562 5930 3670 5983 Hux

2005 5980 2156 6032 Suvil.
2183 5989 2235 6032 et
2254 5972 2339 6033 alii
2364 5972 2557 6033 έκέῗνϐν.
2582 5986 2739 6052 ’Ὅπερ
2758 5972 2848 6052 γὰρ
3235 5972 3365 5993 “-ν--;

3855 4085 3860 4355 γ
