3892 6236
144 348 217 400 25
575 335 578 338 ’
1147 340 1237 394 AD
1266 336 1581 394 POPL'LUM
1629 333 2116 397 ANTIOCHENCM
2184 343 2411 401 llUlllL.
2458 342 2498 400 Ι.
3367 345 3436 400 Ξᾶ

142 465 454 535 frequentes
483 460 803 520 tentationes
818 460 1256 522 demonstrasset,
1280 455 1452 511 intulit
1480 471 1494 507 :
1517 451 1732 523 Propter

142 560 282 628 quod
310 568 384 611 ter
408 557 684 613 Dominum
709 555 904 626 rogaui,
936 563 989 605 ut
1024 568 1057 605 α
1102 568 1179 605 me
1212 550 1577 612 discederet;et
1607 548 1735 600 dixit

145 651 276 704 mihi
303 664 323 705 :
346 649 543 719 Suﬁicit
568 647 656 701 tibi
685 647 849 717 gratia
876 659 1017 709 mea;
1053 661 1169 697 nam
1198 644 1355 697 uirtus
1384 658 1495 694 mea
1522 640 1574 693 in
1599 638 1736 708 inﬁr-

142 744 324 797 mitate
351 743 613 812 perﬁcitur
639 739 715 809 (‘2.
734 740 852 795 Cor.
885 738 972 792 12.
1004 741 1057 792 8.
1084 730 1164 801 9)έ
1186 736 1336 789 Tune
1363 749 1478 788 mea
1498 775 1513 800 ,
1545 734 1734 802 inquit,

145 834 387 903 potentia
403 831 821 896 demonstratur,
836 830 1049 899 quando
1069 842 1165 881 νινε
1189 828 1239 879 in
1266 826 1570 879 infirmitate
1584 823 1735 887 estis,

142 934 201 979 et
231 940 325 993 per
366 938 461 978 vos
500 924 587 992 qui
616 920 867 976 videmini
905 934 1027 974 esse
1065 918 1303 981 debiles,
1352 916 1739 987 pra-dieationis

150 1016 371 1070 verbum
395 1024 641 1084 augetur,
667 1021 723 1068 et
745 1012 939 1081 ubique
967 1010 1306 1081 dispergitur.
1330 1008 1552 1076 Quando
1579 1007 1740 1076 igitur

141 1125 200 1164 .n
231 1123 533 1172 carcerem,
567 1105 861 1161 innumeris
898 1104 1160 1174 susceptis
1200 1101 1538 1163 verberibus,
1568 1099 1739 1153 dedu-

140 1211 265 1255 ctus
287 1198 407 1265 fuit,
425 1197 657 1253 carceris
697 1196 975 1251 custodem
1002 1195 1170 1248 vinxit
1191 1195 1327 1263 (Act.
1354 1192 1440 1262 16)
1469 1209 1482 1245 :
1518 1192 1568 1245 in
1598 1192 1739 1261 ligno

141 1302 301 1346 erant
329 1291 492 1362 pedes
511 1332 526 1356 ,
561 1291 611 1344 in
637 1290 840 1344 catenis
869 1304 1086 1351 manus,
1108 1297 1164 1342 et
1187 1301 1371 1341 carcer
1390 1285 1488 1340 sub
1512 1285 1737 1339 mediam

140 1396 361 1441 noctem
392 1385 753 1455 quatiebatur,
787 1385 914 1454 ipsis
943 1384 1106 1438 Deum
1139 1382 1495 1437 laudantibtu.

217 1478 320 1532 Dei
341 1479 567 1549 potentia
596 1479 759 1550 magis
783 1478 1161 1532 demonstratur
1183 1476 1236 1528 in
1274 1473 1515 1528 (erumnis
1540 1480 1741 1526 sancto-

136 1586 279 1624 rum.
319 1600 394 1611 —
439 1570 627 1627 Cernis
655 1568 925 1640 quomodo
954 1568 1119 1638 ipsius
1157 1567 1322 1621 virtus
1347 1567 1398 1620 in
1430 1565 1740 1620 infirmitate

138 1662 523 1732 perficiebatur
542 1663 566 1717 Ἰ
589 1661 647 1718 Si
672 1662 857 1716 fuisset
884 1660 1088 1716 solutus
1108 1659 1299 1713 Paulus
1316 1701 1330 1725 ,
1354 1666 1408 1713 et
1428 1656 1557 1711 illud
1584 1656 1739 1710 habi-

136 1755 379 1810 taculum
407 1755 921 1817 concussisset,non
939 1752 1248 1807 fuissettam
1277 1749 1573 1804 mirandum
1596 1748 1737 1819 quod

138 1849 325 1906 fiebat.
359 1849 562 1904 Idcirco
583 1891 597 1912 ,
626 1849 830 1919 inquit,
881 1863 1098 1903 remane
1126 1847 1333 1900 vinctus
1356 1884 1372 1911 ,
1421 1853 1477 1898 et
1501 1858 1739 1898 conmio-

134 1951 369 1995 veantur
397 1942 629 2010 parietes
649 1940 884 2009 undique
902 1981 917 2005 ,
948 1949 1001 1993 et
1021 1938 1295 1992 solvantur
1320 1935 1481 1990 vincti
1503 1953 1517 1989 :
1543 1944 1602 1988 ut
1625 1948 1739 1988 ma-

131 2036 223 2105 gis
251 2036 421 2089 virtus
447 2049 562 2089 mea
587 2034 806 2089 evidens
832 2032 929 2098 sit,
954 2032 1081 2087 dum
1109 2047 1204 2102 per
1229 2040 1281 2085 te
1309 2028 1655 2085 constrictum
1683 2035 1738 2082 et

132 2125 449 2196 colligatum
479 2140 670 2180 omnes
698 2125 855 2178 vincti
885 2123 1178 2178 solvuntur.
1210 2120 1321 2176 Hoc
1367 2120 1537 2188 ipsum
1581 2118 1738 2187 igitur

133 2230 194 2274 et
224 2220 457 2273 careeris
486 2218 760 2273 custodem
795 2227 918 2271 tunc
947 2214 1208 2285 perculit,
1251 2213 1390 2283 quod
1427 2228 1546 2266 cum
1591 2219 1733 2263 tanta

133 2321 421 2367 teneretur
444 2312 780 2377 necessitate,
803 2325 895 2379 per
918 2310 1213 2363 orationem
1239 2306 1406 2359 Solam
1433 2305 1596 2374 potuit
1619 2302 1735 2356 fun-

128 2404 389 2458 damenta
405 2403 616 2473 quidem
634 2416 887 2473 quassare
901 2444 916 2468 ,
942 2400 1081 2454 fores
1103 2416 1229 2456 vero
1249 2400 1477 2453 carceris
1500 2397 1729 2465 aperire,

130 2504 189 2549 et
217 2509 411 2549 omnes
441 2505 644 2548 vinctos
670 2494 899 2548 Solvere.
930 2492 1043 2548 Non
1075 2492 1159 2546 hic
1197 2500 1371 2545 autem
1401 2490 1605 2555 solum,
1638 2488 1731 2543 sed

86 2576 89 2577 ⁷
125 2587 299 2641 etiam
331 2586 382 2639 in
410 2587 596 2651 Petro,
635 2594 689 2640 et
714 2586 765 2639 in
796 2587 910 2656 ipso
935 2585 1127 2648 Paulo,
1153 2592 1209 2637 et
1234 2583 1348 2637 alii;
1370 2597 1581 2653 quoque
1602 2598 1731 2652 οι)οε

123 2679 291 2732 stolis
318 2678 497 2733 videre
527 2678 791 2748 quispiam
816 2688 993 2747 posset
1016 2676 1116 2731 hoc
1138 2676 1335 2745 jugiter
1353 2678 1655 2741 evenire,et
1678 2675 1729 2728 in

124 2772 643 2843 persequutionibus
671 2772 764 2825 Dei
795 2771 1016 2839 gratiam
1049 2770 1384 2824 efﬂorescere
1403 2809 1420 2835 ,
1470 2784 1730 2838 apparere

122 2862 182 2916 in
212 2863 668 2927 tribulationibus,
698 2872 750 2916 et
771 2864 847 2917 sic
863 2862 1110 2916 virtutem
1138 2877 1285 2916 suam
1315 2863 1621 2930 prmdicare.
1647 2861 1732 2916 ld-

122 2953 282 3007 circo
308 2952 519 3007 dicebat
552 2971 565 3007 :
591 2952 790 3023 Sufficit
814 2955 903 3007 tibi
929 2954 1096 3024 gratia
1116 2969 1226 3006 mea
1249 2969 1268 3006 :
1286 2954 1442 3006 virtus
1464 2953 1595 3006 enim
1617 2969 1729 3007 mea

122 3046 178 3098 in
207 3046 510 3115 inﬁrmitate
535 3047 794 3115 perﬁcitur
828 3044 901 3117 (‘2.
927 3044 1042 3099 Cor.
1070 3045 1157 3099 12.
1186 3044 1265 3115 9).
1292 3044 1443 3112 Quod
1466 3055 1642 3098 autem
1674 3054 1728 3099 et

127 3142 368 3193 humana
394 3147 582 3192 natura
612 3138 811 3206 majora
840 3137 989 3190 multi
1018 3137 1212 3205 smpius
1241 3136 1307 3190 de
1334 3137 1463 3205 ipsis
1490 3135 1733 3205 suspica-

125 3229 235 3283 turi
264 3238 438 3289 erant.
456 3229 554 3282 nisi
579 3229 699 3283 talia
732 3229 991 3298 patientes
1017 3227 1428 3291 vidissent,audi
1457 3227 1727 3296 quomodo

126 3318 310 3373 timuit
333 3319 548 3373 Paulus.
576 3317 715 3372 Nam
742 3330 790 3373 et
815 3319 860 3373 si
885 3319 1086 3372 voluero
1104 3360 1118 3383 ,
1147 3317 1343 3384 inquit,
1362 3316 1594 3387 gloriari,
1625 3334 1728 3371 non

123 3425 213 3462 ero
232 3409 482 3478 insipiens
504 3425 523 3462 :
554 3425 707 3477 parco
738 3419 905 3462 autem
922 3451 937 3473 ,
969 3425 1032 3462 ne
1056 3409 1169 3477 quis
1199 3424 1279 3460 me
1302 3408 1549 3461 existimet
1568 3424 1727 3477 supra

124 3500 181 3551 id
206 3500 346 3569 quod
376 3500 507 3553 videt
534 3500 586 3553 in
609 3517 704 3564 me,
726 3511 813 3553 aut
835 3500 973 3553 audit
999 3499 1192 3569 aliquid
1207 3514 1269 3552 ex
1292 3514 1373 3552 me
1390 3499 1465 3570 (2.
1490 3498 1608 3553 Cor.
1635 3497 1721 3552 i2.

124 3590 209 3661 6).
256 3589 399 3657 Quid
448 3599 628 3645 autem
678 3602 760 3646 est
801 3591 943 3661 quod
982 3590 1153 3645 dicit?
1193 3591 1473 3656 Poteram,
1516 3591 1723 3661 inquit,

125 3684 302 3739 multo
331 3684 534 3754 majora
558 3684 738 3739 dicere
767 3684 1021 3740 miracula
1038 3726 1053 3749 ,
1085 3684 1179 3739 sed
1206 3683 1330 3738 nolo
1349 3725 1364 3750 ,
1392 3699 1461 3738 ne
1484 3683 1622 3739 forte
1647 3685 1720 3739 si-

122 3791 355 3846 gnorum
387 3776 695 3845 magnitudo
724 3776 980 3846 majorem
1007 3775 1075 3831 de
1104 3791 1192 3831 me
1217 3775 1522 3832 hominibus
1547 3777 1725 3845 suspi-

121 3868 336 3921 cionem
368 3866 602 3922 inducat.
638 3869 923 3938 Propterea
951 3876 1004 3923 et
1048 3868 1236 3923 Petrus
1267 3878 1545 3938 postquam
1575 3869 1724 3923 clau-

120 3958 252 4012 dum
287 3961 494 4023 erexit,
523 3970 578 4014 et
615 3974 801 4014 omnes
827 3960 999 4029 ipsum
1036 3960 1456 4024 admirabantur,
1485 3971 1542 4016 ut
1567 3961 1717 4017 cohi-
1766 4032 1769 4033 ν

123 4050 281 4107 heret
305 4066 401 4105 eos
421 4052 654 4121 ipsisque
684 4052 1033 4121 persuaderet
1056 4067 1115 4108 se
1136 4053 1267 4107 nihil
1295 4070 1361 4107 ex
1380 4054 1575 4109 virtute
1601 4070 1723 4123 pro-

123 4142 242 4210 pria
292 4142 627 4205 exhibuisse,
670 4143 800 4198 dicit
835 4163 846 4197 :
884 4144 1022 4209 Quid
1052 4161 1143 4198 nos
1172 4146 1437 4201 intuemini
1463 4158 1720 4217 tamquam

118 4233 338 4303 propria
383 4235 565 4287 virtute
604 4235 682 4288 vel
729 4236 914 4306 pietate
953 4238 1220 4308 fecerimus
1270 4240 1406 4293 hunc
1458 4233 1721 4295 ambulare

118 4322 261 4391 (Act.
295 4323 350 4378 5.
379 4322 468 4393 12)
498 4324 521 4376 ?
552 4324 618 4378 Et
649 4342 832 4381 rursus
860 4327 1066 4399 Lystris
1095 4343 1200 4382 non
1231 4330 1402 4383 solum
1443 4342 1595 4386 erant
1619 4332 1716 4385 ob-

115 4413 406 4483 stupefacti
423 4456 437 4474 ,
466 4416 557 4469 sed
587 4425 640 4469 et
666 4426 847 4472 tauros
866 4431 1148 4473 coronatos
1170 4419 1468 4487 duxerunt,
1485 4432 1538 4477 et
1555 4422 1719 4477 Paulo

116 4517 171 4560 et
215 4506 480 4561 Barnabtc
532 4509 806 4565 immolare
847 4511 1294 4581 aggrediebantur
1322 4515 1458 4586 (Act.
1490 4515 1715 4586 14.12).

119 4594 256 4651 Vide
285 4596 485 4651 diaboli
512 4599 766 4652 malitiam
794 4619 807 4654 :
847 4616 944 4669 per
968 4618 1101 4671 quos
1128 4602 1382 4659 Dominus
1424 4621 1491 4660 ex
1518 4606 1719 4661 mundo

120 4685 458 4756 impietatem
497 4703 794 4760 expurgare
843 4692 1125 4759 Studebat,
1157 4709 1255 4761 per
1300 4694 1398 4748 hos
1431 4696 1597 4764 ipsam
1629 4697 1718 4752 ille

120 4778 380 4835 inducere
405 4780 647 4836 studebat
673 4824 684 4846 ,
708 4798 919 4838 rursum
944 4785 1290 4854 persuadens,
1306 4798 1365 4840 ut
1388 4786 1520 4842 deos
1538 4787 1714 4842 homi-

120 4888 216 4929 nes
232 4890 361 4930 esse
387 4885 631 4944 putarent
654 4876 824 4947 :quod
842 4887 896 4933 et
919 4879 1180 4948 prioribus
1198 4879 1323 4935 fecit
1343 4880 1673 4949 temporibus
1697 4899 1711 4936 :

114 4975 174 5020 et
205 4965 312 5021 hoc
341 4967 574 5022 maxime
595 4976 677 5023 est
697 4967 837 5037 quod
869 4967 1182 5024 idololatriae
1204 4972 1521 5042 principium
1547 4983 1602 5027 et
1630 4988 1711 5027 ra-

114 5058 293 5113 dicem
315 5058 627 5115 introduxit.
647 5060 797 5114 Multi
819 5061 962 5115 enim
984 5061 1074 5130 qui
1096 5062 1233 5116 bella
1249 5063 1384 5118 bene
1402 5074 1709 5134 gesserant,

114 5159 409 5206 erexerant
438 5160 633 5220 treptea
659 5193 673 5216 ,
707 5153 867 5208 urbes
896 5154 1296 5209 mdificaverant
1315 5198 1329 5220 ,
1359 5167 1411 5210 et
1443 5157 1561 5211 aliis
1606 5156 1710 5211 hu-

111 5241 352 5309 jnsmodi
397 5240 776 5297 demeruerant
825 5244 907 5298 sui
958 5245 1210 5313 temporis
1252 5246 1524 5313 homines,
1572 5248 1645 5303 dii
1679 5264 1711 5303 a

115 5334 299 5389 multis
324 5334 612 5388 existimati
640 5343 800 5401 sunt,
830 5344 885 5391 et
906 5336 1121 5406 templis
1146 5346 1200 5392 et
1220 5338 1328 5392 aris
1350 5338 1592 5394 honorati
1613 5382 1628 5406 ,
1656 5349 1712 5396 et

113 5425 290 5478 omnis
317 5425 596 5495 gentilium
625 5425 844 5481 deorum
870 5442 1128 5482 numerus
1158 5443 1224 5481 ex
1253 5428 1559 5484 hominibus
1594 5431 1710 5485 istis

115 5517 377 5572 conﬂatus
402 5526 505 5571 est.
644 5520 647 5523 ’

180 5607 288 5663 Cur
308 5606 456 5661 Deus
498 5618 704 5660 sanctos
729 5608 849 5677 pelli
869 5619 915 5663 et
944 5612 1165 5665 cruciari
1190 5614 1487 5683 permiserit.
1513 5645 1587 5655 ——
1625 5615 1703 5670 Ne

118 5696 272 5763 igitur
302 5700 410 5753 hoc
447 5707 500 5752 el
545 5698 598 5752 in
646 5700 846 5755 sanctis
874 5700 1043 5768 fieret,
1084 5703 1328 5774 pertitisit
1372 5704 1517 5774 ipsos
1565 5705 1707 5763 Deus

118 5792 367 5851 continue
397 5790 545 5861 pelli,
588 5790 864 5863 ﬂagellari,
888 5794 939 5849 in
966 5796 1144 5851 varios
1181 5796 1417 5853 incidere
1443 5798 1659 5856 morbos
1684 5816 1698 5853 :

438 5888 714 5949 Puncta
762 5892 875 5949 Gn.
924 5891 978 5948 Χ
994 5891 1057 5949 Ll
1074 5890 1149 5950 .\'.

1848 457 1903 502 ut
1933 450 2092 505 nimia
2118 455 2359 522 corporis
2384 453 2740 519 imbecillitas,
2792 463 2844 508 et
2877 455 3224 509 tentationutn
3276 457 3429 510 turba

1845 542 2196 610 praesentibus
2219 546 2586 612 persuaderet,
2622 546 2868 601 homines
2899 561 3018 601 esse
3049 560 3164 611 eos,
3200 546 3290 616 qui
3314 546 3434 601 taiia

1843 632 2068 689 ederent
2095 628 2371 703 miracula,
2399 638 2637 709 nihilque
2661 638 2730 693 de
2753 654 2852 694 suo
2879 639 3091 707 afferre,
3116 640 3210 694 sed
3235 640 3430 695 nudam

1841 726 2065 793 gratiam
2089 744 2185 797 per
2217 730 2338 784 illos
2366 732 2545 786 omnia
2597 733 2829 802 operari.
2878 734 2933 789 Si
2983 734 3126 788 enim
3176 750 3334 804 parva
3379 747 3430 789 ct

1847 815 1970 870 vilia
1999 830 2272 887 operatos,
2302 821 2437 877 deos
2465 833 2807 893 putaverunt,
2833 826 3001 880 multo
3031 827 3199 897 magis
3230 828 3272 880 si
3300 827 3434 885 nihil

1849 908 1990 976 passi
2014 907 2239 965 fuissent
2268 911 2581 983 humanum,
2616 915 2715 971 hos
2759 918 3009 988 suspicati
3040 917 3286 984 fuissent,
3343 919 3433 989 qui

1848 1001 1968 1054 talia
1995 1001 2238 1069 fectu-int,
2264 1006 2439 1076 qualia
2465 1024 2623 1063 nemo
2645 1026 2894 1080 umquam
2918 1027 3090 1082 neque
3113 1012 3243 1066 vidit
3264 1029 3434 1083 neque

1846 1094 2067 1147 audivit.
2099 1094 2153 1148 Si
2180 1098 2323 1152 enim
2378 1114 2499 1154 cum
2532 1101 2632 1170 ipsi
2673 1102 3092 1172 flagellarentur,
3147 1105 3438 1175 pra-cipita-

1846 1187 2388 1258 reutur,ligarentur,
2420 1192 2768 1261 pellerentur,
2831 1195 3259 1263 periclitarentur
3307 1212 3439 1267 quo-

1848 1275 1997 1343 tidie,
2029 1285 2204 1332 tamen
2228 1280 2279 1332 in
2309 1282 2445 1335 hanc
2466 1282 2684 1351 impiam
2713 1284 3019 1353 opinionem
3047 1286 3263 1355 quidam
3291 1288 3429 1341 ceci-

1846 1365 2041 1421 derunt
2064 1385 2078 1420 :
2103 1369 2268 1423 multo
2298 1373 2466 1442 magis
2488 1374 2532 1426 si
2556 1372 2688 1427 nihil
2714 1374 3000 1430 humanum
3028 1378 3165 1446 passi
3191 1376 3435 1445 fuissent,

1848 1456 2157 1526 hujusmodi
2183 1459 2409 1516 fuissent
2433 1464 2745 1520 existimati.

1916 1550 1970 1603 8.
2012 1549 2175 1620 Igitur
2218 1553 2333 1607 haec
2371 1555 2586 1623 quidem
2641 1557 2795 1611 tertia
2841 1557 3145 1613 afﬂictionis
3200 1576 3363 1616 causa
3418 1580 3430 1615 :

1844 1650 2034 1710 quarta
2060 1657 2210 1709 vero,
2241 1659 2309 1699 ne
2337 1646 2506 1699 sancti
2562 1656 2780 1715 propter
2831 1651 3115 1718 prmsentis
3159 1649 3432 1706 felicitatis

1843 1747 1995 1801 spem
2023 1734 2185 1788 Deum
2213 1736 2393 1790 colere
2419 1746 2690 1806 putentur.
2722 1739 2931 1793 Etenim
2960 1740 3108 1794 multi
3141 1758 3191 1794 m
3221 1742 3431 1796 lascivia

1845 1825 2136 1878 viventium
2168 1842 2197 1878 a
2230 1827 2411 1882 multis
2455 1829 2649 1897 smpius
2692 1830 2951 1897 accusati,
3005 1843 3057 1884 et
3110 1830 3177 1885 ad
3225 1832 3435 1887 virtutis

1845 1915 2016 1969 vocati
2039 1916 2272 1985 labores,
2305 1927 2360 1973 et
2379 1930 2595 1976 sanctos
2619 1922 2687 1977 de
2707 1921 2863 1976 hilari
2894 1924 3259 1979 molestiarum
3298 1927 3432 1980 tole-

1847 2008 2020 2062 rantia
2041 2009 2244 2065 laudari
2275 2012 2575 2081 audientes,
2605 2030 2673 2070 ex
2694 2015 2778 2071 his
2800 2016 2945 2087 ipsos
2968 2033 3221 2074 accusare
3250 2033 3434 2089 aggre-

1841 2097 2061 2153 diuntur
2087 2118 2101 2155 :
2133 2109 2190 2156 et
2217 2118 2321 2157 non
2348 2103 2594 2160 homines
2618 2108 2950 2171 tantum,sed
2974 2119 3027 2164 et
3055 2110 3167 2179 ipse
3193 2109 3433 2165 diabolus

1843 2189 1947 2245 hoc
1969 2192 2144 2261 ipsum
2169 2196 2469 2263 suspicatus
2499 2205 2601 2251 est.
2645 2196 2911 2265 Quoniam
2942 2200 3084 2254 enim
3111 2202 3293 2255 multis
3318 2213 3431 2256 erat

1842 2284 2203 2341 circumdatus
2230 2287 2428 2343 divitiis
2451 2288 2573 2356 Job,
2606 2299 2661 2345 et
2691 2292 2852 2345 multa
2885 2293 3189 2362 potiebatur
3210 2294 3433 2362 opulen-

1841 2383 1934 2439 tta,
1963 2377 2314 2444 exprobratos
2341 2394 2370 2432 a
2402 2380 2511 2434 Deo
2533 2389 2752 2451 propter
2780 2381 2952 2452 ipsum
2977 2383 3148 2438 malus
3192 2385 3278 2439 ille
3324 2385 3432 2439 da:-

1841 2482 1986 2530 mon,
2011 2484 2131 2524 eum
2154 2470 2284 2525 nihil
2312 2471 2537 2529 haberet
2555 2474 2698 2543 quod
2725 2475 2949 2544 diceret,
2986 2493 3158 2547 neque
3208 2494 3313 2549 quo
3361 2481 3429 2534 de

1841 2562 1955 2615 suis
1975 2574 2331 2619 excusaretur
2356 2567 2690 2632 criminibus,
2720 2583 2895 2638 neque
2922 2570 3061 2638 quod
3100 2570 3232 2639 justi
3257 2571 3429 2625 virtu-

1843 2656 1984 2709 tibus
2004 2656 2341 2728 impingeret,
2398 2659 2464 2713 ad
2490 2659 2630 2715 hanc
2653 2663 2832 2716 statim
2881 2662 3120 2734 confugit
3157 2663 3426 2727 defensio-

1842 2760 1987 2814 nem,
2010 2748 2195 2804 dicens
2224 2768 2237 2803 :
2275 2749 2540 2823 Numquid
2568 2753 2726 2823 gratis
2752 2752 2852 2807 Job
2895 2754 3016 2808 colit
3071 2757 3159 2809 te?
3209 2756 3428 2810 circum-

1841 2841 2043 2895 valtasti
2076 2843 2318 2897 interiora
2353 2855 2400 2898 ct
2424 2846 2679 2899 exteriora
2699 2849 2807 2918 ejus
2833 2847 2851 2916 (
2867 2845 2965 2900 Job
3020 2849 3068 2901 1.
3095 2847 3151 2903 9.
3178 2848 3264 2913 10)
3284 2864 3297 2912 ;
3318 2865 3432 2918 pro-

1839 2943 1961 3005 pter
1987 2935 2310 3001 mereedem,
2341 2937 2531 3006 inquit,
2563 2937 2651 2992 ille
2695 2937 2944 2992 virtutem
2994 2939 3253 3008 sequitur,
3283 2949 3426 2994 tanta

1841 3023 2025 3079 fruens
2053 3026 2349 3094 epulentia.
2378 3027 2516 3093 Quid
2566 3027 2725 3098 igitur
2747 3026 2875 3082 fecit
2897 3028 3078 3082 Deus?
3108 3028 3175 3084 Ut
3200 3028 3427 3084 demun-

1839 3126 2036 3173 straret
2074 3128 2289 3174 sanctos
2340 3134 2445 3174 non
2487 3120 2750 3175 mercedis
2794 3135 2952 3175 causa
2988 3122 3159 3190 ipsum
3203 3122 3379 3178 colere
3411 3165 3426 3189 ,

1838 3222 2050 3262 omnem
2081 3209 2246 3278 ipsius
2271 3211 2620 3266 substantiam
2648 3211 2887 3273 abstulit,
2919 3214 3216 3283 paupertati
3264 3215 3422 3269 tradi-

1839 3300 1934 3365 dit,
1976 3309 2031 3356 et
2072 3301 2124 3355 in
2177 3317 2393 3371 gravem
2423 3302 2670 3357 morbum
2710 3303 2948 3359 incidere
2993 3306 3251 3372 permisit.
3304 3305 3423 3361 Mox

1838 3390 1987 3445 illum
2013 3391 2342 3462 redarguens
2373 3404 2640 3464 tamquam
2672 3403 2874 3449 temere
2904 3395 3029 3448 talia
3052 3396 3374 3465 suspicatum
3406 3438 3422 3462 ,

1834 3483 2040 3553 inquit:
2078 3486 2254 3539 Adhuc
2292 3486 2630 3540 innocentiam
2659 3489 2838 3541 retinet
2870 3503 2888 3541 :
2929 3499 2980 3541 tu
3026 3505 3144 3542 vero
3198 3506 3423 3543 commo-

1836 3576 1946 3629 visti
1969 3593 2048 3630 nte
2075 3587 2129 3629 ut
2157 3580 2348 3648 frustra
2369 3578 2530 3648 ipsius
2557 3578 2890 3632 substantiam
2911 3579 3171 3649 perderem
3215 3579 3336 3651 (Job
3355 3579 3412 3634 2.

1835 3668 1869 3723 5
1893 3665 1935 3739 ).
1960 3667 2172 3723 Sanctis
2191 3669 2334 3723 enim
2356 3669 2533 3725 hocin
2557 3656 3043 3725 remunerationem
3089 3679 3144 3725 et
3186 3672 3417 3726 retribu-

1836 3759 2031 3814 tionem
2062 3758 2277 3826 sufflcit,
2330 3760 2496 3815 Deum
2521 3761 2767 3815 venerari
2796 3777 2810 3814 ;
2839 3762 3090 3831 quoniam
3122 3772 3176 3816 et
3221 3763 3416 3816 amanti

1834 3852 1938 3908 hoc
1984 3854 2039 3908 in
2091 3854 2500 3909 retributionem
2545 3854 2762 3921 sufficit,
2795 3868 2854 3909 se
2887 3866 3154 3909 amantem
3211 3871 3416 3920 amare,

1831 3955 1885 3998 et
1914 3945 2041 3999 nihil
2075 3947 2308 4015 amplius
2359 3946 2601 4016 requirit,
2633 3961 2733 4001 nec
2760 3946 3033 4017 quidpiam
3091 3946 3195 4000 hoc
3243 3952 3416 4015 majus

1828 4051 1950 4091 esse
1977 4046 2143 4106 putat.
2177 4036 2234 4091 Si
2256 4052 2384 4091 vero
2413 4052 2538 4104 erga
2569 4036 2842 4091 hominem
2873 4037 2995 4101 hoc,
3041 4038 3207 4091 multo
3253 4039 3418 4107 magis

1830 4143 1955 4196 erga
1985 4128 2150 4183 Deum
2180 4146 2193 4181 :
2222 4128 2363 4198 quod
2388 4136 2445 4181 ut
2469 4128 2862 4183 demonstraret
2890 4128 3048 4193 Deus,
3079 4128 3230 4197 plura
3257 4144 3413 4198 quam

1827 4220 2069 4274 diabolus
2085 4219 2330 4289 petierat,
2361 4221 2648 4275 concessit.
2677 4219 2769 4275 lllc
2798 4221 2968 4290 inquit
2996 4237 3011 4275 :
3044 4220 3189 4273 Mitte
3210 4237 3415 4273 manum

1825 4321 1984 4377 tuam,
2027 4322 2074 4365 et
2114 4323 2263 4382 tange
2306 4313 2471 4381 ipsum
2502 4309 2621 4383 (Job
2641 4310 2696 4365 2.
2731 4313 2834 4384 5):
2893 4312 3030 4366 Deus
3083 4322 3260 4366 autem
3311 4328 3414 4365 non

1825 4403 1916 4461 ita,
1935 4402 2051 4467 sed,
2080 4403 2195 4456 'l‘ihi
2220 4404 2416 4473 ipsum,
2440 4403 2630 4472 inquit,
2656 4403 2808 4458 trado
2838 4401 2941 4474 (Ib.
2976 4402 3123 4472 v.6).
3149 4404 3417 4469 Quemad-

1822 4495 2039 4550 modum
2073 4496 2214 4551 enim
2244 4497 2299 4549 in
2342 4496 2699 4551 exterioribus
2754 4495 3134 4550 certaminibus
3188 4510 3416 4566 corpore.

1824 4588 2090 4658 vigentes,
2116 4598 2171 4644 et
2197 4591 2352 4643 bonae
2383 4588 2710 4644 habitudinis
2732 4587 2973 4652 athletaz,
3008 4605 3113 4643 non
3139 4589 3217 4644 sic
3245 4605 3413 4660 appa-

1823 4687 1962 4742 rent,
1993 4694 2112 4732 cum
2145 4680 2526 4734 vestimentum
2551 4680 2782 4750 undique
2823 4680 2944 4734 oleo
2974 4681 3243 4736 madidum
3296 4683 3412 4735 fue-

1822 4769 1928 4824 rint
1951 4769 2140 4836 induti,
2174 4772 2270 4826 sed
2313 4772 2529 4841 quando
2571 4772 2660 4827 illo
2685 4772 2894 4842 abjecto
2924 4773 3051 4827 nudi
3083 4774 3135 4827 in
3178 4773 3408 4828 stadium

1821 4861 2088 4927 feruntur,
2115 4874 2241 4919 tunc
2271 4865 2509 4925 maxime
2533 4873 2863 4934 spectatores
2887 4865 3247 4926 membrorum
3276 4881 3403 4934 pro-

1823 4954 2070 5023 portione
2099 4955 2315 5023 penitus
2369 4955 2822 5025 obstupefaciunt,
2879 4971 2999 5010 cum
3055 4956 3187 5010 nihil
3239 4957 3407 5026 ipsam

1822 5046 2051 5114 amplius
2080 5046 2404 5102 obumbrare
2425 5049 2597 5117 possit
2621 5065 2634 5100 :
2657 5047 2736 5102 sic
2761 5056 2816 5101 et
2832 5046 2953 5114 Job,
2988 5048 3201 5117 quando
3231 5048 3408 5101 utnni-

1825 5139 1924 5193 bus
1977 5138 2192 5209 quidem
2240 5141 2346 5195 illis
2370 5141 2569 5196 divitiis
2602 5140 2957 5197 circumfusus
2988 5150 3123 5205 erat,
3175 5141 3292 5211 quis
3322 5156 3408 5195 cs-

1821 5239 1925 5293 set,
1986 5246 2091 5285 non
2144 5233 2325 5288 multis
2374 5233 2716 5289 manifestum
2756 5243 2903 5301 erat;
2955 5243 3231 5304 postquam
3279 5247 3407 5288 vere

1818 5323 1963 5390 ipsas
1989 5325 2134 5379 velut
2156 5324 2531 5380 vestimentum
2561 5325 2760 5382 athleta
2786 5325 3001 5396 abjecit,
3031 5336 3085 5381 et
3108 5326 3172 5380 ad
3190 5325 3406 5395 pietatis

1817 5415 2113 5469 certamina
2133 5414 2306 5470 nudus
2358 5416 2593 5482 intravit,
2644 5416 2722 5471 sic
2772 5415 3027 5486 spoliatus
3074 5424 3403 5484 Spectatores

1817 5521 2007 5562 onmes
2048 5506 2295 5577 perculit,
2349 5520 2407 5563 ut
2458 5519 2513 5564 et
2568 5510 2740 5580 ipsum
2779 5509 3089 5581 angelorum
3135 5509 3401 5565 theatrum

1815 5613 1977 5671 super
2005 5600 2169 5654 animi
2192 5601 2308 5670 ejus
2335 5602 2611 5656 tolerantia
2635 5604 2651 5633 ι
2684 5600 3033 5657 vehementer
3054 5600 3399 5670 acclamaret,

1815 5703 1872 5750 et
1899 5695 2087 5748 victori
2116 5694 2193 5749 illi
2219 5693 2585 5765 applauderet.
2620 5692 2769 5761 Quod
2813 5694 2956 5746 enim
2999 5694 3246 5766 superius
3283 5687 3393 5758 jam

1880 5820 1897 5843 δ
1934 5811 2017 5862 alii
2041 5825 2054 5861 :
2075 5819 2225 5874 Super
2248 5809 2396 5862 animi
2412 5809 2517 5872 ejus
2538 5808 2764 5871 puritate,
2792 5817 2886 5860 etc.

3044 5896 3083 5953 ‘2
