3932 6222
447 295 513 346 27
631 339 635 342 .
1185 300 1239 354 S.
1282 299 1556 355 JOANNIS
1593 298 2069 358 CllliYSOSTOXﬂ
2110 299 2425 357 ARCHIEP.
2460 301 2996 358 'CONSTAN'I'INOP.
3657 306 3728 362 28

447 414 690 480 dixl,non
719 414 790 470 ita
818 415 1115 471 hominibus
1134 417 1420 487 apparebat
1451 417 1551 471 illis
1564 415 1810 470 omnibus
1830 414 2026 470 divitiis

449 506 899 572 circumamictus,
926 517 984 561 ut
1007 509 1219 577 quando
1242 508 1343 562 illis
1372 517 1637 578 tamquam
1667 508 1884 578 pallium
1915 522 2026 576 pro-

446 596 602 664 jectis
644 597 815 652 nudus
840 599 1058 664 exsiliit,
1111 599 1160 653 in
1209 599 1386 653 medio
1411 599 1561 663 orbe,
1593 609 1863 668 tamquam
1890 600 2031 652 thea-

457 698 542 742 tro
567 707 580 743 :
609 699 662 744 et
687 705 873 745 omnes
901 691 1090 744 bonam
1121 691 1285 761 ipsius
1314 691 1478 745 animi
1510 691 1876 745 habitudinem
1934 690 2031 744 ad-

447 779 626 833 mirati
657 789 774 834 sunt
803 799 815 834 :
847 797 947 833 non
975 781 1145 835 solum
1171 791 1346 836 autem
1385 797 1450 834 ex
1482 797 1659 835 rerum
1692 781 1895 850 jactura
1937 795 2029 833 su-

456 870 802 939 spiciehatur,
836 871 930 924 sed
953 873 1112 925 etiam
1144 887 1206 926 ex
1243 871 1510 942 patientia:
1534 871 1672 926 lucta
1701 872 1840 925 circa
1871 871 2028 939 aegri-

447 959 711 1014 tudinem.

527 1053 629 1106 Cur
659 1051 794 1106 Deus
819 1053 938 1107 Jobi
962 1071 1146 1122 corpus
1171 1055 1220 1108 in
1248 1065 1541 1124 potestatem
1568 1054 1756 1107 diaboli
1802 1052 2029 1106 tradide-

452 1145 544 1198 rit.
572 1173 643 1183 —
662 1144 812 1200 Sicut
835 1145 975 1200 enim
1001 1159 1124 1201 ante
1152 1147 1284 1211 dixi,
1321 1161 1424 1200 non
1457 1147 1600 1201 illum
1629 1147 1740 1214 ipse
1774 1146 2033 1212 percussit

448 1235 618 1300 Deus,
649 1250 716 1289 ne
741 1251 950 1290 rursum
973 1237 1212 1292 diabolus
1231 1238 1436 1292 diceret
1466 1256 1477 1289 :
1512 1237 1822 1305 Pepercisti,
1850 1243 2030 1289 etnon

451 1337 676 1392 tantam,
721 1339 972 1399 quantam
1019 1330 1319 1400 Oportebat,
1371 1331 1590 1384 intulisti
1643 1331 2029 1382 teutationem:

456 1418 550 1472 sed
575 1418 673 1488 ipsi
707 1419 923 1474 tradidit
948 1421 1160 1476 diabolo
1205 1431 1260 1475 et
1311 1437 1530 1491 gregum
1582 1421 1931 1488 perditiouvm
1980 1428 2035 1472 et

445 1509 635 1561 carnis
661 1518 999 1578 potestatem.
1031 1509 1258 1565 Conﬁdo
1284 1511 1350 1566 de
1375 1520 1662 1575 certatore,
1720 1509 1906 1578 inquit,
1936 1507 2036 1571 _id-

447 1599 602 1654 circo
627 1615 731 1654 non
790 1602 1047 1670 prohibeo
1097 1602 1197 1670 ipsi
1252 1619 1600 1672 quacumque
1649 1601 1781 1656 \elis
1841 1599 2036 1655 inferre

449 1693 769 1747 certamina.
802 1693 908 1748 Sed
946 1693 1394 1763 quemadmodum
1441 1695 1664 1764 spectati
1709 1695 2032 1763 palarslritm,

450 1792 512 1838 et
544 1792 660 1840 arte
686 1794 741 1839 et
760 1785 1003 1854 corporis
1031 1785 1224 1840 robore
1251 1785 1498 1851 tidentes,
1528 1801 1630 1838 non
1665 1785 1794 1839 recti
1841 1785 2036 1840 adver-

462 1874 616 1928 sariis
657 1883 714 1929 ut
737 1875 1050 1945 plurimum,
1084 1875 1525 1946 congrediuntur,
1570 1891 1742 1944 neque
1780 1876 1846 1930 de
1890 1875 2034 1946 pari,

458 1964 551 2019 sed
577 1965 784 2034 seipsos
811 1966 916 2020 illis
945 1966 1148 2021 medios
1176 1965 1666 2036 apprehendendus
1688 1966 1946 2036 praebent,
1979 1973 2040 2020 ut

459 2058 810 2114 illustriorem
836 2060 1116 2114 victoriam
1141 2060 1412 2116 referant:
1463 2061 1540 2115 sic
1565 2072 1620 2114 et
1641 2062 1779 2114 Deus
1802 2061 2035 2114 medium

460 2147 682 2206 tradidit
705 2161 948 2205 sanctum
981 2150 1196 2206 diabolo
1219 2150 1753 2220 apprehendendum,
1808 2159 1866 2205 ut
1916 2166 2037 2206 cum

460 2249 582 2309 post
607 2250 804 2296 tantam
821 2241 1098 2296 conflictus
1116 2242 1525 2312 praerogativam
1555 2243 1842 2311 superarit,
1888 2242 2039 2297 solo-

462 2348 568 2401 que
611 2335 976 2402 prostraverit,
1029 2335 1226 2389 clarior
1253 2351 1452 2389 corona
1503 2335 1780 2389 reddatur.
1834 2336 2038 2391 Aurum

461 2431 546 2478 est
575 2423 850 2491 probatum
882 2443 896 2475 ι
924 2439 1020 2494 pro
1046 2425 1214 2480 lubito
1245 2425 1427 2495 proba,
1451 2435 1508 2479 ut
1539 2426 1713 2493 placet
1753 2425 1996 2480 examina
2023 2465 2039 2492 ,

465 2514 652 2568 sordes
681 2515 733 2568 in
763 2515 879 2584 ipso
907 2531 1012 2569 non
1039 2515 1300 2571 invenies.
1327 2514 1442 2570 Non
1468 2515 1692 2570 aliorum
1717 2531 1843 2571 vero
1889 2517 2042 2573 nobis

467 2612 670 2657 tantum
696 2603 1057 2660 fortitudinem
1083 2606 1416 2661 demonstrat
1445 2623 1458 2661 :
1515 2605 1610 2660 sed
1651 2617 1704 2660 et
1745 2607 1901 2660 aliam
1932 2623 2046 2662 ma-

466 2709 626 2763 gnam
653 2693 804 2750 olfert
822 2697 1404 2764 consolationem.Quid
1428 2697 1569 2752 enim
1588 2698 1758 2766 inquit
1773 2697 2045 2752 Christus?

470 2785 615 2840 Beati
641 2787 796 2850 eritis,
821 2803 934 2839 cum
959 2786 1311 2841 ntaledircerint
1337 2789 1472 2841 vobis
1521 2788 1746 2841 homines
1794 2798 1840 2841 et
1871 2804 2042 2858 perse-

468 2879 611 2948 quuti
642 2895 727 2934 vos
750 2881 958 2951 fuerim,
997 2889 1043 2934 et
1072 2881 1289 2935 dixerint
1319 2897 1466 2936 onme
1487 2882 1674 2934 malum
1704 2881 1904 2936 uerbum
1945 2882 2045 2936 ad-

471 2984 666 3024 versum
690 2985 777 3024 vos
815 2971 1108 3025 mentientes
1147 2981 1349 3042 propter
1380 2989 1459 3026 me
1484 2988 1503 3027 :
1530 2973 1743 3043 gaudete
1787 2984 1836 3028 et
1880 2973 2051 3030 exsul-

472 3070 594 3126 tate,
612 3061 846 3131 quoniam
868 3078 1054 3116 merces
1074 3072 1237 3116 vestra
1258 3080 1442 3134 magna
1467 3075 1537 3118 est
1559 3065 1612 3118 in
1637 3065 1773 3120 aclis
1793 3080 1812 3119 :
1831 3067 1904 3119 sic
1915 3067 2049 3120 enim

469 3155 694 3222 fecerunt
716 3153 973 3224 prophetis
990 3165 1154 3224 patres
1179 3171 1349 3209 eorum
1376 3154 1591 3226 (Matth.
1626 3157 1678 3211 5.
1709 3157 1792 3212 11.
1820 3157 1933 3227 12).
1984 3158 2051 3212 Et

471 3258 680 3299 rursum
703 3245 896 3300 Paulus
923 3246 1512 3302 Macedonasconsolari
1531 3249 1713 3303 volens
1739 3266 1752 3303 :
1780 3247 1878 3302 Vos
1893 3251 2047 3315 enim,

472 3335 661 3406 ittquit,
687 3337 962 3390 imitatores
992 3339 1113 3408 [acti
1134 3339 1251 3392 estis
1299 3338 1483 3408 fratres
1528 3337 1878 3393 Ecclesiarum
1929 3339 2047 3407 Dei,

469 3443 582 3496 qua:
603 3436 718 3482 sunt
744 3429 795 3480 in
821 3426 1039 3482 ludam:
1070 3429 1306 3500 quoniam
1327 3430 1502 3484 eadem
1533 3430 1668 3500 passi
1699 3431 1817 3483 estis
1853 3447 1885 3482 a
1926 3447 2052 3484 con-

472 3516 734 3570 tribulibus
762 3518 956 3580 vestris,
984 3519 1404 3588 quemadmodum
1433 3530 1479 3573 et
1525 3521 1602 3573 illi
1647 3538 1677 3574 a
1719 3519 1918 3576 ludatis
1953 3520 1971 3594 (
1997 3521 2046 3576 1.

475 3606 650 3661 Thess.
682 3608 736 3660 2.
784 3609 891 3678 14).
926 3608 996 3663 Ει
1045 3609 1297 3665 Hebrazos
1334 3626 1544 3664 rursum
1595 3613 1663 3664 ita
1717 3613 2048 3678 consolatur,

475 3698 951 3766 recensensjustos
979 3714 1164 3754 omnes
1189 3702 1242 3755 in
1271 3702 1592 3763 fornacibus,
1638 3705 1688 3756 in
1732 3704 1965 3770 lacubus,
1995 3705 2048 3760 in

474 3790 864 3856 solitudinibus,
897 3792 950 3845 in
973 3791 1264 3860 montibus,
1291 3793 1342 3846 in
1373 3793 1662 3862 speluncis,
1715 3795 1766 3848 itt
1800 3795 1956 3862 fame,
1998 3797 2050 3852 iu

472 3885 710 3954 anguStia
735 3881 988 3953 degentes
1013 3883 1194 3958 (Hebr.
1223 3887 1309 3940 11.
1335 3886 1404 3940 56
1429 3916 1498 3925 -
1537 3887 1661 3957 53):
1690 3889 2051 3944 molestiarum

472 3975 612 4030 enim
635 3975 1044 4029 communicatio
1061 3977 1342 4045 quamdam
1371 3977 1530 4046 lapsis
1549 3977 1703 4032 aﬂ'ert
1727 3979 2052 4034 Consolatio-

473 4083 615 4122 nem.
667 4067 817 4135 Quod
859 4081 1034 4122 autem
1072 4077 1128 4124 et
1155 4068 1221 4123 de
1251 4069 1641 4124 resurrectione
1690 4086 1900 4140 quoque
1952 4072 2054 4127 hoc

474 4161 644 4231 ipsum
665 4176 940 4216 sermones
958 4161 1188 4227 inducat,
1223 4162 1342 4217 audi
1361 4162 1606 4217 eumdem
1625 4163 1846 4217 Paulum
1873 4162 2054 4218 dicen-

473 4261 578 4307 tem
607 4271 619 4305 :
651 4251 713 4306 Si
737 4253 1011 4306 secundum
1040 4253 1291 4307 hominem
1318 4269 1435 4307 cum
1453 4253 1572 4322 [eris
1601 4255 1818 4325 pugnavi
1837 4252 2050 4325 Ephesi,

471 4345 592 4416 quid
621 4346 743 4398 mihi
773 4345 994 4413 prodest,
1026 4345 1071 4398 si
1095 4345 1276 4398 mortui
1303 4361 1402 4398 non
1425 4355 1691 4415 resurgunt
1778 4345 1800 4417 (
1825 4345 1874 4399 1.
1932 4345 2049 4400 Cor.

475 4437 564 4491 15.
589 4435 718 4497 5‘2)?
747 4436 811 4490 Et
841 4436 1032 4490 iterum
1058 4453 1071 4489 :
1106 4435 1168 4490 Si
1195 4437 1246 4489 in
1277 4437 1371 4488 hac
1407 4438 1506 4489 vita
1532 4445 1723 4489 tantum
1748 4440 1802 4489 in
1854 4435 2053 4490 Christo

473 4538 730 4597 sperantes
751 4545 943 4592 sunms,
968 4529 1350 4583 miserabiliores
1368 4545 1540 4583 sumus
1561 4528 1789 4582 omnibus
1833 4529 2052 4582 homini-

477 4625 566 4677 bus
592 4623 776 4695 (16.ν.
813 4623 922 4694 19).
956 4622 1236 4678 lnnumera
1270 4623 1500 4693 patimur
1527 4623 1664 4676 mala
1696 4622 1748 4676 in
1805 4622 2051 4691 praesenti

475 4716 601 4779 vita,
637 4715 839 4785 inquit:
871 4715 914 4769 si
948 4714 1106 4784 igitur
1133 4729 1238 4769 non
1265 4722 1512 4784 speratur
1537 4715 1702 4769 altera
1733 4712 1872 4777 vita,
1927 4713 2052 4782 quid

475 4809 626 4864 nobis
652 4824 771 4863 esse
793 4809 960 4878 possit
1006 4807 1404 4863 miserabilius?

541 4901 596 4956 9.
675 4901 774 4955 Res
803 4914 988 4956 nostra:
1010 4912 1128 4957 sunt
1154 4903 1306 4974 hujus
1338 4903 1452 4956 vita:
1474 4901 1710 4955 limitibus
1736 4901 2054 4955 circumscri-

475 5003 590 5064 ptae.
613 5022 684 5036 —-
711 4992 861 5050 Unde
887 4993 1220 5049 manifestum
1246 5003 1329 5048 est
1349 5009 1454 5048 non
1473 5007 1594 5048 esse
1620 5006 1707 5047 res
1729 5001 1936 5046 nostras
1963 4991 2060 5045 hu-

471 5086 556 5156 jus
597 5085 694 5140 teri
739 5083 994 5139 limitibus
1042 5083 1492 5154 circumscriptas.
1543 5082 1612 5136 Et
1653 5082 1754 5136 hoc
1795 5082 1959 5151 liquet
1991 5097 2057 5136 ex

476 5179 855 5234 tentationibus
884 5196 896 5232 :
926 5193 1210 5248 numquam
1242 5177 1383 5232 enim
1416 5177 1554 5230 Deus
1597 5183 1864 5244 pateretur
1899 5181 1976 5226 tot
2005 5181 2060 5226 et

475 5273 596 5326 talia
621 5285 808 5342 passos
837 5271 998 5335 mala,
1019 5278 1073 5324 et
1097 5279 1413 5340 praesentem
1443 5270 1603 5324 vitam
1627 5282 1838 5322 omnem
1865 5266 1918 5320 iu
1942 5275 2059 5320 ten-

475 5363 762 5417 tationibus
791 5372 844 5416 et
871 5361 1089 5416 inﬁnitis
1117 5362 1369 5430 degentes
1399 5360 1668 5431 periculis,
1701 5361 1868 5414 multo
1893 5359 2062 5428 majo-

475 5455 624 5511 ribus
653 5471 758 5511 non
787 5455 1116 5511 remunerari
1148 5454 1477 5510 muneribus.
1506 5453 1562 5510 Si
1587 5467 1716 5508 vero
1744 5454 1794 5509 id
1823 5454 1929 5523 pati
1955 5469 2058 5510 non

478 5557 667 5614 potest,
701 5557 905 5604 certum
934 5547 1074 5618 quod
1105 5547 1379 5604 meliorem
1409 5556 1463 5603 et
1489 5547 1826 5603 illustriorem
1856 5548 2060 5617 paravit

480 5642 698 5692 alteram
745 5640 940 5703 vitam,
982 5642 1034 5694 iu
1073 5653 1172 5708 qua
1210 5639 1418 5708 pietatis
1463 5639 1665 5710 pugiles
1708 5653 1965 5694 coronare
2006 5646 2062 5692 et

478 5729 692 5784 laudare
727 5739 838 5784 tcto
859 5730 1016 5785 debet
1041 5731 1170 5786 orbe
1193 5741 1485 5802 spectante.
1519 5732 1696 5801 Itaque
1723 5747 1841 5786 cum
1867 5729 2061 5785 videris

2133 415 2332 484 justum
2359 415 2678 486 angustiari,
2708 416 2902 486 afﬂigi,
2932 417 2984 469 in
3011 413 3404 482 imbecillitate,
3435 420 3727 487 pauperie,

2135 514 2191 559 et
2212 507 2504 562 innumeris
2524 508 2640 562 aliis
2659 509 2909 562 aerumnis
2935 518 3244 576 praesentem
3267 509 3426 564 vitam
3447 510 3723 574 claudere,

2134 595 2221 650 dic
2249 596 2382 650 intra
2413 606 2464 651 te
2491 598 2663 667 ipsum
2691 615 2704 651 :
2730 597 2837 652 Nisi
2864 599 3184 652 resurrectio
3207 608 3348 654 esset
3369 608 3422 655 et
3439 601 3724 670 judicium,

2136 703 2422 758 numquam
2453 690 2593 745 Deus
2625 699 2764 744 tanta
2805 698 3017 758 propter
3046 705 3105 744 se
3135 691 3272 744 tuala
3304 707 3515 760 passum
3536 734 3549 755 ,
3577 692 3730 746 nullo

2139 783 2360 848 potitum
2393 782 2532 836 bono
2561 781 2682 836 hinc
2711 784 2940 850 migrare
2972 782 3299 850 permisisset
3327 799 3340 835 :
3371 783 3511 838 unde
3537 794 3686 852 patet
3709 825 3725 847 ,

2137 871 2310 939 ipsum
2340 872 2560 925 alteram
2603 873 2682 926 eis
2724 873 2883 925 vitam
2932 873 3182 941 praesenti
3217 873 3586 942 jucundioretu
3611 915 3626 937 ,
3673 883 3732 928 et

2135 965 2304 1018 multo
2356 965 2630 1020 meliorem
2687 981 2893 1034 parare.
2947 965 3060 1019 Nisi
3086 966 3227 1020 enim
3255 967 3354 1021 hoc
3380 975 3540 1030 esset,
3569 983 3731 1020 num-

2135 1071 2292 1125 quam
2323 1056 2532 1110 sivisset
2567 1055 2836 1125 improbos
2863 1055 3075 1125 quidem
3115 1056 3308 1111 multos
3353 1073 3446 1125 per
3480 1057 3614 1112 hanc
3645 1059 3731 1110 vi—

2139 1154 2243 1199 tam
2267 1146 2518 1216 gaudere,
2537 1141 2800 1216 jusiorum
2822 1161 2951 1200 vero
2972 1146 3166 1200 multos
3193 1146 3242 1200 in
3268 1147 3503 1216 plurimis
3526 1163 3731 1202 atrum-

2141 1237 2222 1290 nis
2266 1239 2504 1300 versari;
2546 1237 2638 1291 sed
2677 1237 2927 1306 quoniam
2971 1246 3319 1306 pra-paratum
3356 1247 3439 1291 est
3472 1240 3730 1292 stt-culum

2138 1320 2299 1384 aliud,
2327 1321 2376 1374 iu
2403 1336 2509 1391 quo
2535 1321 2823 1375 secundum
2851 1320 3120 1387 meritum,
3148 1320 3270 1374 huic
3293 1322 3501 1390 quidem
3524 1322 3732 1391 impro-

2140 1413 2317 1467 bitatis
2339 1453 2353 1474 ,
2382 1415 2456 1467 illi
2492 1428 2617 1469 vero
2646 1415 2858 1468 virtutis
2883 1414 3097 1484 praemia
3125 1413 3348 1468 reddere
3373 1414 3531 1469 debet
3559 1434 3572 1468 :
3603 1417 3732 1470 ideo

2140 1508 2270 1562 sinit
2295 1508 2434 1562 hunc
2454 1507 2668 1578 quidem
2699 1508 2879 1577 afﬂigi,
2908 1507 3054 1573 illum
3084 1524 3208 1561 vero
3230 1507 3434 1562 deliciis
3457 1509 3730 1563 difﬂuere.

2139 1601 2335 1657 Verum
2362 1611 2415 1656 et
2435 1602 2590 1656 aliam
2615 1617 2676 1656 ex
2703 1600 2989 1670 Scripturis
3015 1615 3228 1655 causam
3253 1599 3445 1655 all‘erre
3469 1601 3729 1656 conabor.

2140 1691 2321 1758 Qualis
2345 1708 2470 1747 vero
2495 1693 2609 1746 haec
2631 1691 2751 1746 est?
2780 1691 2856 1746 Ne
2882 1691 3118 1745 dicamus
3145 1706 3241 1744 nos
3268 1691 3332 1744 ad
3356 1692 3597 1745 eamdem
3619 1693 3734 1745 vir-

2143 1795 2308 1842 tutetn
2346 1786 2569 1848 invitati,
2601 1785 2822 1838 alterius
2852 1794 3053 1838 naturae
3082 1784 3361 1852 participes
3392 1784 3506 1837 illos
3538 1783 3730 1848 fuisse,

2142 1886 2232 1932 aut
2258 1877 2502 1930 homines
2528 1890 2632 1929 non
2659 1876 2840 1929 fuisse.
2893 1861 3094 1928 Idcirco
3141 1873 3354 1944 quidam
3405 1873 3474 1928 de
3525 1889 3728 1942 magno

2144 1967 2365 2036 loquens
2395 1966 2565 2031 Helia,
2591 1966 2670 2021 sic
2695 1966 2864 2036 inquit
2891 1982 2904 2018 :
2939 1964 3113 2018 Helias
3141 1965 3290 2017 homo
3318 1975 3426 2019 erat
3454 1966 3505 2018 in
3532 1965 3736 2034 passio-

2143 2058 2288 2112 nibus
2312 2058 2489 2113 similis
2515 2057 2656 2111 nobis
2682 2055 2883 2126 (Iacob.
2909 2057 3092 2124 5.17).
3121 2055 3279 2110 Vides
3301 2055 3438 2124 quod
3467 2072 3494 2107 a
3527 2056 3737 2123 passio-

2146 2163 2272 2201 num
2318 2147 2692 2202 communione
2730 2147 3060 2201 demonstrat
3103 2147 3274 2215 ipsum
3314 2147 3578 2200 hominem
3609 2160 3737 2200 esse

2145 2247 2202 2292 ut
2233 2241 2367 2293 nos?
2398 2239 2463 2293 Et
2487 2239 2677 2293 iterum
2709 2255 2721 2291 :
2752 2237 2951 2291 Etenim
2981 2255 3071 2308 ego
3100 2239 3248 2291 homo
3276 2255 3388 2292 sum
3417 2239 3467 2291 in
3493 2239 3738 2309 patiendo

2143 2329 2280 2382 vobis
2305 2329 2483 2382 similis
2510 2329 2528 2399 (
2553 2329 2783 2399 Sapient.
2815 2329 2867 2382 7.
2898 2330 2922 2383 1
2949 2328 2988 2398 ).
3023 2329 3089 2382 Et
3119 2329 3218 2382 hoc
3245 2340 3448 2383 natura:
3486 2345 3735 2397 commu-

2147 2426 2359 2480 nionem
2382 2425 2626 2494 spondet.
2655 2424 2720 2479 Ut
2738 2433 2913 2478 autem
2937 2424 3111 2478 discas
3135 2439 3256 2477 eum
3279 2423 3368 2477 hic
3387 2422 3578 2478 docere
3596 2437 3738 2491 quos

2147 2525 2389 2586 oporteat
2416 2525 2600 2586 putare
2628 2517 2830 2579 beatos,
2857 2514 2907 2568 id
2935 2514 3057 2568 inde
3081 2513 3282 2567 clarum
3307 2523 3389 2568 est
3412 2530 3425 2567 :
3447 2529 3567 2568 cum
3587 2515 3735 2567 enim

2147 2606 2378 2662 audieris
2419 2606 2637 2660 Paulum
2680 2605 2978 2670 dicentem,
3013 2602 3181 2674 Usque
3208 2605 3261 2657 in
3300 2605 3430 2657 hanc
3471 2604 3648 2657 horam
3683 2614 3738 2658 et

2149 2701 2413 2767 esurimus,
2443 2709 2488 2752 et
2515 2699 2730 2763 sitimus,
2750 2709 2795 2751 et
2824 2697 2948 2750 nudi
2976 2713 3170 2760 sumus,
3197 2706 3240 2750 et
3265 2697 3666 2764 colaphizamur,
3684 2706 3739 2749 et

2150 2792 2404 2846 instabiles
2430 2808 2622 2853 sumus,
2641 2799 2687 2844 et
2714 2788 3000 2844 laboramus
3022 2788 3082 2856 (Ι.
3104 2786 3222 2842 Cor.
3239 2787 3397 2858 4.11)
3421 2804 3438 2854 ;
3463 2797 3536 2854 et,
3571 2787 3739 2854 Quem

2150 2885 2314 2955 diligit
2333 2882 2603 2945 Dominus,
2631 2882 2841 2951 castigat
2865 2897 2883 2935 .'
2906 2881 3134 2951 ﬂagellat
3158 2889 3324 2933 autem
3351 2895 3548 2933 omnem
3569 2879 3740 2947 ﬁlium

2149 2992 2294 3048 quem
2322 2975 2527 3043 suscipit
2561 2971 2740 3044 (Hebr.
2774 2971 2856 3024 12.
2888 2971 2980 3038 6);
3012 2980 3217 3023 certum
3247 2977 3330 3023 est
3356 2984 3473 3032 nos,
3507 2983 3611 3020 non
3637 2981 3741 3020 eos

2151 3069 2240 3138 qui
2271 3069 2322 3122 itt
2351 3071 2528 3137 quiete
2555 3067 2774 3136 degunt,
2803 3064 2894 3119 sed
2926 3079 3019 3118 eos
3047 3063 3134 3133 qui
3169 3069 3384 3131 propter
3411 3061 3576 3115 Deum
3600 3058 3740 3112 afﬂi-

2152 3171 2348 3233 guntur
2389 3167 2444 3215 et
2486 3167 2748 3213 vexantur
2775 3199 2789 3222 ,
2835 3156 3033 3226 quique
3074 3157 3323 3209 virtutem
3375 3152 3739 3221 pietatemque

2151 3251 2335 3307 colunt
2359 3249 2663 3304 laudaturos
2684 3258 2736 3302 et
2757 3247 3102 3300 :cmulaturos
3122 3259 3264 3298 esse.
3298 3239 3387 3296 Sic
3399 3247 3453 3294 et
3467 3240 3736 3310 Propheta

2153 3342 2282 3398 dicit
2311 3360 2322 3394 :
2357 3340 2577 3395 Dextera
2605 3339 2829 3408 ipsorum
2855 3337 3060 3390 dextera
3089 3333 3388 3404 iniquitatis,
3416 3333 3537 3401 ﬁlia:
3563 3347 3741 3384 eorum

2154 3434 2462 3504 compositte,
2495 3433 2910 3494 circuntoruatte,
2937 3438 2991 3481 ut
3016 3425 3294 3481 similitudo
3323 3423 3515 3492 templi.
3553 3421 3740 3474 Prom-

2156 3528 2356 3600 ptuaria
2394 3543 2567 3581 eorum
2595 3526 2742 3595 plena
2766 3565 2781 3588 ,
2810 3522 3093 3577 eructantia
3121 3537 3182 3574 ex
3208 3522 3302 3573 hoc
3339 3521 3390 3572 in
3419 3518 3548 3573 illud
3575 3532 3595 3571 :
3621 3533 3741 3570 oves

2155 3637 2328 3676 eorum
2359 3624 2532 3692 fetoste
2551 3659 2565 3680 ,
2595 3615 2907 3670 abundantes
2931 3615 2984 3668 in
3013 3613 3290 3683 egressibus
3313 3612 3418 3665 suis
3441 3651 3456 3674 ,
3482 3610 3627 3663 boves
3652 3627 3742 3663 eo-

2155 3729 2267 3764 rum
2303 3725 2504 3764 crassaa.
2539 3707 2660 3761 Non
2690 3715 2758 3760 est
2787 3707 2937 3759 ruina
2963 3704 3193 3758 maceria:
3219 3744 3235 3768 ,
3265 3719 3420 3772 neque
3455 3701 3695 3755 transitus
3717 3741 3739 3766 ,

2156 3817 2312 3872 neque
2349 3801 2538 3853 clamor
2568 3799 2620 3850 in
2646 3796 2823 3866 plateis
2847 3810 3038 3848 eorum.
3083 3792 3292 3846 Beatum
3315 3793 3549 3845 dixerunt
3577 3807 3743 3862 pOpu-

2158 3894 2266 3946 lum
2288 3892 2370 3949 cui
2399 3890 2506 3944 haec
2539 3898 2653 3943 sunt
2706 3887 2723 3960 (
2753 3886 2893 3940 Psal.
2927 3886 3048 3940 145.
3080 3884 3250 3938 11-15
3276 3883 3312 3954 ).
3348 3887 3428 3942 Tu
3452 3900 3578 3941 vero
3602 3885 3743 3938 l’ro-

2159 3984 2318 4054 pheta
2347 3981 2474 4052 quid
2498 3981 2667 4036 dicis?
2695 3979 2881 4032 Beatus
2899 4017 2915 4043 ,
2948 3975 3150 4044 inquit,
3184 3975 3430 4044 papulas,
3457 3975 3604 4043 cujus
3639 3973 3745 4027 Do-

2157 4077 2322 4130 minus
2351 4075 2484 4128 Deus
2513 4075 2620 4142 ejus
2648 4069 2797 4144 (lb.v
2817 4108 2830 4121 .
2858 4069 2972 4136 15).
3003 4066 3118 4120 Νοη
3147 4066 3384 4136 pecuniis
3407 4065 3743 4132 afﬂuentem,

2157 4167 2254 4223 sed
2287 4168 2480 4237 pietate
2505 4174 2749 4218 ornatum
2771 4201 2787 4225 ,
2818 4160 2957 4214 hunc
2983 4173 3080 4228 ego
3110 4157 3322 4213 beatum
3349 4165 3497 4226 puto,
3533 4155 3704 4226 inquit
3722 4197 3742 4218 ,

2157 4257 2257 4314 etsi
2288 4260 2565 4311 innumera
2588 4253 2814 4323 patiatur
2834 4251 2992 4306 mala.
3020 4251 3074 4306 Si
3097 4264 3224 4305 vero
3243 4257 3453 4318 Oportet
3471 4258 3524 4303 et
3545 4264 3741 4302 nonam

2158 4352 2334 4406 dicere
2363 4362 2576 4403 causam
2597 4389 2612 4412 ,
2644 4344 2774 4400 illud
2802 4343 2998 4399 addere
3025 4357 3302 4412 possemus
3326 4381 3340 4405 ,
3371 4340 3510 4410 quod
3547 4341 3746 4410 proba-

2160 4445 2322 4498 tiores
2349 4440 2617 4496 tribulatio
2656 4437 2810 4491 faciat
2835 4435 3133 4489 tribulatos.
3179 4432 3457 4487 Tribulatio
3485 4432 3621 4485 enim
3649 4448 3743 4500 pa-

2159 4535 2383 4589 tientiam
2411 4539 2649 4601 aperatur
2670 4570 2685 4594 ,
2713 4527 2952 4600 patientia
2977 4541 3091 4580 vero
3117 4524 3456 4596 probationem
3474 4564 3489 4584 ,
3517 4523 3747 4592 probatio

2161 4637 2328 4680 autem
2355 4641 2492 4694 spent
2515 4665 2529 4687 ,
2561 4638 2673 4691 spes
2698 4637 2812 4674 vero
2838 4635 2937 4673 non
2963 4617 3227 4688 confundit
3253 4614 3426 4685 (Rom.
3452 4615 3505 4670 5.
3535 4615 3744 4685 3—5).

2163 4717 2324 4772 Vides
2351 4714 2490 4785 quod
2520 4729 2587 4767 ex
2624 4711 2962 4787 tribulatione
2989 4708 3232 4777 probatio
3260 4705 3556 4760 futurorum
3593 4719 3745 4774 spem

2167 4809 2320 4863 nobis
2344 4805 2531 4861 allerat
2555 4846 2570 4870 ,
2602 4814 2654 4857 et
2682 4805 2733 4856 in
2765 4800 3140 4856 tentationibus
3171 4812 3384 4852 manere
3410 4839 3425 4862 ,
3456 4797 3523 4851 de
3557 4797 3748 4851 futuris

2164 4903 2300 4956 bene
2327 4913 2543 4968 sperare
2572 4896 2764 4951 faciat?
2793 4895 2972 4963 Itaque
2996 4907 3102 4947 non
3132 4900 3333 4947 temere
3356 4889 3620 4955 dicebam,
3649 4889 3747 4944 has

2165 4991 2533 5048 tribulationes
2561 4987 2964 5044 resurrectionis
2997 5000 3147 5055 spem
3179 4985 3330 5040 nobis
3360 4983 3660 5053 designare,
3692 4994 3747 5037 et

2164 5092 2382 5139 vexatos
2420 5082 2666 5136 meliores
2693 5078 2927 5134 efficere.
2961 5074 3420 5145 Quemadmodum
3447 5074 3626 5138 enim,
3660 5074 3746 5130 iu-

2165 5177 2311 5245 quit,
2339 5175 2392 5228 in
2421 5172 2635 5228 fornace
2660 5185 2845 5225 aurum
2875 5169 3208 5225 examinatur
3227 5209 3242 5232 ,
3273 5167 3351 5222 sic
3381 5175 3435 5222 et
3463 5166 3626 5220 homo
3651 5181 3743 5219 ac-

2166 5275 2351 5338 ceptus
2373 5266 2423 5320 in
2446 5262 2823 5320 humiliationis
2844 5261 3053 5316 camino
3075 5259 3258 5329 (Eccli.
3276 5257 3332 5312 2.
3357 5256 3433 5328 5).
3459 5257 3752 5312 Possumus

2166 5370 2221 5415 et
2246 5359 2512 5418 decimam
2534 5355 2710 5413 dicere
2731 5368 2965 5408 causam.
2995 5353 3214 5420 Qualem
3235 5366 3362 5405 vero
3383 5350 3552 5404 hanc?
3577 5349 3748 5416 Quam

2166 5462 2220 5508 et
2237 5453 2347 5520 jam
2370 5448 2563 5519 saepius
2583 5446 2692 5501 dixi
2711 5445 2954 5514 superius
2971 5485 2985 5509 ,
3007 5443 3150 5514 quod
3173 5443 3214 5497 si
3237 5443 3442 5512 aliquas
3458 5441 3751 5497 habeamus

2168 5541 2422 5606 maculas,
2447 5546 2501 5594 et
2522 5536 2607 5592 hic
2626 5550 2718 5592 eas
2742 5535 3090 5605 deponemus.
3119 5534 3184 5588 Et
3205 5533 3305 5589 hoc
3330 5533 3626 5602 patriarcha
3650 5529 3751 5586 de-

2168 5636 2374 5689 clarans
2411 5629 2479 5686 ad
2511 5629 2726 5684 divitem
2754 5627 2963 5681 dicebat
2993 5644 3005 5678 :
3037 5625 3285 5695 quoniam
3317 5623 3539 5677 Lazarus
3565 5623 3755 5684 recepit

2169 5743 2264 5781 sua
2291 5723 2425 5779 mala
2452 5765 2467 5790 ,
2499 5722 2631 5776 unde
2660 5720 3047 5774 consolationem
3077 5717 3259 5786 accipit
3290 5717 3308 5786 (
3337 5715 3461 5769 Luc.
3497 5715 3580 5770 1'5.
3613 5714 3683 5770 25
3703 5717 3750 5785 3.
