3932 6222
167 370 246 425 2'1
1240 362 1328 416 AD
1369 359 1694 418 I’OI’ULUM
1734 357 2234 415 ANTIUCIIENUM
2272 351 2505 414 IIOMIL.
2551 360 2590 414 I.
3585 365 3654 418 ‘18

166 482 500 554 στεφανίτην
527 481 752 535 ἐκεῖνον.
785 479 998 550 Ὥσπερ
1028 477 1137 549 γάρ
1161 477 1331 548 ἔφθην
1349 477 1539 544 εἰπὼν,
1564 478 1662 548 οὐχ
1685 475 1858 539 οὕτως

167 571 424 641 ἐφαίνετο
467 571 579 632 τοῖς
611 567 920 639 ἀνθρώποις
941 566 1120 620 πάντα
1150 566 1241 619 τὸν
1272 566 1502 619 πλοῦτον
1537 563 1864 638 περιϐεϐλη-

172 659 337 728 μένος
377 658 617 719 ἐκεῖνον,
651 655 727 719 ὡς
769 657 858 708 ὅτε
914 653 1164 724 καθάπερ
1203 654 1416 723 ἱμάτιον
1461 651 1621 723 ῥίψας
1665 651 1858 716 αὐτὸν,

168 744 379 815 γυμνὸς
406 742 641 813 ἐδείχθη,
669 741 859 814 ὥσπερ
883 743 940 794 ἐν
966 740 1178 813 θεάτρῳ
1201 753 1249 804 α,
1281 741 1419 812 μέσῃ
1450 743 1515 811 τῇ
1543 739 1859 811 οἰκουμένῃ,

168 834 270 887 καὶ
302 832 502 896 πάντες
534 829 698 884 αὑτοῦ
728 829 826 901 τὴν
853 829 1066 896 εὐεξίαν
1099 831 1198 901 τῆς
1226 829 1407 900 ψυχῆς
1446 827 1857 899 ἐξεπλάγησαν·

170 921 275 974 οὐκ
325 920 431 973 ἀπὸ
458 920 558 990 τῆς
600 917 935 990 γυμνὼσεως
982 918 1038 971 δὲ
1074 917 1234 989 μόνον
1276 917 1568 982 ἐδείκνυτο,
1604 916 1742 970 ἀλλά
1769 917 1864 970 καὶ

171 1009 283 1063 ἀπὸ
304 1009 405 1078 τῆς
433 1007 610 1078 πάλης
641 1009 737 1061 καὶ
764 1008 864 1078 τῆς
901 1005 1042 1060 κατά
1074 1006 1170 1076 τὴν
1204 1007 1518 1077 ἀρρωστίαν
1559 1004 1858 1075 ὑπομονῆς.

250 1097 459 1165 Ὠσπερ
485 1096 594 1165 γάρ
619 1094 789 1165 ἔφθην
835 1094 1024 1156 είπὼν,
1059 1094 1158 1147 ούκ
1185 1094 1349 1158 αὐτὸς
1397 1095 1559 1147 αὑτὸν
1592 1092 1862 1158 ἐπάταξεν

171 1182 203 1235 ὁ
226 1181 374 1246 Θεὸς,
403 1182 490 1236 ἴνα
519 1183 596 1252 μὴ
619 1182 782 1236 πάλιν
808 1183 836 1234 6
857 1181 1101 1245 διάϐολος
1119 1180 1272 1252 λέγῃ,
1295 1181 1375 1234 ὅτι
1399 1180 1621 1248 ἐφείσω,
1646 1181 1738 1234 καὶ
1765 1181 1864 1253 οὐχ

169 1270 298 1322 ὅσον
325 1268 451 1336 ἔδει,
472 1268 722 1322 τοσοῦτον
744 1270 1022 1340 ἐπήγαγες
1047 1267 1347 1339 πειρασμόν
1366 1283 1381 1298 ο
1413 1267 1529 1321 ἀλλ’
1549 1266 1698 1338 αὐτῷ
1724 1285 1865 1338 παρ-

173 1355 347 1409 έδωκε
381 1356 462 1427 τῷ
491 1351 723 1427 διαϐόλῳ
765 1355 861 1410 καί⁵
904 1357 1003 1426 τὴν
1035 1355 1143 1408 τῶν
1179 1355 1510 1426 θρεμμάτων
1561 1354 1860 1418 ἀπώλειαν,

173 1444 274 1496 καὶ
299 1444 400 1514 τὴν
426 1444 525 1514 τῆς
559 1444 761 1515 σαρκὸς
790 1443 1060 1509 ἐξουσίαν.
1094 1443 1294 1516 Θαρῤῶ
1321 1444 1403 1515 τῷ
1433 1443 1660 1515 ἀθλητῇ,
1693 1444 1860 1513 φησί’

171 1530 266 1586 διά
289 1531 450 1585 τοῦτο
478 1532 538 1584 ού
567 1529 760 1585 κωλύω
789 1533 1160 1604 προσαγαγεῖν
1184 1532 1334 1603 αὐτῷ
1365 1533 1465 1586 ὅσα
1487 1534 1554 1586 ἀν
1574 1531 1734 1604 θέλῃς
1759 1548 1864 1586 πα·

171 1619 476 1690 λαίσματα.
517 1620 676 1673 Ἀλλά
705 1619 959 1692 καθάπερ
986 1622 1036 1674 οἰ
1061 1621 1272 1692 δόκιμοι
1295 1621 1405 1674 τῶν
1428 1621 1741 1675 παλαιστῶν
1770 1624 1864 1676 καὶ

173 1709 243 1778 τῇ
283 1707 450 1780 τέχνῃ
481 1709 575 1760 καὶ
610 1711 676 1779 τῇ
720 1707 880 1781 ῥώμῃ
921 1709 1018 1762 τοῦ
1055 1709 1306 1780 σώματος
1353 1711 1578 1784 θαρρεῖν
1625 1710 1860 1781 ἔχοντες,

171 1796 279 1848 οὐκ
315 1795 481 1866 όρθοί-
505 1797 906 1866 συμπλέκονται
946 1799 1059 1861 τοῖς
1105 1800 1534 1867 ἀνταγωνισταῖς
1579 1798 1862 1862 πολλάκις,

173 1883 302 1936 οὐδὲ
337 1883 394 1950 ἐξ
434 1883 576 1953 ίσης,
621 1883 759 1938 άλλά
799 1885 1001 1956 μέσους
1042 1887 1266 1950 ἑαυτοὺς
1312 1887 1609 1959 παρέχουσι
1641 1888 1668 1928 b
1697 1903 1865 1940 κατα-

177 1973 332 2040 σχεῖν
360 1970 609 2035 ἐκείνοις,
635 1970 775 2024 ὥστε
795 1972 1181 2044 λαμπροτέραν
1203 1975 1529 2045 ποιήσασθαι
1556 1979 1656 2047 τὴν
1682 1974 1860 2043 νίκην·

173 2053 327 2108 οὓτω
358 2057 452 2109 καὶ
482 2059 509 2110 6
537 2057 670 2122 Θεὸς
703 2057 866 2128 μέσον
889 2059 1056 2113 ἔδωκε
1097 2058 1176 2130 τῷ
1195 2059 1428 2131 διαϐόλῳ
1456 2063 1746 2131 κατασχεῖν
1773 2060 1865 2113 τὸν

176 2142 359 2210 ἆγιον,
391 2143 479 2197 ἵνα
509 2144 639 2197 ὅταν
673 2145 836 2199 αὐτοῦ
866 2146 1004 2217 μετὰ
1039 2147 1137 2218 τὴν
1165 2147 1434 2214 τοσαύτην
1467 2149 1565 2218 τῆς
1592 2149 1865 2220 συμϐολῆς

177 2233 496 2299 πλεονεξίαν
525 2236 794 2308 κρατήσῃ,
827 2237 919 2290 καὶ
949 2237 1041 2290 ἐπὶ
1071 2238 1170 2304 τῆς
1208 2239 1314 2309 γῆς
1349 2239 1584 2312 ἐκτείνῃ,
1612 2240 1864 2310 λαμπρός-

175 2338 340 2392 τερος
363 2323 390 2376 6
417 2321 676 2391 στέφανος
703 2324 944 2394 γένηται.
967 2325 1202 2396 Χρυσίον
1229 2327 1346 2378 ἐστὶ
1365 2325 1612 2396 δόκιμονο
1645 2327 1719 2390 ὡς
1745 2328 1864 2398 βού-

175 2409 264 2461 λει
308 2409 631 2480 δοκίμασον,
671 2412 746 2474 ὡς
791 2411 970 2482 βούλει
1008 2413 1318 2482 βασάνισον,
1371 2416 1470 2485 ούχ
1513 2415 1762 2486 εὑρήσεις
1806 2419 1864 2470 ἐν

177 2497 336 2568 αὐτῷ
374 2498 588 2568 κηλῖδα.
617 2501 690 2554 Οὐ
725 2501 824 2573 τὴν
863 2503 1067 2574 ἐτέρων
1097 2503 1154 2556 δέ
1190 2505 1320 2575 ἡμῖν
1350 2505 1597 2577 ἀνδρείαν
1628 2506 1864 2560 δείκνυσι

183 2587 370 2654 μόνον,
422 2586 558 2640 ἀλλά
601 2589 693 2641 καὶ
721 2588 914 2658 ἐτέθραν
943 2591 1297 2662 παραμυθίαν
1334 2603 1356 2630 ο
1386 2593 1600 2658 κομίζει
1640 2594 1861 2666 πολλήν.

179 2672 252 2724 Τί
265 2671 376 2746 γάρ
394 2689 555 2744 φησιν
571 2677 599 2726 6
613 2675 845 2746 Χριστός
862 2694 876 2741 ;
918 2676 1209 2746 Μακάριοί
1227 2676 1343 2750 [15]
1377 2679 1537 2743 ἐστε,
1559 2680 1704 2734 ὅταν
1716 2683 1866 2736 όνει-

177 2760 442 2814 δίσωσιν
486 2761 640 2832 ὑμᾶς
701 2763 1017 2832 ἄνθρωποι.
1078 2767 1174 2820 καὶ
1220 2767 1493 2833 διώξωσι,
1527 2771 1624 2824 καὶ
1654 2770 1867 2825 εἴπωσι

177 2845 310 2900 πᾶν
349 2849 617 2916 πονηρὸν
653 2848 820 2918 ῥῆμα
854 2854 984 2906 καθ’
1027 2853 1196 2922 ὑμῶν
1231 2856 1614 2924 ψευδόμενοι,
1657 2857 1867 2911 ἕνεκεν

176 2935 333 3003 ἐμοῦ
363 2936 415 2975 ιι·
482 2938 714 3006 χαίρετε
746 2938 845 2992 καί
871 2941 1262 3010 ἀγαλλιᾶσθε,
1295 2945 1382 2997 ὅτι
1416 2947 1449 2999 ό
1466 2945 1685 3013 μισθὸς
1703 2944 1868 3013 ὑμῶν

180 3023 386 3090 πολὺς
409 3023 481 3077 ἐν
511 3025 635 3092 τοῖς
666 3027 944 3094 οὐρανοῖς
964 3044 976 3058 ·
1009 3028 1164 3083 οὔτω
1186 3031 1294 3099 γὰρ
1329 3031 1578 3085 ἐποίουν
1615 3033 1712 3084 καὶ
1742 3032 1867 3099 τοῖς

184 3113 524 3180 προφήταις
546 3115 600 3166 οι
626 3113 875 3184 πατέρες
897 3116 1115 3170 αὐτῶν.
1139 3119 1248 3171 Καὶ
1270 3118 1432 3172 πάλιν
1458 3121 1486 3173 6
1507 3118 1718 3182 Παῦλος
1742 3118 1867 3189 βου-

181 3198 415 3267 λόμενος
443 3200 946 3272 παραμυθήσασθαι
977 3205 1103 3266 τοὺς
1138 3205 1477 3270 Μακεδόνας,
1511 3207 1699 3276 Ὑμεῖς
1731 3207 1864 3276 γὰρ,

184 3287 347 3356 φησὶ,
391 3287 636 3354 μιμηταί
674 3288 997 3357 ἐγενήθητε
1039 3290 1287 3360 ἀδελφοὶ
1335 3291 1452 3345 τῶν
1501 3294 1868 3361 Ἐκκλησιῶν

184 3373 295 3427 τοῦ
341 3373 490 3427 Θεοῦ
535 3373 653 3427 τῶν
697 3373 900 3430 οὐσῶν
935 3377 1004 3429 ἐν
1041 3376 1116 3445 τῇ
1165 3374 1434 3447 Ἰουδαίᾳ,
1473 3379 1559 3433 ὅτι
1606 3382 1679 3435 τὰ
1715 3381 1868 3436 αὐτὰ

183 3461 436 3516 ἐπάθετε
459 3461 556 3515 καί
584 3463 752 3531 ὑμεῖς
771 3465 888 3518 ὑπὸ
917 3463 1036 3518 τῶν
1057 3465 1220 3519 ίδίων
1240 3468 1658 3538 συμφυλετῶν,
1688 3469 1870 3524 καθά-

185 3565 301 3616 περ
340 3549 601 3604 κάκεῖνοι
639 3551 759 3605 ὑπὸ
792 3552 912 3604 τῶν
945 3553 1257 3608 Ἰουδαίων.
1306 3557 1416 3609 Καὶ
1449 3557 1734 3628 Ἐϐραίους
1771 3559 1869 3612 πά-

185 3636 272 3688 λιν
313 3635 454 3688 οὓτω
481 3637 805 3708 παρακαλεῖ,
850 3639 1168 3709 καταλέγων
1197 3641 1322 3705 τοὺς
1353 3643 1594 3707 δικαίους
1623 3645 1868 3711 ἅπαντας

184 3722 317 3786 τοὺς
347 3724 404 3775 ἐν
431 3724 699 3794 καμίνοις,
728 3727 854 3788 τοὺς
877 3728 934 3779 ἐν
959 3727 1204 3794 λάκκοις,
1232 3731 1357 3793 τοὺς
1383 3733 1440 3783 ἐν
1469 3732 1716 3803 ἐρήμοις,
1741 3736 1867 3798 τοὺς

187 3811 248 3861 ἐν
277 3810 451 3880 δρεσι,
482 3812 606 3874 τοὺς
635 3813 692 3864 ἐν
721 3812 1028 3883 σπηλαίοις,
1053 3817 1179 3880 τοὺς
1208 3817 1267 3868 ἐν
1305 3816 1470 3889 λιμῷ,
1501 3821 1627 3883 τοὺς
1661 3821 1718 3872 ἐν
1749 3838 1869 3873 στε-

187 3897 428 3969 νοχωρίᾳ
459 3897 776 3966 διάγοντας·
813 3903 846 3971 ἡ
903 3902 1010 3973 γὰρ
1045 3905 1300 3957 κοινωνία
1337 3905 1445 3958 τῶν
1487 3907 1672 3960 παθῶν
1712 3907 1867 3979 φέρει

187 3985 315 4038 τινὰ
352 3985 704 4056 παραμυθίαν
733 3990 845 4052 τοῖς
870 3985 1318 4045 ἐκπεπτωκόσιν.
1357 3993 1481 4047 Ὅτι
1516 3994 1573 4047 δὲ
1613 3995 1705 4048 καὶ
1743 3996 1868 4054 τοὺς

191 4075 324 4145 περὶ
365 4076 712 4141 ἀναστάσεως
739 4076 901 4131 πάλιν
940 4077 1101 4132 τοῦτο
1139 4080 1349 4148 εἰσάγει
1393 4079 1601 4149 λόγους,
1637 4082 1866 4136 ἄκουσον

189 4161 359 4216 αὐτοῦ
392 4161 484 4216 τοῦ
511 4162 720 4217 Παύλου
765 4163 1012 4234 λέγοντος
1038 4183 1052 4197 °
1092 4169 1164 4221 El
1199 4168 1350 4222 κατά
1380 4169 1690 4238 ἄνθρωπον
1731 4172 1866 4240 ἐθη-

181 4250 533 4319 ριομάχησα
578 4253 648 4305 ἐν
684 4253 926 4322 Ἐφέσῳ,
975 4254 1035 4307 τί
1064 4273 1166 4324 μοι
1204 4255 1271 4309 τὸ
1302 4255 1540 4326 ὄφελος,
1574 4260 1628 4312 εί
1668 4260 1866 4328 νεκροί

188 4339 306 4390 οὐκ
335 4338 694 4406 ἐγείρονται;
725 4341 834 4394 Καὶ
856 4340 1036 4407 πάλιν,
1062 4345 1131 4396 El
1155 4343 1226 4395 ἐν
1245 4341 1320 4410 τῇ
1346 4341 1457 4411 ζωῇ
1479 4345 1665 4412 ταύτῃ
1692 4346 1821 4414 ήλπ
1843 4377 1870 4387 -

190 4425 369 4491 κότες
399 4425 588 4494 ἐσμὲν
619 4427 690 4480 ἐν
719 4428 950 4495 Χριστῷ
976 4430 1188 4498 μόνον,
1214 4430 1599 4499 ἐλεεινότεροι
1628 4431 1870 4486 πάντων

191 4510 930 4586 ἀνθριῦετωνέσμέηΜυρία
955 4516 1236 4587 πάσχομεν
1267 4516 1417 4570 δεινά
1443 4517 1582 4571 κατά
1612 4519 1704 4571 τὸν
1734 4537 1870 4592 παρ-

190 4599 322 4652 όντα
361 4599 493 4670 βίον,
529 4601 728 4672 φησίνο
789 4604 837 4655 εἰ
863 4602 1044 4656 τοίνυν
1087 4604 1186 4656 ούκ
1223 4602 1370 4657 ἐστιν
1409 4603 1627 4659 ἐλπίσαι
1674 4607 1867 4679 ἑτέραν

194 4683 363 4756 ζωὴν,
395 4687 447 4739 τί
477 4687 669 4755 γένοιτ’
708 4687 774 4741 ἂν
805 4687 960 4758 ἡμῶν
997 4687 1360 4761 ἀθλιώτερονς

265 4774 330 4828 θ’.
351 4775 512 4828 Ὅθεν
537 4775 712 4845 δῆλον,
748 4776 829 4828 ὅτι
860 4777 919 4829 ού
955 4777 1114 4848 μέχρι
1145 4777 1240 4831 τοῦ
1283 4778 1548 4850 παρόντος
1566 4779 1764 4852 ἔστηκε
1801 4781 1870 4835 τά

195 4862 440 4933 ἡμέτερα
461 4878 476 4894 ο
505 4864 599 4917 καὶ
623 4862 778 4915 τοῦτο
813 4862 970 4934 δῆλον
999 4865 1108 4919 ἀπὸ
1133 4865 1242 4918 τῶν
1283 4867 1603 4937 πειρασμῶν
1639 4869 1864 4935 γίνεται.

197 4949 274 5000 Οὐ
298 4948 406 5020 γὰρ
431 4948 496 5002 ἄν
525 4966 653 5001 ποτε
683 4950 968 5020 ἀνάσχοιτο
991 4952 1020 5004 6
1041 4951 1174 5016 Θεὸς
1197 4954 1321 5016 τοὺς
1345 4955 1584 5009 τοσαῦτα
1613 4957 1707 5010 καὶ
1723 4957 1868 5027 τηλι-

199 5039 376 5093 καῦτα
395 5038 730 5103 πεπονθότας
752 5041 915 5103 κακά,
938 5042 1030 5095 καὶ⁹
1051 5041 1142 5094 τὸν
1165 5043 1408 5114 παρόντα
1440 5043 1553 5114 βίον
1575 5046 1787 5099 ἅπαντα
1811 5049 1868 5099 ἐν

199 5128 524 5195 πειρασμοῖς
552 5127 645 5180 καὶ
689 5127 903 5199 μυρίοις
936 5128 1221 5197 διάγοντας
1259 5131 1542 5195 κινδύνοις,
1582 5132 1656 5203 μὴ
1690 5133 1868 5204 πολλῷ

201 5211 440 5280 μείζοσιν
465 5213 794 5282 ἀμείψασθαι
820 5214 1048 5284 δωρεαῖς
1067 5231 1081 5246 ⁸
1107 5218 1155 5270 εί
1183 5217 1238 5270 δὲ
1259 5218 1358 5270 οὐκ
1382 5218 1686 5289 ἀνάσχοιτο.
1714 5219 1868 5288 εῠδη-

196 5297 286 5350 λον
314 5298 397 5351 ὅτι
427 5298 620 5369 βελτίω
648 5299 769 5353 τινὰ
806 5301 901 5354 καὶ
933 5299 1316 5374 λαμπροτέραν
1347 5305 1643 5375 ἡτοίμασεν
1673 5305 1866 5377 ἑτέραν

196 5383 363 5454 ζωὴν,
393 5385 515 5438 καθ’
542 5385 608 5458 ἢν
642 5385 822 5456 μέλλει
865 5388 991 5451 τοὺς
1018 5388 1120 5460 τῆς
1159 5389 1440 5454 εὐσεϐείας
1482 5390 1720 5458 ἀθλητὰς
1749 5409 1868 5444 στε-

194 5472 399 5540 φανοῦν
430 5475 524 5527 καὶ
552 5475 969 5546 ἀνακηρύττειν,
999 5478 1097 5548 τῆς
1132 5479 1455 5550 οἰκουμένης
1480 5479 1691 5551 ὁρώσης
1727 5481 1867 5534 άπά-

262 5613 294 5694 :
314 5613 654 5694 Aliquo‘tImss.
681 5615 890 5694 καθάπερ
1206 5617 1563 5694 lbideyASavil.
1593 5623 1643 5666 et
1666 5619 1865 5679 quidam

192 5676 718 5742 masqggtsnmmm.
749 5675 1105 5742 Illfrd‘quidam'
1124 5675 1238 5742 ὅπερ
1262 5696 1306 5740 γ.
1334 5679 1488 5736 ἔφθην.

258 5733 288 5773 δ
310 5736 405 5802 ΑΙΑῆ
425 5733 754 5800 παρεχόμενοι.
785 5733 936 5787 Pauld
980 5747 1090 5799 post
1117 5733 1312 5802 quidain
1354 5733 1469 5788 ωδε.
1503 5745 1586 5797 τῆς
1625 5742 1864 5802 συντονίαιῠ

191 5800 402 5853 πλεονεξ.
1135 5800 1145 5802 ἡ

259 5862 284 5934 ξ
309 5860 602 5934 Αιὶί-έτέροις
621 5859 938 5934 παρίει-ιυθίιξν.⁸
961 5922 991 5934 __
1160 5922 1189 5934 ﬁ
1259 5923 1269 5934 .

194 5982 234 6033 Ε
255 5917 283 5959 δ
309 5919 446 5980 nec,
482 5919 638 5968 ἕνεκεν
668 5917 803 5982 ἐμοῦ,
831 5922 1122 5981 addidimus,
1159 5922 1393 5972 Savilium
1417 5926 1470 5972 et
1507 5920 1567 5970 N.
1595 5920 1652 5971 T.
1681 5926 1858 5973 seculi.

238 5999 338 6035 οιτ.

1971 491 2090 545 σης.
2123 475 2285 527 Ὥστε
2311 475 2440 528 ὅταν
2465 474 2581 548 ἴδῃς
2611 473 2816 528 δίκαιον
2839 477 3169 547 στενοχωρού
3179 495 3357 549 μενον,
3379 479 3657 548 κακούμε-

1970 580 2080 625 νον,
2103 564 2161 616 ἐν
2189 565 2473 634 ἀρρωστία
2505 564 2598 616 καὶ
2633 564 2790 635 πενία
2823 565 2917 618 καὶ
2962 567 3179 636 μυρίοις
3215 567 3424 638 ἑτέροις
3466 568 3656 630 δεινοῖς

1969 650 2061 704 τὸν
2084 651 2325 721 παρόντα
2365 649 2479 719 βίον
2505 649 2906 714 καταλύσαντα,
2943 653 3063 705 εἰπέ
3099 653 3235 724 πρὸς
3259 653 3474 717 ἐαυτὸν,
3497 655 3577 708 ὅτι
3610 658 3657 709 εἰ

1971 735 2046 807 μὴ
2076 737 2374 801 ἀνάστασις
2401 732 2468 806 ἦν
2499 739 2594 792 καὶ
2621 739 2823 809 κρίσις,
2853 741 2954 793 οὐκ
2989 741 3056 794 ἂν
3089 743 3119 794 6
3142 742 3277 806 Θεὸς
3301 743 3394 796 τὸν
3422 741 3657 796 τοσαῦτα

1967 824 2032 877 δι’
2065 826 2228 879 αὑτὸν
2260 825 2570 880 πεπονθότα
2616 827 2764 880 κακά
2796 829 2974 900 ἀφῆκε
3008 830 3236 901 μηδενὸς
3268 830 3656 886 ἀπολαύσαντα

1968 911 2176 980 ἀγαθοῦ
2198 913 2454 966 ἀπελθεῖν
2475 914 2722 968 ἐντεῦθεν
2743 932 2757 946 ·
2783 916 2907 969 ὅθεν
2931 917 3106 982 δῆλον,
3133 921 3216 973 ὅτι
3249 919 3336 972 ἐτέ
3348 935 3445 990 ραν
3476 917 3657 983 αὐτοῖς

1969 999 2237 1070 ἡτοίμασε
2289 999 2434 1072 ζωὴν
2478 1001 2614 1072 ήδίω
2662 1003 2763 1072 τῆς
2804 1004 3090 1077 παρούσης
3135 1006 3232 1060 καὶ
3291 1007 3657 1078 ἀνεκτοτέραν

1969 1086 2170 1157 πολλῷ.
2211 1087 2285 1141 Ού
2325 1089 2434 1159 γὰρ
2467 1089 2554 1152 ἂν,
2583 1091 2631 1143 εἰ
2676 1091 2751 1161 μὴ
2785 1091 2944 1144 τοῦτο
2985 1089 3075 1164 ἦν,
3100 1094 3208 1148 τῶν
3259 1095 3357 1166 μὲν
3400 1094 3658 1165 πονηρῶν

1969 1174 2119 1226 είασε
2148 1174 2376 1239 πολλοὺς
2397 1178 2608 1248 τρυφᾷν
2631 1178 2773 1232 κατά
2795 1179 2885 1231 τὸν
2912 1181 3157 1249 παρόντα
3189 1181 3324 1252 βίον,
3353 1183 3464 1236 τῶν
3491 1183 3550 1236 δέ
3576 1182 3655 1234 διο

1968 1262 2141 1315 καίων
2164 1262 2390 1327 πολλοὺς
2415 1266 2472 1317 ἐν
2505 1265 2720 1335 μυρίοις
2738 1265 2887 1336 ἠφίει
2919 1270 3110 1331 κακοῖς
3126 1283 3142 1297 ⁸
3174 1269 3290 1323 ἀλλ’
3311 1269 3500 1342 ἐπειδὴ
3518 1287 3656 1344 παρ⁸

1968 1349 2294 1404 εσκεύασται
2337 1351 2469 1405 αἰὼν
2505 1352 2713 1424 ἕτερος,
2781 1356 2840 1408 ἐν
2878 1348 2923 1424 ᾧ
2949 1358 3069 1410 κατ’
3109 1355 3265 1422 ἀξίαν
3303 1358 3542 1429 ἑκάστῳ,
3579 1359 3657 1431 τῷ

1972 1438 2070 1507 μέν
2100 1438 2202 1508 τῆς
2239 1439 2525 1510 πονηρίας,
2560 1439 2640 1512 τῷ
2666 1441 2723 1494 δὲ
2749 1442 2847 1514 τῆς
2878 1444 3077 1516 ἀρετῆς
3105 1445 3414 1500 ἀποδιδόναι
3450 1447 3656 1518 μέλλει,

1967 1525 2057 1578 διά
2077 1526 2236 1580 τοῦτο
2256 1528 2510 1598 ἀνέχεται
2537 1530 2628 1583 τὸν
2659 1531 2758 1601 μὲν
2776 1532 3134 1604 κακούμενον,
3158 1535 3249 1590 τὸν
3276 1537 3334 1592 δὲ
3360 1540 3655 1610 τρυφῶντα

1967 1613 2127 1684 ὁρῶν.
2149 1616 2258 1668 Καὶ
2288 1616 2386 1688 τὴν
2415 1617 2608 1689 ἐτέραν
2637 1619 2695 1672 δὲ
2727 1620 2907 1675 αἰτίαν
2938 1623 3046 1676 ἀπὸ
3066 1622 3176 1678 τῶν
3209 1625 3443 1698 Γραφῶν
3474 1645 3656 1700 παρα-

1971 1703 2165 1772 στῆσαι
2194 1703 2550 1775 πειράσομαι.
2579 1706 2716 1760 Ποία
2739 1707 2796 1760 δὲ
2813 1703 2882 1779 ἦν
2912 1709 3052 1780 αὕτη
3073 1729 3088 1777 ;
3107 1712 3180 1764 T6
3203 1713 3277 1784 μὴ
3305 1713 3485 1782 λέγειν
3509 1717 3659 1787 ἡμᾶς

1969 1790 2050 1852 είς
2081 1788 2178 1861 τὴν
2203 1791 2371 1862 αὐτὴν
2398 1793 2600 1864 ἀρετὴν
2629 1795 3178 1868 παρακαλουμένους,
3219 1801 3301 1854 ὃτι
3331 1803 3530 1857 ἐκεῖνοι
3558 1803 3656 1872 φύ-

1972 1891 2110 1939 σεως
2149 1877 2342 1948 ἐτέρας
2373 1882 2651 1950 μετεῖχον,
2680 1881 2713 1952 ἢ
2745 1883 2848 1937 οὐκ
2873 1878 3016 1955 ἦσαν
3043 1886 3340 1958 ἄνθρωποι.
3370 1890 3472 1943 Διά
3499 1890 3658 1944 τοῦτό

1969 1979 2052 2027 τις
2085 1964 2212 2036 περὶ
2250 1965 2344 2019 τοῦ
2382 1968 2620 2037 μεγάλου
2655 1968 3036 2042 διαλεγόμενος
3081 1973 3261 2028 Ἠλίου
3295 1977 3503 2040 ο,οὓτω
3539 1977 3658 2044 πῶς

1971 2067 2156 2120 φησιν,
2175 2051 2380 2118 Ἠλίας
2395 2052 2708 2123 ἅνθρωπος
2731 2053 2811 2128 ἦν
2821 2060 3183 2130 ὁμοιοπαθὴς
3203 2063 3366 2133 ἡμῖν,
3385 2065 3549 2137 Ὁρᾷς
3573 2067 3658 2120 ὅτι

1970 2137 2078 2190 ἀπὸ
2103 2139 2205 2208 τῆς
2249 2139 2358 2192 τῶν
2403 2141 2593 2196 παθῶν
2626 2146 2912 2210 κοινωνίας
2941 2147 3214 2202 δείκνυσιν
3242 2152 3405 2206 αὐτὸν
3441 2154 3658 2231 ἀνθρωο

1971 2241 2072 2276 πον
2096 2224 2223 2278 ὄντα
2245 2225 2368 2279 καθ’
2390 2229 2557 2298 ἡμᾶς.
2587 2231 2697 2283 Καὶ
2726 2230 2890 2285 πάλιν
2905 2250 2918 2264 ·
2938 2234 3045 2287 Καὶ
3073 2235 3184 2304 γὰρ
3205 2237 3322 2306 ἐγὼ
3343 2224 3656 2308 ἄνθρωπός

1969 2313 2084 2379 εἰμι
2105 2313 2471 2381 ὁμοιοπαθὴς
2504 2315 2673 2384 ὐμῖν⁶
2704 2319 2798 2371 καὶ
2831 2319 2988 2373 τούτο
3015 2321 3114 2393 τὴν
3135 2325 3418 2378 κοινωνίαν
3448 2327 3653 2396 ἐγγυᾶ-

1969 2415 2058 2449 ται
2108 2399 2207 2469 τῆς
2255 2400 2490 2468 φύσεως.
2533 2403 2649 2456 Ἵνα
2685 2403 2741 2456 δὲ
2801 2406 3017 2478 μάθῃς,
3064 2410 3146 2463 ὅτι
3192 2411 3287 2464 καὶ
3328 2413 3654 2485 μακαρίζειν

1971 2486 2140 2572 ἡμᾶς.
2179 2486 2274 2550 οὓς
2323 2489 2427 2560 χρὴ
2467 2487 2582 2562 [14]
2621 2494 2965 2564 μακαρίζειν,
2996 2498 3154 2552 τοῦτο
3185 2499 3454 2568 παιδεύει,
3494 2502 3652 2572 δῆλον

1971 2571 2197 2627 ἐκεῖθεν.
2221 2573 2391 2628 Ὅταν
2411 2576 2520 2645 γάρ
2553 2576 2572 2615 ί
2595 2578 2836 2651 ἀκούσῃς
2853 2582 3068 2636 Παύλου
3083 2583 3353 2654 λέγοντος,
3370 2589 3452 2643 ὅτι
3483 2571 3651 2658 Ἀίχρι

1970 2659 2076 2728 τῆς
2099 2661 2230 2727 ἄρτι
2254 2660 2411 2731 ὥρας
2431 2664 2530 2718 καὶ
2552 2665 2849 2736 πεινῶμεν
2869 2668 2967 2721 καὶ
2995 2670 3285 2742 διψῶμεν,
3307 2676 3406 2728 καί
3429 2693 3659 2747 γυμνη-

1971 2747 2244 2816 τεύομεν,
2267 2750 2368 2802 καὶ
2401 2750 2854 2822 κολαφιζόμεθα,
2878 2757 2973 2809 καί
3001 2757 3399 2829 ἀστατοῦμεν,
3431 2765 3531 2817 καί
3556 2781 3656 2819 κοο

1972 2831 2199 2920 πιῶμεν
2217 2851 2230 2866 ·
2265 2837 2360 2891 καὶ
2383 2837 2464 2890 ὅτι
2519 2840 2619 2892 Ὃν
2648 2840 2849 2908 ἀγαπᾷ
2872 2843 3105 2910 Κύριος,
3135 2847 3421 2913 παιδεύει,
3440 2866 3657 2920 μαστι-

1973 2919 2070 3008 γοῖ
2093 2918 2163 2972 δὲ
2195 2921 2393 2974 πάντα
2423 2924 2578 2989 υἱὸν,
2609 2925 2682 2979 ὃν
2705 2927 3124 2998 παραδέχεται,
3159 2931 3382 3005 εὔδηλον
3422 2918 3504 2989 δτι
3536 2937 3658 3008 ούχὶ

1972 3007 2099 3070 τοὺς
2119 3009 2354 3074 ἀνέσεως
2379 3012 2772 3079 ἀπολαύοντας,
2798 3015 2934 3070 ἀλλά
2962 3019 3090 3081 τοὺς
3119 3007 3656 3094 στενοχωρουμένους

1971 3091 2060 3181 διά
2089 3094 2179 3146 τὸν
2208 3095 2372 3161 Θεὸν,
2403 3100 2531 3161 τοὺς
2577 3100 2950 3169 θλιϐομένους,
2981 3105 3204 3170 τούτους
3233 3091 3655 3181 ἐπαινεσόμεθα,

1973 3180 2069 3232 καὶ
2105 3181 2423 3255 ζηλώσομεν
2454 3187 2582 3250 τοὺς
2617 3190 2676 3241 ἐν
2704 3191 2872 3262 ἀρετῇ
2918 3191 3148 3256 ζῶντας,
3203 3197 3329 3261 τοὺς
3375 3180 3656 3263 εὐσεϐείας

1974 3267 2462 3338 ἐπιμελουμένους.
2496 3273 2654 3328 Οὕτω
2685 3277 2777 3330 καὶ
2801 3279 2830 3330 6
2863 3281 3152 3351 προφήτης
3181 3282 3378 3352 φησίν·
3407 3285 3467 3338 Ἠ
3489 3284 3659 3348 δεξιὰ

1973 3354 2173 3408 αὐτῶν
2195 3356 2364 3422 δεξιὰ
2395 3361 2652 3428 ἀδικίας,
2676 3368 2736 3419 at
2769 3367 3090 3435 θυγατέρες
3123 3367 3325 3422 αὐτῶν
3347 3375 3657 3426 κεκαλλω-

1973 3441 2277 3513 πισμέναι,
2319 3453 2899 3521 περικεκοσμημέναι
2937 3454 3018 3520 ὠς
3053 3456 3317 3524 ὁμοίωμα
3357 3458 3531 3512 ναοῦ.
3581 3461 3658 3514 Τὰ

1974 3530 2181 3599 ταμεῖα
2225 3533 2423 3587 αὐτῶν
2458 3538 2682 3606 πλήρη,
2723 3539 3156 3611 ἐξερευγόμενα
3205 3544 3274 3596 ἐκ
3320 3545 3538 3598 τούτου
3569 3547 3658 3612 είς

1973 3618 2150 3673 τοῦτο
2167 3635 2182 3652 ο
2213 3621 2283 3674 τὰ
2312 3625 2575 3689 πρόϐατα
2598 3625 2798 3680 αὐτῶν
2819 3630 3145 3691 πολύτοκα,
3176 3631 3568 3698 πληθύνοντα
3589 3633 3658 3686 ἐν

1975 3705 2101 3772 ταῖς
2123 3707 2358 3775 ἐξόδοις
2388 3712 2603 3777 αὐτῶν,
2625 3717 2678 3768 οἱ
2699 3715 2851 3782 ,βόες
2877 3716 3076 3771 αὐτῶν
3097 3717 3330 3788 παχεῖς.
3363 3721 3487 3774 Οὐκ
3523 3720 3655 3774 ἐστι

1974 3793 2333 3866 κατάπτωμα
2359 3801 2651 3870 φραγμοῦ,
2683 3803 2826 3858 οὐδὲ
2853 3803 3141 3873 διέξοδος,
3167 3805 3312 3861 οὐδὲ
3333 3807 3564 3877 κραυγὴ
3588 3809 3658 3861 ἐν

1973 3883 2104 3951 ταῖς
2152 3889 2464 3954 πλατείαις
2503 3890 2718 3945 αὐτῶν.
2774 3891 3185 3963 Ἐμακάρισαν
3229 3895 3336 3949 τὸν
3377 3895 3562 3960 λαὸν,
3606 3890 3657 3964 ᾧ

1973 3970 2161 4024 ταῦτὰ
2197 3974 2387 4028 ἐστιν.
2429 3976 2502 4030 Σὺ
2542 3977 2600 4030 δέ
2636 3979 2690 4032 τί
2732 3979 2859 4050 φὴς,
2905 3975 2952 4034 ῶ
2993 3983 3278 4054 προφῆτας
3328 3985 3652 4054 Μακάριος,

1974 4061 2160 4130 φησὶν,
2197 4065 2230 4116 ό
2264 4063 2435 4129 λαὸς,
2477 4062 2548 4121 οὗ
2599 4069 2812 4136 Κύριος
2851 4072 2885 4124 ό
2921 4071 3069 4137 Θεὸς
3112 4073 3330 4128 αὐτοῦ’
3362 4076 3424 4128 οὐ
3469 4076 3563 4130 τὸν
3595 4079 3654 4131 ἐν

1974 4149 2220 4218 χρήμασι
2244 4149 2594 4219 πλουτοῦντα,
2624 4155 2758 4208 ἀλλά
2777 4157 2868 4210 τὸν
2891 4157 3144 4231 εὐσεϐείᾳ
3165 4161 3440 4232 κομῶντα,
3464 4163 3653 4218 τοῦτον

1975 4234 2423 4327 ὲγῶμακαρίζω,
2458 4241 2612 4311 φησὶ,
2642 4243 2743 4296 κᾶν
2776 4243 2946 4316 μυρία
2969 4248 3157 4320 πάσχῃ
3183 4248 3352 4306 δεινά.
3382 4251 3446 4305 Εἰ
3469 4252 3526 4306 δὲ
3545 4253 3652 4327 χρὴ

1977 4325 2070 4376 καὶ
2095 4325 2322 4398 ἐννάτην
2361 4328 2541 4381 αἰτίαν
2567 4331 2757 4396 εἰπεῖν,
2784 4333 2960 4387 ἐκεῖνο
2994 4333 3061 4388 ἀν
3089 4336 3359 4408 εἴποιμεν,
3388 4341 3470 4394 ὅτι
3501 4325 3645 4396 δοκιέ

1978 4412 2123 4480 μωτέ
2131 4430 2253 4485 ρους
2270 4419 2417 4468 ποιεῖ
2432 4417 2559 4481 τοὺς
2584 4418 2930 4490 θλιϐομένους
2951 4409 3197 4494 ήθλῖψίςο
3231 4427 3293 4480 Ἠ
3321 4427 3431 4497 γὰρ
3447 4429 3652 4499 θλῖψις

1973 4505 2292 4573 ὑπομονὴν
2315 4507 2748 4578 κατεργάζεται,
2789 4512 2825 4579 ἠ
2865 4511 2934 4565 δὲ
2975 4515 3254 4585 ὑπομονὴ
3298 4517 3648 4590 δοκιμὴν,ἠ

1974 4590 2042 4680 δὲ
2061 4592 2278 4661 δοκιμὴ
2298 4594 2538 4662 ἐλπίδα,
2557 4599 2594 4664 ἡ
2622 4597 2692 4650 δὲ
2719 4599 2895 4665 ἐλπὶς
2934 4603 3007 4655 οὐ
3034 4605 3442 4673 καταισχύνει.
3487 4608 3650 4680 Ὁρᾷς

1973 4679 2054 4766 ὅτι
2086 4681 2117 4750 ή
2149 4682 2213 4732 ἐκ
2223 4680 2319 4749 τῆς
2337 4681 2568 4751 θλίψεως
2586 4683 2779 4756 δοκιμὴ
2791 4685 2887 4756 τὴν
2909 4688 3035 4758 περὶ
3058 4690 3168 4743 τῶν
3186 4692 3487 4762 μελλόντων
3515 4679 3650 4766 ἡμῖν

1975 4765 2164 4818 ἐλπίδα
2198 4767 2458 4839 ἐντίθησι,
2496 4771 2590 4823 καὶ
2620 4771 2681 4824 τὸ
2709 4771 2891 4842 μένειν
2925 4774 2983 4826 ἐν
3011 4783 3336 4849 πειρασμοῖς
3363 4765 3648 4848 εὐέλπιδας

1977 4857 2120 4906 ποιεῖ
2163 4855 2292 4926 περὶ
2323 4855 2432 4910 τῶν
2464 4856 2763 4926 μελλόντων
2792 4856 2968 4926 srvat;
3007 4863 3168 4917 ’Ὥστε
3205 4867 3265 4918 ού
3316 4867 3492 4940 μάτην
3534 4871 3649 4924 ἔλε-

1974 4957 2090 5008 γον,
2123 4942 2203 4995 ὅτι
2237 4945 2292 4996 at
2327 4944 2534 5013 θλίψεις
2555 4941 2716 4999 αὗται
2738 4947 2838 5010 τὰς
2865 4950 2993 5020 περὶ
3016 4952 3114 5022 τῆς
3139 4955 3486 5021 ἀναστάσεως
3516 4961 3647 5029 ἡμῖν

1974 5027 2197 5116 ἐλπίδας
2223 5030 2623 5100 ὑπογράφουσι,
2653 5032 2748 5085 καὶ
2777 5033 3018 5104 βελτίους
3047 5038 3370 5109 ἐργάζονται
3398 5027 3646 5116 τοὺςήβα-

1976 5114 2387 5186 σανιζομένουςο
2411 5117 2601 5190 ὥσπερ
2622 5119 2753 5192 γὰρ,
2777 5123 2963 5192 φησὶν,
2986 5125 3044 5178 ἐν
3065 5127 3280 5200 καμίνῳ
3296 5114 3647 5202 δοκιμάζεται

1974 5202 2194 5273 χρυσὸς,
2218 5203 2390 5268 οὕτως
2411 5205 2507 5260 ἄνθ
2517 5223 2697 5277 ρωπος
2721 5207 2908 5274 δεκτὸς
2928 5211 2984 5263 ἐν
3007 5212 3223 5285 καμίνῳ
3244 5218 3643 5284 ταπεινώσεως.

1977 5290 2218 5344 Ἔστιδέ
2253 5293 2347 5344 καὶ
2385 5292 2616 5379 δεκάτην
2648 5295 2826 5348 αἰτίαν
2872 5300 3066 5353 εἰπεῖν.
3111 5302 3276 5355 Ποίαν
3303 5303 3367 5375 δὴ
3407 5306 3644 5379 ταύτην;

1980 5378 2082 5430 Ἢν
2123 5380 2214 5432 καὶ
2242 5379 2501 5444 πολλάκις
2539 5377 2691 5437 εἶπον
2725 5385 2822 5456 ἤδη
2863 5388 3142 5459 πρότερον,
3172 5391 3253 5444 ὅτι
3285 5391 3338 5444 εί
3365 5409 3516 5460 τινας
3547 5377 3650 5468 κη-

1972 5465 2120 5530 λῖδας
2142 5466 2358 5538 ἔχομεν,
2383 5469 2476 5523 καί
2491 5469 2694 5536 ταύτας
2711 5473 2943 5527 ἐνταῦθα
2962 5476 3346 5548 ἀποτιθέμεθα.
3365 5478 3474 5536 Καὶ
3489 5465 3648 5540 τοῦτο

1975 5554 2110 5624 πρὸς
2138 5555 2228 5608 τὸν
2255 5556 2507 5611 πλούσιον
2548 5561 2576 5612 6
2617 5562 2962 5632 πατριάρχης
2980 5561 3156 5632 δηλῶν
3189 5564 3398 5636 ἔλεγεν,
3424 5570 3507 5624 ὅτι
3528 5574 3646 5627 Ad.

1970 5640 2141 5710 ζαρος
2169 5643 2473 5699 ἀπέλαϐεν
2507 5647 2695 5701 αὐτοῦ
2730 5647 2802 5701 τὰ
2838 5647 3012 5711 κακὰ,
3057 5649 3196 5706 ὅθεν
3228 5655 3253 5695 ε
3287 5661 3643 5726 παρακαλεῖ.

2032 5745 2061 5812 ξ
2086 5747 2234 5812 δανὶι.
2265 5758 2314 5798 et
2339 5751 2488 5812 aliqui
2516 5752 2656 5800 codd.
2693 5751 2846 5802 Ἠλία.

2040 5806 2061 5884 ξ
2093 5808 2228 5884 υῃυε
2270 5806 2642 5884 δῆλονςέκεῖθεν·
2685 5832 2710 5856 ει
2748 5814 2960 5884 "ﬁdum:
2991 5815 3072 5884 οὖν
3106 5821 3411 5884 καυχήσομαι
3451 5823 3499 5874 έν
3537 5825 3642 5882 ταῖς

1971 5867 2228 5942 ἀσθενείαις
2248 5867 2328 5942 καὶ
2360 5874 2461 5942 ταῖς
2481 5875 2706 5942 θλίψεσιν.
2732 5895 2756 5918 »
2778 5877 3060 5942 ξ’ρταν-γάρ.

2033 5931 2059 5969 Β
2080 5930 2235 6000 §_avil_.
2263 5939 2316 6000 gl
2336 5935 2512 6000 αἰξί.τά
2533 5930 2678 5994 κακά,
2720 5938 2800 6000 καὶ
2826 5930 3037 5987 ἐνταῦθα’.
3074 5939 3245 5988 Morel.
3275 5943 3334 5990 τὰ
3363 5943 3506 6000 κακά,
3528 5945 3632 5996 ὅθεν

1973 5989 2184 6040 ἐνταῦθα.
2208 5991 2334 6044 Infra
2356 5995 2550 6056 quidam
2575 5989 2689 6046 ωιέ.
2715 5999 2818 6049 ὅσω
2849 6000 2937 6061 γὰρ
2963 6002 2991 6056 ὴ
3019 6001 3168 6062 θλίψις
3191 5989 3480 6052 ἐπιτείνεταιξ
