3932 6222
405 298 468 353 5i
1121 294 1193 350 -S.
1235 288 1514 348 JOANNlS
1548 280 2039 341 CilllYSOSTOMI
2077 276 2397 335 ARCHIEP.
2436 270 2970 332 CONSTANTINOP.
3621 275 3701 328 δί

409 410 463 468 in
491 410 733 469 nuditate
756 408 1021 480 degebant
1046 448 1061 472 ,
1086 404 1463 477 prophetarum
1489 442 1506 468 ,
1534 398 1953 471 patriarcharum
1979 435 1996 463 ,

410 505 674 575 jnstorum
705 521 721 561 :
748 514 803 559 et
832 516 1018 561 omnes
1045 500 1191 568 ipsos
1214 495 1452 553 invenies
1477 509 1586 551 non
1611 492 1681 548 de
1708 490 1959 546 divitibus
1976 528 1993 555 ,

413 614 518 652 non
544 597 612 651 de
634 594 987 667 gaudentibus
1006 633 1021 659 ,
1051 590 1145 651 sed
1173 590 1240 645 de
1268 587 1547 658 egentibus
1569 627 1587 652 ,
1617 582 1881 640 tribulatis
1902 622 1917 646 ,
1948 587 2003 634 et

416 687 729 758 angustiatis
756 701 893 742 esse.

486 781 574 837 ll.
615 779 739 839 Ha‘e
775 775 913 846 apud
956 774 1179 843 teipsum
1221 769 1517 840 colligens,
1549 765 1774 820 Domino
1800 760 2002 834 gratias

413 887 512 941 age
539 912 558 938 ,
587 869 727 939 quod
760 879 811 925 te
839 867 994 935 hujus
1026 865 1146 919 fecit
1174 862 1334 918 sortis
1358 903 1372 925 ,
1405 874 1511 913 non
1538 870 1735 912 exosus
1756 896 1772 920 ,
1812 854 1907 910 sed
1947 861 2002 908 et

413 962 567 1017 valde
592 961 818 1031 diligens
848 977 860 1012 :
890 974 1012 1013 nam
1054 965 1107 1011 et
1146 956 1266 1009 illos
1294 962 1372 1007 tot
1397 948 1577 1022 gravia
1608 947 1714 1018 pati
1741 963 1846 1001 non
1875 960 2000 1014 per-

411 1054 645 1111 misisset
667 1096 681 1116 ,
716 1052 1195 1107 nisi'vehementer
1218 1053 1489 1109 amasset,
1520 1040 1769 1113 quoniam
1805 1038 2001 1094 clario-

410 1163 496 1207 res
525 1147 668 1217 ipsos
695 1161 788 1216 per
814 1145 931 1200 haec
968 1142 1107 1196 mala
1143 1138 1421 1195 reddebat.
1462 1134 1673 1190 Nullum
1711 1130 1999 1202 gratiarum

410 1241 607 1303 actioni
638 1256 732 1310 par
757 1239 956 1293 bonum
982 1253 999 1304 ;
1024 1231 1474 1306 quemadmodum
1500 1226 1830 1297 blasphemia
1853 1222 2002 1293 pejus

411 1332 570 1391 nihil.
618 1330 698 1389 Ne
740 1329 1107 1391 admiremur,
1153 1322 1296 1394 quod
1337 1317 1701 1391 spiritualibus
1744 1315 2002 1370 instantes

410 1423 574 1483 multa
607 1423 871 1493 patiamur
894 1419 1139 1474 adversa.
1169 1414 1241 1473 Ut
1283 1414 1425 1470 enim
1469 1412 1703 1469 latrones
1727 1449 1744 1475 ,
1776 1423 1882 1463 non
1912 1406 2000 1461 ubi

411 1517 615 1575 fautum
639 1525 693 1571 et
721 1514 888 1583 paleae
912 1520 967 1566 et
993 1510 1231 1565 ealanms
1254 1548 1272 1574 ,
1295 1505 1386 1563 sed
1407 1504 1499 1559 ubi
1521 1517 1709 1558 aurum
1735 1511 1788 1557 et
1807 1515 1998 1570 argen-

410 1617 524 1669 tum
548 1647 566 1674 ,
599 1606 673 1665 ibi
698 1605 903 1663 fodiunt
928 1611 983 1657 et
1007 1599 1222 1656 assidue
1250 1596 1468 1667 vigilant
1496 1611 1510 1647 :
1548 1594 1627 1649 sic
1665 1601 1719 1647 et
1757 1590 1999 1646 diabolus

407 1697 473 1754 iis
501 1696 732 1755 maxime
757 1695 937 1759 instat,
961 1692 1054 1762 qui
1096 1688 1392 1758 spiritualia
1440 1685 1706 1753 attingunt
1749 1684 1998 1751 negotia;

408 1787 483 1849 ibi
509 1787 688 1847 multae
713 1784 952 1850 insidizu,
977 1783 1064 1837 ubi
1086 1782 1253 1835 virtus
1286 1798 1300 1834 :
1334 1778 1442 1832 illic
1475 1776 1667 1830 invidia
1692 1816 1708 1842 ,
1737 1774 1827 1827 ubi
1852 1773 2001 1827 elec-

409 1894 654 1951 mosyna.
685 1878 788 1934 Sed
819 1885 904 1934 est
931 1875 1085 1931 nobis
1107 1873 1270 1933 telum
1295 1871 1582 1926 maximum
1606 1910 1621 1934 ,
1647 1867 1791 1937 quod
1811 1881 2001 1921 omnes

412 1969 549 2027 tales
574 1968 850 2026 machinas
880 1965 1140 2035 repellere
1170 1964 1342 2018 valeat
1369 2004 1384 2025 ,
1426 1971 1483 2015 ut
1525 1975 1621 2031 per
1659 1959 1774 2013 base
1821 1956 2001 2011 omnia

413 2064 524 2126 Deo
550 2064 750 2136 gratias
776 2077 1017 2134 agamus.
1050 2059 1186 2119 Abel
1212 2099 1228 2124 ,
1256 2057 1344 2115 die
1370 2055 1497 2109 mihi
1523 2095 1538 2119 ,
1567 2068 1744 2108 nonne
1783 2050 1850 2106 de
1891 2050 2002 2119 pri-

410 2157 575 2212 mitiis
604 2155 715 2213 Deo
741 2154 1050 2215 sacriﬁcans
1070 2191 1085 2217 ,
1124 2151 1356 2205 fraterna
1398 2146 1591 2203 cecidit
1631 2161 1791 2199 manu
1823 2142 1843 2215 (
1871 2142 1999 2197 Gen.

409 2251 445 2305 4
470 2249 520 2320 )?
544 2248 636 2304 sed
669 2257 845 2302 tamen
879 2246 1019 2301 Deus
1046 2243 1288 2314 permisit
1315 2283 1331 2308 ,
1365 2255 1472 2295 non
1502 2255 1626 2295 eum
1659 2251 1881 2307 perosus
1911 2236 2000 2305 qui

409 2355 471 2399 se
496 2339 815 2405 honoravit,
848 2337 943 2395 sed
970 2335 1127 2392 valde
1155 2335 1382 2407 diligens
1413 2351 1426 2388 :
1468 2342 1522 2388 et
1564 2337 1758 2401 praster
1796 2329 2005 2398 specio-

413 2432 611 2491 sissimi
643 2431 783 2491 illius
824 2428 1071 2489 sacriﬁcii
1108 2442 1362 2483 coronam
1387 2467 1404 2491 ,
1437 2424 1659 2480 alteram
1701 2422 1861 2477 etiam
1903 2421 2003 2489 ipsi

414 2538 510 2595 per
539 2524 850 2595 martyrium
883 2520 1146 2591 praebens.
1174 2518 1350 2577 Moses
1369 2515 1578 2573 cuidam
1605 2512 1795 2583 injuria
1815 2510 2007 2567 affecto

407 2618 657 2689 epitttlari
687 2617 891 2680 voluit,
933 2626 989 2671 et
1031 2614 1167 2669 mori
1208 2611 1536 2683 periclitatus
1574 2619 1696 2676 est,
1741 2621 1798 2664 et
1836 2608 2004 2678 patria

409 2706 611 2765 excidit
636 2708 657 2779 (
684 2706 854 2775 Exod.
882 2705 920 2761 2
944 2705 987 2778 ),
1022 2706 1269 2774 Deosque
1301 2703 1536 2774 permisit
1567 2743 1582 2768 ,
1613 2710 1671 2756 ut
1697 2709 2003 2756 sanctorum

415 2799 723 2870 patientiam
751 2798 946 2859 discas.
978 2796 1038 2854 Si
1065 2797 1211 2854 enim
1240 2796 1448 2867 praescii
1479 2794 1610 2849 nihil
1635 2808 1733 2849 nos
1753 2807 2006 2863 passuros

411 2891 533 2951 mali
558 2931 572 2954 .
605 2892 683 2949 sic
707 2890 1000 2962 spiritualia
1031 2889 1393 2959 attigissemus
1416 2886 1626 2958 negotia
1650 2927 1668 2954 ,
1711 2885 1844 2941 nihil
1882 2901 2002 2941 ma-

412 3000 575 3055 gnum
615 2983 792 3054 facere
836 2983 932 3039 visi
981 2997 1224 3038 essemus
1248 3022 1265 3048 ,
1314 2980 1421 3036 tale
1464 2979 1768 3036 securitatis
1813 2979 2007 3050 pignus

416 3077 675 3136 habentes
704 3095 718 3130 :
751 3092 894 3133 nunc
919 3091 1055 3132 vero
1079 3076 1203 3130 hinc
1239 3074 1477 3129 maxime
1512 3072 1854 3128 admirabiles
1882 3078 2008 3127 sunt

412 3169 504 3239 qui
532 3170 657 3227 talia
688 3168 886 3227 faciunt
908 3210 923 3232 ,
951 3167 1093 3238 quod
1118 3177 1173 3223 et
1190 3166 1425 3238 pericula
1446 3174 1503 3221 et
1521 3165 1712 3221 damna
1739 3206 1754 3230 ,
1782 3173 1837 3219 et
1863 3178 2011 3218 mor-

414 3267 514 3325 tes,
534 3270 586 3315 ct
608 3259 808 3316 infinita
837 3259 1188 3330 praevidentes
1205 3258 1364 3323 mala,
1385 3267 1561 3311 tamen
1579 3255 1879 3327 hujusmodi
1892 3255 2012 3309 offi-

414 3351 514 3411 ciis
541 3366 649 3408 non
678 3351 937 3407 absistant
955 3393 971 3418 ,
1003 3365 1176 3419 neque
1214 3349 1465 3406 timorum
1483 3350 1502 3382 ί
1527 3346 2010 3416 exspectationibus

414 3442 688 3513 segniores
706 3442 827 3499 facti
847 3443 973 3499 sint.
992 3441 1144 3498 Sicut
1158 3440 1317 3513 igitur
1330 3449 1443 3498 tres
1457 3440 1604 3510 pueri
1627 3439 1900 3495 dicebant:
1917 3436 2011 3493 Est

418 3532 558 3590 Deus
586 3534 640 3589 itt
668 3534 791 3588 creto
815 3543 990 3604 potens
1017 3533 1209 3602 eripere
1235 3549 1327 3588 nos
1353 3546 1373 3588 :
1402 3541 1448 3585 et
1473 3532 1518 3587 si
1543 3549 1644 3585 non
1670 3573 1686 3598 ,
1731 3541 1906 3585 notum
1944 3531 2010 3585 sit

417 3623 504 3678 tibi
534 3665 550 3690 ,
578 3640 672 3681 res;
693 3664 709 3689 ,
736 3623 872 3693 quod
899 3623 1001 3680 diis
1023 3624 1123 3678 tuis
1148 3641 1248 3679 non
1273 3624 1515 3678 servimus
1539 3664 1554 3686 ,
1583 3635 1628 3677 et
1654 3639 1860 3677 auream
1876 3624 2006 3677 inta-

417 3717 586 3787 ginem
609 3757 625 3782 ,
648 3732 801 3787 quant
818 3716 1020 3771 ercxisti
1036 3757 1051 3781 ,
1077 3733 1180 3770 non
1201 3717 1475 3771 adoramus
1498 3715 1516 3787 (
1539 3715 1673 3771 Dan.
1694 3717 1748 3771 5.
1773 3718 1860 3772 17.
1882 3715 2007 3789 18);

421 3818 478 3864 et
505 3818 560 3865 tu
592 3808 751 3879 igitur
775 3808 990 3879 quando
1019 3808 1147 3878 quid
1176 3808 1300 3864 boui
1332 3807 1625 3864 secundum
1669 3808 1839 3863 Deum
1883 3823 2010 3879 ope-

420 3901 525 3956 rari
571 3898 738 3959 debes
761 3941 778 3967 ,
810 3899 973 3955 multa
999 3900 1247 3972 prospice
1275 3899 1532 3970 pericula,
1567 3900 1734 3954 multa
1775 3899 1967 3954 damna
1992 3939 2007 3964 ,

423 3990 619 4047 multas
643 4001 887 4057 mortes;
924 4002 981 4046 et
1027 4007 1095 4048 ne
1136 3991 1386 4058 mireris,
1427 4007 1605 4061 neque
1644 3991 2009 4062 perturberis,

422 4083 468 4141 si
499 4083 616 4138 haec
641 4083 905 4138 accidant.
934 4081 1078 4149 Fili,
1112 4083 1280 4154 inquit
1302 4123 1319 4150 ,
1347 4082 1588 4138 accedens
1624 4084 1693 4137 ad
1728 4084 2012 4138 servitutem

422 4173 521 4229 Dei
544 4215 559 4238 ,
590 4190 826 4244 praepara
855 4176 1078 4228 animant
1109 4185 1251 4229 tuam
1275 4173 1344 4228 ad
1373 4174 1696 4228 tentationem
1724 4173 1743 4246 (
1766 4173 1927 4229 Eccli.
1952 4174 2009 4227 2.

424 4267 449 4322 1
479 4271 525 4336 ).
557 4265 727 4321 Nemo
754 4281 947 4336 nempe
973 4281 1206 4337 pugnare
1231 4266 1528 4322 decernens
1550 4307 1566 4330 ,
1597 4266 1798 4336 absque
1823 4267 2013 4320 vulne-

424 4360 574 4416 ribus
601 4374 853 4415 coronam
882 4372 1157 4429 reportare
1184 4367 1475 4429 exspectat.
1507 4359 1574 4413 Et
1595 4367 1652 4410 tu
1675 4356 1866 4428 igitur,
1885 4356 2016 4411 cha-

427 4452 638 4508 rissime
656 4490 672 4515 ,
696 4465 817 4505 cum
838 4449 1053 4506 diabolo
1078 4454 1205 4505 totis
1222 4450 1428 4506 viribus
1449 4464 1683 4521 pugnare
1709 4463 2011 4519 aggressus,

426 4557 495 4600 ne
518 4542 677 4597 vitam
719 4556 962 4597 securam
1002 4551 1056 4596 et
1097 4540 1304 4597 deliciis
1344 4543 1556 4612 plenam
1602 4542 1868 4611 sequaris.
1893 4540 2010 4595 Non

424 4635 569 4688 enim
597 4633 685 4689 hic
713 4633 806 4687 tibi
852 4632 1229 4688 retributiones
1270 4641 1325 4688 et
1367 4634 1782 4702 promissiones,
1826 4631 1921 4687 sed
1963 4633 2014 4686 in

426 4726 609 4781 futuro
634 4724 832 4779 saaculo
878 4722 1056 4777 omnia
1106 4724 1358 4792 praeclara
1402 4724 1542 4778 Deus
1582 4723 1843 4793 promisit.
1882 4722 2013 4780 Cum

428 4817 590 4888 igitur
616 4816 699 4871 vel
728 4815 841 4886 ipse
867 4816 1062 4872 bonum
1096 4816 1285 4871 feceris
1308 4858 1324 4880 ,
1352 4825 1408 4870 et
1429 4815 1695 4871 centraria
1724 4818 2013 4885 receperis,

430 4909 518 4964 vel
547 4908 709 4962 alium
740 4907 843 4962 hoc
870 4907 1068 4963 videris
1109 4908 1396 4975 patientem
1424 4949 1440 4973 ,
1477 4907 1649 4978 gaude
1689 4917 1745 4962 et
1790 4907 1970 4962 laetare
2001 4924 2015 4960 :

430 4998 649 5069 majoris
675 5000 819 5055 enim
846 4999 937 5055 tibi
969 4999 1333 5055 retributionis
1358 5000 1577 5054 materia
1605 5009 1705 5053 est.
1733 4999 1811 5055 Ne
1836 4999 2020 5055 conci-

430 5090 570 5156 das,
622 5105 794 5161 neque
836 5089 1012 5145 solvas
1055 5090 1218 5144 animi
1266 5088 1544 5156 studium,
1592 5104 1764 5160 neque
1806 5089 2021 5160 segnior

434 5181 532 5236 fias
555 5222 575 5250 ι
603 5180 699 5237 sed
727 5179 903 5252 potius
924 5184 1063 5249 insta
1084 5196 1204 5236 cum
1230 5180 1421 5252 majori
1441 5181 1735 5237 alacritate.
1760 5181 2019 5248 Quoniam

433 5282 490 5327 et
539 5274 765 5343 apostoli
810 5288 933 5328 cum
991 5272 1389 5343 praedicabant,
1441 5273 1540 5327 etsi
1584 5271 2017 5344 ﬂagellarentur,

435 5362 814 5432 Iapidarentur,
845 5378 1091 5420 carceres
1135 5365 1386 5419 continue
1426 5363 1750 5429 habitarent,
1792 5379 1896 5418 non
1935 5377 2023 5419 so-

434 5451 546 5508 lum
591 5462 710 5523 post
750 5454 1109 5524 periculorum
1158 5453 1525 5510 liberationem
1552 5495 1568 5520 ,
1608 5453 1704 5511 sed
1732 5454 1864 5510 etin
1895 5454 2022 5526 ipsis

438 5628 682 5741 “uulnus
703 5630 892 5687 habet:
915 5639 1072 5695 Neque
1103 5630 1442 5683 timendorum.
1478 5628 1610 5682 alter
1652 5643 1664 5681 :
1702 5637 1861 5697 Neque
1899 5643 2028 5683 mor-

2114 394 2363 466 periculis
2388 408 2509 449 cum
2538 390 2740 463 majore
2781 390 3056 446 alacritate
3099 386 3335 444 veritatis
3376 385 3707 456 praemium

2109 486 2477 543 enuntiabant.
2512 485 2580 540 Et
2606 484 2789 539 videre
2817 491 2901 538 est
2925 482 3145 537 Paulum
3188 483 3241 535 iu
3281 480 3398 549 ipso
3436 492 3657 533 carcere
3687 519 3706 542 ,

2112 580 2163 634 in
2195 580 2324 649 ipsis
2347 578 2550 634 catenis
2582 578 2931 631 instruentem
2955 615 2971 641 ,
3001 574 3298 629 initiantem
3326 612 3342 636 ,
3385 579 3442 626 et
3487 571 3542 627 in
3583 568 3710 624 foro

2105 671 2343 738 judiciali
2372 684 2586 725 rursum
2617 668 2755 725 idem
2787 665 3068 722 facientem
3095 707 3112 730 ,
3143 673 3196 719 et
3234 663 3286 718 in
3331 660 3610 732 naufragio
3648 667 3711 715 et

2109 762 2163 817 in
2190 770 2507 831 tempestate
2531 802 2547 827 ,
2577 770 2631 814 et
2662 759 2714 814 in
2745 758 2996 829 periculis
3022 756 3335 811 innumeris.
3378 753 3460 812 Tu
3486 766 3708 824 quoque

2109 862 2324 909 sanctos
2363 853 2495 908 istos
2542 852 2794 906 tumulare
2816 892 2833 917 ,
2874 858 2929 905 et
2968 865 3000 903 a
3048 847 3199 903 bonis
3235 847 3524 917 operibus,
3571 843 3708 901 dum

2108 956 2282 1018 potes,
2330 961 2400 1001 ne
2441 944 2657 1000 cxcidas
2688 945 2705 976 ¹
2736 962 2752 999 :
2783 954 2836 999 et
2864 943 2989 999 licet
3032 943 3226 997 millies
3270 940 3709 1009 interpellantem

2110 1049 2162 1093 te
2196 1038 2466 1095 diabolum
2506 1038 2737 1102 videris,
2782 1049 3040 1104 nusquam
3088 1033 3337 1090 absistas.
3383 1033 3464 1088 'l'u
3483 1032 3708 1103 quidem

2107 1134 2363 1203 pecunias
2450 1132 2726 1202 perferens
2772 1171 2790 1197 ,
2865 1130 3001 1187 forte
3064 1128 3392 1199 naufragium
3459 1126 3632 1183 fecisti
3684 1143 3706 1193 ;

2110 1223 2305 1277 Paulus
2347 1233 2527 1277 autem
2571 1223 2821 1278 omnibus
2868 1221 3109 1292 pecuniis
3153 1221 3436 1290 pretiosius
3476 1218 3706 1274 verbum

2108 1314 2286 1370 ferens
2305 1357 2319 1378 ,
2351 1314 2577 1369 Romam
2604 1315 2823 1379 abibat,
2863 1324 2919 1369 et
2945 1315 2996 1368 in
3023 1313 3354 1384 naufragium
3385 1313 3566 1371 incidit
3595 1355 3610 1378 ,
3646 1322 3708 1368 et

2110 1405 2313 1459 infinita
2341 1406 2505 1461 subiit
2533 1406 2891 1460 incommoda.
2925 1407 2990 1461 Et
3018 1406 3118 1461 hoc
3143 1407 3258 1476 ipse
3290 1405 3580 1460 declaravit
3621 1405 3711 1459 di-

2107 1516 2274 1557 cens:
2307 1500 2512 1571 Serpitis
2536 1500 2785 1554 voluimus
2809 1500 2979 1554 venire
3029 1499 3099 1552 ad
3140 1515 3225 1553 vos
3245 1539 3261 1564 ,
3313 1499 3401 1553 sed
3438 1497 3707 1559 impedivit

2107 1610 2200 1648 nos
2222 1602 2424 1648 satanas
2457 1592 2476 1666 (
2503 1594 2553 1648 l.
2582 1592 2759 1648 Thess.
2786 1593 2841 1646 2.
2876 1591 2982 1662 18)
3014 1610 3028 1647 :
3054 1601 3109 1647 et
3151 1593 3289 1647 Deus
3310 1593 3551 1662 permisit
3577 1633 3592 1657 ,
3634 1606 3708 1646 ex

2107 1688 2561 1756 superabundauti
2588 1702 2739 1741 suam
2762 1686 3138 1742 demonstrans
3160 1687 3409 1741 virtutem
3435 1694 3490 1741 et
3513 1695 3707 1741 osten-

2109 1778 2242 1834 dens
2269 1819 2286 1846 ,
2312 1779 2454 1850 quod
2486 1779 2691 1834 infinita
2717 1778 2947 1835 faciente
2984 1778 3198 1834 diabolo
3241 1788 3297 1835 et
3334 1779 3657 1851 prohibente
3684 1818 3705 1846 ,

2109 1871 2241 1925 nihil
2266 1887 2329 1926 ex
2359 1872 2459 1926 hoc
2483 1871 2794 1941 praedicatio
2815 1872 3156 1926 minuebatur
3176 1912 3192 1939 ,
3222 1879 3313 1926 aut
3341 1873 3705 1942 interrumpe-

2110 1963 2281 2017 batur.
2312 1961 2516 2018 Idcirco
2544 1964 2596 2017 in
2624 1963 2875 2017 omnibus
2896 1963 3089 2018 Paulus
3117 1963 3225 2018 Deo
3248 1964 3446 2034 gratias
3468 1962 3663 2033 agebat
3687 2003 3705 2027 ,

2109 2056 2288 2112 Sciens
2312 2056 2453 2126 quod
2485 2056 2846 2126 probatiorem
2880 2072 2976 2127 per
3001 2057 3117 2112 lucc
3144 2062 3202 2112 se
3226 2057 3368 2113 Deus
3397 2055 3659 2112 reddebat
3688 2074 3703 2110 :

2109 2156 2165 2201 et
2191 2146 2351 2201 studii
2402 2146 2486 2202 sui
2543 2147 2931 2203 vehementiam
2977 2148 3029 2202 in
3082 2149 3330 2203 omnibus
3374 2146 3703 2214 exhibebat,

2111 2239 2255 2293 nullo
2281 2238 2470 2294 horum
2513 2239 3013 2309 impedimentorum
3039 2240 3322 2295 cohibitus.
3350 2239 3569 2309 Quoties
3597 2239 3706 2309 igi-

2110 2342 2195 2386 tur
2225 2331 2459 2386 frustrati
2491 2333 2745 2388 fuerimus
2772 2375 2787 2398 ,
2818 2334 2979 2388 toties
3006 2333 3295 2403 spiritualia
3321 2348 3482 2403 Opera
3508 2349 3707 2404 aggre-

2113 2427 2366 2482 diamur:
2412 2442 2584 2496 neque
2618 2427 2859 2481 dicamus
2883 2469 2897 2492 ,
2942 2442 3106 2497 quare
3145 2428 3284 2481 Dt'llS
3322 2427 3704 2497 impedimenta

2113 2520 2394 2590 permisit?
2437 2530 2651 2591 propter
2690 2521 2795 2578 hoc
2840 2523 2981 2577 enim
3030 2523 3315 2591 permisit,
3364 2531 3423 2576 ut
3464 2519 3703 2577 studium

2112 2620 2258 2665 tuum
2289 2611 2457 2666 multo
2480 2613 2646 2684 magis
2670 2612 3012 2668 demonstres
3035 2655 3051 2681 ,
3078 2622 3133 2668 et
3170 2614 3389 2667 multum
3437 2628 3701 2670 amorem.

2110 2701 2352 2756 Amantis
2379 2703 2521 2757 enim
2565 2704 2797 2758 maxime
2834 2713 2958 2771 est,
3005 2719 3293 2774 numquam
3335 2705 3402 2759 ab
3433 2705 3496 2759 iis
3524 2745 3539 2771 ,
3580 2721 3707 2776 quae

2110 2781 2290 2847 amato
2317 2793 2653 2863 complaecnt
2671 2835 2687 2860 ,
2717 2794 2997 2850 absistere.
3029 2795 3198 2850 Mollis
3224 2798 3366 2851 enim
3397 2806 3450 2850 et
3479 2797 3707 2867 ignavus

2110 2900 2174 2938 ex
2206 2885 2378 2954 primo
2407 2887 2586 2940 statim
2618 2887 2820 2957 impetu
2859 2888 3140 2952 concidet;
3186 2888 3480 2944 vehemens
3522 2899 3704 2944 autem

2111 2987 2164 3033 et
2188 2979 2450 3034 excitatus
2473 3020 2487 3042 ,
2520 2980 2620 3035 etsi
2649 2979 2842 3035 millies
2880 2981 3247 3051 interpelh-tur
3273 3024 3289 3047 ,
3336 2992 3486 3036 tanto
3533 2985 3707 3054 magis

2110 3070 2306 3125 divinis
2332 3072 2492 3127 rebus
2520 3071 2740 3127 instabit
2765 3114 2779 3137 ,
2809 3084 3065 3142 quantum
3094 3076 3144 3127 in
3185 3091 3245 3130 se
3271 3085 3355 3129 est
3387 3076 3565 3130 omnia
3593 3075 3704 3131 im-

2114 3165 2264 3233 pleus
2285 3204 2303 3228 ,
2324 3173 2378 3220 et
2405 3167 2455 3218 in
2483 3166 2729 3220 omnibus
2752 3166 2952 3235 gratias
2976 3181 3139 3237 agens
3165 3183 3180 3221 :
3211 3166 3311 3221 hoc
3336 3175 3389 3222 et
3420 3183 3517 3224 nos
3542 3168 3709 3223 facia-

2114 3274 2253 3314 mus.
2287 3258 2507 3328 Maguus
2534 3259 2815 3312 thesaurus
2838 3259 3124 3328 gratiarum
3155 3259 3295 3313 actio
3318 3298 3336 3326 ,
3378 3275 3583 3330 magnae
3619 3260 3710 3317 di-

2115 3348 2258 3403 vitia:
2278 3388 2294 3414 ,
2326 3349 2754 3417 incouSumptmn
2785 3350 2980 3404 bonum
2999 3391 3015 3415 ,
3048 3359 3314 3403 armatura
3346 3349 3495 3404 fortis
3522 3368 3536 3405 :
3563 3350 3709 3408 sicut

2115 3452 2171 3498 ct
2199 3442 2524 3512 blasphemia
2555 3452 2868 3510 praesentem
2892 3442 3153 3511 jaclttram
3182 3442 3444 3507 intendit,
3471 3452 3525 3498 et
3551 3443 3707 3512 plura

2114 3549 2419 3603 quamquae
2463 3532 2825 3601 perdidimus,
2868 3534 3084 3602 insuper
3122 3532 3301 3604 perire
3343 3534 3487 3591 facit.
3520 3535 3709 3591 Perdi-

2115 3626 2238 3680 disti
2268 3627 2520 3697 pecunias
2540 3628 2565 3679 ἲ
2593 3628 2635 3681 si
2665 3629 2862 3698 gratias
2886 3630 3102 3698 quidem
3129 3631 3301 3699 egeris
3321 3674 3335 3698 ,
3363 3631 3593 3685 animam
3623 3631 3711 3685 ht-

2118 3726 2301 3773 cratus
2324 3733 2382 3773 es
2404 3759 2421 3785 ,
2452 3728 2507 3773 et
2537 3720 2770 3787 majores
2812 3730 2998 3775 nactus
3038 3738 3097 3778 es
3141 3723 3353 3778 divitias
3379 3765 3395 3790 ,
3440 3725 3561 3795 quia
3609 3724 3708 3779 Dei

2117 3810 2541 3865 benevolentiam
2585 3811 2676 3865 tibi
2717 3812 3033 3882 ampliorem
3086 3815 3427 3881 conciliasti;
3486 3817 3531 3871 si
3574 3832 3711 3870 vero

2118 3900 2568 3972 blasphemaveris
2589 3944 2604 3969 ,
2637 3903 2855 3971 insuper
2894 3912 2950 3960 et
2987 3905 3209 3960 salutem
3257 3916 3398 3961 tuam
3433 3908 3655 3962 amisisti
3686 3949 3708 3976 ,

2117 4008 2290 4061 neque
2332 3992 2450 4049 illas
2493 3994 2840 4063 recuperasti,
2882 4004 2938 4051 et
2971 4011 3130 4066 quam
3171 3997 3401 4053 habuisti
3447 3998 3709 4065 animam,

2119 4084 2254 4140 hanc
2280 4101 2492 4154 quoque
2513 4087 2776 4141 occidisti.

2189 4176 2277 4231 12.
2300 4174 2539 4244 Prwcipit
2568 4188 2621 4230 ut
2658 4176 2942 4248 blasphemi
2982 4180 3326 4251 corripiantur
3360 4191 3407 4234 et
3441 4181 3706 4246 vapulem.

2115 4269 2309 4324 —Sed
2357 4278 2634 4340 postquam
2673 4270 2741 4326 de
2784 4272 3115 4342 blasphemia
3164 4276 3318 4330 nobis
3362 4276 3521 4331 verba
3565 4292 3712 4332 nunc

2118 4358 2252 4414 facta
2297 4369 2439 4425 sunt,
2468 4375 2625 4414 unam
2663 4377 2693 4414 a
2730 4361 2883 4417 vobis
2913 4364 3161 4419 omnibus
3187 4373 3364 4433 petere
3392 4365 3514 4419 volo
3545 4367 3711 4420 retri-

2120 4448 2389 4504 butionem
2422 4466 2518 4519 pro
2537 4451 2795 4508 concione
2816 4452 2917 4508 hac
2957 4463 3117 4524 atque
3160 4471 3440 4511 sermone:
3474 4466 3531 4510 ut
3558 4456 3609 4510 in
3636 4457 3707 4509 ci-

2120 4540 2282 4593 vitate
2325 4540 2751 4609 blasphemautes
2791 4543 2920 4597 mihi
2955 4543 3247 4615 castigatis.
3298 4545 3353 4600 Si
3401 4546 3711 4618 quempiam

2121 4629 2174 4683 in
2202 4629 2342 4684 bivio
2371 4640 2427 4686 et
2456 4632 2570 4687 foro
2592 4633 2706 4689 Deo
2727 4633 3180 4704 blasphemantem
3206 4635 3460 4704 audieris,
3490 4636 3711 4701 accede,

2122 4719 2336 4791 increpa
2357 4740 2370 4775 :
2393 4731 2449 4777 et
2475 4723 2520 4777 si
2550 4723 2769 4779 verbera
2801 4723 3042 4793 infligere
3070 4734 3332 4796 oporteat,
3361 4742 3429 4781 ne
3457 4742 3713 4783 recuses:

2124 4812 2287 4880 ipsius
2309 4813 2495 4870 faciem
2523 4816 2674 4885 alapa
2709 4826 2927 4886 percute
2951 4859 2966 4885 ,
3004 4830 3224 4875 contere
3253 4834 3314 4873 os
3344 4820 3510 4889 ipsius
3538 4862 3555 4887 ,
3590 4837 3711 4890 per-

2122 4905 2369 4959 cussione
2384 4921 2596 4960 manum
2614 4915 2755 4962 tuam
2773 4908 3065 4964 sanetillca.
3080 4909 3145 4964 Et
3161 4910 3203 4964 si
3223 4911 3311 4964 ulli
3325 4912 3710 4978 accusaverim,

2123 5002 2178 5047 et
2202 4995 2246 5048 si
2276 4995 2327 5048 in
2348 4994 2604 5064 judicium
2631 4999 2921 5064 traxerint,
2960 5016 3221 5070 sequere:
3261 5012 3316 5056 ct
3342 5002 3385 5055 si
3417 5017 3604 5072 poenas
3623 5002 3714 5072 ju-

2123 5085 2225 5138 dex
2252 5101 2348 5154 pro
2374 5086 2623 5141 tribunali
2652 5092 3039 5158 repoposcerit,
3060 5092 3143 5146 dic
3156 5109 3274 5146 cum
3300 5092 3712 5164 libertate,quod

2125 5177 2434 5246 angelorum
2474 5177 2674 5249 Regem
2719 5179 3187 5252 blasphcmaverit.
3238 5183 3293 5239 Si
3337 5185 3479 5239 enim
3531 5201 3712 5255 regem

2128 5275 2285 5322 terra;
2327 5269 2761 5340 blasphcmautes
2791 5274 2962 5343 puniri
2993 5264 3240 5344 Oportet,
3266 5277 3432 5332 multo
3454 5278 3620 5348 magis
3651 5277 3716 5332 il-

2126 5358 2235 5414 lum
2289 5363 2610 5418 centumelia
2641 5363 2956 5423 aflicientes.
3003 5366 3300 5423 Commune
3341 5366 3543 5425 crimen
3590 5378 3715 5436 est,

2131 5452 2338 5524 publica
2369 5455 2584 5525 injuria,
2605 5459 2796 5528 cuique
2819 5473 3075 5516 accusare
3098 5462 3296 5516 volenti
3330 5462 3470 5518 licet.
3502 5463 3717 5518 Discant

2176 5634 2213 5705 _‘
2250 5640 2351 5704 Duo
2373 5640 2478 5705 Mss.
2506 5641 2559 5686 et
2596 5635 2757 5697 SaviL,
2786 5646 2841 5686 tu
2865 5635 2996 5689 bouis
3016 5637 3244 5702 operibus
3277 5653 3532 5703 persevera
3553 5652 3716 5700 atus»

2133 5692 2221 5745 diu
2240 5695 2514 5755 speraveris.
