3892 6236
41 293 110 348 δι
1108 287 1197 341 ιο
1236 283 1565 343 pomus.“
1610 279 2107 336 ANTEOCHENIJM
2148 280 2380 336 "03111,.
2421 283 2462 336 ι.
3079 266 3092 270 ’
3429 283 3503 338 τε

43 408 268 481 μένων.
319 407 434 462 τῶν·
473 404 805 478 θλιϐομένων
839 403 934 458 καὶ
980 401 1497 475 στενοχωρουμένων
1544 397 1726 459 ὄντας.

122 502 216 550 ια’.
235 495 421 548 Ταῦτα
434 493 584 564 παρά
602 489 812 561 σεαυτῷ
826 489 1017 558 λέγων,
1033 487 1425 559 εὐχαρίστησον
1441 484 1518 554 τῷ
1527 483 1732 537 Δεσπό-

40 598 141 653 τῃ,
180 583 267 635 ὅτι
292 598 350 634 σε
370 581 468 650 τῆς
486 579 681 652 μοίρας
708 577 912 646 ταύτης
932 573 1205 646 ἐποίησεν,
1221 573 1354 644 οὐχ),
1375 570 1570 642 μισῶν,
1591 565 1730 621 ἁλλά

45 671 152 722 καὶ
203 669 412 740 σφόδρα
444 667 634 736 φιλῶν,
679 665 801 719 ἐπεὶ
848 663 1134 726 κάκείνους
1164 663 1265 714 οὑκ
1303 659 1467 729 ἠφίει.
1499 653 1734 709 τοσαῦτα

49 757 296 826 πάσχειν
323 755 492 817 δεινά,
516 757 565 807 εί
602 752 678 825 μὴ
713 752 778 806 ἂν
821 752 916 804 καὶ
942 749 1146 820 σφόδρα
1174 747 1366 817 ἐφίλει,
1384 744 1736 815 ὃτιλαμπρο-

48 845 256 915 τέρους
275 856 300 885 ε
323 843 518 905 αὐτοὺς
552 841 642 894 διὰ
666 840 775 894 τῶν
798 838 983 892 κακῶν
1005 838 1214 891 τούτων
1241 833 1544 907 είργάςετο.
1571 826 1738 882 υύδέν

50 931 412 1006 εὐχαριστίας
435 931 548 984 ἴσον
567 928 792 999 ἀγαθὸν,
832 927 1032 998 ῶσπερ.
1057 923 1403 1006 βλασφημίας
1435 921 1615 1006 χεῖρον
1643 915 1736 968 οὑ-

51 1020 173 1069 οὲν·
197 1004 313 1087 [l7]
333 1015 408 1084 μὴ
431 1011 825 1080 θαυμάσωμεν,
853 1009 935 1059 ὅτι
958 1009 1345 1074 πνευματικοῖς
1365 1004 1736 1072 ἐπιτιθέμενοι

55 1103 360 1176 πράγμασι
393 1099 565 1154 πολλά
590 1098 871 1168 πάσχομεν
895 1093 1062 1148 δεινά.
1097 1094 1309 1164 Ὥσπερ
1336 1090 1453 1163 γάρ
1476 1092 1528 1144 οἱ
1547 1090 1744 1162 λῃσταὶ⁸

55 1195 165 1246 ούκ
199 1191 330 1244 ἔνθα
353 1189 543 1260 χόρτος
570 1187 664 1241 καὶ
701 1187 882 1257 ἄχυρα
908 1185 1001 1237 καί
1033 1183 1277 1254 καλάμη.
1309 1181 1421 1235 ἀλλ’
1451 1179 1580 1234 ἔνθα
1613 1195 1745 1249 χρυ-

60 1281 181 1333 σίον
202 1278 300 1332 καὶ
327 1277 610 1350 ἀργύριον,
637 1276 755 1328 ἐκεῖ
788 1272 1146 1344 διορύττουσι,
1181 1271 1276 1325 καὶ
1309 1267 1548 1340 συνεχῶς
1572 1269 1744 1338 ἀγρυ-

58 1365 327 1420 πνοῦσινο
381 1363 524 1416 οὕτω
569 1363 664 1415 καὶ⁹
703 1363 733 1414 6
774 1359 1018 1423 διάϐολος
1047 1359 1255 1420 τούτοις
1301 1355 1532 1428 μάλιστα
1568 1353 1743 1407 ἐπιτίο

60 1456 221 1508 θεται
252 1455 368 1516 τοῖς
402 1446 785 1520 πνευματικῶν
822 1445 1148 1516 ἁπτομένοις
1181 1442 1550 1515 πραγμάτων.
1597 1441 1745 1494 Ἐκεῖ

59 1543 261 1597 πολλαὶ
311 1541 367 1594 αἱ
419 1537 722 1599 ἐπιϐουλαὶ,
772 1534 900 1588 ἔνθα
949 1534 1118 1605 ἀρετή
1147 1548 1160 1562 ⁸
1208 1534 1326 1585 ἐκεῖ
1372 1530 1562 1600 φθόνος
1613 1528 1743 1581 ἔνθα

60 1625 191 1695 ελεη
201 1623 432 1696 μοσύνη.
463 1623 604 1677 Ἀλλ’
635 1622 782 1677 ἐστιν
813 1624 943 1694 ἡμῖν
964 1622 1025 1674 ἓν
1040 1620 1203 1676 ὅπλον
1230 1619 1484 1690 μέγιστον
1509 1616 1538 1669 ὃ
1565 1615 1745 1678 πάσας

63 1712 256 1765 ἱκανὸν
287 1711 388 1775 τὰς
426 1710 684 1775 τοιαύτας
733 1709 981 1781 μηχανὰς
1031 1705 1499 1779 ἀποκρούσασθαι,
1550 1703 1612 1756 τὸ
1657 1702 1745 1754 διά

62 1799 291 1852 πάντων
319 1797 525 1852 τούτων
552 1798 894 1870 εὐχαριστεῖν
913 1797 992 1868 τῷ
1012 1795 1152 1868 Θεῷ.
1188 1797 1249 1850 '0
1275 1793 1464 1856 Ἀϐελ,
1486 1790 1605 1845 είπέ
1630 1805 1740 1858 μοι,

61 1887 188 1957 οὐχὶ
211 1885 319 1940 τῶν
347 1885 636 1959 πρωτείων
662 1885 742 1956 τῷ
760 1885 879 1957 Θεῷ
899 1884 1308 1956 ἀπαρξάμενος,
1326 1882 1434 1935 ὑπὸ
1455 1875 1746 1946 ἀδελφικῆς

61 1977 233 2028 ἔπεσε
254 1975 466 2047 χειρός;
497 1974 612 2028 ἀλλ’
635 1974 785 2045 ὅμως
800 1975 829 2027 6
854 1972 987 2036 Θεὸς
1010 1969 1409 2043 συνεχώρησεν,
1428 1967 1550 2037 οὐχὶ
1573 1965 1747 2037 μισῶν

59 2064 158 2116 τὸν
190 2063 523 2134 τιμήσαντα,
558 2061 694 2116 ἀλλὰ
725 2062 820 2116 καὶ
855 2060 1058 2130 σφόδρα
1099 2059 1269 2130 φιλῶν
1289 2101 1303 2124 ,
1352 2058 1446 2110 mi
1493 2055 1630 2126 πρὸς
1669 2052 1748 2124 τῷ

62 2153 166 2222 τῆς
193 2151 491 2223 καλλίστης
515 2151 730 2222 ἐκείνης
760 2150 952 2214 θυσίας
986 2149 1236 2220 στεφάνῳ
1264 2147 1358 2201 κα)⁸
1386 2147 1574 2216 ἐτερον
1603 2141 1749 2212 αύτῴ

64 2242 159 2293 τὸν
188 2239 300 2293 ἀπὸ
337 2239 432 2293 τοῦ
468 2238 768 2312 μαρτυρίου
799 2238 1052 2309 παρέχων
1083 2236 1366 2305 στέφανον.
1408 2235 1467 2288 Ὀ
1512 2233 1748 2302 Μωῦσῆς

65 2332 335 2404 ἠθέλησεν
365 2331 700 2401 ἀδικουμένῳ
725 2326 987 2400 βοηθῆσαί
1017 2342 1124 2379 τινι
1165 2323 1262 2378 καὶ
1290 2323 1417 2394 περὶ
1443 2320 1552 2376 τῶν
1584 2321 1749 2391 ἐσχά-

67 2439 178 2474 των
207 2418 556 2474 ἐκινδύνευσε
585 2417 680 2470 καὶ
707 2417 806 2488 τῆς
842 2415 1100 2487 πατρίδος
1141 2412 1367 2478 ἐξέπεσε
1387 2429 1400 2441 ·
1435 2409 1529 2463 καὶ
1561 2411 1588 2463 6
1620 2407 1752 2470 Θεὸς

71 2505 476 2578 συνεχώρησεν,
513 2505 600 2559 ῐνα
633 2503 810 2576 μάθῃς
847 2503 957 2557 τῶν
1001 2501 1173 2571 ἁγίων
1217 2499 1316 2570 τὴν
1356 2499 1654 2569 ὑπομονήν.
1688 2498 1752 2549 El

70 2598 180 2668 γάρ
195 2595 507 2667 προειδότες
531 2595 607 2658 ὼς
629 2593 779 2648 οὐδὲν
805 2591 1104 2664 πεισόμεθα
1128 2591 1156 2631 δ
1180 2591 1371 2653 δεινὸν,
1400 2587 1571 2652 οὕτως
1591 2585 1756 2657 ἡπτό-

74 2685 216 2757 μεθα
241 2684 354 2737 τῶν
382 2681 768 2754 πνευματικῶν
803 2681 1165 2752 πραγμάτων,
1196 2679 1345 2733 οὐδὲν
1374 2677 1516 2748 μέγα
1541 2675 1605 2729 ἂν
1639 2673 1754 2726 ἐδό-

73 2774 247 2845 ξαμεν
286 2774 483 2836 ποιεῖν,
516 2771 770 2843 ἐνέχυρον
797 2771 895 2841 τῆς
927 2770 1228 2838 ἀσφαλείας
1252 2767 1466 2838 ἔχοντες
1491 2763 1750 2817 τοιοῦτον⁶

70 2864 193 2916 νυν)⁸
245 2862 305 2915 δέ
359 2859 610 2914 ἐντεῦθεν
660 2859 898 2930 μάλιστα
944 2858 1010 2912 ἂν
1065 2853 1176 2912 εἷεν
1233 2853 1536 2925 θαυμαστοὶ
1577 2855 1626 2906 οί
1685 2850 1755 2904 τά

71 2949 300 3004 τοιαῦτα
335 2949 686 3019 πράττοντες,
709 2948 792 3000 ὅτι
823 2947 917 3000 καὶ
949 2944 1228 3008 κινδύνους
1287 2944 1380 2997 καὶ
1429 2939 1634 3012 ζημίας
1663 2940 1756 2994 καὶ⁹

75 3037 346 3099 θανάτους
402 3037 497 3090 καὶ
515 3036 682 3108 μυρία
703 3039 848 3089 κακὰ
869 3033 1264 3106 προορώμενοι,
1288 3034 1436 3104 ὅμως
1455 3028 1560 3083 τῶν
1585 3027 1754 3082 τοιού-

75 3144 182 3179 των
232 3125 338 3178 οὐκ
380 3123 677 3193 ἀφίσταντο
730 3121 1191 3195 κατορθωμάτων,
1241 3120 1360 3174 ούδέ
1406 3117 1756 3190 όκνηρότεροι

77 3215 320 3282 ἐγίνοντο
348 3215 469 3277 ταῖς
497 3212 606 3265 τῶν
637 3211 818 3281 φόϐων
841 3211 1187 3283 προσδοκίαις
1213 3221 1258 3264 ε.
1288 3209 1556 3280 Καθάπερ
1582 3201 1674 3260 οὖν
1707 3206 1757 3258 οἱ

75 3305 226 3372 τρεῖς
265 3301 458 3364 παῖδες
499 3301 703 3369 ἔλεγον⁹
742 3301 909 3354 Ἔστι
949 3301 1093 3364 Θεὸς
1119 3299 1188 3352 ἐν
1221 3296 1456 3367 οὐρανῷ
1499 3293 1760 3360 δυνατὸς

75 3388 396 3453 ἐξελέσθαι
437 3387 628 3458 ἡμᾶς·
678 3387 776 3441 καὶ
824 3387 934 3441 ἐὰν
979 3387 1089 3456 μὴ,
1126 3385 1398 3456 γνωστὸν
1439 3384 1597 3438 ἔστω
1634 3397 1754 3444 σοι,

76 3478 368 3542 βασιλεῦ.
402 3477 491 3530 ὅτι
523 3475 648 3542 τοῖς
690 3476 848 3544 θεοῖς
888 3493 1006 3531 σου
1038 3477 1110 3529 οὐ
1135 3473 1524 3543 λατρεύομεν,
1555 3470 1652 3524 καὶ
1685 3468 1759 3537 τῇ

78 3566 264 3619 εἰκόνι
292 3563 372 3634 τῇ
417 3563 619 3634 χρυσῇ
656 3557 696 3634 ᾖ
729 3564 998 3631 ἔστησανς
1030 3564 1102 3616 οὐ
1129 3560 1626 3630 προσκυνοῦμενο
1662 3557 1757 3610 καὶ

81 3654 146 3705 σὺ
181 3653 387 3716 τοίνυν,
437 3652 564 3705 ὅταν
602 3650 803 3723 μέλλῃς
844 3649 896 3702 τί
939 3665 1068 3703 ποτε
1113 3647 1441 3720 ἐργάζεσθαι
1471 3645 1579 3698 τῶν
1620 3643 1758 3698 κατὰ

79 3740 231 3798 Θεὸν,
273 3740 505 3803 πολλοὺς
557 3739 767 3810 προόρα
795 3737 1090 3800 κινδύνους,
1139 3735 1340 3795 πολλάς
1365 3732 1590 3806 ζημίας,
1634 3732 1762 3787 πολ-

80 3826 204 3890 λοὺς
224 3827 520 3890 θανάτουςο
545 3829 642 3881 καὶ⁵
674 3825 748 3898 μὴ
768 3825 995 3891 ξενίζον,
1019 3824 1151 3895 μηδὲ
1178 3821 1412 3895 θορυϐοῦ
1436 3819 1762 3891 συμϐαινόνο

79 3933 188 3970 των
208 3918 436 3972 τούτων.
456 3918 675 3973 Τέκνον
693 3916 822 3988 γὰρ,
845 3916 1032 3986 φησὶν,
1045 3917 1098 3968 εὶ
1113 3915 1422 3981 προσέρχῃ
1444 3910 1762 3964 δουλεύειν

84 4005 165 4070 τῷ
185 4008 401 4075 Κυρίῳ,
423 4006 746 4076 ἐτοίμασον
774 4003 887 4071 τὴν
915 4001 1126 4070 ψυχήν·
1152 4013 1268 4056 σου
1291 4002 1378 4065 είς
1407 3998 1758 4068 πειρασμόν.

87 4094 270 4160 Οὐδεὶς
311 4095 496 4149 τοίνυν
527 4091 818 4148 πυκτεύειν
857 4089 1178 4162 αἱρούμενος
1223 4088 1391 4159 χωρὶς
1432 4088 1762 4160 τραυμάτων

91 4185 370 4255 προσδοκᾷ
401 4183 664 4252 στέφανον
710 4178 1099 4248 ἀναδήσασθαι.
1145 4178 1256 4230 Καὶ
1286 4178 1348 4232 σὺ
1377 4175 1585 4238 τοίνυν,
1625 4176 1764 4244 ἀγα-

91 4271 250 4340 πητέ,
291 4270 430 4342 πρὸς
451 4271 542 4322 τὸν
573 4268 816 4323 διάϐολον
843 4263 1274 4336 παγκρατιάζειν
1307 4261 1761 4334 καταδεξάμενος,

95 4359 168 4430 μὴ
199 4359 290 4413 τὸν
321 4359 604 4413 ἀκίνδυνον
642 4358 738 4411 καὶ
780 4355 994 4426 τρυφῆς
1045 4354 1287 4426 γέμοντα
1311 4352 1474 4406 δίωκε
1517 4351 1665 4422 βίον·
1702 4351 1762 4405 ού

90 4447 197 4518 γάρ
230 4447 468 4501 ἐνταῦθά
499 4465 582 4500 σοι
629 4446 727 4509 τάς
759 4443 992 4516 ἀμοιϐὰς
1015 4444 1110 4497 καὶ
1136 4442 1236 4506 τάς
1277 4441 1615 4512 ὑποσχέσεις,
1649 4439 1765 4493 ἀλλ’

95 4538 173 4600 είς
215 4536 306 4590 τὸν
354 4537 617 4607 μέλλοντα
665 4533 837 4588 αἰῶνα
884 4532 1100 4586 ἅπαντα
1143 4531 1410 4599 ὑπέσχετο
1453 4532 1482 4583 6
1523 4528 1656 4592 Θεὸς
1699 4528 1768 4582 τά

95 4621 340 4693 λαμπρά.
367 4625 537 4677 Ὅταν
564 4619 655 4679 οὖν
683 4623 718 4694 ἣ
758 4621 920 4684 αὑτός
934 4633 987 4674 τι
1023 4621 1254 4692 ποιήσας
1273 4618 1497 4687 ἀγαθὸν,
1523 4617 1590 4671 τὰ
1616 4619 1768 4671 ἐναν-

95 4713 182 4766 τία
202 4713 505 4785 άπολάϐῃς,
529 4713 563 4783 ἢ
594 4713 780 4784 ἕτερον
817 4709 976 4764 τοῦτο
1000 4711 1280 4779 πάσχοντα
1307 4708 1423 4778 ῐδῃς
1443 4745 1456 4770 ,
1474 4706 1767 4778 εὐφραίνου

99 4801 190 4855 καὶ
225 4805 387 4873 χαῖρε
409 4817 422 4831 ⁸
471 4803 717 4872 μείζονος
744 4800 852 4872 γάρ
885 4799 1119 4869 ἀμοιϐῆς
1147 4795 1404 4859 ὑπόθεσις
1436 4795 1498 4877 τὸ
1535 4795 1769 4868 πρᾶγμά

101 4907 179 4942 σοι
204 4890 448 4958 γίνεται·
488 4890 549 4943 οῦ
593 4889 668 4960 μὴ
701 4887 1020 4960 καταπέσῃς
1058 4886 1108 4948 ά,
1161 4885 1294 4954 μηδέ
1327 4882 1640 4954 καταλύσῃς
1670 4883 1768 4952 τὴν

101 4977 426 5049 προθυμίαν,
461 4978 596 5048 μηδέ
620 4976 981 5048 ὀκνηρότερος
1011 4975 1164 5048 γένῃ.
1200 4971 1336 5026 ἀλλὰ
1373 4971 1572 5042 μᾶλλον
1593 4969 1769 5023 ἐπιτί-

99 5065 221 5118 θεσο
249 5067 391 5136 μετά
411 5065 654 5130 πλείονος
677 5066 778 5136 τῆς
798 5063 1125 5136 προθυμίας.
1168 5063 1322 5115 Ἐπεὶ
1346 5063 1439 5114 καὶ
1465 5062 1513 5113 οί
1539 5057 1770 5112 ἀπόστο-

102 5153 178 5205 λοι
207 5153 368 5224 ήνίκα
391 5153 708 5224 ἐκήρυττον,
742 5152 1144 5222 μαστιζόμενοι,
1166 5148 1534 5220 λιθαζόμενοι,
1560 5145 1772 5214 δεσμω-

99 5242 255 5312 τήρια
288 5241 531 5311 συνεχῶς
565 5239 862 5304 οἰκοῦντες,
895 5241 956 5293 οὐ
991 5239 1150 5310 μόνον
1199 5237 1335 5308 μετὰ
1365 5238 1464 5305 τὴν
1497 5234 1604 5287 τῶν
1651 5251 1771 5286 κιν-

101 5329 264 5384 δύνων
301 5330 648 5400 ἀπαλλαγὴν,
701 5329 837 5383 ἀλλὰ
878 5329 973 5382 καὶ
1019 5331 1077 5382 ἐν
1117 5327 1300 5389 αὐτοῖς
1343 5327 1455 5386 τοῖς
1507 5323 1773 5384 κινδύνοις

107 5423 236 5490 μετὰ
266 5423 517 5494 μείζονος
547 5421 648 5492 τῆς
679 5420 988 5492 προθυμίας
1030 5419 1092 5473 τὸ
1120 5419 1220 5491 τῆς
1265 5416 1524 5488 ἀληθείας
1565 5416 1773 5486 κατήγ-

161 5561 184 5590 ⁸
204 5562 422 5611 Savilius
449 5569 502 5612 et
536 5562 620 5610 alii
652 5560 848 5622 quidam
873 5561 1071 5610 codices
1094 5560 1200 5623 οὐχὶ
1231 5560 1384 5623 μισῶν
1405 5557 1591 5623 ἠφίει...
1618 5558 1770 5606 δεινά·

110 5621 198 5694 ἀλλ’
228 5625 396 5695 ἐπειδὴ
439 5625 624 5695 σφόδρα
659 5620 823 5695 ἐφίλει,
856 5620 1375 5687 λαμπροτέροῦςζῐηΐτιι
1398 5620 1586 5682 aliquot
1609 5633 1778 5669 manu-

112 5685 261 5747 στήριὶ
283 5689 452 5748 ὥσπερ
472 5684 896 5748 οὖν’βλασφημίας.

162 5743 186 5783 δ
212 5748 301 5796 Alii
328 5747 625 5796 πεισόμενοι.

163 5763 186 5783 υ
212 5763 301 5796 Mil
328 5763 625 5809 πεισομενοι.

142 5808 337 5882 .°Ul_lus
388 5808 544 5858 habet
589 5808 690 5864 ταῖς
730 5809 824 5855 τῶν
863 5809 1075 5871 φοϐερῶν
1122 5805 1458 5872 προσδοκίαις,
1498 5805 1625 5854 alter
1674 5803 1777 5860 ταῖς

110 5883 195 5915 των
215 5887 386 5920 omum.

165 5887 195 5915 Ν
249 5907 252 5910 ~
299 5889 386 5920 ων.

165 5931 193 5971 δ
215 5887 350 5982 mus
371 5932 579 5993 γίνηται,
606 5932 670 5991 μὴ
696 5931 750 5988 δὴ
780 5931 1068 5995 καταπέσῃς,
1094 5930 1221 5982 alius
1242 5930 1452 5991 γένηται,
1478 5928 1542 5990 μή
1565 5944 1674 5978 κατ.

1836 393 2024 462 γελλον
2059 395 2339 468 κήρυγμα.
2383 397 2492 450 Καὶ
2529 395 2674 450 ἐστιν
2715 396 2841 450 ίδεῖν
2894 395 3104 449 Παῦλον
3141 397 3196 447 ἐν
3244 394 3391 465 αὐτῷ
3430 396 3508 467 τῷ

1835 482 2214 556 δεσμωτηρίῳ,
2240 487 2303 538 ἐν·
2331 486 2522 550 αὑταῖς
2547 487 2667 549 ταῖς
2695 484 2916 538 ἁλύσεσι
2944 484 3281 556 κατηχοῦντα
3302 524 3314 542 .
3342 500 3506 552 μυστ-

1845 571 2202 638 αγωγοῦντα,
2259 575 2360 628 καὶ
2415 576 2472 628 ἐν
2520 572 2856 644 δικαστηρίῳ
2899 573 3060 626 πάλιν
3097 571 3158 624 τὸ
3193 572 3322 624 αὐτὸ
3353 569 3528 624 τοῦτο,

1839 649 2114 714 ποιοῦντα,
2138 651 2232 702 καὶ
2248 651 2304 702 ἐν
2326 652 2588 723 ναυαγίῳ,
2612 655 2707 707 καὶ
2727 656 2785 708 ἐν
2804 656 3054 726 χειμῶνι,
3081 653 3196 730 [181
3222 663 3388 713 καὶέν
3403 680 3511 731 μυ-

1840 735 1974 806 ρίοις
1995 735 2278 800 κινδύνοις.
2306 739 2415 791 Καὶ
2436 741 2500 794 σὺ
2521 741 2745 806 τούτους
2772 742 3007 813 ζήλωσιν
3026 748 3151 810 τοὺς
3181 747 3390 815 άγίους,
3416 748 3510 800 καὶ

1835 822 1942 877 τῶν
1965 822 2185 892 ἀγαθῶν
2205 823 2513 894 ἐργων,ἐ’ως
2537 827 2604 882 ἂν
2618 828 2823 895 δύναιο,
2844 830 2922 902 μὴ
2941 832 3200 905 ἐκπέσῃςο
3229 846 3254 871 α
3277 835 3379 890 κᾶν
3405 851 3508 904 μυ⁴

1841 917 2020 988 ριάκις
2047 916 2162 990 ἴδῃς
2185 917 2550 972 διακόπτοντά
2579 935 2637 970 σε
2658 917 2749 971 τὸν
2773 918 3042 979 διάϐολον,
3070 915 3336 989 μηδέποτε
3381 916 3513 970 άπο·

1841 1008 1992 1078 στῇς.
2039 1008 2110 1060 Σὺ
2152 1006 2250 1078 μὲν
2292 1007 2402 1079 γὰρ
2419 1008 2672 1078 χρήματα
2711 1006 3062 1078 διακομίζων,
3104 1007 3235 1068 ῐσως
3270 1005 3514 1074 ναυαγίῳ

1840 1097 2167 1170 περιέπεσες
2190 1114 2204 1128 ⁸
2237 1101 2267 1152 6
2292 1098 2350 1152 δέ
2388 1097 2619 1162 Παῦλος,
2657 1099 2686 1152 δ
2738 1099 2954 1152 πάντων
2985 1096 3284 1168 χρημάτων
3320 1095 3516 1168 τιμιώ-

1839 1202 1999 1256 τερον
2018 1182 2108 1257 ἦν,
2132 1187 2227 1241 τὸν
2247 1187 2404 1256 λόγον
2433 1185 2716 1257 βαστάζων
2736 1188 2816 1250 είς
2837 1186 2936 1257 τὴν
2965 1185 3184 1256 Ῥώμην
3208 1185 3392 1256 ἀπῄει,
3418 1183 3513 1235 καὶ

1841 1276 2084 1345 ναυαγίῳ
2107 1275 2424 1348 περιέπεσε,
2462 1275 2556 1328 καὶ
2589 1275 2756 1347 μυρία
2783 1274 2990 1342 ὑπέστη
3020 1273 3186 1326 δεινά.
3217 1272 3328 1324 Καὶ
3357 1270 3516 1322 τοῦτο

1842 1364 2005 1426 αὐτὸς
2034 1363 2299 1433 ἐδήλωσεν
2327 1362 2518 1424 είπὼν,
2548 1364 2628 1416 ὅτι
2656 1360 2962 1427 Πολλάκις
2999 1361 3388 1428 ἠθελήσαμεν
3416 1357 3516 1411 ἐλ-

1845 1450 1971 1506 θεῖν
1990 1452 2139 1520 πρὸς
2168 1451 2346 1520 ὑμᾶς.
2383 1451 2482 1504 καὶ
2505 1451 2802 1520 ἐνέκοψεν
2821 1449 2979 1520 ἡμᾶς
3013 1451 3045 1503 ό
3089 1445 3378 1515 Σατανᾶς.
3406 1445 3519 1500 Καὶ

1844 1541 1872 1593 6
1899 1539 2032 1604 Θεὸς
2059 1541 2460 1612 συνεχώρησεν,
2492 1543 2555 1594 ἐκ
2591 1539 2908 1612 περιουσίας
2938 1539 3038 1609 τὴν
3071 1537 3261 1590 ἐαυτοῦ
3292 1537 3518 1606 δύναμιν

1844 1627 2042 1696 δηλῶν,
2068 1629 2161 1680 καὶ
2187 1627 2401 1692 δεικνὺς
2423 1628 2505 1680 ὅτι
2529 1629 2624 1681 καὶ
2647 1627 2812 1698 μυρία
2838 1627 3117 1690 ποιοῦντος
3149 1625 3240 1679 τοῦ
3270 1624 3518 1678 διαϐόλου

1847 1715 1940 1767 καὶ
1985 1713 2308 1778 κωλύοντος,
2352 1714 2504 1767 οὐδὲν
2546 1715 2718 1786 ταύτῃ
2755 1714 2823 1766 τά
2858 1713 2949 1767 τοῦ
2982 1713 3337 1784 κηρύγματος
3358 1711 3542 1781 ἠλατι

1846 1799 2006 1852 τοῦτο
2050 1801 2064 1840 ¹
2125 1803 2220 1854 καὶ
2249 1802 2583 1857 διεκόπτετο.
2617 1802 2715 1856 Διά
2748 1802 2906 1855 τοῦτο
2939 1802 2996 1854 ἐν
3027 1800 3231 1854 ἅπασιν
3257 1802 3286 1853 ό
3312 1798 3538 1862 Παῦλος·

1848 1888 2168 1958 ηύχαρίστει
2199 1889 2280 1960 τῷ
2312 1889 2451 1960 Θεῷ,
2492 1890 2647 1955 είδὼς
2676 1892 2757 1944 ὅτι
2796 1888 3226 1961 εύδοκιμώτερον
3250 1887 3411 1941 αὑτὸν
3434 1887 3526 1941 διά

1849 1975 2052 2031 τούτων
2080 1977 2386 2048 είργάζετο,
2420 1979 2515 2033 καὶ
2539 1979 2638 2050 τῆς
2669 1977 2976 2049 προθυμίας
3008 1975 3175 2031 αὐτοῦ
3207 1974 3270 2029 τδ
3297 1973 3531 2046 σφοδρδν

1851 2063 1907 2116 ἐν
1931 2063 2134 2118 ἅπασιν
2158 2065 2455 2132 ἐδείκνυεν,
2474 2067 2650 2121 οὐδενὶ⁵
2687 2066 2892 2120 τούτων
2923 2066 3032 2120 τῶν
3061 2063 3399 2135 κωλυμάτων
3429 2065 3524 2131 ἐγ-

1851 2153 2204 2224 κοπτόμενος.
2253 2156 2476 2219 Ὁσάκις
2521 2150 2618 2210 οῦν
2671 2156 2738 2210 ἂν
2783 2155 3166 2225 ἀποτύχωμεν,
3201 2152 3532 2215 τοσαυτάκις

1853 2240 2154 2312 ἁπτώμεθα
2190 2243 2300 2297 τῶν
2335 2244 2722 2314 πνευματικῶν
2763 2242 2961 2314 ἔργων,
3011 2243 3105 2295 καὶ
3147 2241 3221 2312 μὴ
3249 2241 3521 2311 λέγωμενς

1851 2327 1996 2391 τίνος
2038 2330 2224 2384 ἐνεκεν
2280 2331 2659 2403 συνεχώρησεν
2707 2332 2736 2384 6
2781 2329 2914 2395 Θεὸς
2946 2331 3014 2384 τά
3061 2329 3395 2401 κωλύματα;
3442 2327 3532 2381 διὰ

1852 2416 2011 2469 τοῦτο
2055 2417 2164 2488 γάρ
2209 2421 2606 2491 συνεχώρησεν,
2653 2419 2740 2473 ἵνα
2782 2437 2876 2474 σου
2907 2419 3006 2491 τὴν
3055 2416 3369 2490 προθυμίαν
3417 2418 3530 2479 τοῖς

1855 2504 2069 2570 πολλοῖς
2099 2507 2248 2579 δείξῃ
2279 2507 2479 2578 μᾶλλον
2540 2509 2634 2562 καί⁵
2656 2508 2719 2562 τὸ
2751 2509 2886 2563 πολὺ
2915 2508 3164 2580 φίλτρον’
3199 2504 3481 2576 φιλοῦντος
3505 2507 3531 2544 ⁸

1853 2591 1964 2664 γὰρ
1994 2594 2229 2664 μάλιστα
2266 2595 2423 2650 τοῦτό
2455 2598 2593 2662 ἐστι,
2635 2597 2697 2650 τὸ
2738 2596 3009 2668 μηδέποτε
3049 2593 3378 2664 ἀφίστασθαι
3421 2591 3533 2646 τῶν

1854 2678 1932 2749 τῷ
1961 2681 2271 2754 φιλουμένῳ
2303 2683 2623 2739 δοκούντων.
2666 2685 2727 2737 '0
2760 2686 2858 2755 μὲν
2880 2684 2988 2755 γὰρ
3014 2683 3210 2754 χαῦνος
3243 2683 3339 2735 καὶ
3369 2680 3534 2753 ῥᾴθυ-

1859 2785 1958 2837 μσς
2002 2771 2066 2822 ἐκ
2105 2771 2329 2842 πρώτης
2360 2772 2562 2837 εὐθέως
2593 2772 2946 2826 άναπεσείται
2986 2771 3084 2842 τῆς
3119 2769 3459 2843 προσϐολῆς*
3501 2769 3535 2822 6

1855 2855 1912 2908 δέ
1940 2856 2169 2928 σφοδρὸς
2191 2859 2287 2912 καλ⁸
2306 2859 2750 2932 διεγηγερμένος,
2775 2859 2879 2913 κᾶν
2901 2860 3160 2931 μυριάκις
3175 2856 3534 2928 ἐγκόπτηται.

1857 2944 2096 3016 τοσούτῳ
2121 2946 2383 3015 μειζόνως
2407 2947 2727 3019 ἐπιθήσεται
2755 2950 2871 3010 τοῖς
2896 2946 3038 3001 κατά
3062 2946 3196 3000 Θεὸν
3220 2945 3531 3017 πράγμασι,

1857 3031 1926 3085 τά
1971 3034 2102 3105 παρ’
2137 3036 2332 3089 ἐαυτοῦ
2381 3038 2557 3091 πάντα
2607 3035 2850 3108 πληρῶν,
2891 3036 2985 3091 καὶ
3031 3038 3088 3089 ἐν
3124 3033 3328 3089 ἅπασιν
3379 3034 3537 3105 εὐχα-

1861 3121 2079 3192 ριστῶν.
2109 3123 2279 3177 Τοῦτο
2307 3124 2372 3195 δὴ
2401 3125 2495 3178 καὶ
2529 3127 2690 3196 ἡμεῖς
2729 3123 2992 3194 ποιῶμεν.
3043 3123 3234 3193 Μέγας
3263 3122 3540 3194 θησαυρὸς

1859 3210 1894 3280 ἡ
1923 3211 2259 3281 εὐχαριστία,
2293 3213 2466 3282 μέγας
2495 3213 2752 3277 πλοῦτος,
2797 3212 3073 3266 ἀνάλωτον
3107 3209 3336 3279 ἀγαθὸν,
3371 3209 3536 3264 ὅπλον

1864 3299 2108 3372 ίσχυρόν·
2140 3301 2330 3374 ῶσπερ
2373 3298 2466 3356 οὖν
2510 3304 2542 3374 ἡ
2595 3301 2914 3372 βλασφημία
2945 3302 3044 3373 τὴν
3077 3295 3244 3354 οὖσαν
3281 3299 3557 3352 ἐπιτείνει-

1861 3383 2085 3457 ζημίαν,
2102 3388 2195 3441 καὶ
2220 3382 2294 3442 ὧν
2317 3389 2677 3459 ἀπωλέσαμεν
2695 3388 2916 3442 πλείονα
2943 3386 3349 3460 προσαπολέσαι
3373 3387 3557 3439 ποιεῖ.-

1875 3475 2185 3540 Ἀπώλεσας
2215 3480 2507 3550 χρήματα;
2555 3479 2620 3533 ἂν
2655 3479 2756 3550 μὲν
2784 3479 3210 3550 εύχαριστήσῃς,
3244 3477 3544 3549 ἐκέρδανας

1862 3563 1960 3634 τὴν
1998 3564 2176 3636 ψυχὴν
2212 3567 2306 3618 καὶ
2335 3565 2560 3637 μείζονα
2608 3568 2824 3637 ἐκτήσω
2854 3566 2947 3620 τὸν
2996 3564 3246 3630 πλοῦτον,
3270 3564 3364 3619 τοῦ
3403 3564 3539 3619 Θεοῦ

1863 3652 2032 3706 πλείω
2062 3652 2162 3724 τὴν
2208 3651 2420 3708 εὔνοιαν
2468 3655 2949 3724 ἐπισπασάμενος·
3004 3652 3070 3707 ἂν
3119 3652 3539 3724 βλασφημήσῃς.

1863 3739 2298 3811 προσαπώλεσας
2330 3743 2424 3795 καὶ
2451 3741 2550 3813 τὴν
2599 3741 2875 3812 σωτηρίαν
2908 3739 3008 3812 τὴν
3049 3740 3266 3805 σαυτοῦ,
3300 3740 3396 3794 καὶ
3421 3741 3561 3795 οὐδὲ-

1862 3831 2046 3882 ἐκεῖνα
2067 3831 2370 3902 ἀνεκτήσω,
2407 3831 2502 3884 καὶ
2527 3830 2594 3900 ἦν
2627 3827 2772 3900 εἶχες
2793 3828 2993 3901 ψυχὴν,
3039 3829 3134 3884 κα)⁵
3167 3829 3370 3900 ταύτην
3405 3845 3540 3883 κατ-

1864 3916 2080 3980 έθυσας.

1938 4005 2025 4060 ιϐ’.
2059 4005 2197 4059 Ἀλλ’
2217 4005 2403 4076 ἐπειδὴ
2429 4006 2555 4077 περὶ
2577 4005 2927 4076 βλασφημίας
2947 4005 3078 4075 ἡμῖν
3093 4005 3123 4057 6
3151 4004 3306 4073 λόγος
3326 4003 3544 4074 ἐγένετο

1864 4094 1992 4158 νῦν,
2037 4094 2167 4165 μίαν
2205 4095 2348 4165 ὑμᾶς
2379 4093 2627 4157 ἅπαντας
2662 4093 2884 4162 αίτῆσαι
2915 4091 3176 4162 βούλομαι
3228 4091 3388 4164 χάριν
3420 4092 3542 4145 ἀντὶ

1863 4183 1964 4253 τῆς
1984 4183 2325 4256 δημηγορίας
2346 4182 2572 4254 ταύτης,
2597 4183 2690 4236 καὶ
2719 4184 2818 4254 τῆς
2845 4181 3155 4246 διαλέξεως,
3183 4182 3271 4236 ἵνα
3295 4199 3386 4254 μοι
3415 4185 3558 4247 τοὺςς

1866 4273 1926 4325 ἐν
1954 4275 2022 4344 τῇ
2065 4273 2218 4328 πόλει
2257 4273 2710 4344 βλασφημοῦντας
2736 4271 3126 4344 σωφρονίσητε.
3153 4271 3277 4326 Κᾶν
3303 4272 3542 4342 ἀκούσῃς

1865 4359 2010 4423 τινὸς
2043 4361 2103 4414 ἐν
2145 4360 2392 4432 άμφόδῳ.
2429 4361 2463 4432 ἢ
2491 4363 2549 4414 ἐν
2575 4360 2753 4432 ἀγορᾷ
2795 4360 2937 4430 μέσῃ
2973 4358 3421 4430 βλασφημοῦντος
3453 4359 3562 4412 τὸν»

1867 4449 2023 4513 Θεὸν,
2057 4449 2343 4521 πρόσελθε,
2373 4450 2718 4521 ἐπιτίμησον,
2752 4448 2860 4503 κᾶν
2883 4447 3097 4520 πληγάς
3124 4447 3392 4502 ἐπιθεῖναι
3425 4448 3560 4519 δέῃ,

1871 4537 1946 4608 μὴ
1976 4540 2290 4610 παραιτήσῃ
2311 4554 2326 4569 ο
2360 4537 2590 4609 ῥάπισον
2641 4535 2808 4591 αὑτοῦ
2851 4536 2951 4608 τὴν
2985 4537 3128 4606 ἂψιν,
3170 4534 3457 4608 σύντριψον
3483 4539 3550 4590 τὸ

1871 4625 2064 4696 στόμα,
2093 4624 2322 4694 άγίασόν
2356 4641 2450 4678 σου
2485 4624 2582 4697 τὴν
2612 4627 2768 4696 χεῖρα
2805 4624 2894 4678 διὰ
2920 4627 3018 4696 τῆς
3052 4622 3287 4696 πληγῆς,
3317 4625 3421 4678 κᾶν
3454 4625 3546 4694 ἐγ-

1869 4713 2074 4767 καλιῖισί
2117 4729 2284 4776 τινες,
2322 4713 2428 4767 κᾶν
2457 4715 2539 4777 εἰς
2566 4712 2916 4785 δικαστήριον
2957 4713 3212 4776 ἕλκωσιν,
3241 4712 3545 4783 ἀκολούθη-

1871 4819 1982 4854 σον·
2009 4800 2112 4856 κᾶν
2139 4803 2232 4855 ἐπὶ
2259 4801 2353 4855 τοῦ
2389 4801 2632 4873 βήματος
2657 4800 2887 4865 εὐθύνας
2908 4803 2936 4854 6
2962 4800 3221 4871 δικαστὴς
3241 4801 3542 4873 ἀπαιτήσῃ.

1869 4891 1990 4944 εἰπὲ
2014 4890 2159 4961 μετά
2169 4890 2499 4962 παρρησίας,
2513 4890 2594 4944 ὅτι
2613 4889 2704 4944 τὸν
2723 4889 2948 4961 βασιλέα
2963 4889 3070 4943 τῶν
3086 4889 3332 4959 ἀγγέλων
3353 4888 3546 4942 ἐϐλασ-

1871 4979 1943 5048 φή
1953 4993 2145 5049 μησενο
2189 4977 2251 5031 Εἰ
2273 4978 2380 5050 γὰρ
2413 4978 2504 5032 τὸν
2531 4979 2623 5031 ἐπὶ
2644 4978 2748 5048 γῆς
2771 4976 2996 5047 βασιλέα
3017 4977 3143 5040 τοὺς
3167 4975 3545 5048 βλασφημοῦν-

1871 5078 1970 5125 τας
2001 5058 2324 5124 κολάζεσθαι
2344 5059 2472 5129 χρὴ.
2489 5057 2668 5128 πολλῷ
2692 5057 2890 5128 μᾶλλον
2912 5063 3038 5123 τοὺς
3064 5062 3270 5115 ἐκεῖνον
3293 5063 3549 5136 ὑϐρίζον-

1869 5166 1988 5212 τας.
2021 5147 2211 5202 Κοινόν
2245 5148 2362 5199 ἐστι
2400 5145 2464 5198 τὸ
2491 5144 2764 5217 ἔγκλημα,
2813 5146 3068 5217 δημόσιον
3094 5149 3152 5202 τὸ
3177 5150 3441 5222 ἀδίκημα,
3463 5152 3548 5218 ἐξτ

1872 5251 2018 5288 εστιν
2046 5233 2261 5303 ἑκάστῳ
2292 5231 2402 5286 τῶν
2437 5232 2777 5303 βουλομένων
2805 5239 3131 5308 κατηγορεῖν
3151 5253 3164 5267 ·
3195 5238 3543 5308 μανθανέτω-

1875 5340 1972 5377 σαν
1984 5320 2079 5375 καὶ
2112 5320 2346 5373 Ἰουδαῖοι
2362 5321 2456 5373 καὶ
2479 5321 2760 5392 Ἕλληνες,
2792 5320 3002 5394 [Ι.9]ὅτι
3034 5325 3278 5395 σωτῆρές
3305 5327 3410 5380 εξσι
3443 5330 3544 5398 τῆς

1872 5410 2076 5472 πόλεως
2103 5409 2154 5460 oi
2182 5409 2520 5477 Χριστιανοὶ,
2543 5409 2634 5462 καὶ
2664 5410 2960 5480 κηδεμόνες
2995 5413 3087 5464 καὶ
3113 5415 3416 5481 προστάται
3448 5418 3544 5469 καὶ

1869 5497 2199 5559 διδάσκαλοι,
2234 5496 2328 5549 καὶ
2368 5495 2788 5566 μανθανέτωσαν
2822 5500 2955 5552 αὐτὸ
2981 5500 3138 5553 τοῦτο
3165 5503 3214 5554 οί
3243 5503 3551 5558 ἀκόλαστοι

1948 5681 1968 5700 ⁶
1991 5678 2102 5746 ρης)
2123 5692 2236 5746 ms§.
2266 5683 2319 5746 gl
2346 5677 2506 5746 .Savil.
2543 5677 2727 5746 ἀγαθῶν
2747 5677 2892 5739 ἔργων
2916 5675 3114 5738 ἀντέχου
3139 5676 3226 5732 ἕως
3246 5677 3303 5724 ἂν
3329 5678 3560 5738 ἐμπτέηςρ

1876 5741 1981 5802 κάν.
2014 5741 2138 5790 Infra
2162 5741 2356 5802 plurimi
2381 5753 2493 5802 mss.
2519 5741 2818 5802 περιέπεσας.

1947 5799 1965 5839 ῖ
1993 5797 2191 5862 ᾹΙίιιυόι
2218 5815 2333 5849 mss.
2360 5797 2656 5864 κηρύγματος
2692 5800 2884 5848 ἔλαττον
2931 5797 3236 5848 διακείσεται.
3265 5799 3374 5850 Μοιι
3401 5797 3620 5862 aliqub"

1880 5865 1951 5913 ὅτι
1975 5865 2308 5925 δοκιμώτερονἼ

1949 5926 1975 5966 ⁸
2000 5921 2147 5975 SEN-ll.
2178 5921 2229 5973 el
2253 5923 2376 5972 alius
2401 5926 2584 5986 φίλτρον
2606 5923 2658 5970 τὸ
2681 5924 2784 5985 περὶ
2811 5922 2973 5971 αὐτόν*
3011 5921 3271 5985 φιλοῦντος.
