3892 6236
362 236 434 290 53
1140 239 1196 295 5.
1228 239 1514 298 ,ΙΟᾹΝΝΙΞι
1546 239 2015 329 CHRYSQSTOM

2200 239 2399 295 JlllEP.
2431 239 2979 299 CONSTANTINOP.
3772 248 3816 301 δι

362 350 459 404 καὶ
484 350 934 423 διεστραμμένοι,
979 353 1062 407 ὃτι
1105 354 1197 407 καὶ¹
1225 356 1349 420 τοὺς
1382 355 1477 410 τοῦ
1508 356 1643 409 Θεοῦ
1674 356 1895 420 δούλους
1939 374 2036 426 φο-

361 436 573 493 ϐεῖσθαι
602 439 800 503 αὐτοὺς
832 444 959 511 χρὴ,
994 442 1083 495 ἵνα
1122 442 1225 496 κᾶν
1254 442 1483 497 έλωνταί
1530 461 1663 497 ποτε
1701 443 2039 513 φθέγξασθαί

361 544 413 580 τι
442 527 705 590 τοιοῦτον,
733 528 993 600 ἀλλήλους
1024 531 1298 601 πανταχοῦ
1330 532 1787 603 περιϐλέπωνται,
1824 533 1917 586 καὶ
1937 532 2037 597 τὰς

363 614 522 681 σκιὰς
543 616 840 689 τρέμωσιν,
868 618 1207 686 ἀγωνιῶντες
1241 620 1424 691 μήπου
1455 622 1484 674 ὁ
1527 621 1851 693 Χριστιανὸς
1872 620 2037 675 ἀκού-

363 720 458 769 σας
485 705 816 777 ὲπιπηδήσῃ,
859 705 953 758 καὶ
997 705 1201 778 κολάσῃ
1229 707 1609 779 σφοδρότερον.
1644 709 1758 761 Ούκ
1797 709 2036 781 ἤκουσας

359 790 413 843 τί
458 791 713 863 Ἰωάννης
746 792 1008 862 ἐποίησε;
1040 792 1314 863 Τύραννον
1350 793 1488 847 εἶδεν
1523 794 1810 866 ἄνθρωπον
1842 796 2034 866 γάμων

360 878 733 948 ἀνατρέπονται
767 878 979 947 νόμους,
1013 880 1109 933 καὶ
1142 880 1282 948 μετά
1318 879 1630 952 παρρησίας
1664 883 1722 934 ὲν
1752 881 1901 953 μέσῳ
1937 884 2036 954 τῆς

358 966 566 1038 ἀγορᾶς
608 983 797 1037 φησιν·
839 969 961 1020 Οὐκ
1012 967 1218 1031 ἒξεστί
1268 983 1368 1022 σοι
1412 970 1577 1038 ἔχειν
1621 970 1736 1036 τὴν
1780 972 2037 1040 γυναῖκα

357 1055 658 1109 Φιλίππου
678 1052 786 1108 τοῦ
805 1054 1075 1123 ἀδελφοῦ
1098 1071 1236 1110 σου.
1276 1056 1417 1124 Ἐγὼ
1441 1057 1498 1109 δέ
1520 1074 1579 1110 σε
1601 1057 1700 1111 οὐκ
1720 1059 1810 1110 ἐπὶ
1838 1057 2036 1129 τύραν-

357 1159 449 1195 νον
479 1143 708 1213 ήγαγον,
755 1143 878 1195 οὐδὲ
906 1142 1192 1215 δικαστὴν,
1243 1144 1363 1197 οὐδὲ
1392 1145 1532 1216 ὑπὲρ
1572 1145 1766 1214 γάμων
1800 1163 2036 1216 παρανο-

360 1229 664 1299 μουμένων,
697 1230 818 1283 οὐδὲ
838 1231 979 1301 ὑπὲρ
1003 1230 1302 1285 συνδούλων
1326 1230 1719 1303 ὑϐριζομένων,
1748 1233 1863 1287 ἀλλ’
1892 1234 2033 1307 ὑπὲρ

353 1317 453 1387 τῆς
492 1318 571 1380 είς
600 1317 695 1370 τὸν
721 1317 995 1387 Δεσπότην
1027 1320 1332 1389 παροινίας,
1359 1319 1449 1374 τὸν
1471 1320 1731 1391 ὁμότιμον
1760 1320 1896 1388 ἀξιῶ
1928 1340 2033 1375 σω·

355 1404 646 1477 φρονίζειν.
680 1399 829 1477 Ἀρά
855 1421 919 1473 γε
961 1408 1010 1459 εί
1044 1406 1231 1475 ἔλεγόν
1262 1424 1365 1471 σοι,
1423 1409 1506 1462 ὄτι
1557 1411 1682 1472 τοὺς
1723 1408 1961 1479 βασιλεῖς
1995 1410 2027 1482 ἢ

352 1494 478 1556 τοὺς
506 1492 765 1557 δικαστὰς
795 1493 1240 1565 παρανομοῦντας
1265 1494 1458 1560 κόλαζε
1475 1497 1569 1549 καὶ
1588 1496 1820 1568 διόρθου,
1844 1499 1946 1551 οὐκ
1964 1500 2029 1554 ἄν

357 1596 424 1650 με
456 1580 741 1651 μαίνεσθαι
766 1581 934 1651 Ego-qq;
964 1583 1158 1635 Καίτοι
1187 1600 1250 1651 γε
1287 1584 1540 1654 Ἰωάννης
1561 1584 1721 1638 τοῦτο
1739 1586 1991 1657 ἐποίησεν
2010 1603 2024 1617 ο

354 1666 526 1731 οὕτως
544 1668 665 1721 οὐδὲ
685 1668 844 1722 τοῦτο
862 1668 1047 1747 μεῖζον
1072 1671 1366 1741 ήμῶν.Νῦν
1381 1672 1438 1724 δὲ
1466 1672 1571 1725 κᾶν
1601 1673 1693 1725 τὸν
1717 1675 2027 1744 ὁμόδουλον,

354 1754 458 1809 κᾶν
473 1756 564 1809 τὸν
579 1756 841 1827 ὁμότιμον
855 1757 1167 1830 διόρθωσον,
1187 1758 1288 1812 κᾶν
1304 1760 1592 1813 ἀποθανεῖν
1628 1760 1744 1835 δέῃ,
1764 1763 2030 1833 σωφρονί-

354 1843 468 1908 ζειν
481 1845 569 1896 τὸν
585 1844 809 1913 ἀδελφὸν
829 1847 902 1917 μὴ
915 1848 1124 1918 ἀποκνή
1134 1848 1555 1921 σῃς,μαρτύριόν
1574 1867 1655 1904 σοι
1675 1853 1828 1907 τοῦτό
1845 1857 1991 1908 ἐστιν
2007 1872 2022 1887 ο

354 1931 476 1983 ἐπεὶ
493 1932 587 1984 καὶ
611 1932 862 2004 Ἰωάννης
889 1935 1098 2004 μάρτυς
1117 1931 1206 2006 ἦν.
1240 1937 1430 1991 Καίτοι
1455 1939 1593 2006 γεού
1618 1938 1777 1993 θῦσαι
1809 1941 2026 1994 ἐκελεύ-

354 2021 454 2090 σθη
465 2059 480 2083 ,
496 2021 614 2075 οὐδὲ
628 2026 997 2095 προσκυνῆσαι
1012 2026 1246 2088 είδωλον,
1263 2027 1379 2080 ἀλλ’
1393 2029 1423 2081 ὑ
1432 2028 1532 2099 πὲρ
1553 2029 1658 2082 τῶν
1675 2031 1718 2083 ίε
1728 2030 1833 2100 ρῶν
1847 2031 2026 2101 νόμων

354 2108 726 2179 ὑϐριζομένων
748 2111 845 2182 τὴν
873 2113 1111 2184 κεφαλήν
1142 2114 1375 2168 ἀπέθετο
1395 2129 1408 2142 ⁸
1449 2116 1543 2169 καὶ
1573 2117 1636 2170 σὺ
1669 2117 1851 2170 τοίνυν
1876 2117 2024 2187 ἀγώ-

351 2214 498 2251 νισαι
554 2198 714 2269 μέχρι
761 2199 992 2254 θανάτου
1040 2202 1179 2275 ὑπὲρ
1226 2204 1326 2274 τῆς
1374 2203 1650 2275 ἀληθείας,
1686 2208 1779 2260 καὶ
1824 2207 2027 2279 Κύριος

352 2288 651 2359 πολεμήσει
681 2290 820 2363 ὑπὲρ
856 2290 971 2345 σοῦ.
1015 2293 1126 2346 Καὶ
1160 2294 1232 2364 μή
1267 2311 1356 2364 μοι
1385 2293 1510 2363 λέγε
1548 2296 1608 2348 τὸ
1642 2296 1848 2367 ψυχρὸν
1870 2296 2030 2350 τοῦτο

356 2376 530 2446 ῥῆμα,
566 2376 637 2430 Τί
683 2377 740 2432 δέ
773 2397 864 2450 μοι
897 2379 1084 2450 μέλει;
1138 2380 1290 2433 οὐδὲν
1319 2382 1494 2435 κοινὸν
1543 2381 1651 2453 ἔχω
1683 2383 1818 2454 πρὸς
1843 2384 2024 2439 αὐτόν.

354 2464 498 2535 Πρὸς
525 2466 615 2520 τὸν
656 2466 899 2521 διάϐολον
928 2467 1080 2520 οὐδὲν
1111 2467 1306 2538 ἔχομεν
1351 2469 1528 2521 κοινὸν
1569 2470 1751 2539 μόνον,
1791 2472 1928 2542 πρὸς
1971 2472 2028 2525 δὲ

352 2553 481 2616 τοὺς
512 2552 832 2624 ἀνθρώπους
862 2555 1106 2618 ἅπαντας
1138 2554 1307 2608 πολλά
1343 2555 1537 2627 ἔχομεν
1575 2557 1749 2611 κοινά.
1788 2559 1897 2630 Τῆς
1920 2559 2030 2633 γὰρ

355 2637 573 2707 φύσεως
602 2643 734 2712 ἡμῖν
764 2642 866 2712 τῆς
918 2643 1090 2713 αὐτῆς
1140 2641 1445 2713 μετέχουσι,
1477 2643 1575 2714 τὴν
1614 2645 1782 2717 αὐτὴν
1811 2648 1915 2717 γῆν
1951 2650 2030 2702 οἰ·-

352 2729 536 2791 κοῦσι,
577 2731 672 2783 καὶ
706 2733 826 2794 ταῖς
877 2732 1068 2794 αὐταῖς
1104 2730 1395 2803 τρέφονται
1434 2736 1679 2803 τροφαῖς,
1724 2735 1815 2787 τὸν
1869 2738 2030 2791 αὑτὸν

353 2817 538 2889 ἔχουσι
568 2821 867 2893 Δεσπότην,
906 2822 1033 2884 τοὺς
1068 2822 1267 2885 αὐτοὺς
1305 2821 1554 2886 ἐδέξαντο
1588 2824 1807 2893 νόμους,
1848 2826 1939 2878 ἐπὶ
1962 2828 2029 2881 τά

354 2912 495 2964 αύτά
535 2914 669 2982 ήμῖν
705 2910 1150 2983 παρακαλοῦνται
1200 2911 1402 2979 ἀγαθά.
1436 2913 1527 2983 Μὴ
1554 2912 1734 2968 τοίνυν
1781 2913 2030 2986 λέγωμεν

354 2999 430 3062 ώς
457 3000 608 3059 οὐδὲν
650 3002 781 3071 ήμῖν
813 3000 992 3054 κοινὸν
1027 3001 1164 3071 πρὸς
1199 3000 1393 3065 αὐτούς
1415 3018 1428 3031 ⁸
1467 3003 1730 3073 σατανικὴ
1757 3003 1867 3076 γὰρ
1890 3004 2027 3077 αῦτη

354 3087 388 3156 ἡ
435 3087 607 3159 φωνὴ,
646 3087 923 3159 διαϐολικὴ
961 3089 994 3159 ή
1046 3088 1443 3161 ἀπανθρωπία’
1506 3089 1580 3161 μὴ
1635 3089 1813 3144 τοίνυν
1858 3090 2029 3145 ταῦτα

2138 354 2420 426 λέγωμεν,
2484 354 2618 409 ἀλλὰ
2667 356 2767 428 τὴν
2821 357 3141 430 πρέπουσαν
3192 359 3442 429 ἀδελφοῖς
3496 360 3813 431 κηδεμονίαν

2141 441 2560 514 ὲπιδειξώμεθα.
2604 443 2823 512 Ἑγὼδὲ
2853 444 3015 498 τοῦτο
3051 444 3191 517 μετά
3231 447 3415 517 πάσης
3446 446 3811 518 ὑπισχνοῦμαι

2136 529 2443 601 ἀκριϐείας,
2486 535 2582 587 καὶ
2618 532 2904 604 ἐγγυῶμαι
2933 535 3105 587 πᾶσιν
3128 535 3276 605 ὑμῖν,
3308 536 3393 589 ὅτι
3425 538 3475 589 εἰ
3505 539 3686 601 ὑμεῖς
3716 537 3810 607 βοτη

2136 616 2389 688 ληθείητε
2421 618 2622 682 πάντες
2651 621 2700 673 οἱ
2739 621 3006 692 παρόντες
3039 621 3274 675 ἐνταῦθα
3311 624 3810 694 διανείμασθαι

2139 706 2415 776 σωτηρίαν
2441 706 2551 760 τῶν
2579 706 2679 777 τὴν
2707 707 2863 760 πόλιν
2884 708 3198 775 οἰκούντων,
3231 710 3441 780 ταχέως
3466 713 3611 782 ἡμῖν
3642 710 3810 765 ἄπεισι

2136 790 2463 864 διορθοῦται.
2495 794 2688 848 Καίτοι
2716 810 2781 861 γε
2816 794 2879 846 τὸ
2926 795 3208 865 ἐλάχιστον
3246 797 3410 868 μέρος
3453 798 3561 867 τῆς
3616 799 3809 862 πόλεως

2137 879 2373 934 ἐνταῦθά
2404 883 2574 944 ἐστιν,
2620 881 2904 952 ἐλάχιστον
2936 883 3079 937 κατά
3112 884 3172 936 τὸ
3196 885 3420 954 πλῆθος,
3461 884 3525 939 τὸ
3567 886 3631 939 δὲ
3662 889 3810 955 κεφά-

2135 969 2285 1023 λαιον
2325 969 2469 1023 κατά
2518 972 2618 1040 τὴν
2669 970 2974 1025 εὐσέϐειαν.
3027 972 3447 1043 Διανειμώμεθα
3492 973 3696 1028 τοίνυν

2136 1056 2246 1111 τῶν
2271 1057 2520 1127 ἀδελφῶν
2543 1060 2575 1129 ή
2585 1057 2703 1128 μῶν
2731 1060 3036 1130 σωτηρίαν
3064 1061 3228 1129 ἀρκεῖ
3250 1054 3330 1124 εἷς
3355 1060 3661 1132 ἄνθρωπος
3688 1061 3814 1133 ζήὶφ

2135 1147 2534 1216 πεπυρωμένος
2560 1146 2852 1217 ὁλόκληρον
2898 1146 3295 1220 διορθώσασθαι
3326 1147 3519 1219 δῆμον.
3564 1149 3749 1202 Ὅταν
3771 1152 3812 1204 δὲ

2138 1232 2212 1303 μὴ
2248 1226 2354 1295 εἷς,
2386 1232 2521 1302 μηδὲ
2550 1232 2642 1285 δύο
2671 1232 2767 1286 καὶ
2792 1236 2963 1302 τρεῖς,
3009 1233 3145 1287 ἀλλά
3172 1234 3423 1287 τοσοῦτον
3518 1234 3591 1288 τὸ
3620 1235 3810 1305 πλῆθος

2132 1318 2193 1370 τὺ
2236 1318 2530 1388 δυνάμενον
2545 1319 2644 1389 τῆς
2674 1318 2781 1371 τῶν
2811 1319 3170 1390 ἠμελημένων
3207 1319 3523 1390 ἐπιμελείας
3556 1321 3807 1391 ἅψασθαι,

2133 1404 2431 1475 οὐδαμόθεν
2456 1405 2744 1475 ἑτέρωθεν,
2768 1406 2905 1460 ἀλλά
2926 1403 3077 1478 παρὰ
3096 1408 3195 1479 τὴν
3215 1408 3492 1480 ἡμετέραν
3512 1409 3809 1481 ρᾳθυμίαν,

2135 1491 2227 1545 καὶ
2276 1492 2337 1544 ού
2368 1492 2520 1562 παρά
2558 1493 2658 1562 τὴν
2687 1492 2970 1547 ἀσθένειαν
2997 1496 3047 1547 οἱ
3093 1494 3312 1558 πλείους
3345 1496 3697 1551 ἀπόλλυνται
3731 1499 3807 1551 καὶ

2133 1577 2558 1633 καταπίπτουσι.
2592 1579 2716 1643 Πῶς
2746 1580 2855 1652 γὰρ
2877 1582 2977 1633 οὐκ
3001 1580 3221 1645 ἄτοπον,
3254 1583 3303 1634 εἰ
3342 1583 3439 1652 μὲν
3473 1582 3673 1656 μάχην
3706 1585 3810 1637 ἴδοι·

2139 1682 2238 1736 μεν
2268 1666 2361 1718 ἐπὶ
2388 1666 2485 1736 τῆς
2523 1667 2751 1739 ἀγορᾶς,
2797 1670 3099 1739 προσιέναι,
3135 1669 3230 1722 καὶ
3267 1669 3675 1724 καταλλάττειν
3704 1676 3811 1734 τοὺς

2140 1751 2478 1822 μαχομένους
2497 1767 2510 1780 '
2548 1753 2600 1805 τί
2629 1754 2685 1806 δὲ
2708 1753 2850 1822 λέγω
2883 1753 3095 1824 μάχηνς
3128 1758 3176 1808 εἰ
3204 1757 3594 1809 καταπεσόντα
3623 1758 3809 1828 ἴδωμεν

2139 1837 2284 1901 ὄνον,
2318 1838 2519 1904 πάντες
2545 1842 2704 1911 χεῖρα
2730 1841 2941 1911 ὀρέγειν
2968 1843 3059 1894 καὶ
3086 1842 3454 1911 συνδιανιστᾷν
3479 1842 3807 1914 σπεύδομεν·
3866 1904 3867 1913 γ

2122 1924 2231 1979 τῶν
2244 1926 2300 1979 δὲ
2319 1927 2560 1997 ἀδελφῶν
2583 1928 2964 1999 ἀπολλυμένων
2981 1928 3230 2000 ἀμελεῖν;
3253 1930 3409 1990 Ὄνος
3427 1929 3583 1981 ἐστὶν
3605 1932 3636 1983 ὁ
3659 1930 3810 2001 βλάσ-
3866 1926 3867 1935 “

2130 2031 2202 2084 φη
2212 2032 2329 2084 μος,
2353 2016 2449 2068 καὶ
2474 2015 2646 2085 θυμοῦ
2683 2017 2900 2087 φορτίον
2918 2017 3018 2071 οὐκ
3046 2016 3300 2086 ἐνεγκὼν,
3315 2016 3594 2070 κατέπεσε
3614 2036 3630 2050 ·
3654 2021 3809 2092 πρόε-

2124 2100 2265 2167 ελθε,
2300 2103 2391 2154 καὶ
2417 2101 2769 2174 διανάστησον
2786 2102 2880 2156 καὶ¹
2896 2103 2983 2156 διὰ
3002 2106 3285 2178 ῥημάτων,
3306 2107 3400 2159 καὶ
3428 2104 3518 2159 διὰ
3541 2110 3807 2178 πραγμά-

2136 2195 2264 2242 των,
2286 2180 2770 2241 κα“ιδι’έπιεικείας
2790 2181 2881 2231 καὶ
2896 2176 3249 2249 σφοδροτητος
3267 2190 3356 2251 ινιυ
3403 2176 3659 2240 ποικίλων
3690 2176 3809 2241 ἐπι,

2134 2268 2196 2320 τδ
2212 2266 2522 2337 φάρμακον.
2548 2265 2644 2317 Ἂν
2667 2264 2811 2319 οὕτω
2825 2265 2891 2317 τὰ
2910 2265 3031 2317 καθ’
3054 2266 3281 2330 ἑαυτοὺς
3297 2272 3710 2342 οἰκονομῶμεν,
3732 2277 3811 2329 καὶ

2133 2352 2232 2422 τῆς
2250 2351 2357 2403 τῶν
2378 2348 2600 2418 πλησίον
2617 2348 3142 2421 ἀντιλαμϐανώμεθα
3164 2354 3454 2424 σωτηρίας,
3479 2357 3710 2426 ταχέως
3727 2362 3809 2413 κὰ-

2135 2439 2333 2501 κείνοις
2360 2437 2541 2500 αὐτοῖς
2570 2439 2680 2499 τοῖς
2708 2441 2805 2510 τῆς
2833 2438 3169 2510 διορθώσεως
3198 2442 3530 2496 ἀπολαύουσι
3562 2446 3807 2499 ποθεινιὶ

2133 2524 2367 2595 ἐσόμεθα
2402 2528 2492 2578 καὶ
2525 2526 2837 2595 ἐπέραστον
2857 2541 2884 2569 ι
2908 2527 3270 2585 κα¹ιόπάντων
3301 2532 3416 2585 ἐστὶ
3448 2531 3669 2601 μεῖζον,
3704 2535 3805 2586 τῶν

2132 2615 2507 2685 ἀποκειμένων
2539 2615 2917 2687 ἀπολαύσομεν
2948 2618 3190 2686 ἀγαθῶν,
3232 2613 3306 2673 ὧν
3335 2624 3548 2690 γένοιτο
3593 2625 3807 2688 πάντας

2132 2703 2276 2771 ἡμᾶς
2292 2703 2584 2772 ἐπιτυχεῖν,
2607 2705 2786 2775 χάριτι
2802 2706 2893 2759 καὶ
2911 2707 3291 2780 φιλανθρωπίᾳ
3309 2709 3401 2763 τοῦ
3425 2712 3636 2782 Κυρίου
3657 2716 3694 2785 ή
3700 2715 3807 2784 μῶν

2143 2789 2317 2858 Ἰησοῦ
2363 2789 2622 2861 Χριστοῦ,
2670 2792 2737 2845 δι’
2784 2787 2846 2847 οὗ
2890 2795 2985 2853 καὶ
3019 2796 3137 2865 μεθ’
3169 2790 3229 2848 οὗ
3259 2797 3336 2867 τῷ
3375 2799 3549 2869 lla-cp".
3589 2798 3719 2869 ἅμα
3740 2803 3807 2869 τῷ

2130 2875 2268 2946 ἁγίῳ
2296 2876 2574 2945 Πνεύματι
2594 2878 2740 2946 δόξα,
2784 2880 3005 2953 κράτος,
3031 2883 3186 2954 τιμὴ,
3221 2884 3315 2937 νῦν
3343 2886 3434 2937 καὶ
3464 2887 3573 2946 ἀεὶ,
3605 2904 3709 2939 και
3736 2892 3806 2950 εἰς

2125 2962 2252 3026 τοὺς
2281 2963 2480 3029 αἰῶνας
2505 2965 2614 3020 τῶν
2644 2967 2872 3022 αἰώνων.
2919 2971 3110 3039 ’Λμήν.

2194 3056 2370 3117 ‘_Ha=c
2407 3056 2490 3103 καὶ
2515 3055 2770 3117 ἐπέραστοι
2815 3058 2995 3117 (lusum
3038 3054 3090 3102 in
3133 3054 3328 3115 Morel.,
3366 3054 3458 3102 sed
3487 3052 3809 3104 habenlurin

2132 3115 2284 3165 Savil.
2308 3117 2425 3165 etin
2448 3115 2671 3179 plurimis
2695 3116 2961 3166 codicibus.

1773 3322 2013 3375 OMIMA
2065 3321 2401 3389 ΔΕΥΤΕΡΑ,

356 3436 653 3507 Λεχθεῖσα
682 3436 754 3489 ἐν
798 3437 1141 3504 Ἀντιοχείᾳ
1171 3437 1240 3488 ἐν
1274 3435 1347 3504 τῇ
1378 3435 1601 3501 πίιηῖιυᾷ
1635 3441 1729 3504 .123.
1746 3435 1932 3504 ομένῃ
1964 3436 2284 3506 ἐκκλησίᾳ,
2318 3438 2494 3505 ὄντος
2525 3438 2712 3492 αὑτοῦ
2742 3438 3171 3507 πρεσϐυτέρου,
3199 3438 3333 3507 περὶ
3358 3436 3469 3507 τῆς
3493 3439 3811 3509 συμϐάσης

431 3523 747 3594 συμφορᾶς
779 3525 850 3577 ἐν
873 3522 948 3590 τῇ
985 3524 1158 3575 πόλει
1190 3535 1239 3585 α,
1271 3522 1371 3575 ἐπὶ
1392 3520 1465 3590 τῇ
1498 3519 1717 3589 ἀταξίᾳ
1745 3520 1857 3590 τῆς
1887 3522 2313 3591 καταστροφῆς
2344 3524 2466 3577 τῶν
2490 3524 2858 3593 ἀνδριάντων
2877 3525 2984 3580 τοῦ
3008 3527 3334 3583 Θεοδοσίου
3379 3531 3482 3585 τοῦ
3516 3534 3811 3599 εὐσεϐοῦς

426 3616 734 3680 ,βασιλέως
758 3615 867 3668 τοῦ
895 3613 1165 3683 μεγάλου
1194 3631 1207 3644 ·
1249 3613 1350 3667 καὶ
1375 3614 1461 3677 εὶς
1503 3614 1569 3664 τὸ
1593 3614 1785 3679 ῥητὸν
1809 3612 1917 3668 τοῦ
1954 3615 2334 3678 Ἄποστόλου,
2375 3616 2502 3682 Τοῖς
2522 3620 2843 3683 πλουσίοις
2864 3618 3242 3687 παράγγελλε
3276 3621 3445 3687 ἐντῷ
3481 3625 3605 3679 νῦν
3643 3627 3808 3681 αἰῶνι

429 3710 514 3774 μή
554 3706 1031 3773 ιἰ-ψηλορέσονεῖν·
1058 3705 1159 3759 καὶ
1195 3706 1344 3759 κατὰ
1376 3703 1755 3778 πλεονεξιᾎις.

415 3894 481 3942 α’.
515 3887 579 3940 Τί
608 3887 746 3940 είπω
777 3887 870 3941 καὶ
892 3888 946 3942 τί
978 3888 1229 3961 λαλήσως
1256 3890 1506 3962 δακρύων
1527 3891 1554 3942 ὀ
1590 3892 1778 3964 παρὼν
1813 3893 2021 3963 καιρὸς,

348 3975 468 4046 οὐχὶ
498 3975 757 4047 ῥημάτων
775 3992 788 4008 ·
819 3974 1054 4047 θρήνων,
1091 3976 1213 4047 οὐχὶ
1244 3977 1416 4048 λόγων
1435 3995 1448 4009 ·
1477 3979 1663 4051 εὐχῆς,
1689 3981 1750 4033 ού
1776 3980 2021 4052 δημηγο-

352 4064 502 4135 ρίαςο
542 4064 782 4121 τοιοῦτον
824 4064 932 4118 τῶν
972 4065 1391 4138 τετολμημένων
1440 4068 1501 4120 τὸ
1557 4069 1805 4139 μέγεθος,
1849 4069 2022 4133 οὕτως

347 4150 559 4206 ἀνίατον
578 4151 639 4203 τὸ
668 4151 845 4214 ἕλκος.
876 4151 1017 4205 οὓτω
1052 4153 1194 4223 μέγα
1226 4153 1287 4206 τὸ
1323 4154 1565 4224 τραῦμα,
1606 4156 1702 4208 καὶ
1732 4157 1911 4227 πάσης
1941 4159 2020 4211 ιά-

348 4239 535 4310 τρείας
560 4238 762 4308 μεῖζον,
802 4238 895 4292 καὶ
929 4241 1027 4310 τῆς
1050 4239 1256 4294 ἀνωθεν
1276 4241 1530 4313 δεόμενον
1558 4243 1830 4314 βοηθείας.
1862 4244 2018 4299 Οὕτω

351 4327 449 4397 μὲν
474 4328 502 4380 ὀ
539 4326 660 4380 Ἰὼϐ
686 4326 904 4380 ἅπαντα
924 4325 1236 4391 ἀποϐαλὼν,
1267 4328 1359 4380 ἐπὶ
1381 4329 1482 4399 τῆς
1508 4330 1740 4402 κοπρίας
1762 4332 2016 4404 ἐκάθητο,

348 4415 443 4469 καὶ
487 4413 818 4476 ἀκούσαντες
848 4413 876 4452 h
904 4415 953 4466 οἱ
988 4413 1129 4483 φίλοι
1166 4415 1546 4484 παρεγένοντο,
1579 4419 1673 4471 καὶ
1707 4419 1904 4485 ἰδόντες
1924 4422 2022 4473 αὑ-

345 4502 438 4555 τὸν
464 4501 766 4574 πόρρωθεν,
794 4502 862 4554 τὶ
883 4501 1073 4572 ἱμάτια
1100 4502 1409 4575 διέρρηξαν,
1444 4507 1539 4559 καὶ
1561 4506 1752 4559 σποδὸν
1780 4510 2021 4563 κατεπά-

350 4605 541 4655 σαντο,
587 4589 682 4642 καὶ
743 4589 883 4658 μέγα
938 4588 1258 4659 ἀνῴμωξαν.
1317 4591 1432 4644 Νῦν
1480 4592 1640 4645 τοῦτο
1686 4593 1787 4657 τὰς
1839 4596 2022 4660 πόλεις

349 4677 567 4740 ἁπάσας
592 4676 696 4738 τὰς
743 4675 922 4747 κύκλῳ
949 4677 1172 4747 ποιῆσαι
1201 4680 1386 4749 ἐχρῆν,
1428 4680 1524 4734 καὶ
1555 4684 1691 4753 πρὸς
1734 4684 1835 4753 τὴν
1869 4684 2020 4737 πόλιν

350 4764 446 4833 τὴν
489 4762 764 4833 ἡμετέραν
789 4763 983 4826 ἐλθεῖν,
1009 4765 1103 4818 καὶ¹
1131 4763 1398 4836 θρηνῆσαι
1424 4769 1491 4820 τὰ
1518 4770 1857 4839 γεγενημένα
1884 4771 2022 4840 μετά

354 4849 701 4921 συμπαθείας
729 4851 969 4920 ἀπάσης.
1020 4852 1255 4915 Ἐκεῖνος
1285 4852 1381 4905 ἐπὶ
1407 4854 1506 4925 τῆς
1528 4855 1759 4925 κοπρίας
1789 4857 2023 4929 ἐκάθητο

348 4937 492 5002 τότε,
525 4934 662 5006 αῦτη
692 4937 750 4988 έν
773 4936 981 5008 μεγάλῃ
1012 4937 1199 5005 παγίδι
1224 4937 1455 5008 κάθηται
1479 4939 1595 4993 νῦν.
1627 4941 1891 5014 Καθάπερ
1913 4944 2022 5015 γάρ

347 5024 468 5079 τότε
491 5025 519 5078 ὁ
556 5022 801 5088 διάϐολος
825 5026 904 5088 εἰς
936 5024 1005 5080 τὰ
1036 5025 1262 5095 ποίμνια
1284 5026 1378 5078 καὶ
1400 5027 1469 5079 τὰ
1495 5026 1769 5097 βουκόλια,
1795 5033 1887 5084 καὶ
1918 5033 2023 5085 πᾶ-

348 5130 448 5167 σαν
500 5113 788 5183 ὠρχήσατο
834 5113 927 5166 τοῦ
960 5113 1171 5167 δικαίου
1203 5112 1300 5185 τὴν
1333 5115 1521 5168 οὐσίαν
1553 5127 1574 5156 ο
1595 5134 1608 5147 ο
1644 5117 1785 5170 οῦτω
1812 5118 1906 5170 νῦν
1940 5121 2021 5181 είς

347 5200 446 5270 τὴν
468 5200 622 5254 πόλιν
648 5201 867 5254 ἃπασαν
898 5200 1249 5270 ἐϐάκχευσεν.
1293 5202 1433 5255 Ἀλλ’
1453 5205 1480 5257 ὁ
1501 5202 1633 5268 Θεὸς
1662 5205 1755 5257 καὶ
1783 5204 1904 5256 τότε
1927 5206 2022 5258 καὶ

347 5287 442 5341 νῦν
481 5287 827 5359 συνεχώρησε
849 5302 861 5315 ·
884 5288 1004 5341 τότε
1033 5289 1151 5358 μὲν,
1181 5289 1267 5342 ἵνα
1290 5288 1380 5342 τὸν
1407 5290 1615 5344 δίκαιον
1643 5290 2021 5362 λαμπρότερον

349 5377 548 5448 ποιήσῃ
594 5374 671 5447 τῷ
709 5375 926 5446 μεγέθει
962 5375 1071 5428 τῶν
1104 5377 1449 5447 πειρασμῶν,
1483 5376 1579 5430 νῦν
1611 5377 1688 5440 δὲ,
1740 5378 1826 5431 ίνα
1873 5377 2023 5448 ἡμᾶς

349 5462 823 5534 σωφρονεστέρους
881 5460 1186 5533 ἐργάσηται
1242 5465 1309 5533 τῇ
1366 5464 1466 5535 τῆς
1532 5463 1764 5534 θλίψεως
1816 5465 2020 5536 ταύτης

260 5637 270 5662 ε
410 5599 546 5671 {Si}:
568 5601 795 5671 Saﬁlzel
815 5605 1009 5664 quidam
1043 5618 1180 5671 ms§.,
1202 5607 1359 5671 τεοῖο.
1404 5604 1460 5655 In
1490 5604 1662 5655 Morel.
1694 5605 1798 5657 haec
1821 5608 2020 5671 desunt,

348 5663 450 5762 περὶ
470 5664 823 5733 τῆς-συμϐάσης
836 5663 1085 5741 συμφορᾶς
1107 5667 1154 5714 ἐν
1184 5672 1242 5729 τῇ
1277 5666 1429 5715 πόλει.

459 5724 586 5762 Snvnl
631 5734 676 5762 nl
717 5739 842 5762 unus
864 5728 940 5762 ὅγε
975 5744 1058 5762 ηςν
1089 5728 1171 5762 m'm
1203 5731 1229 5762 Α
1261 5725 1371 5762 Ἰὼϐ

277 5737 288 5753 ’-
355 5785 368 5789 _
407 5724 606 5789 Pngjl.
631 5734 842 5789 eL_unrurs
864 5724 1058 5789 ὅτεμέν
1089 5728 1171 5776 οὖν
1203 5724 1232 5776 ὁ
1261 5725 1427 5776 Ἰὼϐ...
1463 5727 1683 5789 ἐκάθητο,
1718 5729 2018 5789 ἀκούσαντες.

348 5783 472 5839 Infra
495 5785 641 5833 ildom
665 5784 747 5834 νῦν
773 5788 825 5835 δὲ
845 5783 1002 5838 τοῦτο.

410 5848 436 5880 ⁸
459 5847 558 5897 Alii
581 5850 665 5905 τὴι
688 5847 855 5902 οἰκίαν.

2136 3887 2431 3960 ὑπερϐολῇ.
2465 3889 2594 3943 Δότε
2626 3907 2715 3960 μοι
2745 3889 3014 3962 θρηνῆσαι
3038 3889 3107 3943 τὰ
3131 3889 3394 3960 παρόντα.
3435 3891 3808 3964 Ἐσιγήσαμεν

2129 3977 2343 4049 ἡμέρας
2386 3976 2544 4040 ἑπτὰ,
2602 3977 2852 4048 καθάπερ
2902 3978 2951 4030 οἱ
3001 3976 3145 4046 φίλοι
3192 3976 3288 4029 τοῦ
3343 3976 3463 4030 Ἰώϐ
3488 3995 3500 4008 ·
3546 3978 3675 4033 δότε
3729 3994 3805 4051 μοι

2129 4064 2304 4132 στόμα
2329 4062 2513 4134 διᾶραι
2546 4065 2804 4134 σήμερον,
2824 4064 2917 4116 καὶ
2942 4062 3041 4134 τὴν
3069 4062 3255 4134 κοινὴν
3282 4062 3486 4133 ταύτην
3505 4064 3806 4136 ὀδύρασθαι

2127 4151 2433 4222 συμφοράν.
2478 4151 2574 4213 Τίς
2608 4153 2738 4222 ἡμῖν
2783 4151 3085 4221 ὲϐάσκηνεν
3119 4150 3170 4215 ἀ,
3211 4152 3486 4222 ἀγαπητοί
3500 4168 3515 4217 ;
3550 4154 3641 4216 τίς
3677 4156 3805 4223 ἡμῖν

2124 4239 2421 4309 ὲφθόνησε;
2452 4236 2614 4290 πόθεν
2640 4238 2924 4310 ήτοσαύτη
2954 4240 3141 4307 γέγονε
3167 4238 3472 4310 μεταϐολῆς
3508 4240 3685 4294 Οὐδὲν
3714 4244 3807 4311 τῆς

2126 4325 2334 4387 πόλεως
2385 4324 2485 4393 τῆς
2538 4324 2814 4396 ἡμετέρας
2869 4324 3191 4395 σεμνότερον
3239 4319 3307 4394 ἦν
3331 4340 3347 4355 ο
3400 4325 3551 4378 οὐδὲν
3606 4329 3803 4397 γέγονε

2122 4413 2476 4484 ἐλεεινότερον
2507 4412 2621 4465 νῦν.
2662 4413 2842 4483 Δῆμος
2871 4412 3131 4476 εὔτακτος
3164 4413 3305 4466 οὓτω
3333 4414 3427 4467 καὶ
3454 4415 3688 4487 ἥμερος,
3720 4421 3805 4472 καὶ

2124 4499 2375 4572 καθάπερ
2402 4501 2567 4563 ἵππος
2590 4500 2879 4571 χειροήθης
2901 4502 2994 4554 καὶ
3016 4501 3292 4564 τιθασσὸς,
3317 4503 3404 4554 ἀεὶ
3427 4506 3548 4566 ταῖς
3571 4505 3689 4559 τῶν
3712 4509 3804 4576 ἀρ-

2124 4588 2329 4658 χόντων
2359 4589 2522 4642 εἴκων
2559 4591 2766 4660 χερσὶν,
2800 4589 3059 4660 ἐξαίφνης
3079 4591 3330 4645 τοσοῦτον
3364 4593 3495 4662 ἡμῖν
3526 4594 3805 4666 ἀπεσκίρ-

2124 4691 2257 4741 τησε
2293 4673 2408 4739 νῦν,
2439 4676 2513 4739 ὡς
2543 4676 2780 4729 τοσαῦτα
2809 4676 3145 4748 ἐργάσασθαι
3189 4679 3357 4743 κακὰ,
3383 4678 3419 4731 ἃ.
3457 4679 3592 4749 μηδὲ
3620 4684 3803 4735 εἰπεῖν

2125 4759 2302 4830 θέμις.
2334 4762 2749 4834 Ὀδύρομανκαὶ
2774 4763 2956 4834 θρηνῶ
2984 4764 3098 4828 νῦν,
3135 4765 3196 4817 οὑ
3228 4766 3318 4817 διὰ
3344 4765 3405 4819 τὸ
3436 4768 3670 4838 μέγεθος
3703 4772 3803 4840 τῆς

2124 4848 2580 4919 προσδοκωμένης
2623 4850 2872 4920 ἀπειλῆς,
2912 4850 3047 4903 ἀλλὰ
3088 4851 3176 4904 διὰ
3221 4851 3317 4922 τὴν
3353 4853 3663 4925 ὑπερϐολὴν
3704 4860 3803 4929 τῆς

2122 4935 2492 5006 γεγενημένης
2528 4939 2746 5006 μανίας.
2777 4939 2839 4991 Εἰ
2874 4938 2984 5007 γὰρ
3010 4938 3086 5010 μὴ
3114 4939 3473 5012 παροξυνθείη
3522 4941 3802 5011 βασιλεὺς.

2130 5021 2263 5092 μηδὲ
2302 5022 2618 5092 ὀργισθείη,
2648 5025 2782 5094 μηδὲ
2826 5023 3075 5077 κολάσειε
3114 5025 3209 5077 καὶ
3250 5028 3626 5097 τιμωρήσαιτο
3674 5027 3798 5104 [2|]

2121 5109 2236 5172 πῶς
2259 5109 2497 5180 οἴσομεν,
2517 5111 2638 5164 εἰπέ
2660 5129 2772 5182 μοι,
2789 5112 2891 5183 τὴν
2916 5111 3178 5182 αἰσχύνην
3190 5112 3290 5181 τὴν
3306 5112 3415 5165 ἀπὸ
3439 5113 3546 5166 τῶν
3565 5132 3800 5191 γεγενη-

2122 5196 2329 5265 μένωνς
2380 5195 2742 5250 Διακόπτεταί
2791 5215 2881 5267 μοι
2927 5199 3025 5269 τῆς
3067 5198 3416 5261 διδασκαλίας
3457 5201 3486 5252 ὀ
3516 5200 3677 5269 λόγος
3719 5206 3798 5275 τῷ

2120 5284 2318 5354 θρήνῳ·
2358 5283 2510 5352 μόλις
2561 5285 2728 5354 ἰσχύω
2764 5287 2944 5354 διᾶραι
2978 5286 3168 5354 στόμα,
3220 5287 3313 5338 καὶ
3340 5286 3547 5353 ἀνοῖξαι
3588 5290 3749 5361 χείλη
3777 5334 3792 5355 ,

2126 5365 2221 5418 καὶ
2253 5365 2475 5434 κινῆσαι
2505 5366 2773 5436 γλῶτταν,
2796 5368 2888 5421 καὶ
2917 5371 3137 5439 ῥήματα
3177 5371 3462 5441 προέσθαιο
3497 5371 3641 5427 οὕτω
3670 5378 3802 5431 καθ-

2126 5454 2269 5526 άπερ
2306 5453 2523 5524 χαλινὸς
2551 5457 2579 5508 ὁ
2600 5456 2700 5526 τῆς
2721 5455 2957 5525 ἀθυμίας
2983 5457 3146 5526 ὄγκος
3165 5459 3498 5530 ἀποστρέφει
3520 5479 3619 5531 μου
3650 5475 3676 5504 θ
3703 5467 3802 5535 τὴν

2122 5539 2389 5607 γλῶτταν,
2420 5541 2516 5594 καὶ
2557 5540 2663 5593 τῶν
2707 5542 2966 5612 ῥημάτων
3004 5544 3457 5616 ἐπιλαμϐάνεται.
3498 5549 3665 5603 Οὐδὲν
3706 5555 3803 5624 τῆς

2127 5627 2334 5691 πόλεως
2361 5629 2458 5699 τῆς
2481 5627 2754 5701 ἡμετέρας
2787 5631 3050 5702 πρότερον
3091 5632 3506 5705 μακαριώτερον
3531 5631 3619 5706 ἦν.
3649 5640 3805 5693 οὐδὲν

2199 5734 2236 5805 f1,
2260 5730 2504 5805 Savilnqg
2522 5733 2719 5805 ηυίιιειῃι
2755 5747 2871 5783 mss.
2896 5735 2966 5792 τίς
2990 5736 3102 5796 ἡμῖν
3126 5736 3404 5799 ἐϐάσκηνεν,
3447 5739 3546 5801 άγ.;
3593 5739 3663 5796 τίς
3694 5746 3806 5805 ἡμῖν

2128 5791 2383 5865 ὶφθόνςκσεξ
2408 5794 2505 5865 Alii
2524 5791 2653 5865 ᾗμᾷς
2674 5795 2764 5843 bis.

2201 5867 2223 5893 ε
2247 5854 2397 5903 Savll.
2424 5863 2476 5903 cl
2495 5854 2875 5927 ιιιίὶἀποστρέφει
2896 5875 2992 5920 μοι.
3016 5857 3122 5907 Mox
3145 5859 3293 5922 aliqui
3327 5861 3539 5920 μέλιτται
3565 5863 3735 5929 κηρίῳ,
