3932 6222
220 337 293 394 53
1182 330 1269 388 AD
1308 327 1627 388 POPULUM
1668 327 2179 389 ANTIOCHENUM.
2225 328 2451 384 llOlllL.
2485 329 2545 386 ll.
3443 325 3509 388 54

219 466 276 510 et
305 450 476 532 Judaii
500 461 552 508 et
571 449 815 523 gentiles,
833 444 1168 503 Christianos
1185 460 1306 501 esse
1339 444 1566 499 civitatis
1588 458 1814 499 conser-

220 556 455 608 vatores,
488 551 541 598 et
570 550 865 603 curatores,
897 547 953 593 et
974 537 1228 607 prmsides
1256 579 1271 604 ,
1311 547 1365 591 et
1404 539 1686 607 magistros
1713 553 1726 589 :
1760 547 1815 590 et

223 638 367 692 idem
393 637 605 691 discant
630 632 873 689 dissoluti
900 641 954 685 et
976 631 1244 699 perversi,
1277 631 1539 684 timendos
1564 629 1663 684 sibi
1692 644 1815 683 esse

221 729 316 784 Dei
340 742 544 791 servos,
566 735 624 779 ut
650 724 765 779 etsi
793 722 916 794 quid
947 723 1050 775 tale
1070 720 1211 791 loqui
1237 735 1485 789 umquam
1502 719 1814 790 aggredian-

219 830 329 883 tur,
363 832 482 872 sese
508 816 739 885 undique
759 813 1191 882 circumSpiciant
1219 821 1275 866 ct
1306 812 1517 865 umbras
1555 811 1808 874 timeant,

218 910 363 965 anxii
386 925 451 964 ne
475 908 609 963 forte
629 907 966 963 Christianus
981 905 1202 959 audiens
1225 904 1437 967 insiliat,
1462 912 1516 958 et
1536 904 1816 956 vehemen-

218 1003 326 1056 tius
348 1001 555 1071 puniat.
597 996 713 1055 Non
730 998 922 1052 audisti
944 995 1066 1066 quid
1086 995 1320 1051 Joannes
1355 994 1580 1049 fecerit?
1604 992 1780 1063 Tyran
1796 1022 1812 1032 -

218 1111 348 1150 num
386 1094 801 1150 vidithominem
824 1091 1126 1160 nuptiarum
1148 1089 1293 1157 leges
1310 1088 1731 1150 subvertentem,
1759 1092 1815 1139 et

217 1201 343 1240 cum
389 1184 577 1239 fiducia
609 1183 660 1238 in
688 1183 863 1237 medio
891 1181 1011 1235 foro
1039 1179 1201 1234 dicit:
1233 1177 1354 1232 Non
1386 1179 1499 1231 licet
1527 1176 1614 1231 tibi
1633 1176 1813 1229 habere

218 1294 430 1331 uxorem
458 1275 688 1346 Philippi
706 1275 875 1347 fratris
902 1273 975 1326 tui
992 1270 1363 1342 (Marc.6.l8).
1382 1270 1492 1340 Ego
1507 1277 1683 1323 autem
1706 1282 1809 1323 non

220 1370 292 1425 ad
315 1379 595 1438 tyrannum
636 1378 688 1423 te
723 1367 889 1432 duxi,
913 1379 1089 1435 neque
1114 1365 1179 1418 ad
1213 1363 1480 1433 judiccm,
1514 1377 1685 1432 neque
1717 1375 1813 1430 pro

219 1459 423 1529 nuptiis
456 1458 744 1529 illegitimis
772 1497 788 1521 ,
839 1471 1011 1524 neque
1057 1469 1153 1524 pro
1197 1458 1468 1508 conservis
1491 1450 1809 1506 contumelia

216 1552 446 1615 affectis,
473 1551 567 1604 sed
609 1564 703 1616 pro
727 1547 905 1602 furore
927 1546 980 1600 iu
1011 1545 1310 1611 Dominum,
1344 1542 1603 1612 aequalem
1636 1549 1692 1595 ut
1725 1556 1812 1595 ca-

216 1642 383 1710 stiges
412 1642 662 1709 deposco.
687 1638 876 1694 Nonne
904 1637 949 1691 si
964 1637 1054 1691 tibi
1077 1636 1354 1698 dixissem,
1388 1647 1540 1702 reges
1571 1632 1650 1686 vel
1668 1631 1811 1701 judi-

217 1746 312 1786 ces
337 1732 743 1800 pra-varicantes
767 1729 890 1798 puni
919 1728 1001 1782 vel
1023 1727 1249 1795 corrige,
1282 1740 1368 1779 me
1392 1722 1624 1777 insanire
1652 1722 1812 1775 dixis-

216 1824 352 1879 ses?
395 1825 458 1878 Et
498 1835 673 1878 tamen
700 1823 935 1878 Joannes
975 1821 1079 1876 hoc
1114 1820 1276 1874 fecit:
1328 1818 1461 1871 adeo
1504 1830 1610 1868 non
1650 1816 1808 1869 estid

214 1932 377 1987 supra
413 1931 526 1971 nos.
559 1916 711 1972 Nunc
726 1931 854 1970 vero
876 1916 1061 1969 saltem
1085 1926 1422 1974 conservum,
1450 1910 1530 1965 vel
1551 1912 1806 1980 aequalem

213 2008 422 2077 corrige
448 2050 463 2074 ,
496 2009 618 2063 etsi
664 2007 799 2061 mori
829 2022 962 2077 opus
1006 2007 1108 2071 sit,
1163 2007 1425 2075 castigare
1479 2005 1696 2059 fratrem
1742 2020 1808 2059 ne

216 2111 460 2170 torpens:
492 2100 803 2170 martyrium
829 2099 920 2152 tibi
949 2097 1049 2151 hoc
1073 2104 1190 2162 est,
1215 2098 1465 2167 quoniam
1495 2108 1546 2152 et
1566 2097 1805 2152 Joannes

215 2202 422 2261 martyr
448 2190 564 2245 fuit.
600 2191 711 2244 Non
739 2191 1233 2260 saerilicarejussus
1254 2189 1372 2256 fuit,
1404 2206 1579 2259 neque
1601 2190 1803 2256 idolum

215 2283 480 2350 adorare,
506 2284 601 2338 scd
648 2300 742 2353 pro
780 2284 946 2339 sacris
994 2282 1196 2353 legibus
1228 2283 1501 2336 temeralis
1532 2290 1686 2350 caput
1717 2281 1808 2335 dc-

213 2381 421 2448 posuit:
445 2385 498 2432 et
517 2386 568 2429 tu
599 2377 758 2447 igitur
779 2391 875 2445 pro
900 2376 1118 2431 veritate
1146 2390 1313 2445 usque
1341 2375 1405 2427 ad
1433 2384 1659 2428 mortem
1678 2389 1806 2428 con-

215 2472 456 2536 tende,et
487 2473 624 2525 Deus
650 2467 903 2538 pugnabit
929 2481 1023 2536 pro
1044 2466 1227 2521 te.Nec
1247 2467 1371 2518 mihi
1396 2464 1520 2520 illud
1540 2465 1686 2518 dicas
1712 2465 1808 2518 fri-

210 2563 395 2633 gidum
412 2560 793 2626 verbum,Quid
816 2558 943 2613 mihi
958 2574 1101 2613 cura:
1114 2559 1228 2613 est?
1243 2573 1362 2612 cum
1381 2558 1497 2627 ipso
1526 2571 1809 2612 commune

213 2656 387 2710 habeo
404 2655 555 2708 nihil.
575 2652 705 2708 Cum
718 2653 929 2708 diabolo
946 2653 1059 2707 solo
1075 2666 1357 2707 commune
1375 2650 1506 2704 nihil
1524 2650 1805 2717 habemus,

219 2764 342 2803 cum
399 2747 649 2801 omnibus
709 2754 886 2800 autem
954 2744 1259 2798 hominibus
1323 2743 1484 2796 multa
1551 2742 1808 2796 habemus

208 2844 532 2895 communia.
587 2839 839 2909 Ejusdem
890 2838 1032 2893 enim
1077 2836 1351 2890 nobiscum
1417 2846 1619 2890 natura:
1683 2848 1807 2904 par-

212 2934 403 3003 ticipes
460 2944 581 2986 sunt
624 2972 638 2995 ,
695 2932 938 2985 eamdem
994 2931 1233 2983 habitant
1277 2941 1470 2983 terram
1515 2969 1530 2992 ,
1593 2926 1808 2981 iisdem-

207 3043 313 3095 que
364 3025 578 3078 aluntur
631 3022 971 3077 nutrimentis
1015 3063 1030 3083 ,
1072 3020 1317 3075 eumdem
1383 3019 1580 3073 habent
1632 3017 1811 3071 Domi-

207 3133 334 3172 num
359 3158 375 3178 ,
400 3116 613 3170 easdem
654 3122 913 3184 ceperunt
946 3113 1126 3183 leges,
1173 3111 1241 3165 ad
1289 3110 1475 3165 eadem
1524 3109 1801 3163 nobiscum

207 3249 410 3262 ..μ-

1920 443 2059 497 bona
2103 442 2413 497 invitantur.
2462 442 2542 499 Ne
2597 442 2756 515 igitur
2784 444 3023 500 dicamus
3062 461 3160 502 nos
3187 444 3318 501 nihil
3358 461 3505 502 cem-
3566 475 3571 481 ε

1924 550 2084 589 mune
2105 550 2223 589 cum
2257 536 2385 604 ipsis
2415 535 2613 591 habere
2637 554 2650 590 :
2680 537 2915 592 satanica
2934 550 3016 593 est
3044 541 3140 593 ista
3162 554 3288 604 vox,
3315 539 3503 596 diabo—

1921 623 2021 678 lica
2071 624 2449 680 inhumanitas.
2505 626 2582 680 Ne
2621 626 2779 697 igitur
2819 627 2936 683 haec
2980 628 3240 697 dicamus,
3263 629 3357 685 sed
3383 646 3509 686 con-

1917 730 2102 785 gruam
2134 715 2385 770 fratribus
2412 732 2594 771 curam
2631 719 2996 774 exhibeamus.
3042 721 3155 791 Ego
3196 730 3375 776 autem
3407 721 3508 778 hoc

1916 820 2039 858 cum
2069 808 2213 859 omni
2252 808 2511 874 polliceor
2538 810 2878 864 accuratione
2905 852 2920 874 ,
2965 818 3021 865 et
3058 810 3208 866 vobis
3256 812 3506 867 omnibus

1922 898 2193 965 spondeo:
2220 898 2360 968 quod
2383 899 2426 953 si
2451 914 2546 953 vos
2563 915 2750 955 omnes
2775 900 2861 956 hic
2892 911 3181 971 praesentes
3198 903 3392 958 civium
3416 918 3474 958 sa
3489 934 3506 944 -

1921 987 2086 1042 lutem
2111 1003 2301 1044 curare
2329 990 2604 1044 volueritis
2625 1032 2653 1057 .,
2678 991 2828 1047 brevi
2856 1002 2969 1046 tota
2996 993 3152 1047 nobis
3180 993 3368 1048 civitas
3388 1009 3509 1049 cor-

1919 1080 2151 1150 rigetur:
2189 1082 2397 1136 tametsi
2421 1083 2636 1137 minima
2650 1082 2765 1154 ejus
2783 1100 2906 1153 pars
2933 1085 3018 1139 hic
3039 1094 3139 1151 est,
3170 1087 3509 1143 multitudine

1924 1174 2178 1237 minima,
2212 1176 2306 1229 sed
2340 1176 2537 1245 pietate
2564 1193 2793 1231 summa.
2831 1177 3208 1248 Dispensemus
3234 1180 3393 1251 igitur
3418 1195 3505 1236 sa-

1916 1265 2081 1320 lutem
2140 1269 2359 1321 fratrum
2399 1279 2736 1333 nostrorum;
2783 1270 2976 1326 sufﬁcit
3016 1288 3150 1327 unus
3194 1272 3354 1329 homo
3385 1276 3505 1331 fidei

1919 1358 2033 1412 zelo
2062 1373 2354 1415 succensus
2381 1360 2447 1414 ad
2480 1371 2646 1416 totum
2672 1363 3044 1432 corrigendum
3079 1365 3349 1433 populum.
3371 1369 3502 1422 Cum

1918 1464 2047 1503 vero
2075 1465 2178 1505 nou
2209 1467 2347 1507 unus
2378 1461 2603 1516 tantum,
2629 1469 2801 1522 neque
2826 1454 2932 1509 duo
2961 1456 3041 1509 vel
3075 1464 3203 1520 tres,
3234 1456 3329 1512 sed
3357 1465 3502 1512 tanta

1915 1542 1985 1594 sit
2012 1542 2326 1607 multitudo,
2372 1559 2491 1612 quae
2533 1545 2911 1615 negligentium
2944 1562 3126 1601 curam
3156 1549 3320 1618 possit
3346 1549 3507 1604 attin-

1914 1648 2060 1703 gere,
2080 1645 2196 1689 non
2226 1636 2441 1691 aliunde
2459 1679 2474 1701 ,
2508 1653 2667 1706 quam
2694 1654 2789 1708 per
2811 1647 3079 1710 torporem
3106 1651 3344 1696 vestrum
3365 1685 3379 1707 ,
3409 1659 3507 1698 nec

1916 1741 2009 1794 per
2039 1726 2397 1782 infirmitatem
2422 1729 2601 1797 plures
2633 1743 2858 1799 pereunt
2910 1741 2966 1786 et
3010 1733 3280 1789 labuntur.
3307 1737 3498 1789 Annon

1916 1817 2206 1871 absurdum
2239 1860 2253 1884 ,
2287 1820 2329 1873 si
2359 1835 2587 1889 pugnam
2622 1821 2835 1891 quidem
2864 1822 2916 1876 in
2957 1822 3072 1876 foro
3104 1824 3409 1889 videamus,
3437 1839 3504 1879 eo

1914 1909 2172 1963 accedere
2191 1919 2245 1964 et
2292 1922 2590 1981 pugnantes
2642 1914 2966 1968 conciliare:
3031 1915 3157 1983 quid
3209 1932 3337 1971 vero
3383 1917 3503 1971 dico

1913 2002 2187 2072 pugnam?
2210 2004 2252 2057 si
2280 2005 2489 2058 asinum
2517 2006 2777 2060 cecidisse
2805 2006 3098 2062 viderimus
3126 2050 3141 2074 ,
3173 2023 3359 2063 omnes
3391 2023 3499 2062 ma-

1915 2111 2041 2147 nuni
2074 2097 2361 2165 porrigere,
2395 2104 2449 2151 et
2474 2098 2672 2167 pariter
2701 2098 2909 2168 erigere
2935 2117 2947 2153 :
2981 2098 3201 2153 fratrum
3233 2116 3360 2155 vero
3382 2116 3502 2170 per-

1910 2186 2149 2239 euntium
2181 2202 2362 2240 curam
2396 2188 2589 2241 habere
2617 2188 2856 2241 nullam?
2886 2190 3082 2242 Asinus
3126 2199 3209 2244 est
3252 2189 3501 2259 blasphe-

1916 2291 2063 2335 mus;
2097 2277 2384 2330 iracundia:
2412 2277 2620 2346 pondus
2652 2294 2758 2331 non
2789 2279 2997 2345 ferens,
3020 2280 3243 2334 cecidit:
3275 2280 3494 2349 accede,

1912 2368 2058 2436 erige
2079 2367 2274 2429 verbis,
2307 2367 2462 2422 factis
2492 2410 2508 2435 ,
2542 2368 2761 2423 lenitate
2782 2410 2797 2435 ,
2831 2369 3170 2426 vehementia
3201 2413 3216 2437 ,
3249 2372 3392 2425 varia
3433 2373 3504 2427 sit

1914 2459 2196 2512 medicina.
2220 2459 2372 2526 Quod
2402 2460 2445 2513 si
2474 2469 2658 2515 nostra
2702 2462 2778 2514 sic
2818 2461 3162 2530 diSponamus
3186 2502 3203 2529 ,
3234 2470 3289 2517 et
3314 2475 3499 2531 proxi-

1913 2565 2122 2604 morum
2153 2552 2380 2605 salutem
2421 2553 2792 2621 suscipiamus,
2823 2554 2930 2607 cito
2956 2562 3012 2608 et
3035 2554 3138 2608 illis
3166 2555 3294 2624 ipsis
3319 2570 3501 2610 corre-

1913 2641 2143 2696 ctionem
2166 2641 2572 2698 admittentibus
2595 2642 2977 2699 desiderabiles
2993 2646 3193 2701 erimus
3216 2654 3271 2699 et
3300 2647 3501 2702 amabi-

1915 2733 2017 2800 les,
2048 2742 2107 2787 et
2142 2733 2282 2803 quod
2332 2734 2581 2788 omnibus
2625 2734 2798 2800 majus
2818 2744 2899 2788 est
2923 2776 2938 2801 ,
2970 2735 3219 2804 repositis
3263 2734 3502 2791 fruemur

1915 2824 2071 2879 bonis
2102 2863 2118 2890 ,
2149 2839 2269 2894 qua:
2304 2840 2402 2880 nos
2423 2840 2611 2878 omnes
2637 2825 2858 2894 adipisci
2888 2827 3161 2896 contingat
3188 2866 3203 2890 ,
3232 2828 3400 2896 gratia
3447 2835 3502 2881 et

1915 2915 2242 2987 benignitate
2275 2916 2483 2970 Domini
2518 2917 2683 2971 nostri
2715 2916 2841 2971 Jesu
2877 2916 3071 2972 Christi
3101 2959 3117 2984 ,
3141 2933 3236 2987 per
3261 2934 3420 2987 quem
3446 2930 3502 2974 et

1913 3025 2034 3064 cum
2061 3025 2167 3080 quo
2190 3009 2331 3063 Patri
2355 3019 2407 3063 et
2432 3009 2628 3065 Sancto
2653 3008 2874 3078 Spiritui
2898 3009 3086 3079 gloria,
3123 3020 3380 3078 potestas,
3406 3009 3501 3065 lio-

1919 3120 2037 3166 nor,
2072 3118 2209 3157 nunc
2230 3113 2285 3157 et
2310 3118 2544 3170 semper,
2572 3112 2624 3156 et
2654 3103 2704 3156 in
2723 3103 2916 3157 saecula
2940 3105 3277 3159 s:eculorum.
3303 3106 3498 3159 Amen.

1468 3346 1812 3408 HOMJLIA
1851 3344 2234 3416 SECUNDA,

212 3547 573 3591 ANTIOCHIL‘E
633 3545 865 3587 IIABITA
922 3543 988 3584 IN
1035 3540 1331 3584 ECCLESIA
1375 3538 1561 3581 DICTA
1595 3537 1850 3591 VETERI,

1916 3537 2045 3579 CUM
2090 3535 2226 3577 IPSE
2272 3535 2635 3577 PRESBYTER
2674 3535 2885 3588 ESSET,
2924 3536 3003 3577 DE
3058 3535 3488 3591 CALAMITATE,

288 3651 434 3702 ουλε
478 3647 624 3691 υιωι
667 3644 919 3689 ACCIDIT
962 3642 1081 3684 PRO
1136 3638 1438 3683 TUMULTU
1507 3636 1949 3682 SUBVERSIONIS
2020 3635 2339 3678 IMAGINUM
2394 3634 2741 3677 THEODOSH
2805 3636 3004 3679 MAG!“
3059 3637 3486 3681 IMPERATOR”

291 3754 402 3805 PII,
449 3751 530 3794 ET
584 3749 649 3791 IN
694 3746 935 3789 DJCTUM
980 3740 1294 3794 APOSTOLI,
1341 3737 1662 3782 DIVITIBUS
1704 3737 1903 3780 HUJUS
1947 3736 2181 3781 SECULI
2229 3735 2510 3777 PRECIPE
2571 3736 2687 3777 NON
2758 3736 3029 3779 SUBLHIE
3082 3737 3320 3779 SAPERE
3393 3722 3486 3799 (1.

290 3836 446 3897 Tim.
493 3833 553 3892 6.
600 3830 768 3909 17):
818 3846 898 3887 ET
938 3844 1183 3887 comm
1218 3839 1593 3884 AVARITIAM.

1678 3962 2041 4017 3.θεῦὒῦβὲῖὲ

287 4119 341 4175 1.
372 4114 510 4184 Quid
534 4114 726 4175 dicam,
752 4118 842 4163 aut
862 4107 985 4178 quid
1014 4102 1242 4175 loquar?
1267 4103 1621 4172 laerymarum
1664 4114 1803 4167 prae-

213 4225 341 4268 s‘ens
363 4220 704 4276 tempus,non
733 4202 1038 4259 verborum:
1059 4199 1429 4259 luctuum,uou
1451 4207 1758 4248 sermonum
1787 4209 1801 4245 :

218 4300 541 4374 precitionis
573 4339 589 4364 ,
645 4313 750 4351 non
796 4292 1088 4347 concionis.
1138 4289 1303 4343 Tanta
1361 4293 1685 4356 patratorum
1724 4292 1806 4338 est

218 4390 549 4462 magnitudo,
585 4398 688 4442 tam
707 4382 1095 4440 immedicabile
1112 4380 1318 4443 vulnus,
1340 4387 1443 4430 tam
1462 4385 1606 4428 vasta
1634 4378 1803 4443 plaga,

218 4495 272 4541 et
299 4484 445 4538 omni
474 4480 826 4537 medicamine
850 4476 1020 4544 major
1042 4517 1057 4542 ,
1090 4482 1144 4529 et
1182 4485 1411 4542 superno
1439 4468 1682 4537 indigens
1706 4482 1802 4519 au.

224 4576 372 4631 vilio.
400 4574 491 4629 Sic
512 4573 653 4628 enim
686 4581 739 4625 et
763 4569 865 4625 Job
893 4566 1141 4622 omnibus
1169 4564 1381 4618 amissis
1419 4563 1471 4616 in
1505 4561 1629 4614 limo
1654 4559 1808 4613 sede-

223 4664 449 4731 bat(Jab
476 4663 532 4718 2.
581 4666 661 4728 8i,
703 4670 757 4716 et
775 4659 1049 4715 audientes
1065 4656 1221 4712 amici
1242 4651 1809 4721 acccsserunt,ipsum-

221 4773 326 4829 que
353 4756 535 4827 procul
560 4753 850 4823 conspicati
882 4748 1209 4807 disciderunt
1241 4746 1554 4802 vestimenta
1579 4786 1592 4801 .
1621 4753 1674 4799 et
1696 4742 1798 4797 sibi

223 4850 458 4903 cinerem
509 4846 872 4914 insperserunt
897 4883 913 4908 ,
954 4849 1009 4896 et
1070 4839 1419 4895 vehementer
1481 4835 1805 4905 ingemuere.

227 4941 369 4996 ldem
397 4954 537 4994 nunc
564 4936 741 4992 facere
771 4934 974 4990 vicinas
1002 4945 1189 4986 omnes
1219 4929 1462 4985 civitates
1486 4925 1805 4994 oportebat,

225 5033 289 5086 ad
330 5031 515 5086 urbem
561 5035 798 5083 nostram
843 5024 1028 5079 venire
1052 5064 1066 5087 ,
1108 5031 1157 5076 et
1206 5036 1322 5090 quae.
1357 5018 1658 5073 acciderant
1687 5031 1807 5071 cum

225 5124 374 5179 omni
415 5118 881 5177 commiseratione
917 5114 1136 5170 deﬂere.
1192 5112 1282 5166 Ille
1326 5112 1376 5165 in
1412 5121 1649 5164 stercore
1686 5117 1812 5164 tunc

227 5216 467 5279 sedebat,
496 5214 612 5268 haec
645 5212 698 5265 in
736 5222 928 5279 magno
955 5207 1147 5277 laqueo
1195 5217 1336 5258 nunc
1367 5201 1628 5257 considet.
1663 5200 1812 5256 Sicut

224 5311 368 5366 enim
397 5319 527 5363 tunc
554 5305 797 5361 diabolus
821 5306 873 5358 in
901 5316 1090 5373 greges
1126 5308 1181 5354 et
1216 5307 1456 5353 armenta
1477 5339 1492 5361 ,
1519 5305 1571 5352 et
1598 5311 1811 5351 omnem

223 5402 356 5474 justi
384 5399 736 5457 substantiam
767 5396 986 5452 insiliit:
1018 5395 1096 5449 sic
1122 5407 1266 5446 nunc
1295 5390 1349 5444 in
1376 5404 1589 5444 omnem
1623 5388 1778 5443 civita
1796 5416 1810 5427 -

226 5506 391 5549 tatem
414 5489 771 5547 debacchatus
790 5496 889 5544 est.
915 5486 1021 5542 Sed
1044 5486 1183 5540 Deus
1204 5493 1259 5538 et
1287 5491 1414 5536 tunc
1434 5490 1488 5536 et
1519 5495 1659 5535 nunc
1692 5495 1814 5550 per-

229 5586 404 5642 misit:
452 5594 581 5640 tunc
622 5583 872 5653 quidem,
917 5591 979 5636 ut
1015 5580 1215 5649 justum
1255 5575 1535 5632 clariorem
1570 5572 1816 5629 redderet

230 5678 583 5736 tcutationum
614 5673 1009 5745 magnitudine;
1039 5686 1181 5726 nunc
1217 5684 1348 5723 vero
1376 5710 1390 5733 ,
1421 5677 1482 5722 ut
1504 5681 1603 5721 nos
1629 5665 1814 5720 mode-

229 5775 426 5830 stiores
454 5783 707 5827 aerumnae
724 5766 881 5837 hujus
907 5761 1270 5835 magnitudine
1293 5760 1497 5817 reddat.
1522 5760 1650 5813 Date
1667 5756 1820 5823 mihi,

1912 4112 1969 4155 ut
1992 4101 2267 4171 prmsrntia
2298 4102 2524 4170 lugeam.
2556 4100 2843 4155 Tacuitnus
2869 4100 2984 4156 dies
3014 4109 3218 4169 septem
3241 4143 3254 4164 ,
3279 4101 3417 4155 sicut
3442 4113 3495 4156 ct

1911 4193 2064 4248 amici
2097 4193 2199 4246 Job
2225 4190 2342 4263 (Job
2361 4195 2416 4250 2.
2452 4194 2514 4249 1?:
2533 4196 2582 4263 ):
2610 4194 2887 4250 concedite
2910 4194 3066 4249 hodie
3083 4203 3135 4248 ut
3163 4210 3221 4248 ος
3243 4197 3500 4264 aperiam,

1916 4294 1969 4335 et
1998 4282 2132 4337 hanc
2157 4299 2488 4340 communem
2519 4284 2727 4354 lugeam
2754 4284 3128 4340 calamitatem.
3175 4284 3303 4351 Quis
3344 4285 3498 4341 nobis

1915 4373 2138 4439 invidit,
2157 4372 2613 4445 charissini?quis
2643 4376 2695 4429 in
2727 4391 2826 4430 nos
2853 4376 3020 4432 livore
3048 4387 3350 4433 commotus
3371 4381 3494 4432 est?

1915 4467 2054 4521 unde
2082 4476 2226 4521 tanta
2251 4466 2385 4521 facta
2413 4476 2495 4520 est
2535 4467 2804 4522 mutatio?
2837 4467 2975 4522 Nihil
3004 4467 3173 4523 fuerat
3201 4478 3383 4523 nostra
3413 4469 3489 4522 ci-

1915 4560 2078 4615 vitate
2098 4559 2484 4615 venerabilius:
2515 4559 2641 4612 nihil
2660 4574 2800 4614 nunc
2817 4571 2899 4615 est
2916 4561 3289 4615 miserabilius.
3323 4560 3497 4627 Pepu-

1917 4652 1997 4706 lus
2028 4662 2133 4705 tam
2163 4651 2489 4721 compositus
2528 4660 2583 4704 et
2636 4661 2941 4706 mansuetus
2970 4693 2985 4717 ,
3019 4652 3163 4706 velut
3188 4667 3355 4722 equus
3395 4660 3501 4707 tra-

1918 4745 2130 4799 ctabilis
2176 4756 2230 4799 et
2281 4745 2521 4814 placidus
2573 4760 2786 4813 semper
2813 4746 3200 4799 accersentium
3255 4745 3500 4800 manibus

1915 4837 2145 4902 cedens,
2176 4845 2397 4905 repente
2437 4847 2638 4890 tantum
2672 4851 2814 4890 nunc
2854 4836 3008 4892 nobis
3049 4837 3240 4892 resiliit
3266 4878 3282 4903 ,
3317 4846 3374 4892 ut
3419 4845 3500 4891 tot

1918 4931 2052 4983 mala
2079 4927 2264 4984 fecerit
2288 4971 2303 4992 ,
2342 4938 2470 4998 quot
2496 4943 2667 4998 neque
2689 4927 2870 4983 dicere
2894 4926 2990 4982 fas.
3017 4926 3305 4982 Lamentor
3333 4937 3388 4982 et
3417 4927 3501 4982 ln-

1915 5034 2016 5089 geo
2062 5034 2201 5073 nunc
2232 5060 2247 5083 ,
2303 5036 2406 5073 non
2455 5029 2673 5087 propter
2719 5027 3045 5088 exspectata:
3072 5015 3504 5073 comminationis

1917 5110 2358 5181 magnitudinem,
2382 5109 2476 5164 sed
2506 5118 2725 5179 propter
2754 5108 2971 5162 nimiam
3000 5118 3328 5177 patratorum
3359 5109 3507 5162 insa-

1918 5202 2082 5256 niam.
2113 5201 2260 5256 Licet
2294 5202 2436 5256 enim
2482 5216 2587 5255 non
2630 5201 2926 5254 irritaretur
2955 5198 3253 5270 Imperator
3282 5242 3296 5263 ,
3330 5215 3502 5268 neque

1919 5294 2131 5362 puniret
2156 5301 2209 5345 et
2236 5294 2540 5360 castigaret,
2567 5291 2858 5360 quomodo,
2888 5290 2975 5346 dic
3005 5291 3133 5343 mihi
3158 5331 3173 5353 ,
3210 5291 3502 5343 facinorum

1920 5385 2263 5456 ignominiam
2295 5382 2600 5437 ferremus?
2646 5382 2814 5437 Luctu
2857 5382 3191 5436 iuterciditur
3238 5379 3370 5434 mihi
3403 5381 3509 5434 do-

1919 5477 2107 5530 ctrinae
2148 5488 2346 5539 sermo,
2383 5473 2470 5526 vix
2495 5487 2556 5526 os
2597 5487 2841 5527 reserare
2861 5472 3013 5526 valeo
3037 5481 3089 5526 et
3118 5471 3251 5525 labia
3272 5485 3506 5539 aperire,

1923 5567 2152 5637 linguam
2184 5582 2399 5621 movere
2420 5576 2473 5620 et
2499 5566 2743 5620 emittere
2768 5564 2958 5619 verba:
3002 5564 3082 5619 sic
3108 5573 3374 5632 tamquam
3397 5564 3504 5620 fre-

1922 5675 2048 5713 num
2075 5658 2275 5712 doloris
2301 5659 2382 5711 vis
2410 5657 2630 5726 impedit
2658 5655 2887 5724 linguam
2910 5669 3083 5709 meam
3107 5695 3125 5721 ,
3156 5662 3211 5710 et
3240 5655 3398 5710 verba
3425 5654 3505 5711 in-

1925 5750 2153 5820 tercipit.
2183 5748 2325 5804 Nihil
2349 5749 2564 5803 civitate
2592 5756 2773 5802 nostra
2794 5745 2943 5817 prius
2965 5754 3080 5801 erat
3107 5746 3348 5814 beatius;
3375 5744 3507 5802 nihil
