3932 6222
429 313 497 370 33
1176 310 1234 364 S.
1258 307 1540 364 JOANNIS
1579 303 2049 362 CllRYSOSTOMl
2073 302 2389 359 ARCHIEP.
2422 303 2954 363 CONSTANTINOP.
3637 314 3717 370 3t:

432 436 573 478 nunc
602 421 958 490 injucundius.
1005 420 1462 488 Quemadmodum
1491 435 1616 490 apes
1647 418 2010 472 bombizantes

431 517 664 581 alveare,
691 514 770 570 sic
788 513 961 569 forum
991 530 1084 583 per
1109 513 1344 580 singulos
1370 513 1483 566 dies
1499 511 1642 565 cives
1665 510 2013 565 circumvola-

431 607 594 672 bant,
627 617 680 660 et
715 621 902 660 omnes
932 604 997 659 de
1040 605 1137 658 hac
1185 619 1280 657 nos
1327 602 1665 656 nmltitudine
1710 602 1894 656 beatos
1921 616 2015 652 vo-

431 699 645 752 cabant.

501 791 922 845 Antiochenorum
943 790 1202 843 calamitas
1220 799 1329 859 post
1351 788 1568 856 dejectas
1588 796 1799 841 statuas.
1821 816 1889 824 —
1906 783 2011 839 Sed

430 898 558 938 ecce
581 898 720 937 nunc
747 881 846 935 hoc
867 881 1076 934 alveare
1093 877 1386 933 solitarium
1410 878 1671 933 redditum
1689 887 1771 931 est
1795 893 1809 931 :
1831 889 2016 946 quem-

429 974 715 1030 admodum
755 974 894 1027 enim
923 988 1052 1042 apes
1081 971 1196 1026 illas
1226 970 1400 1025 {unius
1420 1011 1436 1035 ,
1471 971 1548 1025 sic
1574 969 1670 1024 has
1695 982 1824 1037 apes
1858 967 2016 1020 timor

431 1065 628 1137 fugavit
661 1083 673 1118 :
707 1065 814 1119 imo
842 1065 1019 1134 potius
1047 1063 1187 1132 quod
1215 1062 1283 1117 de
1315 1061 1609 1116 Jerusalem
1646 1059 1902 1130 prepheta
1933 1059 2016 1112 lu-

429 1171 560 1222 gens
582 1156 748 1221 dixit,
779 1156 880 1210 hoc
908 1165 962 1210 et
992 1171 1088 1210 nos
1125 1155 1190 1208 ad
1233 1169 1466 1223 praasens
1502 1161 1711 1221 tempus
1739 1151 2011 1214 dicemus,

429 1247 592 1302 Facta
630 1257 700 1303 est
741 1247 883 1301 nobis
920 1247 1095 1300 civitas
1124 1256 1178 1299 ut
1207 1245 1507 1300 terebinthus
1536 1245 1739 1315 abjectis
1769 1243 1938 1313 foliis,
1971 1253 2017 1296 et

427 1350 683 1409 tamquam
711 1339 886 1393 hortus
909 1355 1092 1408 aquam
1112 1355 1212 1391 non
1239 1337 1422 1391 habens
1443 1335 1493 1406 (1
1501 1337 1592 1389 sai.
1619 1336 1666 1390 l.
1693 1334 1804 1404 50).
1824 1333 2019 1402 Queru-

427 1430 714 1485 admodum
736 1431 877 1484 enim
903 1430 1089 1484 hortus
1113 1429 1392 1484 deﬁciente
1419 1428 1723 1498 irrigatione
1748 1427 1884 1482 foliis
1912 1427 2020 1496 pri-

429 1533 576 1577 vatas
615 1532 671 1577 et
709 1523 967 1578 fructibus.
1009 1523 1177 1576 nudas
1223 1523 1441 1576 arbores
1486 1520 1700 1574 exhibet
1745 1519 1921 1572 :Italis
1965 1526 2020 1571 et

430 1614 616 1668 civitas
645 1613 799 1667 nobis
825 1613 957 1669 facta
987 1621 1085 1669 est.
1119 1613 1380 1681 Supremo
1416 1612 1557 1665 enim
1585 1609 1835 1664 destituta
1870 1609 2020 1663 auxi-

430 1705 535 1769 lio,
577 1705 812 1758 solitaria
861 1705 1150 1768 remansit,
1197 1702 1444 1756 omnibus
1484 1701 1593 1756 fere
1633 1700 2020 1754 habitatoribus

433 1796 647 1850 nudata.
688 1797 830 1851 Nihil
865 1797 1033 1865 patria
1060 1796 1294 1862 dulcius,
1326 1795 1417 1850 sed
1450 1809 1591 1848 nunc
1625 1793 1756 1848 nihil
1789 1793 2019 1846 amarius

433 1890 626 1944 factum
658 1900 757 1944 est.
799 1889 996 1943 Omnes
1027 1899 1219 1943 terram
1253 1904 1372 1958 qua:
1404 1904 1463 1942 se
1498 1889 1614 1942 tulit
1645 1896 1910 1956 tamquam
1940 1887 2020 1940 la-

433 1997 626 2050 queum
661 1982 897 2051 fugiunt,
930 1981 1185 2036 deserunt
1225 1991 1490 2050 tamquam
1521 1978 1846 2044 barathrum,
1881 1987 2017 2030 tam-

434 2089 592 2142 quam
623 2075 688 2128 ab
719 2075 837 2142 igne
878 2073 1142 2128 resiliunt.
1174 2072 1240 2125 Et
1277 2072 1412 2126 sicut
1438 2070 1598 2124 domo
1627 2071 1748 2139 igne
1776 2077 2017 2137 correpta

435 2181 538 2220 non
567 2175 768 2219 tantum
798 2166 1014 2221 domum
1048 2165 1362 2228 habitantes,
1389 2163 1481 2218 sed
1508 2174 1560 2218 et
1587 2178 1772 2217 omnes
1795 2163 2018 2231 proximi

431 2273 552 2310 cum
594 2257 756 2311 multa
801 2272 858 2311 se
901 2256 1162 2324 rccipiunt
1198 2254 1564 2317 festinatione,
1595 2253 1792 2307 nudum
1829 2267 2021 2322 corpus

431 2365 642 2404 servare
669 2350 942 2404 studentes
966 2367 978 2400 :
1007 2350 1083 2404 sic
1103 2361 1153 2404 et
1178 2363 1316 2403 nunc
1333 2349 1459 2402 dum
1483 2347 1625 2418 regia
1656 2348 1728 2400 ira
1754 2356 2020 2416 tamquam

434 2440 644 2494 ﬂamma
670 2440 910 2509 qmedam
933 2455 1162 2509 superne
1191 2449 1550 2509 exspectatur,
1579 2438 1883 2507 priusquam
1910 2451 2025 2491 sen-

433 2532 532 2585 sim
581 2531 926 2601 progrediens
968 2531 1032 2585 ad
1081 2533 1221 2600 ipsos
1274 2530 1546 2600 perveniat
1590 2529 1758 2599 ignis,
1803 2529 2025 2599 quilibet

436 2623 579 2690 prius
599 2622 766 2686 exire,
792 2630 845 2676 et
872 2623 1066 2676 nudum
1090 2637 1282 2691 corpus
1306 2637 1522 2677 servare
1543 2621 1754 2675 festinat
1779 2640 1790 2675 :
1820 2633 1873 2676 et
1897 2623 2025 2676 :eni-

435 2728 555 2781 gma
580 2728 716 2766 llllllC
741 2712 873 2767 facta
895 2725 975 2767 est
1003 2713 1210 2767 miseria
1241 2723 1416 2768 nostra
1447 2731 1461 2767 :
1485 2713 1599 2766 sine
1621 2713 1858 2767 hostibus
1883 2712 2022 2782 fuga,

438 2803 553 2856 sine
578 2819 744 2873 pugna
770 2803 1180 2872 transmigratio,
1205 2813 1256 2856 et
1276 2803 1390 2858 sine
1413 2803 1557 2858 urbis
1577 2803 1785 2858 excidio
1808 2804 2028 2872 Captivi-

441 2905 521 2949 tas
551 2912 565 2948 :
597 2912 700 2950 non
728 2897 954 2950 vidimus
993 2895 1324 2950 barbaricum
1358 2897 1560 2966 ignem,
1593 2911 1764 2965 neque
1795 2895 2023 2950 hostium

438 2990 614 3042 vultus
651 2988 1040 3057 spectavimus,
1079 2997 1132 3042 et
1170 3003 1231 3040 ea
1267 3003 1384 3057 qua:
1419 2987 1559 3056 capti
1599 2988 1846 3056 patimur.
1875 2987 2027 3042 Nunc

438 3094 628 3134 omnes
655 3078 868 3132 discunt
895 3077 1223 3131 calamitates
1253 3085 1460 3132 nostras
1490 3095 1502 3131 :
1532 3087 1744 3132 nostros
1768 3078 1908 3132 enim
1936 3093 2026 3132 ex-

438 3171 582 3223 sules
609 3167 976 3236 suscipientes,
1009 3169 1076 3221 ab
1107 3168 1208 3223 illis
1235 3167 1463 3222 civitatis
1488 3168 1691 3222 cladem
1723 3169 1959 3223 audiunt.

509 3259 564 3312 ‘2.
598 3258 705 3314 Sed
746 3274 848 3312 non
892 3274 1051 3327 super
1093 3259 1194 3314 hoc
1230 3259 1555 3323 confundor,
1589 3275 1688 3313 nec
1721 3261 1977 3315 erubesco
2011 3279 2024 3313 :

441 3366 628 3404 omnes
657 3349 951 3420 intelligant
988 3350 1213 3405 civitatis
1242 3351 1504 3420 pericula,
1539 3359 1594 3403 ut
1631 3350 1785 3404 matri
1823 3351 2028 3406 condo-

443 3444 649 3504 Ientes,
678 3458 1013 3496 communem
1051 3443 1117 3496 ab
1153 3442 1296 3495 omni
1341 3451 1477 3496 terra
1521 3441 1584 3496 ad
1633 3443 1797 3496 Deum
1844 3457 2027 3496 vocem

443 3534 719 3596 extollant,
751 3543 804 3588 et
832 3533 1151 3587 unanimiter
1175 3549 1508 3587 communem
1539 3534 1772 3586 omnium
1805 3542 2026 3588 matrem

442 3633 496 3676 et
516 3625 752 3677 altricem
775 3637 802 3674 a
823 3623 1072 3676 cwlorum
1097 3623 1240 3690 Rege
1261 3624 1568 3690 deposcant.
1601 3624 1752 3678 Prius
1773 3639 2029 3679 concussa

444 3723 528 3769 est
559 3714 710 3766 nobis
742 3713 865 3766 urbs
885 3754 899 3776 ,
931 3728 1070 3766 nunc
1111 3713 1237 3781 ipsa:
1283 3714 1634 3768 habitatorum
1676 3716 1866 3770 anima:
1898 3732 2031 3786 qua-

447 3805 646 3857 tiuntur
694 3819 708 3859 :
751 3813 876 3858 tunc
917 3803 1196 3857 domorum
1247 3803 1580 3859 fundamenta
1627 3806 2030 3875 quatiebantur,

445 3911 586 3949 nunc
613 3896 722 3964 ipsa
751 3894 1006 3963 cujusque
1031 3895 1206 3948 cordis
1238 3895 1340 3948 ima
1369 3905 1793 3962 coanmoventur,
1822 3907 1876 3952 et
1901 3914 2032 3966 quo-

449 3985 575 4039 udie
606 3995 729 4040 ante
755 3985 938 4038 oculos
975 3995 1186 4039 nostros
1219 4000 1405 4040 omnes
1447 3997 1670 4041 mortem
1707 3988 1994 4056 aspicimus
2017 4030 2030 4052 ,

447 4076 498 4129 in
526 4077 779 4131 continuo
808 4077 1036 4130 vivimus
1063 4076 1281 4142 timore,
1310 4085 1363 4131 et
1389 4076 1518 4131 Cain
1560 4093 1768 4146 pinnam
1800 4081 2033 4135 sustine—

447 4184 585 4231 mus,
614 4168 741 4222 olim
771 4182 1042 4222 carcerem
1074 4167 1432 4222 habitantibus
1462 4169 1811 4224 miserabilius
1838 4170 2029 4234 atfecti,

446 4269 501 4312 et
547 4257 856 4312 obsessione
899 4257 1144 4312 inusitata
1187 4257 1411 4327 quadam
1452 4265 1506 4311 et
1543 4273 1678 4311 nova
1716 4260 1954 4322 obsessi,
1983 4273 2035 4314 et

446 4366 604 4419 quam
634 4349 919 4419 cogitatum
946 4349 1018 4402 sit
1045 4350 1304 4419 graviore.
1349 4350 1556 4404 Etenim
1587 4351 1662 4404 illi
1703 4351 1915 4420 quidem
1946 4354 2034 4422 qui

449 4441 517 4494 ab
555 4441 794 4493 hostibus
831 4438 931 4493 hoc
969 4440 1240 4510 patiuntur
1283 4440 1419 4494 intra
1459 4455 1640 4494 muros
1679 4449 1879 4494 tantum
1905 4456 2035 4496 con-

451 4534 735 4587 cluduntur
767 4551 780 4587 :
810 4533 960 4587 nobis
990 4549 1115 4588 vero
1143 4533 1312 4586 forum
1343 4549 1551 4603 quoque
1589 4535 1916 4589 inaccessum
1939 4577 1952 4600 ,
1985 4545 2037 4590 et

453 4626 506 4680 in
535 4627 695 4680 domo
731 4625 954 4694 quisque
984 4640 1078 4678 sua
1119 4624 1353 4679 inclusus
1378 4636 1491 4690 est;
1530 4641 1592 4680 ac
1631 4626 1768 4679 sicut
1805 4625 2037 4680 obsessis

452 4727 621 4770 tntum
663 4732 770 4770 non
811 4725 892 4769 est
931 4730 1110 4769 muros
1149 4717 1480 4786 transgredi,
1525 4717 1764 4771 hostibus
1805 4717 2038 4772 exterius

453 4806 950 4863 circumsidentibus
973 4847 988 4870 ,
1034 4807 1112 4860 sic
1154 4821 1324 4875 neque
1363 4807 1541 4860 multis
1575 4809 1758 4862 urbem
1795 4807 2038 4862 habitan-

455 4900 582 4952 tium
612 4907 778 4952 tutum
806 4897 965 4952 domo
993 4899 1159 4962 exire,
1191 4913 1290 4951 nec
1320 4897 1370 4950 in
1412 4897 1586 4951 medio
1615 4914 1890 4968 apparere,
1919 4914 2040 4967 pro-

453 5002 568 5061 pter
593 5005 687 5045 eos
710 4991 798 5060 qui
829 4989 1060 5059 undique
1089 4999 1197 5043 tum
1234 4998 1414 5043 sontes
1441 4999 1550 5043 tum
1579 4990 1815 5045 insontes
1840 5005 2040 5045 venan-

454 5093 538 5136 tur
558 5125 573 5148 ,
607 5092 659 5136 et
684 5098 749 5136 ex
778 5082 951 5136 medio
977 5083 1188 5151 rapiunt
1215 5080 1330 5135 foro
1350 5123 1364 5147 ,
1388 5092 1438 5135 et
1470 5082 1520 5134 in
1541 5081 1798 5151 judicium
1828 5097 2040 5153 quoquo

456 5175 613 5227 modo
643 5189 705 5228 ac
730 5184 930 5228 temere
961 5173 1193 5227 trahmit.
1225 5173 1510 5243 Propterea
1546 5175 1694 5228 liberi
1721 5190 1841 5228 cum
1873 5176 2041 5229 servis

454 5266 566 5318 suis
593 5262 874 5332 compediti
902 5263 1043 5317 intus
1066 5263 1253 5317 sedent
1272 5302 1286 5327 ,
1313 5263 1431 5332 quis
1459 5263 1880 5333 comprehensus
1906 5264 2001 5319 fuit
2020 5303 2036 5330 ,

453 5357 571 5426 quis
613 5353 871 5410 abductus
897 5395 911 5420 ,
942 5354 1060 5423 quis
1099 5353 1312 5422 punitus
1353 5353 1539 5419 hodie,
1569 5353 1834 5423 quomodo
1859 5363 1915 5408 et
1939 5371 2040 5425 qua

456 5451 680 5514 ratione,
715 5448 941 5503 sollicite
969 5456 1289 5517 quaerentes,
1319 5457 1370 5499 et
1396 5447 1604 5502 curiose
1630 5448 1979 5512 sciscitantes,
2010 5463 2040 5502 a

457 5543 647 5614 quibus
682 5542 806 5598 talia
839 5557 1025 5596 secure
1065 5540 1271 5596 discere
1317 5549 1532 5609 possunt
1564 5558 1576 5593 :
1607 5548 1661 5594 et
1693 5540 1837 5593 omni
1869 5550 2041 5596 morte

457 5631 892 5687 miserabiliorem
933 5631 1130 5702 degunt
1175 5632 1374 5696 vitam,
1417 5631 1722 5699 alienasque
1761 5630 2040 5686 lamentari

460 5721 702 5779 miserias
727 5721 960 5790 quotidie
983 5723 1171 5786 coacti,
1205 5733 1257 5777 et
1287 5736 1383 5791 pro
1415 5720 1582 5776 salute
1609 5735 1700 5776 sua
1729 5729 2036 5786 trementes,

2125 423 2180 469 et
2205 416 2429 470 mortuis
2454 416 2584 470 nihil
2607 418 2794 473 melius
2821 418 3094 485 habentes,
3119 420 3256 490 quod
3285 421 3484 477 dudum
3513 423 3718 480 timores

2120 507 2312 562 mortui
2350 510 2474 564 sint.
2515 510 2570 564 Si
2606 512 2724 579 quis
2753 527 2878 565 vero
2901 513 2992 582 qui
3018 521 3165 568 extra
3195 514 3433 570 timorem
3460 526 3513 571 et
3535 531 3707 587 angu-

2119 599 2274 651 stiam
2298 597 2437 653 hanc
2459 599 2548 666 sit,
2579 600 2628 652 in
2654 599 2824 654 forum
2852 601 3141 671 procedere
3170 602 3414 668 voluerit,
3439 613 3542 658 tam
3568 606 3706 660 tristi

2118 699 2336 760 aspectu
2368 692 2545 744 statim
2577 692 2628 745 in
2655 692 2872 746 domum
2901 708 3048 747 suam
3091 697 3401 759 retruditur,
3431 696 3513 750 vix
3540 713 3709 751 unum

2119 779 2252 835 forte
2277 781 2362 836 vel
2389 782 2522 836 duos
2547 797 2773 838 cernens
2803 783 3099 848 inclinatos,
3127 793 3181 839 et
3207 800 3329 838 cum
3360 787 3521 839 multa
3553 785 3710 841 ince-

2119 871 2309 928 dentes
2331 874 2564 941 tristitia,
2591 875 2676 930 ubi
2705 885 2828 931 ante
2855 891 3056 946 paucos
3077 877 3192 932 dies
3217 877 3492 933 ﬂuviorum
3517 894 3721 933 cursus

2120 963 2404 1018 multitudo
2443 966 2760 1034 superabat,
2782 967 2875 1020 sed
2907 983 3046 1022 nunc
3089 967 3243 1022 nobis
3276 984 3462 1024 omnes
3502 969 3573 1023 illi
3607 985 3719 1024 ex»

2121 1054 2258 1122 pulsi
2285 1064 2428 1110 sunt.
2458 1055 2524 1110 Et
2550 1057 2690 1110 sicut
2715 1073 2835 1112 cum
2865 1072 2930 1112 ex
2961 1059 3104 1129 sylva
3137 1060 3317 1115 multa:
3344 1061 3536 1130 passim
3563 1063 3712 1115 excio

2121 1146 2316 1201 duntur
2341 1149 2583 1214 arbores,
2617 1150 2853 1219 ingratus
2881 1150 3120 1205 redditur
3144 1163 3408 1221 aspectus,
3437 1163 3713 1222 tamquam

2121 1240 2311 1310 capitis
2350 1242 2512 1295 multa
2551 1242 2758 1296 calvitia
2801 1241 3046 1298 habentis
3073 1261 3085 1295 :
3112 1243 3189 1298 sic
3230 1253 3282 1296 et
3312 1245 3457 1300 urbis
3496 1245 3672 1299 solum
3695 1286 3714 1310 ,

2123 1330 2426 1386 hominibus
2472 1332 2695 1398 ablatis,
2732 1341 2788 1387 et
2827 1335 3006 1402 paucis
3051 1332 3246 1402 passim
3293 1335 3672 1404 apparentibus
3696 1376 3713 1398 ,

2122 1423 2382 1493 ingratum
2412 1440 2553 1479 nunc
2579 1424 2773 1479 factum
2799 1433 2900 1490 est,
2929 1434 2984 1479 et
3012 1426 3230 1480 multam
3256 1429 3596 1482 cernentibus
3616 1428 3718 1482 tri-

2122 1517 2279 1570 stitia:
2305 1518 2584 1588 caliginem
2612 1518 2855 1573 olTuudit.
2899 1517 3009 1571 Non
3039 1527 3242 1572 tantum
3274 1534 3398 1572 vero
3425 1528 3586 1582 terra,
3616 1521 3726 1574 sed.

2123 1615 2178 1663 et
2216 1609 2329 1677 ipsa
2368 1610 2509 1664 aeris
2545 1617 2765 1676 natura,
2797 1619 2851 1664 et
2895 1611 3147 1664 solarium
3185 1611 3452 1665 radiorum
3482 1612 3727 1667 circulus

2125 1715 2264 1754 nunc
2303 1700 2431 1754 mihi
2475 1715 2702 1756 maerere
2745 1710 2798 1756 et
2839 1701 3080 1754 obtusior
3119 1701 3302 1756 lucere
3327 1699 3532 1755 videtur
3561 1719 3574 1754 :
3602 1717 3730 1756 non

2123 1795 2401 1848 elementis
2426 1803 2663 1847 naturam
2692 1794 3044 1857 mutantibus,
3064 1793 3158 1849 sed
3189 1794 3382 1847 nostris
3405 1794 3591 1856 oculis,
3621 1796 3724 1864 qui

2125 1886 2350 1941 tristitia:
2381 1887 2518 1941 nube
2545 1886 2740 1940 turbati
2761 1897 2910 1951 sunt,
2933 1903 3036 1940 non
3065 1886 3360 1941 valentibus
3385 1902 3515 1955 pure
3543 1903 3736 1955 neque

2124 1993 2244 2033 cum
2266 1979 2454 2033 eodem
2477 1979 2664 2033 all'ectu
2687 1979 2954 2033 radiorum
2986 1979 3162 2032 lumen
3191 1979 3476 2048 suscipere.
3501 1979 3614 2033 Hoc
3635 1989 3725 2032 est

2124 2070 2263 2140 quod
2302 2071 2428 2124 olim
2471 2071 2726 2140 propheta
2759 2071 2970 2140 lugebat
2998 2071 3182 2125 dicens
3211 2089 3224 2126 :
3258 2071 3458 2124 Occidet
3488 2072 3611 2140 ipsis
3639 2072 3726 2126 sol

2124 2165 2177 2217 in
2216 2165 2456 2227 meridie,
2487 2175 2536 2217 et
2574 2163 2974 2218 obtenebrabitur
3001 2164 3108 2217 dies
3159 2165 3177 2234 (
3199 2165 3350 2217 Amos
3380 2165 3434 2219 8.
3475 2163 3565 2234 9).
3607 2164 3726 2220 [loc

2125 2265 2303 2310 autem
2347 2256 2588 2322 dicebat,
2631 2273 2735 2311 non
2779 2256 2918 2326 quod
2959 2265 3159 2311 astrum
3203 2258 3576 2322 occultaretur,
3617 2273 3725 2312 nec

2127 2346 2268 2416 quod
2297 2349 2412 2402 dies
2440 2358 2804 2412 evanesceret,
2830 2347 2921 2403 sed
2943 2342 3084 2420 quod
3109 2358 3398 2404 [merentes
3418 2366 3483 2403 ne
3502 2348 3726 2419 quidem

2127 2437 2182 2491 in
2224 2439 2446 2493 meridie
2491 2448 2706 2510 prepter
2745 2439 2945 2494 doloris
2975 2440 3252 2510 caliginem
3293 2439 3464 2494 lucem
3494 2455 3738 2496 cernere

2129 2539 2345 2598 possent
2387 2531 2570 2600 :quod
2615 2540 2669 2585 et
2715 2546 2854 2584 nunc
2899 2530 3094 2585 factum
3138 2541 3220 2585 est
3253 2549 3267 2585 :
3298 2541 3352 2584 et
3385 2545 3736 2601 quocumque-

2128 2622 2248 2690 quis
2268 2625 2588 2693 respexerit,
2621 2623 2732 2678 sive
2755 2624 2806 2677 in
2838 2633 3030 2678 terram
3049 2664 3068 2688 ,
3099 2624 3209 2678 sive
3239 2624 3288 2677 in
3320 2624 3544 2693 parietes
3563 2665 3577 2687 ,
3607 2622 3741 2677 sive-

2129 2712 2181 2766 in
2211 2713 2356 2766 urbis
2379 2714 2650 2768 columnas
2673 2755 2686 2772 .
2719 2713 2831 2770 sive
2869 2715 2918 2768 in
2963 2715 3232 2783 proximos
3255 2755 3268 2774 .
3300 2723 3508 2768 noctem
3535 2722 3591 2768 et
3617 2715 3724 2768 ob-

2129 2805 2435 2858 scuritatem
2478 2806 2789 2874 profundam
2837 2822 3060 2862 cernere
3106 2807 3315 2860 videtur
3360 2825 3377 2861 :
3421 2806 3500 2860 sic
3539 2806 3739 2861 omnia-

2134 2894 2313 2948 multze
2343 2895 2497 2964 plena
2538 2905 2662 2950 sunt
2687 2896 2933 2951 tristitia.
2962 2897 3240 2952 Silentium
3280 2897 3474 2967 ubique
3501 2897 3728 2953 horrore

2132 2984 2345 3052 plenum
2378 2995 2431 3040 et
2471 2986 2732 3052 solitudo,
2763 2995 2818 3041 et
2845 2987 3212 3042 desiderabilis
3240 2986 3329 3042 ille
3364 2988 3736 3044 multitudinis

2133 3078 2386 3132 tumultus
2428 3079 2722 3133 exsuinctus
2765 3089 2846 3134 est
2878 3097 2891 3132 :
2925 3089 3192 3150 tamquam
3233 3080 3481 3136 omnibus
3519 3090 3723 3137 terram

2131 3168 2503 3233 subeuntibus,
2539 3170 2606 3223 ita
2635 3184 2775 3224 nunc
2805 3171 3071 3225 civitatem
3101 3170 3431 3226 taciturnitas
3458 3171 3723 3239 continet,

2133 3261 2273 3312 saxis
2305 3277 2492 3314 omnes
2531 3262 2733 3316 similes
2778 3272 2902 3316 sunt
2924 3303 2938 3324 ,
2971 3273 3025 3317 et
3059 3274 3323 3333 tamquam
3353 3264 3583 3334 quodam
3621 3263 3735 3318 lin-

2133 3367 2250 3421 gnte
2275 3353 2484 3406 vinculo
2504 3353 2804 3408 calamitate
2832 3355 3070 3420 cohibiti,
3094 3353 3562 3423 profundissimum
3593 3356 3732 3410 reti-

2135 3450 2263 3496 nent
2307 3444 2610 3508 silentium,
2657 3457 2910 3512 quantum
2955 3446 3001 3500 si
3047 3447 3224 3500 hostes
3266 3445 3627 3516 ingruissent,
3672 3457 3738 3502 et

2134 3548 2322 3588 omnes
2359 3535 2514 3588 simul
2556 3536 2674 3605 igne
2713 3548 2767 3590 et
2807 3537 2949 3592 ferro
2984 3537 3428 3608 absumpsissent.
3461 3538 3612 3594 Nunc
3639 3539 3730 3594 di-

2134 3625 2285 3678 cendi
2315 3635 2522 3695 tempus
2543 3637 2624 3681 est
2655 3645 2666 3680 :
2698 3627 2884 3681 Mittite
2905 3629 2973 3681 ad
2999 3629 3389 3697 lamentatrices,
3414 3641 3458 3684 et
3483 3632 3686 3685 veniant
3710 3649 3733 3687 :

2135 3726 2182 3770 et
2210 3719 2278 3770 ad
2309 3735 2394 3772 eas
2414 3761 2428 3784 ,
2461 3735 2572 3788 qua:
2598 3721 2846 3789 sapientes
2874 3730 3016 3784 sunt,
3047 3732 3092 3774 et
3123 3725 3452 3793 vociferentur
3491 3723 3636 3793 (Jer.
3672 3725 3734 3779 9..

2139 3809 2248 3880 l7).
2281 3811 2552 3866 Deducant
2576 3813 2712 3865 oculi
2744 3813 2905 3866 vestri
2948 3814 3230 3883 lacrymas,
3264 3824 3318 3869 et
3348 3815 3612 3884 palpebra:
3635 3832 3727 3870 ve-

2137 3911 2261 3954 strae
2285 3901 2520 3956 deﬂuant
2542 3903 2711 3972 aquis.
2735 3903 2933 3968 Colles,
2961 3904 3154 3958 sumite
3180 3903 3468 3973 planctum,
3493 3913 3548 3960 et
3572 3921 3726 3960 mou-

2140 4004 2239 4058 tes,
2271 3993 2489 4048 luctum.
2521 3995 2832 4049 Creaturam
2863 4011 3078 4050 omnem
3119 3996 3173 4050 in
3217 3997 3475 4052 malorum
3516 4007 3736 4053 nostro-

2140 4099 2254 4136 rmn
2285 4084 2676 4138 miserationem
2715 4100 2987 4140 vocemus.
3022 4086 3222 4142 Civitas
3253 4097 3358 4142 tam
3401 4104 3588 4159 magna
3613 4130 3630 4156 ,
3677 4103 3740 4145 et

2140 4175 2476 4228 orientalium
2505 4185 2663 4243 caput
2686 4216 2701 4238 ,
2733 4191 2764 4230 e
2789 4176 2965 4230 medio
2995 4178 3104 4233 tolli
3135 4187 3396 4232 terrarum
3424 4179 3556 4234 orbe
3584 4183 3734 4250 peri-

2138 4263 2350 4318 clitatur
2372 4283 2386 4319 :
2410 4281 2550 4320 nunc
2570 4282 2688 4335 qua:
2710 4268 2905 4320 multos
2929 4267 3156 4324 habebat
3182 4271 3340 4337 ﬁlios,
3369 4281 3587 4341 repente
3612 4274 3735 4330 sine

2140 4353 2264 4409 ﬁliis
2295 4355 2430 4410 facta
2469 4366 2584 4423 est,
2611 4368 2668 4412 et
2699 4358 2787 4427 qui
2828 4360 3136 4424 auxilietnr,
3165 4377 3344 4418 nemo.
3374 4362 3558 4418 Laesus
3584 4365 3738 4420 enim

2141 4455 2222 4499 θκι
2247 4447 2335 4514 qui
2365 4463 2468 4500 non
2500 4447 2662 4502 habet
2686 4465 2866 4517 parem
2895 4451 3058 4506 ullum
3088 4467 3249 4521 super
3281 4463 3475 4509 terram
3509 4473 3522 4510 :
3557 4455 3738 4526 Impe-

2143 4547 2286 4590 rator
2308 4538 2448 4591 enim
2473 4549 2574 4604 est,
2603 4538 2873 4609 fastigium
2893 4550 2947 4596 et
2976 4553 3137 4611 caput
3173 4544 3408 4598 omnium
3435 4561 3598 4615 super
3619 4556 3734 4601 ter-

2143 4641 2254 4678 ram
2287 4625 2580 4682 hominum.
2610 4629 2894 4699 Propterea
2915 4631 2980 4686 ad
3003 4647 3290 4702 supernum
3315 4635 3512 4704 Regem
3533 4635 3735 4691 confu-

2141 4717 2365 4785 giamus,
2397 4718 2542 4772 illum
2575 4719 2624 4772 in
2653 4721 2908 4776 auxilium
2939 4722 3276 4787 invocemus;
3306 4724 3406 4778 nisi
3442 4741 3744 4796 supernam

2143 4824 2489 4878 assequamur
2529 4813 2785 4882 gratiam,
2824 4815 2965 4869 nulla
3015 4816 3420 4871 commissorum
3464 4820 3742 4888 reparatio

2145 4901 2476 4968 relinquitur.

2216 4991 2266 5044 5.
2299 4989 2597 5046 anuissem
2630 4993 2714 5048 hic
2743 4997 3054 5050 concionem
3089 4997 3298 5053 solvere
3325 5015 3340 5052 :
3371 4999 3560 5053 nolunt
3585 5000 3742 5056 enim

2143 5084 2468 5152 gementium
2511 5085 2670 5138 animi
2720 5086 2907 5157 longos
2950 5089 3237 5144 extendere
3283 5103 3594 5152 sermones;
3635 5093 3742 5148 sed

2145 5177 2282 5230 sicut
2321 5175 2488 5231 nubes
2528 5176 2768 5245 quaedam
2805 5178 2966 5234 densa
2988 5221 3003 5244 ,
3031 5189 3086 5233 et
3119 5181 3219 5235 sub
3255 5181 3481 5236 solarem
3523 5181 3736 5237 radium

2145 5282 2394 5334 currens,
2424 5283 2636 5322 onmem
2680 5280 2967 5324 retrorsum
3011 5271 3349 5340 splendorem
3387 5273 3619 5327 avertit:
3652 5274 3737 5330 sic

2147 5369 2201 5412 et
2230 5359 2455 5413 tristitia:
2483 5359 2694 5420 nebula.
2725 5376 2844 5415 cum
2877 5372 2997 5417 ante
3029 5363 3265 5418 animum
3297 5375 3535 5420 nostrum
3567 5375 3738 5422 stete-

2149 5449 2236 5515 rit,
2266 5465 2370 5502 non
2401 5451 2528 5503 sinit
2555 5451 2759 5504 l'acilem
2793 5467 2909 5507 esse
2939 5455 3194 5509 orationis
3230 5471 3465 5522 cursum,
3495 5457 3588 5512 sed
3619 5459 3738 5511 suf-

2148 5537 2316 5604 l‘ocat,
2356 5549 2411 5593 et
2451 5555 2571 5593 cum
2608 5540 2772 5593 multa
2818 5542 2866 5595 vi
2917 5541 3055 5597 intus
3099 5546 3356 5613 reprimit.
3398 5546 3462 5599 Et
3498 5545 3598 5601 hoc
3625 5561 3736 5602 non

2148 5631 2442 5686 dicentibus
2477 5641 2677 5686 tantum
2700 5673 2715 5696 ,
2747 5632 2840 5688 sed
2885 5643 2939 5688 et
2969 5634 3302 5690 audientibus
3339 5636 3565 5700 accidit;
3596 5637 3742 5693 sicut

2151 5723 2292 5778 enim
2325 5722 2391 5778 ab
2429 5723 2607 5779 animo
2635 5723 2858 5780 dicentis
2889 5741 2994 5780 non
3021 5726 3266 5782 concedit
3304 5727 3472 5798 ipsam
3499 5743 3620 5783 cum
3652 5727 3740 5783 fa-
