3892 6236
71 289 144 324 ’τις

67 406 480 494 ἀτερπέστερον
499 412 689 482 γέγονε
708 411 822 467 νῦν.
850 414 1116 486 Καθάπερ
1147 418 1389 487 μέλιτται
1412 423 1602 492 κηρίον
1623 423 1753 494 βομ-

71 491 295 559 ϐοῦσαι,
321 498 464 551 οὕτω
479 501 576 568 τὴν
601 499 808 570 ἀγορὰν
839 518 906 554 πε
917 503 1197 573 ριίπταντο
1217 507 1338 560 καθ’
1367 491 1754 582 ἑκάστηνήμέ-

69 595 178 668 ραν
208 586 257 634 οἰ
287 585 386 656 τὴν
418 585 573 638 πόλιν
617 587 893 652 οἰκοῦντες
927 601 952 630 ι
981 630 996 655 ,
1033 591 1125 643 καὶ
1157 593 1358 658 πάντες
1381 597 1528 666 ἡμᾶς
1557 599 1649 650 ἐπὶ
1677 597 1754 668 τῷ

66 666 276 734 πλήθει
299 672 473 743 τούτῳ
497 673 763 745 πρότερον
801 677 1156 748 ἐμακάριζον.

157 755 302 810 Ἀλλ’
331 758 437 813 ἰδοὺ
455 758 549 814 νῦν
570 761 632 814 τὸ
655 762 847 832 κηρίον
881 764 1040 818 τοῦτο
1092 766 1315 836 γέγονεν
1353 767 1560 840 ἔρημον
1578 787 1592 802 ’
1623 771 1757 824 καθ-

68 841 224 929 άπερ
258 845 369 918 γὰρ
412 847 513 912 τάς
550 850 808 920 μελίττας
828 852 1040 918 ἐκείνας
1067 855 1294 920 καπνὸς,
1348 855 1492 911 οὕτω
1527 856 1624 921 τὰς
1663 875 1756 929 με·

64 928 265 996 λίττας
288 934 490 1000 ταύτας
515 937 678 1006 φόϐος
703 938 950 1010 ἀπήλασε
971 957 985 972 ο
1010 942 1212 1012 μᾶλλον
1236 943 1292 996 δέ
1319 943 1411 996 καὶ
1441 943 1470 997 ὃ
1502 944 1630 1016 περὶ
1657 928 1756 1016 τῆς

81 1017 452 1096 Ἰερουσαλὴμ
488 1023 702 1096 θρηνῶν
729 1025 756 1077 ὀ
781 1029 1068 1099 προφήτης
1100 1030 1274 1099 ἔλεγε,
1299 1030 1452 1084 τοῦτο
1481 1031 1574 1086 καὶ
1599 1034 1758 1103 ήμεῖς

65 1107 156 1168 εἰς
181 1109 379 1180 καιρὸν
415 1110 652 1182 ἐροῦμεν
685 1111 810 1167 νῦνο
851 1114 1138 1185 Ἑγενήθη
1170 1116 1314 1185 ἡμῖν
1349 1117 1388 1182 ή
1429 1119 1628 1181 πόλις,
1677 1116 1757 1181 ὡς

67 1194 414 1264 τερέϐινθος
458 1199 902 1268 ἀποϐεϐληκυῖα
950 1202 1019 1257 τὰ
1057 1205 1284 1273 φύλλα,
1315 1204 1414 1257 καὶ
1459 1204 1539 1268 ὼς
1571 1204 1758 1271 παρά-

66 1279 288 1348 δεισος
317 1283 478 1352 ὕδωρ
519 1285 607 1354 μὴ
639 1287 816 1356 ἔχων.
847 1290 1116 1362 Καθάπερ
1149 1291 1258 1362 γὰρ
1286 1291 1610 1362 παράδεισος
1660 1290 1756 1360 τῆς

67 1367 304 1437 ἀρδείας
325 1372 704 1444 ἐπιλιπούσης,
732 1374 914 1446 ἔρημα
943 1376 1051 1430 τῶν
1079 1377 1290 1447 φύλλων
1320 1378 1414 1431 καὶ
1437 1377 1620 1447 γυμνά
1650 1378 1756 1430 τῶν

68 1456 314 1525 καρπῶν
334 1458 404 1510 τὰ
421 1459 610 1534 δένδρα
637 1461 928 1529 δείκνυσιν,
973 1464 1114 1518 οὐτω
1136 1465 1200 1536 δὴ
1233 1465 1328 1518 καὶ
1358 1467 1392 1534 ή
1429 1464 1579 1528 πόλις
1601 1463 1756 1534 ἡμῶν

67 1545 272 1613 γέγονε
309 1547 405 1600 νῦν
427 1565 441 1580 ⁹
477 1550 575 1620 τῆς
613 1551 723 1623 γὰρ
753 1551 962 1608 ἀνωθεν
995 1553 1245 1624 βοηθείας
1288 1552 1756 1622 ἐγκαταλιπούσης

65 1632 271 1704 αὐτὴν,
293 1634 524 1706 ἐστηκεν
548 1636 773 1710 ἔρημος,
811 1641 994 1713 γυμνὴ
1022 1640 1132 1694 τῶν
1158 1641 1458 1714 οἰκητόρων
1486 1639 1755 1710 γενομένη

70 1719 268 1788 σχεδὸν
297 1721 570 1778 ἀπάντων.
599 1726 765 1780 Οὐδέν
797 1728 1055 1798 πατρίδος
1087 1728 1438 1796 γλυκύτερον,
1473 1725 1586 1780 ἀλλ’
1607 1725 1756 1778 οὐδὲν

67 1807 405 1880 πικρότερον
430 1810 526 1866 νῦν
568 1812 788 1881 γέγονεο
815 1815 1017 1878 πάντες
1064 1815 1162 1884 τὴν
1214 1814 1540 1883 ἐνεγκοῦσαν
1569 1813 1757 1884 ῶσπερ

68 1895 287 1964 παγίδα
334 1897 646 1966 φεύγουσιν,
698 1900 888 1972 ὥσπερ
933 1901 1205 1973 βάραθρον
1249 1900 1756 1972 ἐγκαταλιμπάνου-

71 1998 162 2034 σιν
209 1983 261 2046 ιι,
309 1983 496 2058 ὥσπερ
544 1991 724 2059 πυρᾶς
767 1989 1118 2061 ἀποπηδῶσι·
1153 1992 1248 2043 καὶ
1291 1989 1544 2060 καθάπερ
1580 1988 1758 2050 οἰκίας

71 2071 399 2144 ἁπτομένης
422 2076 519 2146 οὐχ
545 2078 594 2130 οἰ
620 2078 720 2148 τὴν
747 2078 925 2132 οἰκίαν
955 2078 1234 2142 οἰκοῦντες
1280 2079 1458 2150 μόνον,
1489 2078 1626 2132 ἀλλά
1663 2078 1758 2131 καὶ

71 2159 284 2224 πάντες
321 2163 370 2214 οἰ
402 2163 630 2234 πλησίον
664 2166 804 2237 μετὰ
846 2167 1047 2238 πολλῆς
1089 2167 1412 2237 ἀποπηδῶσι
1447 2167 1550 2238 τῆς
1594 2183 1758 2220 σπου-

69 2245 194 2316 δῆς,
225 2250 438 2320 γυμνὸν
465 2253 526 2305 τὸ
566 2253 726 2324 σῶμα
766 2253 1027 2308 διασῶσαι
1060 2253 1482 2318 σπουδάζοντες·
1523 2253 1666 2308 οὓτω
1693 2253 1757 2322 δὴ

72 2336 170 2388 καὶ
194 2335 295 2388 νῦν
318 2339 421 2410 τῆς
451 2339 734 2412 βασιλικῆς
763 2341 934 2415 ὀργῆς
963 2343 1215 2415 καθάπερ
1243 2345 1421 2414 πυρᾶς
1446 2359 1591 2406 τινος
1617 2342 1758 2396 ἀνωι-

74 2422 170 2475 θεν
201 2425 356 2495 ῆξειν
394 2429 872 2503 προσδοκωμένης,
904 2432 1034 2503 πρὶν
1072 2433 1158 2484 ἐπ’
1192 2431 1391 2495 αὐτοὺς
1414 2430 1520 2502 ὀδῷ
1547 2427 1759 2500 βαδίζον

74 2513 209 2588 ἔλθῃ
258 2516 323 2570 τὸ
350 2517 482 2589 πῦρ,
516 2519 744 2584 ἕκαστος
772 2521 1052 2591 ἐπείγεται
1080 2521 1447 2594 προεξελθεῖν,
1519 2520 1614 2574 καὶ
1653 2537 1756 2588 γυ-

78 2607 212 2674 μνὸν
246 2607 511 2664 διασῶσαι
544 2610 604 2664 τὸ
631 2611 816 2682 σῶμα·
841 2613 937 2666 καὶ
979 2613 1200 2681 γέγονεν
1227 2611 1382 2683 ὴμῶν
1411 2611 1639 2681 αἴνιγμα
1665 2608 1761 2663 νῦν

75 2694 111 2764 ἠ
151 2696 431 2767 συμφορά.
460 2698 642 2770 Χωρὶς
675 2699 948 2770 πολεμίων
978 2701 1147 2772 φυγὴ,
1175 2699 1345 2770 χωρὶς
1396 2699 1572 2769 μάχης
1636 2713 1762 2767 μετ-

76 2781 423 2849 ανάστασις,
455 2787 625 2856 χωρὶς
651 2785 904 2850 ἁλώσεως
957 2787 1305 2859 αἰχμαλωσία
1325 2806 1340 2819 ο
1396 2787 1496 2838 οὐκ
1549 2784 1761 2853 εἴδομεν

78 2866 426 2941 βαρϐαρικὸν
466 2872 598 2944 πῦρ,
636 2873 757 2927 οὐδέ
801 2873 1074 2944 πολεμίων
1102 2874 1224 2944 ὄψιν
1267 2872 1634 2943 ἐθεασάμεθα,
1669 2872 1763 2925 καὶ

75 2955 147 3008 τά
177 2957 291 3010 τῶν
313 2957 633 3014 ἑαλωκότων
663 2961 968 3034 πάσχομεν.
1006 2963 1214 3026 Πάντες
1239 2961 1335 3015 νῦν
1362 2962 1459 3025 τὰς
1487 2959 1762 3031 ἡμετέρας

81 3045 421 3115 μανθάνουσι
445 3051 730 3122 συμφοράς
751 3067 763 3076 ·
790 3052 917 3114 τοὺς
933 3051 1042 3122 γὰρ
1058 3051 1354 3123 ἡμετέρους
1378 3050 1761 3121 ὑποδεχόμενοι

79 3135 330 3204 φυγάδας
353 3139 481 3206 παρ’
498 3138 722 3192 ἐκείνων
736 3139 833 3210 τὴν
848 3139 945 3208 τῆς
961 3139 1166 3202 πόλεως
1181 3138 1512 3210 μανθάνουσι
1525 3138 1760 3209 πληγήν.

154 3221 220 3292 β’.
254 3224 400 3276 Ἀλλ’
425 3226 524 3278 οὐκ
541 3225 864 3298 αἰσχύνομαι
877 3227 970 3280 ἐπὶ
984 3225 1181 3297 τούτῳ,
1195 3226 1316 3278 οὐδὲ
1331 3225 1588 3300 ἐρυθριῶ.
1614 3227 1766 3279 Mav-

82 3310 403 3366 θανέτωσαν
430 3313 670 3376 ἅπαντες
693 3313 762 3366 τὰ
787 3313 886 3384 τῆς
924 3313 1133 3377 πόλεως
1169 3313 1338 3384 πάθη,
1381 3314 1468 3366 ἵνα
1495 3312 1764 3383 συναλγή-

86 3415 280 3463 σαντες
296 3402 365 3470 τῇ
391 3401 608 3472 μητέρι,
633 3402 818 3472 κοινὴν
831 3401 939 3454 ἀπὸ
959 3401 1056 3472 τῆς
1073 3401 1175 3472 γῆς
1190 3401 1409 3472 ἀπάσης
1434 3401 1765 3468 ἀνενέγκωσι

83 3484 164 3555 τῷ
200 3485 324 3557 Θεῷ
374 3487 579 3558 φωνὴν,
627 3487 723 3540 καὶ
760 3488 1102 3558 ὁμοθυμαδὸν
1137 3487 1236 3558 τὴν
1278 3489 1463 3558 κοινὴν
1513 3487 1766 3541 ἀπάντων

89 3573 306 3644 μητέρα
342 3574 439 3627 καὶ
465 3576 663 3645 τροφὸν
701 3575 854 3647 παρά
898 3575 994 3629 τοῦ
1031 3575 1141 3629 τῶν
1167 3577 1409 3646 οὐρανῶν
1444 3573 1767 3646 ἐξαιτήσων-

83 3677 176 3714 ται
215 3661 503 3730 βασιλέως.
551 3663 800 3735 Ἐσείσθη
840 3662 1032 3735 πρῴην
1065 3665 1196 3734 ἡμῖν
1233 3666 1266 3734 ή
1300 3662 1476 3725 πόλις,
1511 3663 1646 3716 ἀλλά
1673 3663 1768 3716 νῦν

88 3748 252 3802 αὐταὶ
312 3749 630 3803 σαλεύονται
679 3751 789 3805 τῶν
848 3751 1148 3822 οἰκητόρων
1199 3762 1221 3791 ο
1275 3751 1330 3803 αἰ
1390 3751 1590 3820 ψυχαί·
1645 3750 1767 3803 τότε

90 3837 298 3890 ἐσείετο
328 3838 401 3890 τά
435 3837 656 3908 θεμέλια
688 3838 796 3892 τῶν
837 3841 1174 3910 οἰκημάτων,
1220 3839 1314 3893 νῦν
1347 3839 1402 3892 δέ
1435 3839 1575 3892 αὐτά
1604 3839 1768 3892 δονεί-

92 3942 182 3978 ται
203 3926 272 3978 τά
299 3925 528 3996 θεμέλια
559 3929 658 3998 τῆς
701 3928 930 3981 ἐκάστου
976 3927 1221 3999 καρδίας,
1264 3928 1360 3981 καὶ
1388 3927 1506 3981 καθ’
1533 3928 1770 3998 ἑκάστην

92 4015 308 4086 ἡμέραν
339 4015 449 4084 πρὸ
479 4013 593 4068 τῶν
633 4015 928 4086 ὀφθαλμῶν
956 4015 1048 4068 τὸν
1085 4014 1313 4069 θάνατον
1345 4014 1543 4077 πάντες
1579 4014 1770 4084 βλέπο-

100 4120 217 4172 μεν,
246 4104 344 4157 καὶ
377 4102 527 4175 φόϐῳ
555 4103 806 4173 συζῶμεν
832 4105 1090 4174 διηνεκεῖ,
1120 4105 1213 4157 καὶ
1242 4105 1340 4165 τὴν
1368 4103 1460 4156 τοῦ
1491 4104 1626 4157 Κάῖν
1649 4105 1774 4157 ὐπο-

102 4192 334 4262 μένομεν
370 4192 638 4262 τιμωρίαν
673 4191 1032 4262 ἐλεεινότερον
1074 4189 1184 4242 τῶν
1218 4190 1349 4242 ποτὲ
1389 4189 1448 4243 τὸ
1485 4189 1771 4259 δεσμωτή-

101 4297 213 4350 ριον
241 4278 539 4331 οἰκούντων
569 4277 925 4346 διακείμενοι,
965 4275 1060 4330 καὶ
1106 4274 1425 4347 πολιορκίαν
1457 4273 1775 4346 πολιορκού-

99 4374 246 4426 μενοι
280 4357 440 4427 ξένην
462 4359 583 4412 τινὰ
613 4361 704 4412 καὶ
723 4359 934 4429 καινὴν,
961 4358 1055 4410 καί
1076 4357 1173 4426 τῆς
1194 4356 1592 4427 νενομισμένης
1610 4358 1636 4397 ἀ
1661 4358 1772 4412 δει-

97 4439 340 4511 νοτέραν.
500 4442 562 4492 υἱ
584 4441 680 4509 μὲν
701 4439 806 4506 γὰρ
823 4438 929 4491 ὐπὸ
949 4437 1056 4491 τῶν
1075 4438 1346 4508 πολεμίων
1364 4439 1522 4493 τοῦτο
1536 4440 1773 4510 πάσχον-

95 4539 204 4586 τες,
234 4523 345 4576 ἔσω
363 4522 562 4593 τειχῶν
592 4519 963 4575 ἀποκλείονται
995 4521 1174 4592 μόνον,
1201 4523 1329 4592 ήμῖν
1349 4522 1516 4575 δὲκαὶ
1540 4523 1573 4592 ἡ
1598 4523 1773 4594 ἀγορὰ

97 4610 294 4675 ἄϐατος
319 4610 514 4679 γέγονε
537 4648 551 4672 ,
593 4610 686 4662 καὶ
716 4611 826 4670 τοῖς
859 4608 1057 4679 τοίχοις
1090 4609 1318 4672 ἕκαστος
1345 4609 1446 4680 τῆς
1474 4610 1650 4674 οἰκίας
1681 4613 1769 4663 ἐν-

98 4693 518 4747 αποκέκλεισται
541 4691 639 4762 τῆς
664 4689 879 4744 ἐαυτοῦ.
911 4691 1020 4744 Καὶ
1041 4691 1292 4762 καθάπερ
1312 4693 1435 4755 τοὺς
1457 4693 1767 4764 πολιορκου-

103 4781 288 4849 μένους
317 4782 423 4833 οὐκ
455 4779 695 4850 ἀσφαλὲς
727 4778 1028 4850 ὑπερϐῆναι
1055 4779 1115 4833 τὺ
1136 4781 1333 4850 τεῖχος,
1365 4779 1473 4832 τῶν
1498 4780 1771 4851 πολεμίων

100 4862 199 4933 ἔξω
235 4867 714 4939 περικαθημένων·
747 4866 918 4930 οὕτως
950 4867 1070 4920 οὐδὲ
1101 4868 1314 4931 πολλοῖς
1341 4867 1450 4920 τῶν
1479 4867 1576 4938 τὴν
1617 4869 1772 4921 πόλιν

98 4951 384 5005 οἰκούντων
413 4951 650 5020 ἀσφαλὲς
675 4950 927 5016 ἐξελθεῖν,
959 4950 1080 5003 οὐδὲ
1111 4951 1171 5002 ἐν
1214 4949 1290 5020 τῷ
1325 4950 1476 5020 μέσῳ
1508 4951 1763 5019 φανῆναι,

99 5034 184 5086 διά
203 5035 325 5098 τοὺς
348 5033 616 5088 πάντοθεν
635 5033 966 5106 θηρεύοντας
983 5031 1254 5095 ἀναιτίους
1276 5035 1369 5086 καὶ
1389 5033 1596 5096 αἰτίους
1613 5043 1658 5095 θ,
1679 5033 1772 5084 καὶ

106 5115 162 5168 ἐκ
193 5119 362 5188 μέσης
393 5117 741 5188 ἁρπάζοντας
763 5117 864 5186 τῆς
885 5118 1114 5188 ἀγορᾶς,
1143 5116 1238 5169 καὶ
1264 5116 1400 5184 πρὸς
1426 5115 1486 5167 τὸ
1509 5114 1768 5186 δικαστή-

104 5217 212 5268 ριον
233 5201 424 5264 ἀπλῶς
444 5202 540 5254 καὶ
565 5201 640 5264 ῶς
669 5200 857 5272 ἔτυχεν
881 5200 1158 5261 ἕλκοντας.
1187 5199 1285 5252 Διά
1311 5197 1469 5252 τοῦτο
1494 5197 1770 5268 ἐλεύθεροι

103 5283 234 5349 μετά
273 5283 386 5337 τῶν
433 5282 660 5338 οἰκετῶν
684 5283 794 5337 τῶν
824 5283 1035 5337 ἑαυτῶν
1081 5282 1228 5335 ἐνδον
1274 5279 1771 5351 συμπεποδισμένοι

100 5365 379 5428 κάθηνται,
407 5365 491 5428 τίς
525 5365 852 5435 συνελήφθη,
874 5365 957 5429 τίς
987 5363 1232 5434 ἀπήχθη,
1263 5363 1349 5426 τίς
1377 5361 1648 5433 ἐκολάσθη
1675 5363 1770 5434 σή-

103 5458 256 5514 μερον
280 5462 294 5509 ;
322 5443 446 5500 πῶς
473 5442 569 5494 καὶ
586 5442 689 5521 τίνι
717 5442 934 5511 τρόπῳ;
961 5444 1332 5515 μεριμνῶντες
1352 5443 1447 5496 καὶ
1473 5460 1768 5516 περιεργα-

162 5621 188 5650 ⁸
210 5622 288 5670 Sic
307 5635 338 5670 e
365 5619 517 5670 Savil.
557 5627 607 5670 et
646 5621 834 5682 aliquot
854 5634 974 5671 mss.
998 5621 1328 5682 corqeximus;
1356 5621 1503 5682 paulo
1524 5626 1636 5682 post
1655 5623 1775 5679 μᾶλ-

110 5681 180 5730 λον
202 5669 548 5738 δέίιιόιέοίῐηυε
573 5669 633 5730 εχ
661 5669 836 5731 θοὸειη
861 5669 1056 5732 Ξενὶἰὶο,
1087 5669 1221 5732 Eon.

166 5745 190 5782 δ
215 5753 247 5794 Α
258 5743 308 5794 lii
337 5745 768 5795 ἀπολιμπάνουσιν.

167 5810 186 5836 °
215 5810 305 5855 Alli
333 5810 432 5854 τῶν
453 5806 726 5854 οἰκούντων.

157 5866 180 5906 ἀ
212 5871 302 5918 Alii
322 5870 405 5916 καὶ
433 5868 599 5927 πολλῷ
627 5873 823 5923 τῆς-νιν.
852 5865 976 5915 Infra
1001 5866 1196 5925 quidam
1221 5865 1586 5916 ἐναποκλείεται.

160 5929 180 5953 ⁸
213 5929 289 5981 Slc
311 5928 470 5980 Saﬁil.
498 5934 552 5978 ει
575 5927 676 5987 alii,
703 5927 752 5978 in
783 5927 952 5978 Morel.
978 5929 1056 5976 καὶ
1081 5927 1256 5982 αἰτίους
1276 5929 1432 5978 deest.

66 302 146 346 55
1145 302 1234 357 AD
1272 304 1606 365 POPULUM
1654 309 2150 369 ANTIOCHENUM
2192 316 2424 373 HOMIL.
2461 319 2522 374 ll.
3443 318 3512 375 '55

1862 426 2075 498 ζόμενοι
2100 431 2230 499 παρ’
2256 423 2330 482 ῶν
2354 429 2421 483 τά
2441 431 2662 485 τοιαῦτα
2679 433 2903 486 δυνατὸν
2931 428 3218 504 μανθάνειν
3244 429 3523 499 ἀσφαλῶς,

1860 515 1955 568 καὶ
1987 513 2214 568 θανάτου
2257 518 2453 581 παντὸς
2483 518 2840 591 ἐλεεινότερον
2871 518 3002 584 ζῶσι
3037 517 3167 587 βίον,
3205 515 3304 578 τάς
3344 531 3402 566 τε
3429 515 3526 567 ἀλο

1858 601 2072 672 λοτρίας
2103 601 2389 674 ὀδύρεσθαι
2426 605 2710 676 συμφοράς
2757 604 3189 674 ἀναγκαζόμενοι
3236 599 3359 654 καθ’
3391 601 3527 670 ἡμέ-

1862 706 1980 758 ραν,
2005 687 2099 742 καὶ
2112 685 2358 757 ὐπέρτῆς
2374 689 2578 744 ἑαυτῶν
2589 687 2882 761 τρέμοντες
2897 686 3187 758 σωτηρίας,
3199 689 3294 742 καὶ
3316 687 3526 758 νεκρῶν

1855 776 2006 830 οὐδὲν
2036 775 2254 845 ἄμεινον
2284 775 2616 844 διακείμενοι
2666 776 2743 847 τῷ
2783 775 2951 830 πάλαι
2980 775 3233 828 τεθνάναι
3277 775 3353 844 τῷ
3391 773 3522 828 δέει.

1858 865 1922 918 Εἰ
1955 862 2010 916 δέ
2037 879 2122 923 τις
2155 861 2364 915 καὶτοῦ
2403 862 2568 929 φόϐου
2619 862 2808 915 τούτου
2840 865 2933 916 καὶ
2958 863 3059 931 τῆς
3093 862 3329 930 ἀγωνίας
3366 862 3521 913 ἐκτὸς

1855 945 1931 999 ῶν
1979 946 2283 1018 ἐθελήσειεν
2307 949 2386 1012 εἰς
2417 947 2623 1018 ἀγορὰν
2647 947 2922 1018 ἐμϐαλεῖν,
2954 947 3060 1000 ὐπὸ
3092 946 3193 1016 τῆς
3219 943 3394 1016 ὅψεως
3423 936 3528 1013 τῆξ

1855 1035 2128 1105 ἀτερποῦς
2166 1035 2366 1100 εὐθέως
2405 1037 2483 1098 εἰς
2511 1035 2609 1106 τὴν
2660 1034 2838 1088 οἰκίαν
2881 1032 3246 1087 εἰσελαύνεται
3272 1032 3370 1085 τὴν
3399 1029 3525 1083 ἐαυο

1855 1122 1970 1185 τοῦ,
1999 1123 2094 1175 ἕνα
2131 1141 2230 1176 που
2272 1123 2380 1175 καὶ
2416 1121 2510 1174 δύο
2575 1121 2726 1192 μόλις
2773 1121 2916 1192 ὀρῶν
2970 1117 3396 1189 συγκεκυφότας.
3433 1116 3526 1169 καὶ

1861 1209 1999 1279 μετὰ
2029 1209 2226 1282 πολλῆς
2250 1210 2563 1281 βαδίζοντας
2581 1210 2682 1280 τῆς
2703 1207 3025 1279 κατηφείας,
3052 1207 3180 1261 ἔνθα
3205 1205 3310 1277 πρὸ
3333 1204 3528 1272 ὀλίγων

1857 1296 2080 1368 ήμερῶν
2109 1297 2370 1368 ποταμῶν
2401 1297 2649 1368 ῥεύματα
2674 1297 2736 1350 τὸ
2762 1295 2966 1367 πλῆθος
2998 1295 3370 1366 ἀπέκρυπτεν,
3392 1290 3529 1344 ἀλλά

1857 1382 1952 1436 νῦν
1977 1383 2335 1455 ἀπηλάθησαν
2360 1387 2490 1456 ἡμῖν
2520 1385 2721 1448 πάντες
2747 1384 2960 1438 ἐκεῖνοι.
2992 1383 3102 1436 Καὶ
3119 1381 3370 1452 καθάπερ
3403 1378 3529 1451 δρυ-

1861 1469 1962 1544 μοῦ
1985 1470 2262 1541 συμφύτου
2290 1471 2499 1525 πολλῶν
2528 1471 2865 1542 πανταχόθεν
2899 1467 3246 1523 ἐκκοπέντων
3275 1465 3528 1537 δένδρων,

1856 1556 2097 1629 ἀτερπὴς
2126 1561 2160 1629 ἡ
2194 1559 2314 1629 ὄψις
2344 1560 2573 1628 γίνεται,
2604 1559 2638 1630 ἢ
2673 1558 2926 1629 καθάπερ
2956 1555 3198 1626 κεφαλῆς
3236 1551 3530 1625 φαλακρῶ-

1861 1661 2004 1714 ματα
2028 1645 2256 1718 ἐχούσης
2277 1648 2466 1710 πολλὰ,
2483 1647 2623 1700 οὕτω
2656 1646 2721 1718 δὴ
2754 1648 2848 1699 καὶ
2871 1645 2932 1699 τὸ
2957 1646 3056 1715 τῆς
3080 1645 3286 1705 πόλεως
3309 1641 3529 1709 ἔδαφος.

1857 1731 1966 1785 τῶν
1993 1733 2294 1805 ἀνθρώπων
2315 1735 2746 1798 ἐλαττωθέντων,
2776 1735 2870 1787 καὶ
2896 1733 3090 1800 ὀλίγων
3115 1730 3386 1802 σποράδην
3410 1746 3533 1797 φαι-

1860 1821 2119 1889 νομένων,
2143 1823 2378 1894 ἀτερπές
2413 1823 2604 1892 γέγονε
2643 1822 2762 1887 νῦν,
2794 1823 2888 1874 καὶ
2917 1821 3117 1889 πολλὴν
3150 1819 3258 1871 τῶν
3284 1815 3534 1890 ὁρώντων

1861 1908 2114 1977 καταχέει
2148 1909 2246 1979 τῆς
2269 1909 2506 1980 ἀθυμίας
2527 1910 2625 1981 τὴν
2651 1908 2838 1981 ἀχλύν.
2875 1909 2947 1962 Οὐ
2969 1908 3030 1962 τὸ
3057 1908 3250 1975 ἔδαφος
3269 1905 3325 1958 δὲ
3355 1905 3531 1975 μόνον,

1860 1993 1993 2046 ἀλλά
2035 1994 2127 2047 καὶ
2162 1997 2300 2067 αὐτὴ
2323 1995 2417 2049 τοῦ
2451 1996 2612 2068 ἀέρος
2643 1999 2676 2067 ἡ
2713 1996 2894 2065 φύσις,
2925 1995 3020 2049 καὶ
3053 1993 3217 2056 αὐτὸς
3243 1991 3350 2044 τῶν
3378 1991 3536 2062 ἡλιαο

1860 2079 1972 2133 κῶν
2013 2082 2245 2136 ἀκτίνων
2281 2085 2309 2136 ό
2346 2083 2543 2148 κύκλος
2589 2084 2908 2152 στυγνάζειν
2957 2100 3047 2154 μοι
3085 2081 3233 2134 δοκεῖ
3287 2077 3404 2144 νῦν,
3442 2076 3538 2130 καὶ

1860 2168 2235 2240 ἀμαυρότερος
2255 2171 2562 2240 φαίνεσθαι,
2592 2174 2654 2225 οὐ
2683 2172 2793 2224 τῶν
2821 2169 3097 2240 στοιχείων
3125 2167 3224 2239 τήν
3251 2165 3411 2235 φύσιν
3442 2181 3538 2235 με·

1859 2255 2250 2318 ταϐαλλόντων,
2288 2257 2422 2310 ἀλλά
2455 2258 2564 2312 τῶν
2608 2258 2892 2329 ἡμετέρων
2932 2253 3230 2326 ὀφθαλμῶν
3267 2252 3345 2324 τῷ
3385 2250 3540 2304 τεθο-

1859 2341 2060 2396 λῶσθαι
2098 2343 2198 2414 τῆς
2237 2344 2475 2417 ἀθυμίας
2503 2345 2580 2416 τῷ
2616 2346 2790 2414 νέφει,
2826 2345 2900 2416 μὴ
2937 2343 3249 2413 δυναμένων
3282 2337 3538 2408 καθαρῶς
3579 2405 3582 2408 φ

1864 2429 1998 2499 μηδὲ
2035 2431 2171 2500 μετά
2208 2432 2308 2503 τῆς
2337 2433 2509 2502 αὐτῆς
2543 2432 2834 2496 διαθέσεως
2873 2432 2934 2485 τὸ
2969 2431 3120 2501 παρά
3156 2430 3264 2483 τῶν
3303 2427 3540 2482 ἀκτίνων

1860 2513 2109 2586 δέχεσθαι
2148 2517 2282 2587 φῶς.
2313 2519 2484 2573 Τοῦτό
2523 2522 2669 2574 ἐστιν
2703 2521 2732 2573 ὃ
2757 2520 2978 2574 πάλαιὸ
3006 2519 3290 2590 προφήτης
3322 2515 3537 2586 ἐθρήνει

1861 2602 2052 2672 λέγων’
2086 2606 2333 2660 Δύσεται
2367 2609 2570 2672 αὐτοῖς
2602 2611 2634 2662 ὀ
2670 2608 2844 2674 ἣλιος
2872 2607 3267 2676 μεσημϐρίας,
3300 2603 3397 2657 καί
3423 2615 3530 2655 συν

1862 2691 2148 2746 σκοτάσει
2173 2693 2211 2760 ἠ
2241 2694 2450 2763 ἡμέρα.
2474 2695 2643 2748 Τοῦτο
2671 2695 2728 2749 δὲ
2758 2695 2961 2764 ἔλεγεν,
2990 2695 3085 2763 οὐχ
3112 2693 3187 2756 ὡς
3219 2691 3312 2744 τοῦ
3341 2689 3538 2760 ἀστρου

1864 2781 2260 2851 κρυπτομένου,
2295 2782 2416 2834 οὐδὲ
2465 2783 2540 2846 ῶς
2579 2783 2676 2852 τῆς
2707 2783 2922 2854 ἡμέρας
2966 2779 3388 2850 ἀφανιζομένης,
3425 2777 3538 2830 ἀλλ’

1861 2869 1938 2930 ὡς
1959 2868 2063 2921 τῶν
2097 2868 2449 2940 ἀθυμούντων
2480 2872 2602 2925 οὐδὲ
2638 2873 2696 2924 ἐν
2733 2870 3049 2942 μεσημϐρίᾳ
3071 2867 3385 2938 δυναμένων
3410 2867 3542 2935 ὁρᾷν

1863 2954 1925 3008 τὸ
1963 2955 2078 3025 φῶς
2113 2957 2202 3011 διά
2243 2959 2334 3011 τὸν
2363 2958 2471 3012 ἀπὸ
2507 2959 2607 3028 τῆς
2652 2959 2846 3030 ὀδύνης
2885 2957 3045 3026 ζόφον
3069 2974 3083 2988 ⁸
3119 2957 3148 3008 ὃ
3194 2955 3256 3025 δὴ
3297 2953 3391 3006 καὶ
3445 2949 3543 3005 νῦν

1865 3046 2056 3114 γέγονε
2075 3063 2088 3075 ·
2127 3047 2222 3100 καί⁹
2250 3049 2495 3120 ὅπουπερ
2533 3049 2601 3104 ἂν
2629 3049 2712 3121 ῐδῃ
2748 3067 2856 3114 τις,
2887 3049 2990 3102 κᾶν
3016 3050 3095 3111 εἰς
3126 3046 3185 3100 τὸ
3207 3045 3420 3114 ἔδαφος,
3440 3042 3543 3096 κᾶν

1865 3136 1945 3198 εἰς
1965 3136 2089 3199 τούς
2118 3136 2349 3207 τοίχους,
2375 3138 2478 3191 κᾶν
2502 3139 2581 3201 εἰς
2597 3139 2723 3201 τοὺς
2743 3139 2927 3202 κίονας
2948 3139 3046 3209 τῆς
3071 3135 3297 3199 πόλεως,
3331 3131 3434 3186 κᾶν
3463 3133 3544 3195 εἰς

1866 3222 1990 3286 τοῦς
2031 3223 2274 3294 πλησίον,
2317 3224 2487 3278 νύκτα
2521 3226 2655 3297 ὀρᾷν
2681 3226 2828 3278 δοκεῖ
2855 3227 2946 3279 καὶ
2984 3225 3146 3293 ζόφον
3175 3221 3341 3294 βαθύν
3361 3237 3374 3250 ⁸
3400 3219 3544 3273 οῦτω

1867 3311 2044 3365 πάντα
2065 3311 2265 3383 πολλῆς
2300 3313 2460 3384 γέμει
2487 3314 2586 3384 τῆς
2614 3313 2939 3383 κατηφείας.
2963 3313 3096 3382 Σιγὴ
3127 3307 3402 3379 πανταχοῦ
3423 3309 3545 3382 φρί-

1867 3416 1969 3469 κης
2007 3398 2252 3470 γέμουσα
2311 3401 2406 3454 καὶ
2443 3400 2670 3473 ἐρημία,
2710 3401 2804 3454 καὶ
2841 3401 2870 3452 ό
2919 3399 3162 3461 ποθεινὸς
3211 3398 3416 3460 ἐκεῖνος
3449 3395 3544 3449 τοῦ

1868 3487 2106 3558 πλήθους
2123 3487 2376 3542 ἔσϐεσται
2404 3488 2651 3560 θόρυϐος,
2682 3489 2776 3541 καὶ
2800 3488 3051 3558 καθάπερ
3072 3485 3327 3539 ἁπάντων
3349 3484 3429 3545 εἰς
3449 3483 3545 3553 τὴν

1868 3577 1972 3646 γῆν
2005 3576 2378 3630 καταδυόντων
2415 3576 2460 3637 ί,
2510 3576 2682 3640 οὕτως
2731 3577 2943 3646 ἀφωνία
2995 3575 3094 3647 τὴν
3133 3573 3286 3627 πόλιν
3325 3571 3547 3642 κατέχει

1869 3662 1984 3728 νῦν,
2024 3666 2116 3718 καί
2151 3668 2262 3728 τοῖς
2288 3664 2456 3730 λίθοις
2489 3667 2730 3720 ἐοίκασιν
2760 3665 3018 3730 ἅπαντες,
3068 3662 3161 3718 καὶ
3207 3663 3395 3732 ῶσπερ
3439 3660 3546 3714 τινὶ

1869 3751 2211 3825 γλωττοπέδη
2241 3757 2306 3826 τῇ
2356 3757 2611 3826 συμφορᾷ
2663 3755 3016 3826 κατεχόμενοι
3055 3753 3362 3825 βαρυτάτην
3414 3769 3546 3804 κατ-

1873 3840 2090 3910 έχουσιν
2118 3841 2366 3912 ἡσυχίαν,
2405 3843 2498 3895 καὶ
2530 3845 2816 3913 τοσαύτην,
2843 3846 3051 3914 ὅσηπερ
3085 3843 3151 3896 ἂν
3189 3843 3238 3894 εἰ
3277 3839 3548 3911 πολεμίων

1871 3929 2204 3982 ἐπελθόντων
2239 3931 2334 3983 καὶ
2368 3931 2576 3994 πάντας
2611 3930 2745 4002 ὁμοῦ
2781 3931 2914 4001 πυρί
2943 3931 3037 3982 καὶ
3072 3929 3274 4000 σιδήρῳ
3300 3927 3545 3997 δαπανη-

1875 4016 2082 4070 σάντων
2131 4017 2367 4084 ἐγένετο.
2423 4017 2689 4082 Εὐκαιρον
2737 4019 2832 4070 νῦν
2880 4019 3080 4069 εἰπεῖν’
3131 4016 3548 4069 Ἀποστείλατε

1875 4101 2025 4168 πρὸς
2054 4097 2158 4164 τὰς
2184 4100 2543 4166 θρηνούσας,
2571 4099 2686 4171 ['25]
2723 4100 2823 4153 καὶ
2862 4099 3230 4162 ἑλθέτωσαν,
3261 4099 3358 4151 καί
3397 4101 3548 4164 πρὸς

1873 4186 1981 4251 τὰς
1996 4183 2209 4253 σοφὰς,
2227 4185 2324 4238 καὶ
2342 4185 2836 4256 φθεγξάσθωσιιν.
2873 4186 3172 4240 Ῥεέτωσαν
3192 4187 3241 4238 οἰ
3271 4184 3545 4255 ὀφθαλμοὶ

1872 4276 2026 4348 ὐμῶν
2058 4275 2222 4343 ὕδωρ,
2250 4276 2344 4329 καὶ
2373 4277 2442 4329 τὰ
2478 4275 2725 4345 βλέφαρα
2751 4273 2904 4344 ὐμῶν
2934 4273 3218 4341 καταγέτω
3242 4273 3468 4343 δάκρυα·
3498 4273 3547 4324 οἰ

1875 4363 2071 4434 βουνοὶ,
2086 4363 2277 4416 λάϐετε
2303 4363 2550 4426 κοπετὸν,
2587 4363 2680 4415 καὶ
2707 4361 2776 4414 τὰ
2807 4361 2932 4433 ὅρη,
2959 4359 3174 4431 θρῆνον.
3211 4359 3546 4429 Καλέσωμεν

1873 4452 1970 4522 τὴν
2007 4451 2182 4504 κτίσιν
2222 4452 2436 4504 ἅπασαν
2479 4451 2558 4513 εἰς
2597 4448 2940 4519 συμπάθειαν
2975 4447 3084 4500 τῶν
3128 4446 3412 4518 ἡμετέρων
3449 4464 3549 4499 κα-

1873 4539 2005 4593 κῶν.
2049 4537 2209 4601 Πόλις
2230 4536 2371 4590 οῦτω
2408 4535 2616 4607 μεγάλη
2645 4536 2736 4589 καὶ
2769 4534 2878 4588 τῶν
2907 4535 3011 4588 ὑπὸ
3040 4535 3140 4604 τὴν
3169 4535 3243 4587 ἓω
3277 4534 3547 4603 κειμένων

1874 4627 1908 4696 ή
1926 4624 2153 4696 κεφαλὴ,
2181 4627 2245 4677 ἐκ
2275 4623 2448 4694 μέσης
2475 4623 2892 4694 ἀναρπασθῆναι
2920 4621 3216 4676 κινδυνεύει
3245 4621 3343 4691 τῆς
3368 4623 3548 4674 οἰκου-

1877 4711 2076 4782 μένηςο
2117 4711 2210 4764 νῦν
2242 4711 2274 4780 ἠ
2310 4709 2578 4772 πολύπαις
2609 4710 2776 4772 ἄπαις
2808 4707 3071 4778 ἐξαίφνης
3100 4708 3412 4778 γεγένηται,
3453 4707 3549 4760 καὶ

1873 4800 1900 4851 ὁ
1930 4797 2212 4868 βοηθήσων
2249 4796 2442 4860 οὐδείς.
2472 4797 2548 4850 Οὐ
2569 4797 2678 4868 γάρ
2709 4799 2856 4850 ἐστιν
2895 4797 2924 4848 ὀ
2957 4794 3236 4866 ὑϐρισθεὶς
3286 4793 3548 4864 ὁμότιμόν

1873 4901 1993 4937 τινα
2033 4883 2171 4955 ἔχων
2207 4884 2300 4936 ἐπὶ
2333 4883 2434 4952 τῆς
2477 4883 2580 4954 γῆς
2603 4900 2615 4912 ·
2648 4882 2899 4953 βασιλεὺς
2930 4883 3040 4951 γάρ
3067 4883 3182 4934 ἐστι
3217 4879 3427 4953 κορυφὴ
3453 4879 3550 4932 καὶ

1877 4970 2086 5042 κεφαλὴ
2117 4969 2227 5024 τῶν
2259 4970 2353 5022 ἐπὶ
2377 4971 2476 5039 τῆς
2508 4970 2614 5040 γῆς
2643 4969 2945 5041 ἀνθρώπων
2969 4968 3241 5023 ἁπάντων.
3273 4967 3368 5020 Διά
3392 4965 3550 5018 τοῦτο

1874 5059 1937 5129 δὴ
1967 5058 2102 5128 πρὸς
2125 5057 2216 5112 τὸν
2247 5059 2358 5112 ἀνω
2392 5058 2824 5129 καταφεύγωμεν
2860 5056 3118 5128 βασιλέαο
3152 5058 3355 5110 ἐκεῖνον
3389 5051 3548 5107 καλέ-

1878 5161 2058 5212 σωμεν
2089 5147 2169 5207 εἰς
2199 5143 2482 5215 βοήθειανο
2511 5147 2560 5197 εἰ
2597 5145 2673 5216 μὴ
2720 5145 2820 5214 τῆς
2856 5143 3063 5198 ἀνωθεν
3091 5141 3490 5210 ἀπολαύσοιμεν
3521 5141 3548 5179 ⁸

1876 5231 2113 5296 εὐνοίας,
2136 5231 2361 5302 οὐδεμία
2386 5231 2631 5284 λείπεται
2655 5234 2767 5295 τοῖς
2792 5230 3180 5301 γεγενημένοις
3208 5226 3546 5298 παραμυθία.

1945 5327 2016 5388 γ’.
2057 5320 2385 5391 Ἐϐουλόμην
2421 5319 2655 5374 ἐνταῦθα
2700 5318 3003 5374 καταλῦσαι
3043 5318 3132 5370 τὸν
3154 5316 3324 5384 λόγον·
3350 5315 3412 5366 οὐ
3440 5313 3551 5385 γὰρ

1880 5406 2120 5460 ἐθέλουσι
2165 5407 2274 5460 τῶν
2316 5407 2664 5476 ὀδυνωμένων
2709 5407 2764 5460 αἰ
2820 5405 2988 5476 ψυχαὶ
3047 5403 3289 5475 μακροὺς
3332 5401 3552 5455 ἀποτείο

1878 5511 1990 5549 νειν
2024 5495 2230 5564 λόγους
2294 5495 2409 5547 ἀλλ’
2446 5493 2635 5564 ῶσπερ
2673 5493 2867 5564 νεφέλη
2922 5509 3006 5552 τις
3045 5488 3222 5556 πυκνὴ
3260 5488 3551 5561 γενομένη,

1878 5583 1972 5636 καὶ
2014 5583 2112 5654 τὴν
2145 5583 2376 5654 ἡλιακὴν
2421 5585 2615 5636 ἀκτῖνα
2658 5579 3084 5651 ὐπεκδραμοῦσα
3121 5579 3183 5640 h,
3218 5577 3554 5648 ἀποστρέφει

1890 5810 1900 5822 '
1946 5745 1964 5784 ί
2014 5745 2110 5796 Alii
2143 5748 2459 5796 καταδύντων.
2508 5747 2628 5796 Infra
2661 5746 2812 5794 Savll.
2848 5752 2902 5796 ct
2956 5759 3083 5795 unus
3128 5743 3390 5809 βαρυτάτην
3430 5754 3552 5803 παρη

1877 5823 2058 5869 typum.

1944 5871 1970 5932 β
1998 5870 2095 5932 Alii
2123 5871 2178 5917 ἂν
2203 5871 2327 5930 μή...
2354 5869 2715 5932 ἀπολαύσωμεν,

1941 5929 1970 5968 δ
1997 5931 2148 5980 Savll.
2171 5928 2222 5980 et
2255 5932 2450 5993 quidam
2479 5945 2594 5980 mss.
2618 5928 2978 5992 ὐποδραμοῦσα.
