3932 6222
328 247 396 299 57
1100 244 1158 300 S.
1193 243 1479 301 JOANNIS
1495 242 1988 301 CllRYSOSTOMl
2022 243 2345 302 ARCHIEP.
2388 240 2932 302 CONSTANTINOP.
3719 240 3791 297 33

331 361 430 432 τὴν
456 361 633 430 αὐγὴν
656 361 836 414 πᾶσαν
864 363 943 424 είς
964 360 1226 413 τούπίσω·
1249 360 1390 413 οὕτω
1415 359 1477 432 δὴ
1512 360 1607 413 καὶ
1635 359 1874 432 ἀθυμίας
1914 360 2004 416 νέ-

328 467 449 516 φος,
494 449 713 502 ἐπειδὰν
745 452 843 520 στῇ
888 449 995 520 πρὸ
1034 449 1133 520 τῆς
1175 449 1351 519 ψυχῆς
1388 451 1489 520 τῆς
1543 448 1855 521 ἡμετέρας,
1902 450 2005 504 οὐκ

328 537 555 608 ἀφίησιν
583 536 802 590 εὔκολον
832 535 1085 605 γενέσθαι
1109 536 1208 607 τὴν
1235 535 1327 589 τοῦ
1357 534 1517 605 λόγου
1563 537 1833 600 διάϐασιν,
1888 537 2006 591 ἀλλ’

328 625 623 693 ἀποπνίγει
675 624 767 677 καὶ
798 623 1011 694 συνέχει
1041 621 1180 693 μετὰ
1209 622 1410 695 πολλῆς
1438 625 1538 695 τῆς
1566 625 1812 697 ἀνάγκης
1862 625 2008 679 ἔνδον

330 712 514 765 αὑτόν.
546 712 657 765 Καὶ
689 710 845 764 τοῦτο
872 712 972 763 οὐκ
1000 711 1092 763 ἐπὶ
1124 709 1234 764 τῶν
1261 710 1547 779 λεγόντων,
1596 712 1732 766 ἀλλά
1775 714 1871 766 καὶ
1915 713 2009 766 ἐπ)⁵

328 800 438 854 τῶν
470 800 776 853 ἀκουόντων
806 798 1035 862 γίνεται.
1061 798 1273 869 Ὥσπερ
1302 798 1411 871 γάρ
1432 799 1540 854 ἀπὸ
1565 800 1665 870 τῆς
1697 800 1792 853 τοῦ
1818 800 2005 868 λέγον-

329 901 423 948 ’τος
446 887 622 960 ψυχῆς
651 888 749 940 οὐκ
781 886 1007 955 ἀφίησιν
1053 888 1215 941 αὑτὸν
1255 887 1559 959 ἐκπηδῆσαι
1592 890 1708 960 μετ’
1734 889 2005 953 εὐκολίας,

331 970 505 1037 οὑτως
543 974 664 1026 ούδέ
706 976 786 1036 είς
835 973 934 1044 τὴν
978 972 1084 1027 τῶν
1116 975 1422 1028 ἀκουόντων
1463 975 1701 1030 διάνοιαν
1748 978 2007 1046 ἐμπεσεῖν

335 1066 609 1133 συγχωρεῖ
662 1062 799 1131 μετά
848 1063 946 1133 τῆς
982 1064 1186 1127 οἰκείας
1210 1062 1512 1133 δυνάμεως.
1554 1063 1656 1116 Διά
1704 1065 1862 1117 τοῦτο
1914 1064 2010 1118 καὶ

347 1150 588 1203 Ἰουδαῖοί
613 1169 742 1204 ποτε
770 1150 846 1222 τῷ
873 1151 1029 1223 πηλῷ
1064 1153 1157 1206 καὶ
1203 1156 1269 1224 τῇ
1316 1153 1564 1225 πλινθείᾳ
1602 1154 1941 1218 δουλεύοντες
1957 1165 2009 1218 ι,

332 1237 427 1292 τοῦ
450 1239 693 1300 Μωσέως
724 1237 984 1302 πολλάκις
1020 1240 1231 1310 μεγάλα
1255 1241 1383 1311 περὶ
1423 1244 1525 1311 τῆς
1555 1241 1732 1294 αὐτῶν
1762 1240 2010 1309 λέγοντος

335 1326 608 1397 σωτηρίας
658 1325 877 1379 ἀκούειν
905 1327 1005 1380 οὑκ
1044 1327 1338 1399 ἠνείχοντο,
1385 1329 1484 1398 τῆς
1526 1328 1761 1400 ἀθυμίας
1812 1328 2010 1383 ἄϐατον

333 1415 594 1483 ποιούσης
625 1415 702 1483 τῷ
734 1415 876 1486 λόγῳ
906 1417 1004 1487 τὴν
1028 1416 1288 1480 διάνοιαν,
1321 1418 1415 1470 καὶ
1440 1417 1537 1488 τὴν
1566 1418 1735 1488 ἀκοὴν
1764 1419 2011 1489 ἐμφρατ-

332 1503 550 1570 τούσης.
597 1503 933 1574 Ἦϐουλόμην
963 1504 1060 1575 μὲν
1090 1500 1182 1558 οῦν
1215 1505 1307 1558 καὶ
1335 1506 1497 1569 αὑτὸς
1519 1506 1749 1559 ἐνταῦθα
1775 1506 2011 1560 καταλῦ-

334 1588 515 1642 σαιτά
544 1590 828 1661 εἰρημένα·
862 1590 977 1644 ἀλλ’
994 1592 1254 1664 ἐννοήσας
1291 1594 1373 1645 ὅτι
1407 1594 1507 1645 οὐκ
1540 1593 1886 1663 ἀντιφράττει
1918 1593 2012 1663 μό-

333 1694 422 1730 νον
450 1679 678 1750 νεφέλης
705 1678 864 1747 φύσις
895 1678 994 1750 τὴν
1026 1682 1105 1743 είς
1133 1680 1192 1733 τὸ
1220 1682 1407 1751 πρόσω
1436 1680 1607 1752 φορὰν
1636 1681 1737 1751 τῆς
1774 1681 2010 1743 ἀκτῖνος,

339 1767 477 1820 ἀλλά
507 1768 602 1821 καὶ
623 1767 931 1820 τούναντίον
960 1768 1097 1839 αὑτὴ
1130 1769 1325 1837 πάσχει
1351 1768 1629 1832 πολλάκις·
1673 1767 1888 1820 ἐπειδὰν
1906 1770 2014 1836 γὰρ

337 1856 367 1907 ὁ
399 1855 547 1926 ἥλιος
572 1855 897 1927 θερμότερος
932 1855 1255 1926 προσπεσὼν
1275 1855 1537 1927 διηνεκῶς
1562 1856 1723 1928 τρίϐῃ
1752 1856 1811 1908 τὸ
1830 1855 2010 1923 νέφος,

343 1944 505 2013 μέσον
534 1962 593 1998 τε
625 1944 756 1998 αὐτὸ
789 1945 1040 2018 διέρρηξε
1081 1945 1357 2009 πολλάκις,
1382 1948 1476 2000 καὶ
1510 1946 1704 2017 ἀθρόον
1731 1945 2013 2015 ἐκλάμψας

340 2035 565 2105 φαιδρὸς
593 2038 712 2099 ταῖς
743 2035 850 2090 τῶν
881 2037 1130 2108 ὁρώντων
1164 2038 1501 2109 προσέπεσεν
1527 2038 1699 2108 ὄψεσι·
1728 2039 1885 2091 τοῦτο
1920 2040 2014 2092 καὶ

338 2121 501 2184 αὑτὸς
531 2123 816 2193 προσδοκῶ
845 2127 1091 2195 ποιήσειν
1121 2126 1381 2197 σήμερον,
1419 2126 1514 2180 καὶ
1555 2126 1649 2180 τοῦ
1696 2125 1854 2194 λόγου
1891 2144 2013 2178 συν-

337 2210 479 2278 εχῶς
508 2210 822 2281 ὁμιλοῦντος
859 2213 1013 2284 ὑμῶν
1044 2217 1162 2277 ταῖς
1196 2215 1423 2285 ψυχαῖς,
1458 2216 1552 2269 καὶ
1574 2216 1666 2269 ἐπὶ
1711 2216 1891 2269 πλεῖον
1925 2219 2014 2268 ἐνκ

337 2295 724 2368 διατρίϐοντος,
750 2300 1085 2372 ῥαγήσεσθαι
1109 2300 1310 2365 ἐλπίζω
1338 2304 1436 2373 τῆς
1469 2302 1707 2373 ἀθυμίας
1740 2304 1800 2356 τὸ
1832 2302 2013 2371 νέφος,

340 2383 435 2436 καὶ
471 2384 848 2455 καταλάμψειν
888 2385 1043 2457 ὑμῶν
1079 2386 1177 2458 τὴν
1213 2387 1451 2441 διάνοιαν
1492 2391 1558 2460 τῇ
1602 2388 1824 2460 εἰωθυίᾳ
1854 2389 2014 2443 πάλιν

337 2469 675 2543 διδασκαλίᾳ.
710 2473 847 2526 Ἀλλ’
874 2473 1086 2527 ἐπίδοτέ
1125 2492 1214 2544 μοι
1248 2476 1346 2543 τὴν
1374 2474 1550 2546 ψυχὴν
1590 2475 1687 2545 τὴν
1717 2477 2013 2547 ὑμετέραν,

341 2557 553 2611 ἐπίδοτέ
596 2577 686 2629 μοι
723 2560 820 2631 τὴν
853 2562 1025 2631 ἀκοὴν
1077 2560 1294 2632 μικρόν·
1327 2562 1724 2628 ἀποτινάξασθε
1750 2564 1849 2634 τὴν
1883 2564 2015 2616 ἀθυ-

345 2645 495 2713 μίαν·
546 2647 637 2698 ἐπὶ
683 2646 744 2698 τὸ
791 2646 1056 2717 πρότερον
1099 2646 1219 2711 ἐθος
1260 2648 1665 2718 ἐπανέλθωμεν,
1701 2650 1795 2702 καὶ
1826 2648 2015 2721 ὥσπερ

342 2728 614 2800 εἰώθαμεν
642 2732 728 2784 ἀεὶ
756 2731 871 2802 μετ’
896 2731 1161 2802 εὐθυμίας
1184 2733 1417 2787 ἐνταῦθα
1439 2735 1857 2803 παραγίνεσθαι,
1875 2735 2015 2789 οὑτω

343 2820 436 2871 καὶ
485 2818 580 2871 νῦν
624 2820 887 2890 ποιῶμεν,
913 2821 973 2873 τὸ
1013 2822 1119 2874 πᾶν
1145 2822 1236 2874 ἐπὶ
1264 2821 1354 2874 τὸν
1387 2821 1518 2874 Θεὸν
1546 2822 1818 2892 ῥίψαντες.
1849 2822 2017 2877 Τοῦτο

342 2906 440 2958 καὶ
468 2905 604 2976 πρὸς
633 2907 803 2977 αὐτὴν
838 2909 969 2977 ἡμῖν
992 2909 1091 2978 τῆς
1119 2910 1405 2980 συμφορᾶς
1436 2909 1792 2978 συμϐαλεῖται
1820 2908 1914 2980 τὴν
1931 2908 2018 2964 λύ-

345 3010 449 3048 σιν.
473 2996 568 3046 Ἂν
589 2994 697 3066 γάρ
725 2995 810 3068 ἴδῃ
841 2995 979 3065 μετά
1007 2995 1293 3068 ἀκριϐείας
1315 2996 1697 3068 ἀκροωμένους
1721 2997 1827 3050 τῶν
1851 2997 2016 3051 αὑτοῦ

343 3080 536 3149 λόγων,
568 3083 661 3135 καὶ
685 3081 783 3152 τὴν
814 3081 1130 3151 φιλοσοφίαν
1157 3084 1287 3153 ἡμῖν
1314 3084 1414 3136 οὑκ
1449 3084 1814 3156 ἐλεγχομένην
1832 3087 1898 3156 τῇ
1921 3085 2015 3139 τοῦ

345 3167 538 3239 καιροῦ
582 3168 856 3241 δυσκολίᾳ,
898 3170 1108 3241 ταχέως
1132 3170 1504 3242 ἀντιλήψεται,
1533 3173 1628 3225 καὶ
1670 3174 1885 3243 ποιήσει
1919 3172 2017 3244 τὴν

343 3257 582 3327 γαλήνην
594 3257 689 3310 καὶ
703 3257 998 3330 μεταϐολὴν
1011 3259 1219 3329 ἀγαθὴν
1231 3260 1340 3313 ἀπὸ
1349 3260 1442 3313 τοῦ
1455 3261 1718 3332 παρόντος
1729 3260 2017 3331 χειμῶνος.

414 3351 518 3404 Τὸν
544 3350 652 3421 γὰρ
674 3350 997 3421 Χριστιανὸν
1015 3350 1112 3404 καὶ
1140 3351 1198 3402 ἐν
1224 3348 1397 3419 τούτῳ
1428 3347 1536 3402 τῶν
1558 3350 1803 3402 ἀπίστων
1826 3350 2014 3417 διαφέο

345 3455 458 3508 ρειν
488 3441 615 3509 χρὴ,
646 3438 758 3511 [‘24]
778 3441 835 3492 ἐν
853 3439 931 3509 τῷ
956 3439 1141 3510 φέρειν
1161 3438 1424 3506 γενναίως
1442 3437 1678 3498 ἅπαντα,
1704 3438 1798 3491 καὶ
1820 3440 1887 3510 τῇ
1909 3437 2017 3493 τῶν

345 3531 646 3601 μελλόντων
692 3532 865 3585 ἐλπίδι
901 3533 1268 3603 πτερούμενον
1303 3531 1577 3605 ἀνώτερον
1609 3529 1747 3587 εἷναι
1778 3534 1876 3603 τῆς
1907 3533 2015 3585 τῶν

342 3617 699 3687 ἀνθρωπίνων
719 3617 907 3671 κακῶν
929 3618 1251 3690 προσϐολῆς.
1282 3620 1407 3671 Ἐπὶ
1434 3620 1532 3690 τῆς
1556 3620 1759 3691 πέτρας
1784 3620 2015 3690 ἕστηκεν

342 3707 373 3758 6
402 3705 613 3768 πιστὸς,
644 3705 732 3759 διὰ
773 3705 932 3760 τοῦτο
957 3708 1077 3770 ταῖς
1104 3706 1212 3760 τῶν
1245 3707 1502 3777 κυμάτων
1548 3708 1844 3780 ἀχείρωτός
1898 3710 2014 3761 ἐστι

345 3793 716 3865 προσϐολαῖςδ
746 3833 759 3848 .
799 3796 895 3847 Ἂν
931 3794 1040 3866 γὰρ
1068 3794 1280 3866 ἐπαρθῇ
1311 3794 1381 3848 τὰ
1418 3795 1638 3865 κύματα
1676 3797 1784 3849 τῶν
1818 3814 2015 3868 πειρα-

345 3880 520 3950 σμῶν,
556 3881 655 3935 οὑκ
685 3883 985 3950 ἐφικνεῖται
1013 3882 1122 3936 τῶν
1161 3883 1370 3936 ἐκείνου
1404 3882 1613 3936 ποδῶν·
1649 3879 1800 3947 οὗτος
1824 3884 2017 3955 ὑψηλό-

342 3985 497 4039 τερος
520 3972 619 4039 τῆς
639 3970 856 4041 ἀπάσης
875 3970 1129 4041 τοιαύτης
1150 3970 1379 4041 ἕστηκεν
1401 3971 1710 4042 ἐπιϐουλῆς.
1731 3972 1821 4042 Μὴ
1836 3972 2014 4026 τοίνυν

343 4058 759 4128 καταπέσωμεν,
800 4060 1095 4130 ἀγαπητοί.
1137 4059 1248 4129 Οὐχ
1278 4058 1451 4122 οὑτως
1473 4061 1634 4129 ἡμεῖς
1660 4060 2014 4131 φροντίζομεν

342 4145 440 4215 τῆς
456 4146 732 4216 ἡμετέρας
758 4147 1050 4218 σωτηρίας,
1067 4147 1142 4209 ὡς
1168 4148 1195 4199 ὁ
1215 4148 1444 4215 ποιήσας
1465 4148 1610 4217 ἡμᾶς
1631 4147 1783 4211 Θεός·
1802 4149 1899 4219 οὑχ
1926 4148 2016 4201 οὑ-

343 4248 448 4294 τως
465 4235 597 4302 ἡμῖν
621 4233 773 4301 μέλει
788 4234 881 4286 τοῦ
906 4234 1071 4305 μηδὲν
1094 4233 1285 4288 παθεῖν
1306 4234 1497 4300 δεινὸν,
1516 4235 1591 4298 ὡς
1610 4235 1687 4306 τῷ
1713 4237 1810 4307 τήν
1837 4237 2014 4307 ψυχὴν

343 4324 475 4394 ἡμῖν
506 4323 876 4396 χαρισαμένῳ,
910 4324 1001 4376 καὶ¹
1022 4323 1257 4378 τοσαῦτα
1284 4325 1424 4379 δόντι
1456 4325 1592 4396 μετὰ
1618 4325 1790 4379 ταῦτα
1812 4327 2011 4393 ἀγαθά.

345 4411 582 4474 Ταύταις
608 4413 831 4468 ἑαυτοὺς
861 4411 1229 4482 πτερώσωμεν
1248 4415 1365 4478 ταῖς
1387 4414 1588 4478 ἐλπίσι,
1619 4414 1714 4467 καὶ
1742 4414 1849 4467 τῶν
1887 4413 2014 4484 μελ-

344 4497 544 4551 λόντων
575 4497 907 4570 ῥηθήσεσθαι
935 4497 1074 4569 μετά
1096 4499 1196 4568 τῆς
1223 4500 1476 4564 εἰωθυίας
1514 4499 1834 4571 ἀκούσωμεν
1878 4517 2014 4571 προ-

345 4584 563 4656 θυμίας.
616 4585 849 4652 Μακράν
897 4583 1088 4657 πρῴην
1129 4586 1389 4641 ἀπέτεινα
1426 4588 1561 4659 πρὸς
1601 4587 1700 4658 τὴν
1743 4587 2013 4659 ὑμετέραν

342 4674 562 4744 ἀγάπην
596 4672 956 4744 δημηγορίαν,
997 4673 1089 4726 καλ⁸
1142 4674 1348 4738 πάντας
1381 4671 1516 4728 εἶδον
1548 4674 2015 4746 παρακολουθοῦν-

342 4776 460 4824 τας,
494 4760 586 4813 καὶ
607 4760 799 4814 οὐδένα
838 4763 900 4813 ἐκ
935 4761 1110 4832 μέσης
1154 4761 1568 4833 ὑποστρέψαντα
1598 4762 1699 4832 τῆς
1726 4761 1867 4816 ὀδοῦ.
1899 4762 2013 4815 Χά-

347 4864 431 4918 ριν
460 4847 587 4916 ὑμῖν
621 4848 744 4901 ἀντὶ
770 4849 869 4919 τῆς
900 4847 1206 4920 προθυμίας
1241 4849 1349 4920 έχω
1382 4849 1619 4919 ἐκείνης,
1649 4849 1875 4903 καὶτῶν
1913 4851 2010 4903 πό-

342 4954 447 4989 νων
476 4936 565 4988 τὸν
599 4936 786 5006 μισθὸν
811 4936 1107 5008 ἀπείληφα·
1126 4938 1262 4991 ἀλλὰ
1296 4938 1389 4990 καὶ
1417 4938 1603 5011 ἕτερον
1645 4941 1761 5008 μετ’
1801 4939 2012 4993 ἐκείνου

346 5023 536 5093 μισθὸν
576 5024 720 5094 ὑμᾶς
742 5024 920 5096 ᾔτησα
947 5026 1091 5078 τότε·
1138 5026 1279 5096 τάχα
1310 5026 1422 5079 ἴστε
1454 5027 1549 5079 καὶ
1584 5026 1882 5097 μέμνησθε.
1917 5027 2014 5090 Τίς

342 5110 398 5163 δέ
444 5107 511 5180 ἦν
547 5113 576 5164 6
602 5110 821 5182 μισθός;
853 5113 992 5176 Τοὺς
1020 5112 1373 5184 βλασφήμους
1397 5116 1522 5176 τοὺς
1554 5113 1696 5167 κατά
1726 5114 1825 5184 τὴν
1859 5113 2013 5168 πόλιν

343 5200 590 5266 κολάζειν
614 5202 707 5255 καὶ
733 5200 1109 5273 σωφρονίζειν,
1148 5204 1274 5265 τοὺς
1305 5205 1384 5267 εἰς
1410 5203 1501 5255 τὸν
1529 5202 1660 5255 Θεὸν
1693 5202 2013 5273 ὑϐρίζοντας

345 5291 437 5343 καὶ
469 5292 859 5364 παροινοῦντας
886 5304 908 5331 ο
932 5293 1204 5359 κατέχειν·
1232 5293 1329 5345 οὐκ
1348 5289 1499 5362 οἶμαι
1524 5292 1696 5345 ταῦτα
1723 5292 1817 5346 ἀπ’
1843 5293 2014 5361 ἐμαυ-

342 5379 437 5433 τοῦ
467 5381 588 5433 τότε
620 5381 924 5452 εἰρηκέναι,
960 5381 1096 5434 ἀλλὰ
1112 5379 1205 5433 τοῦ
1222 5380 1357 5434 Θεοῦ
1382 5380 1452 5433 τά
1478 5379 1739 5450 μέλλοντα
1765 5380 2013 5451 προειδό-

342 5483 434 5530 τος
451 5468 533 5531 εἱς
547 5468 645 5540 τὴν
659 5469 898 5523 διάνοιαν
917 5469 1016 5541 τὴν
1030 5468 1306 5539 ἡμετέραν
1324 5468 1721 5540 ἐμϐεϐληκέναι
1742 5468 1810 5521 τὰ
1831 5470 1897 5539 ῥή
1906 5485 2011 5539 μα-

341 5572 431 5610 τα·
460 5558 510 5610 εί
538 5558 645 5628 γάρ
672 5559 799 5622 τοὺς
833 5557 902 5610 τά
928 5555 1153 5609 τοιαῦτα
1180 5555 1492 5627 τολμῶντας
1533 5555 1881 5626 ἐκολάζομεν,
1912 5557 2013 5610 οὐκ

341 5645 407 5700 ἂν
433 5644 606 5699 ταῦτα
632 5644 794 5715 ἐξέϐη
822 5644 937 5711 νῦν,
957 5644 1102 5716 ἆπερ
1125 5644 1306 5716 ἐξέϐη.
1329 5644 1488 5716 Πόσῳ
1506 5644 1713 5715 βέλτιον
1740 5640 1832 5717 ἦν,
1850 5647 1899 5701 εί
1918 5647 2013 5701 καὶ

400 5809 426 5879 ξ
449 5809 688 5879 ξείνη-εί
710 5812 860 5879 aliqui
880 5813 1101 5879 _1t).tv05iq:
1132 5813 1580 5878 ταλαιπωρούμενο..

399 5870 426 5911 δ
462 5871 731 5933 Ἑμϐολαίς,
753 5870 823 5921 sil:
846 5875 947 5921 alii.

398 5936 420 5961 ‘
447 5934 528 5982 Sic
552 5936 681 5982 Sanil
727 5941 772 5981 ιιι
802 5938 989 5993 aliquot
1014 5950 1153 5993 mss..
1181 5938 1261 5987 alii
1289 5938 1691 5998 παρανομοῦντας.

2115 359 2448 414 κινδυνεύειν
2485 353 2621 425 ἔδει,
2658 359 3058 432 σωφρονίζοντα
3084 358 3281 422 αὐτοὺς
3302 358 3395 413 καὶ
3424 357 3793 414 παιδεύονταά

2115 448 2307 502 παθεῖν
2334 466 2410 513 τι,
2442 447 2471 501 ὃ
2496 448 2591 501 καὶ
2624 445 2924 520 μαρτυρίου
2956 447 3218 516 στέφανον
3264 448 3398 518 ἡμῖν
3443 447 3728 518 ἐκόμιζεν,
3757 445 3793 516 ἦ

2108 536 2204 590 νῦν
2223 536 2539 601 δεδοικέναι,
2575 536 2672 589 καὶ
2697 535 2943 606 τρέμειν,
2986 534 3082 588 καὶ
3112 534 3340 589 θάνατον
3387 536 3701 607 προσδοκᾷν
3722 538 3789 589 ἐκ

2108 624 2207 694 τῆς
2233 623 2454 677 ἐκείνων
2476 623 2701 688 ἀταξίας
2718 640 2733 688 ;
2767 621 2897 677 Ἰδοὺ
2925 621 2985 674 τὸ
3001 623 3219 694 ἀμάρτη
3230 640 3307 694 μα
3327 622 3545 693 γέγονεν
3565 623 3791 693 ὀλίγων,

2108 711 2203 765 καὶ
2230 712 2292 765 τὸ
2313 711 2566 783 ἔγκλημα
2586 711 2794 781 γίνεται
2820 711 3016 766 κοινόν·
3050 712 3159 765 ἰδοὺ
3187 712 3255 765 δι’
3284 710 3522 776 ἐκείνους
3545 711 3796 779 ἀπαντις

2106 799 2425 872 δεδοίκαμεν
2465 800 2579 867 νῦν,
2622 801 2715 855 καὶ
2752 800 2862 855 τῶν
2900 801 3127 865 ἐκείνοις
3168 801 3587 873 τετολμημένων
3632 799 3796 856 αὑτοὶ

2104 889 2205 952 τὰς
2228 890 2498 960 τιμωρίας
2534 889 2897 960 ὑπομένομεν.
2952 890 3014 943 Εἰ
3066 888 3123 942 δέ
3178 887 3540 959 προλαϐόντες
3588 889 3798 955 αὑτοὺς

2108 975 2439 1046 ἐξεϐάλομεν
2456 976 2557 1047 τῆς
2583 976 2811 1040 πόλεως,
2832 975 2928 1029 καὶ
2951 975 3415 1047 ἐσωφρονίσαμεν,
3443 976 3537 1029 καὶ
3552 976 3617 1031 τὸ
3642 993 3794 1030 νενοο

2111 1064 2282 1134 σηκὸς
2311 1064 2703 1136 διωρθώσαμεν
2729 1065 2909 1135 μέλος,
2929 1065 3031 1117 οὑκ
3060 1064 3125 1118 ἂν
3160 1063 3252 1116 τὸν
3285 1064 3526 1135 παρόντα
3556 1064 3796 1135 ἐφοϐού-

2112 1152 2252 1224 μεθα
2276 1153 2458 1222 φόϐον.
2483 1149 2612 1207 Οἶδα
2639 1155 2720 1207 ὅτι
2743 1153 2843 1222 τῆς
2871 1152 3078 1216 πόλεως
3098 1152 3159 1205 τὸ
3185 1148 3317 1223 ἦθος
3339 1152 3546 1208 ἀνωθεν
3571 1152 3798 1209 ἐλεύθε-

2112 1258 2223 1312 ρον,
2276 1242 2416 1308 ξένοι
2453 1242 2510 1295 δέ
2542 1259 2685 1305 τινες
2712 1242 2809 1295 καὶ
2844 1240 3068 1313 μιγάδες
3120 1240 3414 1313 ἄνθρωποι,
3463 1243 3652 1313 μιαροὶ
3700 1244 3798 1297 καὶ

2108 1328 2362 1399 ὀλέθριοι,
2386 1330 2478 1382 καὶ
2507 1330 2605 1400 τῆς
2634 1328 2840 1382 ἐαυτῶν
2860 1328 3239 1397 ἀπεγνωκότες
3265 1328 3536 1401 σωτηρίας
3558 1329 3682 1382 ἐτόλ
3693 1348 3798 1402 μη-

2113 1432 2235 1482 σαν,
2267 1415 2409 1486 άπερ
2430 1416 2749 1488 ἐτόλμησαν.
2783 1418 2882 1469 Διά
2910 1414 3085 1470 ταῦτα
3118 1415 3255 1486 βοῶν
3297 1416 3384 1469 ἀεὶ
3414 1416 3508 1469 καὶ
3549 1416 3794 1488 διαμαρ-

2109 1504 2406 1575 τυρόμενος
2427 1505 2488 1557 οὑ
2515 1504 2781 1559 διέλειπον
2799 1522 2814 1536 ·
2839 1504 3158 1575 κολάσωμεν
3182 1503 3290 1558 τῶν
3322 1504 3797 1576 βλασφημούντων

2109 1593 2209 1662 τὴν
2240 1593 2456 1663 μανίαν,
2490 1594 2911 1664 σωφρονίσωμεν
2927 1593 3106 1646 αὑτῶν
3135 1592 3233 1664 τὴν
3265 1593 3523 1656 διάνοιαν,
3556 1594 3797 1664 προνοή·

2114 1698 2296 1750 σωμεν
2332 1680 2509 1735 αὑτῶν
2549 1682 2646 1751 τῆς
2699 1681 2990 1751 σωτηρίας·
3028 1680 3132 1734 κᾶν
3170 1680 3459 1734 ἀποθανεῖν
3496 1681 3591 1752 δέῃ
3636 1682 3800 1734 τοῦτο

2112 1767 2417 1831 ποιοῦντας,
2452 1768 2593 1840 μέγα
2619 1771 2754 1839 ἡμῖν
2785 1769 2921 1822 οἴσει
2956 1768 3016 1821 τὸ
3029 1770 3265 1839 πρᾶγμα
3295 1768 3503 1840 κέρδος·
3545 1768 3623 1840 μὴ
3656 1785 3795 1839 παρ

2116 1854 2313 1924 ίδωμεν
2350 1855 2442 1908 τὸν
2475 1854 2653 1908 κοινὸν
2719 1853 3071 1925 ὑϐριζόμενον
3115 1856 3409 1924 Δεσπότην·
3443 1854 3586 1925 μέγα
3621 1872 3675 1908 τι
3712 1854 3801 1907 τέ-

2114 1943 2263 2010 ξεται
2284 1946 2349 2014 τῇ
2382 1942 2535 1995 πόλει
2557 1942 2726 1996 κακὸν
2763 1943 2823 1995 τὸ
2850 1944 2918 1997 τά
2951 1943 3177 1997 τοιαῦτα
3215 1947 3492 2016 περιορᾷν.

2184 2028 2244 2083 δ’.
2264 2030 2448 2084 Ταῦτα
2470 2029 2789 2101 προῦλεγον,
2820 2029 3161 2101 ταῦταέξέϐη
3174 2030 3289 2094 νῦν,
3302 2031 3504 2101 καὶτῆς
3518 2029 3799 2101 ῥᾳθυμίας

2114 2116 2329 2188 ἐκείνης
2351 2118 2569 2187 τίνομεν
2605 2117 2776 2180 δίκας.
2811 2117 2914 2170 Τὸν
2942 2118 3074 2172 Θεὸν
3110 2118 3462 2189 ὑϐριζόμενον
3495 2118 3798 2186 περιεῖδες·

2118 2204 2226 2257 ἰδοὺ
2255 2204 2630 2275 συνεχώρησεν
2648 2204 2969 2275 ὑϐρισθῆναι
2992 2205 3233 2275 βασιλέα·
3254 2203 3458 2258 καὶτὸν
3481 2204 3613 2275 περὶ
3640 2216 3666 2242 θ
3688 2203 3803 2256 τῶν

2115 2297 2358 2366 ἐσχάτων
2388 2297 2858 2367 ἐπικρεμασθῆναι
2888 2298 3023 2350 πᾶσι
3046 2297 3310 2364 κίνδυνον,
3345 2296 3430 2348 ἵνα
3464 2293 3620 2365 ἐντῷ
3646 2293 3799 2363 φόϐῳ

2113 2382 2287 2454 τούτῳ
2320 2384 2417 2454 τῆς
2447 2383 2719 2455 ῥᾳθυμίας
2742 2384 2955 2454 ἐκείνης
2982 2384 3160 2454 δῶμεν
3180 2382 3355 2455 δίκην.
3384 2377 3533 2453 *Αρα
3579 2382 3660 2452 μὴ
3696 2382 3805 2452 μά-

2114 2488 2233 2543 την,
2266 2472 2401 2542 μηδέ
2430 2474 2549 2543 εἱκῆ
2584 2471 2756 2525 ταῦτα
2789 2472 3106 2544 προῦλεγον,
3124 2472 3218 2525 καὶ
3248 2471 3487 2542 συνεχῶς
3515 2469 3802 2541 ἠνώχλουν

2115 2564 2178 2631 τῇ
2208 2561 2449 2631 ὑμετέρᾳ
2477 2562 2668 2633 ἀγάπῃ
2690 2579 2704 2628 ;
2723 2560 3027 2632 Ἀλλ’ὂμως
3046 2560 3199 2613 οὐδὲν
3228 2560 3419 2630 γέγονε
3447 2559 3631 2623 πλέον,
3662 2559 3801 2613 ἀλλά

2115 2647 2357 2699 γενέσθω
2390 2647 2513 2709 νῦν,
2556 2649 2649 2701 καὶ
2697 2648 2802 2700 ἀπὸ
2842 2648 2940 2719 τῆς
3000 2646 3284 2720 παρούσης
3334 2646 3799 2718 σωφρονισθέντες

2117 2745 2423 2814 συμφορᾶς,
2454 2741 2571 2815 [25]
2595 2741 2910 2811 ἐπίσχωμεν
2930 2737 3027 2808 τὴν
3052 2737 3287 2791 ἄτακτον
3319 2736 3541 2788 ἐκείνων
3572 2753 3655 2805 μοι
3668 2737 3797 2787 ρίαν.

2127 2828 2527 2900 Ἐμφράξωμεν
2557 2828 2734 2881 αὑτῶν
2759 2826 2828 2879 τὰ
2852 2824 3117 2896 στόματα,
3151 2822 3401 2892 καθάπερ
3428 2820 3613 2891 πηγὰς
3639 2821 3803 2875 θανα-

2112 2918 2251 2987 τηφό
2260 2934 2383 2988 ρους
2416 2916 2849 2987 ἀποκλείσωμεν,
2882 2921 2975 2970 καὶ
2992 2918 3126 2988 πρὸς
3143 2918 3203 2968 τὸ
3219 2917 3459 2968 ἐναντίον
3475 2912 3798 2984 μεταϐάλω-

2118 3023 2235 3076 μεν,
2253 3004 2347 3059 καὶ
2360 3005 2578 3067 πάντως
2592 3004 2932 3075 στήσεταιτά
2950 3003 3313 3073 κατειληφότα
3332 3002 3429 3073 τὴν
3448 3001 3602 3054 πόλιν
3619 3000 3795 3053 κακά.

2184 3093 2298 3146 οὐκ
2355 3091 2470 3145 ἐστι
2526 3091 2754 3163 θέατρον
2810 3093 2843 3163 ἡ
2903 3090 3211 3162 ἐκκλησία,
3262 3090 3348 3143 ἵνα
3401 3089 3537 3159 πρὸς
3597 3086 3798 3159 τέρψιν

2112 3181 2421 3253 ἀκούωμεν·
2451 3180 2830 3253 ὠφεληθέντας
2859 3179 3112 3233 ἐντεῦθεν
3150 3179 3368 3233 ἀπιέναι
3413 3178 3520 3249 χρὴ
3542 3219 3557 3243 ,
3591 3176 3797 3247 κερδά-

2113 3268 2312 3332 ναντάς
2340 3286 2394 3322 τι
2440 3267 2601 3322 πλέον
2644 3270 2741 3323 καὶ
2783 3268 2946 3339 μέγα,
2978 3266 3153 3330 οὕτως
3196 3267 3501 3338 ἀναχωρεῖν
3530 3264 3642 3318 δεῖ·
3672 3266 3797 3317 ἐπεὶ

2118 3358 2294 3428 μάτην
2323 3358 2416 3410 καὶ
2450 3357 2572 3427 είκῆ
2610 3353 3046 3425 παραγινόμεθα,
3084 3355 3132 3407 εἰ
3161 3353 3295 3425 πρὸς
3319 3353 3506 3424 καιρὸν
3532 3350 3796 3422 ψυχαγω-

2115 3444 2374 3515 γηθέντες
2394 3443 2566 3507 οὕτως
2588 3443 2896 3514 ἀναχωροίη
2906 3460 3024 3514 μεν,
3046 3442 3242 3514 ἔρημοι
3276 3442 3369 3495 καὶ
3397 3441 3541 3494 κενοὶ
3559 3440 3662 3510 τῆς
3689 3440 3798 3493 ἀπὸ

2112 3532 2222 3586 τῶν
2256 3532 2565 3603 λεγομένων
2596 3533 2863 3602 ὠφελείας
2896 3531 3198 3602 γενόμενοι.
3226 3531 3290 3583 Τί
3322 3547 3412 3602 μοι
3438 3527 3547 3581 τῶν
3581 3528 3799 3599 κρότων

2114 3619 2305 3690 ὄφελος
2336 3619 2577 3684 τούτων;
2622 3619 2675 3672 τί
2712 3619 2769 3672 δέ
2807 3618 2913 3673 τῶν
2951 3618 3188 3671 ἐπαίνων
3235 3618 3330 3670 καὶ
3367 3616 3474 3669 τῶν
3506 3614 3796 3685 θορύϐων;

2119 3710 2377 3773 Ἐπαινος
2410 3709 2542 3779 ἐμὸς
2568 3707 2630 3760 τὸ
2658 3707 2745 3760 διὰ
2777 3707 2887 3759 τῶν
2915 3704 3090 3776 ἔργων
3130 3707 3276 3776 ὑμᾶς
3307 3704 3568 3769 ἐπιδεῖξαι
3596 3702 3668 3756 τὰ
3709 3702 3795 3755 λε-

2114 3795 2320 3866 γόμενα
2360 3795 2594 3848 ἅπαντα·
2638 3794 2761 3847 τότε
2800 3792 2912 3860 ἐγὼ
2947 3792 3186 3864 ζηλωτὸς
3217 3793 3312 3846 καὶ
3362 3791 3653 3864 μακάριος,
3696 3791 3795 3863 οὑχ

2111 3885 2241 3937 ὅταν
2268 3882 2624 3956 ἀποδέχησθε,
2643 3882 2757 3935 ἀλλ’
2782 3884 2911 3936 ὅταν
2937 3881 3125 3951 ποιῆτε
3153 3880 3290 3952 μετά
3314 3879 3621 3952 προθυμίας
3651 3880 3797 3933 ἀπά-

2116 3988 2234 4041 σης,
2268 3971 2411 4041 άπερ
2434 3971 2498 4025 ἂν
2529 3968 2800 4039 ἀκούσητε
2834 3970 2965 4041 παρ’
2996 3967 3175 4040 ἡμῶν.
3214 3969 3484 4031 Ἕκαστος
3520 3967 3613 4021 τὸν
3648 3967 3792 4038 πλη-

2115 4059 2226 4113 σίον
2258 4058 2607 4130 διορθούσθω·
2644 4055 3019 4126 Οὶκοδομεῖτε
3048 4056 3154 4127 γὰρ
3194 4052 3282 4121 εἷς
3312 4055 3418 4109 τὸν
3441 4055 3568 4119 ἕνα,
3599 4056 3794 4126 φησίν⁵

2112 4147 2177 4200 ἂν
2213 4147 2323 4218 γὰρ
2359 4147 2433 4218 μὴ
2476 4145 2636 4198 τοῦτο
2680 4144 2952 4215 ποιῶμεν,
3000 4144 3035 4215 ή
3077 4143 3206 4215 παρ’
3252 4144 3482 4198 ἑκάστου
3526 4146 3793 4215 γινομένη

2116 4234 2461 4305 πλημμέλεια
2487 4235 2673 4303 κοινήν
2705 4250 2828 4286 τινα
2866 4234 2961 4285 καὶ
2995 4232 3268 4305 ἀφόρητον
3292 4233 3427 4286 οἴσει
3452 4233 3550 4304 τὴν
3581 4233 3799 4304 βλάϐην

2111 4325 2176 4394 τῇ
2209 4323 2380 4376 πόλει.
2422 4322 2574 4388 Ἰδοὺ,
2604 4321 2769 4393 μηδὲν
2794 4320 3092 4384 συνειδότες
3128 4324 3238 4385 τοῖς
3269 4322 3655 4393 γεγενημένοις
3681 4323 3791 4376 τῶν

2110 4409 2517 4481 τετολμηκότων
2551 4410 2651 4463 οὐκ
2684 4408 2906 4462 ἔλαττον
2943 4407 3279 4479 δεδοίκαμεν,
3344 4410 3438 4462 καὶ
3467 4408 3797 4480 φρίττομεν,

2117 4498 2190 4570 μὴ
2224 4500 2433 4561 πάντας
2458 4498 2487 4551 6
2506 4497 2600 4550 τοῦ
2632 4496 2899 4567 βασιλέως
2925 4495 3093 4566 θυμὸς
3119 4495 3419 4569 καταλάϐῃ·
3445 4497 3538 4550 καὶ
3565 4497 3667 4551 οὐκ
3687 4499 3793 4569 ἀρ-

2114 4589 2200 4639 κεῖ
2221 4587 2298 4649 είς
2328 4585 2625 4654 ἀπολογίαν
2656 4586 2789 4655 ἡμῖν
2814 4583 2876 4636 τὸ
2897 4582 3094 4653 λέγειν·
3124 4581 3202 4637 Οὺ
3230 4586 3515 4655 παρήμην,
3554 4586 3617 4638 οὑ
3659 4602 3789 4639 συν-

2110 4672 2279 4744 ῄδειν,
2294 4674 2392 4725 οὑκ
2412 4671 2746 4741 ἐκοινώνησα
2765 4670 2870 4724 τῶν
2890 4670 3294 4741 γεγενημένων..
3312 4671 3390 4723 Δι’
3412 4671 3543 4724 αὐτὸ
3566 4671 3666 4743 μὲν
3695 4668 3789 4726 οὖν

2109 4765 2268 4818 τοῦτο
2289 4762 2540 4826 κολάζου,
2570 4761 2724 4833 φησὶ,
2748 4761 3005 4815 καὶδίδου
3032 4760 3188 4831 δίκην
3203 4760 3301 4832 τὴν
3320 4760 3578 4830 ἐσχάτην,
3607 4761 3692 4814 ὅτι
3712 4762 3799 4833 μή

2112 4852 2316 4924 παρῆς,
2357 4850 2496 4922 μηδέ
2516 4847 2772 4911 ἐκώλυες,
2799 4848 2932 4919 μηδὲ
2963 4848 3091 4911 τοὺς
3114 4847 3491 4917 ἀκοσμοῦντας
3513 4850 3784 4919 κατεῖχες,

2115 4938 2251 5009 μηδὲ
2297 4934 2634 4998 ἐκινδύνευες
2673 4935 2813 5004 ὑπὲρ
2848 4934 2947 5005 τῆς
2975 4936 3056 4999 εἰς
3086 4934 3176 4988 τὸν
3219 4933 3442 5005 βασιλέα
3477 4936 3661 5004 τιμῆς.
3712 4937 3795 4990 Οὐ

2115 5024 2374 5097 μετέσχες
2392 5022 2499 5075 τῶν
2519 5020 2964 5093 τετολμημένων;
2993 5020 3200 5075 ἐπαινῶ
3230 5020 3387 5075 τοῦτο
3410 5021 3504 5074 καὶ¹
3525 5020 3763 5092 ἀποδέχο
3777 5051 3789 5062 -

2115 5131 2233 5185 μαι·
2284 5110 2396 5166 ἀλλ’
2441 5109 2562 5164 οὑδέ
2580 5110 2815 5179 ἐπέσχες
2828 5108 2898 5162 τὰ
2920 5108 3181 5180 γινόμενα
3210 5126 3226 5140 ·
3250 5110 3409 5163 τοῦτο
3449 5109 3785 5180 κατηγορίας

2111 5201 2280 5268 ἄξιον.
2305 5198 2491 5253 Ταῦτα
2517 5198 2613 5252 καὶ
2636 5197 2788 5268 παρά
2808 5196 2901 5250 τοῦ
2925 5195 3059 5250 Θεοῦ
3085 5197 3151 5250 τὰ
3175 5199 3396 5269 ῥήματα
3416 5196 3785 5266 ἀκουσόμεθα,

2110 5290 2238 5342 ὅταν
2272 5289 2398 5358 σιγῇ
2429 5286 2684 5358 φέρωμεν
2709 5284 2808 5347 τάς
2832 5286 2912 5347 είς
2941 5283 3103 5337 αὑτὸν
3135 5283 3321 5356 ὕϐρεις
3368 5284 3460 5339 καὶ
3498 5283 3788 5355 παροινίας

2111 5376 2427 5448 γενομένας·
2463 5374 2586 5428 ἐπεὶ
2610 5373 2706 5427 καὶ
2731 5374 2761 5424 ό
2779 5372 2840 5425 τὸ
2862 5371 3123 5426 τάλαντον
3144 5375 3319 5426 ἐκεῖνο
3347 5371 3670 5442 καταχώσας
3685 5374 3783 5446 οὐχ

2112 5463 2253 5535 ὺπέρ
2282 5462 2392 5516 τῶν
2430 5460 2550 5514 καθ’
2574 5459 2766 5512 ἐαυτὸν
2815 5458 3122 5512 ἐνεκαλεῖτο
3149 5460 3270 5513 τότε
3325 5458 3636 5530 (ὁλόκληρον
3675 5461 3782 5532 γάρ

2109 5552 2209 5621 τὴν
2260 5546 2729 5620 παρακαταθήκην
2774 5545 3112 5617 ἀπέδωκεν),
3174 5545 3289 5599 ἀλλ’
3346 5545 3430 5598 ὅτι
3479 5546 3651 5618 αὐτὴν
3684 5549 3785 5604 οὐκ

2111 5638 2454 5703 ἐπλεόνασεν,
2472 5637 2554 5689 ὅτι
2583 5634 2805 5705 ἐτέρους
2824 5633 2934 5687 οὐκ·
2954 5634 3297 5697 ἐπαίδευσεν,
3325 5634 3406 5687 ὅτι
3436 5634 3495 5687 τὸ
3523 5635 3783 5709 ἀργύριον

2173 5810 2200 5851 ἆ
2227 5811 2319 5875 Alii
2354 5812 2777 5875 omcppovizovrag.._.
2814 5809 3134 5875 παιδεύοντας.

2180 5889 2201 5915 σε
2225 5866 2765 5932 Quidam'Ilumllscripli
2792 5873 2989 5933 βασιλέα
3022 5868 3217 5931 φθαρτὸν
3256 5867 3333 5913 καὶ
3360 5866 3582 5925 ἐπίκηρον
3606 5870 3685 5917 καὶ
3708 5871 3781 5920 τὸν

2548 5937 2556 5945 ι

2115 5936 2234 5993 περί.
2264 5937 2370 5985 Mm;
2394 5934 2476 5981 alii
2501 5936 2728 5985 δεύσωμςν
2753 5936 2901 5987 ἒικην.
