  <div class='ocr_page' id='page_1' title='image "/cluster/home/n/w/nwhite01/storage/ocr_20150623/49/mdp.39015028539461/042.png"; bbox 0 0 3892 6236; ppageno 0'>
   <div class='ocr_carea' id='block_1_1' title="bbox 181 352 3426 451">
    <p class='ocr_par' dir='ltr' id='par_1_1' title="bbox 181 352 3426 451">
     <span class='ocr_line' id='line_1_1' title="bbox 181 352 3426 451; baseline 0.018 -60"><span class='ocrx_word' id='word_1_1' title='bbox 181 352 239 408; x_wconf 69' lang='lat'><strong>5&#39;;</strong></span> <span class='ocrx_word' id='word_1_2' title='bbox 1154 356 1243 412; x_wconf 85' lang='lat' dir='ltr'><strong>AD</strong></span> <span class='ocrx_word' id='word_1_3' title='bbox 1270 356 1587 417; x_wconf 80' lang='lat' dir='ltr'><strong>POPULUM</strong></span> <span class='ocrx_word' id='word_1_4' title='bbox 1617 362 2099 426; x_wconf 78' lang='lat' dir='ltr'><strong>ANTIOCllENUM</strong></span> <span class='ocrx_word' id='word_1_5' title='bbox 2154 372 2381 431; x_wconf 80' lang='lat' dir='ltr'><strong>llOMlL.</strong></span> <span class='ocrx_word' id='word_1_6' title='bbox 2420 377 2485 434; x_wconf 87' lang='lat' dir='ltr'><strong>ll.</strong></span> <span class='ocrx_word' id='word_1_7' title='bbox 3355 392 3426 451; x_wconf 82' lang='grc'><strong>58</strong></span> 
     </span>
    </p>
   </div>
   <div class='ocr_carea' id='block_1_2' title="bbox 182 465 1758 544">
    <p class='ocr_par' dir='ltr' id='par_1_2' title="bbox 182 465 1758 544">
     <span class='ocr_line' id='line_1_2' title="bbox 182 465 1758 544; baseline 0.006 -24"><span class='ocrx_word' id='word_1_8' title='bbox 182 466 370 521; x_wconf 71' lang='lat' dir='ltr'><strong>calitatc</strong></span> <span class='ocrx_word' id='word_1_9' title='bbox 396 465 610 520; x_wconf 81' lang='lat' dir='ltr'><strong>exsilire</strong></span> <span class='ocrx_word' id='word_1_10' title='bbox 638 483 652 520; x_wconf 89' lang='lat'><strong>:</strong></span> <span class='ocrx_word' id='word_1_11' title='bbox 677 465 755 521; x_wconf 88' lang='lat' dir='ltr'><strong>sic</strong></span> <span class='ocrx_word' id='word_1_12' title='bbox 785 480 880 521; x_wconf 91' lang='lat' dir='ltr'><strong>nec</strong></span> <span class='ocrx_word' id='word_1_13' title='bbox 910 466 961 522; x_wconf 90' lang='lat' dir='ltr'><strong>in</strong></span> <span class='ocrx_word' id='word_1_14' title='bbox 992 467 1315 524; x_wconf 85' lang='lat' dir='ltr'><strong>audientium</strong></span> <span class='ocrx_word' id='word_1_15' title='bbox 1361 482 1590 527; x_wconf 79' lang='lat' dir='ltr'><strong>mentem</strong></span> <span class='ocrx_word' id='word_1_16' title='bbox 1635 491 1758 544; x_wconf 85' lang='lat' dir='ltr'><strong>per-</strong></span> 
     </span>
    </p>
   </div>
   <div class='ocr_carea' id='block_1_3' title="bbox 181 556 1754 627">
    <p class='ocr_par' dir='ltr' id='par_1_3' title="bbox 181 556 1754 627">
     <span class='ocr_line' id='line_1_3' title="bbox 181 556 1754 627; baseline 0.008 -18"><span class='ocrx_word' id='word_1_17' title='bbox 181 556 334 609; x_wconf 84' lang='lat' dir='ltr'><strong>mittit</strong></span> <span class='ocrx_word' id='word_1_18' title='bbox 379 557 522 609; x_wconf 84' lang='lat' dir='ltr'><strong>illabi</strong></span> <span class='ocrx_word' id='word_1_19' title='bbox 567 572 684 611; x_wconf 90' lang='lat' dir='ltr'><strong>cum</strong></span> <span class='ocrx_word' id='word_1_20' title='bbox 734 560 942 627; x_wconf 87' lang='lat' dir='ltr'><strong>propria</strong></span> <span class='ocrx_word' id='word_1_21' title='bbox 991 561 1201 615; x_wconf 87' lang='lat' dir='ltr'><strong>virtute.</strong></span> <span class='ocrx_word' id='word_1_22' title='bbox 1249 563 1451 619; x_wconf 82' lang='lat' dir='ltr'><strong>Idcirco</strong></span> <span class='ocrx_word' id='word_1_23' title='bbox 1491 575 1544 620; x_wconf 89' lang='lat' dir='ltr'><strong>et</strong></span> <span class='ocrx_word' id='word_1_24' title='bbox 1585 565 1754 622; x_wconf 65' lang='lat' dir='ltr'><strong>Judaei</strong></span> 
     </span>
    </p>
   </div>
   <div class='ocr_carea' id='block_1_4' title="bbox 177 645 1750 726">
    <p class='ocr_par' dir='ltr' id='par_1_4' title="bbox 177 645 1750 726">
     <span class='ocr_line' id='line_1_4' title="bbox 177 645 1750 726; baseline 0.008 -27"><span class='ocrx_word' id='word_1_25' title='bbox 177 645 437 715; x_wconf 85' lang='lat' dir='ltr'><strong>quondam</strong></span> <span class='ocrx_word' id='word_1_26' title='bbox 471 647 581 701; x_wconf 91' lang='lat' dir='ltr'><strong>luto</strong></span> <span class='ocrx_word' id='word_1_27' title='bbox 605 658 661 702; x_wconf 89' lang='lat' dir='ltr'><strong>et</strong></span> <span class='ocrx_word' id='word_1_28' title='bbox 688 649 919 703; x_wconf 87' lang='lat' dir='ltr'><strong>lateritio</strong></span> <span class='ocrx_word' id='word_1_29' title='bbox 944 651 1090 720; x_wconf 87' lang='lat' dir='ltr'><strong>operi</strong></span> <span class='ocrx_word' id='word_1_30' title='bbox 1129 655 1421 708; x_wconf 89' lang='lat' dir='ltr'><strong>servientes</strong></span> <span class='ocrx_word' id='word_1_31' title='bbox 1473 656 1663 726; x_wconf 71' lang='lat' dir='ltr'><strong>(Exod.</strong></span> <span class='ocrx_word' id='word_1_32' title='bbox 1695 659 1750 712; x_wconf 86' lang='lat'><strong>6.</strong></span> 
     </span>
    </p>
   </div>
   <div class='ocr_carea' id='block_1_5' title="bbox 177 737 1749 814">
    <p class='ocr_par' dir='ltr' id='par_1_5' title="bbox 177 737 1749 814">
     <span class='ocr_line' id='line_1_5' title="bbox 177 737 1749 814; baseline 0.008 -23"><span class='ocrx_word' id='word_1_33' title='bbox 177 739 260 805; x_wconf 86' lang='lat'><strong>9),</strong></span> <span class='ocrx_word' id='word_1_34' title='bbox 290 737 488 793; x_wconf 80' lang='lat' dir='ltr'><strong>Moscm</strong></span> <span class='ocrx_word' id='word_1_35' title='bbox 526 754 712 809; x_wconf 82' lang='lat' dir='ltr'><strong>magna</strong></span> <span class='ocrx_word' id='word_1_36' title='bbox 742 739 806 794; x_wconf 88' lang='lat' dir='ltr'><strong>de</strong></span> <span class='ocrx_word' id='word_1_37' title='bbox 836 741 1068 808; x_wconf 87' lang='lat' dir='ltr'><strong>ipsorum</strong></span> <span class='ocrx_word' id='word_1_38' title='bbox 1107 744 1274 797; x_wconf 89' lang='lat' dir='ltr'><strong>salute</strong></span> <span class='ocrx_word' id='word_1_39' title='bbox 1311 759 1453 814; x_wconf 65' lang='grc' dir='ltr'><strong>εωρο</strong></span> <span class='ocrx_word' id='word_1_40' title='bbox 1485 747 1749 804; x_wconf 85' lang='lat' dir='ltr'><strong>dicentem</strong></span> 
     </span>
    </p>
   </div>
   <div class='ocr_carea' id='block_1_6' title="bbox 175 830 1747 899">
    <p class='ocr_par' dir='ltr' id='par_1_6' title="bbox 175 830 1747 899">
     <span class='ocr_line' id='line_1_6' title="bbox 175 830 1747 899; baseline 0.006 -16"><span class='ocrx_word' id='word_1_41' title='bbox 175 830 355 884; x_wconf 87' lang='lat' dir='ltr'><strong>audire</strong></span> <span class='ocrx_word' id='word_1_42' title='bbox 390 847 494 884; x_wconf 91' lang='lat' dir='ltr'><strong>non</strong></span> <span class='ocrx_word' id='word_1_43' title='bbox 524 840 784 899; x_wconf 83' lang='lat' dir='ltr'><strong>poterant,</strong></span> <span class='ocrx_word' id='word_1_44' title='bbox 812 834 1016 887; x_wconf 75' lang='lat' dir='ltr'><strong>tristitia</strong></span> <span class='ocrx_word' id='word_1_45' title='bbox 1046 836 1220 889; x_wconf 83' lang='lat' dir='ltr'><strong>verbis</strong></span> <span class='ocrx_word' id='word_1_46' title='bbox 1247 836 1567 894; x_wconf 81' lang='lat' dir='ltr'><strong>inaccessam</strong></span> <span class='ocrx_word' id='word_1_47' title='bbox 1595 856 1747 895; x_wconf 87' lang='lat' dir='ltr'><strong>meu-</strong></span> 
     </span>
    </p>
   </div>
   <div class='ocr_carea' id='block_1_7' title="bbox 175 922 1745 996">
    <p class='ocr_par' dir='ltr' id='par_1_7' title="bbox 175 922 1745 996">
     <span class='ocr_line' id='line_1_7' title="bbox 175 922 1745 996; baseline 0.008 -22"><span class='ocrx_word' id='word_1_48' title='bbox 175 931 274 975; x_wconf 88' lang='lat' dir='ltr'><strong>tem</strong></span> <span class='ocrx_word' id='word_1_49' title='bbox 309 922 581 984; x_wconf 90' lang='lat' dir='ltr'><strong>reddente,</strong></span> <span class='ocrx_word' id='word_1_50' title='bbox 610 931 664 977; x_wconf 90' lang='lat' dir='ltr'><strong>et</strong></span> <span class='ocrx_word' id='word_1_51' title='bbox 691 923 925 976; x_wconf 89' lang='lat' dir='ltr'><strong>auditum</strong></span> <span class='ocrx_word' id='word_1_52' title='bbox 957 924 1285 979; x_wconf 88' lang='lat' dir='ltr'><strong>obstruente.</strong></span> <span class='ocrx_word' id='word_1_53' title='bbox 1317 927 1478 996; x_wconf 80' lang='lat' dir='ltr'><strong>igitur</strong></span> <span class='ocrx_word' id='word_1_54' title='bbox 1506 930 1745 986; x_wconf 86' lang='lat' dir='ltr'><strong>volebam</strong></span> 
     </span>
    </p>
   </div>
   <div class='ocr_carea' id='block_1_8' title="bbox 171 1010 1744 1091">
    <p class='ocr_par' dir='ltr' id='par_1_8' title="bbox 171 1010 1744 1091">
     <span class='ocr_line' id='line_1_8' title="bbox 171 1010 1744 1091; baseline 0.01 -29"><span class='ocrx_word' id='word_1_55' title='bbox 171 1010 377 1079; x_wconf 80' lang='lat' dir='ltr'><strong>quidem</strong></span> <span class='ocrx_word' id='word_1_56' title='bbox 404 1020 458 1065; x_wconf 90' lang='lat' dir='ltr'><strong>et</strong></span> <span class='ocrx_word' id='word_1_57' title='bbox 486 1013 599 1081; x_wconf 89' lang='lat' dir='ltr'><strong>ipse</strong></span> <span class='ocrx_word' id='word_1_58' title='bbox 627 1013 784 1067; x_wconf 84' lang='lat' dir='ltr'><strong>ﬁnem</strong></span> <span class='ocrx_word' id='word_1_59' title='bbox 813 1014 897 1067; x_wconf 88' lang='lat' dir='ltr'><strong>hic</strong></span> <span class='ocrx_word' id='word_1_60' title='bbox 920 1015 1128 1068; x_wconf 89' lang='lat' dir='ltr'><strong>dicendi</strong></span> <span class='ocrx_word' id='word_1_61' title='bbox 1158 1015 1358 1082; x_wconf 82' lang='lat' dir='ltr'><strong>facere;</strong></span> <span class='ocrx_word' id='word_1_62' title='bbox 1389 1019 1484 1074; x_wconf 88' lang='lat' dir='ltr'><strong>sed</strong></span> <span class='ocrx_word' id='word_1_63' title='bbox 1509 1021 1744 1091; x_wconf 84' lang='lat' dir='ltr'><strong>cogitans</strong></span> 
     </span>
    </p>
   </div>
   <div class='ocr_carea' id='block_1_9' title="bbox 169 1102 1747 1182">
    <p class='ocr_par' dir='ltr' id='par_1_9' title="bbox 169 1102 1747 1182">
     <span class='ocr_line' id='line_1_9' title="bbox 169 1102 1747 1182; baseline 0.01 -30"><span class='ocrx_word' id='word_1_64' title='bbox 169 1102 303 1171; x_wconf 89' lang='lat' dir='ltr'><strong>quod</strong></span> <span class='ocrx_word' id='word_1_65' title='bbox 326 1118 430 1157; x_wconf 91' lang='lat' dir='ltr'><strong>non</strong></span> <span class='ocrx_word' id='word_1_66' title='bbox 456 1104 627 1158; x_wconf 90' lang='lat' dir='ltr'><strong>solum</strong></span> <span class='ocrx_word' id='word_1_67' title='bbox 654 1105 859 1160; x_wconf 77' lang='lat' dir='ltr'><strong>nebulae</strong></span> <span class='ocrx_word' id='word_1_68' title='bbox 886 1114 1068 1160; x_wconf 88' lang='lat' dir='ltr'><strong>natura</strong></span> <span class='ocrx_word' id='word_1_69' title='bbox 1096 1108 1227 1161; x_wconf 81' lang='lat' dir='ltr'><strong>radii</strong></span> <span class='ocrx_word' id='word_1_70' title='bbox 1254 1110 1304 1162; x_wconf 90' lang='lat' dir='ltr'><strong>in</strong></span> <span class='ocrx_word' id='word_1_71' title='bbox 1335 1113 1595 1166; x_wconf 79' lang='lat' dir='ltr'><strong>anteriora</strong></span> <span class='ocrx_word' id='word_1_72' title='bbox 1624 1129 1747 1182; x_wconf 90' lang='lat' dir='ltr'><strong>pro-</strong></span> 
     </span>
    </p>
   </div>
   <div class='ocr_carea' id='block_1_10' title="bbox 166 1192 1738 1271">
    <p class='ocr_par' dir='ltr' id='par_1_10' title="bbox 166 1192 1738 1271">
     <span class='ocr_line' id='line_1_10' title="bbox 166 1192 1738 1271; baseline 0.009 -27"><span class='ocrx_word' id='word_1_73' title='bbox 166 1205 372 1245; x_wconf 81' lang='lat' dir='ltr'><strong>cessum</strong></span> <span class='ocrx_word' id='word_1_74' title='bbox 401 1192 638 1262; x_wconf 78' lang='lat' dir='ltr'><strong>impedit,</strong></span> <span class='ocrx_word' id='word_1_75' title='bbox 666 1194 760 1248; x_wconf 90' lang='lat' dir='ltr'><strong>sed</strong></span> <span class='ocrx_word' id='word_1_76' title='bbox 789 1205 839 1248; x_wconf 88' lang='lat' dir='ltr'><strong>et</strong></span> <span class='ocrx_word' id='word_1_77' title='bbox 860 1198 1178 1250; x_wconf 82' lang='lat' dir='ltr'><strong>contrarium</strong></span> <span class='ocrx_word' id='word_1_78' title='bbox 1204 1199 1313 1267; x_wconf 87' lang='lat' dir='ltr'><strong>ipsa</strong></span> <span class='ocrx_word' id='word_1_79' title='bbox 1341 1214 1484 1270; x_wconf 65' lang='lat' dir='ltr'><strong>saepe</strong></span> <span class='ocrx_word' id='word_1_80' title='bbox 1506 1203 1702 1271; x_wconf 90' lang='lat' dir='ltr'><strong>patitur</strong></span> <span class='ocrx_word' id='word_1_81' title='bbox 1725 1223 1738 1259; x_wconf 93' lang='lat'><strong>:</strong></span> 
     </span>
    </p>
   </div>
   <div class='ocr_carea' id='block_1_11' title="bbox 166 1281 1742 1356">
    <p class='ocr_par' dir='ltr' id='par_1_11' title="bbox 166 1281 1742 1356">
     <span class='ocr_line' id='line_1_11' title="bbox 166 1281 1742 1356; baseline 0.012 -25"><span class='ocrx_word' id='word_1_82' title='bbox 166 1294 279 1332; x_wconf 90' lang='lat' dir='ltr'><strong>cum</strong></span> <span class='ocrx_word' id='word_1_83' title='bbox 311 1281 454 1335; x_wconf 90' lang='lat' dir='ltr'><strong>enim</strong></span> <span class='ocrx_word' id='word_1_84' title='bbox 495 1283 573 1336; x_wconf 81' lang='lat' dir='ltr'><strong>Sol</strong></span> <span class='ocrx_word' id='word_1_85' title='bbox 603 1284 822 1337; x_wconf 80' lang='lat' dir='ltr'><strong>calidior</strong></span> <span class='ocrx_word' id='word_1_86' title='bbox 850 1287 1098 1341; x_wconf 90' lang='lat' dir='ltr'><strong>continue</strong></span> <span class='ocrx_word' id='word_1_87' title='bbox 1137 1287 1350 1356; x_wconf 89' lang='lat' dir='ltr'><strong>illapsus</strong></span> <span class='ocrx_word' id='word_1_88' title='bbox 1390 1292 1583 1347; x_wconf 91' lang='lat' dir='ltr'><strong>nubem</strong></span> <span class='ocrx_word' id='word_1_89' title='bbox 1610 1309 1742 1349; x_wconf 78' lang='lat' dir='ltr'><strong>con-</strong></span> 
     </span>
    </p>
   </div>
   <div class='ocr_carea' id='block_1_12' title="bbox 168 1371 1738 1447">
    <p class='ocr_par' dir='ltr' id='par_1_12' title="bbox 168 1371 1738 1447">
     <span class='ocr_line' id='line_1_12' title="bbox 168 1371 1738 1447; baseline 0.011 -24"><span class='ocrx_word' id='word_1_90' title='bbox 168 1371 384 1438; x_wconf 86' lang='lat' dir='ltr'><strong>triverit,</strong></span> <span class='ocrx_word' id='word_1_91' title='bbox 409 1374 642 1429; x_wconf 88' lang='lat' dir='ltr'><strong>medium</strong></span> <span class='ocrx_word' id='word_1_92' title='bbox 670 1376 832 1445; x_wconf 87' lang='lat' dir='ltr'><strong>ipsius</strong></span> <span class='ocrx_word' id='word_1_93' title='bbox 855 1392 996 1446; x_wconf 74' lang='lat' dir='ltr'><strong>szrpe</strong></span> <span class='ocrx_word' id='word_1_94' title='bbox 1022 1377 1316 1447; x_wconf 78' lang='lat' dir='ltr'><strong>dissipavit,</strong></span> <span class='ocrx_word' id='word_1_95' title='bbox 1343 1391 1394 1436; x_wconf 91' lang='lat' dir='ltr'><strong>et</strong></span> <span class='ocrx_word' id='word_1_96' title='bbox 1418 1392 1559 1439; x_wconf 91' lang='lat' dir='ltr'><strong>totus</strong></span> <span class='ocrx_word' id='word_1_97' title='bbox 1583 1386 1738 1441; x_wconf 86' lang='lat' dir='ltr'><strong>simul</strong></span> 
     </span>
    </p>
   </div>
   <div class='ocr_carea' id='block_1_13' title="bbox 166 1459 1739 1532">
    <p class='ocr_par' dir='ltr' id='par_1_13' title="bbox 166 1459 1739 1532">
     <span class='ocr_line' id='line_1_13' title="bbox 166 1459 1739 1532; baseline 0.011 -19"><span class='ocrx_word' id='word_1_98' title='bbox 166 1459 395 1525; x_wconf 89' lang='lat' dir='ltr'><strong>elucens,</strong></span> <span class='ocrx_word' id='word_1_99' title='bbox 422 1464 728 1531; x_wconf 84' lang='lat' dir='ltr'><strong>splendidus</strong></span> <span class='ocrx_word' id='word_1_100' title='bbox 752 1467 1079 1521; x_wconf 77' lang='lat' dir='ltr'><strong>cernentium</strong></span> <span class='ocrx_word' id='word_1_101' title='bbox 1106 1470 1373 1526; x_wconf 87' lang='lat' dir='ltr'><strong>obtutibus</strong></span> <span class='ocrx_word' id='word_1_102' title='bbox 1394 1474 1575 1528; x_wconf 91' lang='lat' dir='ltr'><strong>incidit</strong></span> <span class='ocrx_word' id='word_1_103' title='bbox 1600 1494 1612 1529; x_wconf 92' lang='lat'><strong>:</strong></span> <span class='ocrx_word' id='word_1_104' title='bbox 1639 1477 1739 1532; x_wconf 90' lang='lat' dir='ltr'><strong>hoc</strong></span> 
     </span>
    </p>
   </div>
   <div class='ocr_carea' id='block_1_14' title="bbox 164 1554 1733 1629">
    <p class='ocr_par' dir='ltr' id='par_1_14' title="bbox 164 1554 1733 1629">
     <span class='ocr_line' id='line_1_14' title="bbox 164 1554 1733 1629; baseline 0.012 -25"><span class='ocrx_word' id='word_1_105' title='bbox 164 1561 212 1605; x_wconf 90' lang='lat' dir='ltr'><strong>et</strong></span> <span class='ocrx_word' id='word_1_106' title='bbox 239 1554 350 1620; x_wconf 86' lang='lat' dir='ltr'><strong>ipse</strong></span> <span class='ocrx_word' id='word_1_107' title='bbox 376 1554 534 1609; x_wconf 81' lang='lat' dir='ltr'><strong>hodie</strong></span> <span class='ocrx_word' id='word_1_108' title='bbox 562 1571 644 1608; x_wconf 90' lang='lat' dir='ltr'><strong>me</strong></span> <span class='ocrx_word' id='word_1_109' title='bbox 669 1556 925 1611; x_wconf 89' lang='lat' dir='ltr'><strong>facturum</strong></span> <span class='ocrx_word' id='word_1_110' title='bbox 957 1574 1114 1629; x_wconf 90' lang='lat' dir='ltr'><strong>spero</strong></span> <span class='ocrx_word' id='word_1_111' title='bbox 1144 1579 1156 1612; x_wconf 87' lang='lat'><strong><em>:</em></strong></span> <span class='ocrx_word' id='word_1_112' title='bbox 1190 1577 1252 1615; x_wconf 93' lang='lat' dir='ltr'><strong>ac</strong></span> <span class='ocrx_word' id='word_1_113' title='bbox 1272 1558 1526 1620; x_wconf 69' lang='lat' dir='ltr'><strong>&#39;sermone</strong></span> <span class='ocrx_word' id='word_1_114' title='bbox 1549 1567 1598 1620; x_wconf 90' lang='lat' dir='ltr'><strong>in</strong></span> <span class='ocrx_word' id='word_1_115' title='bbox 1623 1570 1733 1622; x_wconf 82' lang='lat' dir='ltr'><strong>ani-</strong></span> 
     </span>
    </p>
   </div>
   <div class='ocr_carea' id='block_1_15' title="bbox 163 1643 1730 1728">
    <p class='ocr_par' dir='ltr' id='par_1_15' title="bbox 163 1643 1730 1728">
     <span class='ocr_line' id='line_1_15' title="bbox 163 1643 1730 1728; baseline 0.013 -33"><span class='ocrx_word' id='word_1_116' title='bbox 163 1643 258 1696; x_wconf 87' lang='lat' dir='ltr'><strong>mis</strong></span> <span class='ocrx_word' id='word_1_117' title='bbox 296 1648 489 1698; x_wconf 75' lang='lat' dir='ltr'><strong>vestris</strong></span> <span class='ocrx_word' id='word_1_118' title='bbox 525 1647 735 1702; x_wconf 85' lang='lat' dir='ltr'><strong>assidue</strong></span> <span class='ocrx_word' id='word_1_119' title='bbox 762 1661 1010 1704; x_wconf 91' lang='lat' dir='ltr'><strong>versante</strong></span> <span class='ocrx_word' id='word_1_120' title='bbox 1029 1692 1043 1715; x_wconf 91' lang='lat'><strong>,</strong></span> <span class='ocrx_word' id='word_1_121' title='bbox 1072 1660 1125 1705; x_wconf 92' lang='lat' dir='ltr'><strong>et</strong></span> <span class='ocrx_word' id='word_1_122' title='bbox 1152 1652 1346 1707; x_wconf 86' lang='lat' dir='ltr'><strong>diutius</strong></span> <span class='ocrx_word' id='word_1_123' title='bbox 1381 1657 1695 1716; x_wconf 73' lang='lat' dir='ltr'><strong>numerante</strong></span> <span class='ocrx_word' id='word_1_124' title='bbox 1715 1702 1730 1728; x_wconf 96' lang='lat'><strong>,</strong></span> 
     </span>
    </p>
   </div>
   <div class='ocr_carea' id='block_1_16' title="bbox 159 1729 1731 1806">
    <p class='ocr_par' dir='ltr' id='par_1_16' title="bbox 159 1729 1731 1806">
     <span class='ocr_line' id='line_1_16' title="bbox 159 1729 1731 1806; baseline 0.015 -23"><span class='ocrx_word' id='word_1_125' title='bbox 159 1729 386 1785; x_wconf 84' lang='lat' dir='ltr'><strong>solutqu</strong></span> <span class='ocrx_word' id='word_1_126' title='bbox 429 1735 488 1787; x_wconf 92' lang='lat' dir='ltr'><strong>iri</strong></span> <span class='ocrx_word' id='word_1_127' title='bbox 533 1751 688 1804; x_wconf 87' lang='lat' dir='ltr'><strong>spero</strong></span> <span class='ocrx_word' id='word_1_128' title='bbox 729 1739 951 1793; x_wconf 78' lang='lat' dir='ltr'><strong>tristitize</strong></span> <span class='ocrx_word' id='word_1_129' title='bbox 985 1741 1227 1795; x_wconf 86' lang='lat' dir='ltr'><strong>nebulam</strong></span> <span class='ocrx_word' id='word_1_130' title='bbox 1248 1785 1261 1806; x_wconf 92' lang='lat'><strong>,</strong></span> <span class='ocrx_word' id='word_1_131' title='bbox 1295 1754 1347 1798; x_wconf 92' lang='lat' dir='ltr'><strong>et</strong></span> <span class='ocrx_word' id='word_1_132' title='bbox 1377 1758 1607 1803; x_wconf 88' lang='lat' dir='ltr'><strong>mentem</strong></span> <span class='ocrx_word' id='word_1_133' title='bbox 1639 1766 1731 1805; x_wconf 89' lang='lat' dir='ltr'><strong>vc-</strong></span> 
     </span>
    </p>
   </div>
   <div class='ocr_carea' id='block_1_17' title="bbox 159 1827 1731 1907">
    <p class='ocr_par' dir='ltr' id='par_1_17' title="bbox 159 1827 1731 1907">
     <span class='ocr_line' id='line_1_17' title="bbox 159 1827 1731 1907; baseline 0.015 -34"><span class='ocrx_word' id='word_1_134' title='bbox 159 1834 316 1877; x_wconf 87' lang='lat' dir='ltr'><strong>stram</strong></span> <span class='ocrx_word' id='word_1_135' title='bbox 347 1827 497 1879; x_wconf 87' lang='lat' dir='ltr'><strong>solita</strong></span> <span class='ocrx_word' id='word_1_136' title='bbox 522 1844 730 1882; x_wconf 87' lang='lat' dir='ltr'><strong>rursum</strong></span> <span class='ocrx_word' id='word_1_137' title='bbox 750 1830 989 1884; x_wconf 89' lang='lat' dir='ltr'><strong>doctrina</strong></span> <span class='ocrx_word' id='word_1_138' title='bbox 1022 1832 1345 1889; x_wconf 88' lang='lat' dir='ltr'><strong>micaturam.</strong></span> <span class='ocrx_word' id='word_1_139' title='bbox 1370 1837 1474 1891; x_wconf 91' lang='lat' dir='ltr'><strong>Sed</strong></span> <span class='ocrx_word' id='word_1_140' title='bbox 1502 1840 1731 1907; x_wconf 66' lang='lat' dir='ltr'><strong>prtebete</strong></span> 
     </span>
    </p>
   </div>
   <div class='ocr_carea' id='block_1_18' title="bbox 157 1916 1726 2000">
    <p class='ocr_par' dir='ltr' id='par_1_18' title="bbox 157 1916 1726 2000">
     <span class='ocr_line' id='line_1_18' title="bbox 157 1916 1726 2000; baseline 0.013 -32"><span class='ocrx_word' id='word_1_141' title='bbox 157 1916 280 1970; x_wconf 89' lang='lat' dir='ltr'><strong>mihi</strong></span> <span class='ocrx_word' id='word_1_142' title='bbox 321 1919 549 1973; x_wconf 87' lang='lat' dir='ltr'><strong>animam</strong></span> <span class='ocrx_word' id='word_1_143' title='bbox 600 1936 866 1988; x_wconf 70' lang='lat' dir='ltr'><strong>vesrram,</strong></span> <span class='ocrx_word' id='word_1_144' title='bbox 912 1924 1142 1991; x_wconf 67' lang='lat' dir='ltr'><strong>prwbete</strong></span> <span class='ocrx_word' id='word_1_145' title='bbox 1182 1927 1308 1981; x_wconf 91' lang='lat' dir='ltr'><strong>mihi</strong></span> <span class='ocrx_word' id='word_1_146' title='bbox 1348 1930 1726 2000; x_wconf 90' lang='lat' dir='ltr'><strong>aliquantulum</strong></span> 
     </span>
    </p>
   </div>
   <div class='ocr_carea' id='block_1_19' title="bbox 154 2010 1725 2085">
    <p class='ocr_par' dir='ltr' id='par_1_19' title="bbox 154 2010 1725 2085">
     <span class='ocr_line' id='line_1_19' title="bbox 154 2010 1725 2085; baseline 0.014 -25"><span class='ocrx_word' id='word_1_147' title='bbox 154 2022 326 2072; x_wconf 86' lang='lat' dir='ltr'><strong>aures,</strong></span> <span class='ocrx_word' id='word_1_148' title='bbox 361 2010 624 2065; x_wconf 78' lang='lat' dir='ltr'><strong>tristitiam</strong></span> <span class='ocrx_word' id='word_1_149' title='bbox 656 2016 917 2079; x_wconf 78' lang='lat' dir='ltr'><strong>excutitc;</strong></span> <span class='ocrx_word' id='word_1_150' title='bbox 948 2015 1011 2067; x_wconf 92' lang='lat' dir='ltr'><strong>ad</strong></span> <span class='ocrx_word' id='word_1_151' title='bbox 1041 2018 1266 2085; x_wconf 85' lang='lat' dir='ltr'><strong>priorem</strong></span> <span class='ocrx_word' id='word_1_152' title='bbox 1292 2026 1725 2082; x_wconf 85' lang='lat' dir='ltr'><strong>consuetudinem</strong></span> 
     </span>
    </p>
   </div>
   <div class='ocr_carea' id='block_1_20' title="bbox 154 2097 1721 2178">
    <p class='ocr_par' dir='ltr' id='par_1_20' title="bbox 154 2097 1721 2178">
     <span class='ocr_line' id='line_1_20' title="bbox 154 2097 1721 2178; baseline 0.014 -28"><span class='ocrx_word' id='word_1_153' title='bbox 154 2097 425 2153; x_wconf 85' lang='lat' dir='ltr'><strong>redeamus</strong></span> <span class='ocrx_word' id='word_1_154' title='bbox 450 2143 464 2166; x_wconf 91' lang='lat'><strong>,</strong></span> <span class='ocrx_word' id='word_1_155' title='bbox 498 2112 547 2155; x_wconf 91' lang='lat' dir='ltr'><strong>et</strong></span> <span class='ocrx_word' id='word_1_156' title='bbox 591 2103 727 2158; x_wconf 87' lang='lat' dir='ltr'><strong>sicut</strong></span> <span class='ocrx_word' id='word_1_157' title='bbox 752 2108 1122 2162; x_wconf 89' lang='lat' dir='ltr'><strong>consuevimus</strong></span> <span class='ocrx_word' id='word_1_158' title='bbox 1160 2125 1372 2178; x_wconf 82' lang='lat' dir='ltr'><strong>semper</strong></span> <span class='ocrx_word' id='word_1_159' title='bbox 1399 2128 1516 2167; x_wconf 88' lang='lat' dir='ltr'><strong>cum</strong></span> <span class='ocrx_word' id='word_1_160' title='bbox 1545 2116 1721 2172; x_wconf 63' lang='lat' dir='ltr'><strong>laetitia</strong></span> 
     </span>
    </p>
   </div>
   <div class='ocr_carea' id='block_1_21' title="bbox 153 2187 1720 2267">
    <p class='ocr_par' dir='ltr' id='par_1_21' title="bbox 153 2187 1720 2267">
     <span class='ocr_line' id='line_1_21' title="bbox 153 2187 1720 2267; baseline 0.015 -27"><span class='ocrx_word' id='word_1_161' title='bbox 153 2187 249 2243; x_wconf 90' lang='lat' dir='ltr'><strong>huc</strong></span> <span class='ocrx_word' id='word_1_162' title='bbox 275 2190 557 2258; x_wconf 81' lang='lat' dir='ltr'><strong>advenire,</strong></span> <span class='ocrx_word' id='word_1_163' title='bbox 591 2196 666 2249; x_wconf 84' lang='lat' dir='ltr'><strong>sic</strong></span> <span class='ocrx_word' id='word_1_164' title='bbox 691 2206 745 2250; x_wconf 92' lang='lat' dir='ltr'><strong>ct</strong></span> <span class='ocrx_word' id='word_1_165' title='bbox 775 2214 911 2252; x_wconf 85' lang='lat' dir='ltr'><strong>nunc</strong></span> <span class='ocrx_word' id='word_1_166' title='bbox 942 2198 1228 2267; x_wconf 82' lang='lat' dir='ltr'><strong>faciamus,</strong></span> <span class='ocrx_word' id='word_1_167' title='bbox 1259 2206 1433 2258; x_wconf 90' lang='lat' dir='ltr'><strong>omnia</strong></span> <span class='ocrx_word' id='word_1_168' title='bbox 1467 2207 1516 2260; x_wconf 91' lang='lat' dir='ltr'><strong>in</strong></span> <span class='ocrx_word' id='word_1_169' title='bbox 1558 2208 1720 2264; x_wconf 84' lang='lat' dir='ltr'><strong>Deum</strong></span> 
     </span>
    </p>
   </div>
   <div class='ocr_carea' id='block_1_22' title="bbox 149 2280 1716 2359">
    <p class='ocr_par' dir='ltr' id='par_1_22' title="bbox 149 2280 1716 2359">
     <span class='ocr_line' id='line_1_22' title="bbox 149 2280 1716 2359; baseline 0.016 -27"><span class='ocrx_word' id='word_1_170' title='bbox 149 2280 463 2347; x_wconf 79' lang='lat' dir='ltr'><strong>rejicicntes.</strong></span> <span class='ocrx_word' id='word_1_171' title='bbox 511 2286 617 2340; x_wconf 79' lang='lat' dir='ltr'><strong>lloc</strong></span> <span class='ocrx_word' id='word_1_172' title='bbox 659 2297 712 2341; x_wconf 90' lang='lat' dir='ltr'><strong>et</strong></span> <span class='ocrx_word' id='word_1_173' title='bbox 753 2289 818 2342; x_wconf 88' lang='lat' dir='ltr'><strong>ad</strong></span> <span class='ocrx_word' id='word_1_174' title='bbox 861 2291 1023 2359; x_wconf 87' lang='lat' dir='ltr'><strong>ipsam</strong></span> <span class='ocrx_word' id='word_1_175' title='bbox 1058 2294 1372 2349; x_wconf 84' lang='lat' dir='ltr'><strong>calamitatis</strong></span> <span class='ocrx_word' id='word_1_176' title='bbox 1401 2300 1716 2358; x_wconf 89' lang='lat' dir='ltr'><strong>solutionem</strong></span> 
     </span>
    </p>
   </div>
   <div class='ocr_carea' id='block_1_23' title="bbox 146 2371 1717 2448">
    <p class='ocr_par' dir='ltr' id='par_1_23' title="bbox 146 2371 1717 2448">
     <span class='ocr_line' id='line_1_23' title="bbox 146 2371 1717 2448; baseline 0.015 -25"><span class='ocrx_word' id='word_1_177' title='bbox 146 2371 292 2425; x_wconf 86' lang='lat' dir='ltr'><strong>nobis</strong></span> <span class='ocrx_word' id='word_1_178' title='bbox 316 2374 572 2430; x_wconf 90' lang='lat' dir='ltr'><strong>conferet.</strong></span> <span class='ocrx_word' id='word_1_179' title='bbox 598 2376 652 2432; x_wconf 84' lang='lat' dir='ltr'><strong>Si</strong></span> <span class='ocrx_word' id='word_1_180' title='bbox 673 2379 813 2432; x_wconf 87' lang='lat' dir='ltr'><strong>enim</strong></span> <span class='ocrx_word' id='word_1_181' title='bbox 840 2381 1091 2436; x_wconf 86' lang='lat' dir='ltr'><strong>Dominus</strong></span> <span class='ocrx_word' id='word_1_182' title='bbox 1113 2400 1209 2437; x_wconf 88' lang='lat' dir='ltr'><strong>nos</strong></span> <span class='ocrx_word' id='word_1_183' title='bbox 1230 2386 1417 2441; x_wconf 75' lang='lat' dir='ltr'><strong>viderit</strong></span> <span class='ocrx_word' id='word_1_184' title='bbox 1443 2404 1717 2448; x_wconf 89' lang='lat' dir='ltr'><strong>sermones</strong></span> 
     </span>
    </p>
   </div>
   <div class='ocr_carea' id='block_1_24' title="bbox 145 2467 1717 2544">
    <p class='ocr_par' dir='ltr' id='par_1_24' title="bbox 145 2467 1717 2544">
     <span class='ocr_line' id='line_1_24' title="bbox 145 2467 1717 2544; baseline 0.017 -30"><span class='ocrx_word' id='word_1_185' title='bbox 145 2475 265 2515; x_wconf 89' lang='lat' dir='ltr'><strong>suos</strong></span> <span class='ocrx_word' id='word_1_186' title='bbox 292 2479 410 2518; x_wconf 90' lang='lat' dir='ltr'><strong>cum</strong></span> <span class='ocrx_word' id='word_1_187' title='bbox 440 2467 720 2523; x_wconf 82' lang='lat' dir='ltr'><strong>sedulitate</strong></span> <span class='ocrx_word' id='word_1_188' title='bbox 745 2471 1042 2539; x_wconf 88' lang='lat' dir='ltr'><strong>audientes,</strong></span> <span class='ocrx_word' id='word_1_189' title='bbox 1072 2484 1125 2528; x_wconf 87' lang='lat' dir='ltr'><strong>et</strong></span> <span class='ocrx_word' id='word_1_190' title='bbox 1149 2475 1478 2544; x_wconf 77' lang='lat' dir='ltr'><strong>disciplinam</strong></span> <span class='ocrx_word' id='word_1_191' title='bbox 1508 2496 1536 2535; x_wconf 90' lang='lat' dir='ltr'><strong>a</strong></span> <span class='ocrx_word' id='word_1_192' title='bbox 1564 2485 1717 2541; x_wconf 89' lang='lat' dir='ltr'><strong>nobis</strong></span> 
     </span>
    </p>
   </div>
   <div class='ocr_carea' id='block_1_25' title="bbox 143 2555 1714 2631">
    <p class='ocr_par' dir='ltr' id='par_1_25' title="bbox 143 2555 1714 2631">
     <span class='ocr_line' id='line_1_25' title="bbox 143 2555 1714 2631; baseline 0.017 -27"><span class='ocrx_word' id='word_1_193' title='bbox 143 2555 388 2622; x_wconf 89' lang='lat' dir='ltr'><strong>temporis</strong></span> <span class='ocrx_word' id='word_1_194' title='bbox 422 2556 728 2614; x_wconf 86' lang='lat' dir='ltr'><strong>difﬁcultate</strong></span> <span class='ocrx_word' id='word_1_195' title='bbox 755 2577 857 2615; x_wconf 89' lang='lat' dir='ltr'><strong>non</strong></span> <span class='ocrx_word' id='word_1_196' title='bbox 885 2565 1059 2631; x_wconf 78' lang='lat' dir='ltr'><strong>reSpui</strong></span> <span class='ocrx_word' id='word_1_197' title='bbox 1081 2607 1094 2629; x_wconf 93' lang='lat'><strong>,</strong></span> <span class='ocrx_word' id='word_1_198' title='bbox 1127 2567 1369 2623; x_wconf 85' lang='lat' dir='ltr'><strong>celeriter</strong></span> <span class='ocrx_word' id='word_1_199' title='bbox 1411 2587 1507 2627; x_wconf 90' lang='lat' dir='ltr'><strong>nos</strong></span> <span class='ocrx_word' id='word_1_200' title='bbox 1542 2577 1714 2629; x_wconf 86' lang='lat' dir='ltr'><strong>susci-</strong></span> 
     </span>
    </p>
   </div>
   <div class='ocr_carea' id='block_1_26' title="bbox 140 2642 1709 2732">
    <p class='ocr_par' dir='ltr' id='par_1_26' title="bbox 140 2642 1709 2732">
     <span class='ocr_line' id='line_1_26' title="bbox 140 2642 1709 2732; baseline 0.019 -40"><span class='ocrx_word' id='word_1_201' title='bbox 140 2642 263 2710; x_wconf 86' lang='lat' dir='ltr'><strong>piet,</strong></span> <span class='ocrx_word' id='word_1_202' title='bbox 294 2656 345 2700; x_wconf 91' lang='lat' dir='ltr'><strong>et</strong></span> <span class='ocrx_word' id='word_1_203' title='bbox 380 2649 810 2716; x_wconf 83' lang='lat' dir='ltr'><strong>tranquillitatem</strong></span> <span class='ocrx_word' id='word_1_204' title='bbox 842 2652 998 2707; x_wconf 77' lang='lat' dir='ltr'><strong>faciet</strong></span> <span class='ocrx_word' id='word_1_205' title='bbox 1024 2664 1075 2708; x_wconf 83' lang='lat' dir='ltr'><strong>ct</strong></span> <span class='ocrx_word' id='word_1_206' title='bbox 1099 2671 1162 2710; x_wconf 82' lang='lat' dir='ltr'><strong>ex</strong></span> <span class='ocrx_word' id='word_1_207' title='bbox 1202 2661 1447 2727; x_wconf 84' lang='lat' dir='ltr'><strong>praesenti</strong></span> <span class='ocrx_word' id='word_1_208' title='bbox 1477 2664 1709 2732; x_wconf 80' lang='lat' dir='ltr'><strong>procella</strong></span> 
     </span>
    </p>
   </div>
   <div class='ocr_carea' id='block_1_27' title="bbox 138 2732 718 2793">
    <p class='ocr_par' dir='ltr' id='par_1_27' title="bbox 138 2732 718 2793">
     <span class='ocr_line' id='line_1_27' title="bbox 138 2732 718 2793; baseline 0.016 -9"><span class='ocrx_word' id='word_1_209' title='bbox 138 2732 320 2787; x_wconf 88' lang='lat' dir='ltr'><strong>bonam</strong></span> <span class='ocrx_word' id='word_1_210' title='bbox 352 2739 718 2793; x_wconf 88' lang='lat' dir='ltr'><strong>mutationem.</strong></span> 
     </span>
    </p>
   </div>
   <div class='ocr_carea' id='block_1_28' title="bbox 202 2812 1703 2910">
    <p class='ocr_par' dir='ltr' id='par_1_28' title="bbox 202 2812 1703 2910">
     <span class='ocr_line' id='line_1_28' title="bbox 202 2812 1703 2910; baseline 0.015 -32"><span class='ocrx_word' id='word_1_211' title='bbox 202 2812 512 2881; x_wconf 76' lang='lat' dir='ltr'><strong>Christianus</strong></span> <span class='ocrx_word' id='word_1_212' title='bbox 530 2845 619 2898; x_wconf 81' lang='lat' dir='ltr'><strong>spe</strong></span> <span class='ocrx_word' id='word_1_213' title='bbox 636 2833 920 2901; x_wconf 78' lang='lat' dir='ltr'><strong>futurorum</strong></span> <span class='ocrx_word' id='word_1_214' title='bbox 941 2837 1109 2888; x_wconf 82' lang='lat' dir='ltr'><strong>omnia</strong></span> <span class='ocrx_word' id='word_1_215' title='bbox 1131 2854 1366 2904; x_wconf 81' lang='lat' dir='ltr'><strong>generose</strong></span> <span class='ocrx_word' id='word_1_216' title='bbox 1385 2845 1515 2910; x_wconf 80' lang='lat' dir='ltr'><strong>ferre</strong></span> <span class='ocrx_word' id='word_1_217' title='bbox 1542 2845 1703 2901; x_wconf 76' lang='lat' dir='ltr'><strong>debet.</strong></span> 
     </span>
    </p>
   </div>
   <div class='ocr_carea' id='block_1_29' title="bbox 134 2913 1704 2992">
    <p class='ocr_par' dir='ltr' id='par_1_29' title="bbox 134 2913 1704 2992">
     <span class='ocr_line' id='line_1_29' title="bbox 134 2913 1704 2992; baseline 0.016 -26"><span class='ocrx_word' id='word_1_218' title='bbox 134 2941 199 2952; x_wconf 96' lang='lat'><em>—</em></span> <span class='ocrx_word' id='word_1_219' title='bbox 222 2913 577 2973; x_wconf 86' lang='lat' dir='ltr'><strong>Christianum</strong></span> <span class='ocrx_word' id='word_1_220' title='bbox 606 2921 745 2975; x_wconf 87' lang='lat' dir='ltr'><strong>enim</strong></span> <span class='ocrx_word' id='word_1_221' title='bbox 773 2932 826 2977; x_wconf 90' lang='lat' dir='ltr'><strong>et</strong></span> <span class='ocrx_word' id='word_1_222' title='bbox 864 2924 913 2977; x_wconf 90' lang='lat' dir='ltr'><strong>in</strong></span> <span class='ocrx_word' id='word_1_223' title='bbox 947 2925 1046 2979; x_wconf 87' lang='lat' dir='ltr'><strong>hoc</strong></span> <span class='ocrx_word' id='word_1_224' title='bbox 1076 2928 1142 2980; x_wconf 85' lang='lat' dir='ltr'><strong>ab</strong></span> <span class='ocrx_word' id='word_1_225' title='bbox 1174 2929 1468 2986; x_wconf 84' lang='lat' dir='ltr'><strong>inﬁdelibus</strong></span> <span class='ocrx_word' id='word_1_226' title='bbox 1491 2934 1704 2992; x_wconf 80' lang='lat' dir='ltr'><strong>differre</strong></span> 
     </span>
    </p>
   </div>
   <div class='ocr_carea' id='block_1_30' title="bbox 132 3011 1700 3090">
    <p class='ocr_par' dir='ltr' id='par_1_30' title="bbox 132 3011 1700 3090">
     <span class='ocr_line' id='line_1_30' title="bbox 132 3011 1700 3090; baseline 0.018 -37"><span class='ocrx_word' id='word_1_227' title='bbox 132 3014 359 3073; x_wconf 83' lang='lat' dir='ltr'><strong>oportet,</strong></span> <span class='ocrx_word' id='word_1_228' title='bbox 394 3019 449 3063; x_wconf 86' lang='lat' dir='ltr'><strong>ut</strong></span> <span class='ocrx_word' id='word_1_229' title='bbox 489 3011 664 3065; x_wconf 90' lang='lat' dir='ltr'><strong>omnia</strong></span> <span class='ocrx_word' id='word_1_230' title='bbox 700 3028 959 3083; x_wconf 80' lang='lat' dir='ltr'><strong>generose</strong></span> <span class='ocrx_word' id='word_1_231' title='bbox 992 3016 1156 3082; x_wconf 90' lang='lat' dir='ltr'><strong>ferat,</strong></span> <span class='ocrx_word' id='word_1_232' title='bbox 1191 3028 1243 3073; x_wconf 87' lang='lat' dir='ltr'><strong>et</strong></span> <span class='ocrx_word' id='word_1_233' title='bbox 1277 3036 1371 3090; x_wconf 90' lang='lat' dir='ltr'><strong>spe</strong></span> <span class='ocrx_word' id='word_1_234' title='bbox 1409 3025 1700 3081; x_wconf 87' lang='lat' dir='ltr'><strong>futurorum</strong></span> 
     </span>
    </p>
   </div>
   <div class='ocr_carea' id='block_1_31' title="bbox 130 3098 1697 3182">
    <p class='ocr_par' dir='ltr' id='par_1_31' title="bbox 130 3098 1697 3182">
     <span class='ocr_line' id='line_1_31' title="bbox 130 3098 1697 3182; baseline 0.019 -38"><span class='ocrx_word' id='word_1_235' title='bbox 130 3105 327 3150; x_wconf 80' lang='lat' dir='ltr'><strong>erectus</strong></span> <span class='ocrx_word' id='word_1_236' title='bbox 365 3098 713 3155; x_wconf 88' lang='lat' dir='ltr'><strong>humanorum</strong></span> <span class='ocrx_word' id='word_1_237' title='bbox 743 3104 1001 3158; x_wconf 86' lang='lat' dir='ltr'><strong>malorum</strong></span> <span class='ocrx_word' id='word_1_238' title='bbox 1040 3107 1235 3178; x_wconf 88' lang='lat' dir='ltr'><strong>impetu</strong></span> <span class='ocrx_word' id='word_1_239' title='bbox 1276 3126 1334 3166; x_wconf 87' lang='lat' dir='ltr'><strong>se</strong></span> <span class='ocrx_word' id='word_1_240' title='bbox 1373 3117 1697 3182; x_wconf 81' lang='lat' dir='ltr'><strong>superiorem</strong></span> 
     </span>
    </p>
   </div>
   <div class='ocr_carea' id='block_1_32' title="bbox 130 3187 1697 3275">
    <p class='ocr_par' dir='ltr' id='par_1_32' title="bbox 130 3187 1697 3275">
     <span class='ocr_line' id='line_1_32' title="bbox 130 3187 1697 3275; baseline 0.018 -38"><span class='ocrx_word' id='word_1_241' title='bbox 130 3187 385 3243; x_wconf 76' lang='lat' dir='ltr'><strong>exhibeat.</strong></span> <span class='ocrx_word' id='word_1_242' title='bbox 408 3191 574 3260; x_wconf 85' lang='lat' dir='ltr'><strong>Supra</strong></span> <span class='ocrx_word' id='word_1_243' title='bbox 602 3203 807 3262; x_wconf 88' lang='lat' dir='ltr'><strong>petram</strong></span> <span class='ocrx_word' id='word_1_244' title='bbox 832 3205 1058 3251; x_wconf 90' lang='lat' dir='ltr'><strong>statutus</strong></span> <span class='ocrx_word' id='word_1_245' title='bbox 1078 3209 1159 3253; x_wconf 90' lang='lat' dir='ltr'><strong>est</strong></span> <span class='ocrx_word' id='word_1_246' title='bbox 1186 3201 1356 3258; x_wconf 75' lang='lat' dir='ltr'><strong>ﬁdelis</strong></span> <span class='ocrx_word' id='word_1_247' title='bbox 1381 3220 1394 3256; x_wconf 90' lang='lat'><strong>:</strong></span> <span class='ocrx_word' id='word_1_248' title='bbox 1422 3215 1697 3275; x_wconf 86' lang='lat' dir='ltr'><strong>propterea</strong></span> 
     </span>
    </p>
   </div>
   <div class='ocr_carea' id='block_1_33' title="bbox 128 3281 1698 3356">
    <p class='ocr_par' dir='ltr' id='par_1_33' title="bbox 128 3281 1698 3356">
     <span class='ocr_line' id='line_1_33' title="bbox 128 3281 1698 3356; baseline 0.018 -29"><span class='ocrx_word' id='word_1_249' title='bbox 128 3286 177 3328; x_wconf 77' lang='lat' dir='ltr'><strong>et</strong></span> <span class='ocrx_word' id='word_1_250' title='bbox 205 3281 461 3334; x_wconf 89' lang='lat' dir='ltr'><strong>undarum</strong></span> <span class='ocrx_word' id='word_1_251' title='bbox 492 3282 680 3337; x_wconf 88' lang='lat' dir='ltr'><strong>ictibus</strong></span> <span class='ocrx_word' id='word_1_252' title='bbox 708 3284 1122 3356; x_wconf 80' lang='lat' dir='ltr'><strong>inexpugnabilis</strong></span> <span class='ocrx_word' id='word_1_253' title='bbox 1149 3300 1248 3345; x_wconf 90' lang='lat' dir='ltr'><strong>est.</strong></span> <span class='ocrx_word' id='word_1_254' title='bbox 1277 3293 1329 3349; x_wconf 89' lang='lat' dir='ltr'><strong>Si</strong></span> <span class='ocrx_word' id='word_1_255' title='bbox 1357 3296 1498 3351; x_wconf 91' lang='lat' dir='ltr'><strong>enim</strong></span> <span class='ocrx_word' id='word_1_256' title='bbox 1529 3307 1698 3356; x_wconf 86' lang='lat' dir='ltr'><strong>tenta-</strong></span> 
     </span>
    </p>
   </div>
   <div class='ocr_carea' id='block_1_34' title="bbox 130 3366 1696 3458">
    <p class='ocr_par' dir='ltr' id='par_1_34' title="bbox 130 3366 1696 3458">
     <span class='ocr_line' id='line_1_34' title="bbox 130 3366 1696 3458; baseline 0.017 -41"><span class='ocrx_word' id='word_1_257' title='bbox 130 3366 318 3421; x_wconf 91' lang='lat' dir='ltr'><strong>tionum</strong></span> <span class='ocrx_word' id='word_1_258' title='bbox 348 3370 506 3425; x_wconf 71' lang='lat' dir='ltr'><strong>undae</strong></span> <span class='ocrx_word' id='word_1_259' title='bbox 529 3373 748 3427; x_wconf 69' lang='lat' dir='ltr'><strong>elevatae</strong></span> <span class='ocrx_word' id='word_1_260' title='bbox 772 3374 987 3444; x_wconf 78' lang='lat' dir='ltr'><strong>fuerint,</strong></span> <span class='ocrx_word' id='word_1_261' title='bbox 1011 3378 1076 3432; x_wconf 89' lang='lat' dir='ltr'><strong>ad</strong></span> <span class='ocrx_word' id='word_1_262' title='bbox 1101 3380 1238 3434; x_wconf 90' lang='lat' dir='ltr'><strong>illius</strong></span> <span class='ocrx_word' id='word_1_263' title='bbox 1258 3383 1421 3452; x_wconf 84' lang='lat' dir='ltr'><strong>pedes</strong></span> <span class='ocrx_word' id='word_1_264' title='bbox 1444 3402 1545 3440; x_wconf 89' lang='lat' dir='ltr'><strong>non</strong></span> <span class='ocrx_word' id='word_1_265' title='bbox 1575 3404 1696 3458; x_wconf 87' lang='lat' dir='ltr'><strong>per-</strong></span> 
     </span>
    </p>
   </div>
   <div class='ocr_carea' id='block_1_35' title="bbox 127 3459 1689 3535">
    <p class='ocr_par' dir='ltr' id='par_1_35' title="bbox 127 3459 1689 3535">
     <span class='ocr_line' id='line_1_35' title="bbox 127 3459 1689 3535; baseline 0.016 -26"><span class='ocrx_word' id='word_1_266' title='bbox 127 3459 335 3514; x_wconf 88' lang='lat' dir='ltr'><strong>veniunt</strong></span> <span class='ocrx_word' id='word_1_267' title='bbox 360 3478 374 3514; x_wconf 91' lang='lat'><strong>:</strong></span> <span class='ocrx_word' id='word_1_268' title='bbox 402 3462 486 3516; x_wconf 91' lang='lat' dir='ltr'><strong>hic</strong></span> <span class='ocrx_word' id='word_1_269' title='bbox 505 3464 649 3518; x_wconf 92' lang='lat' dir='ltr'><strong>omni</strong></span> <span class='ocrx_word' id='word_1_270' title='bbox 677 3466 765 3519; x_wconf 89' lang='lat' dir='ltr'><strong>tali</strong></span> <span class='ocrx_word' id='word_1_271' title='bbox 790 3467 1000 3522; x_wconf 86' lang='lat' dir='ltr'><strong>incursu</strong></span> <span class='ocrx_word' id='word_1_272' title='bbox 1027 3470 1302 3527; x_wconf 90' lang='lat' dir='ltr'><strong>sublimior</strong></span> <span class='ocrx_word' id='word_1_273' title='bbox 1329 3476 1565 3532; x_wconf 89' lang='lat' dir='ltr'><strong>ﬁrmatus</strong></span> <span class='ocrx_word' id='word_1_274' title='bbox 1589 3489 1689 3535; x_wconf 88' lang='lat' dir='ltr'><strong>est.</strong></span> 
     </span>
    </p>
   </div>
   <div class='ocr_carea' id='block_1_36' title="bbox 127 3547 1689 3625">
    <p class='ocr_par' dir='ltr' id='par_1_36' title="bbox 127 3547 1689 3625">
     <span class='ocr_line' id='line_1_36' title="bbox 127 3547 1689 3625; baseline 0.015 -23"><span class='ocrx_word' id='word_1_275' title='bbox 127 3547 197 3603; x_wconf 85' lang='lat' dir='ltr'><strong>Ne</strong></span> <span class='ocrx_word' id='word_1_276' title='bbox 225 3550 378 3620; x_wconf 84' lang='lat' dir='ltr'><strong>igitur</strong></span> <span class='ocrx_word' id='word_1_277' title='bbox 403 3554 584 3608; x_wconf 88' lang='lat' dir='ltr'><strong>animo</strong></span> <span class='ocrx_word' id='word_1_278' title='bbox 608 3557 966 3623; x_wconf 86' lang='lat' dir='ltr'><strong>concidamus,</strong></span> <span class='ocrx_word' id='word_1_279' title='bbox 993 3560 1169 3616; x_wconf 90' lang='lat' dir='ltr'><strong>dilecti</strong></span> <span class='ocrx_word' id='word_1_280' title='bbox 1198 3581 1210 3616; x_wconf 76' lang='grc' dir='ltr'>ε</span> <span class='ocrx_word' id='word_1_281' title='bbox 1235 3579 1341 3618; x_wconf 90' lang='lat' dir='ltr'><strong>non</strong></span> <span class='ocrx_word' id='word_1_282' title='bbox 1365 3565 1441 3620; x_wconf 85' lang='lat' dir='ltr'><strong>sic</strong></span> <span class='ocrx_word' id='word_1_283' title='bbox 1469 3568 1689 3625; x_wconf 85' lang='lat' dir='ltr'><strong>salutem</strong></span> 
     </span>
    </p>
   </div>
   <div class='ocr_carea' id='block_1_37' title="bbox 120 3643 1690 3713">
    <p class='ocr_par' dir='ltr' id='par_1_37' title="bbox 120 3643 1690 3713">
     <span class='ocr_line' id='line_1_37' title="bbox 120 3643 1690 3713; baseline 0.017 -27"><span class='ocrx_word' id='word_1_284' title='bbox 120 3645 349 3690; x_wconf 91' lang='lat' dir='ltr'><strong>nostram</strong></span> <span class='ocrx_word' id='word_1_285' title='bbox 369 3653 648 3705; x_wconf 85' lang='lat' dir='ltr'><strong>curamus,</strong></span> <span class='ocrx_word' id='word_1_286' title='bbox 668 3643 809 3695; x_wconf 88' lang='lat' dir='ltr'><strong>sicut</strong></span> <span class='ocrx_word' id='word_1_287' title='bbox 832 3646 922 3712; x_wconf 88' lang='lat' dir='ltr'><strong>qui</strong></span> <span class='ocrx_word' id='word_1_288' title='bbox 960 3645 1086 3700; x_wconf 88' lang='lat' dir='ltr'><strong>fecit</strong></span> <span class='ocrx_word' id='word_1_289' title='bbox 1112 3666 1208 3705; x_wconf 88' lang='lat' dir='ltr'><strong>nos</strong></span> <span class='ocrx_word' id='word_1_290' title='bbox 1240 3651 1379 3708; x_wconf 84' lang='lat' dir='ltr'><strong>Deus</strong></span> <span class='ocrx_word' id='word_1_291' title='bbox 1403 3674 1543 3711; x_wconf 89' lang='lat' dir='ltr'><strong>:nou</strong></span> <span class='ocrx_word' id='word_1_292' title='bbox 1569 3667 1690 3713; x_wconf 86' lang='lat' dir='ltr'><strong>tan-</strong></span> 
     </span>
    </p>
   </div>
   <div class='ocr_carea' id='block_1_38' title="bbox 120 3729 1686 3823">
    <p class='ocr_par' dir='ltr' id='par_1_38' title="bbox 120 3729 1686 3823">
     <span class='ocr_line' id='line_1_38' title="bbox 120 3729 1686 3823; baseline 0.02 -45"><span class='ocrx_word' id='word_1_293' title='bbox 120 3736 181 3779; x_wconf 63' lang='lat' dir='ltr'><strong>tae</strong></span> <span class='ocrx_word' id='word_1_294' title='bbox 202 3729 352 3782; x_wconf 90' lang='lat' dir='ltr'><strong>nobis</strong></span> <span class='ocrx_word' id='word_1_295' title='bbox 383 3744 531 3785; x_wconf 75' lang='lat' dir='ltr'><strong>cura:</strong></span> <span class='ocrx_word' id='word_1_296' title='bbox 554 3741 665 3797; x_wconf 89' lang='lat' dir='ltr'><strong>est,</strong></span> <span class='ocrx_word' id='word_1_297' title='bbox 693 3735 825 3788; x_wconf 91' lang='lat' dir='ltr'><strong>nihil</strong></span> <span class='ocrx_word' id='word_1_298' title='bbox 854 3754 1017 3806; x_wconf 79' lang='lat' dir='ltr'><strong>grave</strong></span> <span class='ocrx_word' id='word_1_299' title='bbox 1048 3745 1181 3809; x_wconf 84' lang='lat' dir='ltr'><strong>pati,</strong></span> <span class='ocrx_word' id='word_1_300' title='bbox 1212 3756 1428 3814; x_wconf 66' lang='lat' dir='ltr'><strong>quantm</strong></span> <span class='ocrx_word' id='word_1_301' title='bbox 1461 3752 1535 3805; x_wconf 91' lang='lat' dir='ltr'><strong>illi</strong></span> <span class='ocrx_word' id='word_1_302' title='bbox 1591 3756 1686 3823; x_wconf 87' lang='lat' dir='ltr'><strong>qui</strong></span> 
     </span>
    </p>
   </div>
   <div class='ocr_carea' id='block_1_39' title="bbox 117 3816 1678 3900">
    <p class='ocr_par' dir='ltr' id='par_1_39' title="bbox 117 3816 1678 3900">
     <span class='ocr_line' id='line_1_39' title="bbox 117 3816 1678 3900; baseline 0.021 -33"><span class='ocrx_word' id='word_1_303' title='bbox 117 3816 265 3872; x_wconf 89' lang='lat' dir='ltr'><strong>nobis</strong></span> <span class='ocrx_word' id='word_1_304' title='bbox 286 3820 522 3873; x_wconf 88' lang='lat' dir='ltr'><strong>animam</strong></span> <span class='ocrx_word' id='word_1_305' title='bbox 542 3821 781 3888; x_wconf 87' lang='lat' dir='ltr'><strong>donavit,</strong></span> <span class='ocrx_word' id='word_1_306' title='bbox 804 3835 855 3879; x_wconf 90' lang='lat' dir='ltr'><strong>et</strong></span> <span class='ocrx_word' id='word_1_307' title='bbox 879 3837 955 3881; x_wconf 90' lang='lat' dir='ltr'><strong>tot</strong></span> <span class='ocrx_word' id='word_1_308' title='bbox 979 3834 1236 3898; x_wconf 81' lang='lat' dir='ltr'><strong>posthaec</strong></span> <span class='ocrx_word' id='word_1_309' title='bbox 1262 3837 1398 3892; x_wconf 85' lang='lat' dir='ltr'><strong>bona</strong></span> <span class='ocrx_word' id='word_1_310' title='bbox 1432 3816 1678 3900; x_wconf 78' lang='lat' dir='ltr'><strong>contulit.</strong></span> 
     </span>
    </p>
   </div>
   <div class='ocr_carea' id='block_1_40' title="bbox 113 3901 1679 3994">
    <p class='ocr_par' dir='ltr' id='par_1_40' title="bbox 113 3901 1679 3994">
     <span class='ocr_line' id='line_1_40' title="bbox 113 3901 1679 3994; baseline 0.021 -38"><span class='ocrx_word' id='word_1_311' title='bbox 113 3901 204 3959; x_wconf 88' lang='lat' dir='ltr'><strong>llis</strong></span> <span class='ocrx_word' id='word_1_312' title='bbox 215 3909 319 3975; x_wconf 91' lang='lat' dir='ltr'><strong>spei</strong></span> <span class='ocrx_word' id='word_1_313' title='bbox 334 3911 633 3964; x_wconf 87' lang='lat' dir='ltr'><strong>rationibus</strong></span> <span class='ocrx_word' id='word_1_314' title='bbox 644 3924 856 3970; x_wconf 86' lang='lat' dir='ltr'><strong>nostros</strong></span> <span class='ocrx_word' id='word_1_315' title='bbox 868 3924 1078 3977; x_wconf 86' lang='lat' dir='ltr'><strong>animos</strong></span> <span class='ocrx_word' id='word_1_316' title='bbox 1090 3925 1679 3994; x_wconf 85' lang='lat' dir='ltr'><strong>erigamus,etdicenda</strong></span> 
     </span>
    </p>
   </div>
   <div class='ocr_carea' id='block_1_41' title="bbox 112 3999 1673 4092">
    <p class='ocr_par' dir='ltr' id='par_1_41' title="bbox 112 3999 1673 4092">
     <span class='ocr_line' id='line_1_41' title="bbox 112 3999 1673 4092; baseline 0.02 -45"><span class='ocrx_word' id='word_1_317' title='bbox 112 4008 226 4049; x_wconf 82' lang='lat' dir='ltr'><strong>eum</strong></span> <span class='ocrx_word' id='word_1_318' title='bbox 244 3999 520 4054; x_wconf 86' lang='lat' dir='ltr'><strong>alacritate</strong></span> <span class='ocrx_word' id='word_1_319' title='bbox 541 4003 698 4057; x_wconf 90' lang='lat' dir='ltr'><strong>solita</strong></span> <span class='ocrx_word' id='word_1_320' title='bbox 722 4007 1026 4065; x_wconf 89' lang='lat' dir='ltr'><strong>audiamus.</strong></span> <span class='ocrx_word' id='word_1_321' title='bbox 1055 4011 1292 4085; x_wconf 81' lang='lat' dir='ltr'><strong>Longam</strong></span> <span class='ocrx_word' id='word_1_322' title='bbox 1327 4035 1498 4089; x_wconf 91' lang='lat' dir='ltr'><strong>nuper</strong></span> <span class='ocrx_word' id='word_1_323' title='bbox 1530 4026 1673 4092; x_wconf 87' lang='lat' dir='ltr'><strong>apud</strong></span> 
     </span>
    </p>
   </div>
   <div class='ocr_carea' id='block_1_42' title="bbox 111 4087 1672 4172">
    <p class='ocr_par' dir='ltr' id='par_1_42' title="bbox 111 4087 1672 4172">
     <span class='ocr_line' id='line_1_42' title="bbox 111 4087 1672 4172; baseline 0.023 -35"><span class='ocrx_word' id='word_1_324' title='bbox 111 4087 414 4144; x_wconf 83' lang='lat' dir='ltr'><strong>charitatem</strong></span> <span class='ocrx_word' id='word_1_325' title='bbox 424 4103 599 4146; x_wconf 88' lang='lat' dir='ltr'><strong>vestra</strong></span> <span class='ocrx_word' id='word_1_326' title='bbox 609 4110 657 4146; x_wconf 90' lang='lat' dir='ltr'><strong>ru</strong></span> <span class='ocrx_word' id='word_1_327' title='bbox 674 4100 881 4151; x_wconf 78' lang='lat' dir='ltr'><strong>extendi</strong></span> <span class='ocrx_word' id='word_1_328' title='bbox 896 4103 1289 4169; x_wconf 78' lang='lat' dir='ltr'><strong>concionem,et</strong></span> <span class='ocrx_word' id='word_1_329' title='bbox 1314 4128 1503 4168; x_wconf 86' lang='lat' dir='ltr'><strong>omnes</strong></span> <span class='ocrx_word' id='word_1_330' title='bbox 1515 4117 1672 4172; x_wconf 82' lang='lat' dir='ltr'><strong>obse-</strong></span> 
     </span>
    </p>
   </div>
   <div class='ocr_carea' id='block_1_43' title="bbox 116 4181 1673 4255">
    <p class='ocr_par' dir='ltr' id='par_1_43' title="bbox 116 4181 1673 4255">
     <span class='ocr_line' id='line_1_43' title="bbox 116 4181 1673 4255; baseline 0.019 -31"><span class='ocrx_word' id='word_1_331' title='bbox 116 4185 326 4241; x_wconf 74' lang='lat' dir='ltr'><strong>quentes</strong></span> <span class='ocrx_word' id='word_1_332' title='bbox 341 4181 645 4244; x_wconf 84' lang='lat' dir='ltr'><strong>cernebam,</strong></span> <span class='ocrx_word' id='word_1_333' title='bbox 670 4185 974 4255; x_wconf 90' lang='lat' dir='ltr'><strong>nullumque</strong></span> <span class='ocrx_word' id='word_1_334' title='bbox 988 4204 1051 4242; x_wconf 82' lang='lat' dir='ltr'><strong>ex</strong></span> <span class='ocrx_word' id='word_1_335' title='bbox 1072 4190 1240 4245; x_wconf 91' lang='lat' dir='ltr'><strong>media</strong></span> <span class='ocrx_word' id='word_1_336' title='bbox 1272 4208 1541 4251; x_wconf 89' lang='lat' dir='ltr'><strong>reversum</strong></span> <span class='ocrx_word' id='word_1_337' title='bbox 1570 4200 1673 4255; x_wconf 86' lang='lat' dir='ltr'><strong>via.</strong></span> 
     </span>
    </p>
   </div>
   <div class='ocr_carea' id='block_1_44' title="bbox 180 4264 1674 4346">
    <p class='ocr_par' dir='ltr' id='par_1_44' title="bbox 180 4264 1674 4346">
     <span class='ocr_line' id='line_1_44' title="bbox 180 4264 1674 4346; baseline 0.019 -29"><span class='ocrx_word' id='word_1_338' title='bbox 180 4264 358 4321; x_wconf 84' lang='lat' dir='ltr'><strong>Contra</strong></span> <span class='ocrx_word' id='word_1_339' title='bbox 387 4272 718 4340; x_wconf 77' lang='lat' dir='ltr'><strong>blasphemas.</strong></span> <span class='ocrx_word' id='word_1_340' title='bbox 750 4306 818 4315; x_wconf 93' lang='lat'><strong>—</strong></span> <span class='ocrx_word' id='word_1_341' title='bbox 842 4276 1073 4332; x_wconf 90' lang='lat' dir='ltr'><strong>Gratiam</strong></span> <span class='ocrx_word' id='word_1_342' title='bbox 1103 4281 1252 4337; x_wconf 89' lang='lat' dir='ltr'><strong>vobis</strong></span> <span class='ocrx_word' id='word_1_343' title='bbox 1285 4283 1351 4337; x_wconf 89' lang='lat' dir='ltr'><strong>de</strong></span> <span class='ocrx_word' id='word_1_344' title='bbox 1391 4286 1481 4341; x_wconf 91' lang='lat' dir='ltr'><strong>illo</strong></span> <span class='ocrx_word' id='word_1_345' title='bbox 1513 4290 1674 4346; x_wconf 89' lang='lat' dir='ltr'><strong>animi</strong></span> 
     </span>
    </p>
   </div>
   <div class='ocr_carea' id='block_1_45' title="bbox 114 4358 1676 4444">
    <p class='ocr_par' dir='ltr' id='par_1_45' title="bbox 114 4358 1676 4444">
     <span class='ocr_line' id='line_1_45' title="bbox 114 4358 1676 4444; baseline 0.02 -38"><span class='ocrx_word' id='word_1_346' title='bbox 114 4358 277 4413; x_wconf 88' lang='lat' dir='ltr'><strong>studio</strong></span> <span class='ocrx_word' id='word_1_347' title='bbox 315 4360 511 4427; x_wconf 87' lang='lat' dir='ltr'><strong>habeo,</strong></span> <span class='ocrx_word' id='word_1_348' title='bbox 553 4375 607 4419; x_wconf 89' lang='lat' dir='ltr'><strong>et</strong></span> <span class='ocrx_word' id='word_1_349' title='bbox 644 4366 881 4421; x_wconf 89' lang='lat' dir='ltr'><strong>laborum</strong></span> <span class='ocrx_word' id='word_1_350' title='bbox 914 4371 1212 4426; x_wconf 88' lang='lat' dir='ltr'><strong>mercedem</strong></span> <span class='ocrx_word' id='word_1_351' title='bbox 1242 4378 1460 4444; x_wconf 91' lang='lat' dir='ltr'><strong>accepi;</strong></span> <span class='ocrx_word' id='word_1_352' title='bbox 1492 4380 1585 4434; x_wconf 90' lang='lat' dir='ltr'><strong>sed</strong></span> <span class='ocrx_word' id='word_1_353' title='bbox 1621 4393 1676 4438; x_wconf 92' lang='lat' dir='ltr'><strong>et</strong></span> 
     </span>
    </p>
   </div>
   <div class='ocr_carea' id='block_1_46' title="bbox 112 4445 1675 4532">
    <p class='ocr_par' dir='ltr' id='par_1_46' title="bbox 112 4445 1675 4532">
     <span class='ocr_line' id='line_1_46' title="bbox 112 4445 1675 4532; baseline 0.019 -35"><span class='ocrx_word' id='word_1_354' title='bbox 112 4445 258 4501; x_wconf 88' lang='lat' dir='ltr'><strong>aliam</strong></span> <span class='ocrx_word' id='word_1_355' title='bbox 288 4466 314 4505; x_wconf 92' lang='lat' dir='ltr'><strong>a</strong></span> <span class='ocrx_word' id='word_1_356' title='bbox 345 4454 495 4507; x_wconf 89' lang='lat' dir='ltr'><strong>vobis</strong></span> <span class='ocrx_word' id='word_1_357' title='bbox 522 4465 644 4509; x_wconf 91' lang='lat' dir='ltr'><strong>tunc</strong></span> <span class='ocrx_word' id='word_1_358' title='bbox 683 4459 980 4513; x_wconf 87' lang='lat' dir='ltr'><strong>mercedem</strong></span> <span class='ocrx_word' id='word_1_359' title='bbox 1020 4462 1190 4532; x_wconf 77' lang='lat' dir='ltr'><strong>exegi.</strong></span> <span class='ocrx_word' id='word_1_360' title='bbox 1232 4463 1390 4519; x_wconf 89' lang='lat' dir='ltr'><strong>Forte</strong></span> <span class='ocrx_word' id='word_1_361' title='bbox 1431 4472 1594 4524; x_wconf 90' lang='lat' dir='ltr'><strong>nostis</strong></span> <span class='ocrx_word' id='word_1_362' title='bbox 1621 4480 1675 4527; x_wconf 88' lang='lat' dir='ltr'><strong>et</strong></span> 
     </span>
    </p>
   </div>
   <div class='ocr_carea' id='block_1_47' title="bbox 112 4543 1672 4633">
    <p class='ocr_par' dir='ltr' id='par_1_47' title="bbox 112 4543 1672 4633">
     <span class='ocr_line' id='line_1_47' title="bbox 112 4543 1672 4633; baseline 0.017 -42"><span class='ocrx_word' id='word_1_363' title='bbox 112 4543 430 4600; x_wconf 87' lang='lat' dir='ltr'><strong>meministis.</strong></span> <span class='ocrx_word' id='word_1_364' title='bbox 458 4548 587 4614; x_wconf 68' lang='lat' dir='ltr'><strong>Quae</strong></span> <span class='ocrx_word' id='word_1_365' title='bbox 611 4565 737 4604; x_wconf 89' lang='lat' dir='ltr'><strong>vero</strong></span> <span class='ocrx_word' id='word_1_366' title='bbox 767 4566 972 4606; x_wconf 89' lang='lat' dir='ltr'><strong>merces</strong></span> <span class='ocrx_word' id='word_1_367' title='bbox 992 4563 1103 4606; x_wconf 88' lang='lat' dir='ltr'><strong>erat</strong></span> <span class='ocrx_word' id='word_1_368' title='bbox 1121 4554 1146 4607; x_wconf 69' lang='grc' dir='ltr'>τ</span> <span class='ocrx_word' id='word_1_369' title='bbox 1164 4554 1403 4613; x_wconf 85' lang='lat' dir='ltr'><strong>Civitatis</strong></span> <span class='ocrx_word' id='word_1_370' title='bbox 1429 4561 1672 4633; x_wconf 82' lang='lat' dir='ltr'><strong>blasphe-</strong></span> 
     </span>
    </p>
   </div>
   <div class='ocr_carea' id='block_1_48' title="bbox 110 4639 1670 4711">
    <p class='ocr_par' dir='ltr' id='par_1_48' title="bbox 110 4639 1670 4711">
     <span class='ocr_line' id='line_1_48' title="bbox 110 4639 1670 4711; baseline 0.018 -30"><span class='ocrx_word' id='word_1_371' title='bbox 110 4640 329 4690; x_wconf 87' lang='lat' dir='ltr'><strong>matores</strong></span> <span class='ocrx_word' id='word_1_372' title='bbox 359 4639 578 4706; x_wconf 88' lang='lat' dir='ltr'><strong>punire,</strong></span> <span class='ocrx_word' id='word_1_373' title='bbox 607 4652 660 4694; x_wconf 91' lang='lat' dir='ltr'><strong>et</strong></span> <span class='ocrx_word' id='word_1_374' title='bbox 697 4642 954 4711; x_wconf 80' lang='lat' dir='ltr'><strong>castigare</strong></span> <span class='ocrx_word' id='word_1_375' title='bbox 996 4645 1157 4698; x_wconf 86' lang='lat' dir='ltr'><strong>Deum</strong></span> <span class='ocrx_word' id='word_1_376' title='bbox 1192 4651 1514 4707; x_wconf 89' lang='lat' dir='ltr'><strong>contumelia</strong></span> <span class='ocrx_word' id='word_1_377' title='bbox 1551 4654 1670 4707; x_wconf 89' lang='lat' dir='ltr'><strong>afﬁ-</strong></span> 
     </span>
    </p>
   </div>
   <div class='ocr_carea' id='block_1_49' title="bbox 108 4722 1726 4817">
    <p class='ocr_par' dir='ltr' id='par_1_49' title="bbox 108 4722 1726 4817">
     <span class='ocr_line' id='line_1_49' title="bbox 108 4722 1726 4817; baseline 0.015 -44"><span class='ocrx_word' id='word_1_378' title='bbox 108 4722 331 4793; x_wconf 89' lang='lat' dir='ltr'><strong>cientes,</strong></span> <span class='ocrx_word' id='word_1_379' title='bbox 360 4740 412 4784; x_wconf 90' lang='lat' dir='ltr'><strong>et</strong></span> <span class='ocrx_word' id='word_1_380' title='bbox 443 4729 672 4787; x_wconf 88' lang='lat' dir='ltr'><strong>furiosos</strong></span> <span class='ocrx_word' id='word_1_381' title='bbox 698 4734 966 4789; x_wconf 87' lang='lat' dir='ltr'><strong>cohibere.</strong></span> <span class='ocrx_word' id='word_1_382' title='bbox 1008 4735 1124 4791; x_wconf 88' lang='lat' dir='ltr'><strong>Non</strong></span> <span class='ocrx_word' id='word_1_383' title='bbox 1164 4754 1231 4792; x_wconf 80' lang='lat' dir='ltr'><strong>ex</strong></span> <span class='ocrx_word' id='word_1_384' title='bbox 1275 4755 1360 4793; x_wconf 92' lang='lat' dir='ltr'><strong>me</strong></span> <span class='ocrx_word' id='word_1_385' title='bbox 1396 4743 1510 4811; x_wconf 91' lang='lat' dir='ltr'><strong>ipso</strong></span> <span class='ocrx_word' id='word_1_386' title='bbox 1548 4747 1668 4800; x_wconf 87' lang='lat' dir='ltr'><strong>talia</strong></span> <span class='ocrx_word' id='word_1_387' title='bbox 1690 4785 1726 4817; x_wconf 72' lang='grc'><strong>,-</strong></span> 
     </span>
    </p>
   </div>
   <div class='ocr_carea' id='block_1_50' title="bbox 107 4816 1666 4900">
    <p class='ocr_par' dir='ltr' id='par_1_50' title="bbox 107 4816 1666 4900">
     <span class='ocr_line' id='line_1_50' title="bbox 107 4816 1666 4900; baseline 0.017 -35"><span class='ocrx_word' id='word_1_388' title='bbox 107 4828 186 4867; x_wconf 91' lang='lat' dir='ltr'><strong>me</strong></span> <span class='ocrx_word' id='word_1_389' title='bbox 211 4816 403 4875; x_wconf 81' lang='lat' dir='ltr'><strong>dixisse</strong></span> <span class='ocrx_word' id='word_1_390' title='bbox 431 4824 677 4890; x_wconf 90' lang='lat' dir='ltr'><strong>arbitror,</strong></span> <span class='ocrx_word' id='word_1_391' title='bbox 709 4825 802 4879; x_wconf 89' lang='lat' dir='ltr'><strong>sed</strong></span> <span class='ocrx_word' id='word_1_392' title='bbox 833 4827 994 4881; x_wconf 86' lang='lat' dir='ltr'><strong>Deum</strong></span> <span class='ocrx_word' id='word_1_393' title='bbox 1026 4828 1195 4883; x_wconf 89' lang='lat' dir='ltr'><strong>futura</strong></span> <span class='ocrx_word' id='word_1_394' title='bbox 1226 4834 1585 4900; x_wconf 83' lang='lat' dir='ltr'><strong>providentem</strong></span> <span class='ocrx_word' id='word_1_395' title='bbox 1615 4838 1666 4892; x_wconf 91' lang='lat' dir='ltr'><strong>in</strong></span> 
     </span>
    </p>
   </div>
   <div class='ocr_carea' id='block_1_51' title="bbox 109 4916 1667 4983">
    <p class='ocr_par' dir='ltr' id='par_1_51' title="bbox 109 4916 1667 4983">
     <span class='ocr_line' id='line_1_51' title="bbox 109 4916 1667 4983; baseline 0.019 -30"><span class='ocrx_word' id='word_1_396' title='bbox 109 4917 321 4961; x_wconf 82' lang='lat' dir='ltr'><strong>mentem</strong></span> <span class='ocrx_word' id='word_1_397' title='bbox 366 4922 598 4967; x_wconf 87' lang='lat' dir='ltr'><strong>nostram</strong></span> <span class='ocrx_word' id='word_1_398' title='bbox 644 4916 801 4970; x_wconf 87' lang='lat' dir='ltr'><strong>verba</strong></span> <span class='ocrx_word' id='word_1_399' title='bbox 846 4918 1072 4973; x_wconf 87' lang='lat' dir='ltr'><strong>misisse.</strong></span> <span class='ocrx_word' id='word_1_400' title='bbox 1107 4921 1161 4975; x_wconf 86' lang='lat' dir='ltr'><strong>Si</strong></span> <span class='ocrx_word' id='word_1_401' title='bbox 1193 4925 1332 4976; x_wconf 89' lang='lat' dir='ltr'><strong>enim</strong></span> <span class='ocrx_word' id='word_1_402' title='bbox 1362 4925 1482 4978; x_wconf 90' lang='lat' dir='ltr'><strong>talia</strong></span> <span class='ocrx_word' id='word_1_403' title='bbox 1510 4942 1667 4983; x_wconf 89' lang='lat' dir='ltr'><strong>ausos</strong></span> 
     </span>
    </p>
   </div>
   <div class='ocr_carea' id='block_1_52' title="bbox 105 4998 1664 5081">
    <p class='ocr_par' dir='ltr' id='par_1_52' title="bbox 105 4998 1664 5081">
     <span class='ocr_line' id='line_1_52' title="bbox 105 4998 1664 5081; baseline 0.017 -36"><span class='ocrx_word' id='word_1_404' title='bbox 105 4998 425 5060; x_wconf 88' lang='lat' dir='ltr'><strong>puuissemns</strong></span> <span class='ocrx_word' id='word_1_405' title='bbox 444 5042 457 5066; x_wconf 93' lang='lat'><strong>,</strong></span> <span class='ocrx_word' id='word_1_406' title='bbox 489 5019 590 5057; x_wconf 92' lang='lat' dir='ltr'><strong>non</strong></span> <span class='ocrx_word' id='word_1_407' title='bbox 617 5005 737 5058; x_wconf 87' lang='lat' dir='ltr'><strong>talia</strong></span> <span class='ocrx_word' id='word_1_408' title='bbox 766 5022 904 5060; x_wconf 90' lang='lat' dir='ltr'><strong>nunc</strong></span> <span class='ocrx_word' id='word_1_409' title='bbox 931 5009 1277 5075; x_wconf 89' lang='lat' dir='ltr'><strong>accidissent,</strong></span> <span class='ocrx_word' id='word_1_410' title='bbox 1309 5030 1426 5081; x_wconf 77' lang='lat' dir='ltr'><strong>quae</strong></span> <span class='ocrx_word' id='word_1_411' title='bbox 1453 5017 1664 5071; x_wconf 80' lang='lat' dir='ltr'><strong>accide-</strong></span> 
     </span>
    </p>
   </div>
   <div class='ocr_carea' id='block_1_53' title="bbox 102 5092 1660 5178">
    <p class='ocr_par' dir='ltr' id='par_1_53' title="bbox 102 5092 1660 5178">
     <span class='ocr_line' id='line_1_53' title="bbox 102 5092 1660 5178; baseline 0.016 -40"><span class='ocrx_word' id='word_1_412' title='bbox 102 5097 230 5141; x_wconf 89' lang='lat' dir='ltr'><strong>runt.</strong></span> <span class='ocrx_word' id='word_1_413' title='bbox 274 5092 484 5159; x_wconf 78' lang='lat' dir='ltr'><strong>Quanto</strong></span> <span class='ocrx_word' id='word_1_414' title='bbox 528 5097 714 5151; x_wconf 87' lang='lat' dir='ltr'><strong>melius</strong></span> <span class='ocrx_word' id='word_1_415' title='bbox 752 5108 901 5163; x_wconf 88' lang='lat' dir='ltr'><strong>erat,</strong></span> <span class='ocrx_word' id='word_1_416' title='bbox 933 5100 979 5155; x_wconf 89' lang='lat' dir='ltr'><strong>si</strong></span> <span class='ocrx_word' id='word_1_417' title='bbox 1024 5103 1304 5169; x_wconf 89' lang='lat' dir='ltr'><strong>periclitari</strong></span> <span class='ocrx_word' id='word_1_418' title='bbox 1344 5109 1660 5178; x_wconf 88' lang='lat' dir='ltr'><strong>oportebat,</strong></span> 
     </span>
    </p>
   </div>
   <div class='ocr_carea' id='block_1_54' title="bbox 100 5176 1656 5265">
    <p class='ocr_par' dir='ltr' id='par_1_54' title="bbox 100 5176 1656 5265">
     <span class='ocr_line' id='line_1_54' title="bbox 100 5176 1656 5265; baseline 0.015 -37"><span class='ocrx_word' id='word_1_419' title='bbox 100 5176 230 5246; x_wconf 87' lang='lat' dir='ltr'><strong>ipsos</strong></span> <span class='ocrx_word' id='word_1_420' title='bbox 270 5184 587 5255; x_wconf 86' lang='lat' dir='ltr'><strong>castigantes</strong></span> <span class='ocrx_word' id='word_1_421' title='bbox 629 5197 684 5241; x_wconf 90' lang='lat' dir='ltr'><strong>et</strong></span> <span class='ocrx_word' id='word_1_422' title='bbox 723 5190 1047 5259; x_wconf 83' lang='lat' dir='ltr'><strong>corrigentes</strong></span> <span class='ocrx_word' id='word_1_423' title='bbox 1097 5193 1294 5262; x_wconf 88' lang='lat' dir='ltr'><strong>aliquid</strong></span> <span class='ocrx_word' id='word_1_424' title='bbox 1339 5176 1656 5265; x_wconf 78' lang='lat' dir='ltr'><strong>pertulisse,</strong></span> 
     </span>
    </p>
   </div>
   <div class='ocr_carea' id='block_1_55' title="bbox 96 5269 1660 5353">
    <p class='ocr_par' dir='ltr' id='par_1_55' title="bbox 96 5269 1660 5353">
     <span class='ocr_line' id='line_1_55' title="bbox 96 5269 1660 5353; baseline 0.015 -34"><span class='ocrx_word' id='word_1_425' title='bbox 96 5269 224 5335; x_wconf 88' lang='lat' dir='ltr'><strong>quod</strong></span> <span class='ocrx_word' id='word_1_426' title='bbox 245 5280 297 5325; x_wconf 86' lang='lat' dir='ltr'><strong>et</strong></span> <span class='ocrx_word' id='word_1_427' title='bbox 316 5277 555 5346; x_wconf 84' lang='lat' dir='ltr'><strong>martyrii</strong></span> <span class='ocrx_word' id='word_1_428' title='bbox 579 5292 828 5332; x_wconf 85' lang='lat' dir='ltr'><strong>coronam</strong></span> <span class='ocrx_word' id='word_1_429' title='bbox 858 5281 1008 5335; x_wconf 90' lang='lat' dir='ltr'><strong>nobis</strong></span> <span class='ocrx_word' id='word_1_430' title='bbox 1031 5282 1311 5348; x_wconf 88' lang='lat' dir='ltr'><strong>attulisset,</strong></span> <span class='ocrx_word' id='word_1_431' title='bbox 1339 5300 1495 5353; x_wconf 89' lang='lat' dir='ltr'><strong>quam</strong></span> <span class='ocrx_word' id='word_1_432' title='bbox 1519 5302 1660 5344; x_wconf 91' lang='lat' dir='ltr'><strong>nunc</strong></span> 
     </span>
    </p>
   </div>
   <div class='ocr_carea' id='block_1_56' title="bbox 97 5356 1654 5440">
    <p class='ocr_par' dir='ltr' id='par_1_56' title="bbox 97 5356 1654 5440">
     <span class='ocr_line' id='line_1_56' title="bbox 97 5356 1654 5440; baseline 0.013 -30"><span class='ocrx_word' id='word_1_433' title='bbox 97 5356 367 5417; x_wconf 85' lang='lat' dir='ltr'><strong>formidare</strong></span> <span class='ocrx_word' id='word_1_434' title='bbox 397 5373 454 5419; x_wconf 88' lang='lat' dir='ltr'><strong>et</strong></span> <span class='ocrx_word' id='word_1_435' title='bbox 483 5375 738 5433; x_wconf 87' lang='lat' dir='ltr'><strong>tremere,</strong></span> <span class='ocrx_word' id='word_1_436' title='bbox 764 5379 817 5423; x_wconf 94' lang='lat' dir='ltr'><strong>et</strong></span> <span class='ocrx_word' id='word_1_437' title='bbox 845 5384 909 5424; x_wconf 81' lang='lat' dir='ltr'><strong>ex</strong></span> <span class='ocrx_word' id='word_1_438' title='bbox 950 5371 1156 5424; x_wconf 90' lang='lat' dir='ltr'><strong>illorum</strong></span> <span class='ocrx_word' id='word_1_439' title='bbox 1197 5372 1481 5440; x_wconf 85' lang='lat' dir='ltr'><strong>petulantia</strong></span> <span class='ocrx_word' id='word_1_440' title='bbox 1512 5391 1654 5430; x_wconf 69' lang='lat' dir='ltr'><strong>mor~</strong></span> 
     </span>
    </p>
   </div>
   <div class='ocr_carea' id='block_1_57' title="bbox 95 5454 1654 5530">
    <p class='ocr_par' dir='ltr' id='par_1_57' title="bbox 95 5454 1654 5530">
     <span class='ocr_line' id='line_1_57' title="bbox 95 5454 1654 5530; baseline 0.015 -31"><span class='ocrx_word' id='word_1_441' title='bbox 95 5454 188 5501; x_wconf 89' lang='lat' dir='ltr'><strong>tem</strong></span> <span class='ocrx_word' id='word_1_442' title='bbox 227 5456 572 5523; x_wconf 80' lang='lat' dir='ltr'><strong>exspectare?</strong></span> <span class='ocrx_word' id='word_1_443' title='bbox 617 5458 754 5512; x_wconf 82' lang='lat' dir='ltr'><strong>Ecce</strong></span> <span class='ocrx_word' id='word_1_444' title='bbox 789 5460 988 5514; x_wconf 86' lang='lat' dir='ltr'><strong>crimen</strong></span> <span class='ocrx_word' id='word_1_445' title='bbox 1028 5475 1058 5514; x_wconf 91' lang='lat' dir='ltr'><strong>a</strong></span> <span class='ocrx_word' id='word_1_446' title='bbox 1096 5462 1277 5530; x_wconf 89' lang='lat' dir='ltr'><strong>paucis</strong></span> <span class='ocrx_word' id='word_1_447' title='bbox 1314 5466 1654 5521; x_wconf 90' lang='lat' dir='ltr'><strong>commissum</strong></span> 
     </span>
    </p>
   </div>
   <div class='ocr_carea' id='block_1_58' title="bbox 96 5546 1655 5621">
    <p class='ocr_par' dir='ltr' id='par_1_58' title="bbox 96 5546 1655 5621">
     <span class='ocr_line' id='line_1_58' title="bbox 96 5546 1655 5621; baseline 0.013 -31"><span class='ocrx_word' id='word_1_448' title='bbox 96 5548 200 5605; x_wconf 85' lang='lat' dir='ltr'><strong>est,</strong></span> <span class='ocrx_word' id='word_1_449' title='bbox 223 5550 276 5597; x_wconf 91' lang='lat' dir='ltr'><strong>et</strong></span> <span class='ocrx_word' id='word_1_450' title='bbox 301 5546 457 5616; x_wconf 84' lang='lat' dir='ltr'><strong>culpa</strong></span> <span class='ocrx_word' id='word_1_451' title='bbox 495 5549 790 5603; x_wconf 87' lang='lat' dir='ltr'><strong>communis</strong></span> <span class='ocrx_word' id='word_1_452' title='bbox 816 5550 1039 5604; x_wconf 86' lang='lat' dir='ltr'><strong>efﬁcitur</strong></span> <span class='ocrx_word' id='word_1_453' title='bbox 1069 5569 1081 5604; x_wconf 90' lang='lat'><strong>:</strong></span> <span class='ocrx_word' id='word_1_454' title='bbox 1114 5566 1239 5606; x_wconf 91' lang='lat' dir='ltr'><strong>ecce</strong></span> <span class='ocrx_word' id='word_1_455' title='bbox 1284 5564 1500 5621; x_wconf 86' lang='lat' dir='ltr'><strong>propter</strong></span> <span class='ocrx_word' id='word_1_456' title='bbox 1537 5555 1655 5612; x_wconf 78' lang='lat' dir='ltr'><strong>illos</strong></span> 
     </span>
    </p>
   </div>
   <div class='ocr_carea' id='block_1_59' title="bbox 95 5639 1650 5714">
    <p class='ocr_par' dir='ltr' id='par_1_59' title="bbox 95 5639 1650 5714">
     <span class='ocr_line' id='line_1_59' title="bbox 95 5639 1650 5714; baseline 0.014 -35"><span class='ocrx_word' id='word_1_457' title='bbox 95 5642 218 5685; x_wconf 89' lang='lat' dir='ltr'><strong>nunc</strong></span> <span class='ocrx_word' id='word_1_458' title='bbox 242 5649 433 5691; x_wconf 88' lang='lat' dir='ltr'><strong>omnes</strong></span> <span class='ocrx_word' id='word_1_459' title='bbox 456 5639 802 5705; x_wconf 82' lang='lat' dir='ltr'><strong>pavescimus,</strong></span> <span class='ocrx_word' id='word_1_460' title='bbox 826 5648 880 5695; x_wconf 89' lang='lat' dir='ltr'><strong>et</strong></span> <span class='ocrx_word' id='word_1_461' title='bbox 899 5640 967 5694; x_wconf 87' lang='lat' dir='ltr'><strong>ab</strong></span> <span class='ocrx_word' id='word_1_462' title='bbox 989 5641 1090 5695; x_wconf 88' lang='lat' dir='ltr'><strong>illis</strong></span> <span class='ocrx_word' id='word_1_463' title='bbox 1120 5653 1442 5711; x_wconf 87' lang='lat' dir='ltr'><strong>patratorum</strong></span> <span class='ocrx_word' id='word_1_464' title='bbox 1467 5661 1650 5714; x_wconf 75' lang='lat' dir='ltr'><strong>ptenas</strong></span> 
     </span>
    </p>
   </div>
   <div class='ocr_carea' id='block_1_60' title="bbox 92 5715 1648 5805">
    <p class='ocr_par' dir='ltr' id='par_1_60' title="bbox 92 5715 1648 5805">
     <span class='ocr_line' id='line_1_60' title="bbox 92 5715 1648 5805; baseline 0.012 -31"><span class='ocrx_word' id='word_1_465' title='bbox 92 5715 179 5787; x_wconf 79' lang='lat' dir='ltr'><strong>ipsi</strong></span> <span class='ocrx_word' id='word_1_466' title='bbox 203 5727 542 5783; x_wconf 86' lang='lat' dir='ltr'><strong>sustinemus.</strong></span> <span class='ocrx_word' id='word_1_467' title='bbox 571 5728 629 5784; x_wconf 92' lang='lat' dir='ltr'><strong>Si</strong></span> <span class='ocrx_word' id='word_1_468' title='bbox 649 5739 823 5784; x_wconf 88' lang='lat' dir='ltr'><strong>autem</strong></span> <span class='ocrx_word' id='word_1_469' title='bbox 854 5732 1237 5801; x_wconf 74' lang='lat' dir='ltr'><strong>prmvenientes</strong></span> <span class='ocrx_word' id='word_1_470' title='bbox 1264 5734 1406 5805; x_wconf 89' lang='lat' dir='ltr'><strong>ipsos</strong></span> <span class='ocrx_word' id='word_1_471' title='bbox 1431 5750 1498 5790; x_wconf 77' lang='lat' dir='ltr'><strong>ex</strong></span> <span class='ocrx_word' id='word_1_472' title='bbox 1519 5735 1648 5792; x_wconf 83' lang='lat' dir='ltr'><strong>urbe</strong></span> 
     </span>
    </p>
   </div>
   <div class='ocr_carea' id='block_1_61' title="bbox 1862 481 3429 573">
    <p class='ocr_par' dir='ltr' id='par_1_61' title="bbox 1862 481 3429 573">
     <span class='ocr_line' id='line_1_61' title="bbox 1862 481 3429 573; baseline 0.022 -40"><span class='ocrx_word' id='word_1_473' title='bbox 1862 481 2251 549; x_wconf 81' lang='lat' dir='ltr'><strong>expulisscmus</strong></span> <span class='ocrx_word' id='word_1_474' title='bbox 2270 529 2286 555; x_wconf 92' lang='lat'><strong>,</strong></span> <span class='ocrx_word' id='word_1_475' title='bbox 2318 499 2373 543; x_wconf 91' lang='lat' dir='ltr'><strong>et</strong></span> <span class='ocrx_word' id='word_1_476' title='bbox 2400 494 2850 563; x_wconf 80' lang='lat' dir='ltr'><strong>correxissemus,</strong></span> <span class='ocrx_word' id='word_1_477' title='bbox 2882 511 2936 555; x_wconf 90' lang='lat' dir='ltr'><strong>et</strong></span> <span class='ocrx_word' id='word_1_478' title='bbox 2972 514 3226 573; x_wconf 70' lang='lat' dir='ltr'><strong>mgrotum</strong></span> <span class='ocrx_word' id='word_1_479' title='bbox 3254 523 3429 565; x_wconf 58' lang='lat' dir='ltr'><strong>curas.</strong></span> 
     </span>
    </p>
   </div>
   <div class='ocr_carea' id='block_1_62' title="bbox 1861 577 3426 668">
    <p class='ocr_par' dir='ltr' id='par_1_62' title="bbox 1861 577 3426 668">
     <span class='ocr_line' id='line_1_62' title="bbox 1861 577 3426 668; baseline 0.022 -46"><span class='ocrx_word' id='word_1_480' title='bbox 1861 584 2041 625; x_wconf 87' lang='lat' dir='ltr'><strong>scmus</strong></span> <span class='ocrx_word' id='word_1_481' title='bbox 2069 577 2365 632; x_wconf 83' lang='lat' dir='ltr'><strong>membrum</strong></span> <span class='ocrx_word' id='word_1_482' title='bbox 2388 623 2402 644; x_wconf 93' lang='lat'><strong>,</strong></span> <span class='ocrx_word' id='word_1_483' title='bbox 2436 599 2540 637; x_wconf 90' lang='lat' dir='ltr'><strong>non</strong></span> <span class='ocrx_word' id='word_1_484' title='bbox 2574 590 2819 652; x_wconf 83' lang='lat' dir='ltr'><strong>pr:eseuti</strong></span> <span class='ocrx_word' id='word_1_485' title='bbox 2864 598 3166 649; x_wconf 88' lang='lat' dir='ltr'><strong>teuereumr</strong></span> <span class='ocrx_word' id='word_1_486' title='bbox 3215 614 3426 668; x_wconf 87' lang='lat' dir='ltr'><strong>pavore.</strong></span> 
     </span>
    </p>
   </div>
   <div class='ocr_carea' id='block_1_63' title="bbox 1858 659 3425 762">
    <p class='ocr_par' dir='ltr' id='par_1_63' title="bbox 1858 659 3425 762">
     <span class='ocr_line' id='line_1_63' title="bbox 1858 659 3425 762; baseline 0.022 -49"><span class='ocrx_word' id='word_1_487' title='bbox 1858 659 1992 717; x_wconf 84' lang='lat' dir='ltr'><strong>Novi</strong></span> <span class='ocrx_word' id='word_1_488' title='bbox 2016 667 2240 722; x_wconf 87' lang='lat' dir='ltr'><strong>civitatis</strong></span> <span class='ocrx_word' id='word_1_489' title='bbox 2267 686 2443 726; x_wconf 87' lang='lat' dir='ltr'><strong>mores</strong></span> <span class='ocrx_word' id='word_1_490' title='bbox 2468 690 2497 727; x_wconf 91' lang='lat' dir='ltr'><strong>a</strong></span> <span class='ocrx_word' id='word_1_491' title='bbox 2527 677 2813 746; x_wconf 83' lang='lat' dir='ltr'><strong>majoribus</strong></span> <span class='ocrx_word' id='word_1_492' title='bbox 2844 682 3119 753; x_wconf 86' lang='lat' dir='ltr'><strong>liberales,</strong></span> <span class='ocrx_word' id='word_1_493' title='bbox 3148 692 3240 744; x_wconf 86' lang='lat' dir='ltr'><strong>sed</strong></span> <span class='ocrx_word' id='word_1_494' title='bbox 3270 708 3425 762; x_wconf 85' lang='lat' dir='ltr'><strong>pere-</strong></span> 
     </span>
    </p>
   </div>
   <div class='ocr_carea' id='block_1_64' title="bbox 1856 754 3422 851">
    <p class='ocr_par' dir='ltr' id='par_1_64' title="bbox 1856 754 3422 851">
     <span class='ocr_line' id='line_1_64' title="bbox 1856 754 3422 851; baseline 0.023 -48"><span class='ocrx_word' id='word_1_495' title='bbox 1856 754 1990 820; x_wconf 85' lang='lat' dir='ltr'><strong>grini</strong></span> <span class='ocrx_word' id='word_1_496' title='bbox 2019 756 2228 824; x_wconf 82' lang='lat' dir='ltr'><strong>quidam</strong></span> <span class='ocrx_word' id='word_1_497' title='bbox 2257 771 2310 814; x_wconf 88' lang='lat' dir='ltr'><strong>et</strong></span> <span class='ocrx_word' id='word_1_498' title='bbox 2337 766 2616 830; x_wconf 89' lang='lat' dir='ltr'><strong>promiscui</strong></span> <span class='ocrx_word' id='word_1_499' title='bbox 2645 768 2904 839; x_wconf 89' lang='lat' dir='ltr'><strong>homines,</strong></span> <span class='ocrx_word' id='word_1_500' title='bbox 2934 778 3140 833; x_wconf 90' lang='lat' dir='ltr'><strong>scelesti</strong></span> <span class='ocrx_word' id='word_1_501' title='bbox 3167 790 3220 835; x_wconf 89' lang='lat' dir='ltr'><strong>et</strong></span> <span class='ocrx_word' id='word_1_502' title='bbox 3251 786 3422 851; x_wconf 85' lang='lat' dir='ltr'><strong>perni-</strong></span> 
     </span>
    </p>
   </div>
   <div class='ocr_carea' id='block_1_65' title="bbox 1859 843 3422 944">
    <p class='ocr_par' dir='ltr' id='par_1_65' title="bbox 1859 843 3422 944">
     <span class='ocr_line' id='line_1_65' title="bbox 1859 843 3422 944; baseline 0.022 -50"><span class='ocrx_word' id='word_1_503' title='bbox 1859 843 2012 910; x_wconf 88' lang='lat' dir='ltr'><strong>ciosi,</strong></span> <span class='ocrx_word' id='word_1_504' title='bbox 2041 854 2094 901; x_wconf 90' lang='lat' dir='ltr'><strong>et</strong></span> <span class='ocrx_word' id='word_1_505' title='bbox 2120 848 2186 901; x_wconf 90' lang='lat' dir='ltr'><strong>de</strong></span> <span class='ocrx_word' id='word_1_506' title='bbox 2211 866 2301 903; x_wconf 86' lang='lat' dir='ltr'><strong>sua</strong></span> <span class='ocrx_word' id='word_1_507' title='bbox 2325 852 2668 923; x_wconf 73' lang='lat' dir='ltr'><strong>desperantes</strong></span> <span class='ocrx_word' id='word_1_508' title='bbox 2695 863 2883 926; x_wconf 84' lang='lat' dir='ltr'><strong>salute,</strong></span> <span class='ocrx_word' id='word_1_509' title='bbox 2911 868 3024 921; x_wconf 88' lang='lat' dir='ltr'><strong>ausi</strong></span> <span class='ocrx_word' id='word_1_510' title='bbox 3056 881 3177 923; x_wconf 89' lang='lat' dir='ltr'><strong>sunt</strong></span> <span class='ocrx_word' id='word_1_511' title='bbox 3202 888 3283 935; x_wconf 84' lang='lat' dir='ltr'><strong>ea,</strong></span> <span class='ocrx_word' id='word_1_512' title='bbox 3306 890 3422 944; x_wconf 76' lang='lat' dir='ltr'><strong>qua:</strong></span> 
     </span>
    </p>
   </div>
   <div class='ocr_carea' id='block_1_66' title="bbox 1854 941 3419 1018">
    <p class='ocr_par' dir='ltr' id='par_1_66' title="bbox 1854 941 3419 1018">
     <span class='ocr_line' id='line_1_66' title="bbox 1854 941 3419 1018; baseline 0.024 -36"><span class='ocrx_word' id='word_1_513' title='bbox 1854 941 2058 1000; x_wconf 86' lang='lat' dir='ltr'><strong>patrata</strong></span> <span class='ocrx_word' id='word_1_514' title='bbox 2102 948 2244 993; x_wconf 85' lang='lat' dir='ltr'><strong>sunt.</strong></span> <span class='ocrx_word' id='word_1_515' title='bbox 2287 941 2572 1013; x_wconf 87' lang='lat' dir='ltr'><strong>Propterea</strong></span> <span class='ocrx_word' id='word_1_516' title='bbox 2613 949 2847 1008; x_wconf 90' lang='lat' dir='ltr'><strong>clamare</strong></span> <span class='ocrx_word' id='word_1_517' title='bbox 2887 964 2941 1009; x_wconf 90' lang='lat' dir='ltr'><strong>et</strong></span> <span class='ocrx_word' id='word_1_518' title='bbox 2985 963 3268 1016; x_wconf 89' lang='lat' dir='ltr'><strong>contestari</strong></span> <span class='ocrx_word' id='word_1_519' title='bbox 3316 941 3419 1018; x_wconf 86' lang='lat' dir='ltr'><strong>non</strong></span> 
     </span>
    </p>
   </div>
   <div class='ocr_carea' id='block_1_67' title="bbox 1836 1026 3417 1125">
    <p class='ocr_par' dir='ltr' id='par_1_67' title="bbox 1836 1026 3417 1125">
     <span class='ocr_line' id='line_1_67' title="bbox 1836 1026 3417 1125; baseline 0.018 -44"><span class='ocrx_word' id='word_1_520' title='bbox 1836 1026 2029 1081; x_wconf 65' lang='lat' dir='ltr'><strong>.dcslili</strong></span> <span class='ocrx_word' id='word_1_521' title='bbox 2062 1047 2076 1082; x_wconf 92' lang='lat'><strong>:</strong></span> <span class='ocrx_word' id='word_1_522' title='bbox 2110 1030 2592 1103; x_wconf 86' lang='lat' dir='ltr'><strong>Blasphemantium</strong></span> <span class='ocrx_word' id='word_1_523' title='bbox 2637 1040 2868 1100; x_wconf 87' lang='lat' dir='ltr'><strong>furorem</strong></span> <span class='ocrx_word' id='word_1_524' title='bbox 2915 1051 3227 1121; x_wconf 88' lang='lat' dir='ltr'><strong>puniamus,</strong></span> <span class='ocrx_word' id='word_1_525' title='bbox 3280 1056 3417 1125; x_wconf 87' lang='lat' dir='ltr'><strong>ipso-</strong></span> 
     </span>
    </p>
   </div>
   <div class='ocr_carea' id='block_1_68' title="bbox 1853 1126 3413 1212">
    <p class='ocr_par' dir='ltr' id='par_1_68' title="bbox 1853 1126 3413 1212">
     <span class='ocr_line' id='line_1_68' title="bbox 1853 1126 3413 1212; baseline 0.021 -43"><span class='ocrx_word' id='word_1_526' title='bbox 1853 1132 1968 1170; x_wconf 91' lang='lat' dir='ltr'><strong>rum</strong></span> <span class='ocrx_word' id='word_1_527' title='bbox 1986 1130 2213 1175; x_wconf 89' lang='lat' dir='ltr'><strong>rnentem</strong></span> <span class='ocrx_word' id='word_1_528' title='bbox 2236 1126 2571 1197; x_wconf 82' lang='lat' dir='ltr'><strong>castigemus,</strong></span> <span class='ocrx_word' id='word_1_529' title='bbox 2596 1132 2828 1201; x_wconf 92' lang='lat' dir='ltr'><strong>ipsorum</strong></span> <span class='ocrx_word' id='word_1_530' title='bbox 2852 1139 3005 1193; x_wconf 88' lang='lat' dir='ltr'><strong>saluti</strong></span> <span class='ocrx_word' id='word_1_531' title='bbox 3027 1145 3413 1212; x_wconf 79' lang='lat' dir='ltr'><strong>provideamus;</strong></span> 
     </span>
    </p>
   </div>
   <div class='ocr_carea' id='block_1_69' title="bbox 1849 1208 3414 1301">
    <p class='ocr_par' dir='ltr' id='par_1_69' title="bbox 1849 1208 3414 1301">
     <span class='ocr_line' id='line_1_69' title="bbox 1849 1208 3414 1301; baseline 0.025 -43"><span class='ocrx_word' id='word_1_532' title='bbox 1849 1216 1902 1259; x_wconf 76' lang='lat' dir='ltr'><strong>et</strong></span> <span class='ocrx_word' id='word_1_533' title='bbox 1928 1208 1971 1261; x_wconf 91' lang='lat' dir='ltr'><strong>si</strong></span> <span class='ocrx_word' id='word_1_534' title='bbox 2003 1211 2102 1265; x_wconf 89' lang='lat' dir='ltr'><strong>hoc</strong></span> <span class='ocrx_word' id='word_1_535' title='bbox 2127 1212 2379 1273; x_wconf 88' lang='lat' dir='ltr'><strong>facientes</strong></span> <span class='ocrx_word' id='word_1_536' title='bbox 2410 1223 2544 1275; x_wconf 89' lang='lat' dir='ltr'><strong>mori</strong></span> <span class='ocrx_word' id='word_1_537' title='bbox 2572 1236 2833 1293; x_wconf 84' lang='lat' dir='ltr'><strong>Oporteat,</strong></span> <span class='ocrx_word' id='word_1_538' title='bbox 2862 1246 3104 1301; x_wconf 87' lang='lat' dir='ltr'><strong>maguum</strong></span> <span class='ocrx_word' id='word_1_539' title='bbox 3138 1238 3289 1292; x_wconf 89' lang='lat' dir='ltr'><strong>nobis</strong></span> <span class='ocrx_word' id='word_1_540' title='bbox 3317 1240 3414 1296; x_wconf 85' lang='lat' dir='ltr'><strong>hoc</strong></span> 
     </span>
    </p>
   </div>
   <div class='ocr_carea' id='block_1_70' title="bbox 1847 1298 3412 1388">
    <p class='ocr_par' dir='ltr' id='par_1_70' title="bbox 1847 1298 3412 1388">
     <span class='ocr_line' id='line_1_70' title="bbox 1847 1298 3412 1388; baseline 0.025 -38"><span class='ocrx_word' id='word_1_541' title='bbox 1847 1298 2031 1355; x_wconf 74' lang='lat' dir='ltr'><strong>afferet</strong></span> <span class='ocrx_word' id='word_1_542' title='bbox 2061 1303 2263 1361; x_wconf 89' lang='lat' dir='ltr'><strong>lucrum</strong></span> <span class='ocrx_word' id='word_1_543' title='bbox 2290 1325 2305 1362; x_wconf 89' lang='lat'><strong>:</strong></span> <span class='ocrx_word' id='word_1_544' title='bbox 2339 1326 2405 1364; x_wconf 91' lang='lat' dir='ltr'><strong>ne</strong></span> <span class='ocrx_word' id='word_1_545' title='bbox 2429 1327 2763 1373; x_wconf 90' lang='lat' dir='ltr'><strong>communem</strong></span> <span class='ocrx_word' id='word_1_546' title='bbox 2789 1321 3058 1379; x_wconf 89' lang='lat' dir='ltr'><strong>dominum</strong></span> <span class='ocrx_word' id='word_1_547' title='bbox 3079 1334 3412 1388; x_wconf 83' lang='lat' dir='ltr'><strong>contumeliis</strong></span> 
     </span>
    </p>
   </div>
   <div class='ocr_carea' id='block_1_71' title="bbox 1844 1390 3385 1491">
    <p class='ocr_par' dir='ltr' id='par_1_71' title="bbox 1844 1390 3385 1491">
     <span class='ocr_line' id='line_1_71' title="bbox 1844 1390 3385 1491; baseline 0.025 -49"><span class='ocrx_word' id='word_1_548' title='bbox 1844 1390 1982 1447; x_wconf 86' lang='lat' dir='ltr'><strong>afﬁci</strong></span> <span class='ocrx_word' id='word_1_549' title='bbox 2015 1397 2374 1470; x_wconf 86' lang='lat' dir='ltr'><strong>negligamus;</strong></span> <span class='ocrx_word' id='word_1_550' title='bbox 2401 1419 2646 1476; x_wconf 88' lang='lat' dir='ltr'><strong>magnum</strong></span> <span class='ocrx_word' id='word_1_551' title='bbox 2675 1411 2873 1469; x_wconf 87' lang='lat' dir='ltr'><strong>civitati</strong></span> <span class='ocrx_word' id='word_1_552' title='bbox 2902 1419 3097 1473; x_wconf 69' lang='lat' dir='ltr'><strong>nudum</strong></span> <span class='ocrx_word' id='word_1_553' title='bbox 3138 1424 3306 1491; x_wconf 90' lang='lat' dir='ltr'><strong>pariet</strong></span> <span class='ocrx_word' id='word_1_554' title='bbox 3334 1434 3385 1480; x_wconf 90' lang='lat' dir='ltr'><strong>ta</strong></span> 
     </span>
    </p>
   </div>
   <div class='ocr_carea' id='block_1_72' title="bbox 1843 1480 2271 1553">
    <p class='ocr_par' dir='ltr' id='par_1_72' title="bbox 1843 1480 2271 1553">
     <span class='ocr_line' id='line_1_72' title="bbox 1843 1480 2271 1553; baseline 0.023 -21"><span class='ocrx_word' id='word_1_555' title='bbox 1843 1480 1909 1533; x_wconf 87' lang='lat' dir='ltr'><strong>lia</strong></span> <span class='ocrx_word' id='word_1_556' title='bbox 1939 1483 2231 1553; x_wconf 86' lang='lat' dir='ltr'><strong>despicere.</strong></span> <span class='ocrx_word' id='word_1_557' title='bbox 2266 1540 2271 1551; x_wconf 82' lang='grc'>,</span> 
     </span>
    </p>
   </div>
   <div class='ocr_carea' id='block_1_73' title="bbox 1912 1576 3397 1668">
    <p class='ocr_par' dir='ltr' id='par_1_73' title="bbox 1912 1576 3397 1668">
     <span class='ocr_line' id='line_1_73' title="bbox 1912 1576 3397 1668; baseline 0.025 -43"><span class='ocrx_word' id='word_1_558' title='bbox 1912 1576 1964 1626; x_wconf 83' lang='grc'><strong>4.</strong></span> <span class='ocrx_word' id='word_1_559' title='bbox 2027 1576 2150 1632; x_wconf 70' lang='lat' dir='ltr'><strong>llarc</strong></span> <span class='ocrx_word' id='word_1_560' title='bbox 2196 1583 2587 1656; x_wconf 74' lang='lat' dir='ltr'><strong>przedicebam,</strong></span> <span class='ocrx_word' id='word_1_561' title='bbox 2635 1591 2750 1648; x_wconf 59' lang='lat' dir='ltr'><strong>haec</strong></span> <span class='ocrx_word' id='word_1_562' title='bbox 2791 1613 2930 1653; x_wconf 89' lang='lat' dir='ltr'><strong>nunc</strong></span> <span class='ocrx_word' id='word_1_563' title='bbox 2968 1603 3305 1668; x_wconf 82' lang='lat' dir='ltr'><strong>acciderunt,</strong></span> <span class='ocrx_word' id='word_1_564' title='bbox 3350 1621 3397 1665; x_wconf 86' lang='lat' dir='ltr'><strong>et</strong></span> 
     </span>
    </p>
   </div>
   <div class='ocr_carea' id='block_1_74' title="bbox 1842 1667 3402 1757">
    <p class='ocr_par' dir='ltr' id='par_1_74' title="bbox 1842 1667 3402 1757">
     <span class='ocr_line' id='line_1_74' title="bbox 1842 1667 3402 1757; baseline 0.026 -43"><span class='ocrx_word' id='word_1_565' title='bbox 1842 1667 2072 1732; x_wconf 90' lang='lat' dir='ltr'><strong>torporis</strong></span> <span class='ocrx_word' id='word_1_566' title='bbox 2110 1670 2255 1727; x_wconf 89' lang='lat' dir='ltr'><strong>illius</strong></span> <span class='ocrx_word' id='word_1_567' title='bbox 2296 1690 2482 1743; x_wconf 87' lang='lat' dir='ltr'><strong>poenas</strong></span> <span class='ocrx_word' id='word_1_568' title='bbox 2531 1684 2827 1749; x_wconf 91' lang='lat' dir='ltr'><strong>pendimus.</strong></span> <span class='ocrx_word' id='word_1_569' title='bbox 2874 1691 3039 1745; x_wconf 88' lang='lat' dir='ltr'><strong>Deum</strong></span> <span class='ocrx_word' id='word_1_570' title='bbox 3086 1701 3402 1757; x_wconf 81' lang='lat' dir='ltr'><strong>contumelia</strong></span> 
     </span>
    </p>
   </div>
   <div class='ocr_carea' id='block_1_75' title="bbox 1837 1751 3400 1853">
    <p class='ocr_par' dir='ltr' id='par_1_75' title="bbox 1837 1751 3400 1853">
     <span class='ocr_line' id='line_1_75' title="bbox 1837 1751 3400 1853; baseline 0.026 -50"><span class='ocrx_word' id='word_1_571' title='bbox 1837 1751 2083 1810; x_wconf 63' lang='lat' dir='ltr'><strong>allectum</strong></span> <span class='ocrx_word' id='word_1_572' title='bbox 2136 1759 2468 1832; x_wconf 75' lang='lat' dir='ltr'><strong>despexisti:</strong></span> <span class='ocrx_word' id='word_1_573' title='bbox 2514 1787 2638 1827; x_wconf 86' lang='lat' dir='ltr'><strong>ecce</strong></span> <span class='ocrx_word' id='word_1_574' title='bbox 2689 1779 2927 1844; x_wconf 86' lang='lat' dir='ltr'><strong>permisit</strong></span> <span class='ocrx_word' id='word_1_575' title='bbox 2985 1783 3356 1853; x_wconf 85' lang='lat' dir='ltr'><strong>Imperatorem</strong></span> <span class='ocrx_word' id='word_1_576' title='bbox 3386 1795 3400 1824; x_wconf 90' lang='grc'>¹</span> 
     </span>
    </p>
   </div>
   <div class='ocr_carea' id='block_1_76' title="bbox 1836 1848 3401 1937">
    <p class='ocr_par' dir='ltr' id='par_1_76' title="bbox 1836 1848 3401 1937">
     <span class='ocr_line' id='line_1_76' title="bbox 1836 1848 3401 1937; baseline 0.027 -45"><span class='ocrx_word' id='word_1_577' title='bbox 1836 1848 2153 1902; x_wconf 89' lang='lat' dir='ltr'><strong>contumelia</strong></span> <span class='ocrx_word' id='word_1_578' title='bbox 2180 1852 2317 1907; x_wconf 89' lang='lat' dir='ltr'><strong>afﬁci</strong></span> <span class='ocrx_word' id='word_1_579' title='bbox 2341 1894 2357 1922; x_wconf 89' lang='lat'><strong>,</strong></span> <span class='ocrx_word' id='word_1_580' title='bbox 2386 1867 2439 1911; x_wconf 92' lang='lat' dir='ltr'><strong>et</strong></span> <span class='ocrx_word' id='word_1_581' title='bbox 2466 1858 2532 1914; x_wconf 90' lang='lat' dir='ltr'><strong>de</strong></span> <span class='ocrx_word' id='word_1_582' title='bbox 2557 1866 2809 1920; x_wconf 78' lang='lat' dir='ltr'><strong>extremis</strong></span> <span class='ocrx_word' id='word_1_583' title='bbox 2830 1870 3120 1937; x_wconf 88' lang='lat' dir='ltr'><strong>periculum</strong></span> <span class='ocrx_word' id='word_1_584' title='bbox 3159 1881 3401 1935; x_wconf 84' lang='lat' dir='ltr'><strong>omnibus</strong></span> 
     </span>
    </p>
   </div>
   <div class='ocr_carea' id='block_1_77' title="bbox 1835 1931 3401 2039">
    <p class='ocr_par' dir='ltr' id='par_1_77' title="bbox 1835 1931 3401 2039">
     <span class='ocr_line' id='line_1_77' title="bbox 1835 1931 3401 2039; baseline 0.027 -54"><span class='ocrx_word' id='word_1_585' title='bbox 1835 1931 2159 2003; x_wconf 83' lang='lat' dir='ltr'><strong>impendere,</strong></span> <span class='ocrx_word' id='word_1_586' title='bbox 2191 1953 2245 1997; x_wconf 92' lang='lat' dir='ltr'><strong>ut</strong></span> <span class='ocrx_word' id='word_1_587' title='bbox 2272 1945 2322 1999; x_wconf 90' lang='lat' dir='ltr'><strong>in</strong></span> <span class='ocrx_word' id='word_1_588' title='bbox 2365 1949 2465 2004; x_wconf 88' lang='lat' dir='ltr'><strong>hoc</strong></span> <span class='ocrx_word' id='word_1_589' title='bbox 2495 1954 2682 2009; x_wconf 91' lang='lat' dir='ltr'><strong>timore</strong></span> <span class='ocrx_word' id='word_1_590' title='bbox 2704 1957 2843 2015; x_wconf 90' lang='lat' dir='ltr'><strong>illius</strong></span> <span class='ocrx_word' id='word_1_591' title='bbox 2864 1963 3192 2034; x_wconf 76' lang='lat' dir='ltr'><strong>negligentia:</strong></span> <span class='ocrx_word' id='word_1_592' title='bbox 3221 1987 3401 2039; x_wconf 66' lang='lat' dir='ltr'><strong>poenas</strong></span> 
     </span>
    </p>
   </div>
   <div class='ocr_carea' id='block_1_78' title="bbox 1831 2024 3400 2130">
    <p class='ocr_par' dir='ltr' id='par_1_78' title="bbox 1831 2024 3400 2130">
     <span class='ocr_line' id='line_1_78' title="bbox 1831 2024 3400 2130; baseline 0.026 -52"><span class='ocrx_word' id='word_1_593' title='bbox 1831 2024 2036 2083; x_wconf 86' lang='lat' dir='ltr'><strong>demus.</strong></span> <span class='ocrx_word' id='word_1_594' title='bbox 2065 2031 2201 2089; x_wconf 91' lang='lat' dir='ltr'><strong>Num</strong></span> <span class='ocrx_word' id='word_1_595' title='bbox 2234 2037 2392 2107; x_wconf 81' lang='lat' dir='ltr'><strong>igitur</strong></span> <span class='ocrx_word' id='word_1_596' title='bbox 2415 2042 2609 2100; x_wconf 91' lang='lat' dir='ltr'><strong>frustra</strong></span> <span class='ocrx_word' id='word_1_597' title='bbox 2630 2087 2644 2111; x_wconf 91' lang='lat'><strong>,</strong></span> <span class='ocrx_word' id='word_1_598' title='bbox 2669 2064 2793 2104; x_wconf 92' lang='lat' dir='ltr'><strong>num</strong></span> <span class='ocrx_word' id='word_1_599' title='bbox 2824 2060 3024 2111; x_wconf 88' lang='lat' dir='ltr'><strong>temere</strong></span> <span class='ocrx_word' id='word_1_600' title='bbox 3066 2057 3178 2114; x_wconf 77' lang='lat' dir='ltr'><strong>haec</strong></span> <span class='ocrx_word' id='word_1_601' title='bbox 3215 2064 3400 2130; x_wconf 73' lang='lat' dir='ltr'><strong>prmdi-</strong></span> 
     </span>
    </p>
   </div>
   <div class='ocr_carea' id='block_1_79' title="bbox 1829 2115 3394 2216">
    <p class='ocr_par' dir='ltr' id='par_1_79' title="bbox 1829 2115 3394 2216">
     <span class='ocr_line' id='line_1_79' title="bbox 1829 2115 3394 2216; baseline 0.025 -49"><span class='ocrx_word' id='word_1_602' title='bbox 1829 2115 2037 2183; x_wconf 83' lang='lat' dir='ltr'><strong>cebam,</strong></span> <span class='ocrx_word' id='word_1_603' title='bbox 2068 2129 2123 2176; x_wconf 86' lang='lat' dir='ltr'><strong>et</strong></span> <span class='ocrx_word' id='word_1_604' title='bbox 2147 2127 2359 2183; x_wconf 90' lang='lat' dir='ltr'><strong>assidue</strong></span> <span class='ocrx_word' id='word_1_605' title='bbox 2382 2138 3349 2216; x_wconf 63' lang='lat' dir='ltr'><strong>vestramcharitatemi:iterpellabam</strong></span> <span class='ocrx_word' id='word_1_606' title='bbox 3372 2155 3394 2206; x_wconf 88' lang='lat'><strong>?</strong></span> 
     </span>
    </p>
   </div>
   <div class='ocr_carea' id='block_1_80' title="bbox 1828 2206 3393 2307">
    <p class='ocr_par' dir='ltr' id='par_1_80' title="bbox 1828 2206 3393 2307">
     <span class='ocr_line' id='line_1_80' title="bbox 1828 2206 3393 2307; baseline 0.022 -49"><span class='ocrx_word' id='word_1_607' title='bbox 1828 2206 1931 2260; x_wconf 89' lang='lat' dir='ltr'><strong>Sed</strong></span> <span class='ocrx_word' id='word_1_608' title='bbox 1958 2218 2129 2265; x_wconf 91' lang='lat' dir='ltr'><strong>tamen</strong></span> <span class='ocrx_word' id='word_1_609' title='bbox 2163 2215 2292 2270; x_wconf 89' lang='lat' dir='ltr'><strong>nihil</strong></span> <span class='ocrx_word' id='word_1_610' title='bbox 2322 2221 2549 2289; x_wconf 90' lang='lat' dir='ltr'><strong>amplius</strong></span> <span class='ocrx_word' id='word_1_611' title='bbox 2586 2225 2776 2280; x_wconf 86' lang='lat' dir='ltr'><strong>factum</strong></span> <span class='ocrx_word' id='word_1_612' title='bbox 2804 2242 2923 2296; x_wconf 89' lang='lat' dir='ltr'><strong>est;</strong></span> <span class='ocrx_word' id='word_1_613' title='bbox 2955 2235 3047 2287; x_wconf 88' lang='lat' dir='ltr'><strong>sed</strong></span> <span class='ocrx_word' id='word_1_614' title='bbox 3094 2206 3182 2291; x_wconf 76' lang='lat' dir='ltr'><strong>iiat</strong></span> <span class='ocrx_word' id='word_1_615' title='bbox 3228 2257 3393 2307; x_wconf 75' lang='lat' dir='ltr'><strong>nunc,</strong></span> 
     </span>
    </p>
   </div>
   <div class='ocr_carea' id='block_1_81' title="bbox 1825 2305 3392 2387">
    <p class='ocr_par' dir='ltr' id='par_1_81' title="bbox 1825 2305 3392 2387">
     <span class='ocr_line' id='line_1_81' title="bbox 1825 2305 3392 2387; baseline 0.022 -35"><span class='ocrx_word' id='word_1_616' title='bbox 1825 2306 1881 2352; x_wconf 85' lang='lat' dir='ltr'><strong>et</strong></span> <span class='ocrx_word' id='word_1_617' title='bbox 1909 2313 1938 2352; x_wconf 91' lang='lat' dir='ltr'><strong>e</strong></span> <span class='ocrx_word' id='word_1_618' title='bbox 1966 2305 2215 2369; x_wconf 74' lang='lat' dir='ltr'><strong>prtcsenti</strong></span> <span class='ocrx_word' id='word_1_619' title='bbox 2243 2308 2547 2367; x_wconf 88' lang='lat' dir='ltr'><strong>calamitate</strong></span> <span class='ocrx_word' id='word_1_620' title='bbox 2575 2318 2813 2387; x_wconf 77' lang='lat' dir='ltr'><strong>cztstigati</strong></span> <span class='ocrx_word' id='word_1_621' title='bbox 2837 2362 2851 2387; x_wconf 93' lang='lat'><strong>,</strong></span> <span class='ocrx_word' id='word_1_622' title='bbox 2882 2321 3237 2383; x_wconf 87' lang='lat' dir='ltr'><strong>inordinatum</strong></span> <span class='ocrx_word' id='word_1_623' title='bbox 3280 2331 3392 2385; x_wconf 90' lang='lat' dir='ltr'><strong>illo-</strong></span> 
     </span>
    </p>
   </div>
   <div class='ocr_carea' id='block_1_82' title="bbox 1825 2391 3385 2489">
    <p class='ocr_par' dir='ltr' id='par_1_82' title="bbox 1825 2391 3385 2489">
     <span class='ocr_line' id='line_1_82' title="bbox 1825 2391 3385 2489; baseline 0.024 -48"><span class='ocrx_word' id='word_1_624' title='bbox 1825 2404 1940 2443; x_wconf 91' lang='lat' dir='ltr'><strong>rum</strong></span> <span class='ocrx_word' id='word_1_625' title='bbox 1969 2391 2201 2450; x_wconf 88' lang='lat' dir='ltr'><strong>furorem</strong></span> <span class='ocrx_word' id='word_1_626' title='bbox 2229 2399 2572 2459; x_wconf 88' lang='lat' dir='ltr'><strong>cohibeamus</strong></span> <span class='ocrx_word' id='word_1_627' title='bbox 2601 2425 2615 2462; x_wconf 89' lang='lat'><strong>:</strong></span> <span class='ocrx_word' id='word_1_628' title='bbox 2646 2408 2986 2467; x_wconf 88' lang='lat' dir='ltr'><strong>obstruamns</strong></span> <span class='ocrx_word' id='word_1_629' title='bbox 3019 2417 3247 2486; x_wconf 85' lang='lat' dir='ltr'><strong>ipsorum</strong></span> <span class='ocrx_word' id='word_1_630' title='bbox 3273 2440 3385 2489; x_wconf 86' lang='lat' dir='ltr'><strong>ora,</strong></span> 
     </span>
    </p>
   </div>
   <div class='ocr_carea' id='block_1_83' title="bbox 1824 2488 3389 2573">
    <p class='ocr_par' dir='ltr' id='par_1_83' title="bbox 1824 2488 3389 2573">
     <span class='ocr_line' id='line_1_83' title="bbox 1824 2488 3389 2573; baseline 0.023 -40"><span class='ocrx_word' id='word_1_631' title='bbox 1824 2488 2089 2552; x_wconf 85' lang='lat' dir='ltr'><strong>tamquam</strong></span> <span class='ocrx_word' id='word_1_632' title='bbox 2128 2489 2299 2546; x_wconf 88' lang='lat' dir='ltr'><strong>fontes</strong></span> <span class='ocrx_word' id='word_1_633' title='bbox 2327 2496 2630 2553; x_wconf 83' lang='lat' dir='ltr'><strong>ruortiferos</strong></span> <span class='ocrx_word' id='word_1_634' title='bbox 2667 2502 3041 2573; x_wconf 91' lang='lat' dir='ltr'><strong>occludamus,</strong></span> <span class='ocrx_word' id='word_1_635' title='bbox 3071 2518 3124 2563; x_wconf 91' lang='lat' dir='ltr'><strong>et</strong></span> <span class='ocrx_word' id='word_1_636' title='bbox 3166 2512 3216 2565; x_wconf 92' lang='lat' dir='ltr'><strong>in</strong></span> <span class='ocrx_word' id='word_1_637' title='bbox 3259 2530 3389 2568; x_wconf 82' lang='lat' dir='ltr'><strong>cou-</strong></span> 
     </span>
    </p>
   </div>
   <div class='ocr_carea' id='block_1_84' title="bbox 1820 2576 3387 2676">
    <p class='ocr_par' dir='ltr' id='par_1_84' title="bbox 1820 2576 3387 2676">
     <span class='ocr_line' id='line_1_84' title="bbox 1820 2576 3387 2676; baseline 0.024 -50"><span class='ocrx_word' id='word_1_638' title='bbox 1820 2576 2038 2632; x_wconf 88' lang='lat' dir='ltr'><strong>trarium</strong></span> <span class='ocrx_word' id='word_1_639' title='bbox 2078 2591 2364 2652; x_wconf 88' lang='lat' dir='ltr'><strong>mutemus,</strong></span> <span class='ocrx_word' id='word_1_640' title='bbox 2390 2598 2443 2641; x_wconf 91' lang='lat' dir='ltr'><strong>et</strong></span> <span class='ocrx_word' id='word_1_641' title='bbox 2474 2591 2687 2659; x_wconf 90' lang='lat' dir='ltr'><strong>penitus</strong></span> <span class='ocrx_word' id='word_1_642' title='bbox 2717 2610 3035 2653; x_wconf 85' lang='lat' dir='ltr'><strong>evanescent</strong></span> <span class='ocrx_word' id='word_1_643' title='bbox 3073 2603 3203 2656; x_wconf 88' lang='lat' dir='ltr'><strong>mala</strong></span> <span class='ocrx_word' id='word_1_644' title='bbox 3225 2646 3242 2671; x_wconf 88' lang='lat'><strong>,</strong></span> <span class='ocrx_word' id='word_1_645' title='bbox 3272 2623 3387 2676; x_wconf 78' lang='lat' dir='ltr'><strong>qua:</strong></span> 
     </span>
    </p>
   </div>
   <div class='ocr_carea' id='block_1_85' title="bbox 1816 2666 2650 2742">
    <p class='ocr_par' dir='ltr' id='par_1_85' title="bbox 1816 2666 2650 2742">
     <span class='ocr_line' id='line_1_85' title="bbox 1816 2666 2650 2742; baseline 0.019 -22"><span class='ocrx_word' id='word_1_646' title='bbox 1816 2666 2081 2722; x_wconf 88' lang='lat' dir='ltr'><strong>civitatem</strong></span> <span class='ocrx_word' id='word_1_647' title='bbox 2112 2677 2650 2742; x_wconf 87' lang='lat' dir='ltr'><strong>comprehenderunt.</strong></span> 
     </span>
    </p>
   </div>
   <div class='ocr_carea' id='block_1_86' title="bbox 1885 2756 3382 2844">
    <p class='ocr_par' dir='ltr' id='par_1_86' title="bbox 1885 2756 3382 2844">
     <span class='ocr_line' id='line_1_86' title="bbox 1885 2756 3382 2844; baseline 0.021 -33"><span class='ocrx_word' id='word_1_648' title='bbox 1885 2756 2267 2830; x_wconf 73' lang='lat' dir='ltr'><strong>Chrysostomus</strong></span> <span class='ocrx_word' id='word_1_649' title='bbox 2300 2769 2506 2836; x_wconf 81' lang='lat' dir='ltr'><strong>plausus</strong></span> <span class='ocrx_word' id='word_1_650' title='bbox 2543 2775 2703 2844; x_wconf 71' lang='lat' dir='ltr'><strong>rejici!</strong></span> <span class='ocrx_word' id='word_1_651' title='bbox 2740 2806 2808 2818; x_wconf 91' lang='lat'><strong>—</strong></span> <span class='ocrx_word' id='word_1_652' title='bbox 2835 2777 2946 2833; x_wconf 86' lang='lat' dir='ltr'><strong>Non</strong></span> <span class='ocrx_word' id='word_1_653' title='bbox 2989 2791 3070 2835; x_wconf 92' lang='lat' dir='ltr'><strong>est</strong></span> <span class='ocrx_word' id='word_1_654' title='bbox 3120 2783 3382 2842; x_wconf 82' lang='lat' dir='ltr'><strong>theatrum</strong></span> 
     </span>
    </p>
   </div>
   <div class='ocr_carea' id='block_1_87' title="bbox 1811 2850 3383 2945">
    <p class='ocr_par' dir='ltr' id='par_1_87' title="bbox 1811 2850 3383 2945">
     <span class='ocr_line' id='line_1_87' title="bbox 1811 2850 3383 2945; baseline 0.018 -43"><span class='ocrx_word' id='word_1_655' title='bbox 1811 2850 2078 2918; x_wconf 83' lang='lat' dir='ltr'><strong>ecclesia,</strong></span> <span class='ocrx_word' id='word_1_656' title='bbox 2108 2865 2165 2908; x_wconf 91' lang='lat' dir='ltr'><strong>ut</strong></span> <span class='ocrx_word' id='word_1_657' title='bbox 2213 2857 2278 2911; x_wconf 89' lang='lat' dir='ltr'><strong>ad</strong></span> <span class='ocrx_word' id='word_1_658' title='bbox 2331 2859 2732 2920; x_wconf 74' lang='lat' dir='ltr'><strong>delectationem</strong></span> <span class='ocrx_word' id='word_1_659' title='bbox 2786 2870 3062 2926; x_wconf 89' lang='lat' dir='ltr'><strong>audiamus</strong></span> <span class='ocrx_word' id='word_1_660' title='bbox 3113 2890 3128 2928; x_wconf 93' lang='lat'><strong>:</strong></span> <span class='ocrx_word' id='word_1_661' title='bbox 3175 2877 3383 2945; x_wconf 83' lang='lat' dir='ltr'><strong>adjutus</strong></span> 
     </span>
    </p>
   </div>
   <div class='ocr_carea' id='block_1_88' title="bbox 1810 2936 3379 3034">
    <p class='ocr_par' dir='ltr' id='par_1_88' title="bbox 1810 2936 3379 3034">
     <span class='ocr_line' id='line_1_88' title="bbox 1810 2936 3379 3034; baseline 0.021 -45"><span class='ocrx_word' id='word_1_662' title='bbox 1810 2936 1935 2993; x_wconf 88' lang='lat' dir='ltr'><strong>hinc</strong></span> <span class='ocrx_word' id='word_1_663' title='bbox 1962 2944 2211 3001; x_wconf 89' lang='lat' dir='ltr'><strong>recedere</strong></span> <span class='ocrx_word' id='word_1_664' title='bbox 2239 2960 2482 3016; x_wconf 89' lang='lat' dir='ltr'><strong>oportet,</strong></span> <span class='ocrx_word' id='word_1_665' title='bbox 2516 2952 2748 3012; x_wconf 89' lang='lat' dir='ltr'><strong>lucratos</strong></span> <span class='ocrx_word' id='word_1_666' title='bbox 2772 2960 3019 3027; x_wconf 89' lang='lat' dir='ltr'><strong>quiddam</strong></span> <span class='ocrx_word' id='word_1_667' title='bbox 3060 2936 3286 3034; x_wconf 74' lang='lat' dir='ltr'><strong>amplius</strong></span> <span class='ocrx_word' id='word_1_668' title='bbox 3328 2978 3379 3023; x_wconf 92' lang='lat' dir='ltr'><strong>et</strong></span> 
     </span>
    </p>
   </div>
   <div class='ocr_carea' id='block_1_89' title="bbox 1808 3037 3378 3121">
    <p class='ocr_par' dir='ltr' id='par_1_89' title="bbox 1808 3037 3378 3121">
     <span class='ocr_line' id='line_1_89' title="bbox 1808 3037 3378 3121; baseline 0.02 -39"><span class='ocrx_word' id='word_1_669' title='bbox 1808 3046 2077 3102; x_wconf 79' lang='lat' dir='ltr'><strong>magnum,</strong></span> <span class='ocrx_word' id='word_1_670' title='bbox 2107 3037 2184 3091; x_wconf 91' lang='lat' dir='ltr'><strong>sic</strong></span> <span class='ocrx_word' id='word_1_671' title='bbox 2214 3041 2467 3096; x_wconf 80' lang='lat' dir='ltr'><strong>recedere</strong></span> <span class='ocrx_word' id='word_1_672' title='bbox 2507 3047 2724 3116; x_wconf 83' lang='lat' dir='ltr'><strong>expedit</strong></span> <span class='ocrx_word' id='word_1_673' title='bbox 2752 3066 2764 3100; x_wconf 72' lang='grc' dir='ltr'><strong>ε</strong></span> <span class='ocrx_word' id='word_1_674' title='bbox 2798 3051 3058 3121; x_wconf 90' lang='lat' dir='ltr'><strong>siquidem</strong></span> <span class='ocrx_word' id='word_1_675' title='bbox 3089 3063 3288 3112; x_wconf 90' lang='lat' dir='ltr'><strong>temere</strong></span> <span class='ocrx_word' id='word_1_676' title='bbox 3326 3070 3378 3113; x_wconf 89' lang='lat' dir='ltr'><strong>et</strong></span> 
     </span>
    </p>
   </div>
   <div class='ocr_carea' id='block_1_90' title="bbox 1805 3120 3374 3208">
    <p class='ocr_par' dir='ltr' id='par_1_90' title="bbox 1805 3120 3374 3208">
     <span class='ocr_line' id='line_1_90' title="bbox 1805 3120 3374 3208; baseline 0.019 -34"><span class='ocrx_word' id='word_1_677' title='bbox 1805 3120 1999 3179; x_wconf 83' lang='lat' dir='ltr'><strong>fruSIra</strong></span> <span class='ocrx_word' id='word_1_678' title='bbox 2028 3131 2427 3194; x_wconf 84' lang='lat' dir='ltr'><strong>accesserimus,</strong></span> <span class='ocrx_word' id='word_1_679' title='bbox 2456 3135 2500 3189; x_wconf 89' lang='lat' dir='ltr'><strong>si</strong></span> <span class='ocrx_word' id='word_1_680' title='bbox 2525 3137 2589 3189; x_wconf 90' lang='lat' dir='ltr'><strong>ad</strong></span> <span class='ocrx_word' id='word_1_681' title='bbox 2617 3147 2824 3208; x_wconf 82' lang='lat' dir='ltr'><strong>tempus</strong></span> <span class='ocrx_word' id='word_1_682' title='bbox 2853 3120 3074 3198; x_wconf 88' lang='lat' dir='ltr'><strong>instituti</strong></span> <span class='ocrx_word' id='word_1_683' title='bbox 3116 3146 3374 3203; x_wconf 89' lang='lat' dir='ltr'><strong>dictorum</strong></span> 
     </span>
    </p>
   </div>
   <div class='ocr_carea' id='block_1_91' title="bbox 1802 3218 3372 3299">
    <p class='ocr_par' dir='ltr' id='par_1_91' title="bbox 1802 3218 3372 3299">
     <span class='ocr_line' id='line_1_91' title="bbox 1802 3218 3372 3299; baseline 0.019 -35"><span class='ocrx_word' id='word_1_684' title='bbox 1802 3225 1986 3283; x_wconf 84' lang='lat' dir='ltr'><strong>postea</strong></span> <span class='ocrx_word' id='word_1_685' title='bbox 2030 3218 2253 3274; x_wconf 89' lang='lat' dir='ltr'><strong>utilitate</strong></span> <span class='ocrx_word' id='word_1_686' title='bbox 2279 3224 2432 3277; x_wconf 90' lang='lat' dir='ltr'><strong>vacui</strong></span> <span class='ocrx_word' id='word_1_687' title='bbox 2471 3227 2804 3284; x_wconf 88' lang='lat' dir='ltr'><strong>recedamus.</strong></span> <span class='ocrx_word' id='word_1_688' title='bbox 2836 3232 2965 3299; x_wconf 57' lang='lat' dir='ltr'><strong>Qum</strong></span> <span class='ocrx_word' id='word_1_689' title='bbox 3011 3236 3140 3291; x_wconf 86' lang='lat' dir='ltr'><strong>mihi</strong></span> <span class='ocrx_word' id='word_1_690' title='bbox 3186 3239 3372 3294; x_wconf 92' lang='lat' dir='ltr'><strong>horum</strong></span> 
     </span>
    </p>
   </div>
   <div class='ocr_carea' id='block_1_92' title="bbox 1802 3304 3374 3389">
    <p class='ocr_par' dir='ltr' id='par_1_92' title="bbox 1802 3304 3374 3389">
     <span class='ocr_line' id='line_1_92' title="bbox 1802 3304 3374 3389; baseline 0.019 -31"><span class='ocrx_word' id='word_1_691' title='bbox 1802 3304 2078 3373; x_wconf 81' lang='lat' dir='ltr'><strong>plausuum</strong></span> <span class='ocrx_word' id='word_1_692' title='bbox 2097 3309 2463 3384; x_wconf 73' lang='lat' dir='ltr'><strong>utilitas?qua:</strong></span> <span class='ocrx_word' id='word_1_693' title='bbox 2490 3317 2699 3373; x_wconf 88' lang='lat' dir='ltr'><strong>laudum</strong></span> <span class='ocrx_word' id='word_1_694' title='bbox 2745 3333 2799 3376; x_wconf 90' lang='lat' dir='ltr'><strong>et</strong></span> <span class='ocrx_word' id='word_1_695' title='bbox 2837 3326 3199 3383; x_wconf 85' lang='lat' dir='ltr'><strong>tumultuum?</strong></span> <span class='ocrx_word' id='word_1_696' title='bbox 3239 3330 3374 3389; x_wconf 88' lang='lat' dir='ltr'><strong>Laus</strong></span> 
     </span>
    </p>
   </div>
   <div class='ocr_carea' id='block_1_93' title="bbox 1800 3406 3372 3486">
    <p class='ocr_par' dir='ltr' id='par_1_93' title="bbox 1800 3406 3372 3486">
     <span class='ocr_line' id='line_1_93' title="bbox 1800 3406 3372 3486; baseline 0.018 -37"><span class='ocrx_word' id='word_1_697' title='bbox 1800 3412 1915 3452; x_wconf 87' lang='lat' dir='ltr'><strong>mea</strong></span> <span class='ocrx_word' id='word_1_698' title='bbox 1948 3407 2064 3467; x_wconf 89' lang='lat' dir='ltr'><strong>est,</strong></span> <span class='ocrx_word' id='word_1_699' title='bbox 2093 3410 2148 3455; x_wconf 93' lang='lat' dir='ltr'><strong>ut</strong></span> <span class='ocrx_word' id='word_1_700' title='bbox 2173 3417 2268 3457; x_wconf 90' lang='lat' dir='ltr'><strong>vos</strong></span> <span class='ocrx_word' id='word_1_701' title='bbox 2295 3406 2468 3462; x_wconf 91' lang='lat' dir='ltr'><strong>omnia</strong></span> <span class='ocrx_word' id='word_1_702' title='bbox 2498 3424 2616 3478; x_wconf 74' lang='lat' dir='ltr'><strong>qua:</strong></span> <span class='ocrx_word' id='word_1_703' title='bbox 2641 3410 2891 3468; x_wconf 89' lang='lat' dir='ltr'><strong>dicuntur</strong></span> <span class='ocrx_word' id='word_1_704' title='bbox 2913 3456 2927 3480; x_wconf 89' lang='lat'><strong>,</strong></span> <span class='ocrx_word' id='word_1_705' title='bbox 2950 3418 3201 3486; x_wconf 91' lang='lat' dir='ltr'><strong>operibus</strong></span> <span class='ocrx_word' id='word_1_706' title='bbox 3225 3422 3372 3477; x_wconf 77' lang='lat' dir='ltr'><strong>exhi-</strong></span> 
     </span>
    </p>
   </div>
   <div class='ocr_carea' id='block_1_94' title="bbox 1795 3488 3369 3570">
    <p class='ocr_par' dir='ltr' id='par_1_94' title="bbox 1795 3488 3369 3570">
     <span class='ocr_line' id='line_1_94' title="bbox 1795 3488 3369 3570; baseline 0.017 -26"><span class='ocrx_word' id='word_1_707' title='bbox 1795 3488 1964 3545; x_wconf 89' lang='lat' dir='ltr'><strong>beatis</strong></span> <span class='ocrx_word' id='word_1_708' title='bbox 2013 3502 2185 3548; x_wconf 92' lang='lat' dir='ltr'><strong>:tuuc</strong></span> <span class='ocrx_word' id='word_1_709' title='bbox 2231 3510 2330 3565; x_wconf 84' lang='lat' dir='ltr'><strong>ego</strong></span> <span class='ocrx_word' id='word_1_710' title='bbox 2384 3498 2504 3553; x_wconf 80' lang='lat' dir='ltr'><strong>felix</strong></span> <span class='ocrx_word' id='word_1_711' title='bbox 2558 3500 2833 3560; x_wconf 88' lang='lat' dir='ltr'><strong>habendus</strong></span> <span class='ocrx_word' id='word_1_712' title='bbox 2874 3516 2927 3561; x_wconf 88' lang='lat' dir='ltr'><strong>et</strong></span> <span class='ocrx_word' id='word_1_713' title='bbox 2968 3510 3152 3566; x_wconf 88' lang='lat' dir='ltr'><strong>beatus</strong></span> <span class='ocrx_word' id='word_1_714' title='bbox 3200 3531 3214 3568; x_wconf 89' lang='lat'><strong>:</strong></span> <span class='ocrx_word' id='word_1_715' title='bbox 3265 3532 3369 3570; x_wconf 92' lang='lat' dir='ltr'><strong>non</strong></span> 
     </span>
    </p>
   </div>
   <div class='ocr_carea' id='block_1_95' title="bbox 1793 3581 3366 3669">
    <p class='ocr_par' dir='ltr' id='par_1_95' title="bbox 1793 3581 3366 3669">
     <span class='ocr_line' id='line_1_95' title="bbox 1793 3581 3366 3669; baseline 0.017 -36"><span class='ocrx_word' id='word_1_716' title='bbox 1793 3581 2005 3649; x_wconf 87' lang='lat' dir='ltr'><strong>quando</strong></span> <span class='ocrx_word' id='word_1_717' title='bbox 2031 3597 2149 3638; x_wconf 91' lang='lat' dir='ltr'><strong>cum</strong></span> <span class='ocrx_word' id='word_1_718' title='bbox 2186 3587 2442 3655; x_wconf 87' lang='lat' dir='ltr'><strong>applausu</strong></span> <span class='ocrx_word' id='word_1_719' title='bbox 2481 3596 2794 3662; x_wconf 86' lang='lat' dir='ltr'><strong>exceperitis</strong></span> <span class='ocrx_word' id='word_1_720' title='bbox 2814 3639 2828 3661; x_wconf 87' lang='lat'><strong>,</strong></span> <span class='ocrx_word' id='word_1_721' title='bbox 2858 3600 2951 3654; x_wconf 90' lang='lat' dir='ltr'><strong>sed</strong></span> <span class='ocrx_word' id='word_1_722' title='bbox 2984 3605 3195 3669; x_wconf 87' lang='lat' dir='ltr'><strong>quando</strong></span> <span class='ocrx_word' id='word_1_723' title='bbox 3225 3621 3258 3660; x_wconf 90' lang='grc' dir='ltr'><strong>ο</strong></span> <span class='ocrx_word' id='word_1_724' title='bbox 3282 3610 3366 3660; x_wconf 79' lang='grc' dir='ltr'><strong>ιιηί</strong></span> 
     </span>
    </p>
   </div>
   <div class='ocr_carea' id='block_1_96' title="bbox 1791 3673 3366 3755">
    <p class='ocr_par' dir='ltr' id='par_1_96' title="bbox 1791 3673 3366 3755">
     <span class='ocr_line' id='line_1_96' title="bbox 1791 3673 3366 3755; baseline 0.018 -32"><span class='ocrx_word' id='word_1_725' title='bbox 1791 3686 1912 3725; x_wconf 90' lang='lat' dir='ltr'><strong>cum</strong></span> <span class='ocrx_word' id='word_1_726' title='bbox 1955 3673 2230 3731; x_wconf 88' lang='lat' dir='ltr'><strong>alacritate</strong></span> <span class='ocrx_word' id='word_1_727' title='bbox 2259 3676 2493 3734; x_wconf 91' lang='lat' dir='ltr'><strong>feceritis</strong></span> <span class='ocrx_word' id='word_1_728' title='bbox 2523 3699 2870 3755; x_wconf 63' lang='lat' dir='ltr'><strong>quamcumque</strong></span> <span class='ocrx_word' id='word_1_729' title='bbox 2913 3705 2941 3742; x_wconf 92' lang='lat' dir='ltr'><strong>a</strong></span> <span class='ocrx_word' id='word_1_730' title='bbox 2991 3693 3141 3747; x_wconf 84' lang='lat' dir='ltr'><strong>nobis</strong></span> <span class='ocrx_word' id='word_1_731' title='bbox 3183 3697 3366 3751; x_wconf 86' lang='lat' dir='ltr'><strong>audie—</strong></span> 
     </span>
    </p>
   </div>
   <div class='ocr_carea' id='block_1_97' title="bbox 1788 3761 3363 3849">
    <p class='ocr_par' dir='ltr' id='par_1_97' title="bbox 1788 3761 3363 3849">
     <span class='ocr_line' id='line_1_97' title="bbox 1788 3761 3363 3849; baseline 0.017 -35"><span class='ocrx_word' id='word_1_732' title='bbox 1788 3761 1925 3815; x_wconf 89' lang='lat' dir='ltr'><strong>ritis.</strong></span> <span class='ocrx_word' id='word_1_733' title='bbox 1973 3762 2207 3835; x_wconf 86' lang='lat' dir='ltr'><strong>Quisque</strong></span> <span class='ocrx_word' id='word_1_734' title='bbox 2258 3771 2558 3838; x_wconf 85' lang='lat' dir='ltr'><strong>proximum</strong></span> <span class='ocrx_word' id='word_1_735' title='bbox 2608 3776 2883 3847; x_wconf 85' lang='lat' dir='ltr'><strong>corrigat:</strong></span> <span class='ocrx_word' id='word_1_736' title='bbox 2922 3779 3202 3849; x_wconf 58' lang='lat' dir='ltr'><strong>didi/ictae</strong></span> <span class='ocrx_word' id='word_1_737' title='bbox 3235 3790 3363 3840; x_wconf 80' lang='lat' dir='ltr'><strong>enim</strong></span> 
     </span>
    </p>
   </div>
   <div class='ocr_carea' id='block_1_98' title="bbox 1787 3851 3365 3938">
    <p class='ocr_par' dir='ltr' id='par_1_98' title="bbox 1787 3851 3365 3938">
     <span class='ocr_line' id='line_1_98' title="bbox 1787 3851 3365 3938; baseline 0.02 -35"><span class='ocrx_word' id='word_1_738' title='bbox 1787 3851 1916 3906; x_wconf 80' lang='lat' dir='ltr'><strong>alter</strong></span> <span class='ocrx_word' id='word_1_739' title='bbox 1960 3856 2172 3909; x_wconf 85' lang='lat' dir='ltr'><strong>alterum</strong></span> <span class='ocrx_word' id='word_1_740' title='bbox 2202 3857 2243 3930; x_wconf 88' lang='grc' dir='ltr'><strong>(Ι</strong></span> <span class='ocrx_word' id='word_1_741' title='bbox 2272 3860 2445 3915; x_wconf 83' lang='lat' dir='ltr'><strong>Thess.</strong></span> <span class='ocrx_word' id='word_1_742' title='bbox 2477 3864 2531 3918; x_wconf 82' lang='lat'><strong>5.</strong></span> <span class='ocrx_word' id='word_1_743' title='bbox 2567 3865 2678 3936; x_wconf 80' lang='lat' dir='ltr'><strong>il),</strong></span> <span class='ocrx_word' id='word_1_744' title='bbox 2700 3868 2885 3938; x_wconf 88' lang='lat' dir='ltr'><strong>inquit.</strong></span> <span class='ocrx_word' id='word_1_745' title='bbox 2918 3872 3029 3928; x_wconf 88' lang='lat' dir='ltr'><strong>Nisi</strong></span> <span class='ocrx_word' id='word_1_746' title='bbox 3073 3876 3212 3929; x_wconf 87' lang='lat' dir='ltr'><strong>enim</strong></span> <span class='ocrx_word' id='word_1_747' title='bbox 3263 3879 3365 3935; x_wconf 87' lang='lat' dir='ltr'><strong>hoc</strong></span> 
     </span>
    </p>
   </div>
   <div class='ocr_carea' id='block_1_99' title="bbox 1785 3942 3362 4025">
    <p class='ocr_par' dir='ltr' id='par_1_99' title="bbox 1785 3942 3362 4025">
     <span class='ocr_line' id='line_1_99' title="bbox 1785 3942 3362 4025; baseline 0.018 -29"><span class='ocrx_word' id='word_1_748' title='bbox 1785 3942 2076 4012; x_wconf 88' lang='lat' dir='ltr'><strong>faciamus,</strong></span> <span class='ocrx_word' id='word_1_749' title='bbox 2105 3963 2134 4001; x_wconf 88' lang='lat' dir='ltr'><strong>a</strong></span> <span class='ocrx_word' id='word_1_750' title='bbox 2178 3966 2512 4021; x_wconf 84' lang='lat' dir='ltr'><strong>quocumque</strong></span> <span class='ocrx_word' id='word_1_751' title='bbox 2544 3955 2831 4013; x_wconf 88' lang='lat' dir='ltr'><strong>admissum</strong></span> <span class='ocrx_word' id='word_1_752' title='bbox 2874 3963 3047 4015; x_wconf 85' lang='lat' dir='ltr'><strong>scelus</strong></span> <span class='ocrx_word' id='word_1_753' title='bbox 3083 3982 3362 4025; x_wconf 84' lang='lat' dir='ltr'><strong>commune</strong></span> 
     </span>
    </p>
   </div>
   <div class='ocr_carea' id='block_1_100' title="bbox 1788 4033 3362 4116">
    <p class='ocr_par' dir='ltr' id='par_1_100' title="bbox 1788 4033 3362 4116">
     <span class='ocr_line' id='line_1_100' title="bbox 1788 4033 3362 4116; baseline 0.02 -32"><span class='ocrx_word' id='word_1_754' title='bbox 1788 4033 2050 4101; x_wconf 88' lang='lat' dir='ltr'><strong>quoddam</strong></span> <span class='ocrx_word' id='word_1_755' title='bbox 2075 4047 2129 4090; x_wconf 90' lang='lat' dir='ltr'><strong>et</strong></span> <span class='ocrx_word' id='word_1_756' title='bbox 2152 4039 2483 4097; x_wconf 87' lang='lat' dir='ltr'><strong>intolerabile</strong></span> <span class='ocrx_word' id='word_1_757' title='bbox 2507 4044 2757 4101; x_wconf 86' lang='lat' dir='ltr'><strong>damnum</strong></span> <span class='ocrx_word' id='word_1_758' title='bbox 2779 4050 2974 4106; x_wconf 86' lang='lat' dir='ltr'><strong>civitati</strong></span> <span class='ocrx_word' id='word_1_759' title='bbox 2995 4054 3199 4110; x_wconf 81' lang='lat' dir='ltr'><strong>afferet.</strong></span> <span class='ocrx_word' id='word_1_760' title='bbox 3225 4059 3362 4116; x_wconf 85' lang='lat' dir='ltr'><strong>Ecce</strong></span> 
     </span>
    </p>
   </div>
   <div class='ocr_carea' id='block_1_101' title="bbox 1783 4124 3360 4218">
    <p class='ocr_par' dir='ltr' id='par_1_101' title="bbox 1783 4124 3360 4218">
     <span class='ocr_line' id='line_1_101' title="bbox 1783 4124 3360 4218; baseline 0.02 -41"><span class='ocrx_word' id='word_1_761' title='bbox 1783 4124 1981 4181; x_wconf 90' lang='lat' dir='ltr'><strong>nullius</strong></span> <span class='ocrx_word' id='word_1_762' title='bbox 2010 4131 2207 4184; x_wconf 92' lang='lat' dir='ltr'><strong>conscii</strong></span> <span class='ocrx_word' id='word_1_763' title='bbox 2237 4147 2341 4185; x_wconf 92' lang='lat' dir='ltr'><strong>non</strong></span> <span class='ocrx_word' id='word_1_764' title='bbox 2388 4136 2562 4189; x_wconf 91' lang='lat' dir='ltr'><strong>minus</strong></span> <span class='ocrx_word' id='word_1_765' title='bbox 2590 4138 2674 4206; x_wconf 91' lang='lat' dir='ltr'><strong>iis,</strong></span> <span class='ocrx_word' id='word_1_766' title='bbox 2706 4143 2794 4210; x_wconf 91' lang='lat' dir='ltr'><strong>qui</strong></span> <span class='ocrx_word' id='word_1_767' title='bbox 2836 4158 3221 4218; x_wconf 86' lang='lat' dir='ltr'><strong>peccaverunt,</strong></span> <span class='ocrx_word' id='word_1_768' title='bbox 3255 4164 3360 4209; x_wconf 88' lang='lat' dir='ltr'><strong>ter-</strong></span> 
     </span>
    </p>
   </div>
   <div class='ocr_carea' id='block_1_102' title="bbox 1782 4216 3356 4313">
    <p class='ocr_par' dir='ltr' id='par_1_102' title="bbox 1782 4216 3356 4313">
     <span class='ocr_line' id='line_1_102' title="bbox 1782 4216 3356 4313; baseline 0.022 -44"><span class='ocrx_word' id='word_1_769' title='bbox 1782 4216 1869 4270; x_wconf 90' lang='lat' dir='ltr'><strong>riti</strong></span> <span class='ocrx_word' id='word_1_770' title='bbox 1895 4232 2080 4276; x_wconf 89' lang='lat' dir='ltr'><strong>sumus</strong></span> <span class='ocrx_word' id='word_1_771' title='bbox 2106 4231 2159 4276; x_wconf 89' lang='lat' dir='ltr'><strong>et</strong></span> <span class='ocrx_word' id='word_1_772' title='bbox 2184 4228 2665 4296; x_wconf 85' lang='lat' dir='ltr'><strong>contremiscimus,</strong></span> <span class='ocrx_word' id='word_1_773' title='bbox 2695 4250 2764 4289; x_wconf 90' lang='lat' dir='ltr'><strong>ne</strong></span> <span class='ocrx_word' id='word_1_774' title='bbox 2787 4250 2978 4293; x_wconf 90' lang='lat' dir='ltr'><strong>omnes</strong></span> <span class='ocrx_word' id='word_1_775' title='bbox 3016 4241 3356 4313; x_wconf 84' lang='lat' dir='ltr'><strong>Imperatoris</strong></span> 
     </span>
    </p>
   </div>
   <div class='ocr_carea' id='block_1_103' title="bbox 1782 4311 3356 4397">
    <p class='ocr_par' dir='ltr' id='par_1_103' title="bbox 1782 4311 3356 4397">
     <span class='ocr_line' id='line_1_103' title="bbox 1782 4311 3356 4397; baseline 0.02 -33"><span class='ocrx_word' id='word_1_776' title='bbox 1782 4311 1859 4365; x_wconf 90' lang='lat' dir='ltr'><strong>ira</strong></span> <span class='ocrx_word' id='word_1_777' title='bbox 1887 4314 2158 4383; x_wconf 88' lang='lat' dir='ltr'><strong>corripiat.</strong></span> <span class='ocrx_word' id='word_1_778' title='bbox 2181 4316 2289 4373; x_wconf 90' lang='lat' dir='ltr'><strong>Nec</strong></span> <span class='ocrx_word' id='word_1_779' title='bbox 2317 4320 2458 4375; x_wconf 90' lang='lat' dir='ltr'><strong>enim</strong></span> <span class='ocrx_word' id='word_1_780' title='bbox 2485 4323 2536 4377; x_wconf 93' lang='lat' dir='ltr'><strong>in</strong></span> <span class='ocrx_word' id='word_1_781' title='bbox 2563 4330 2959 4385; x_wconf 77' lang='lat' dir='ltr'><strong>excusationem</strong></span> <span class='ocrx_word' id='word_1_782' title='bbox 2990 4335 3143 4390; x_wconf 90' lang='lat' dir='ltr'><strong>nobis</strong></span> <span class='ocrx_word' id='word_1_783' title='bbox 3177 4338 3356 4397; x_wconf 90' lang='lat' dir='ltr'><strong>dicere</strong></span> 
     </span>
    </p>
   </div>
   <div class='ocr_carea' id='block_1_104' title="bbox 1779 4402 3354 4489">
    <p class='ocr_par' dir='ltr' id='par_1_104' title="bbox 1779 4402 3354 4489">
     <span class='ocr_line' id='line_1_104' title="bbox 1779 4402 3354 4489; baseline 0.021 -35"><span class='ocrx_word' id='word_1_784' title='bbox 1779 4402 2013 4459; x_wconf 86' lang='lat' dir='ltr'><strong>sufﬁcit:</strong></span> <span class='ocrx_word' id='word_1_785' title='bbox 2036 4406 2150 4461; x_wconf 87' lang='lat' dir='ltr'><strong>Non</strong></span> <span class='ocrx_word' id='word_1_786' title='bbox 2173 4409 2409 4479; x_wconf 89' lang='lat' dir='ltr'><strong>aderam,</strong></span> <span class='ocrx_word' id='word_1_787' title='bbox 2438 4430 2542 4468; x_wconf 92' lang='lat' dir='ltr'><strong>non</strong></span> <span class='ocrx_word' id='word_1_788' title='bbox 2565 4419 2807 4473; x_wconf 92' lang='lat' dir='ltr'><strong>conscius</strong></span> <span class='ocrx_word' id='word_1_789' title='bbox 2828 4437 2971 4476; x_wconf 89' lang='lat' dir='ltr'><strong>eram</strong></span> <span class='ocrx_word' id='word_1_790' title='bbox 2990 4465 3004 4489; x_wconf 95' lang='lat'><strong>,</strong></span> <span class='ocrx_word' id='word_1_791' title='bbox 3025 4443 3128 4481; x_wconf 87' lang='lat' dir='ltr'><strong>non</strong></span> <span class='ocrx_word' id='word_1_792' title='bbox 3156 4427 3354 4487; x_wconf 81' lang='lat' dir='ltr'><strong>facino-</strong></span> 
     </span>
    </p>
   </div>
   <div class='ocr_carea' id='block_1_105' title="bbox 1779 4503 3353 4589">
    <p class='ocr_par' dir='ltr' id='par_1_105' title="bbox 1779 4503 3353 4589">
     <span class='ocr_line' id='line_1_105' title="bbox 1779 4503 3353 4589; baseline 0.022 -41"><span class='ocrx_word' id='word_1_793' title='bbox 1779 4510 1895 4549; x_wconf 91' lang='lat' dir='ltr'><strong>rum</strong></span> <span class='ocrx_word' id='word_1_794' title='bbox 1943 4513 2163 4555; x_wconf 90' lang='lat' dir='ltr'><strong>consors</strong></span> <span class='ocrx_word' id='word_1_795' title='bbox 2211 4503 2300 4557; x_wconf 82' lang='lat' dir='ltr'><strong>t&#39;ui.</strong></span> <span class='ocrx_word' id='word_1_796' title='bbox 2327 4504 2407 4560; x_wconf 87' lang='lat' dir='ltr'><strong>Ob</strong></span> <span class='ocrx_word' id='word_1_797' title='bbox 2439 4508 2540 4564; x_wconf 89' lang='lat' dir='ltr'><strong>hoc</strong></span> <span class='ocrx_word' id='word_1_798' title='bbox 2569 4510 2743 4580; x_wconf 80' lang='lat' dir='ltr'><strong>igitur,</strong></span> <span class='ocrx_word' id='word_1_799' title='bbox 2777 4514 2973 4584; x_wconf 89' lang='lat' dir='ltr'><strong>inquit,</strong></span> <span class='ocrx_word' id='word_1_800' title='bbox 2997 4523 3232 4588; x_wconf 80' lang='lat' dir='ltr'><strong>puuieris</strong></span> <span class='ocrx_word' id='word_1_801' title='bbox 3252 4566 3267 4589; x_wconf 93' lang='lat'><strong>,</strong></span> <span class='ocrx_word' id='word_1_802' title='bbox 3297 4540 3353 4582; x_wconf 90' lang='lat' dir='ltr'><strong>et</strong></span> 
     </span>
    </p>
   </div>
   <div class='ocr_carea' id='block_1_106' title="bbox 1780 4588 3350 4684">
    <p class='ocr_par' dir='ltr' id='par_1_106' title="bbox 1780 4588 3350 4684">
     <span class='ocr_line' id='line_1_106' title="bbox 1780 4588 3350 4684; baseline 0.02 -43"><span class='ocrx_word' id='word_1_803' title='bbox 1780 4588 2015 4644; x_wconf 87' lang='lat' dir='ltr'><strong>ultimam</strong></span> <span class='ocrx_word' id='word_1_804' title='bbox 2039 4593 2237 4661; x_wconf 89' lang='lat' dir='ltr'><strong>pendes</strong></span> <span class='ocrx_word' id='word_1_805' title='bbox 2264 4610 2494 4664; x_wconf 80' lang='lat' dir='ltr'><strong>pteuam,</strong></span> <span class='ocrx_word' id='word_1_806' title='bbox 2522 4602 2644 4669; x_wconf 89' lang='lat' dir='ltr'><strong>quia</strong></span> <span class='ocrx_word' id='word_1_807' title='bbox 2677 4619 2780 4657; x_wconf 92' lang='lat' dir='ltr'><strong>non</strong></span> <span class='ocrx_word' id='word_1_808' title='bbox 2817 4605 3059 4674; x_wconf 84' lang='lat' dir='ltr'><strong>adfuisti,</strong></span> <span class='ocrx_word' id='word_1_809' title='bbox 3098 4628 3195 4667; x_wconf 90' lang='lat' dir='ltr'><strong>nec</strong></span> <span class='ocrx_word' id='word_1_810' title='bbox 3229 4631 3350 4684; x_wconf 88' lang='lat' dir='ltr'><strong>pro-</strong></span> 
     </span>
    </p>
   </div>
   <div class='ocr_carea' id='block_1_107' title="bbox 1775 4679 3344 4774">
    <p class='ocr_par' dir='ltr' id='par_1_107' title="bbox 1775 4679 3344 4774">
     <span class='ocr_line' id='line_1_107' title="bbox 1775 4679 3344 4774; baseline 0.018 -42"><span class='ocrx_word' id='word_1_811' title='bbox 1775 4679 2022 4747; x_wconf 76' lang='lat' dir='ltr'><strong>tribuisti,</strong></span> <span class='ocrx_word' id='word_1_812' title='bbox 2046 4700 2150 4737; x_wconf 91' lang='lat' dir='ltr'><strong>non</strong></span> <span class='ocrx_word' id='word_1_813' title='bbox 2179 4686 2463 4742; x_wconf 91' lang='lat' dir='ltr'><strong>cohibuisti</strong></span> <span class='ocrx_word' id='word_1_814' title='bbox 2494 4692 2901 4760; x_wconf 88' lang='lat' dir='ltr'><strong>tumultuantes,</strong></span> <span class='ocrx_word' id='word_1_815' title='bbox 2927 4713 3026 4753; x_wconf 90' lang='lat' dir='ltr'><strong>nec</strong></span> <span class='ocrx_word' id='word_1_816' title='bbox 3050 4717 3145 4769; x_wconf 87' lang='lat' dir='ltr'><strong>pro</strong></span> <span class='ocrx_word' id='word_1_817' title='bbox 3173 4679 3344 4774; x_wconf 80' lang='lat' dir='ltr'><strong>Impe-</strong></span> 
     </span>
    </p>
   </div>
   <div class='ocr_carea' id='block_1_108' title="bbox 1775 4775 3351 4864">
    <p class='ocr_par' dir='ltr' id='par_1_108' title="bbox 1775 4775 3351 4864">
     <span class='ocr_line' id='line_1_108' title="bbox 1775 4775 3351 4864; baseline 0.018 -39"><span class='ocrx_word' id='word_1_818' title='bbox 1775 4775 1967 4827; x_wconf 92' lang='lat' dir='ltr'><strong>ratoris</strong></span> <span class='ocrx_word' id='word_1_819' title='bbox 1992 4777 2195 4832; x_wconf 86' lang='lat' dir='ltr'><strong>honore</strong></span> <span class='ocrx_word' id='word_1_820' title='bbox 2220 4780 2546 4847; x_wconf 90' lang='lat' dir='ltr'><strong>periclitatus</strong></span> <span class='ocrx_word' id='word_1_821' title='bbox 2589 4798 2669 4838; x_wconf 93' lang='lat' dir='ltr'><strong>es.</strong></span> <span class='ocrx_word' id='word_1_822' title='bbox 2712 4784 2829 4839; x_wconf 90' lang='lat' dir='ltr'><strong>Non</strong></span> <span class='ocrx_word' id='word_1_823' title='bbox 2877 4793 3098 4856; x_wconf 87' lang='lat' dir='ltr'><strong>patratis</strong></span> <span class='ocrx_word' id='word_1_824' title='bbox 3134 4797 3351 4864; x_wconf 88' lang='lat' dir='ltr'><strong>partici-</strong></span> 
     </span>
    </p>
   </div>
   <div class='ocr_carea' id='block_1_109' title="bbox 1772 4866 3347 4955">
    <p class='ocr_par' dir='ltr' id='par_1_109' title="bbox 1772 4866 3347 4955">
     <span class='ocr_line' id='line_1_109' title="bbox 1772 4866 3347 4955; baseline 0.017 -39"><span class='ocrx_word' id='word_1_825' title='bbox 1772 4866 1947 4932; x_wconf 89' lang='lat' dir='ltr'><strong>pasti?</strong></span> <span class='ocrx_word' id='word_1_826' title='bbox 1969 4867 2125 4920; x_wconf 88' lang='lat' dir='ltr'><strong>laudo</strong></span> <span class='ocrx_word' id='word_1_827' title='bbox 2154 4867 2255 4924; x_wconf 89' lang='lat' dir='ltr'><strong>hoc</strong></span> <span class='ocrx_word' id='word_1_828' title='bbox 2285 4878 2339 4924; x_wconf 90' lang='lat' dir='ltr'><strong>et</strong></span> <span class='ocrx_word' id='word_1_829' title='bbox 2363 4883 2620 4942; x_wconf 89' lang='lat' dir='ltr'><strong>accepto;</strong></span> <span class='ocrx_word' id='word_1_830' title='bbox 2649 4876 2744 4931; x_wconf 90' lang='lat' dir='ltr'><strong>sed</strong></span> <span class='ocrx_word' id='word_1_831' title='bbox 2770 4893 2942 4946; x_wconf 89' lang='lat' dir='ltr'><strong>neque</strong></span> <span class='ocrx_word' id='word_1_832' title='bbox 2987 4880 3121 4936; x_wconf 85' lang='lat' dir='ltr'><strong>facta</strong></span> <span class='ocrx_word' id='word_1_833' title='bbox 3162 4887 3347 4955; x_wconf 89' lang='lat' dir='ltr'><strong>prohi-</strong></span> 
     </span>
    </p>
   </div>
   <div class='ocr_carea' id='block_1_110' title="bbox 1773 4956 3345 5035">
    <p class='ocr_par' dir='ltr' id='par_1_110' title="bbox 1773 4956 3345 5035">
     <span class='ocr_line' id='line_1_110' title="bbox 1773 4956 3345 5035; baseline 0.017 -26"><span class='ocrx_word' id='word_1_834' title='bbox 1773 4956 1967 5023; x_wconf 88' lang='lat' dir='ltr'><strong>buisti;</strong></span> <span class='ocrx_word' id='word_1_835' title='bbox 1996 4958 2098 5013; x_wconf 88' lang='lat' dir='ltr'><strong>hoc</strong></span> <span class='ocrx_word' id='word_1_836' title='bbox 2124 4962 2463 5018; x_wconf 85' lang='lat' dir='ltr'><strong>accusatione</strong></span> <span class='ocrx_word' id='word_1_837' title='bbox 2485 4964 2724 5034; x_wconf 84' lang='lat' dir='ltr'><strong>dignum.</strong></span> <span class='ocrx_word' id='word_1_838' title='bbox 2766 4967 2891 5021; x_wconf 76' lang='lat' dir='ltr'><strong>lla-.c</strong></span> <span class='ocrx_word' id='word_1_839' title='bbox 2919 4978 2973 5023; x_wconf 92' lang='lat' dir='ltr'><strong>et</strong></span> <span class='ocrx_word' id='word_1_840' title='bbox 3006 4985 3035 5023; x_wconf 92' lang='lat' dir='ltr'><strong>a</strong></span> <span class='ocrx_word' id='word_1_841' title='bbox 3058 4971 3164 5027; x_wconf 83' lang='lat' dir='ltr'><strong>Deo</strong></span> <span class='ocrx_word' id='word_1_842' title='bbox 3189 4978 3345 5035; x_wconf 88' lang='lat' dir='ltr'><strong>verba</strong></span> 
     </span>
    </p>
   </div>
   <div class='ocr_carea' id='block_1_111' title="bbox 1769 5045 3341 5135">
    <p class='ocr_par' dir='ltr' id='par_1_111' title="bbox 1769 5045 3341 5135">
     <span class='ocr_line' id='line_1_111' title="bbox 1769 5045 3341 5135; baseline 0.014 -36"><span class='ocrx_word' id='word_1_843' title='bbox 1769 5045 2048 5103; x_wconf 86' lang='lat' dir='ltr'><strong>audiemus</strong></span> <span class='ocrx_word' id='word_1_844' title='bbox 2067 5090 2080 5114; x_wconf 92' lang='lat'><strong>,</strong></span> <span class='ocrx_word' id='word_1_845' title='bbox 2103 5051 2316 5118; x_wconf 85' lang='lat' dir='ltr'><strong>quando</strong></span> <span class='ocrx_word' id='word_1_846' title='bbox 2336 5067 2456 5107; x_wconf 91' lang='lat' dir='ltr'><strong>cum</strong></span> <span class='ocrx_word' id='word_1_847' title='bbox 2485 5054 2697 5109; x_wconf 89' lang='lat' dir='ltr'><strong>silentio</strong></span> <span class='ocrx_word' id='word_1_848' title='bbox 2727 5061 3078 5115; x_wconf 89' lang='lat' dir='ltr'><strong>contumelias</strong></span> <span class='ocrx_word' id='word_1_849' title='bbox 3120 5075 3175 5120; x_wconf 89' lang='lat' dir='ltr'><strong>et</strong></span> <span class='ocrx_word' id='word_1_850' title='bbox 3204 5068 3341 5135; x_wconf 89' lang='lat' dir='ltr'><strong>inju-</strong></span> 
     </span>
    </p>
   </div>
   <div class='ocr_carea' id='block_1_112' title="bbox 1769 5139 3345 5229">
    <p class='ocr_par' dir='ltr' id='par_1_112' title="bbox 1769 5139 3345 5229">
     <span class='ocr_line' id='line_1_112' title="bbox 1769 5139 3345 5229; baseline 0.015 -38"><span class='ocrx_word' id='word_1_851' title='bbox 1769 5139 1877 5192; x_wconf 90' lang='lat' dir='ltr'><strong>rias</strong></span> <span class='ocrx_word' id='word_1_852' title='bbox 1901 5139 1952 5193; x_wconf 91' lang='lat' dir='ltr'><strong>iu</strong></span> <span class='ocrx_word' id='word_1_853' title='bbox 1980 5139 2149 5209; x_wconf 88' lang='lat' dir='ltr'><strong>ipsum</strong></span> <span class='ocrx_word' id='word_1_854' title='bbox 2180 5145 2498 5199; x_wconf 89' lang='lat' dir='ltr'><strong>commissas</strong></span> <span class='ocrx_word' id='word_1_855' title='bbox 2526 5148 2787 5214; x_wconf 88' lang='lat' dir='ltr'><strong>patimur:</strong></span> <span class='ocrx_word' id='word_1_856' title='bbox 2812 5155 3061 5220; x_wconf 90' lang='lat' dir='ltr'><strong>quoniam</strong></span> <span class='ocrx_word' id='word_1_857' title='bbox 3091 5167 3142 5212; x_wconf 89' lang='lat' dir='ltr'><strong>et</strong></span> <span class='ocrx_word' id='word_1_858' title='bbox 3182 5160 3226 5212; x_wconf 90' lang='lat' dir='ltr'><strong>is</strong></span> <span class='ocrx_word' id='word_1_859' title='bbox 3257 5162 3345 5229; x_wconf 89' lang='lat' dir='ltr'><strong>qni</strong></span> 
     </span>
    </p>
   </div>
   <div class='ocr_carea' id='block_1_113' title="bbox 1769 5231 3340 5315">
    <p class='ocr_par' dir='ltr' id='par_1_113' title="bbox 1769 5231 3340 5315">
     <span class='ocr_line' id='line_1_113' title="bbox 1769 5231 3340 5315; baseline 0.015 -33"><span class='ocrx_word' id='word_1_860' title='bbox 1769 5231 2022 5285; x_wconf 88' lang='lat' dir='ltr'><strong>talentum</strong></span> <span class='ocrx_word' id='word_1_861' title='bbox 2053 5232 2255 5289; x_wconf 86' lang='lat' dir='ltr'><strong>defodit</strong></span> <span class='ocrx_word' id='word_1_862' title='bbox 2280 5234 2495 5304; x_wconf 76' lang='lat' dir='ltr'><strong>(Matth.</strong></span> <span class='ocrx_word' id='word_1_863' title='bbox 2521 5238 2613 5293; x_wconf 73' lang='lat'><strong>25.</strong></span> <span class='ocrx_word' id='word_1_864' title='bbox 2636 5238 2726 5294; x_wconf 70' lang='lat'><strong>25.</strong></span> <span class='ocrx_word' id='word_1_865' title='bbox 2758 5241 2869 5309; x_wconf 82' lang='grc'><strong>50),</strong></span> <span class='ocrx_word' id='word_1_866' title='bbox 2902 5259 3006 5298; x_wconf 90' lang='lat' dir='ltr'><strong>non</strong></span> <span class='ocrx_word' id='word_1_867' title='bbox 3039 5261 3137 5315; x_wconf 91' lang='lat' dir='ltr'><strong>pro</strong></span> <span class='ocrx_word' id='word_1_868' title='bbox 3177 5252 3340 5305; x_wconf 87' lang='lat' dir='ltr'><strong>reati-</strong></span> 
     </span>
    </p>
   </div>
   <div class='ocr_carea' id='block_1_114' title="bbox 1764 5320 3339 5406">
    <p class='ocr_par' dir='ltr' id='par_1_114' title="bbox 1764 5320 3339 5406">
     <span class='ocr_line' id='line_1_114' title="bbox 1764 5320 3339 5406; baseline 0.012 -33"><span class='ocrx_word' id='word_1_869' title='bbox 1764 5320 1864 5374; x_wconf 89' lang='lat' dir='ltr'><strong>bus</strong></span> <span class='ocrx_word' id='word_1_870' title='bbox 1888 5323 1999 5376; x_wconf 91' lang='lat' dir='ltr'><strong>suis</strong></span> <span class='ocrx_word' id='word_1_871' title='bbox 2022 5331 2147 5377; x_wconf 91' lang='lat' dir='ltr'><strong>tunc</strong></span> <span class='ocrx_word' id='word_1_872' title='bbox 2171 5326 2552 5393; x_wconf 85' lang='lat' dir='ltr'><strong>accusabatur;</strong></span> <span class='ocrx_word' id='word_1_873' title='bbox 2588 5330 2846 5400; x_wconf 76' lang='lat' dir='ltr'><strong>integrum</strong></span> <span class='ocrx_word' id='word_1_874' title='bbox 2868 5335 3009 5388; x_wconf 90' lang='lat' dir='ltr'><strong>enim</strong></span> <span class='ocrx_word' id='word_1_875' title='bbox 3042 5336 3339 5406; x_wconf 83' lang='lat' dir='ltr'><strong>depositum</strong></span> 
     </span>
    </p>
   </div>
   <div class='ocr_carea' id='block_1_115' title="bbox 1764 5413 3338 5498">
    <p class='ocr_par' dir='ltr' id='par_1_115' title="bbox 1764 5413 3338 5498">
     <span class='ocr_line' id='line_1_115' title="bbox 1764 5413 3338 5498; baseline 0.01 -30"><span class='ocrx_word' id='word_1_876' title='bbox 1764 5413 2027 5478; x_wconf 82' lang='lat' dir='ltr'><strong>reddidit;</strong></span> <span class='ocrx_word' id='word_1_877' title='bbox 2058 5416 2152 5471; x_wconf 88' lang='lat' dir='ltr'><strong>sed</strong></span> <span class='ocrx_word' id='word_1_878' title='bbox 2175 5419 2423 5487; x_wconf 89' lang='lat' dir='ltr'><strong>quoniam</strong></span> <span class='ocrx_word' id='word_1_879' title='bbox 2453 5420 2620 5489; x_wconf 91' lang='lat' dir='ltr'><strong>ipsum</strong></span> <span class='ocrx_word' id='word_1_880' title='bbox 2644 5439 2747 5477; x_wconf 91' lang='lat' dir='ltr'><strong>non</strong></span> <span class='ocrx_word' id='word_1_881' title='bbox 2783 5426 3183 5496; x_wconf 85' lang='lat' dir='ltr'><strong>ruultiplicavit,</strong></span> <span class='ocrx_word' id='word_1_882' title='bbox 3205 5446 3338 5498; x_wconf 84' lang='lat' dir='ltr'><strong>quo-</strong></span> 
     </span>
    </p>
   </div>
   <div class='ocr_carea' id='block_1_116' title="bbox 1761 5507 3331 5587">
    <p class='ocr_par' dir='ltr' id='par_1_116' title="bbox 1761 5507 3331 5587">
     <span class='ocr_line' id='line_1_116' title="bbox 1761 5507 3331 5587; baseline 0.008 -26"><span class='ocrx_word' id='word_1_883' title='bbox 1761 5507 1903 5561; x_wconf 89' lang='lat' dir='ltr'><strong>niam</strong></span> <span class='ocrx_word' id='word_1_884' title='bbox 1929 5522 2036 5562; x_wconf 90' lang='lat' dir='ltr'><strong>non</strong></span> <span class='ocrx_word' id='word_1_885' title='bbox 2060 5510 2334 5577; x_wconf 71' lang='lat' dir='ltr'><strong>castigavit</strong></span> <span class='ocrx_word' id='word_1_886' title='bbox 2377 5521 2622 5578; x_wconf 68' lang='lat' dir='ltr'><strong>caeteros,</strong></span> <span class='ocrx_word' id='word_1_887' title='bbox 2656 5516 2905 5584; x_wconf 86' lang='lat' dir='ltr'><strong>quoniam</strong></span> <span class='ocrx_word' id='word_1_888' title='bbox 2944 5529 3221 5587; x_wconf 86' lang='lat' dir='ltr'><strong>argentum</strong></span> <span class='ocrx_word' id='word_1_889' title='bbox 3267 5523 3331 5574; x_wconf 85' lang='lat' dir='ltr'><strong>ad</strong></span> 
     </span>
    </p>
   </div>
   <div class='ocr_carea' id='block_1_117' title="bbox 1762 5600 3333 5676">
    <p class='ocr_par' dir='ltr' id='par_1_117' title="bbox 1762 5600 3333 5676">
     <span class='ocr_line' id='line_1_117' title="bbox 1762 5600 3333 5676; baseline 0.012 -26"><span class='ocrx_word' id='word_1_890' title='bbox 1762 5600 2145 5656; x_wconf 83' lang='lat' dir='ltr'><strong>nummularius</strong></span> <span class='ocrx_word' id='word_1_891' title='bbox 2169 5618 2275 5658; x_wconf 90' lang='lat' dir='ltr'><strong>nou</strong></span> <span class='ocrx_word' id='word_1_892' title='bbox 2300 5602 2510 5668; x_wconf 88' lang='lat' dir='ltr'><strong>detulit,</strong></span> <span class='ocrx_word' id='word_1_893' title='bbox 2538 5605 2639 5660; x_wconf 90' lang='lat' dir='ltr'><strong>hoc</strong></span> <span class='ocrx_word' id='word_1_894' title='bbox 2655 5616 2757 5672; x_wconf 85' lang='lat' dir='ltr'><strong>est,</strong></span> <span class='ocrx_word' id='word_1_895' title='bbox 2788 5624 2889 5661; x_wconf 92' lang='lat' dir='ltr'><strong>nou</strong></span> <span class='ocrx_word' id='word_1_896' title='bbox 2914 5607 3208 5676; x_wconf 88' lang='lat' dir='ltr'><strong>admonuit,</strong></span> <span class='ocrx_word' id='word_1_897' title='bbox 3227 5627 3333 5669; x_wconf 84' lang='lat' dir='ltr'><strong>non</strong></span> 
     </span>
    </p>
   </div>
   <div class='ocr_carea' id='block_1_118' title="bbox 1823 5744 3012 5813">
    <p class='ocr_par' dir='ltr' id='par_1_118' title="bbox 1823 5744 3012 5813">
     <span class='ocr_line' id='line_1_118' title="bbox 1823 5744 3012 5813; baseline 0.009 -20"><span class='ocrx_word' id='word_1_898' title='bbox 1823 5748 1840 5776; x_wconf 70' lang='grc' dir='ltr'><strong><em>ι</em></strong></span> <span class='ocrx_word' id='word_1_899' title='bbox 1873 5744 2069 5805; x_wconf 77' lang='lat' dir='ltr'><strong>quidam</strong></span> <span class='ocrx_word' id='word_1_900' title='bbox 2090 5746 2417 5810; x_wconf 86' lang='lat' dir='ltr'><strong>manuscripti,</strong></span> <span class='ocrx_word' id='word_1_901' title='bbox 2440 5745 2687 5797; x_wconf 72' lang='lat' dir='ltr'><strong>mortalem</strong></span> <span class='ocrx_word' id='word_1_902' title='bbox 2709 5753 2754 5798; x_wconf 86' lang='lat' dir='ltr'><strong>et</strong></span> <span class='ocrx_word' id='word_1_903' title='bbox 2776 5747 3012 5813; x_wconf 74' lang='lat' dir='ltr'><strong>fragilem.</strong></span> 
     </span>
    </p>
   </div>
  </div>
