3932 6222
473 318 543 371 39
1171 323 1229 379 S.
1269 325 1547 382 J‘JANNIS
1572 325 2041 385 CIIRYSOSTOMI
2083 327 2405 387 ARCHlEP.
2439 326 2975 390 CONSTANTINOP.
3678 345 3740 401 50

472 443 753 502 consilium
780 441 950 509 dedit,
973 459 1078 497 nun
1129 442 1419 513 increpuit,
1453 457 1557 498 uno
1599 442 1834 498 correxit
1878 438 2056 511 proxi-

473 552 590 592 mos
629 546 940 607 peccatores
976 535 1347 602 inordinatos;
1376 535 1572 590 ideirco
1598 536 1800 606 absque
1839 534 2056 591 miseri-

472 628 652 684 cordia
683 628 735 682 in
767 627 883 682 illas
914 626 1275 682 intolerabiles
1313 641 1496 696 poenas
1521 627 1851 682 mittebatur.
1876 625 1983 682 Sed
2007 626 2053 680 si

472 738 577 777 non
601 731 780 787 antea,
810 736 950 775 nunc
977 720 1163 774 saltem
1204 735 1362 788 spero
1392 735 1489 775 vos
1533 719 1653 774 huic
1691 718 2051 775 emendationi

467 814 867 883 advigilaturos,
896 822 949 867 et
981 812 1145 866 Deum
1169 812 1489 866 contumelia
1517 809 1763 865 all‘ectum
1807 825 1915 866 non
1951 825 2044 864 ne-

467 907 757 977 glecturus.
784 905 1014 959 Possunt
1051 905 1192 959 enim
1238 919 1357 973 quae
1401 903 1731 969 acciderunt,
1764 903 1888 957 licet
1938 917 2052 956 mo-

467 1005 628 1053 nente
673 1000 888 1052 nemine
909 1039 923 1061 ,
956 998 1041 1052 vel
1080 998 1365 1052 insensatis
1389 997 1670 1066 deinceps,
1697 1005 1753 1050 ut
1778 997 2047 1067 proprium

464 1101 708 1145 asserant
744 1089 993 1154 salutem,
1024 1089 1365 1159 persuadere.
1404 1089 1567 1144 Nobis
1597 1100 1724 1146 Vero
1760 1090 1869 1160 jam
1916 1088 2047 1144 hora

464 1191 549 1238 est
572 1224 585 1244 .
612 1182 823 1237 solitam
870 1182 1023 1236 vobis
1054 1192 1105 1235 ut
1134 1197 1164 1235 a
1193 1180 1355 1236 Paulo
1395 1196 1633 1236 mensam
1672 1196 2006 1251 apponamus
2028 1222 2044 1247 ,

466 1278 859 1344 lectionemque
887 1275 1195 1329 hodiernam
1227 1289 1554 1344 promamus,
1575 1286 1630 1328 et
1657 1275 1707 1327 in
1733 1274 1908 1329 medio
1931 1289 2049 1330 om-

464 1369 625 1421 nibus
657 1381 1039 1436 preponamus.
1063 1366 1200 1434 Quid
1229 1367 1386 1436 igitur
1405 1376 1486 1419 est
1511 1365 1669 1419 hodie
1696 1365 1892 1419 lectum
1913 1364 1938 1416 'l
1962 1363 2049 1417 Di-

463 1458 643 1511 vitibus
659 1459 810 1524 hujus
835 1458 1005 1510 saculi
1029 1459 1244 1526 prmcipe
1270 1474 1369 1510 non
1388 1455 1597 1523 sublime
1616 1455 1886 1539 sapere“.
1905 1453 2040 1510 Tim.

461 1550 516 1605 6.
551 1551 664 1621 i7).
693 1551 791 1615 Qui
815 1550 967 1616 dixit,
1001 1549 1244 1604 Divitibus
1271 1551 1423 1620 hujus
1442 1549 1633 1614 sreculi,
1657 1549 2046 1605 demonstravit

460 1651 515 1695 et
538 1641 671 1695 alios
698 1640 858 1695 futuri
890 1643 1069 1696 saeculi
1092 1643 1281 1696 divites
1309 1655 1433 1696 esse
1464 1657 1477 1693 :
1510 1640 1682 1709 qualis
1702 1640 1791 1694 ille
1810 1638 2044 1693 Lazarus

460 1741 576 1783 erat
599 1771 615 1796 ,
647 1731 696 1784 in
728 1733 978 1800 prmsenti
999 1733 1213 1802 quidem
1246 1732 1350 1785 vita
1379 1746 1602 1800 pauper,
1634 1730 1686 1783 in
1716 1730 1888 1783 futura
1911 1744 2042 1784 vero

458 1821 605 1876 dives
630 1840 644 1874 :
675 1837 782 1876 non
809 1838 941 1876 auro
966 1831 1021 1877 et
1049 1831 1270 1892 argento
1298 1832 1350 1876 et
1369 1821 1472 1875 ulla
1515 1819 1603 1873 tali
1634 1820 1964 1889 corruptibili
1987 1827 2042 1875 et

463 1914 815 1970 marcescibili
837 1917 1057 1971 materia
1079 1915 1325 1980 afﬂuens,
1343 1915 1434 1970 sed
1456 1915 1668 1969 arcanis
1689 1912 1791 1967 illis
1817 1913 1968 1967 bonis
1996 1914 2036 1979 ¹,

457 2024 576 2079 qua:
606 2007 716 2063 Nec
736 2009 911 2063 oculus
933 2010 1074 2071 vidit,
1094 2026 1183 2062 nec
1211 2009 1350 2061 auris
1386 2007 1577 2060 audivit
1596 2048 1609 2068 ,
1634 2022 1725 2061 nec
1754 2005 1806 2059 in
1828 2022 1916 2060 cor
1938 2005 2037 2060 Ito-

458 2099 604 2152 minis
631 2098 958 2152 ascenderunt
984 2098 1061 2170 (l.
1092 2097 1209 2152 Cor.
1240 2097 1295 2150 2.
1321 2097 1402 2165 9).

538 2189 678 2243 Vera:
704 2190 892 2244 divitiae
911 2192 1148 2259 quw?—
1167 2188 1260 2245 liae
1298 2205 1526 2259 namque
1556 2205 1694 2244 veru:
1738 2187 1937 2243 divitia:
1983 2197 2039 2243 et

452 2281 756 2349 opulentia,
785 2281 999 2350 quando
1039 2290 1094 2336 et
1125 2281 1590 2336 inunarcescibilia
1628 2290 1754 2335 sunt
1788 2282 1961 2345 bona,
1983 2290 2038 2334 et

454 2371 646 2425 nullam
697 2373 913 2442 capiunt
957 2373 1418 2427 tnutationem.At
1459 2387 1564 2426 non
1607 2370 1732 2426 talis
1773 2380 1893 2425 erat
1943 2371 2035 2427 ille

451 2473 788 2532 contemptor
815 2464 984 2528 dives,
1012 2465 1104 2520 sed
1156 2464 1393 2519 omnium
1442 2465 1811 2533 pauperrimus
1864 2464 2035 2518 factus

449 2566 554 2610 est.
581 2556 709 2610 Post
734 2556 849 2609 haec
878 2557 1038 2626 igitur
1079 2557 1275 2611 stillam
1330 2556 1574 2611 obtinere
1619 2571 1864 2625 quaerens
1888 2597 1901 2617 .
1935 2570 2033 2609 nec

453 2645 619 2714 ipsius
660 2644 830 2699 factus
858 2655 942 2700 est
983 2660 1243 2717 compos:
1275 2648 1327 2699 in
1373 2655 1479 2700 tam
1522 2656 1815 2701 extremam
1867 2645 2031 2701 deve-

453 2744 607 2794 uerat
634 2746 1021 2805 paupertatem.
1055 2735 1259 2790 Idcirco
1292 2736 1570 2805 praesentis
1606 2735 1786 2790 smculi
1833 2720 2033 2791 divites

449 2828 763 2895 appellavit,
794 2835 851 2880 ut
876 2827 1052 2881 discas
1076 2826 1218 2896 quod
1257 2841 1380 2881 cum
1448 2827 1553 2881 vita
1599 2827 1848 2897 praesenti
1894 2843 2030 2897 opu-

450 2916 607 2970 lentia
630 2916 939 2971 dissolvitur
972 2937 986 2971 :
1014 2932 1120 2971 non
1145 2916 1388 2986 procedit
1425 2916 1676 2983 ulterius,
1716 2933 1821 2972 non
1869 2918 2030 2973 simul

450 3006 640 3076 migrat
657 3021 777 3061 cum
805 3007 1200 3075 possessoribus
1227 3006 1596 3077 migrantibus,
1624 3006 1722 3062 sed
1743 3008 1887 3077 ipsos
1928 3023 2032 3063 sa:-

448 3096 566 3164 pius
591 3103 646 3149 et
669 3104 794 3151 ante
821 3096 980 3152 linem
1018 3095 1261 3153 deserit:
1306 3097 1448 3167 quod
1475 3107 1531 3152 et
1581 3099 1751 3168 ipsum
1802 3098 2027 3154 demon-

451 3195 586 3240 strat
629 3186 834 3253 dicens,
870 3189 1048 3258 Neque
1084 3206 1288 3261 sperare
1313 3190 1368 3243 in
1412 3190 1601 3244 incerto
1638 3190 1927 3245 divitiarum
1949 3192 2025 3262 (1.

447 3274 582 3331 Tim.
596 3276 769 3347 6.17):
785 3277 917 3334 nihil
932 3279 1073 3333 enim
1086 3285 1194 3333 tam
1218 3278 1616 3350 inﬁdum,quam
1633 3280 1830 3336 divitia:
1852 3299 1866 3334 :
1885 3280 2026 3351 quod

447 3383 567 3423 cum
593 3383 736 3439 saepe
762 3369 1015 3435 dixerim,
1045 3369 1222 3424 dicere
1248 3385 1352 3426 non
1369 3372 1592 3425 cessabo
1614 3412 1629 3436 ,
1658 3371 1799 3440 quod
1845 3371 2024 3441 fugiti-

447 3476 549 3516 vus
572 3470 658 3517 est
683 3472 738 3518 et
766 3462 1003 3532 ingratus
1021 3477 1210 3518 servus
1249 3464 1409 3518 fidem
1460 3479 1566 3518 non
1603 3462 1824 3528 habens,
1853 3463 1940 3518 vel
1980 3464 2025 3518 si

448 3553 725 3606 innumera
754 3553 854 3622 ipsi
879 3554 1089 3608 vincula
1114 3554 1353 3624 injicias,
1381 3555 1460 3609 sic
1495 3571 1705 3625 quoque
1732 3571 1854 3610 cum
1895 3555 2024 3627 ipsis

448 3642 671 3698 vinculis
716 3643 938 3714 aufugit.
985 3644 1192 3713 Saepius
1243 3645 1403 3714 igitur
1449 3646 1676 3715 pessulis
1718 3654 1774 3701 et
1823 3646 2025 3702 foribus

448 3732 620 3802 ipsum
648 3747 983 3802 possessores
1013 3733 1420 3801 concluseruut,
1453 3751 1731 3791 servorum
1788 3737 2020 3792 adhibita

446 3825 725 3881 custodia:
756 3826 841 3881 ille
866 3841 995 3881 vero
1023 3828 1195 3882 servis
1219 3827 1527 3884 subornatis
1561 3845 1682 3884 cutn
1734 3829 1864 3901 ipsis
1895 3832 2024 3901 fugit

446 3915 776 3981 custodibus,
808 3925 1076 3988 tamquam
1120 3925 1363 3974 catenam
1411 3934 1507 3974 eos
1538 3921 1774 3987 trahens,
1797 3930 1854 3977 et
1891 3923 2022 3977 nihil

447 4006 644 4076 profuit
669 4007 930 4064 custodia.
952 4008 1091 4075 Quid
1132 4007 1235 4065 hoc
1265 4010 1571 4066 inlidelius?
1608 4011 1736 4083 quid
1758 4029 1886 4068 vero
1916 4012 1980 4070 iis
2002 4055 2018 4082 ,

445 4096 533 4165 qui
588 4098 731 4152 circa
783 4097 924 4154 hunc
983 4099 1215 4154 studium
1280 4101 1578 4165 collocant.
1622 4103 2022 4160 miserabilius?

444 4185 657 4255 quando
682 4202 794 4241 rem
819 4197 926 4243 tam
953 4189 1163 4245 labilem
1188 4192 1334 4245 omni
1360 4193 1535 4248 studio
1562 4193 1813 4266 colligere
1836 4210 2022 4266 aggre-

444 4277 683 4343 diuntur,
711 4293 814 4334 nec
835 4283 1146 4350 prophetam
1174 4284 1396 4339 audiunt
1416 4286 1705 4353 dicentem,
1740 4286 1827 4343 νω
1846 4289 1908 4343 iis
1933 4290 2020 4358 qui

443 4368 703 4437 conﬁdunt
721 4368 774 4423 in
792 4370 972 4425 uirtute
989 4388 1103 4435 sua,
1123 4383 1169 4427 et
1189 4374 1242 4428 in
1260 4376 1578 4431 multitudine
1591 4377 1876 4432 divitiarum
1899 4396 2021 4433 sua-

443 4475 556 4514 rum
569 4462 852 4533 gloriantur
865 4461 1129 4534 (Psal.48.
1139 4466 1215 4535 7).
1236 4467 1328 4523 Dic
1342 4468 1624 4539 quare,V:e
1634 4471 1658 4523 Ἰ
1668 4469 2014 4538 Tbesaurizat,

446 4552 651 4620 inquit,
676 4563 725 4607 et
759 4553 998 4624 ignorat,
1030 4555 1111 4608 cui
1164 4560 1484 4630 congregabit
1529 4576 1587 4614 ca
1612 4559 1784 4631 (Psal.
1813 4561 1901 4618 5S.
1926 4564 2015 4632 7):

445 4644 691 4715 quoniam
731 4645 883 4701 labor
907 4646 1124 4716 quidem
1152 4658 1350 4716 certus,
1381 4650 1582 4709 fructus
1606 4664 1733 4709 vero
1761 4651 2013 4709 incertus.

444 4735 651 4806 Saepius
671 4735 898 4791 inimicis
914 4738 1141 4803 laboras,
1162 4750 1217 4795 et
1234 4744 1487 4796 aerumnis
1501 4745 1776 4800 conficeris
1792 4763 1806 4798 :
1824 4747 2018 4816 saepius

445 4833 566 4894 post
583 4836 808 4882 mortem
835 4838 976 4882 tuam
1001 4830 1069 4884 ad
1099 4846 1192 4885 eos
1216 4832 1304 4902 qui
1336 4842 1387 4887 te
1410 4834 1700 4890 affecerunt
1725 4837 1937 4906 injuria,
1965 4848 2018 4893 et

441 4917 737 4973 innumeris
762 4920 1224 4976 circumvenerunt
1244 4923 1470 4993 insidiis,
1489 4924 1756 4982 hereditas
1773 4929 2013 4993 veniens,

441 5008 533 5063 tibi
562 5009 774 5081 quidem
797 5023 1031 5080 peccata,
1068 5015 1457 5084 possessionem
1482 5033 1610 5073 vero
1633 5020 1750 5075 aliis
1770 5020 2012 5089 praebuit.

508 5099 563 5156 5.
605 5099 722 5155 Jam
766 5101 895 5157 illud
945 5104 1214 5173 inquirere
1270 5107 1485 5179 dignum
1536 5118 1650 5178 est,
1695 5128 1858 5181 quare
1908 5130 2013 5169 non

437 5192 862 5259 dixit,Divitibus
877 5198 1156 5267 praesentis
1169 5200 1349 5254 saeculi
1365 5201 1592 5271 praecipe
1610 5218 1714 5255 non
1728 5201 2009 5270 ditescere,

440 5284 671 5353 praecipe
698 5284 1071 5356 depauperari,
1097 5290 1324 5359 prmcipe
1348 5305 1467 5359 quae
1489 5290 1683 5345 habent
1703 5291 2011 5348 exhaurire:

438 5372 532 5427 sed
548 5373 699 5438 dixit,
730 5372 959 5446 Praecipe
983 5394 1083 5431 non
1111 5378 1321 5433 sublime
1337 5380 1538 5449 sapere?
1549 5378 1856 5451 Novitquod
1881 5383 2018 5438 divi-

442 5463 631 5521 tiarum
658 5467 805 5522 radix
825 5477 878 5524 et
901 5470 1116 5524 materia
1139 5472 1208 5525 sit
1231 5470 1476 5541 superbia
1499 5486 1514 5525 :
1536 5481 1589 5526 et
1609 5472 1652 5526 si
1673 5474 1788 5543 quis
1810 5474 2013 5531 modice

442 5556 618 5614 vivere
645 5561 855 5628 scierit,
887 5579 992 5618 non
1040 5564 1256 5620 multam
1282 5578 1464 5619 earum
1505 5579 1684 5620 curam
1731 5571 1870 5637 aget.
1897 5566 2012 5636 Qua

438 5670 686 5783 meCnus
714 5674 873 5725 uxlex
898 5684 952 5729 et
970 5676 1110 5729 savii.
1128 5678 1177 5730 in
1212 5691 1386 5744 marg.,
1406 5690 1606 5734 .rrcams
1625 5684 1671 5732 et
1701 5679 2013 5747 mirabilibus

2163 442 2331 513 enim,
2353 441 2440 500 dic
2467 443 2616 510 mihi,
2641 443 2707 501 de
2734 461 2891 501 causa
2918 448 3112 504 multos
3137 450 3490 509 circumducis
3515 468 3698 510 servos
3717 500 3736 522 ,

2162 544 2445 602 parasttos,
2471 535 2778 595 adulatores
2800 580 2816 606 ,
2840 549 2890 594 et
2914 541 3168 612 reliquam
3199 558 3411 599 omnem
3451 550 3740 617 pompam?

2159 623 2275 679 Non
2309 626 2551 683 utilitatis
2580 645 2738 685 causa
2758 672 2774 696 ,
2802 630 2898 685 sed
2932 635 3248 703 arrogantia:
3272 636 3459 704 solius,
3484 648 3537 691 ut
3568 654 3632 693 ex
3660 641 3740 695 his

2160 718 2514 773 venerabilior
2536 719 2655 775 aliis
2694 720 2996 777 hominibus
3028 740 3149 781 esse
3194 727 3440 783 videaris.
3481 731 3741 788 Prauerea

2159 808 2305 861 novit
2330 824 2432 862 non
2464 810 2755 879 prohibitas
2771 828 2890 868 esse
2909 813 3140 882 divitias,
3167 820 3210 872 si
3230 819 3350 888 quis
3373 822 3425 875 in
3453 823 3738 877 necessita-

2157 907 2263 951 tem
2300 899 2427 967 ipsis
2456 916 2582 956 usus
2624 901 2801 957 fuerit.
2847 903 2995 959 Sicut
3031 908 3173 962 enim
3195 908 3324 973 dixi,
3354 926 3459 966 non
3489 915 3623 968 mala
3653 931 3740 970 res

2157 987 2357 1053 viuum,
2390 989 2484 1044 sed
2513 991 2650 1046 mala
2693 993 2923 1049 ebrietas
2954 1012 2968 1048 :
2997 995 3067 1051 ita
3095 1012 3200 1052 non
3231 1002 3366 1055 mala
3397 1017 3481 1056 res
3506 1003 3735 1070 divitiae,

2153 1077 2247 1131 sed
2294 1081 2429 1133 mala
2478 1081 2718 1149 avaritia,
2741 1085 2878 1138 mala
2927 1085 3208 1154 cupiditas.
3243 1090 3399 1145 Alittd
3443 1107 3654 1160 avarus,
3680 1105 3736 1151 et

2153 1169 2292 1224 aliud
2318 1171 2467 1225 dives
2491 1189 2506 1227 :
2535 1188 2724 1229 avarus
2751 1188 2958 1231 nonest
2983 1177 3154 1247 dives,
3177 1196 3367 1238 avarus
3395 1185 3574 1240 multis
3603 1187 3736 1243 indi-

2151 1270 2259 1329 get,
2289 1262 2530 1333 indigens
2558 1275 2733 1320 autem
2764 1268 2944 1323 multis
2971 1286 3255 1341 numquam
3278 1273 3429 1330 dives
3458 1292 3577 1332 esse
3607 1293 3733 1348 pos-

2149 1352 2238 1407 sit.
2291 1355 2495 1409 Avarus
2545 1366 2725 1411 custos
2768 1365 3010 1425 est,non
3056 1360 3303 1419 dominus
3349 1367 3729 1436 pecuniarum;

2149 1460 2359 1511 servus,
2384 1462 2488 1501 non
2510 1462 2787 1516 possessor
2806 1469 2818 1503 :
2835 1451 3038 1508 facilius
3064 1455 3205 1509 enim
3227 1457 3384 1512 alicui
3408 1476 3471 1514 ex
3502 1463 3730 1532 propriis

2149 1536 2420 1602 carnibus,
2447 1554 2604 1607 quam
2626 1555 2690 1593 ex
2721 1540 2933 1597 defosso
2957 1557 3088 1599 auro
3115 1549 3552 1605 communicaret.
3576 1551 3733 1609 Velut

2149 1626 2292 1680 enim
2318 1626 2498 1696 jussus
2525 1629 2655 1684 nihil
2677 1629 2744 1686 de
2790 1634 3040 1703 repositis
3071 1643 3307 1706 tangere,
3335 1639 3413 1695 sic
3436 1658 3554 1696 cum
3583 1647 3729 1698 omni

2146 1717 2415 1788 diligentia
2443 1735 2506 1775 ea
2534 1732 2711 1777 servat
2739 1734 2793 1778 et
2822 1726 3043 1793 detinet,
3074 1742 3103 1781 a
3130 1730 3241 1784 suis
3271 1740 3516 1803 tanquam
3543 1735 3731 1792 alienis

2146 1807 2420 1865 abstinens
2452 1828 2466 1864 :
2496 1820 2548 1865 et
2574 1822 2721 1869 certe
2748 1823 2871 1868 sunt
2895 1816 3090 1873 aliena.
3119 1818 3248 1884 Quae
3286 1823 3427 1876 enim
3466 1824 3584 1879 aliis
3611 1842 3731 1882 ero-

2144 1913 2272 1968 gare
2311 1916 2600 1972 numquam
2646 1914 2932 1974 pateretur,
2974 1924 3146 1979 neque
3192 1911 3244 1965 in
3294 1927 3493 1984 egenos
3542 1916 3728 1972 distri-

2146 1990 2330 2061 buere,
2355 1995 2513 2050 etiam
2548 1996 2593 2051 si
2631 1996 2863 2055 infinitas
2892 2003 3178 2060 sustineret
3197 2020 3383 2076 poenas
3409 2025 3425 2064 :
3460 2015 3727 2081 quomodo

2144 2079 2262 2138 haec
2303 2098 2425 2141 esse
2490 2088 2708 2158 propria
2751 2101 2941 2161 putare
2994 2096 3224 2164 posset?
3268 2079 3547 2167 Quomodo
3597 2119 3727 2161 vero

2141 2188 2328 2230 eorum
2383 2175 2543 2232 habet
2610 2185 3000 2249 possessionem
3026 2227 3041 2250 ,
3090 2204 3316 2258 quorum
3383 2207 3482 2246 nec
3546 2211 3722 2263 usum,

2142 2278 2242 2318 nec
2269 2265 2494 2320 fructum
2528 2283 2649 2323 cum
2692 2271 2936 2328 libertate
2962 2273 3165 2331 habet?
3193 2278 3272 2333 Ad
3301 2279 3417 2336 haec
3444 2298 3574 2338 vero
3618 2302 3725 2342 non

2140 2357 2388 2412 omnibus
2440 2361 2618 2416 omnia
2650 2362 2842 2418 Paulus
2882 2365 3147 2436 imperare
3188 2374 3488 2441 consuevit,
3535 2375 3630 2431 sed
3671 2388 3728 2434 et

2138 2449 2466 2505 audientium
2494 2452 2841 2510 imbecillitati
2866 2472 2925 2513 se
2952 2468 3288 2530 attemperat,
3323 2466 3460 2520 sicut
3485 2478 3539 2523 et
3563 2468 3729 2524 Chri.

2137 2550 2251 2597 stus
2288 2542 2431 2599 fecit.
2472 2544 2679 2600 Etenim
2731 2547 2804 2602 illi
2853 2550 3000 2604 diviti
3044 2552 3110 2607 ad
3150 2570 3209 2610 se
3236 2558 3537 2626 accedenti,
3568 2571 3620 2616 et
3656 2563 3726 2617 de

2138 2634 2244 2689 vita
2290 2634 2565 2706 loquenti,
2622 2656 2724 2693 non
2782 2641 2914 2697 dixit
2945 2644 3149 2709 :Vade.
3180 2648 3351 2705 vende
3391 2652 3569 2707 omnia
3603 2670 3725 2724 qua:

2138 2723 2335 2792 habes;
2366 2727 2461 2783 sed
2511 2727 2612 2783 hoc
2659 2736 3096 2801 prmtermittens,
3121 2738 3189 2794 de
3216 2741 3334 2796 aliis
3368 2741 3540 2812 ipsum
3572 2723 3725 2801 mau-

2135 2815 2272 2870 datis
2297 2817 2527 2873 instruit.
2558 2821 2759 2877 Deinde
2795 2832 3070 2895 postquam
3102 2827 3189 2884 ille
3231 2831 3399 2900 ipsum
3443 2834 3718 2900 invitavit,

2137 2906 2380 2977 inquiens
2410 2927 2424 2964 :
2453 2910 2587 2975 Quid
2616 2912 2782 2968 adhuc
2805 2915 2927 2969 mihi
2954 2916 3088 2971 deest
3110 2917 3318 2990 (Matth.
3355 2922 3438 2978 l9.
3463 2923 3554 2997 20)
3571 2929 3596 2978 Υ
3620 2942 3722 2982 ne-

2133 3014 2237 3068 que
2264 3008 2371 3054 tmn
2401 3002 2715 3072 simpliciter
2741 3005 2913 3074 dixit,
2948 3008 3132 3066 Vende
3164 3013 3343 3068 omnia
3367 3032 3484 3084 qua:
3514 3016 3719 3087 habes;

2132 3089 2247 3156 sed,
2278 3088 2338 3146 Si
2369 3093 2441 3146 vis
2464 3098 2714 3166 perfectus
2740 3113 2866 3164 esse,
2896 3101 3050 3153 vende
3073 3119 3187 3172 quae
3214 3106 3365 3160 habes
3391 3106 3497 3177 (Ib.
3520 3124 3567 3163 υ.
3584 3110 3719 3182 21);

2134 3179 2235 3235 hoc
2261 3181 2313 3236 in
2347 3192 2438 3238 tuo
2466 3199 2606 3253 pono
2624 3186 2865 3256 arbitrio,
2897 3197 2947 3244 te
2973 3191 3249 3248 electionis
3274 3194 3548 3254 dominum
3577 3179 3715 3256 con-

2131 3272 2326 3337 stituo,
2383 3291 2486 3328 non
2542 3276 2595 3330 in
2650 3280 3018 3337 necessitatem
3087 3283 3260 3341 traho.
3324 3288 3608 3359 Propterea
3663 3303 3721 3349 et

2133 3361 2324 3417 Paulus
2351 3365 2479 3420 nihil
2506 3367 2573 3421 de
2601 3379 2910 3440 paupertate
2948 3372 3199 3431 divitibus
3242 3378 3587 3448 loquebatur,
3619 3386 3719 3440 sed

2129 3452 2196 3506 de
2224 3451 2540 3525 humilitate,
2562 3468 2671 3512 tttm
2693 3471 2907 3531 propter
2926 3464 3252 3522 audientium
3277 3468 3718 3540 imbecillitatem,

2131 3554 2240 3600 tum
2283 3547 2404 3617 quia
2453 3550 2651 3619 optime
2703 3553 2921 3618 sciebat,
2944 3554 2991 3609 si
3033 3557 3275 3613 modeste
3320 3572 3560 3630 agerent,
3589 3574 3642 3619 ct
3685 3582 3719 3621 a

2127 3638 2376 3707 superbia
2407 3639 2566 3695 alieni
2594 3653 2795 3708 essent,
2819 3644 2963 3699 brevi
3012 3645 3216 3702 futuros
3244 3665 3274 3703 a
3300 3653 3474 3706 studio
3499 3655 3718 3712 divitia-

2127 3744 2245 3783 rum
2272 3730 2485 3785 liberos.
2514 3731 2779 3788 Praeterea
2814 3751 2921 3789 non
2954 3736 3117 3792 altum
3176 3753 3364 3810 sapere
3392 3744 3714 3817 admonens,

2127 3831 2181 3876 et
2208 3824 2452 3884 modum.
2478 3839 2584 3895 quo
2630 3842 2735 3881 non
2778 3827 2943 3883 altum
2991 3844 3180 3900 sapere
3223 3835 3447 3902 possint.
3491 3839 3720 3896 demon-

2126 3914 2333 3970 stravit.
2380 3915 2508 3982 Quis
2559 3932 2686 3972 vero
2723 3916 2807 3974 hic
2846 3920 2975 3975 est?
3003 3920 3057 3975 Si
3116 3923 3414 3981 divitiarum
3466 3940 3714 3988 naturam

2124 4005 2634 4076 animadverterent,
2665 4026 2823 4081 quam
2853 4013 3066 4070 incertae
3092 4017 3201 4072 sint
3234 4027 3288 4073 ct
3312 4020 3486 4078 inﬁda:
3519 4041 3533 4078 :
3571 4041 3708 4095 qua-

2128 4107 2346 4167 propter
2386 4100 2581 4165 intulit,
2614 4101 2793 4174 Neque
2828 4122 3032 4176 sperare
3071 4109 3125 4162 in
3165 4111 3450 4168 divitiarum
3494 4116 3712 4173 incerto.

2127 4187 2284 4243 Dives
2308 4198 2409 4254 est,
2433 4206 2536 4245 non
2567 4193 2652 4262 qui
2686 4195 2849 4249 multa
2877 4197 3111 4265 possidet
3134 4241 3149 4263 ,
3174 4202 3267 4256 sed
3297 4204 3383 4272 qui
3411 4207 3573 4262 multa
3603 4209 3717 4264 lar-

2122 4276 2263 4347 gitur
2300 4279 2491 4335 :divcs
2537 4292 2652 4337 erat
2692 4285 2991 4351 Abraham,
3040 4289 3135 4344 sed
3175 4307 3280 4346 non
3326 4309 3518 4351 avarus
3552 4315 3566 4352 :
3599 4314 3712 4355 non

2122 4369 2264 4422 enim
2287 4369 2442 4441 hujus
2469 4372 2685 4427 domum
2711 4376 3113 4446 considerabat,
3147 4396 3246 4438 nec
3275 4383 3416 4439 illius
3452 4388 3711 4445 substan-

2125 4458 2249 4513 tiam
2278 4460 2489 4517 curiose
2525 4465 2888 4532 scrutabatur;
2920 4468 3017 4524 sed
3037 4472 3319 4541 egrediens
3352 4478 3706 4548 explorabat,

2124 4563 2249 4602 nom
2270 4548 2463 4606 alicubi
2489 4549 2702 4625 hospes,
2735 4569 2860 4609 num
2889 4556 3086 4614 alicubi
3126 4575 3361 4631 pauper.
3395 4573 3452 4620 ut
3474 4580 3713 4638 pauper-

2124 4648 2287 4695 tatem
2314 4643 2620 4710 resarciret,
2654 4656 2711 4701 ut
2739 4650 3075 4720 peregrinum
3106 4654 3411 4724 exciperet:
3440 4674 3544 4715 non
3570 4676 3711 4720 auro

2126 4741 2319 4788 tectum
2345 4735 2534 4799 liuivit,
2564 4736 2658 4791 sed
2687 4740 2824 4808 apud
2856 4757 3109 4811 quercum
3137 4745 3278 4799 illam
3306 4749 3705 4810 tabernaculum

2123 4822 2313 4893 ﬁgens,
2345 4825 2794 4884 foliorumumbra
2819 4840 3098 4889 contentus
3122 4846 3238 4891 erat
3262 4856 3276 4893 :
3307 4847 3362 4892 et
3390 4848 3493 4894 tam
3518 4845 3709 4912 splen-

2122 4916 2301 4971 didum
2361 4918 2460 4988 ipsi
2512 4929 2627 4974 erat
2666 4922 3044 4993 diversorium,
3073 4937 3129 4982 ut
3170 4944 3269 4983 nec
3302 4933 3517 5002 angelos
3558 4942 3702 5007 apud

2124 5011 2292 5081 ipsmn
2320 5030 2534 5070 manere
2563 5019 2816 5086 puderet;
2850 5038 2955 5078 non
2984 5027 3125 5081 enim
3152 5032 3464 5098 quaerebant
3504 5035 3705 5092 domus

2121 5104 2455 5174 Splendorem
2480 5149 2495 5171 ,
2527 5110 2618 5162 sed
2646 5113 2805 5166 animi
2835 5115 3102 5172 virtutem.
3142 5119 3298 5176 Hunc
3336 5133 3391 5178 et
3433 5142 3528 5179 nos
3573 5127 3703 5181 imi-

2122 5205 2313 5263 temur,
2329 5201 2662 5266 charissimi,
2685 5210 2738 5257 et
2754 5218 2876 5274 qua:
2894 5205 3185 5274 habemus,
3219 5212 3270 5264 in
3301 5227 3562 5283 pauperes
3594 5218 3701 5273 im-

2121 5287 2430 5355 pendamus.
2463 5290 2601 5346 Rudi
2641 5295 2800 5349 modo
2848 5307 3085 5365 paratum
3119 5311 3236 5356 erat
3265 5303 3334 5359 ibi
3377 5306 3688 5365 tabernacu-

2119 5377 2250 5439 lum.
2280 5380 2375 5436 sed
2405 5382 2563 5453 regiis
2594 5385 2732 5439 aulis
2755 5388 3083 5455 splendidius
3105 5392 3221 5451 fuit.

2193 5469 2560 5542 Hospitalitatis
2585 5473 2695 5529 laus
2711 5487 2755 5531 et
2771 5481 3034 5549 praemium
3055 5484 3315 5542 —Nullus
3340 5504 3568 5560 unquam
3601 5509 3701 5551 rex

2115 5561 2333 5634 angelos
2367 5567 2599 5635 suscepit
2628 5586 2641 5622 :
2673 5566 2760 5623 hic
2799 5586 2925 5626 vero
2954 5574 3054 5628 sub
3098 5591 3295 5645 quercu
3333 5581 3527 5636 sedens
3568 5584 3657 5637 illa
3680 5626 3698 5648 .

2115 5652 2413 5725 cellamque
2434 5654 2618 5727 llgcns,
2638 5658 2742 5715 hoc
2766 5661 2965 5718 honore
2990 5664 3180 5735 dignus
3205 5667 3416 5724 habitus
3440 5680 3556 5739 est,
3585 5689 3699 5729 non

2118 5754 2339 5815 propter
2360 5745 2548 5803 domus
2561 5749 2818 5807 vilitatem
2847 5753 3154 5825 honoratus,
3176 5760 3269 5815 sed
3299 5773 3513 5834 propter
3526 5767 3697 5822 animi

2852 6019 2885 6048 0
