3892 6236
53 333 123 390 59
1112 335 1204 391 AD
1241 335 1573 394 POPULUM
1613 334 2114 395 ANTIOCIIENUM
2156 337 2387 393 IIOMIL.
2431 337 2489 394 Il.
3431 356 3519 411 40s
3628 330 3631 333 ’

52 449 163 511 τοῖς
210 445 566 517 τραπεζίταις
620 460 645 489 ει
685 448 746 502 οὐ
782 448 1070 513 κατέϐαλε,
1115 448 1427 518 τουτέστιν,
1469 451 1529 506 οὐ
1590 469 1730 524 παρ-

53 533 265 604 ῄνεσεν,
283 537 343 588 οὐ
376 533 932 599 συνεϐούλευσεν,οὐ’κ
972 536 1325 608 ἐπετίμησεν,
1346 538 1406 592 οὐ
1452 537 1728 609 διώρθωσε

51 623 176 686 τοὺς
206 622 434 694 πλησίον
461 623 839 694 ἀκοσμοῦντας
871 622 979 676 τῶν
1010 625 1279 696 πονηρῶνθ
1313 625 1402 680 διὰ
1424 625 1585 680 τοῦτο
1614 645 1728 698 χω-

57 710 139 779 ρὶς
168 708 500 781 συγγνώμης
530 710 748 781 ἀπάσης
771 713 852 775 εἰς
873 711 972 776 τὰς
1002 712 1309 784 ἀφορήτους
1339 713 1618 785 ἐπέμπετο
1642 733 1735 768 κο-

52 795 242 861 λάσεις
277 798 512 862 ἐκείνας.
567 798 706 851 Ἀλλ’
738 799 821 852 ὅτι
855 798 976 870 μὲν,
1008 801 1057 852 εἰ
1087 801 1181 852 καὶ
1214 800 1289 871 μὴ
1321 801 1606 873 πρότερον,
1636 801 1733 856 νῦν

53 882 184 952 γοῦν
224 882 430 956 ταύτην
473 884 775 956 ἐργάσεσθε
817 884 915 957 τὴν
959 884 1277 957 διόρθωσιν,
1329 887 1423 940 καὶ
1474 887 1565 941 τὸν
1600 884 1733 941 Θεὸν

54 970 412 1044 ὑϐριζόμενον
431 973 492 1026 οὐ
516 973 864 1044 περιόψεσθε,
903 974 1110 1046 σφόδρα
1131 975 1503 1030 πεπίστευκα.
1550 975 1735 1029 Ἱκανά

51 1059 160 1132 γάρ
186 1059 258 1113 τά
288 1060 697 1133 συμϐεϐηκότα,
737 1063 787 1115 εἰ
822 1061 917 1115 καὶ
953 1060 1141 1133 μηδεὶς
1168 1064 1198 1115 6
1229 1062 1511 1134 παραινῶν
1531 1059 1732 1135 ἦν,καὶ

48 1149 177 1213 τοὺς
209 1148 413 1220 σφόδρα
435 1148 775 1220 ἀναισθήτως
806 1148 1183 1220 διακειμένους
1211 1152 1396 1204 πεῖσαι
1420 1150 1605 1206 λοιπὸν
1634 1154 1734 1225 τῆς

42 1235 258 1298 οἰκείας
302 1235 656 1290 ἐπιλαϐέσθαι
687 1237 715 1277 b
754 1235 1050 1307 σωτηρίας.
1100 1238 1261 1307 Ἡμῖν
1297 1237 1355 1290 δὲ
1400 1237 1520 1311 ὥρα
1546 1238 1732 1297 λοιπὸν

45 1322 147 1394 τὴν
164 1322 422 1376 εἰωθυῖαν
446 1324 574 1395 ύμῖν
598 1322 817 1377 ἀπὸτοῦ
844 1322 1059 1377 Παύλου
1084 1325 1409 1394 παραθεῖναι
1428 1326 1731 1397 τράπεζαν,
1774 1364 1784 1372 -

43 1414 145 1487 τὴν
186 1416 429 1486 σήμερον
482 1413 925 1484 ἀναγνωσθεῖσαν
981 1415 1141 1485 ῥῆσιν
1182 1416 1728 1488 προχειρισαμένους,

45 1503 142 1556 καὶ
173 1503 258 1565 εἰς
300 1503 465 1574 μέσον
498 1502 907 1573 καταθεμένους
939 1500 1132 1556 ἀπασι.
1166 1502 1232 1554 Τί
1258 1504 1374 1556 ποτ’
1399 1499 1493 1556 οῦν
1521 1506 1638 1557 ἐστι
1671 1505 1732 1558 τὸ

45 1593 289 1662 σήμερον
317 1589 698 1658 ἀναγνωσθέν;
730 1589 864 1654 Τοῖς
885 1590 1207 1655 πλουσίοις
1227 1590 1299 1643 ἐν
1318 1587 1399 1655 τῷ
1417 1589 1536 1644 νῦν
1562 1590 1731 1646 αἰῶνι

38 1675 429 1748 παράγγελλε
473 1676 560 1746 μὴ
605 1676 1083 1745 ὖψηλοερρονεῒν.
1124 1674 1332 1741 Εἰπὼν,
1382 1675 1512 1743 Τοῖς
1544 1680 1733 1732 πλου-

33 1764 206 1830 σίοις
232 1765 305 1818 ἐν
327 1763 408 1830 τῷ
434 1762 555 1819 νῦν
577 1761 768 1829 αἰῶνι,
801 1763 969 1828 ἔδειξε
998 1765 1091 1817 καὶ
1123 1763 1341 1835 ἐτέρους
1372 1763 1533 1828 εντας
1564 1765 1730 1820 πλου-

38 1852 194 1915 σίους
224 1852 352 1915 τοῦς
378 1850 472 1905 τοῦ
509 1850 793 1921 μέλλοντος
818 1850 1037 1916 αἰῶνος·
1060 1846 1171 1915 οἷος
1197 1852 1403 1915 ἐκεῖνος
1428 1851 1459 1903 6
1480 1850 1731 1923 Λάζαρος

31 1937 126 2010 ἦν,
167 1940 315 1994 κατὰ
353 1939 453 2009 μέν
472 1940 565 1995 τὸν
595 1939 838 2012 παρόντα
868 1940 978 2011 βίον
1010 1940 1197 2010 πένης,
1231 1939 1376 1993 κατά
1400 1938 1459 1994 δὲ
1478 1939 1571 1995 τὸν
1599 1941 1731 2011 μέλ-

32 2026 203 2082 λοντα
233 2027 513 2093 πλούσιος,
537 2028 599 2082 οὐ
627 2027 831 2100 χρυσοῦ
866 2030 960 2083 καὶ
987 2028 1227 2099 ἀργύρου
1255 2030 1348 2083 καὶ
1379 2029 1602 2100 τοιαύτῃ
1624 2030 1729 2083 τινὶ

33 2111 262 2184 φθαρτῇ
296 2111 391 2165 καὶ
405 2112 653 2181 ἐπικήρῳ
682 2109 928 2164 πλουτῶν
959 2109 1083 2184 ὕλῃ,
1109 2107 1227 2183 [26}
1257 2107 1391 2162 ἀλλά
1417 2108 1527 2169 τοῖς
1548 2107 1725 2178 ἀπορ-

34 2202 231 2271 ρήτοις
263 2199 493 2262 ἐκείνοις
511 2212 534 2238 σε
563 2198 807 2267 ἀγαθοῖς,
835 2198 873 2252 ἀ
892 2197 1057 2266 Μήτε
1085 2193 1393 2266 ὀφθαλμὸς
1413 2193 1554 2258 εἰδε,
1571 2189 1726 2262 μήτε

28 2279 145 2348 οὖς
170 2283 428 2353 ἢκουσε,
458 2283 614 2353 μήτε
649 2283 750 2337 ἐπὶ
785 2283 1041 2353 καρδίαν
1070 2283 1383 2351 ἀνθρώπου
1410 2283 1613 2352 ἀνέϐη.

102 2373 288 2427 Τοῦτο
320 2372 430 2444 γὰρ
480 2370 699 2444 ἀληθῶς
750 2371 979 2433 πλοῦτος
1026 2371 1122 2424 καὶ
1159 2369 1409 2441 εὐπορία,
1460 2371 1589 2423 ὅταν
1631 2371 1727 2425 καὶ

29 2460 300 2531 ἀκήρατα
402 2459 473 2516 τὰ
505 2448 669 2523 καλά,
702 2461 798 2513 καὶ
836 2458 1105 2531 μηδεμίαν
1136 2457 1357 2528 δέχηται
1398 2455 1722 2528 μεταϐολήν.

41 2549 186 2603 Ἀλλ’
214 2550 320 2621 οὐχ
346 2552 376 2603 6
402 2547 645 2620 παριδὼν
689 2546 716 2587 ει
764 2547 925 2601 αὐτὸν
979 2545 1229 2610 πλούσιος
1274 2545 1535 2609 τοιοῦτος,
1590 2545 1727 2599 ἀλλά

26 2637 263 2693 πάντων
296 2637 620 2708 πενέστερος
649 2636 883 2705 ἐγένετο.
912 2635 1067 2689 Μετά
1098 2634 1272 2689 ταῦτα
1303 2633 1433 2705 γοῦν
1469 2634 1726 2703 σταγόνος

25 2724 283 2790 ἀξιώσας
319 2726 633 2796 ἐπιτυχεῖν,
692 2722 815 2777 οὐτε
861 2723 1031 2794 αὐτῆς
1076 2722 1292 2790 ἐγένετο
1328 2722 1536 2794 κύριος·
1582 2721 1727 2776 οὕτω

23 2812 169 2885 πρὸς
194 2813 440 2882 ἐσχάτην
465 2811 720 2882 ἐληλάκει
748 2811 960 2864 πενίαν.
994 2808 1095 2863 Διά
1120 2806 1279 2862 τοῦτο
1312 2809 1601 2873 πλουσίους
1629 2809 1725 2863 τοῦ

21 2899 308 2971 παρόντος
335 2899 529 2962 αἰῶνος
556 2898 835 2962 ἐκάλεσεν,
854 2896 941 2950 ἵνα
961 2896 1159 2969 μάθῃς,
1192 2896 1273 2949 ὅτι
1295 2896 1432 2966 μετά
1462 2896 1559 2967 τῆς
1593 2913 1728 2967 παρ-

18 2986 196 3059 ούσης
246 2986 394 3058 ζωῆς
453 2986 549 3040 καὶ
578 2987 611 3057 ή
642 2984 873 3056 εὐπορία
918 2983 1373 3053 συγκαταλύεται·
1414 2984 1475 3037 οὐ
1510 2985 1725 3055 πρόεισι

17 3074 368 3147 περαιτέρω,
389 3074 511 3128 οὐδὲ
533 3072 969 3145 συμμεθίσταται
995 3071 1336 3143 ἀποδημοῦσι
1357 3075 1468 3136 τοῖς
1489 3073 1723 3143 ἔχουσιν,

18 3164 162 3219 ἀλλά
213 3163 484 3227 πολλάκις
526 3163 727 3225 αὐτοὺς
758 3161 853 3215 καὶ
907 3160 1014 3232 πρὸ
1053 3160 1153 3231 τῆς
1181 3160 1438 3229 τελευτῆς
1479 3160 1721 3231 ἀφίησινσ

16 3251 162 3323 ὅπερ
188 3247 294 3306 οὖν
333 3260 358 3289 ο
391 3250 485 3304 καὶ
506 3250 634 3303 αὐτὸ
655 3248 830 3318 δηλῶν
861 3247 1011 3316 ἔλεγε
1032 3284 1049 3309 ,
1082 3245 1247 3316 Μηδὲ
1274 3245 1592 3315 ἠλπικέναι
1623 3248 1724 3303 ἐπὶ

15 3339 306 3394 πλούτου
320 3335 838 3405 ἀδηλότητι.οὐδὲν
854 3334 963 3407 γὰρ
976 3333 1148 3398 οῦτως
1163 3336 1407 3399 ἄπιστον,
1425 3335 1502 3398 ὡς
1519 3335 1547 3387 6
1564 3334 1726 3388 πλοῦ-

15 3444 133 3494 τος,
169 3427 202 3481 6
235 3425 505 3490 πολλάκις
534 3421 710 3488 εἶπον,
735 3425 831 3479 καὶ.
862 3423 1037 3493 λέγων
1069 3424 1129 3476 οὐ
1164 3423 1465 3494 παύσομαι,
1486 3424 1570 3477 ὅτι
1593 3424 1714 3496 δραι

15 3517 198 3588 πέτης
232 3514 387 3568 ἐστὶν
421 3511 712 3584 ἀγνώμων,
745 3511 962 3583 οἰκέτης
986 3510 1168 3564 πίστιν
1185 3511 1286 3564 οὐκ
1308 3510 1467 3581 ἔχων,
1500 3510 1602 3565 κᾶν
1619 3528 1724 3583 μυ·

16 3601 147 3674 ρίας
173 3599 336 3671 αὐτῷ
359 3599 664 3672 περιϐάλῃς
696 3598 885 3665 πέδας,
919 3592 1073 3662 οὗτος
1102 3597 1195 3650 καὶ
1226 3596 1326 3660 τὰς
1357 3597 1524 3661 πέδας
1553 3597 1723 3662 αὐτάς

15 3692 431 3763 ἐπισυρόμενος
450 3688 657 3743 ἄπεισι.
686 3687 952 3751 Πολλάκις
980 3686 1114 3756 γοῦν
1149 3685 1366 3757 μοχλοῖς
1395 3686 1489 3740 καὶ
1531 3685 1722 3756 θύραις

15 3780 369 3834 ἀπέκλεισαν
394 3777 556 3831 αὐτὸν
582 3777 633 3830 οἰ
661 3775 1011 3847 κεκτημένοι,
1045 3774 1259 3837 οἰκέτας
1291 3775 1721 3846 περιστήσαντες

15 3868 303 3939 φύλακαςο
335 3867 365 3919 6
392 3866 450 3920 δὲ
474 3866 597 3928 τοὺς
626 3864 843 3924 οἰκέτας
869 3864 1066 3923 αὐτοὺς
1094 3861 1418 3927 ἀναπείσας,
1467 3863 1584 3932 μετ’
1623 3864 1721 3917 αὐ-

15 3955 129 4010 τῶν
149 3954 374 4025 ἀπέδρα
392 3951 500 4006 τῶν
517 3950 916 4021 φυλαττόντων,
937 3949 1191 4021 καθάπερ
1240 3950 1428 4004 ἀλυσιν
1450 3950 1577 4014 τοὺς
1622 3968 1721 4021 τη-

15 4041 264 4114 ροῦντας
314 4040 727 4112 ἐπισυρόμενος,
759 4039 853 4093 καὶ
883 4038 1046 4091 πλέον
1071 4038 1225 4092 οὐδὲν
1266 4037 1373 4091 ἀπὸ
1406 4039 1506 4109 τῆς
1550 4039 1719 4109 φυλα-

15 4131 122 4199 κῆς
155 4129 389 4198 ἐγένετο
416 4126 644 4196 ταύτης.
703 4125 769 4179 Τί
792 4124 983 4179 τούτου
1006 4124 1206 4195 γένοιτ’
1229 4125 1296 4179 ἂν
1330 4125 1718 4197 ἀπιστότερον;

15 4215 69 4269 τί
106 4215 170 4269 δέ
204 4214 325 4270 τῶν
358 4215 487 4287 περὶ
512 4214 674 4267 αὐτὸν
698 4212 1113 4266 ἐσπουδακότων
1139 4212 1532 4284 ἐλεεινότερονς
1593 4215 1722 4269 ὅταν

15 4305 268 4372 πρᾶγμα
296 4298 443 4354 οὕτω
478 4298 679 4371 σαθρὸν
710 4298 805 4352 καὶ
850 4297 1272 4369 εὐμετάπτωτον
1315 4297 1465 4369 πάσῃ
1517 4298 1718 4370 σπουδῇ

17 4386 315 4455 συλλέγειν
342 4384 686 4457 ἐπιχειρῶσι,
709 4383 802 4437 καὶ
826 4383 901 4454 μὴ
928 4382 1169 4437 ἀκούωσι
1203 4380 1297 4436 τοῦ
1328 4382 1609 4453 προφήτου
1632 4381 1722 4436 λέ-

15 4489 238 4540 γοντοςο
296 4472 443 4526 Οὐαί
492 4473 550 4524 οἰ
579 4469 930 4536 πεποιθότες
959 4469 1060 4523 ἐπὶ
1088 4467 1163 4538 τῇ
1207 4467 1460 4537 δυνάμει
1497 4467 1718 4534 αὐτῶν,

15 4555 120 4609 καὶ
152 4555 262 4609 ἐπὶ
297 4554 378 4621 τῷ
417 4553 636 4621 πλήθει
662 4553 770 4608 τοῦ
801 4553 1071 4608 πλούτου
1099 4551 1299 4607 αὐτῶν
1325 4550 1718 4622 καυχώμενοι.

15 4639 180 4705 Εξπέ,
213 4638 371 4702 τίνος
398 4637 585 4693 ἐνεκεν
606 4637 763 4705 οὐαί;
794 4634 1165 4706 Θησαυρίζει,
1194 4635 1349 4707 φησὶ,
1383 4635 1484 4689 καί
1524 4638 1595 4690 οὐ
1631 4654 1721 4707 γι-

15 4721 250 4776 νώσκει
286 4720 404 4775 τίνι
428 4718 684 4785 συνάξει
702 4717 877 4774 αὐτὰ
909 4719 988 4773 ὅτι
1015 4719 1043 4771 6
1071 4717 1172 4788 μὲν
1201 4718 1362 4780 πόνος
1396 4715 1577 4787 δῆλος,
1604 4719 1637 4787 ή
1665 4718 1722 4771 δὲ

15 4804 336 4865 ἀπόλαυσις
363 4802 579 4872 ἄδηλος.
614 4801 882 4866 Πολλάκις
910 4799 1124 4872 ἐχθροῖς
1154 4799 1405 4870 κάμνεις,
1422 4801 1518 4855 καὶ
1535 4801 1723 4856 ταλαι-

15 4890 256 4959 πωρεῖς·
295 4884 557 4949 πολλάκις
589 4885 729 4957 μετά
753 4885 853 4956 τὴν
890 4884 989 4955 σὴν
1019 4882 1276 4955 τελευτὴν
1317 4885 1397 4949 εἰς
1431 4884 1561 4948 τοὺς
1606 4883 1722 4953 ἠδι-

15 4970 271 5040 κηκότας
301 4970 396 5023 καὶ
417 4968 588 5040 μυρία
608 4986 691 5022 σοι
716 4966 1233 5031 ἐπιϐουλεύσαντας,
1249 4969 1277 5022 6
1297 4968 1501 5040 κλῆρος
1525 4966 1718 5031 ἐλθὼν,

15 5055 98 5107 σοὶ
124 5054 235 5124 μὲν
267 5052 342 5106 τὰ
363 5053 758 5125 ἁμαρτήματα,
776 5050 876 5123 τὴν
894 5051 953 5106 δὲ
977 5052 1278 5107 ἀπόλαυσιν
1302 5051 1577 5124 παρέσχεν
1607 5053 1722 5107 ἐτέ-

80 5156 155 5201 ις.

166 5218 326 5275 Ἀλλ’
338 5218 487 5288 ἀξιον
499 5218 676 5274 ἐκεῖνο
685 5218 960 5287 ἐξετάσαι,
973 5220 1117 5285 τίνος
1132 5221 1315 5275 ἕνεκεν
1325 5221 1427 5274 οὐκ
1437 5214 1584 5286 εἶπε,
1596 5218 1722 5283 Τοῖς

15 5305 64 5358 Et
100 5303 403 5366 πλουσίοις
432 5305 491 5357 ἐν
520 5302 598 5374 τῷ
635 5302 732 5357 νῦν
767 5302 923 5358 αἰῶνι
957 5303 1303 5376 παράγγελλε
1336 5303 1411 5375 μὴ
1446 5302 1717 5365 πλουτεῖν,

15 5386 382 5462 παράγγελλε
404 5386 687 5448 πένεσθαι,
721 5387 1067 5459 παράγγελλε
1088 5389 1157 5442 τά
1179 5388 1311 5442 ὄντα
1331 5386 1549 5452 κενοῦν,
1581 5385 1718 5440 ἀλλά

15 5471 418 5543 Παράγγελλε
436 5469 524 5541 μὴ
558 5470 1033 5540 ὑψηλοφρονεῖν.
1067 5468 1223 5527 Οἶδεν
1263 5473 1348 5526 ὅτι
1369 5469 1389 5509 ί
1425 5470 1521 5526 τοῦ
1555 5470 1718 5525 πλού-

71 5613 97 5645 ⁸
119 5613 289 5664 Savil.
317 5616 376 5676 et
393 5610 479 5676 alii
503 5609 1029 5676 gqtlﬁobgjpamtimq.

72 5676 97 5714 Ι)
121 5677 287 5725 Savil.
314 5672 673 5737 ἀγτιλαϐέψι,
689 5672 819 5737 alitis
840 5674 1279 5737 ἀντιλαμϐάνεσθαι.

74 5741 94 5799 ῗ
124 5737 276 5787 Unus
286 5734 452 5799 codex
464 5740 519 5784 el
528 5734 680 5799 Sayil.
686 5734 753 5799 jn
773 5748 926 5799 marg.
940 5734 1024 5799 ἀπζ
1046 5739 1128 5785 καὶ
1140 5738 1492 5799 ἀνεκδιηγῆτοις
1503 5736 1696 5794 ἐκείνοις

67 5797 96 5839 ἆ
118 5800 223 5861 ᾼΙὶὶ
247 5796 503 5861 περιιδών.
528 5794 660 5861 Infra
681 5795 834 5861 Savil.
871 5794 925 5846 ἐι
944 5796 1072 5847 alius
1091 5800 1201 5848 οὐδέ
1222 5794 1396 5857 ταύτὴς
1419 5800 1542 5861 ἐγένι
1556 5815 1619 5847 ιο.

76 5864 97 5925 ξ
123 5858 383 5925 δεξιὴ-ει
404 5858 1122 5925 είὶιιετελεγτῆς-ἐγκατέλιπενι
1147 5861 1262 5925 ὅπερ
1285 5861 1385 5910 οὖν.

76 5919 97 5959 τ
122 5920 229 5986 A_lii
255 5919 626 5986 616516191669;
641 5919 730 5970 ὅτι.
747 5919 859 5971 Mox
870 5922 1022 5973 Savil.
1036 5923 1124 5971 κάν
1146 5919 1249 5986 εἰδῇ
1268 5939 1356 5985 τις,
1368 5923 1550 5974 melius
1566 5934 1713 5986 quam

15 5981 191 6035 Rorel.
225 5984 328 6033 κᾶν
348 5981 453 6045 ᾕδιι
475 5981 562 6037 τις.

1835 469 1932 507 του
1960 451 2085 524 ῥίζα
2111 454 2204 506 καὶ
2225 452 2482 517 ὑπόθεσίς
2511 456 2658 506 ἐστιν
2689 455 2721 523 ή
2751 453 3000 522 ἀπόνοια,
3029 454 3130 509 κᾶν
3157 456 3272 530 εἰδῇ
3305 474 3388 523 τις
3413 475 3514 530 με.

1836 543 2080 614 τριάζειν
2101 586 2115 608 ,
2142 545 2204 597 οὐ
2241 544 2443 614 πολλὴν
2484 544 2611 616 περὶ
2643 544 2704 598 τὸ
2747 546 2978 616 πρᾶγμα
3018 547 3304 618 ποιήσεται
3339 566 3503 604 σπου-

1838 628 1953 700 δήν.
1985 630 2142 694 Τίνος
2179 629 2286 702 γάρ
2329 631 2535 692 ἕνεκεν,
2565 632 2682 684 εἰπέ
2720 648 2832 702 μοι,
2871 633 2995 696 τοὺς
3037 632 3264 698 πολλοὺς
3295 636 3511 699 οἰκέτας

1834 719 2147 789 περιάγεις,
2188 721 2318 783 τοὺς
2345 720 2680 791 παρασίτους
2701 759 2716 785 ,
2752 721 2877 785 τοὺς
2918 721 3174 785 κόλακας,
3218 722 3314 794 τὴν
3344 723 3508 795 ἀλλην

1834 804 2053 861 ἃπασαν
2080 807 2417 875 φαντασίαν;
2443 807 2518 861 Οὐ
2541 808 2729 878 χρείας
2754 807 2958 873 ἕνεκεν,
2989 810 3103 863 ἀλλ’
3131 811 3387 875 ἀπονοίας
3421 812 3513 882 μό-

1833 911 1932 963 νης
1953 936 1967 958 ,
1999 896 2084 949 ἵνα
2113 895 2221 948 ἀπὸ
2249 895 2453 948 τούτων
2486 895 2807 965 σεμνότερος
2845 896 2954 951 τῶν
3004 897 3178 952 ἀλλων
3204 899 3508 971 ἀνθρώπων

1832 976 1973 1035 εἶναι
1999 981 2181 1053 δοκῇς.
2221 981 2429 1047 ’Ἄλλως
2454 982 2509 1035 δὲ
2543 978 2681 1036 οἶδεν
2715 985 2775 1036 οὐ
2811 984 3190 1056 κεκωλυμένον
3220 987 3312 1039 τὸν
3341 986 3509 1041 πλοῦ-

1831 1086 1947 1133 τον,
1986 1069 2081 1123 ἐάν
2117 1086 2201 1132 τις
2233 1069 2383 1141 αὐτῷ
2426 1070 2505 1133 εἰς
2531 1069 2647 1122 δέον
2694 1067 3034 1141 κεχρημένος
3165 1073 3375 1146 Ὠσπερ
3396 1075 3506 1146 γὰρ

1832 1152 2009 1224 εἷπον,
2039 1158 2100 1210 οὐ
2128 1157 2296 1211 κακὸν
2319 1159 2347 1210 6
2384 1153 2553 1222 οἶνος,
2586 1157 2721 1211 ἀλλά
2762 1159 2929 1212 κακὸν
2964 1161 2996 1230 ή
3035 1162 3205 1232 μέθηο
3239 1161 3412 1228 οὕτως
3443 1165 3505 1217 οὐ

1831 1244 1998 1297 κακὸν
2030 1247 2058 1299 6
2087 1244 2337 1310 πλοῦτος,
2370 1245 2507 1299 ἀλλά
2539 1245 2762 1317 κακόνή
2796 1246 3098 1313 πλεονεξία,
3131 1249 3297 1303 κακὸν
3324 1252 3357 1321 ή
3384 1252 3507 1319 φιλ-

1830 1331 2091 1403 αργυρία.
2137 1331 2363 1403 Ἕτερον
2415 1332 2775 1405 φιλάργυρος,
2806 1334 2901 1387 καὶ
2942 1334 3127 1406 ἕτερον
3160 1337 3446 1402 πλούσιος·
3479 1342 3510 1393 6

1832 1418 2166 1490 φιλάργυρος
2208 1420 2310 1473 οὐκ
2359 1419 2476 1473 ἐστι
2513 1419 2769 1484 πλούσιος
2793 1459 2808 1484 ,
2857 1423 2886 1473 6
2924 1421 3255 1495 φιλάργυρος
3296 1425 3509 1479 πολλῶν
3556 1477 3560 1480 ι

1828 1504 2027 1559 δεῖται·
2059 1507 2088 1559 6
2114 1506 2174 1559 δέ
2200 1505 2409 1560 πολλῶν
2445 1507 2696 1578 δεόμενος
2723 1508 2823 1561 οὐκ
2851 1506 2918 1562 ἂν
2945 1511 3272 1583 εὐπορήσειέ
3297 1529 3426 1567 ποτε
3456 1515 3506 1568 ⁸.

1842 1592 1902 1646 '0
1929 1593 2265 1667 φιλάργυρος
2292 1594 2486 1664 φύλαξ,
2516 1597 2578 1649 οὐ
2606 1596 2874 1667 δεσπότης
2909 1599 3027 1652 ἐστί⁴
3052 1598 3158 1652 τῶν
3186 1601 3506 1671 χρημάτων,

1830 1684 2037 1751 δοῦλος,
2062 1690 2123 1739 οὐ
2151 1687 2339 1759 κύριος
2364 1688 2479 1761 [27]
2502 1689 2871 1761 εὐκολώτερον
2904 1692 3013 1763 γὰρ
3037 1693 3146 1746 τῶν
3173 1694 3337 1747 αὐτοῦ
3365 1711 3503 1766 σρα-

1831 1768 1945 1822 κῶν
1969 1770 2225 1842 μεταδοίη
2241 1773 2348 1825 τινὶ
2362 1773 2395 1844 ἢ
2410 1772 2501 1825 τοῦ
2527 1773 2948 1844 κατωρυγμένου
2971 1775 3215 1846 χρυσίου.
3247 1776 3356 1830 Καὶ
3374 1775 3507 1829 καο-

1830 1851 1976 1922 άπερ
2004 1852 2147 1916 τινὸς
2174 1853 2550 1917 ἐπιτάττοντος
2571 1859 2663 1908 καὶ
2687 1855 2999 1922 κελεύοντος
3018 1859 3245 1930 μηδενὸς
3261 1859 3505 1930 ἅψασθαι

1831 1930 1940 1986 τῶν
1972 1934 2371 2005 ἀποκειμένωνο
2419 1935 2563 1989 οὕτω
2615 1938 2754 2008 μετὰ
2801 1939 2984 2010 πάσης
3027 1941 3315 2012 ἀκριϐείας
3365 1940 3507 1997 αὐτὰ

1830 2017 1989 2086 τηρεῖ
2015 2016 2109 2069 καὶ
2135 2017 2360 2088 κατέχει
2391 2017 2646 2089 καθάπερ
2689 2019 2985 2091 ἀλλοτρίων
3019 2023 3356 2095 ἀπεχόμενος
3394 2022 3506 2077 τῶν

1830 2103 2044 2157 οἰκείων
2068 2103 2121 2158 h.
2165 2105 2276 2158 Καὶ
2317 2105 2426 2174 γάρ
2459 2106 2608 2159 ἐστιν
2649 2106 2818 2165 ὅντως
2864 2109 3141 2174 ἀλλότριαι
3176 2110 3213 2165 ἃ
3259 2111 3370 2183 γάρ
3424 2112 3508 2175 εἰς

1825 2198 2045 2271 ἐτέρους
2068 2196 2352 2252 ἐκϐάλλειν
2369 2197 2471 2250 οὐκ
2496 2196 2563 2251 ἂν
2591 2196 2785 2262 ἐλοιτο,
2809 2196 2929 2250 οὐδέ
2953 2200 3067 2262 τοῖς
3094 2197 3369 2266 δεομένοις
3393 2197 3510 2251 δια-

1825 2288 2028 2356 νεῖμαι,
2058 2285 2160 2337 κᾶν
2197 2285 2396 2355 μυρίας
2422 2282 2689 2355 ὑποσταίη
2720 2284 3013 2356 τιμωρίας,
3054 2283 3172 2348 πῶς
3197 2284 3265 2339 ἀν
3293 2284 3507 2338 δύναιτο

1822 2370 1996 2424 ταῦτα
2025 2369 2132 2425 ίδια
2157 2369 2399 2440 νομίζειν
2426 2364 2602 2436 εἷναι;
2639 2370 2762 2434 Πῶς
2808 2370 2864 2423 δὲ
2897 2370 3011 2441 ἔχει
3052 2370 3152 2442 τὴν
3187 2372 3400 2443 κτῆσιν,
3432 2365 3507 2425 ὧν

1823 2458 1923 2530 τὴν
1952 2457 2149 2529 χρῆσιν
2173 2457 2273 2510 οὐκ
2305 2456 2417 2528 ἔχει
2459 2455 2599 2527 μετά
2626 2456 2840 2520 ἀδείας,
2877 2457 2996 2510 οὐδὲ
3029 2456 3126 2529 τὴν
3167 2458 3505 2519 ἀπό).αυσιν;

1825 2546 1970 2620 Πρὸς
2000 2547 2058 2600 δὲ
2094 2545 2307 2609 τούτοις
2350 2544 2411 2597 οὐ
2460 2546 2595 2598 πᾶσι
2643 2544 2820 2598 πάντα
2870 2546 3181 2600 ἐπιτάττειν
3217 2549 3245 2600 ὀ
3298 2546 3508 2611 Παῦλος

1825 2638 2034 2701 εἴωθεν,
2060 2634 2198 2690 ἀλλά
2238 2636 2333 2688 καὶ
2369 2636 2436 2705 τῇ
2472 2634 2916 2688 τῶν-ἀκουόντων
2944 2633 3201 2706 ἀσθενείᾳ
3231 2652 3508 2703 συγκατα-

1825 2725 2023 2790 ϐαίνει,
2058 2723 2312 2795 καθάπερ
2348 2719 2440 2777 οὖν
2486 2722 2581 2775 καὶ
2617 2724 2646 2775 6
2682 2721 2917 2794 Χριστὸς
2961 2722 3206 2792 ἐποίησε.
3261 2725 3369 2778 Καὶ
3400 2725 3510 2797 γὰρ

1824 2813 2019 2884 ἐκείνῳ
2062 2811 2142 2881 τῷ
2193 2809 2435 2881 πλουσίῳ
2481 2808 2853 2881 προσελθόντι,
2891 2809 2985 2864 καὶ
3027 2811 3156 2880 περί
3208 2810 3308 2880 τῆς
3363 2811 3511 2883 ζωῆς

1825 2898 1974 2971 αὐτῷ
2017 2898 2382 2970 διαλεγομένῳ
2410 2898 2510 2951 οὐκ
2532 2892 2706 2955 εἶπεν,
2744 2897 2964 2965 Ὕπαγε
2984 2938 2997 2961 ,
3023 2897 3271 2968 πώλησόν
3307 2914 3401 2952 σου
3436 2900 3508 2953 τά

1827 2991 2161 3060 ὑπάρχοντα,
2189 2986 2305 3041 ἀλλ’
2323 2986 2481 3054 ἀφεὶς
2508 2985 2687 3050 τοῦτο,
2714 2986 2843 3055 περὶ
2868 2984 3072 3056 ἐτέρων
3101 2985 3250 3056 αὐτῷ
3277 2986 3512 3042 ἐντολῶν

1824 3077 2094 3144 διελέγετο
2120 3092 2133 3103 ·
2169 3073 2289 3127 εἶτα
2319 3072 2506 3143 ἐπειδὴ
2527 3073 2733 3135 ἐκεῖνος
2766 3071 2929 3126 αὐτὸν
2957 3073 3386 3144 προεκαλέσατο,
3415 3074 3511 3130 καί

1827 3178 2022 3234 φησιν’
2052 3161 2116 3215 Τί
2147 3159 2228 3214 ἔτι
2275 3176 2365 3230 μοι
2391 3158 2602 3223 λείπει;
2635 3158 2757 3211 οὐδέ
2800 3158 2923 3211 τότε
2969 3159 3159 3223 ἀπλῶς
3186 3156 3361 3227 εἶπεν,
3388 3161 3511 3216 Πώ·

1825 3251 1991 3322 λησόν
2028 3266 2121 3303 σου
2145 3248 2214 3302 τὰ
2237 3247 2573 3319 ὑπάρχοντα,
2600 3246 2737 3311 ἀλλ’,
2769 3248 2841 3300 El
2867 3245 3063 3313 θέλεις
3085 3247 3316 3315 τέλειος
3334 3245 3508 3316 εἶναι,

1824 3338 2019 3409 ὕπαγε
2041 3377 2058 3401 ,
2089 3334 2381 3403 πώλησόν
2421 3348 2540 3388 σου
2588 3333 2662 3387 τὰ
2691 3331 3041 3402 ὑπάρχοντα
3059 3349 3073 3364 ο
3105 3335 3198 3387 ἐπὶ
3228 3338 3295 3406 τῇ
3325 3339 3390 3407 σῇ
3423 3336 3510 3390 τί..

1826 3426 1962 3497 θημι
1989 3423 2216 3496 γνώμῃ,
2266 3423 2327 3476 σὲ
2355 3421 2545 3492 κύριον
2588 3420 2728 3475 ποιῶ
2763 3420 2864 3489 τῆς
2913 3422 3290 3493 προαιρέσεως
3334 3425 3377 3490 ί,
3410 3425 3510 3479 οὐκ

1825 3517 1905 3579 εἰς
1931 3513 2178 3582 ἀνάγκην
2210 3510 2349 3580 ἄγω.
2379 3509 2479 3563 Διά
2509 3508 2668 3564 τοῦτο
2698 3510 2793 3564 κα)⁸
2824 3509 3035 3574 Παῦλος
3061 3510 3215 3565 οὐδὲν
3245 3514 3375 3585 περὶ
3411 3528 3512 3567 πε-

1824 3603 1945 3666 νίας
1983 3604 2095 3666 τοῖς
2140 3598 2431 3653 πλουτοῦσι
2463 3598 2755 3666 διελέγετο,
2812 3596 2951 3652 ἀλλά
2992 3599 3122 3671 περὶ
3148 3617 3513 3673 ταπεινοφρο-

1826 3690 2015 3763 σύνης,
2046 3689 2136 3743 διά
2157 3705 2218 3743 τε
2242 3688 2342 3759 τὴν
2370 3686 2657 3741 ἀσθένειαν
2683 3686 2793 3739 τῶν
2822 3685 3148 3753 ἀκουόντων,
3176 3689 3273 3742 καὶ
3297 3688 3359 3742 τὸ
3382 3689 3515 3759 σφό-

1825 3779 1927 3851 δρα
1951 3776 2170 3842 εἰδέναι,
2202 3777 2284 3830 ὅτι
2317 3776 2378 3829 τὸ
2411 3774 2723 3847 μετριάζειν
2748 3774 2842 3828 καί¹
2873 3775 3134 3838 ἀπονοίας
3158 3775 3508 3848 ἀπηλλάχθαι

1827 3869 2044 3939 ποιήσει
2076 3866 2284 3937 ταχέως
2307 3865 2506 3927 αὐτοὺς
2530 3864 2625 3916 καὶ
2658 3863 2757 3934 τῆς
2782 3862 2913 3934 περί
2937 3862 3031 3916 τοῦ
3062 3863 3314 3917 πλουτεῖν
3337 3866 3515 3920 ἀπαλ-

1825 3956 2058 4026 λαγῆναι
2108 3953 2366 4023 σπουδῆς.
2402 3947 2537 4005 Εἶτα
2587 3951 2928 4022 παραινέσας
2972 3949 3048 4021 μὴ
3095 3950 3511 4024 ὑψηλοφρονεῖν,

1825 4040 2074 4110 ἐδίδαξεὶ
2117 4042 2212 4096 καὶ
2243 4040 2335 4094 τὸν
2364 4039 2586 4110 τρόπον,
2616 4037 2738 4091 καθ’
2786 4037 2845 4091 6v
2892 4036 3215 4108 δυνήσονται
3252 4039 3328 4110 μὴ
3372 4039 3513 4112 ὑψη-

1824 4130 2124 4204 λοφρονεῖν.
2165 4128 2262 4191 Τίς
2292 4127 2350 4181 δὲ
2385 4120 2540 4190 οῦτός
2582 4127 2768 4191 ἐστιν;
2803 4126 2867 4178 Εἰ
2896 4123 2991 4178 τοῦ
3025 4124 3256 4180 πλούτου
3288 4126 3386 4198 τὴν
3412 4127 3515 4198 φύ-

1827 4236 1910 4273 σιν
1941 4215 2329 4288 καταμάθοιεν,
2366 4216 2442 4280 ὼς
2471 4213 2665 4286 ἄδηλός
2707 4213 2790 4276 τίς
2831 4214 2948 4266 ἐστι
2984 4213 3079 4267 καὶ⁵
3116 4213 3380 4279 ἄπιστος,
3424 4215 3513 4272 διὰ

1823 4305 1982 4360 τοῦτο
2021 4305 2288 4377 ἐπήγαγε
2326 4301 2495 4371 Μηδὲ
2533 4300 2852 4371 ἠλπικέναι
2895 4299 2995 4354 ὲπί
3044 4301 3315 4357 πλούτου
3349 4302 3512 4372 ἁδη-
3603 4294 3606 4297 Α

1822 4395 2052 4463 λότητι.
2100 4391 2364 4456 Πλούσιός
2393 4392 2541 4446 ἐστιν
2566 4391 2664 4461 οὐχ
2678 4391 2721 4443 ’ὁ
2750 4389 2920 4443 πολλὰ
2947 4390 3308 4462 κεκτημένος,
3342 4391 3456 4447 ἀλλ’
3481 4395 3512 4447 6

1824 4482 1998 4537 πολλὰ
2022 4481 2228 4546 διδούς·
2272 4480 2525 4544 πλούσιος
2571 4475 2640 4551 ἦν
2677 4479 2706 4532 6
2748 4478 3023 4552 Ἀϐραὰμ,
3058 4480 3173 4534 ἀλλ’
3211 4481 3272 4534 οὐ
3320 4482 3512 4555 φιλάρ-

1823 4589 1989 4645 γυρος
2015 4588 2029 4602 ·
2057 4572 2119 4625 οὐ
2165 4570 2274 4644 γὰρ
2303 4568 2657 4642 περιεσκόπει
2688 4567 2788 4639 τὴν
2829 4568 2924 4622 τοῦ
2965 4568 3134 4633 δεῖνος
3162 4568 3359 4637 οἰκίαν,
3389 4571 3510 4625 οὐδὲ

1823 4659 2241 4732 περιειργάζετο
2274 4659 2373 4729 τὴν
2404 4656 2500 4712 τοῦ
2545 4658 2716 4721 δεῖνος
2744 4657 2965 4710 οὐσίαν·
2999 4656 3114 4711 ἀλλ’
3163 4655 3322 4723 ἐξιὼν
3358 4675 3513 4731 περι·

1771 4758 1778 4765 ·
1823 4742 2046 4796 ἐσκόπει
2082 4744 2157 4814 μή
2204 4759 2306 4795 που
2341 4741 2523 4807 ξένος,
2551 4743 2624 4811 μή
2660 4757 2762 4793 που
2790 4741 2961 4812 πένης
2984 4782 2998 4806 ,
3028 4739 3168 4794 ὥστε
3220 4741 3512 4815 διορθῶσαι

1821 4825 1923 4896 τὴν
1965 4825 2194 4888 πενίαν,
2243 4824 2386 4878 ὥστε
2431 4823 2792 4888 ὐποδέξασθαι
2837 4825 2930 4878 τὸν
2979 4824 3178 4896 ὀδίτην.
3219 4826 3294 4879 Οὐ
3323 4826 3512 4898 χρυσῷ

1823 4907 1914 4960 τὸν
1975 4908 2173 4980 ὄροφον
2201 4906 2442 4978 ἤλειφεν,
2478 4906 2614 4959 ἀλλά
2655 4907 2806 4977 παρά
2840 4908 2941 4978 τὴν
2992 4906 3123 4977 δρῦν
3161 4908 3378 4978 ἐκείνην
3410 4907 3511 4980 τὴν

1825 4990 2069 5062 καλύϐην
2099 4990 2435 5062 πηξάμενος,
2460 4994 2526 5062 τῇ
2560 4991 2671 5045 τῶν
2702 4991 2917 5059 φύλλιον
2947 4992 3172 5062 ἠρκεῖτο
3207 4994 3337 5064 σκιᾷ
3360 5009 3376 5024 ο
3415 4995 3511 5047 καὶ

1822 5071 1968 5126 οὕτω
1996 5071 2251 5143 λαμπρὸν
2277 5067 2345 5143 ἦν
2382 5071 2531 5141 αὐτῷ
2564 5072 2625 5125 τὸ
2663 5071 3037 5141 καταγώγιον,
3066 5073 3144 5137 ὡς
3175 5073 3312 5144 μηδὲ
3344 5075 3510 5144 ἀγγέ-

1822 5156 1951 5220 λους
2002 5156 2430 5227 ἐπαισχυνθῖψαι
2476 5156 2576 5227 τὴν
2623 5158 2754 5228 παρ’
2798 5157 2991 5229 ἐκείνῳ
3038 5159 3206 5228 μονήν
3233 5174 3247 5188 ο
3301 5158 3360 5210 οὐ
3400 5156 3509 5229 γὰρ

1823 5238 2187 5311 λαμπρότητα
2244 5239 2424 5301 οἰκίας
2483 5236 2811 5310 ἐπεζήτουν,
2861 5238 2996 5292 ἀλλά
3056 5238 3236 5310 ψυχῆς
3282 5237 3505 5309 ἀρετήν.

1824 5321 2028 5377 Τοῦτον
2068 5321 2133 5393 δὴ
2182 5321 2277 5376 καὶ
2327 5323 2487 5393 ἡμεῖς
2528 5319 2918 5392 μιμησώμεθα,
2966 5320 3262 5390 ἀγαπητοὶ,
3296 5317 3393 5372 καὶ
3435 5321 3507 5372 τὰ

1821 5404 1951 5459 ὄντα
1975 5407 2056 5469 εἰς
2076 5406 2203 5469 τοὺς
2224 5405 2514 5476 δεομένους
2535 5403 2934 5474 ἀναλίσκωμεν.
2971 5401 3415 5472 Ἑσχεδιασμένον
3437 5395 3507 5472 ἦν

1822 5490 1999 5543 ἐκεῖνο
2035 5489 2097 5542 τὸ
2128 5488 2496 5558 καταγώγιον,
2527 5487 2663 5542 ἀλλά
2699 5486 2808 5542 τῶν
2835 5485 3133 5559 βασιλικῶν
3165 5486 3343 5542 αὐλῶν
3364 5484 3507 5556 λαμ-

1822 5573 2086 5644 πρότερον
2118 5567 2208 5642 ἦν.

1893 5654 2157 5719 Βασιλεὺς
2171 5655 2349 5720 οὐδεὶς
2370 5653 2627 5709 οὐδέποτε
2648 5653 2915 5724 ἀγγέλους
2937 5652 3248 5721 ὑπεδέξατο,
3269 5655 3297 5708 6
3322 5654 3379 5709 δὲ
3405 5655 3511 5710 ὐπὸ

1886 5797 1913 5876 ξ
1943 5797 2282 5876 ξίφιριὶὲιίἱ
2307 5797 2472 5876 οὐκὲν
2492 5796 2690 5876 εὐπορος
2720 5796 2794 5876 εἴη
2816 5797 2964 5845 ποτέ..

1886 5860 1917 5921 ἑ
1936 5858 2037 5921 Alii
2053 5861 2151 5908 τῶν
2170 5859 2319 5908 ἰδίων.
2347 5858 2473 5908 Infra
2493 5858 2578 5921 alii
2603 5858 2808 5921 ὐποστῇ.

1894 5920 1913 5984 |_
1942 5920 2025 5984 Sjc
2041 5921 2251 5984 maxima
2269 5933 2384 5984 pars
2399 5932 2518 5969 mss.
2533 5916 2686 5984 Safil.
2701 5916 2868 5984 quiem
2890 5926 2943 5984 ει
2957 5919 3238 5984 Μοτξλτῆς
3259 5919 3502 5982 αἰρέσιως.

1896 5980 1916 6034 ἰ
1955 5980 2142 6033 Omnes
2164 5980 2362 6044 ἐδίδαξε,
2383 5989 2567 6046 prater
2588 5982 2762 6033 Morel.
2787 5982 2871 6046 qui
2892 5982 3042 6032 habet
3067 5982 3230 6034 ιιειει.
