3932 6222
372 390 431 442 4|
1108 372 1169 427 S.
1212 368 1498 427 JOANNIS
1534 365 2029 424 CHIKYSOSTOMI
2066 360 2389 421 ARCHIEI’.
2434 353 2987 415 CONSTANTINUP.
3750 344 3823 398 ιε

366 493 468 564 τὴν
503 489 634 564 δρῦν
674 489 983 560 καθήμενος
1029 487 1244 557 ἐκείνην
1289 488 1385 539 καὶ
1436 484 1678 554 καλύϐην
1728 481 2039 554 πηξάμενος

368 578 574 651 ηΞιώθη
606 578 703 648 τῆς
758 578 925 646 τιμῆς
973 573 1210 643 ταύτης,
1241 573 1301 625 ού
1349 571 1437 625 διὰ
1475 572 1574 641 τὴν
1625 569 1903 623 εὐτέλειαν
1941 570 2041 638 τῆς

367 667 546 731 οἰκίας
586 664 871 737 τιμηθεὶς,
911 662 1046 717 ἀλλά
1084 660 1171 713 διὰ
1207 661 1307 730 τὴν
1357 659 1705 712 πολυτέλειαν
1737 658 1835 727 τῆς
1862 657 2038 727 ψυχῆς

369 756 465 810 καὶ
499 756 589 808 τὸν
618 752 1037 821 ἐναποκείμενον
1076 748 1303 802 πλοῦτον
1330 748 1465 818 αὐτῇ
1500 746 1702 815 ταύτης
1728 745 2040 807 ἀπολαύσας

369 844 469 914 τῆς
497 842 725 913 δωρεᾶς.
757 839 865 891 Καὶ
912 839 1073 907 ήμεῖς
1102 836 1278 888 τοίνυν
1319 836 1393 907 μὴ
1424 834 1520 897 τάς
1547 835 1723 895 οἰκίας
1767 831 2041 886 καλλωπί-

371 931 573 1000 ζωμεν,
625 927 759 981 ἀλλά
804 926 906 997 πρὸ
934 925 1033 995 τῆς
1060 923 1235 987 οἰκίας
1267 923 1363 994 τήν
1397 922 1571 993 ψυχὴν
1604 921 1702 991 τὴν
1745 920 2037 991 ἡμετέραν.

372 1018 496 1081 Πῶς
525 1017 633 1087 γάρ
661 1017 759 1068 οῦκ
805 1012 1023 1085 αἰσχρὸν
1057 1011 1367 1083 μαρμάροις
1397 1011 1494 1080 μὲν
1537 1009 1882 1080 περιϐάλλειν
1915 1008 2041 1070 τοὺς

370 1106 583 1176 τοίχους
604 1105 724 1174 εἰκῆ
764 1103 855 1156 καὶ
887 1102 1084 1172 μάτην,
1112 1100 1202 1152 τὸν
1230 1100 1286 1153 δὲ
1324 1099 1555 1169 Χριστὸν
1581 1097 1786 1167 γυμνὸν
1817 1112 2027 1166 περιερσ

372 1190 599 1260 χύμενον
630 1191 919 1259 περ;ορᾷν;
957 1189 1022 1240 Τί
1053 1205 1135 1239 σοι
1156 1187 1255 1255 τῆς
1289 1188 1461 1247 οἰκίας
1499 1185 1717 1252 ὄφελος,
1752 1182 2031 1248 ἀνθρωπες

373 1272 448 1342 μὴ
471 1270 580 1339 γὰρ
608 1268 787 1321 λαϐὼν
814 1269 983 1336 αὐτὴν
1006 1266 1281 1335 ἀπελεύσῃ
1311 1284 1323 1328 ;
1371 1263 1485 1336 [‘28]
1519 1265 1595 1317 Οὐ
1622 1263 1827 1333 ταύτην
1864 1261 2049 1315 λαϐὼν

368 1358 644 1429 ἀπελεύσῃ
668 1370 715 1420 ε,
742 1357 839 1425 τὴν
865 1356 921 1408 δὲ
944 1355 1118 1424 ψυχὴν
1143 1352 1415 1425 άπελεύσῃ
1446 1353 1658 1415 πάντως
1674 1351 1870 1405 λαϐών.
1909 1351 2042 1404 Ἰδοῡ

370 1441 612 1503 τοιοῦτος
658 1438 897 1500 κίνδυνος
950 1437 1215 1490 κατέλαϐε
1261 1435 1374 1487 νῦν·
1425 1437 1861 1505 παραστήτωσαν
1914 1432 2046 1503 ἡμῖν

372 1530 430 1583 αἰ
461 1527 664 1589 οἰκίαι,
704 1526 1021 1577 λυσάτωσαν
1067 1525 1201 1593 ἡμῖν
1235 1523 1322 1574 τὸν
1356 1520 1733 1591 ἐπηρτημένον
1780 1519 2042 1572 κίνδυνον·

372 1616 485 1669 ἀλλ’
514 1617 575 1669 ού
603 1616 942 1686 δυνήσονται.
980 1613 1088 1665 Καὶ
1120 1612 1395 1681 μάρτυρες
1424 1610 1581 1678 ὑμεῖς
1618 1609 1667 1660 οἱ
1698 1606 2045 1675 καταλιμπά-

373 1719 554 1764 νοντες
595 1702 763 1763 αύτάς
806 1702 1042 1771 ἐρήμους
1066 1739 1080 1758 ,
1114 1699 1205 1750 καὶ
1244 1697 1380 1766 πρὸς
1428 1696 1526 1767 τὴν
1572 1695 1807 1766 ἐρημίαν
1844 1695 2048 1763 ἀποτης-

369 1788 587 1855 δῶντες,
611 1789 862 1860 καθάπερ
903 1790 1136 1857 παγίδας
1188 1791 1283 1843 καὶ
1312 1790 1503 1843 δίκτυα
1541 1789 1853 1852 δεδοικότες.
1909 1790 2041 1859 Βοη-

369 1875 532 1929 θείτω
564 1877 633 1930 τά
663 1879 922 1948 χρήματα
944 1876 1039 1930 νῦν
1057 1893 1072 1906 ο
1097 1876 1213 1929 ἀλλ’
1237 1877 1336 1929 οὐκ
1360 1877 1470 1945 ἔχει
1501 1876 1710 1945 καιρόν.
1743 1876 1805 1928 Εἰ
1830 1876 1885 1927 δέ
1914 1874 2042 1928 ἔνθα

369 1961 657 2033 ἀνθρώπου
690 1964 863 2035 ὀργή,
902 1963 1200 2033 χρημάτων
1244 1963 1525 2033 ἐλέγχεται
1575 1961 1821 2032 δύναμις,
1866 1962 2042 2032 πολλῷ

372 2049 573 2119 μᾶλλον
606 2050 696 2102 ἐπὶ
726 2049 821 2102 τοῦ
853 2050 998 2101 θείου
1029 2050 1122 2102 καὶ
1165 2042 1464 2102 ἀδεκάστου
1502 2049 1851 2119 δικαστηρίου
1886 2048 2043 2100 τοῦτο

368 2136 673 2206 γενήσεται.
693 2138 753 2189 Εἰ
779 2136 1063 2205 ἄνθρωπός
1087 2140 1233 2188 ἐστιν
1256 2138 1282 2187 6
1313 2135 1741 2207 παροξυνόμενος
1767 2136 1860 2188 καὶ
1878 2137 2035 2204 ἀγαν-

367 2222 549 2274 ακτῶν
572 2263 587 2287 ,
624 2222 718 2276 καὶ
786 2222 936 2274 οὐδὲν
967 2224 1116 2293 ημᾶς
1152 2224 1212 2275 τὸ
1239 2225 1464 2292 χρυσίον
1501 2222 1698 2290 ώφελεῖ
1717 2222 1830 2287 νῦν,
1864 2222 2042 2293 πολλῷ

371 2309 573 2379 μᾶλλον
602 2309 956 2380 ὀργιζομένου
1001 2310 1093 2363 τοῦ
1126 2312 1261 2363 Θεοῦ
1292 2311 1383 2364 τοῦ
1424 2311 1496 2381 μὴ
1536 2310 1793 2380 δεομένου
1824 2327 1926 2380 χρη
1937 2311 2041 2379 μά-

366 2414 505 2458 των,
538 2397 827 2467 ἀσθενήσει
858 2398 1076 2461 πάντως
1109 2398 1204 2450 τοῦ
1242 2400 1467 2468 χρυσίου
1496 2401 1529 2469 ἡ
1561 2398 1809 2467 δύναμις.
1849 2397 2043 2459 Οἰκίας

367 2483 817 2554 οἰκοδομούμεθα,
863 2486 949 2536 ἵνα
976 2485 1236 2554 οἰκῶμεν,
1263 2487 1359 2555 οὐχ
1386 2485 1471 2537 ἴνα
1503 2483 1917 2554 φιλοτιμώμεθα
1970 2484 2042 2535 Τὸ

370 2571 552 2639 μεῖζον
578 2570 679 2639 τῆς
709 2571 919 2641 χρείας,
951 2571 1204 2639 περιττὸν
1235 2572 1333 2636 τῆς
1363 2571 1553 2641 χρείας
1582 2570 1697 2622 ἐστὶ
1736 2571 1829 2622 καὶ
1869 2570 2043 2641 ἄχρη-

370 2674 513 2711 στον.
562 2657 857 2726 ’Υπόδησαι
907 2659 1159 2728 ὑπόδημα
1198 2657 1291 2710 τοῦ
1338 2659 1495 2720 ποδὸς
1540 2656 1757 2728 μεῖζον·
1794 2657 1910 2710 ἀλλ’
1942 2659 2042 2710 οὐκ

367 2744 531 2814 ἀνέξῃ
557 2761 569 2774 ’
614 2743 894 2814 ἐμποδίζει
920 2746 1029 2815 γάρ
1068 2762 1149 2797 σοι
1181 2745 1317 2815 πρὸς
1359 2747 1456 2815 τὴν
1490 2744 1730 2812 βάδισιν·
1770 2744 1912 2798 οὕτω
1949 2748 2042 2798 καὶ

366 2833 515 2886 οἰκία
564 2833 764 2903 μείζων
811 2835 908 2903 τῆς
935 2833 1124 2902 χρείας
1156 2833 1435 2902 ἐμποδίζει
1475 2833 1611 2904 πρὸς
1640 2831 1739 2903 τὴν
1771 2835 1852 2896 εἰς
1879 2833 2044 2904 ούρα-

367 2920 491 2982 νοὺς
528 2921 858 2991 ἀποδημίαν.
903 2920 1090 2973 Βούλει
1137 2920 1396 2990 λαμπράς
1429 2922 1522 2973 καὶ
1563 2919 1806 2989 μεγάλας
1838 2921 2043 2973 οἰκοδο-

369 3010 491 3079 μεῖν
521 3009 698 3072 οἰκίας
724 3027 738 3072 ;
767 3009 828 3061 ού
858 3008 1071 3073 κωλύω,
1109 3008 1244 3061 ἀλλά
1281 3009 1356 3078 μὴ
1388 3009 1480 3062 ἐπὶ
1507 3009 1613 3078 γῆς
1637 3025 1649 3038 ·
1685 3007 2043 3080 οίκοδόμησον

369 3098 575 3165 σκηνὰς
623 3099 681 3148 ἐν
710 3096 991 3167 οὐρανοῖς,
1025 3097 1111 3149 ἵνα
1168 3097 1262 3149 καὶ
1307 3096 1528 3166 ἐτέρους
1559 3096 1919 3161 ὑποδέξασθαι
1948 3098 2043 3150 δυ-

366 3183 557 3253 νηθῇς,
610 3184 812 3253 σκηνὰς
868 3184 1122 3236 οὐδέποτε
1180 3183 1613 3253 καταλυομένας.
1672 3184 1737 3236 Τί
1792 3185 2045 3256 μέμηνας

369 3271 498 3341 περὶ
519 3269 589 3322 τά
618 3270 909 3338 φεύγοντα,
944 3271 1038 3323 καὶ
1065 3271 1130 3323 τά
1166 3270 1351 3324 ἐνθάδε
1390 3271 1652 3341 μένοντα;
1697 3272 1863 3325 Οὐδὲν
1908 3290 2045 3343 σφα-

367 3358 669 3431 λερώτερον
702 3360 953 3424 πλούτου,
986 3365 1226 3431 σήμερον
1256 3362 1394 3432 μετά
1424 3363 1540 3428 σοῦ,
1565 3364 1660 3416 καὶ¹
1689 3362 1875 3435 αὔριον
1905 3364 2044 3418 κατὰ

368 3446 463 3502 σοῦ
485 3487 500 3508 ,
527 3450 652 3511 τοὺς
679 3446 788 3500 τῶν
834 3448 1120 3518 βασκάνων
1147 3450 1458 3521 ὀφθαλμοὺς
1487 3452 1697 3517 ὁπλίζει
1742 3453 2008 3507 πάντοθεν
2026 3471 2040 3484 ο

368 3534 627 3605 πολέμιός
678 3538 826 3589 ἐστιν
865 3537 1191 3606 ὀμόσκηνος,
1223 3540 1414 3608 ἐχθρὸς
1464 3540 1745 3604 σύνοικος*
1782 3543 1874 3595 καὶ
1902 3543 2043 3613 μάρ-

366 3639 529 3692 τυρες
557 3624 717 3693 ὑμεῖς
745 3626 792 3675 οἰ
825 3626 1172 3694 κεκτημένοι,
1195 3627 1243 3678 οί
1278 3628 1444 3680 παντὶ
1466 3630 1653 3699 τρόπῳ
1684 3629 2046 3700 κατορύττον-

367 3727 460 3774 τες
492 3711 653 3763 αὑτὸν
693 3713 788 3764 καὶ
818 3713 1266 3783 ἀποκρύπτοντες
1291 3731 1303 3745 ·
1336 3716 1458 3767 ἐπεὶ
1500 3718 1595 3769 καὶ
1630 3716 1725 3770 νῦν
1747 3718 1838 3770 τὸν
1865 3718 2046 3771 κίνδυ-

369 3814 459 3853 νον
485 3799 884 3870 ἀφορητότερον
930 3802 1059 3869 ἡμῖν
1079 3803 1105 3853 6
1130 3801 1356 3865 πλοῦτος
1378 3806 1538 3854 ποιεῖ.
1580 3804 1744 3874 Ὁρᾷς
1766 3806 1896 3872 γοῦν
1919 3807 2045 3870 τοὺς

372 3886 473 3956 μὲν
508 3886 748 3956 πένητας
801 3886 1068 3951 εὐζώνους
1108 3889 1202 3942 καὶ
1253 3889 1710 3959 ἀπολελυμένους,
1762 3892 1854 3945 καὶ
1911 3893 2046 3963 πρὸς

370 3977 586 4029 ἅπαντα
630 3978 1215 4047 παρεσκευασμένους·
1249 3980 1373 4041 τοὺς
1401 3979 1458 4032 δέ
1506 3980 1794 4044 πλουσίους
1844 3981 2045 4052 πολλὴν

369 4065 593 4135 Εχοντας
616 4064 901 4119 δυσκολίαν
924 4107 939 4131 ,
985 4066 1077 4118 καὶ
1105 4068 1415 4138 περιιόντας
1440 4107 1454 4131 ,
1490 4071 1581 4121 καί
1618 4066 1916 4138 ζητοῦντας
1942 4072 2044 4123 ποῦ

366 4154 429 4206 τὸ
454 4153 675 4224 χρυσίον
707 4151 1069 4225 κατορύξωσι,
1102 4154 1399 4224 ζητοῦντας
1427 4155 1531 4208 τίνι
1557 4158 1877 4210 κατάθοιντο
1896 4160 1945 4211 b.
1980 4159 2045 4210 Τί

369 4239 552 4312 ζητεῖς
573 4279 588 4303 ,
632 4240 905 4312 ἄνθρωπε,
936 4244 1062 4305 τοὺς
1095 4242 1451 4313 ὁμοδούλους;
1485 4244 1716 4316 ἕστηκεν
1744 4248 1773 4298 6
1812 4245 2046 4317 Χριστὸς

369 4330 584 4398 ἕτοιμος
607 4328 991 4392 ὑποδέξασθαι,
1026 4332 1121 4383 καὶ
1148 4332 1384 4401 τηρῆσαί
1413 4349 1495 4384 σοι
1522 4332 1619 4395 τὰς
1656 4333 2046 4404 παρακαταθή-

372 4433 512 4481 κας,
541 4416 662 4484 ούχί
694 4419 930 4487 τηρῆσαι
968 4416 1023 4469 δὲ
1064 4421 1246 4488 μόνον,
1287 4418 1428 4472 ἀλλά
1473 4419 1567 4472 καὶ
1602 4420 1913 4484 πλεονάσαι,
1951 4421 2045 4474 καὶ

373 4504 512 4576 μετά
542 4503 745 4573 πολλῆς
776 4502 1179 4575 ἀποδοῦναιτῆς
1209 4506 1529 4577 προσθήκης
1552 4525 1566 4537 ε
1608 4508 1673 4559 ἐκ
1702 4508 1799 4577 τῆς
1836 4508 2043 4561 ἐκείνου

369 4594 550 4666 χειρὸς
581 4594 755 4657 οὐδεὶς
783 4593 1038 4664 ἁρπάζει.
1071 4595 1144 4646 Ού
1162 4598 1320 4665 τηρεῖ
1337 4595 1393 4648 δέ
1425 4596 1583 4666 μόνον
1600 4596 1699 4659 τὰς
1732 4614 2048 4669 παρακατα-

371 4682 564 4752 θήκας,
603 4682 742 4737 ἀλλά
772 4683 867 4734 καὶ
900 4682 1039 4752 ὑπὲρ
1071 4682 1236 4734 αὐτοῦ
1265 4682 1455 4736 τούτου
1489 4683 1604 4737 λύει
1635 4702 1714 4738 σοι
1766 4687 1892 4750 τοὺς
1923 4704 2045 4741 κιν-

369 4771 579 4835 δύνους.
631 4771 753 4824 Ἐπί
784 4770 882 4841 μὲν
912 4770 1022 4841 γὰρ
1064 4770 1173 4824 τῶν
1216 4770 1520 4842 ἀνθρώπων
1563 4774 1611 4826 οἰ
1640 4772 1922 4843 δεξάμενοι
1946 4776 2046 4839 τάς

372 4858 843 4930 παρακαταθήκας
867 4858 1026 4928 χάριν
1054 4860 1183 4928 ἡμῖν
1205 4858 1494 4912 δεδωκέναι
1520 4861 1819 4931 νομίζουσι,
1846 4863 2043 4931 φυλάτ-

369 4965 553 5011 τοντες
590 4948 734 5019 άπερ
778 4947 1003 5000 ἔλαϐον·
1055 4949 1146 5000 ἐπὶ
1180 4949 1235 5001 δὲ
1276 4950 1370 5002 τοῦ
1415 4950 1651 5020 Χριστοῦ
1701 4952 2041 5006 τούναντίον·

368 5037 431 5090 ού
464 5037 574 5106 γάρ
622 5036 913 5090 δεδωκέναι
967 5036 1126 5108 χάριν
1153 5076 1167 5098 ,
1215 5037 1329 5091 ἀλλ’
1383 5038 1663 5109 εἰληφέναι
1702 5042 1881 5111 χάριν,
1917 5042 2044 5095 ὅταν

368 5124 591 5196 δέξηται
618 5140 711 5177 σου
745 5124 845 5187 τὰς
890 5123 1382 5196 παρακαταθήκας,
1424 5128 1607 5195 φησὶν,
1650 5129 1743 5180 καί¹
1777 5129 1917 5201 ὑπὲρ
1946 5131 2045 5200 τῆς

370 5212 617 5283 φυλακῆς
650 5212 845 5283 αὐτῆς,
878 5211 945 5282 ἥν
980 5213 1109 5282 περὶ
1145 5210 1214 5265 τά
1261 5214 1521 5284 χρήματα
1566 5215 1932 5270 ἐπιδείκνυται
1978 5219 2043 5272 τά

373 5301 464 5369 σά,
498 5302 599 5354 οὐκ
624 5301 847 5355 ἀπαιτεῖ
883 5317 941 5353 σε
972 5299 1181 5371 μισθὸν,
1211 5300 1350 5353 ἀλλά
1373 5300 1556 5354 δίδωσί
1589 5319 1670 5354 σοι
1692 5301 1903 5371 μισθόν.

443 5396 516 5455 ς’.
545 5391 610 5443 Ἀ
622 5406 689 5462 ρα
718 5388 864 5453 τίνος
884 5388 950 5442 ἂν
965 5390 1049 5461 εῖη
1059 5406 1158 5460 μεν
1170 5389 1464 5458 ἀπολογίας
1480 5389 1641 5456 ἄξιοι,
1668 5391 1812 5453 τίνος
1828 5391 1885 5444 δὲ
1915 5409 2048 5461 συγ-

373 5477 593 5550 γνώμης
618 5519 633 5543 ,
672 5478 807 5532 ὅταν
861 5478 1298 5550 παρατρέχοντες
1333 5478 1424 5531 τὸν
1472 5479 1567 5532 καὶ
1612 5479 1844 5549 φυλάξαι
1882 5480 2045 5535 δυνάυ

375 5578 556 5631 μενον,
590 5562 685 5615 καὶ
712 5563 872 5633 χάριν
899 5562 1038 5632 ὑπὲρ
1068 5561 1168 5631 τῆς
1200 5559 1449 5631 φυλακῆς
1478 5561 1675 5627 εἰδότα,
1703 5564 1796 5616 καὶ
1821 5564 2047 5634 μισθοὺς

370 5646 715 5718 ἀπορρήτους
738 5647 830 5699 καὶ
858 5646 1129 5716 μεγάλους
1168 5644 1495 5714 ἀποδιδόντα,
1514 5645 1636 5698 ἀντὶ
1666 5647 1764 5717 τῆς
1799 5647 2046 5718 φυλακῆς

368 5728 573 5800 ταύτης
618 5731 731 5793 τοῖς
766 5729 909 5783 κατά
935 5729 1035 5801 τὴν
1085 5728 1333 5799 φυλακήν
1366 5729 1569 5800 ταύτην
1602 5730 1918 5784 ἀσθενοῦσιν
1955 5729 2049 5782 άν-

432 5868 461 5897 ι
483 5867 555 5934 οὐ
577 5866 751 5924 ταύτην
773 5868 816 5913 λ.
843 5866 979 5934 ἀπελ.
1007 5866 1142 5927 Ηιυο,
1168 5869 1215 5916 in
1238 5868 1421 5934 Savil‘io
1440 5882 1699 5934 εχρτοεειι,
1723 5876 1780 5921 ιιι
1797 5884 1908 5934 qua)
1931 5883 2047 5921 scn—

376 5931 546 5978 lentim
566 5933 730 6039 rat-les
752 5930 940 5997 optime
961 5935 1272 5991 conuectant,
1299 5930 1583 5994 adjecimds.
1620 5932 1755 5984 Εοιτ.

436 5988 464 6027 ι’
485 5989 563 6039 Αίὶ
613 5991 1037 6039 παρακαταθοιντο.

436 5988 464 6027 ι’
485 5988 583 6039 Alii
613 5988 1037 6051 παρακατάθοιντο.

2146 476 2409 551 Θρώποις,
2455 476 2550 529 καὶ
2596 474 2753 544 χάριν
2797 472 2929 541 ήμῖν
2962 466 3165 523 διδόναι
3208 463 3511 534 νομίξουσι,
3545 459 3643 551 καλ

2146 546 2288 620 αῦτά
2315 564 2384 618 τὰ
2409 564 2662 634 διδόμενα
2688 556 3027 614 ἀποδιδοῦσιν
3063 554 3188 607 ὕστε
3199 570 3308 624 ρον,
3336 551 3563 615 ἐκείνοις
3590 549 3660 603 τά
3685 546 3823 619 ἡμί-

2139 669 2273 723 τερα
2321 650 2747 721 ἐγχειρίζωμεν;
2809 648 2971 709 Ξένος
3024 642 3076 698 εἷ
3128 646 3223 697 καὶ
3274 643 3655 715 παρεπίδημος
3709 642 3819 693 τῶν

2140 734 2372 790 ἐνταῦθα
2390 751 2404 799 ;
2430 733 2662 803 πατρίδα
2683 731 2830 801 ἔχεις
2849 731 2909 782 ἐν
2935 729 2995 781 οὑ
3005 731 3204 799 ρανοῖς,
3230 728 3408 781 πάντα
3429 727 3546 779 ἐκεῖ
3562 723 3819 796 μετάθες,

2141 822 2258 897 [29]
2300 823 2388 875 ἵνα
2415 820 2512 873 καὶ
2548 818 2655 891 πρὸ
2695 820 2797 889 τῆς
2828 816 3182 879 ἀπολαύσεως
3224 813 3454 868 ἐνταῦθα
3503 810 3823 884 ἀπολαύσῃς

2139 913 2240 983 τῆς
2261 911 2517 983 ἀμοιϐῆς.
2558 911 2618 962 '0
2642 907 2749 979 γάρ
2775 909 3041 979 χρησταῖς
3064 905 3492 976 συντρεφόμενος
3519 903 3704 956 ἐλπίσι
3727 901 3823 956 καὶ

2140 1001 2269 1073 περὶ
2316 999 2424 1053 τῶν
2463 997 2768 1069 μελλόντων
2803 993 3056 1066 θαρρῶν,
3096 991 3347 1045 ἐντεῦθεν
3382 993 3485 1062 ήδη
3515 990 3618 1061 τῆς
3659 990 3824 1059 βασι-

2140 1086 2288 1151 λείας
2332 1085 2623 1154 ἐγεύσατο.
2658 1083 2823 1136 Οὐδὲν
2850 1082 2959 1152 γάρ
2990 1080 3132 1134 οὓτω
3157 1079 3333 1151 ψυχὴν
3359 1079 3548 1131 εἴωθεν
3582 1077 3824 1130 ἀνακτᾶ-

2142 1175 2267 1248 σθαι
2300 1175 2395 1228 καὶ
2434 1173 2641 1244 ἀμείνω
2671 1174 2845 1224 ποιεῖν
2866 1211 2881 1236 ,
2930 1170 3007 1233 ὡς
3040 1172 3073 1240 ή
3124 1168 3336 1241 χρηστὴ
3374 1168 3482 1220 τῶν
3516 1167 3825 1237 μελλόντων

2140 1264 2313 1327 ἐλπὶς,
2339 1262 2433 1316 ἐὰν
2459 1264 2575 1315 ἐκεῖ
2600 1259 2842 1331 μεταθῇς
2862 1257 2955 1311 τὸν
2985 1255 3235 1322 πλοῦτον,
3262 1257 3354 1309 καὶ
3379 1256 3478 1326 τῆς
3501 1254 3677 1325 ψυχῆς
3702 1254 3828 1307 ἐπι-

2144 1349 2356 1422 μελήσῃ
2382 1351 2485 1419 τῆς
2517 1348 2747 1400 σεαυτοῦ
2788 1345 2925 1417 μετὰ
2958 1344 3155 1415 σχολῆς
3187 1345 3287 1414 τῆς
3320 1343 3723 1415 προσηκούσης.
3757 1343 3825 1395 Οἰ

2144 1436 2242 1505 μὲν
2271 1436 2378 1506 γάρ
2417 1435 2636 1490 ἃπασαν
2664 1434 2763 1503 τὴν
2796 1431 3033 1502 σπουδὴν
3075 1432 3154 1494 εἰς
3192 1430 3283 1483 τὸν
3312 1429 3697 1500 καλλωπισμὸν
3728 1447 3827 1483 κε-

2141 1524 2357 1587 νοῦντες
2409 1523 2511 1592 τῆς
2545 1521 2754 1576 ἑαυτῶν
2808 1520 3019 1587 οἰκίας,
3052 1523 3110 1573 ἐν
3139 1522 3251 1583 τοῖς
3288 1519 3393 1583 ἔξω
3441 1519 3826 1586 πλουτοῦντες,

2141 1610 2407 1681 ἀμελοῦσι
2431 1611 2542 1663 τῶν
2562 1609 2731 1672 ἔνδον,
2756 1608 2962 1680 ἔρημον
2990 1608 3083 1661 καὶ
3110 1607 3407 1677 αὐχμῶσαν
3430 1608 3523 1660 καὶ
3548 1607 3829 1677 ἀραχνίων

2150 1698 2429 1767 γέμουσαν
2459 1695 2825 1768 περιορῶντες
2858 1707 2879 1734 ο
2912 1695 3010 1765 τὴν
3048 1696 3254 1747 ἑαυτῶν
3291 1694 3502 1765 ψυχήν·
3530 1695 3596 1748 ἂν
3622 1695 3678 1747 δέ
3712 1693 3829 1748 τῶν

2142 1786 2339 1850 ἔξωθεν
2377 1786 2773 1857 ἀμελήσαντες,
2799 1786 2878 1847 εἰς
2911 1785 3011 1854 τὴν
3042 1783 3248 1838 ἑαυτῶν
3279 1783 3518 1836 διάνοιαν
3559 1783 3657 1852 τὴν
3684 1799 3828 1853 προ-

2143 1871 2344 1942 θυμίαν
2367 1871 2827 1926 καταναλώσωσιν
2858 1872 3098 1933 ἃπασαν,
3130 1871 3468 1941 πανταχόθεν
3494 1871 3662 1941 αὐτὴν
3684 1870 3828 1923 καλ-

2141 1960 2491 2023 λωπίζοντες,
2550 1959 2891 2029 καταγώγιον
2922 1959 3079 2013 ἔσται
3121 1959 3201 2030 τῷ
3233 1959 3455 2031 Χριστῷ
3504 1959 3613 2012 τῶν
3645 1958 3828 2013 τοιού·

2142 2065 2251 2101 των
2305 2048 2612 2119 ἀνθρώπων
2661 2051 2693 2119 ή
2730 2049 2873 2118 ψυχή
2902 2065 2914 2077 ·
2955 2048 3049 2100 τοῦ
3097 2048 3153 2100 δὲ
3202 2049 3292 2101 τὸν
3338 2048 3571 2116 Χριστὸν
3607 2046 3829 2118 ἔχοντος

2144 2135 2379 2196 ἐνοικον,
2413 2137 2466 2188 τί
2517 2136 2712 2205 γένοιτ’
2746 2135 2812 2189 ἂν
2855 2134 3271 2207 μακαριώτερον
3330 2135 3586 2200 πώποτε;
3635 2135 3828 2190 Βούλει

2144 2223 2394 2277 πλουτεῖν
2423 2240 2435 2285 ς
2461 2223 2549 2293 ἔχε
2581 2223 2734 2291 φίλον
2767 2223 2856 2276 τὺν
2881 2222 3035 2283 Θεὸν,
3068 2223 3163 2277 καὶ
3197 2222 3414 2275 πάντων
3448 2222 3830 2294 εὐπορώτερος

2143 2309 2257 2381 ἔσῃ.
2302 2309 2489 2362 Βούλει
2538 2310 2823 2376 πλουτεῖν;
2861 2309 2934 2379 μὴ
2965 2309 3105 2379 μέγα
3136 2312 3321 2380 φρόνει
3350 2327 3361 2339 ·
3395 2309 3553 2363 τοῦτο
3587 2312 3646 2363 ού
3688 2310 3830 2381 πρὸς

2144 2397 2212 2448 τΞι
2260 2397 2555 2466 μέλλοντα,
2593 2398 2729 2450 ἀλλά
2778 2399 2870 2451 καὶ
2909 2398 3046 2467 πρὸς
3097 2398 3167 2451 τά
3216 2398 3458 2469 παρόντα
3488 2398 3825 2469 ἐπιτήδειον·

2143 2482 2296 2537 ούδέν
2354 2485 2463 2555 γὰρ
2520 2483 2693 2547 οὕτως
2728 2483 3049 2553 ἐπίφθονον,
3095 2485 3170 2548 ώς
3217 2484 3504 2557 ἄνθρωπος
3546 2485 3827 2538 πλουτῶν*

2142 2570 2270 2623 ὅταν
2296 2570 2351 2623 δὲ
2378 2570 2473 2624 καὶ
2502 2572 2730 2624 ἀπόνοια
2765 2573 2939 2641 προσῇ
2960 2611 2974 2635 ,
3008 2571 3230 2635 διπλοῦς
3266 2574 3293 2625 6
3317 2573 3562 2643 κρημνὸς
3592 2573 3825 2641 γίνεται,

2144 2656 2519 2730 χαλεπώτερος
2558 2657 2709 2729 παρὰ
2734 2658 2951 2711 πάντων
2975 2660 3002 2711 ὁ
3028 2658 3282 2729 πόλεμος,
3309 2661 3404 2712 Ἂν
3428 2660 3482 2711 δὲ
3511 2658 3829 2730 μετριάζειν

2144 2744 2309 2815 εἰδῇς,
2355 2746 2637 2817 ὑποτέμνῃ
2670 2744 2697 2784 ἀ
2736 2748 2801 2816 τῇ
2854 2745 3328 2819 ταπεινοφροσύνῃ
3380 2747 3480 2816 τῆς
3526 2746 3828 2816 βασκανίας

2143 2833 2241 2904 τὴν
2270 2836 2582 2906 τυραννίδα,
2612 2836 2704 2888 καὶ
2736 2834 2875 2904 μετὰ
2901 2834 3203 2903 ἀσφαλείας
3228 2835 3373 2906 ἔχεις
3397 2837 3541 2907 άπερ
3581 2836 3647 2889 ἂν
3674 2836 3824 2909 ἔχῃς.

2145 2921 2382 2993 Τοιαύτη
2416 2922 2524 2992 γάρ
2555 2922 2657 2993 τῆς
2679 2922 2882 2994 ἀρετῆς
2914 2925 2947 2994 ἡ
2979 2923 3159 2993 φύσις,
3197 2924 3257 2976 οὐ
3292 2923 3427 2994 πρὸς
3462 2924 3531 2977 τά
3562 2924 3828 2994 μέλλοντα

2144 3010 2289 3080 ἡμᾶς
2326 3010 2528 3079 ὠφελεῖ
2557 3011 2715 3080 μόνον
2740 3050 2754 3072 ,
2791 3010 2924 3064 ἀλλά
2958 3011 3052 3063 καὶ
3095 3010 3345 3064 ἐντεῦθεν
3381 3011 3483 3082 ήδη
3520 3011 3706 3064 δίδωσι
3729 3011 3829 3074 τὰς

2145 3097 2399 3168 ἀμοιϐάς.
2434 3098 2526 3167 Μὴ
2564 3098 2744 3150 τοίνυν
2795 3098 2937 3167 μέγα
2995 3098 3280 3169 φρονῶμεν
3327 3099 3419 3151 ἐπὶ
3461 3099 3538 3170 τῷ
3587 3099 3824 3170 πλούτῳ,

2144 3183 2281 3238 ἀλλά
2317 3184 2454 3257 μηδὲ
2483 3187 2567 3253 ἐφ’
2589 3186 2762 3255 ἑτέρῳ
2791 3185 2999 3254 μηδενί.
3034 3186 3097 3237 Εἰ
3124 3185 3232 3254 γάρ
3265 3185 3358 3238 ἐπὶ
3386 3188 3501 3248 τοῖς
3530 3204 3829 3258 πνευματι·

2146 3276 2260 3337 κοῖς
2289 3275 2317 3326 6
2353 3274 2497 3344 μέγα
2544 3273 2756 3345 φρονῶν
2789 3274 2995 3344 οἴχεται
3025 3274 3118 3327 καὶ
3144 3273 3389 3326 ἀπόλωλε
3417 3315 3430 3335 ,
3466 3275 3643 3345 πολλῷ
3691 3275 3827 3345 μᾶλ-

2144 3359 2235 3412 λον
2268 3361 2359 3413 ἐπὶ
2397 3364 2507 3423 τοῖς
2539 3363 2840 3431 σαρκικοῖς.
2886 3361 3261 3431 Ἑννοήσωμεν
3305 3361 3464 3431 ήμῶν
3505 3363 3605 3434 τὴν
3640 3364 3827 3431 φύσιν,

2145 3448 2593 3518 ἀναλογισώμεθα
2637 3448 2793 3518 ήμῶν
2836 3448 2904 3502 τά
2931 3449 3338 3521 ἁμαρτήματα,
3389 3450 3648 3521 μάθωμεν
3682 3452 3831 3517 τίνες

2146 3536 2352 3606 ἐσμὲν,
2408 3536 2504 3588 καὶ
2556 3538 2717 3606 ἀρκεῖ
2770 3535 2929 3589 τοῦτο
2963 3538 3043 3599 εἰς
3090 3537 3271 3602 πάσης
3321 3538 3833 3611 ταπεινοφροσύνης

2147 3624 2276 3694 ήμῖν
2308 3623 2583 3677 ὑπόθεσιν.
2618 3626 2707 3695 Μή
2743 3641 2831 3693 μοι
2862 3623 3006 3691 λέγε,
3040 3624 3122 3676 ὅτι
3154 3624 3338 3677 Τόσων
3365 3626 3459 3677 καὶ
3492 3626 3665 3678 τόσων
3691 3627 3835 3680 ἐτῶν

2146 3712 2437 3781 προσόδους
2471 3713 2845 3781 ἀποκειμένας
2888 3710 3031 3781 ἔχω,
3078 3711 3303 3782 χρυσίου
3348 3713 3582 3767 τάλαντα
3634 3715 3831 3785 μυρία,

2149 3804 2311 3876 κέρδη
2362 3804 2483 3857 καθ’
2518 3802 2755 3873 ἐκάστην
2796 3802 3200 3872 προσγινόμενα
3239 3802 3336 3872 τὴν
3367 3804 3601 3875 ἡμέραν.

2220 3894 2355 3945 ’Ὀσα
2384 3891 2449 3943 ἂν
2473 3892 2651 3963 εἴπῃς,
2689 3890 2863 3942 πάντα
2890 3891 3013 3959 εἰκῆ
3037 3890 3132 3943 καὶ
3160 3891 3335 3962 μάτην
3360 3893 3500 3962 ἐρεῖς
3517 3910 3530 3923 ·
3560 3891 3831 3957 πολλάκις

2147 3980 2205 4031 ἐν
2234 3977 2353 4050 ώρα
2390 3979 2508 4048 μιᾷ,
2534 3979 2627 4031 καὶ
2655 3977 2884 4049 βραχείᾳ
2911 3976 3104 4047 καιροῦ
3140 3980 3301 4048 ῥοπῇ.
3330 3978 3585 4049 καθάπερ
3616 3979 3829 4049 ἀνέμου

2148 4066 2549 4137 προσπεσόντος
2609 4064 2812 4118 ἀνωθεν
2867 4064 3017 4127 κόνις
3068 4064 3404 4135 εύρίπιστος,
3460 4064 3603 4117 οῦτω
3649 4065 3831 4117 ταῦτα

2146 4153 2323 4206 πάντα
2352 4153 2651 4221 ἐκφυσᾶται
2677 4152 2776 4222 τῆς
2803 4152 2997 4214 οἰκίας.
3026 4151 3135 4204 Καὶ
3159 4150 3364 4205 τούτων
3405 4152 3623 4223 πλήρης
3658 4152 3761 4221 μὲν
3800 4155 3830 4206 6

2148 4240 2261 4310 βίος
2292 4242 2425 4311 ἡμῖν
2458 4239 2564 4294 τῶν
2602 4238 3081 4310 παραδειγμάτων,
3136 4239 3364 4311 πλήρεις
3411 4239 3468 4293 δὲ
3509 4242 3565 4293 αἱ
3609 4239 3646 4291 Γ
3652 4242 3829 4311 ραφαὶ

2145 4322 2252 4376 τῶν
2276 4322 2638 4392 διδαγμάτων·
2664 4323 2693 4374 6
2723 4323 2962 4392 σήμερον
2988 4320 3261 4385 πλούσιος,
3305 4320 3493 4396 αὔριον
3516 4322 3705 4393 πένης.
3732 4324 3830 4377 Διὸ

2146 4407 2239 4459 καὶ
2258 4405 2515 4467 πολλάκις
2539 4405 2776 4473 ἐγέλασα
2808 4403 3072 4475 διαθήκας
3103 4404 3493 4473 ἀναγινώσκων
3537 4404 3826 4474 λεγούσας·

2159 4490 2215 4543 '0
2234 4489 2384 4542 δεῖνα
2440 4488 2539 4559 μὲν
2567 4489 2738 4558 ἐχέτω
2770 4486 2866 4559 τὴν
2893 4488 3210 4541 δεσποτείαν
3241 4488 3352 4541 τῶν
3397 4487 3605 4560 ἀγρῶν,
3653 4487 3687 4558 ἢ
3724 4488 3830 4553 τῆς

2143 4573 2340 4639 οἰκίας,
2384 4571 2486 4642 τὴν
2515 4571 2572 4623 δὲ
2615 4571 2809 4642 χρῆσιν
2851 4571 3040 4635 ἄλλος’
3082 4571 3283 4635 πάντες
3322 4571 3432 4643 γὰρ
3485 4573 3584 4643 τὴν
3625 4571 3828 4643 χρῆσιν

2148 4654 2361 4725 ἔχομεν,
2397 4655 2496 4725 τὴν
2523 4654 2835 4708 δεσποτείαν
2861 4654 2917 4706 δέ
2946 4654 3137 4717 οὐδείς.
3167 4655 3288 4708 Κάν
3315 4655 3425 4725 γάρ
3457 4654 3608 4725 παρά
3636 4656 3827 4709 πᾶσαν

2148 4741 2278 4808 ἡμῖν
2298 4740 2397 4810 τὴν
2422 4737 2566 4808 ζωὴν
2600 4738 2890 4810 παραμένῃ
2918 4737 3186 4808 μηδεμίαν
3217 4737 3518 4808 μεταϐολὴν
3542 4740 3570 4791 ὁ
3592 4737 3827 4800 πλοῦτος

2145 4823 2453 4894 δεχόμενος,
2490 4823 2580 4876 καὶ
2615 4823 2831 4885 ἑκόντες
2870 4823 2964 4875 καὶ
3011 4823 3235 4885 ἄκοντες
3274 4823 3331 4875 ἐν
3357 4824 3422 4893 τῇ
3462 4821 3687 4891 τελευτῇ
3716 4838 3825 4874 πα-

2149 4908 2540 4979 ραχωρήσομεν
2564 4906 2791 4976 ἐτέροις,
2827 4905 2927 4975 τὴν
2956 4906 3150 4976 χρῆσιν
3193 4905 3358 4958 αὐτοῦ
3393 4905 3825 4975 καρπωσάμενοι

2149 4987 2328 5056 μόνον,
2356 4988 2453 5058 τῆς
2482 4988 2800 5050 δεσποτείας
2831 4987 2888 5039 δὲ
2918 4989 3116 5058 γυμνοὶ
3152 4989 3247 5040 καὶ
3285 4988 3480 5059 ἔρημοι
3505 4988 3643 5058 πρὸς
3678 4990 3827 5041 ἐκεί-

2145 5087 2243 5140 νην
2283 5071 2691 5143 ἀποδημοῦντες
2740 5070 2839 5142 τὴν
2887 5071 3053 5142 ζωήν.
3078 5071 3243 5126 Ὅθεν
3289 5071 3470 5141 δῆλον,
3500 5072 3582 5124 ὅτι
3618 5073 3825 5127 ἐκεῖνοι

2149 5154 2298 5224 μόνοι
2326 5154 2425 5225 τὴν
2455 5154 2769 5208 δεσποτείαν
2792 5154 3025 5225 ἔχουσιν,
3049 5156 3099 5208 οί
3125 5155 3219 5208 καλ⁸
3240 5156 3340 5226 τῆς
3365 5157 3613 5227 χρήσεως
3650 5157 3825 5213 αὐτοῦ

2146 5240 2673 5303 καταφρονήσαντες,
2720 5237 2814 5289 καὶ
2867 5238 2968 5305 τῆς
3021 5239 3368 5291 ἀπολαύσεως
3413 5238 3823 5302 καταγελάσαν-

2140 5336 2252 5383 τες.
2312 5319 2371 5369 '0
2417 5316 2527 5386 γάρ
2570 5314 2641 5366 τά
2689 5313 2818 5365 ὄντα
2867 5310 3067 5382 ῥίψας,
3114 5312 3208 5363 καὶ
3257 5313 3366 5375 τοῖς
3411 5312 3640 5382 πένησιν
3680 5317 3827 5372 αύτά

2141 5402 2373 5469 διδοὺςο,
2406 5396 2676 5469 ἐχρήσατό
2718 5412 2779 5448 τε
2811 5395 2889 5457 είς
2930 5394 3047 5446 δέον
3092 5396 3206 5456 τοῖς
3251 5389 3407 5461 οῦσι,
3452 5396 3549 5448 καὶ
3589 5398 3688 5467 τὴν
3736 5400 3825 5453 δε-

2146 5487 2404 5543 σποτείαν
2428 5484 2605 5540 αὐτῶν
2629 5482 2768 5554 ἔχων
2799 5480 3061 5552 ἀπῆλθεν,
3089 5479 3213 5533 οὐδὲ
3235 5483 3293 5534 ἐν
3322 5482 3468 5553 αὐτῷ
3499 5481 3578 5553 τῷ
3602 5484 3823 5558 θανάτῳ

2144 5575 2242 5644 τῆς
2263 5573 2511 5642 κτήσεως
2534 5567 2814 5621 ἐκπίπτων
2830 5564 3066 5635 ἐκείνης,
3088 5562 3201 5637 [50]
3223 5563 3337 5618 ἀλλ’
3354 5567 3411 5620 ἐν
3428 5566 3621 5637 ἐκείνῳ
3642 5570 3825 5624 πάντα

2145 5656 2546 5728 ἀπολαμϐάνων
2574 5651 2652 5723 τῷ
2691 5649 2901 5720 καιρῷ,
2951 5650 3047 5704 καὶ
3088 5649 3268 5720 πολλῷ
3308 5650 3527 5704 πλείονα
3568 5653 3820 5716 ἐκείνων,

2137 5744 2276 5801 ,ὅταν
2308 5738 2489 5795 αὐτῶν
2524 5736 2758 5808 μάλιστα
2796 5735 2983 5804 δέηται
3014 5733 3115 5801 τῆς
3146 5733 3484 5801 προστασίας
3523 5735 3584 5789 ἐν
3611 5739 3679 5807 τῇ
3720 5738 3817 5806 τῆς

2212 5870 2238 5938 τί
2263 5865 2436 5938 Ματθί.
2457 5863 2781 5938 περιορῶντες,
2802 5860 2953 5911 Savil.
2991 5863 3045 5908 et
3065 5856 3146 5909 alii
3169 5860 3443 5922 περιορῶσι.

2213 5927 2241 5967 ἃ
2268 5927 2364 5975 Alii
2389 5927 2675 5984 ῦποτέμνεις.

2224 5993 2242 6012 ⁶
2278 5986 2427 6037 Savil.
2452 5981 2713 6048 elqhidam
2737 5997 2852 6033 mss.
2878 5981 3079 6038 διαδούς.
