3892 6236
75 359 134 414 ιι
997 355 1088 410 AD
1127 352 1448 410 POPUIJJM
1479 350 1972 411 ANTIOCHENUM
2038 351 2265 408 ﬂOMlL.
2307 351 2369 408 ll.
3269 358 3338 414 ﬁ

72 481 311 528 ornatum
341 481 396 528 et
421 471 633 528 divitias
659 471 712 526 in
742 471 856 542 ipso
887 472 1146 541 repositas
1174 469 1274 524 hoc
1303 481 1522 524 munere
1546 481 1645 539 po-

74 565 216 618 titus.
248 565 312 618 Et
340 578 440 618 nos
467 564 626 634 igitur
665 577 734 616 ne
778 563 966 616 domos
1013 575 1264 615 ornemus
1288 601 1302 624 ,
1332 562 1425 614 sed
1475 560 1652 629 potius

72 671 228 724 quam
257 657 474 711 domum
502 657 732 710 animam
773 663 1028 710 nostram.
1059 653 1337 722 Quomodo
1365 653 1506 708 enim
1547 665 1651 704 non

73 755 256 817 turpe,
285 745 642 800 marmoribus
674 745 904 814 parietes
930 743 1126 799 frustra
1164 753 1219 798 et
1246 751 1447 797 temere
1471 750 1655 797 conte-

70 850 218 904 gere,
243 836 510 890 Christum
537 850 663 890 vero
690 836 886 888 nudum
913 835 1328 890 circumeuntem
1352 833 1655 903 negligere?

71 943 189 996 qua!
216 928 306 982 tibi
336 928 528 984 domus
552 928 770 989 utilitas.
803 927 1001 982 homo?
1029 927 1282 997 numquid
1314 927 1455 982 enim
1487 927 1654 996 ipsam

74 1028 246 1072 tecum
271 1019 473 1074 ducens
505 1018 716 1074 abibis?
743 1019 856 1073 Non
893 1019 1028 1072 hanc
1057 1028 1228 1074 tecum
1261 1017 1436 1072 ferens
1463 1018 1652 1085 abibis,

73 1110 305 1165 animam
323 1125 450 1166 vero
480 1093 698 1166 omnino
729 1111 900 1166 ferens
925 1110 1196 1180 migrabis.
1223 1111 1360 1165 Ecce
1386 1124 1526 1165 nunc
1555 1111 1657 1166 tale

75 1215 173 1256 nos
195 1203 406 1270 excepit
443 1203 734 1272 periculum
765 1219 780 1256 :
811 1203 1062 1257 assistant
1104 1203 1257 1258 nobis
1290 1203 1480 1258 domus
1503 1245 1518 1270 ,
1544 1204 1658 1258 sol-

74 1300 202 1346 vant
232 1294 522 1361 periculum
567 1293 720 1348 nobis
749 1294 1067 1359 imminens;
1100 1295 1194 1350 sed
1239 1310 1342 1349 non
1388 1305 1654 1364 poterunt.

72 1382 184 1438 Vos
213 1384 311 1454 ipsi
335 1385 461 1438 mihi
492 1395 652 1442 testes
686 1387 847 1451 estis,
876 1386 1117 1443 desertas
1149 1402 1240 1443 eas
1283 1387 1657 1458 derelinquen-

76 1484 189 1539 tes,
219 1485 274 1530 et
303 1475 367 1529 ad
396 1476 736 1532 solitudinem
771 1478 1109 1545 exsilientes,
1137 1487 1402 1550 tamquam
1439 1479 1659 1549 laqueos

73 1575 127 1619 et
169 1567 302 1620 retia
347 1581 436 1621 cas
462 1568 726 1624 timentes.
756 1568 1096 1638 Opitulentur
1138 1585 1279 1626 nunc
1302 1570 1532 1634 divitiae;
1565 1570 1659 1626 sed

73 1657 527 1726 Opportunitatem
558 1676 662 1713 non
685 1659 904 1716 habent.
925 1659 1074 1726 Quod
1103 1660 1148 1715 si
1171 1661 1256 1716 ubi
1289 1660 1516 1716 hominis
1544 1662 1619 1716 ira
1640 1702 1656 1728 ,

74 1749 422 1817 pecuniarum
457 1750 538 1803 vis
578 1760 858 1820 superatur
880 1792 896 1816 ,
919 1752 1086 1806 multo
1116 1751 1281 1822 magis
1320 1752 1372 1806 in
1401 1751 1580 1806 divino
1608 1760 1662 1807 et

74 1839 398 1909 implacabili
431 1841 631 1910 judicio
671 1842 770 1896 hoc
805 1843 911 1897 ﬁet.
941 1843 997 1898 Si
1027 1841 1186 1897 homo
1215 1851 1296 1898 est
1324 1843 1410 1912 qui
1441 1857 1658 1899 exacer-

75 1930 264 1994 batur,
295 1940 347 1986 et
381 1947 520 2002 aegre
551 1932 681 1998 fert,
710 1943 764 1988 et
790 1933 920 1988 nihil
946 1934 1097 1992 nobis
1137 1950 1278 1990 nunc
1309 1950 1495 1989 aurum
1535 1950 1660 2005 pro-

75 2022 200 2076 dest
231 2040 245 2076 :
275 2023 444 2077 multo
477 2024 644 2095 magis
685 2025 946 2080 irascente
978 2025 1087 2080 Deo
1109 2065 1124 2089 ,
1154 2025 1245 2096 qui
1284 2027 1520 2095 pecuniis
1557 2042 1661 2080 non

80 2111 303 2182 indiget,
333 2113 448 2168 auri
475 2114 706 2183 potentia
748 2116 956 2184 penitus
981 2126 1283 2172 evanescet.
1314 2118 1508 2172 Domos
1532 2117 1662 2171 ardi-

77 2201 304 2256 ﬁcamus
326 2241 342 2267 ,
375 2213 432 2258 ut
469 2203 768 2260 habitemus
790 2246 806 2270 ,
851 2221 956 2260 non
992 2214 1048 2260 ut
1090 2207 1478 2276 superbianms.
1507 2207 1660 2274 Quod

77 2295 459 2350 necessitatem
493 2297 731 2362 excedit,
759 2298 1086 2368 superﬂuum
1124 2307 1204 2352 est
1228 2307 1282 2353 et
1309 2299 1506 2354 inutile.
1541 2298 1663 2353 Cal-

77 2400 240 2440 ceare
273 2387 508 2441 calceum
537 2389 670 2457 pede
699 2391 986 2458 majorem,
1015 2390 1108 2446 sed
1146 2405 1251 2445 non
1294 2390 1583 2453 tolerabis;
1616 2399 1666 2446 te

77 2475 225 2528 enim
255 2475 320 2529 ad
359 2492 598 2544 gressum
629 2478 847 2548 impedit
874 2495 891 2534 :
921 2481 997 2534 sic
1037 2489 1093 2536 et
1133 2481 1325 2536 domus
1355 2481 1667 2536 necessitate

80 2566 286 2633 major,
321 2566 372 2620 in
419 2567 580 2622 cados
619 2569 896 2623 transitum
947 2570 1187 2639 impedit.
1212 2570 1306 2624 Vis
1347 2585 1564 2640 magnas
1615 2581 1668 2623 et

80 2653 393 2721 splendidas
421 2656 608 2710 domos
636 2657 938 2713 aediﬁcare?
966 2675 1070 2713 non
1112 2658 1395 2728 prohibeo,
1425 2658 1518 2714 scd
1563 2673 1667 2713 non

78 2760 250 2815 super
293 2755 488 2801 terram
521 2765 534 2801 :
563 2749 767 2804 mdiﬁca
817 2750 1153 2806 tabernacula
1195 2750 1248 2804 in
1286 2751 1469 2815 cmlis,
1519 2759 1569 2804 ut
1616 2757 1670 2803 et

77 2836 220 2890 alios
248 2838 490 2906 excipere
521 2840 709 2907 possis,
735 2838 1068 2895 tabernacula
1099 2855 1384 2909 numquam
1413 2839 1668 2894 deﬁcien-

79 2927 174 2980 tia.
205 2927 345 2993 Quid
391 2928 590 2983 insanis
628 2931 768 2984 circa
814 2931 1061 3001 fugientia
1088 2971 1104 2997 ,
1133 2939 1187 2986 et
1228 2931 1314 2985 hic
1357 2931 1621 2985 manentia
1646 2929 1672 2982 ?

79 3017 228 3072 Nihil
251 3019 448 3074 divitiis
475 3020 742 3075 fallacius:
769 3021 926 3076 hodie
955 3031 1148 3085 tecum,
1167 3031 1221 3076 et
1248 3037 1365 3076 cras
1385 3032 1567 3077 contra
1597 3031 1666 3084 te.

82 3108 390 3164 invidorum
465 3111 649 3166 oculos
710 3121 920 3166 armant
975 3112 1262 3184 undique:
1309 3113 1489 3167 hostes
1549 3121 1673 3167 sunt

79 3201 497 3257 contubernales
517 3242 531 3262 ,
565 3203 763 3257 inimici
789 3203 1066 3258 domestici
1099 3221 1111 3256 :
1140 3211 1194 3257 et
1219 3218 1312 3258 vos
1342 3203 1672 3273 possidentes

82 3301 253 3347 testes
272 3333 287 3357 ,
319 3293 408 3363 qui
438 3295 581 3348 omni
611 3294 769 3348 modo
795 3295 936 3364 ipsas
965 3294 1200 3350 infoditis
1227 3304 1283 3350 et
1309 3295 1668 3350 absconditis:

79 3384 341 3452 quoniam
372 3395 424 3439 et
462 3401 602 3440 nunc
628 3385 782 3441 nobis
814 3375 1104 3456 periculum
1134 3386 1516 3442 intolerabilius
1536 3386 1667 3440 divi-

82 3475 174 3529 tiae
213 3474 437 3530 faciunt.
464 3475 596 3531 Nam
631 3477 806 3532 cernis
834 3492 1095 3547 pauperes
1129 3477 1340 3547 quidem
1376 3478 1673 3534 succinctos

81 3573 138 3618 et
167 3565 451 3634 expeditos
478 3565 544 3620 ad
565 3567 740 3622 omnia
763 3577 1006 3634 paratos;
1032 3566 1224 3622 divites
1251 3575 1426 3622 autem
1453 3568 1671 3622 multam

81 3656 350 3711 habentes
375 3655 760 3722 difﬁcultatem,
792 3665 846 3712 et
864 3657 1274 3721 circumeuntes,
1298 3666 1352 3712 et
1376 3667 1676 3728 quaerentes

81 3745 174 3801 ubi
203 3761 395 3800 aurum
419 3746 694 3813 infodiunt,
719 3755 1018 3818 quaerentes
1040 3747 1178 3816 apud
1203 3762 1362 3817 quem
1388 3747 1673 3817 deponant.

83 3836 226 3904 Quid
258 3837 476 3907 quaeris,
507 3837 688 3902 homo,
717 3837 1042 3892 conservos?
1067 3837 1307 3893 Christus
1329 3845 1430 3891 stat
1459 3837 1524 3892 ad
1553 3853 1674 3892 sus-

81 3929 398 3998 cipiendum
424 3938 661 3999 paratus,
700 3938 755 3984 et
791 3929 856 3984 ad
884 3929 1123 4000 deposita
1150 3928 1241 3983 tibi
1270 3929 1550 3995 servanda,
1578 3943 1678 3984 nec

87 4029 302 4075 tantum
351 4021 638 4088 servanda,
670 4021 764 4076 sed
803 4022 961 4076 etiam
1005 4020 1434 4091 multiplicauda,
1459 4030 1514 4076 et
1555 4036 1674 4076 cum

85 4115 264 4168 multo
293 4113 498 4169 fmnore
539 4112 806 4168 reddenda
835 4128 848 4166 :
881 4128 945 4168 ex
972 4112 1114 4168 illius
1138 4129 1295 4167 manu
1318 4127 1474 4167 nemo
1500 4112 1674 4182 eripit.

85 4202 209 4257 Non
252 4212 427 4258 servat
466 4214 642 4258 autem
675 4212 878 4265 tantum
906 4202 1145 4273 deposita
1164 4243 1178 4268 ,
1209 4203 1302 4258 sed
1333 4203 1492 4258 etiam
1519 4217 1679 4272 super

87 4294 194 4358 iis,
235 4309 485 4349 securum
529 4294 884 4364 depositorem
924 4294 1066 4348 facit.
1109 4294 1162 4348 In
1194 4293 1496 4348 hominibus
1536 4295 1676 4349 enim

89 4386 182 4454 qui
229 4385 470 4456 deposita
509 4385 838 4455 suscipiunt,
869 4386 1091 4456 gratiam
1130 4400 1189 4440 se
1225 4387 1380 4440 nobis
1426 4396 1680 4456 praestare

88 4485 308 4545 putant,
332 4476 376 4529 si
402 4475 701 4530 custodiant
726 4491 845 4545 quae
866 4485 1238 4544 susceperunt;
1271 4476 1321 4529 in
1352 4473 1563 4531 Christo
1588 4492 1681 4530 au-

89 4574 204 4620 tem
232 4567 557 4620 contrarium
585 4583 600 4621 :
629 4581 734 4620 nou
763 4567 902 4622 enim
927 4567 1148 4637 gratiam
1171 4567 1496 4636 praestitisse,
1516 4582 1574 4622 se
1593 4582 1682 4622 ac-

87 4656 310 4723 cepisse
343 4671 402 4710 se
444 4655 608 4722 dicit,
631 4671 752 4710 cum
778 4655 1016 4724 deposita
1051 4657 1341 4726 susceperit
1366 4666 1484 4710 tua:
1508 4665 1562 4712 et
1587 4673 1681 4726 pro

90 4744 208 4812 ipsa
250 4745 513 4811 custodia,
543 4761 700 4815 quam
722 4748 860 4801 circa
889 4746 1139 4816 pecunias
1168 4755 1282 4801 tuas
1311 4744 1546 4812 exhibet,
1570 4761 1677 4801 non

89 4851 119 4888 a
169 4847 224 4892 te
268 4837 568 4892 mercedem
596 4838 824 4907 repetit,
846 4839 940 4894 sed
969 4837 1083 4907 ipse
1106 4837 1202 4892 tibi
1239 4837 1332 4893 dat
1356 4839 1676 4894 mercedem.

168 4927 226 4979 6.
261 4926 608 4998 Eleemosynae
626 4930 837 4999 fructus.
863 4957 936 4968 -—
957 4927 1070 4994 Qua
1114 4928 1271 4997 igitur
1307 4942 1491 4982 sumus
1523 4943 1682 4983 excu-

89 5018 313 5072 satione
340 5018 481 5089 digni
506 5061 520 5086 ,
550 5035 653 5089 qua
682 5021 854 5086 venia,
884 5019 1095 5089 quando
1123 5027 1176 5073 et
1203 5019 1469 5074 custodire
1496 5020 1680 5075 valen-

92 5119 241 5175 tem,
275 5120 330 5164 et
363 5126 458 5180 pro
483 5112 718 5166 custodia
749 5112 942 5183 gratias
975 5111 1254 5166 habentem
1275 5153 1290 5179 ,
1320 5121 1372 5167 et
1412 5126 1603 5167 arcana
1632 5123 1684 5166 et

91 5215 295 5270 magna
327 5203 539 5270 praemia
567 5218 663 5272 pro
706 5202 808 5258 hac
845 5202 1085 5259 custodia
1125 5203 1430 5258 reddentem
1462 5213 1683 5273 praeter-

89 5288 416 5355 mittentes,
445 5290 749 5346 hominibus
771 5292 909 5346 circa
936 5292 1238 5362 hujusmodi
1267 5293 1557 5348 custodiam
1587 5293 1682 5348 de-

87 5383 334 5450 bilibus,
358 5392 410 5438 et
454 5384 674 5454 gratiam
702 5385 855 5439 nobis
879 5385 1120 5440 conferre
1158 5401 1218 5441 se
1254 5385 1553 5455 putantibus
1575 5427 1591 5450 ,
1632 5396 1685 5441 et

88 5475 204 5527 sola
241 5475 364 5545 ipsa
391 5489 509 5544 qua:
535 5474 731 5530 dantur
757 5486 935 5544 postea
964 5476 1334 5541 reddentibus,
1366 5485 1546 5531 nostra
1574 5485 1682 5530 tra-

88 5565 320 5621 dimus?
349 5566 554 5635 Hospes
599 5582 657 5621 es
700 5568 784 5620 hic
815 5578 868 5622 et
906 5569 1246 5638 peregrinus;
1272 5568 1492 5638 patriam
1522 5565 1683 5622 habes

91 5655 144 5708 in
197 5656 358 5712 caelis
385 5675 399 5710 :
429 5657 553 5711 illuc
599 5658 773 5712 omnia
828 5660 1159 5724 transmitte,
1191 5668 1254 5714 ut
1298 5669 1352 5713 et
1400 5668 1682 5728 antequam

85 5742 329 5813 fruaris,
362 5749 448 5802 hic
483 5750 879 5804 retributionem
905 5751 1100 5810 capias.
1132 5751 1231 5819 Qui
1258 5752 1398 5806 enini
1417 5750 1553 5806 bona
1583 5765 1679 5820 spe

417 5833 688 5897 ΡΑτιιοι..
731 5838 847 5898 Gn.
897 5836 1117 5899 XLIX.

1759 463 1946 526 alitur,
1981 472 2034 518 et
2062 462 2129 518 de
2156 463 2348 522 futuris
2375 465 2626 535 confidit,
2655 466 2739 526 hic
2760 469 2869 540 jam
2909 487 3130 544 regnum
3153 484 3338 544 gusta-

1758 557 1849 609 vit.
1882 554 2023 610 Nihil
2056 560 2198 612 enim
2252 566 2453 614 tantum
2483 567 2712 616 animam
2751 578 3000 634 reparare
3040 568 3338 632 consuevit,

1757 656 1811 701 et
1834 647 2108 704 meliorem
2137 649 2330 717 facere,
2355 667 2514 722 quam
2541 653 2676 710 bona
2704 653 2999 710 futurorum
3027 671 3172 727 spes,
3201 658 3245 713 si
3274 673 3342 713 eo

1761 740 2123 795 transmittens
2140 741 2350 798 divitias
2375 745 2566 799 animm
2607 755 2709 802 tuae
2736 763 2916 803 curam
2941 763 3061 804 cum
3087 751 3198 806 otio
3221 766 3342 806 cou-

1755 829 1968 898 gruenti
1994 832 2186 901 egeris.
2216 832 2346 888 Nam
2372 836 2460 905 qui
2488 836 2720 891 studium
2749 854 2909 895 omne
2939 841 2989 894 in
3012 841 3203 896 domus
3232 858 3342 898 suae

1759 931 2003 977 ornatum
2045 924 2374 995 impendunt,
2399 928 2450 983 in
2472 931 2822 987 exterioribus
2849 934 3062 1000 divites,
3092 936 3342 992 interiora

1762 1013 2064 1084 negligunt,
2096 1030 2159 1071 ac
2185 1017 2445 1074 desertam
2469 1061 2484 1086 ,
2526 1021 2854 1092 squalentem
2903 1034 2958 1079 et
2981 1027 3196 1082 araneis
3229 1027 3342 1096 ple-

1763 1119 1885 1157 nam
1913 1105 2147 1161 animam
2177 1121 2326 1162 suam
2351 1108 2649 1180 despiciunt
2676 1130 2688 1164 :
2718 1112 2764 1166 si
2798 1129 2926 1169 vero
2949 1117 3218 1171 exteriora
3246 1133 3336 1172 ne.

1761 1194 2024 1264 gligentes
2047 1197 2187 1252 circa
2217 1209 2450 1255 mentem
2485 1217 2635 1256 suam
2672 1219 2831 1258 omne
2871 1206 3103 1261 studium
3134 1208 3340 1279 impen-

1763 1285 1958 1355 derint,
1980 1287 2212 1361 undique
2233 1292 2398 1361 ipsam
2420 1303 2693 1361 ornantes,
2717 1296 3111 1353 tabernaculum
3134 1299 3344 1355 Christo

1764 1379 1866 1434 erit
1905 1380 2086 1435 talium
2133 1382 2404 1438 hominum
2450 1386 2669 1442 anima:
2703 1387 2970 1444 Christum
3019 1398 3196 1445 autem
3247 1391 3335 1446 ha-

1764 1469 1922 1526 bente
1950 1472 2373 1542 inbabitatorem,
2407 1477 2531 1547 quid
2556 1493 2806 1548 umquam
2844 1478 3051 1536 felicius
3081 1496 3201 1537 esse
3225 1497 3340 1552 pos-

1764 1560 1892 1613 set?
1920 1559 2008 1616 Vis
2050 1562 2251 1617 ditari?
2277 1567 2504 1619 amicum
2544 1567 2738 1623 habeas
2783 1569 2947 1624 Deum
2971 1613 2986 1637 ,
3013 1579 3068 1625 et
3110 1573 3344 1627 omnium

1765 1649 2056 1708 ditissimus
2093 1654 2220 1708 eris.
2247 1655 2339 1709 Vis
2364 1655 2558 1710 ditari?
2580 1673 2645 1712 ne
2674 1659 2836 1713 altum
2874 1662 3067 1729 sapias.
3103 1661 3214 1717 [loc
3240 1679 3345 1718 non

1765 1740 1832 1794 ad
1874 1741 2047 1796 futura
2075 1751 2298 1811 tantum,
2329 1745 2421 1800 sed
2445 1747 2603 1801 etiam
2637 1747 2702 1802 ad
2725 1750 3004 1817 prmsentia
3032 1751 3178 1806 utile.
3207 1752 3346 1806 Nihil

1765 1831 1907 1885 enim
1949 1840 2057 1887 tam
2097 1833 2411 1889 invidiosum
2433 1878 2448 1901 ,
2471 1852 2626 1907 quam
2655 1838 2817 1893 homo
2857 1840 3004 1896 dives
3036 1858 3049 1893 :
3079 1857 3198 1896 cum
3221 1858 3348 1897 vero

1767 1923 2013 1992 superbia
2038 1927 2356 1993 accesserit,
2385 1929 2574 1997 duplex
2603 1940 2817 1998 paratur
2844 1933 3214 2003 praecipitium,
3241 1935 3346 1989 dif-

1770 2010 1957 2068 ﬁcilius
1994 2015 2062 2069 ab
2087 2020 2331 2072 omnibus
2373 2019 2591 2075 bellum.
2623 2021 2678 2077 Si
2728 2037 2856 2077 vero
2900 2025 3142 2080 modeste
3171 2027 3347 2082 vivere

1769 2103 1988 2172 scieris,
2016 2108 2242 2163 succidis
2292 2108 2587 2167 humilitate
2634 2113 2846 2170 invidia:
2886 2118 3214 2186 tyrannidem
3240 2161 3254 2184 ,
3295 2130 3344 2176 et

1770 2208 1889 2249 cum
1917 2199 2198 2253 securitate
2241 2198 2404 2255 habes
2439 2216 2786 2272 quaecumque
2823 2205 3005 2262 habes.
3031 2207 3180 2266 Talis
3207 2210 3347 2263 enim

1770 2295 1854 2342 est
1872 2289 2081 2344 virtutis
2110 2299 2315 2358 natura,
2336 2307 2439 2346 non
2469 2292 2535 2348 ad
2559 2293 2732 2349 futura
2762 2311 2862 2350 nos
2889 2305 3088 2351 tantum
3115 2299 3347 2367 adjuvat,

1772 2376 1869 2432 scd
1894 2388 1946 2432 et
1972 2379 2056 2435 hic
2075 2380 2184 2450 jam
2213 2383 2587 2440 retributiones
2610 2387 2830 2454 praebet.
2857 2386 2932 2442 Ne
2955 2388 3112 2458 igitur
3134 2390 3183 2444 in
3215 2391 3348 2444 divi-

1775 2468 1859 2522 tiis
1881 2469 2046 2524 altum
2090 2473 2386 2540 sapiamus,
2417 2474 2509 2529 sed
2545 2490 2644 2531 nec
2673 2476 2724 2530 in
2754 2478 2857 2531 ulla
2897 2479 2996 2532 alia
3024 2495 3102 2535 re.
3131 2480 3186 2536 Si
3207 2482 3347 2536 enim

1775 2560 1825 2612 in
1853 2561 2213 2629 spiritualibus
2239 2564 2402 2618 altum
2442 2568 2652 2637 sapiens
2687 2567 2880 2624 labitur
2905 2581 2958 2624 et
2984 2573 3148 2640 perit,
3185 2575 3351 2627 multo

1775 2651 1942 2721 magis
1958 2653 2009 2706 in
2030 2654 2347 2709 carnalibus.
2361 2654 2662 2726 Cogitemus
2682 2668 2925 2714 naturam
2951 2671 3206 2730 nostram,
3227 2679 3352 2733 pec-

1773 2750 1890 2794 cata
1915 2755 2281 2799 recenseamus
2305 2788 2320 2812 ,
2357 2746 2622 2803 discamus
2648 2749 2737 2819 qui
2766 2751 2929 2805 simus
2949 2793 2962 2814 ,
2993 2760 3048 2806 et
3072 2751 3172 2808 hoc
3200 2755 3352 2809 nobis

1774 2829 1841 2884 ad
1865 2832 2037 2886 omnis
2054 2833 2363 2892 humilitatis
2390 2840 2661 2894 materiam
2689 2840 2898 2897 sufﬁcit.
2923 2842 2999 2897 Ne
3015 2843 3162 2899 dicas
3184 2845 3310 2899 mihi
3337 2865 3350 2899 :

1777 2919 1876 2974 Tot
1895 2931 1948 2976 et
1963 2931 2040 2977 tot
2058 2939 2315 2980 annorum
2333 2938 2622 2996 proventus
2644 2931 2906 2999 repositos
2927 2931 3117 2996 habeo,
3138 2934 3250 2988 auri
3271 2945 3351 2988 ta-

1777 3010 1918 3066 lenta
1939 3014 2236 3081 innumera,
2258 3016 2398 3071 lucra
2425 3033 2521 3088 per
2545 3019 2778 3089 singulos
2801 3021 3021 3078 adaucta
3037 3022 3170 3079 dies.

1848 3098 2053 3155 Divitiae
2096 3119 2250 3173 quam
2301 3107 2476 3175 lium.
2508 3138 2581 3149 —
2623 3108 3058 3182 Quantacumque
3115 3112 3352 3180 dixeris,

1777 3193 1954 3246 omnia
1991 3202 2191 3250 temere
2233 3196 2378 3251 dices
2417 3207 2470 3252 et
2508 3199 2810 3254 incassum:
2842 3217 2985 3272 saepe
3011 3219 3112 3257 una
3143 3203 3271 3259 hora
3301 3216 3355 3263 et

1777 3281 1925 3335 brevi
1967 3283 2220 3354 temporis
2267 3295 2573 3353 momento,
2616 3289 2758 3343 velut
2792 3301 2949 3344 vento
3000 3307 3230 3362 superne
3281 3294 3356 3346 ir-

1779 3381 1966 3426 ruente
2011 3371 2274 3442 jactabilis
2325 3377 2528 3444 pulvis,
2578 3377 2658 3432 sic
2700 3378 2812 3433 hanc
2856 3381 3034 3435 omnia
3081 3397 3147 3436 ex
3195 3383 3355 3438 domo

1779 3462 2142 3519 exsufﬂantur.
2168 3465 2235 3520 Et
2262 3464 2450 3521 horum
2480 3469 2631 3523 nobis
2651 3471 3014 3540 exemplorum
3043 3473 3148 3528 vita
3177 3473 3350 3544 plena,

1780 3553 1950 3622 plenze
1991 3570 2120 3610 vero
2152 3556 2439 3628 Scriptura:
2468 3559 2941 3617 documentorum:
2969 3563 3129 3619 hodie
3173 3565 3354 3633 dives,

1779 3661 1898 3701 cras
1931 3662 2151 3718 pauper.
2184 3649 2385 3706 Idcirco
2430 3651 2624 3721 smpius
2671 3653 2764 3708 risi
2811 3661 3126 3710 testamenta
3175 3655 3354 3727 legens

1781 3737 2007 3794 dicentia
2035 3757 2048 3792 :
2079 3738 2173 3795 llle
2197 3741 2408 3810 quidem
2443 3742 2634 3798 habeat
2659 3758 2906 3814 agrorum
2933 3745 3016 3800 vel
3043 3745 3236 3802 domus
3260 3746 3357 3802 do-

1784 3830 2023 3899 minium,
2056 3847 2208 3886 usum
2237 3848 2362 3888 vero
2391 3833 2561 3888 alius:
2594 3849 2781 3890 omnes
2822 3835 2964 3890 enim
3003 3851 3156 3891 usum
3186 3836 3350 3893 habe'

1780 3938 1902 3978 mus
1926 3964 1940 3987 ,
1971 3924 2262 3980 dominium
2309 3935 2486 3981 autem
2531 3943 2706 3983 nemo.
2739 3928 2851 3983 Etsi
2879 3928 3020 3984 enim
3067 3929 3220 3984 nobis
3259 3945 3358 4000 per

1782 4030 1994 4071 onmem
2040 4027 2384 4086 permaneant
2425 4019 2587 4072 vitam
2637 4019 2834 4074 nullam
2881 4018 3138 4074 facientes
3162 4019 3357 4076 divitiae

1783 4109 2148 4174 mutationem,
2175 4108 2402 4164 velimus
2426 4109 2651 4164 nolimus
2675 4149 2688 4172 ,
2716 4109 2769 4163 in
2801 4108 2906 4163 ﬁne
2931 4108 3048 4163 aliis
3084 4108 3355 4176 cedemus,

1783 4199 2014 4268 ipsarum
2044 4213 2140 4252 usu
2170 4198 2286 4253 solo
2315 4209 2547 4268 recepto,
2578 4199 2814 4254 dominio
2839 4209 3015 4255 autem
3044 4199 3170 4255 nudi
3197 4208 3251 4255 et
3279 4214 3358 4255 or-

1784 4288 1894 4344 bati
1921 4289 1987 4343 ad
2016 4289 2158 4343 illam
2185 4291 2345 4344 vitam
2378 4290 2682 4360 migrantes.
2707 4289 2860 4347 Unde
2886 4290 3223 4347 manifestum
3243 4301 3356 4357 est,

1785 4380 1905 4434 illos
1932 4381 2073 4435 solos
2108 4381 2400 4436 dominium
2444 4381 2675 4450 habere,
2705 4382 2796 4453 qui
2841 4390 2896 4437 et
2941 4383 3174 4451 ipsarum
3205 4399 3355 4440 usum

1784 4481 2254 4542 contempserunt,
2285 4483 2338 4530 et
2379 4473 2606 4529 fructum
2632 4474 2953 4530 deriserunt.
2977 4476 3076 4543 Qui
3104 4477 3245 4532 enim
3275 4477 3357 4531 fa-

1785 4565 2064 4619 cultatibus
2104 4565 2358 4634 abjectis,
2408 4565 2548 4634 ipsas
2590 4567 2908 4638 pauperibus
2951 4577 3170 4638 erogat,
3200 4578 3359 4638 prout

1786 4657 2066 4726 Oportebat
2095 4657 2427 4712 facultatibus
2455 4673 2584 4712 usus
2611 4667 2714 4724 est,
2741 4669 2794 4713 et
2814 4658 3044 4728 ipsorum
3067 4658 3356 4713 dominium

1788 4747 1989 4802 habens
2017 4747 2175 4814 obiit,
2204 4762 2373 4817 neque
2403 4747 2454 4801 in
2485 4748 2596 4818 ipsa
2629 4756 2798 4802 morte
2839 4748 2925 4801 illa
2953 4746 3201 4803 excidens
3229 4761 3354 4817 pos-

1787 4839 2044 4902 sessione,
2077 4839 2171 4894 scd
2197 4839 2371 4893 omnia
2415 4839 2506 4893 illo
2548 4838 2812 4908 recipiens
2854 4847 3125 4908 tempore,
3156 4847 3212 4894 et
3258 4840 3360 4894 illis

1790 4930 1955 4984 multo
1980 4929 2125 4998 plura
2146 4970 2160 4996 ,
2189 4929 2400 5000 quando
2441 4930 2494 4984 in
2537 4929 2623 4984 die
2657 4930 2842 5000 judicii
2872 4930 3080 4985 illorum
3114 4930 3361 5000 prmsidio

1789 5021 2018 5076 maxime
2046 5021 2240 5091 egebit,
2270 5030 2325 5076 et
2347 5020 2557 5091 quando
2583 5036 2611 5074 a
2645 5020 2800 5076 nobis
2828 5021 3070 5076 omnibus
3099 5020 3359 5077 factorum

1790 5112 2020 5166 rationes
2061 5120 2384 5180 repetentur.
2417 5111 2597 5182 Itaque
2625 5111 2669 5166 si
2699 5111 2818 5182 quis
2847 5110 2961 5166 vult
2985 5111 3286 5166 divitiarum
3308 5120 3363 5167 et

1789 5202 2180 5272 possessionem
2211 5211 2265 5257 et
2292 5217 2446 5257 usum
2471 5212 2526 5257 et
2551 5201 2841 5257 dominium
2872 5201 3088 5269 habere,
3117 5201 3362 5257 omnibus

1792 5293 2126 5349 facultatibus
2169 5295 2280 5350 suis
2323 5309 2383 5350 se
2426 5293 2671 5365 expediat
2701 5314 2715 5348 :
2743 5295 2993 5365 quoniam
3041 5295 3143 5350 hoc
3171 5295 3214 5348 si
3255 5308 3359 5348 non

1791 5385 1974 5451 faciat,
2004 5387 2057 5440 in
2086 5395 2258 5440 morte
2284 5385 2351 5441 ab
2378 5385 2504 5456 ipsis
2533 5387 2748 5441 omnino
2773 5385 3102 5456 separabitur
3129 5403 3145 5439 :
3172 5384 3359 5439 multo-

1792 5478 1893 5532 ties
1935 5492 2063 5533 vero
2110 5486 2165 5533 et
2207 5486 2330 5533 ante
2386 5479 2544 5532 ﬁnem
2593 5493 2714 5533 cum
2762 5478 3008 5548 periculis
3048 5485 3102 5532 et
3147 5474 3358 5530 inﬁnitis

1792 5569 1945 5624 malis
1971 5569 2111 5638 ipsas
2149 5570 2358 5624 amittit.
2389 5568 2499 5625 Nec
2523 5569 2623 5625 hoc
2649 5571 2817 5624 solum
2859 5569 3050 5623 malum
3077 5576 3155 5623 est
3175 5609 3192 5636 ,
3221 5568 3358 5638 quod

1793 5661 2013 5715 mutatio
2040 5662 2097 5716 ﬁt
2122 5669 2343 5731 repente
2368 5661 2632 5726 universa,
2663 5661 2754 5716 sed
2785 5660 2925 5730 quod
2953 5659 3346 5730 imprzemedita-

1797 5759 1879 5806 tus
1916 5750 1981 5807 ad
2025 5753 2348 5823 paupertatis
2377 5752 2706 5808 tolerantiam
2744 5751 2890 5806 dives
2923 5750 3216 5806 deducitur.
3256 5751 3355 5805 Sed

3008 5842 3046 5902 3
