3932 6222
527 339 594 394 43
1236 333 1291 389 S.
1340 330 1608 393 JUANNIS
1649 328 2114 385 CllliYSUSTOMI
2159 328 2475 382 ARCHIEP.
2518 327 3052 384 (IONS'f;\i\'TI.\'OP.
3728 332 3795 389 μ

522 470 623 509 nun
658 451 777 505 talis
802 461 1002 520 pauper
1024 465 1038 502 :
1062 461 1167 502 non
1197 445 1338 501 enim
1365 459 1497 500 auro
1527 442 1746 498 conlidit
1770 451 1823 497 et
1851 449 2070 512 argento
2089 484 2103 507 ,

524 541 828 596 inanimatis
859 537 1115 604 materiis,
1137 534 1232 591 sed
1252 535 1363 590 Deo
1385 534 1563 590 omnia
1588 534 1805 604 copiose
1831 530 2106 602 praebenti.

524 636 703 705 Itaque
740 633 892 687 dives
918 629 1085 700 magis
1119 629 1170 683 in
1203 629 1407 683 incerto
1430 630 1588 698 quam
1625 640 1827 696 pauper
1849 625 2108 679 -onstitu-

523 739 606 782 tus
632 734 744 791 cst,
787 738 905 779 cum
943 723 1244 792 frequentes
1271 729 1325 775 et
1347 720 1623 775 continuas
1663 726 1985 773 mutationes
2023 731 2110 772 re-

523 816 702 885 cipiat.
736 813 871 883 Quid
904 826 1031 867 vero
1074 810 1204 865 illud
1230 818 1310 865 est
1335 850 1350 875 ,
1384 808 1481 876 Qui
1510 817 1714 878 prwstat
1751 806 1892 861 nobis
1916 806 2111 859 abunde

526 908 693 962 omnia
747 905 814 959 ad
861 902 1133 976 [mendum
1180 900 1271 975 (1.
1302 900 1436 955 Tim.
1467 900 1522 955 6.
1556 900 1664 971 l7)
1695 900 1719 954 ?
1757 897 1941 954 Omnia
1990 912 2110 952 cum

523 997 767 1068 largitate
805 995 897 1050 dat
938 995 1076 1049 Deus
1096 1035 1111 1061 ,
1139 1009 1257 1064 qua:
1287 1001 1411 1048 sunt
1450 992 1618 1047 multo
1642 993 1810 1061 magis
1839 1004 1998 1060 quam
2021 1003 2114 1058 pe-

521 1090 692 1144 cunia:
716 1086 1041 1153 necessaria,
1072 1095 1130 1140 ut
1168 1100 1347 1147 aerem
1366 1125 1382 1152 ,
1405 1098 1632 1154 aquam,
1662 1083 1837 1153 ignem
1856 1123 1871 1146 ,
1903 1080 2070 1136 solem
2094 1121 2110 1145 ,

524 1181 704 1235 omnia
749 1179 893 1234 talia.
925 1178 1040 1235 Non
1086 1177 1214 1233 licet
1260 1177 1439 1234 dicere
1466 1174 1608 1246 quod
1638 1174 1806 1242 magis
1837 1171 1998 1226 radiis
2026 1169 2113 1226 di-

527 1290 619 1328 ves
639 1316 654 1337 ,
681 1273 859 1329 minus
893 1286 1022 1326 vero
1066 1285 1265 1341 pauper
1309 1268 1555 1323 fruatur:
1585 1281 1693 1321 non
1726 1266 1848 1321 licet
1883 1264 2065 1320 dicere
2095 1305 2110 1330 ,

529 1364 670 1434 quod
700 1363 1052 1432 copiosiorem
1082 1375 1260 1415 aerem
1287 1374 1448 1429 quam
1470 1373 1669 1429 pauper
1695 1356 1919 1427 respiret
1942 1354 2112 1419 dives,

527 1458 620 1512 sed
651 1457 828 1512 omnia
858 1456 1000 1525 paria
1027 1463 1083 1509 et
1112 1452 1414 1509 communia
1460 1450 1729 1522 proposita
1764 1457 1907 1504 sunt.
1940 1447 2116 1513 Quare

530 1551 689 1621 igitur
730 1549 930 1619 majora
954 1547 1168 1617 quidem
1214 1554 1268 1601 et
1308 1545 1474 1614 magis
1506 1542 1804 1598 necessaria
1825 1581 1839 1607 ,
1874 1550 1927 1596 et
1949 1540 2112 1593 vitam

534 1651 767 1698 nostram
812 1640 1170 1703 continentia,
1198 1637 1499 1693 communia
1542 1637 1679 1690 Deus
1708 1634 1866 1699 fecit;
1911 1633 2113 1687 minora

531 1750 656 1789 vero
680 1744 734 1787 et
759 1734 941 1788 viliora
960 1747 1066 1785 non
1088 1738 1211 1785 sunt
1228 1726 1802 1797 communia,pecunia:
1822 1722 2115 1778 nimirum?

529 1841 632 1895 qua
654 1825 721 1879 de
738 1824 934 1878 causa?
964 1822 1034 1880 Ut
1063 1823 1166 1876 vita
1206 1831 1385 1876 nostra
1420 1827 1795 1881 conservetur,
1823 1825 1877 1871 et
1908 1814 2117 1869 virtutis

530 1914 700 1969 stadia
732 1913 1039 1968 habeamus.
1072 1912 1127 1967 Si
1160 1911 1302 1966 enim
1334 1925 1438 1964 non
1466 1918 1649 1965 essent
1672 1907 1973 1963 necessaria
2002 1904 2115 1959 hasc

530 2007 832 2063 communia
859 2046 874 2073 ,
905 2005 1042 2060 forte
1082 2003 1469 2065 divites,solita
1495 2001 1574 2056 usi
1605 2000 2115 2068 avaritia,pauperes

531 2097 883 2152 sulfocassent
910 2113 923 2149 :
954 2095 997 2150 si
1027 2096 1170 2150 enim
1215 2094 1268 2148 in
1312 2092 1509 2147 divitiis
1540 2092 1642 2146 hoc
1668 2089 1900 2153 faciunt,
1946 2085 2116 2142 multo

531 2188 699 2258 magis
747 2187 799 2240 in
837 2186 943 2240 illis
972 2184 1242 2240 fecissent.
1274 2183 1505 2239 Rursum
1538 2182 1582 2236 si
1608 2192 1665 2236 et
1688 2179 1927 2250 pecuniae
1970 2192 2116 2233 com-

531 2292 721 2334 munes
747 2289 948 2343 essent,
962 2285 1017 2331 et
1035 2275 1280 2330 similiter
1300 2273 1545 2328 omnibus
1561 2272 1868 2342 propositas,
1885 2269 2117 2325 eleemo-

532 2386 682 2444 synzn
723 2369 934 2424 occasio
955 2368 1160 2423 sublata
1174 2375 1343 2429 esset,
1363 2371 1413 2417 et
1430 2363 1705 2417 charitatis
1728 2360 2111 2431 Opportunitas.

603 2463 656 2518 7.
684 2460 750 2517 Ut
779 2460 936 2530 igitur
963 2472 1151 2513 secure
1170 2457 1411 2510 vivamus
1435 2494 1451 2519 ,
1479 2465 1792 2508 communes
1820 2449 1971 2505 facta:
1995 2458 2119 2503 sunt

529 2555 685 2609 nobis
706 2553 825 2606 vitm
850 2567 1023 2606 causre
1041 2567 1055 2616 ;
1076 2563 1307 2613 rursum,
1330 2556 1390 2602 ut
1410 2545 1702 2600 habeamus
1722 2558 2036 2598 coronarum
2065 2553 2119 2596 et

532 2644 746 2699 laudum
790 2640 1159 2704 occasionem,
1190 2654 1296 2692 non
1320 2650 1631 2692 communes
1674 2634 1826 2689 facta:
1859 2642 1985 2688 sunt
2024 2647 2116 2702 pe-

532 2738 725 2803 cuniae,
755 2744 810 2789 ut
846 2734 1121 2789 avaritiam
1142 2732 1312 2796 exosi,
1344 2739 1401 2787 et
1423 2730 1682 2801 jusritiam
1711 2737 1995 2793 sectantes,
2022 2742 2115 2782 no-

532 2838 642 2884 stra
709 2825 1066 2896 indigentibus
1133 2832 1452 2893 erogantes,
1503 2820 1716 2891 aliquod
1777 2829 2116 2889 peccatorum

534 2928 838 2974 nostrorum
887 2915 1178 2971 remedium
1224 2928 1320 2983 per
1359 2913 1499 2968 viam
1543 2911 1682 2966 hanc
1709 2911 2000 2981 capiamus.
2028 2908 2118 2962 Di-

533 3014 691 3066 vitem
719 3019 771 3068 te
797 3010 918 3065 fecit
957 3009 1115 3075 Deus,
1145 3006 1271 3077 quid
1317 3013 1370 3061 te
1417 3005 1590 3075 ipsum
1634 3017 1921 3074 pauperem
1949 3000 2120 3055 facis?

539 3103 762 3157 Divitem
792 3111 844 3156 te
872 3101 1022 3164 fecit,
1051 3108 1108 3153 ut
1134 3098 1316 3169 egenis
1341 3097 1643 3162 auxilieris,
1671 3104 1728 3150 ut
1772 3103 1985 3164 peccata
2031 3100 2120 3148 tua

534 3196 711 3252 solvas
730 3209 827 3265 per
844 3193 1213 3248 liberalitatem
1239 3190 1356 3246 aliis
1382 3189 1672 3245 exhibitam
1696 3206 1710 3241 :
1733 3187 1879 3243 dedit
1906 3185 1997 3242 tibi
2030 3201 2119 3255 pe-

533 3290 719 3346 cunias
743 3330 757 3355 ,
784 3302 887 3343 non
915 3298 971 3342 ut
1010 3287 1062 3341 in
1101 3293 1326 3341 mortem
1367 3294 1509 3338 tuam
1558 3264 1810 3346 claudas,
1838 3279 1933 3335 sed
1967 3290 2023 3334 ut
2068 3279 2119 3332 in

535 3380 760 3436 salutem
791 3388 933 3434 tuam
962 3376 1227 3434 effundas.
1256 3375 1547 3444 Propterea
1574 3382 1627 3428 et
1655 3374 1886 3442 ipsarum
1912 3385 2117 3440 posses-

535 3474 739 3529 sionem
768 3474 1023 3525 incertam
1051 3479 1098 3523 et
1124 3483 1228 3522 non
1257 3467 1500 3522 stabilem
1531 3464 1674 3531 fecit,
1705 3474 1762 3517 ut
1791 3478 1886 3532 per
1916 3461 2015 3515 hoc
2042 3461 2118 3514 in-

537 3566 704 3621 sania:
729 3565 867 3619 circa
890 3564 1031 3631 ipsas
1053 3560 1399 3616 intentionem
1429 3557 1764 3612 dissolveret.
1791 3554 1846 3610 Si
1869 3553 2010 3609 enim
2034 3552 2119 3621 qui

538 3670 680 3710 nunc
723 3652 1027 3724 possident,
1054 3651 1143 3721 qui
1185 3650 1251 3705 de
1282 3650 1409 3719 ipsis
1446 3646 1715 3703 conlidere
1759 3661 1863 3700 non
1904 3644 2119 3707 valent,

537 3745 776 3817 quinimo
797 3743 989 3798 multas
1017 3757 1081 3796 ex
1104 3741 1206 3795 hac
1226 3756 1285 3795 re
1314 3745 1599 3794 nascentes
1627 3734 1846 3791 insidias
1874 3742 2119 3798 cernunt,

539 3839 617 3893 sic
636 3838 775 3893 circa
802 3836 1011 3890 illarum
1050 3833 1372 3888 desiderium
1401 3829 1794 3886 succenduntur
1824 3846 1838 3883 :
1866 3827 1909 3881 si
1934 3838 1987 3882 et
2022 3825 2123 3881 hoc

539 3929 775 3983 additum
805 3936 978 3991 esset,
1010 3935 1067 3980 ut
1110 3924 1332 3979 stabiles
1357 3931 1411 3978 et
1438 3921 1656 3977 minime
1684 3919 1896 3976 caducae
1928 3919 2118 3982 forent,

537 4020 629 4090 qui
668 4016 1065 4090 pepercissent?
1094 4030 1124 4070 a
1153 4029 1258 4086 quo
1287 4010 1710 4068 abstinuissent?
1734 4026 1763 4065 a
1793 4026 1896 4079 qua
1928 4008 2124 4064 vidua?

539 4128 569 4165 a
622 4110 813 4181 quibus
853 4107 1111 4180 pupillis?
1154 4122 1185 4160 a
1232 4105 1421 4176 quibus
1461 4101 1815 4174 pauperibus?
1837 4100 1915 4156 Ne
1965 4100 2124 4169 igitur

542 4217 793 4273 magnum
849 4210 1094 4271 putemus
1138 4198 1333 4253 bonum
1387 4209 1510 4251 esse
1556 4194 1765 4249 divitias
1819 4212 1831 4247 :
1876 4207 2121 4261 magnum

541 4294 684 4349 enim
714 4293 911 4347 bonum
929 4332 943 4356 ,
972 4307 1077 4344 non
1102 4288 1374 4358 possidere
1404 4286 1654 4357 pecunias
1679 4326 1693 4350 ,
1722 4285 1817 4340 sed
1849 4284 1942 4339 Dei
1972 4285 2124 4337 timo-

542 4400 656 4440 rem
677 4392 733 4441 et
755 4382 1106 4438 reverentiam
1136 4378 1428 4450 possidere.
1451 4376 1589 4431 Ecce
1615 4388 1757 4429 nunc
1776 4374 1818 4429 si
1846 4373 1963 4444 quis
1984 4382 2125 4427 esset

538 4480 740 4549 justus,
772 4484 827 4531 et
867 4472 1005 4544 apud
1038 4472 1206 4526 Deum
1244 4470 1450 4524 ﬁducia:
1490 4467 1692 4522 habens
1731 4464 1952 4519 multum
1978 4504 1992 4527 ,
2024 4462 2123 4523 etsi

543 4570 783 4626 omnium
833 4565 1108 4621 hominum
1179 4562 1549 4633 pauperrimus
1611 4565 1790 4624 esset,
1843 4556 2126 4626 praesentia

545 4664 685 4717 mala
716 4660 921 4717 solvere
952 4664 1171 4729 posset;
1205 4655 1331 4709 satis
1362 4654 1504 4708 enim
1541 4662 1684 4706 esset
1710 4659 1913 4705 tantum
1942 4650 1995 4704 in
2026 4661 2129 4702 coe-

546 4755 654 4809 lum
681 4742 871 4807 manus
896 4747 1206 4808 extendere,
1239 4754 1292 4799 et
1319 4746 1481 4799 Deum
1512 4745 1778 4808 invocare,
1811 4749 1866 4797 et
1889 4740 2004 4795 htee
2033 4754 2126 4793 ne-

543 4845 668 4900 bula
713 4840 1027 4913 praeteriret.
1057 4838 1259 4892 Aurum
1295 4850 1423 4889 vero
1453 4842 1657 4889 tantum
1683 4833 1972 4905 repositum
2016 4831 2127 4885 luto

544 4934 691 4989 omni
718 4932 784 4987 ad
814 4927 1233 5001 impendentium
1265 4924 1522 4979 malorum
1552 4924 1873 4978 snlutionem
1895 4921 2128 4976 inutilius

544 5037 628 5082 est
658 5045 669 5079 :
701 5037 801 5080 nec
830 5024 884 5077 in
920 5021 1024 5076 hoc
1054 5027 1253 5074 tantum
1285 5016 1521 5089 periculo
1542 5057 1557 5083 ,
1602 5017 1696 5072 sed
1725 5025 1782 5070 et
1823 5016 1868 5071 si
1913 5014 2129 5070 morbus

546 5115 1028 5190 comprehenderit,
1060 5114 1172 5167 sive
1192 5126 1356 5177 mors,
1381 5109 1493 5165 sive
1521 5109 1662 5164 aliud
1691 5107 1817 5178 quid
1846 5106 2127 5177 ejusmodi,

545 5208 884 5278 redarguitur
912 5203 1253 5276 pecuniarum
1286 5195 1368 5256 vis
1396 5202 1659 5269 impotens
1683 5240 1697 5265 ,
1720 5208 1774 5253 et
1802 5198 1997 5252 nullam
2036 5212 2130 5249 va-

548 5309 665 5358 lens
707 5300 775 5355 de
812 5298 1028 5367 proprio
1067 5294 1486 5351 consolationem
1530 5293 1581 5346 in
1629 5290 1870 5345 adversis
1913 5288 2127 5344 afferre.

549 5396 722 5451 Unum
749 5402 831 5447 est
873 5406 977 5459 quo
1008 5395 1369 5459 paupertatem
1417 5385 1613 5441 divitia:
1650 5398 1903 5452 superare
1951 5381 2133 5435 viden-

551 5500 654 5553 tur,
687 5483 1011 5557 quotidianis
1040 5481 1282 5537 difﬂuere
1312 5478 1517 5535 deliciis
1538 5519 1551 5544 ,
1582 5486 1637 5531 et
1667 5476 1829 5530 multa
1860 5475 1913 5530 in
1952 5476 2134 5530 convi-

550 5580 649 5633 viis
690 5576 884 5647 repleri
922 5573 1206 5642 voluptate.
1245 5569 1355 5623 [loc
1403 5578 1577 5621 tamen
1631 5575 1685 5619 et
1740 5566 1791 5619 in
1842 5580 2133 5635 pauperum

553 5683 735 5723 niensa
765 5666 1074 5732 contingere
1110 5660 1335 5724 videtur,
1359 5657 1531 5713 ethos
1557 5657 1742 5728 majori
1764 5673 1921 5727 quam
1950 5672 2134 5712 omnes

553 5764 742 5816 divues
773 5759 1039 5827 ve!uptate
1066 5753 1189 5807 frui.
1219 5752 1287 5805 Et
1314 5767 1380 5805 ne
1419 5750 1718 5816 miremini,
1750 5765 1882 5807 neve
1910 5751 2135 5806 incredi-

2222 443 2326 498 bile
2354 443 2584 513 putetis,
2628 443 2769 512 quod
2812 444 3011 498 dictum
3056 451 3139 497 est
3168 461 3181 498 :
3212 458 3279 498 ex
3309 442 3421 513 ipsa
3448 443 3590 499 enim
3620 459 3798 499 rerum

2218 536 2670 592 demonstratione
2701 537 2800 591 hoc
2837 537 2987 591 Vobis
3016 536 3201 591 faciam
3231 536 3589 592 manifestum.
3622 536 3799 591 Nostis

2217 627 2413 697 quippe
2441 641 2629 682 omnes
2648 667 2662 688 .
2691 636 2743 682 et
2789 626 2892 681 hoc
2913 626 3240 681 confitemini
3259 668 3273 690 ,
3302 626 3443 696 quod
3472 626 3796 695 voluptatem

2219 721 2270 774 in
2298 719 2556 775 conviviis
2578 733 2681 773 non
2705 718 3023 774 ferculorum
3049 729 3259 786 natura,
3283 719 3375 774 sed
3407 718 3798 774 convivantium

2218 812 2500 883 dispositio
2544 813 2717 868 facere
2763 813 3082 867 consuevit:
3112 822 3236 882 puta
3262 852 3277 877 ,
3327 827 3448 866 cum
3501 811 3640 866 fame
3681 811 3801 880 quis

2221 921 2457 961 mensam
2503 906 2767 975 attingens
2788 946 2801 970 ,
2832 904 2977 959 omni
3015 904 3241 957 obsonio
3264 912 3316 958 et
3343 903 3681 958 condimento
3700 943 3715 965 ,
3746 913 3802 956 et

2222 997 2516 1053 innumeris
2574 996 2814 1052 ciborum
2876 994 3139 1051 illecebris
3183 993 3555 1065 jucundiorem
3625 1007 3801 1048 escam

2218 1090 2483 1160 gustabit,
2522 1089 2620 1143 etsi
2680 1089 2917 1142 omnium
2973 1086 3224 1140 vilissima
3274 1086 3387 1141 sit:
3429 1085 3801 1139 necessitatem

2220 1195 2347 1234 vero
2385 1188 2442 1235 et
2480 1177 2710 1235 esuriem
2763 1178 3126 1248 praeveniens,
3155 1176 3296 1247 quod
3334 1176 3527 1231 divites
3565 1175 3762 1231 faciunt
3786 1214 3800 1236 ,

2220 1274 2265 1330 si
2308 1275 2466 1328 etiam
2495 1273 2764 1342 placentas
2811 1269 3075 1326 invenerit
3109 1267 3410 1339 appositas,
3458 1283 3561 1323 non
3608 1270 3802 1324 sentiet

2221 1367 2581 1434 voluptatem,
2619 1363 2784 1433 ipsius
2831 1362 3067 1431 appetitu
3116 1376 3220 1417 non
3250 1362 3498 1417 excitato.
3533 1360 3598 1415 Et
3625 1370 3681 1414 ut
3722 1358 3804 1413 di-

2219 1475 2339 1515 scas
2366 1459 2467 1513 hoc
2487 1458 2557 1511 ita
2593 1472 2652 1512 se
2693 1455 2905 1520 habere,
2939 1463 3105 1510 testes
3132 1454 3346 1524 quidem
3375 1461 3429 1508 et
3461 1466 3554 1507 vos
3576 1466 3801 1514 omnes;

2220 1553 2497 1608 audiamus
2522 1561 2696 1605 autem
2727 1558 2781 1605 et
2808 1549 3134 1615 Scripturatn
3163 1546 3267 1601 hoc
3294 1548 3463 1616 ipsum
3493 1547 3757 1600 dicentem
3788 1564 3799 1597 :

2218 1645 2404 1698 Anima
2428 1653 2657 1698 saturata
2698 1641 2824 1709 favis
2849 1640 3044 1702 illudit,
3069 1639 3254 1692 animo:
3274 1647 3440 1691 autent
3469 1637 3630 1707 egenti
3652 1636 3804 1690 etiam

2220 1754 2394 1792 amara
2447 1736 2618 1792 dulcia
2661 1736 2890 1789 videnlur
2942 1732 3139 1802 (Prov.
3171 1732 3259 1787 27.
3296 1732 3370 1797 7).
3400 1730 3470 1785 Et
3506 1738 3652 1786 certe
3676 1730 3803 1799 quid

2221 1828 2355 1884 favis
2398 1829 2604 1885 dulcius
2637 1838 2692 1883 et
2734 1825 2936 1882 melle?
2961 1825 3066 1881 Sed
3097 1840 3200 1878 non
3225 1823 3518 1894 jucundum
3544 1864 3559 1887 ,
3593 1823 3766 1890 inquit
3787 1863 3801 1883 .

2222 1936 2326 1976 non
2377 1920 2651 1975 esurienti.
2677 1918 2812 1988 Quid
2867 1932 2993 1972 vero
3044 1916 3240 1971 amaris
3284 1912 3663 1983 injucundius?
3708 1914 3805 1968 sed

2221 2011 2393 2066 dulcia
2420 2020 2542 2065 sunt
2572 2011 2623 2065 in
2655 2009 2908 2080 pauperie
2934 2007 3253 2063 constitutis.
3283 2005 3432 2072 Quod
3461 2015 3638 2059 autem
3670 2019 3800 2072 pau-

2222 2117 2378 2173 peres
2415 2116 2535 2155 eum
2582 2100 2898 2155 necessitate
2923 2106 2978 2153 et
3004 2096 3181 2152 esurie
3224 2095 3291 2151 ad
3328 2096 3505 2150 cibum
3545 2095 3763 2149 veniant
3787 2136 3800 2155 .

2222 2193 2416 2249 divites
2441 2207 2567 2247 vero
2592 2207 2707 2246 eam
2737 2206 2841 2244 non
2881 2195 3225 2257 exspectent,
3260 2185 3361 2240 hoc
3406 2185 3597 2254 cuique
3632 2185 3804 2237 mani-

2225 2287 2414 2342 festum
2443 2293 2524 2339 est
2554 2301 2566 2336 :
2599 2282 2739 2337 unde
2767 2280 3056 2351 legitimam
3100 2288 3156 2335 et
3192 2278 3453 2333 sinceram
3482 2276 3805 2344 voluptatem

2225 2389 2328 2429 non
2350 2375 2584 2443 capiunt.
2614 2372 2722 2426 Nec
2749 2372 2800 2425 in
2827 2370 2959 2426 cibis
2987 2377 3211 2435 tantum,
3241 2367 3335 2422 sed
3360 2377 3414 2423 et
3441 2367 3491 2421 in
3517 2377 3643 2434 potu
3663 2365 3805 2421 idem

2222 2466 2465 2521 accidere
2481 2464 2661 2518 videre
2692 2463 2810 2517 licet
2838 2479 2849 2514 :
2879 2470 2931 2516 et
2956 2460 3090 2515 sicut
3113 2460 3225 2515 illic
3243 2458 3448 2514 esuries
3468 2472 3624 2527 supra
3655 2472 3808 2510 esca-

2223 2573 2342 2612 rum
2372 2564 2611 2610 naturam
2653 2553 2976 2623 voluptatem
3006 2550 3238 2617 inducit,
3268 2551 3346 2605 sic
3370 2559 3424 2604 et
3466 2548 3550 2602 hic
3579 2548 3694 2601 sitis
3714 2547 3805 2616 ju-

2223 2650 2606 2706 cundissimum
2648 2658 2827 2716 potum
2857 2645 3033 2699 facere
3073 2643 3382 2706 consuevit,
3423 2641 3524 2696 etsi
3569 2654 3698 2708 pura
3740 2641 3811 2691 sit

2223 2757 2359 2814 aqua
2379 2757 2496 2811 qua:
2541 2739 2768 2794 bibatur.
2801 2736 2869 2791 Et
2915 2735 3020 2790 hoc
3065 2735 3237 2804 ipsum
3275 2731 3543 2801 Propheta
3586 2729 3809 2784 demon-

2223 2848 2397 2892 strans
2428 2874 2443 2898 ,
2496 2832 2706 2886 dicebat
2756 2846 2769 2882 :
2821 2826 2890 2883 Et
2937 2828 3002 2883 de
3044 2838 3188 2897 petra
3240 2824 3387 2878 melle
3435 2820 3682 2876 saturavit
3723 2834 3811 2873 eos

2225 2925 2413 2999 (Psal.
2447 2924 2535 2980 80.
2585 2924 2649 2978 17
2678 2923 2720 2992 ).
2772 2918 2933 2990 Atqui
2976 2918 3079 2973 hoc
3130 2929 3386 2986 nusquam
3431 2913 3485 2967 in
3533 2909 3810 2980 Scriptura

2225 3021 2419 3074 lectum
2448 3026 2565 3082 est,
2599 3013 2739 3084 quod
2783 3013 2887 3067 mel
2930 3011 2997 3065 de
3033 3017 3181 3079 petra
3211 3006 3387 3061 Moses
3413 3002 3679 3066 eduxerit,
3711 2999 3811 3055 sed

2226 3110 2420 3180 ubique
2444 3107 2662 3172 ﬂuvios,
2690 3113 2747 3160 et
2771 3118 2936 3173 aquas
2955 3143 2970 3168 ,
2992 3109 3044 3156 et
3087 3098 3272 3169 frigida
3302 3096 3519 3151 ﬂuenta.
3547 3090 3689 3161 Quid
3714 3092 3813 3160 igi-

2227 3214 2312 3259 tur
2343 3201 2557 3256 tandem
2606 3207 2689 3254 est
2730 3195 2871 3267 quod
2896 3192 3129 3249 dicitur?
3164 3205 3335 3260 neque
3363 3187 3504 3242 enim
3532 3184 3811 3253 Scriptura

2227 3295 2498 3351 mentitur.
2535 3292 2818 3360 Postquam
2849 3288 2991 3342 enim
3032 3284 3272 3339 sitientes
3311 3291 3362 3336 et
3394 3277 3681 3348 indigentia
3711 3275 3809 3330 de-

2228 3387 2426 3458 fatigati
2452 3386 2503 3440 in
2532 3382 2832 3454 frigidiores
2860 3392 3023 3449 aquas
3053 3376 3386 3438 inciderunt,
3410 3388 3474 3428 ex
3508 3379 3633 3439 potu
3660 3367 3815 3423 voln-

2228 3488 2426 3552 ptatem
2460 3489 2701 3532 asserere
2739 3472 2922 3527 volens
2942 3511 2956 3533 ,
2999 3468 3101 3524 mel
3131 3479 3319 3536 aquam
3350 3460 3671 3532 appellavit,
3704 3473 3812 3512 non

2229 3550 2494 3641 tamquam
2524 3573 2721 3621 mutata
2750 3565 2802 3619 in
2844 3562 2948 3617 mel
2994 3571 3200 3621 natura,
3243 3556 3335 3611 sed
3377 3552 3672 3608 bibentium
3703 3550 3816 3604 dis-

2236 3663 2498 3734 positione
2547 3658 2743 3713 ﬂuenta
2783 3654 2940 3710 melle
2977 3647 3294 3722 jucundiora
3339 3645 3585 3700 faciente.
3616 3641 3822 3697 Didici-

2227 3757 2330 3819 sti,
2355 3768 2463 3825 quo
2508 3750 2669 3807 modo
2702 3758 2757 3803 et
2800 3755 2980 3817 potum
3026 3757 3242 3798 suavem
3273 3740 3565 3796 sitientium
3594 3734 3819 3791 affectio

2231 3845 2455 3901 reddere
2479 3840 2804 3898 consuevit?
2848 3836 2995 3892 Multi
3023 3833 3182 3905 igitur
3207 3845 3467 3903 pauperes
3490 3843 3633 3899 swpe
3656 3827 3818 3882 labo-

2230 3950 2408 3994 rantes
2438 3945 2488 3992 et
2517 3931 2820 4003 defatigati,
2849 3937 2902 3985 et
2929 3928 3013 3982 siti
3040 3926 3286 3982 ardentes
3306 3966 3321 3992 ,
3345 3938 3465 3979 cum
3488 3921 3627 3977 dicta
3652 3919 3811 3975 volu-

2232 4041 2374 4103 ptate
2398 4029 2518 4084 talia
2541 4026 2777 4083 libavere
2802 4022 2998 4077 ﬂuenta
3023 4037 3035 4074 :
3058 4018 3250 4085 divites
3268 4030 3398 4072 vero
3416 4014 3595 4069 vinum
3624 4026 3817 4079 suave,

2230 4134 2284 4180 et
2310 4123 2457 4178 ﬂoris
2483 4120 2724 4181 odorem,
2752 4126 2805 4171 et
2833 4128 3046 4170 omnem
3077 4113 3326 4168 virtutem
3359 4109 3579 4174 habens,
3608 4121 3731 4177 quae
3760 4108 3816 4160 in

2231 4219 2354 4272 vino
2380 4213 2549 4285 optari
2581 4212 2777 4283 possit,
2814 4209 2845 4263 h
2868 4209 3116 4264 :urientes
3135 4249 3149 4273 ,
3178 4221 3282 4261 non
3322 4203 3563 4261 eamdem
3591 4215 3821 4258 sensere

2230 4307 2659 4364 delectationem.

2302 4402 2356 4456 8.
2392 4400 2503 4455 Hoc
2540 4406 2595 4452 et
2635 4399 2687 4451 in
2728 4408 2916 4450 somno
2946 4393 3055 4448 ﬂeri
3083 4392 3282 4446 videas.
3323 4390 3436 4445 Non
3470 4390 3610 4444 enim
3650 4389 3825 4443 molle

2230 4503 2454 4549 stratum
2480 4533 2495 4557 ,
2534 4505 2705 4560 neque
2749 4487 3122 4556 deargentatus
3151 4484 3318 4538 lectus
3338 4525 3350 4543 .
3383 4496 3556 4551 neque
3580 4480 3735 4550 quies
3764 4480 3823 4534 in

2231 4583 2468 4641 conclavi
2515 4584 2645 4637 facta
2665 4623 2678 4646 ,
2722 4593 2893 4647 neque
2930 4576 3068 4629 aliud
3099 4573 3396 4644 hujusmudi
3425 4571 3694 4643 quidpiam
3725 4585 3790 4625 so
3810 4602 3822 4609 -

2235 4691 2415 4731 mnum
2446 4674 2653 4728 dulcun
2683 4679 2737 4724 et
2763 4668 3046 4741 proclivem
3083 4666 3253 4721 facere
3289 4666 3463 4730 Solet,
3492 4664 3628 4718 sicut
3667 4662 3797 4717 labo

2235 4783 2355 4822 rare
2397 4774 2451 4821 et
2496 4763 2679 4818 lassari
2705 4800 2721 4827 ,
2765 4770 2817 4816 et
2850 4761 3191 4814 vehementer
3218 4772 3406 4812 somno
3434 4756 3731 4825 indigentes
3765 4765 3830 4811 et

2235 4859 2583 4915 dormitantes
2618 4853 2863 4909 reclinari
2895 4870 2907 4906 :
2940 4863 2995 4906 et
3024 4853 3124 4906 hoc
3160 4849 3372 4920 quidem
3403 4859 3627 4903 testatur
3654 4848 3825 4903 etiam

2235 4965 2412 5006 rerum
2440 4944 2765 5018 experientia
2796 4963 2810 4999 :
2834 4952 3058 4999 testatur
3081 4950 3257 4997 autem
3287 4949 3341 4997 et
3367 4949 3488 4995 ante
3514 4955 3692 4994 rerum
3722 4955 3793 4994 ex
3812 4972 3831 4981 υ

2239 5044 2545 5113 perientiam
2575 5038 2966 5108 Scripturarum
2993 5035 3273 5090 sententia.
3316 5033 3530 5088 Deliciis
3559 5032 3704 5089 enim
3738 5033 3793 5087 in
3812 5062 3829 5071 -

2239 5134 2465 5190 nutritus
2493 5131 2744 5187 Salomon
2775 5128 2913 5184 idem
2940 5126 3307 5182 demonstrare
3332 5124 3537 5187 volens,
3563 5120 3785 5176 dicebat
3818 5142 3834 5175 :

2238 5224 2508 5280 Jucundus
2532 5236 2735 5278 somnus
2763 5235 2923 5283 seruo,
2950 5217 3053 5272 sive
3090 5231 3288 5287 parum,
3321 5215 3422 5268 sive
3449 5210 3663 5265 multum
3687 5227 3841 5265 rom-

2241 5320 2354 5373 edat
2385 5316 2548 5388 (Eccl.
2574 5316 2627 5370 5.
2669 5313 2780 5385 Η).
2823 5311 2930 5367 Cur
2972 5310 3128 5381 igitur
3155 5308 3321 5375 addit,
3354 5305 3473 5362 Sive
3494 5321 3698 5374 parum,
3731 5305 3842 5358 sive

2242 5412 2455 5467 multum
2480 5407 2741 5464 comedat?
2762 5404 2933 5459 Ambo
2960 5403 3075 5456 hzec
3094 5400 3322 5471 vigiliam
3356 5397 3608 5452 inducere
3630 5396 3767 5450 solet
3797 5408 3841 5457 t,

2244 5505 2529 5575 indigentia
2558 5499 2850 5570 et~crapula
2874 5516 2888 5552 :
2912 5496 3001 5551 illa
3023 5494 3233 5565 quidem
3254 5506 3446 5561 corpus
3464 5491 3481 5522 ¹
3508 5487 3842 5551 arefacicns.

2244 5612 2296 5659 et
2328 5599 2605 5672 palpebras
2631 5609 2855 5652 corneas
2880 5592 3132 5659 reddens,
3158 5605 3255 5646 nec
3275 5587 3447 5644 claudi
3471 5586 3800 5657 permittens
3831 5600 3846 5637 :

2312 5762 2329 5791 ι
2364 5760 2435 5806 sic
2452 5757 2591 5819 juxta
2616 5751 2754 5803 Savil.
2778 5759 2842 5800 tu.
2870 5758 2941 5810 1).,
2967 5763 3072 5812 pro,
3097 5759 3288 5813 corpus,
3317 5742 3510 5808 legitur,
3539 5740 3799 5801 spiritum.
