3932 6222
36 357 133 412 45

26 472 307 543 κρίσεως
349 476 555 547 ἡμέρᾳ,
578 478 673 531 καὶ
700 478 829 530 ὅταν
860 475 970 529 τῶν
1002 474 1406 546 πεπραγμένων
1440 473 1541 537 τάς
1586 471 1745 525 εὐθύ-

23 579 165 629 νας
192 565 556 637 ἀπαιτῶμεθα
595 566 816 629 πάντες.
858 564 1022 616 Ὥστε
1073 564 1127 615 εῖ
1161 578 1243 626 τις
1295 561 1468 615 ἐθέλοι
1516 561 1610 613 καὶ
1650 560 1746 632 τὴν

24 651 262 722 κτῆσιν
282 653 460 705 αὐτῶν
484 653 578 706 καὶ
602 651 701 723 τὴν
734 653 929 722 χρῆσιν
974 651 1119 720 ἐχειν
1149 650 1242 703 καὶ
1268 649 1366 718 τὴν
1400 648 1744 712 δεσποτείαν,

24 738 491 793 ἀπαλλαττέσθω
526 738 634 792 τῶν
668 738 835 792 ὄντων
876 738 1161 791 ἁπάντων
1198 737 1271 801 ὡς
1302 736 1332 789 6
1367 752 1431 804 γε
1476 738 1552 807 μὴ
1590 736 1749 790 τοῦτο

24 826 262 893 ποιῶν,
290 830 356 899 τῇ
382 828 605 899 τελευτῇ
632 827 731 898 μὲν
755 825 935 880 αὐτῶν
957 827 1326 896 ἀποστήσεται
1356 825 1596 890 πάντως,
1622 828 1752 881 πολ-

20 912 225 977 λάκις
258 915 316 968 δὲ
339 915 434 968 καὶ
470 915 575 986 πρὸ
613 914 713 984 τῆς
740 913 998 985 τελευτῆς
1031 913 1168 984 μετά
1207 912 1468 968 κινδύνων
1513 915 1606 968 καὶ
1643 933 1744 984 μυ-

27 1001 202 1070 ρὲων
232 1003 373 1057 αῦτά
397 1002 751 1057 ἀποϐαλεῖται
771 1001 977 1055 κακῶν.
1003 1002 1115 1055 Καὶ
1146 1000 1206 1055 οὐ
1251 1000 1404 1055 τοῦτο
1440 1002 1601 1072 μόνον
1627 1004 1750 1056 ἐστὶ

21 1089 109 1141 τὸ
147 1089 349 1152 δεινὸν,
383 1090 465 1143 ὅτι
512 1089 782 1160 μεταϐολὴ
835 1089 1046 1159 γίνεται
1095 1089 1327 1161 ἀθρόως,
1371 1088 1486 1142 ἀλλ’
1531 1090 1615 1143 ὅτι
1654 1091 1748 1145 καὶ

25 1170 407 1243 ἀμελέτητος
444 1173 581 1243 πρὸς
605 1174 706 1244 τὴν
731 1173 829 1244 τῆς
857 1173 1049 1236 πενίας
1087 1173 1368 1243 ὑπομονὴν
1413 1174 1442 1226 6
1491 1173 1748 1240 πλούσιος

26 1254 309 1325 ἔρχεταιο
348 1255 465 1309 ἀλλ’
498 1257 595 1326 οὐχ
624 1257 653 1308 6
684 1256 854 1326 πένης
883 1256 1156 1321 τοιοῦτος’
1196 1257 1258 1310 οὐ
1288 1256 1396 1328 γάρ
1420 1257 1630 1330 χρυσίῳ
1652 1257 1748 1311 καὶ

27 1334 319 1408 ἀργυρίῳ
343 1336 685 1410 τεθάρρηκεν
717 1337 943 1408 ἀψύχοις
988 1336 1163 1403 ὕλαις,
1218 1338 1454 1410 ἀλλάτῷ
1494 1338 1613 1411 Θεῷ
1666 1338 1747 1411 τῷ

31 1418 364 1490 παρέχοντι
390 1420 568 1475 πάντα
594 1420 894 1484 πλουσίωςο
934 1420 1078 1475 ὥστε
1110 1425 1139 1475 6
1173 1422 1426 1487 πλούσιος
1472 1425 1530 1476 ἐν
1565 1423 1747 1496 ἀδήλῳ

33 1502 272 1571 μᾶλλον
307 1503 540 1575 ἕστηκεν
568 1503 599 1574 ἢ
636 1506 664 1558 6
700 1504 887 1573 πένης,
925 1505 1137 1569 πυκνάς
1171 1507 1264 1558 καὶ
1290 1506 1626 1578 ἐπαλλήλους
1668 1508 1748 1562 δε-

34 1585 300 1655 χόμενος
323 1586 421 1651 τὰς
455 1588 774 1658 μεταϐολάς.
799 1589 864 1641 Τί
893 1589 949 1642 δέ
972 1590 1110 1652 ἐστι,
1144 1586 1228 1655 Τῷ
1251 1590 1573 1658 παρέχοντι
1602 1591 1749 1661 ἡμῖν

33 1664 128 1718 τὰ
168 1664 378 1722 ,πάντα
423 1672 730 1737 πλουσίως
774 1672 855 1734 εἰς
909 1672 1207 1725 ἀπόλαυσιν
1258 1683 1320 1737 ι;
1368 1672 1553 1727 Πάντα
1608 1674 1748 1743 μετά

25 1747 347 1816 δαψιλείας
389 1751 601 1805 δίδωσιν
656 1754 685 1805 6
739 1753 895 1818 Θεὸς,
946 1753 1019 1807 16
1073 1753 1253 1824 πολλῷ
1295 1754 1403 1809 τῶν
1448 1756 1746 1827 χρημάτων

28 1834 489 1905 ἀναγκαιότερα,
528 1829 640 1888 οἷον
687 1835 779 1888 τὸν
828 1836 987 1908 ἀέρα,
1036 1837 1098 1890 16
1149 1836 1315 1909 ὕδωρ,
1365 1838 1428 1892 16
1474 1839 1607 1914 πῦρ,
1655 1840 1747 1894 τὸν

28 1915 233 1982 ἥλιον,
270 1916 488 1971 ἅπαντα
518 1918 588 1973 τά
613 1918 863 1974 τοιαῦτα.
894 1920 1008 1974 Οὐκ
1040 1920 1187 1976 ἔστιν
1218 1925 1393 1977 εἰπεῖν
1430 1925 1511 1979 ὃτι
1557 1923 1747 1979 πλείο-

31 2015 143 2061 νος
196 1999 468 2054 ἀπολαύει
514 2002 615 2073 τῆς
662 2004 878 2067 ἀκτῖνος
916 2007 945 2058 6
980 2005 1254 2073 πλούσιος,
1294 2007 1575 2073 ἐλάττονος
1621 2010 1677 2064 δὲ
1719 2011 1749 2063 6

33 2081 274 2151 πένης·
311 2084 412 2137 οὐκ
446 2083 592 2139 ἐστιν
632 2087 825 2153 εἰπεῖν,
868 2088 949 2140 ὅτι
990 2088 1371 2162 δαψιλέστερον
1416 2091 1555 2163 ἀέρα
1609 2093 1741 2146 ἀναο

36 2164 216 2218 πνέει
247 2165 347 2218 τοῦ
383 2167 615 2238 πένητος
641 2170 670 2221 6
698 2169 962 2223 πλουτῶνο
999 2170 1134 2224 6116
1150 2171 1327 2226 πάντα
1355 2173 1445 2227 ἴσα
1466 2174 1560 2228 καὶ
1592 2176 1747 2229 κοινά

36 2247 377 2318 πρόκειται.
408 2250 563 2314 Τίνος
585 2248 677 2305 οῦν
701 2252 887 2307 ἕνεκεν
926 2254 998 2307 16
1042 2255 1141 2325 μὲν
1188 2256 1410 2327 μείζονα
1453 2260 1550 2313 καὶ
1585 2259 1747 2328 ἀναγ-

35 2330 329 2414 καιότερα
350 2333 445 2386 καὶ
466 2333 563 2405 τὴν
594 2334 736 2406 ζωὴν
779 2336 939 2407 ἡμῶν
977 2339 1268 2409 συνέχοντα
1317 2342 1473 2395 κοινά
1516 2341 1747 2414 πεποίη-

40 2430 149 2467 κεν
256 2413 415 2479 Θεὸς,
456 2418 524 2472 τὰ
554 2417 610 2470 δὲ
656 2419 913 2474 ἐλάττονα
956 2422 1049 2474 καὶ
1091 2424 1448 2497 εὐτελέστερα
1491 2427 1593 2480 οὐκ
1626 2413 1743 2482 ἐστι

40 2496 217 2549 κοινά
254 2497 308 2559 ι’,
347 2498 417 2552 τά
461 2500 719 2571 χρήματα
779 2501 957 2571 λέγω;
995 2504 1140 2567 τίνος
1192 2502 1284 2560 οῦν
1336 2496 1560 2573 ἐνεκεν;
1624 2509 1744 2564 Ἵνα

43 2580 436 2650 συγκροτῆται
459 2582 669 2654 ἠμῶνή
703 2584 840 2654 ζωὴ,
876 2587 971 2639 καὶ
998 2587 1199 2659 ἀρετῆς
1238 2591 1452 2662 ἐχωμεν
1481 2591 1743 2663 σκάμμα-

37 2679 139 2716 τα.
182 2664 253 2716 El
290 2664 390 2734 μὲν
417 2666 525 2736 γὰρ
567 2667 641 2738 μὴ
680 2663 749 2738 ἦν
794 2668 863 2722 16
895 2670 1168 2739 ἀναγκαῖα
1203 2672 1376 2728 ταῦτα
1406 2675 1579 2735 κοινὰ,
1609 2676 1742 2740 ἴσως

42 2747 115 2800 ἂν
135 2750 192 2800 οἱ
213 2748 594 2813 πλουτοῦντες,
612 2756 674 2823 τῇ
696 2753 922 2825 είωθυίᾳ
946 2755 1273 2826 κεχρημένοι
1300 2756 1599 2829 πλεονεξίᾳ,
1614 2762 1741 2825 τοὺς

38 2830 399 2901 πενομένους
438 2833 737 2900 ἀπέπνιξαν
758 2836 855 2890 ἀν’
890 2838 938 2890 εἰ
984 2839 1094 2910 γάρ
1136 2841 1229 2893 ἐπὶ
1281 2840 1389 2894 τῶν
1442 2844 1741 2912 χρημάτων

39 2913 219 2966 τοῦτο
284 2914 534 2978 ποιοῦσι,
575 2917 754 2989 πολλῷ
802 2919 1002 2988 μᾶλλον
1046 2922 1133 2975 ἐπ’
1182 2922 1407 2977 ἐκείνων
1457 2925 1614 2978 τοῦτο
1673 2926 1740 2980 ἂν

43 2997 361 3069 ἐποίησανθ
406 2998 566 3053 πάλιν
597 3002 644 3053 εἰ
682 3000 774 3055 καὶ
816 3005 885 3057 τά
913 3010 1171 3076 χρήματα
1199 3001 1268 3077 ἦν
1292 3007 1467 3064 κοινά,
1512 3010 1605 3062 καὶ
1635 3012 1737 3064 πᾶ·

46 3098 136 3134 σιν
176 3081 388 3152 ὁμοίως
422 3083 732 3153 προύκειτο,
761 3086 1131 3163 ἐλεημοσύνης
1167 3092 1406 3164 ἀνῄρητο
1439 3093 1735 3165 πρόφασις,

48 3167 147 3220 καὶ
173 3166 584 3239 φιλοφροσύνης
605 3170 845 3243 ἀφορμή.

120 3252 192 3318 ξ’·
224 3252 352 3305 Ἵνα
380 3248 473 3305 οὖν
499 3252 668 3316 ἀδεῶς
701 3253 905 3325 ζῶμεν,
933 3255 1090 3310 κοινά
1120 3258 1339 3327 γέγονεν
1366 3261 1498 3331 ἡμῖν
1530 3261 1598 3314 τὰ
1637 3262 1740 3333 τῆς

48 3336 207 3407 ζωῆς
254 3335 408 3390 αἴτια
428 3355 441 3367 ·
477 3336 668 3400 πάλιν,
701 3338 787 3392 ῖνα
826 3339 1040 3410 ἔχωμεν
1084 3342 1363 3412 στεφάνων
1397 3345 1493 3400 καὶ
1525 3345 1738 3400 εὐδοκι-

51 3423 286 3491 μήσεων
342 3420 615 3492 ἀφορμὴν,
673 3423 733 3475 οὐ
783 3422 939 3475 κοινά
969 3423 1158 3493 γέγονε
1202 3426 1270 3480 16
1319 3428 1601 3499 χρήματα,
1652 3430 1739 3482 ἴνα

49 3502 383 3569 πλεονεξίαν
409 3503 710 3573 μισοῦντες.
733 3505 826 3558 καὶ
847 3505 1191 3577 δικαιοσύνην
1215 3507 1526 3573 διώκοντες,
1549 3512 1644 3564 καὶ
1671 3504 1741 3565 τ’ἀ

48 3586 184 3638 ὄντα
225 3588 343 3648 τοῖς
370 3585 643 3655 δεομένοις
695 3588 1029 3659 προϊέμενοι,
1082 3590 1437 3660 παραμυθίαν
1481 3590 1603 3645 τινὰ
1650 3593 1739 3647 διὰ

47 3670 154 3740 τῆς
194 3668 427 3740 μεθόδου
468 3670 671 3741 ταύτης
700 3671 808 3723 τῶν
837 3671 1051 3725 οἰκείων
1085 3671 1453 3744 λαμϐάνωμεν
1488 3677 1739 3747 ἁμαρτη-

54 3752 275 3821 μάτων.
305 3751 568 3805 Πλούσιόν
606 3770 665 3805 σε
699 3754 954 3824 ἐποίησεν
983 3756 1012 3807 6
1052 3755 1204 3820 656;,
1237 3757 1285 3809 τί
1320 3758 1515 3811 σαυτὸν
1564 3763 1738 3825 ποιεῖς

51 3834 309 3905 πένητα;
352 3834 612 3888 Πλούσιόν
652 3852 711 3889 σε
740 3836 1016 3907 ἐποίησεν,
1048 3838 1134 3891 ἵνα
1165 3843 1275 3902 τοῖς
1305 3840 1577 3911 δεομένοις
1607 3843 1737 3915 βοη-

53 3916 178 3988 θῇς,
208 3917 301 3970 ἴνα
328 3918 396 3971 16
422 3918 795 3990 ἁμαρτήματα
832 3919 1003 3991 λύσῃς
1050 3920 1120 3975 16
1171 3922 1368 3976 σαυτοῦ
1405 3924 1493 3979 διά
1520 3926 1635 3997 τῆς⁶
1656 3929 1737 3985 εἰς

50 4002 282 4073 ἐτέρους
314 4000 621 4070 δαψιλείας⁹
661 4002 862 4056 δέδωκέ
896 4020 977 4057 σοι
1009 4005 1288 4076 χρήματα,
1324 4008 1422 4077 οὐχ
1454 4008 1540 4061 ἵνα
1571 4027 1736 4063 κατα-

51 4086 285 4158 κλείσῃς
313 4085 400 4138 ἐπ’
423 4083 630 4155 ὀλέθρῳ
659 4084 737 4156 τῷ
766 4084 862 4156 σῷ,
885 4086 999 4140 ἀλλ’
1025 4087 1112 4141 ἵνα
1149 4090 1348 4161 ἐκχέῃς
1377 4091 1469 4143 ἐπὶ
1492 4094 1736 4167 σωτηρία

51 4173 122 4241 τῇ
168 4172 261 4239 σῇ.
292 4167 393 4223 Διά
426 4168 581 4222 τοῦτο
614 4169 707 4222 καὶ
744 4170 843 4241 τὴν
867 4170 1061 4241 κτῆσιν
1081 4173 1262 4225 αὐτῶν
1292 4172 1485 4245 ἄδηλον
1506 4176 1733 4248 ἐποίησε

55 4256 150 4308 καὶ
186 4255 250 4307 οὐ
298 4252 546 4323 μόνιμον.
580 4253 668 4305 ἵνα
713 4255 805 4306 καὶ
844 4256 901 4306 ἐν
938 4254 1113 4326 τούτῳ
1142 4256 1245 4326 τῆς
1286 4260 1414 4329 περὶ
1449 4259 1589 4312 αύτά
1632 4278 1734 4330 μα-

56 4340 174 4400 νίας
194 4336 482 4407 καταλύσῃ
498 4336 588 4389 τὸν
610 4336 778 4389 τόνον.
809 4338 871 4389 Εἰ
897 4336 1007 4408 γάρ
1034 4338 1127 4390 νῦν
1148 4341 1248 4392 ούκ
1273 4339 1489 4411 ἔχοντες
1511 4343 1732 4417 θαρῤεῖν

55 4423 106 4474 οξ
136 4420 473 4491 κεκτημένοι
498 4421 626 4490 περὶ⁵
658 4420 858 4479 αὐτῶν.
894 4420 1029 4474 ἀλλά
1061 4423 1152 4474 καὶ
1174 4421 1370 4489 πολλὰς
1400 4426 1634 4496 ὁρῶντες
1668 4431 1732 4485 ἐκ

56 4503 149 4557 τοῦ
179 4503 513 4574 πράγματος
540 4504 862 4573 τικτομένας
888 4504 1198 4569 ἐπιϐουλὰς,
1223 4505 1397 4572 οὕτως
1422 4511 1732 4570 ἐκκαίονται

58 4604 127 4639 πε
135 4588 189 4657 ρὶ
206 4585 298 4639 τὸν
319 4585 543 4638 ἐκείνων
559 4584 741 4648 πόθον,
763 4587 812 4639 εί
834 4586 926 4639 καὶ
948 4587 1101 4640 τοῦτο
1115 4589 1326 4660 προσῆν
1347 4591 1424 4662 τῷ
1441 4593 1653 4667 πλούτῳ
1672 4601 1733 4653 τὸ

62 4671 282 4741 βέϐαιον
303 4670 398 4723 καὶ
412 4669 770 4735 ἀδιάπτωτον,
790 4669 934 4733 τίνος
957 4670 1023 4724 ἂν
1044 4671 1359 4742 ἐφείσαντο;
1377 4674 1517 4739 τίνος
1540 4678 1605 4731 ἂν
1626 4683 1732 4735 ἀπ-

60 4754 314 4823 gelo-.110;
353 4753 512 4816 ποίας
540 4755 733 4825 χήρας,
775 4752 942 4807 ποίων
971 4755 1242 4825 ὀρφανῶν,
1270 4758 1436 4810 ποίων
1456 4764 1728 4830 πενήτωνς

63 4841 142 4910 ὧι
155 4840 175 4913 ]
190 4843 281 4911 Μὴ
292 4843 471 4896 τοίνυν
485 4844 630 4914 μέγα
640 4843 952 4914 νομίζωμεν
963 4842 1165 4911 ἀγαθὸν
1175 4837 1312 4895 εἶναι
1333 4839 1465 4895 πλοῦ
1473 4857 1579 4894 τονο
1592 4841 1733 4910 μέγα

60 4928 168 4997 γὰρ
199 4927 424 4995 ἀγαθὸν,
456 4930 516 4983 ού
551 4932 612 4983 16
634 4931 932 5003 κεκτῆσθαι
962 4931 1243 5002 χρήματα,
1273 4928 1409 4982 ἀλλά
1442 4928 1503 4981 16
1543 4930 1736 5001 κεκτῆ-

66 5014 185 5069 σθαι
215 5013 380 5083 φόϐον
421 5016 555 5070 Θεοῦ
587 5020 681 5071 καὶ
724 5020 905 5072 πᾶσαν
930 5017 1232 5071 εὐλάϐειαν.
1286 5017 1417 5071 Ἰδοὺ
1444 5015 1539 5070 νῦν
1570 5016 1624 5069 εῐ
1648 5032 1734 5081 τις

65 5104 263 5166 δεκαιος
288 5098 358 5171 ἦν
392 5104 491 5167 καὶ
536 5106 845 5173 παρρησίαν
884 5105 1081 5175 πολλὴν
1107 5105 1244 5174 ἔχων
1275 5104 1409 5174 πρὸς
1439 5103 1531 5156 τὸν
1575 5101 1731 5169 Θεὸν,

68 5181 170 5236 κάν
193 5186 241 5235 εἰ
269 5183 487 5237 πάντων
515 5183 814 5255 ἀνθρώπων
837 5185 1159 5256 πενέστερος
1180 5183 1270 5256 ἦν,
1297 5186 1456 5258 ῆρκει
1480 5187 1639 5242 λῦσαι
1661 5190 1730 5244 τὰ
1764 5204 1767 5205 ⁷

68 5266 307 5337 παρόντα
327 5266 478 5319 δεινά
495 5283 507 5295 ·
539 5268 698 5338 ῆρκει
726 5267 844 5337 γὰρ·
873 5266 1031 5337 μόνον
1055 5266 1156 5330 τάς
1176 5270 1363 5337 χεῖρας
1385 5270 1618 5324 ἐκτεῖναι
1650 5275 1731 5337 είς

68 5346 155 5399 τὸν
191 5347 416 5418 οὐρανὸν
445 5349 538 5402 καὶ
561 5348 787 5402 καλέσαι
813 5347 903 5402 τὸν
940 5348 1093 5411 Θεὸν,
1142 5351 1234 5402 καὶ
1278 5349 1339 5402 16
1384 5351 1544 5420 νέφος
1573 5352 1731 5408 τοῦτο

72 5430 343 5503 παρῆλθεν
363 5431 445 5485 ἀν.
472 5431 707 5503 Χρυσίον
734 5432 792 5485 δέ
816 5431 1068 5486 τοσοῦτον
1096 5433 1405 5496 ἀπόκειται,
1437 5436 1533 5489 καὶ
1554 5439 1726 5509 πηλοῦ

71 5516 263 5579 παντός
287 5516 436 5568 ἐστιν
471 5517 871 5589 ἀχρηστότερον
901 5518 1036 5589 πρὸς
1054 5516 1154 5589 τὴν
1190 5518 1342 5572 λύσιν
1370 5519 1478 5573 τῶν
1516 5521 1725 5577 ἐπικει-

74 5599 241 5667 μένων
268 5599 456 5653 κακῶν
475 5616 489 5629 ’
519 5602 619 5654 οὐκ
648 5602 706 5653 ἐν
726 5601 900 5672 τούτῳ
935 5601 994 5655 δέ
1019 5601 1099 5672 τῷ
1125 5602 1354 5674 κινδύνῳ
1380 5604 1560 5673 μόνον,
1592 5607 1727 5661 ἀλλά

76 5683 162 5737 κάν
183 5683 336 5747 νόσος
355 5685 658 5759 καταλάϐῃ,
676 5686 779 5739 κᾶν
805 5685 1053 5750 θάνατος,
1077 5686 1181 5739 κάν
1198 5686 1324 5740 ἀλλο
1347 5705 1397 5740 τι
1425 5688 1534 5741 τῶν
1554 5691 1727 5744 τοιού-

77 5783 192 5833 των,
220 5766 505 5839 ἐλέγχεται
541 5769 648 5822 τῶν
678 5768 978 5841 χρημάτων
1013 5771 1047 5842 ἡ
1091 5768 1319 5842 δύναμις
1352 5771 1722 5844 ἀπορουμένη,

123 5901 149 5972 ξ
171 5901 251 5972 ξίς
267 5901 689 5972 ἀπόλαυσινόοεει
714 5908 762 5954 in
787 5906 944 5972 savii:
959 5915 1012 5955 et
1033 5909 1080 5957 in
1102 5909 1287 5972 aliquot
1306 5926 1420 5963 mss.

122 5959 152 6001 δ
170 5962 317 6030 δόνὶξ.
341 5970 394 6030 e_'_.
425 5967 622 6030 quidam
655 5982 770 6016 mss.
806 5970 893 6017 οὐκ
924 5970 1023 6017 ἔστι
1050 5959 1201 6029 κοινά,
1231 5959 1477 6023 Μοτὲῖνθῑ
1502 5979 1582 6028 alii
1607 5980 1718 6030 οὐκ·

80 6035 132 6069 ιτι
172 6025 320 6072 κοινά.
352 6025 462 6076 Mox
490 6027 641 6079 Sm‘il.
671 6029 792 6088 τίνος
812 6031 893 6079 οὖν
915 6032 1095 6093 ἒνεκεν;
1124 6025 1241 6084 Mdr.
1266 6036 1388 6093 τίνος
1421 6040 1509 6100 Em;

1071 359 1162 413 AD
1202 357 1531 416 POPULUM
1572 356 1729 411 ANTI

1890 355 2078 411 ENUM
2119 354 2356 411 ιιοιιιι..
2402 355 2464 410 Il.
3465 359 3534 414 Η

1855 471 1949 524 καὶ
1986 470 2254 542 μηδεμίαν
2286 470 2485 543 ἔχουσα
2510 472 2864 543 παραμυθίαν
2888 474 2999 538 τοῖς
3036 471 3425 545 συμϐαίνουσιν
3453 476 3531 526 οῖ-

1856 554 2014 609 κοθεν
2033 555 2429 622 ἐπιδείξασθαι.
2460 555 2559 608 Ἕν
2590 556 2738 609 ἐστιν
2771 556 2799 609 6
2827 556 2973 610 δοκεῖ
2999 557 3100 627 τῆς
3125 558 3315 622 πενίας
3345 557 3533 612 πλεον-

1856 641 2034 692 εκτεῖν
2071 642 2099 692 ὁ
2141 638 2390 702 πλοῦτος,
2424 638 2484 693 16
2510 641 2723 711 τρυφᾷν
2756 639 2876 693 καθ’
2915 641 3152 713 ἡμέραν,
3197 643 3294 696 καὶ
3332 641 3533 712 πολλῆς

1852 723 2211 794 ἐμφορεῖσθαι
2236 726 2294 777 ἐν
2315 727 2429 786 τοῖς
2454 724 2778 793 συμποσίοις
2801 725 2898 796 τῆς
2923 726 3132 798 ἡδονῆς.
3162 726 3330 781 Τοῦτο
3352 727 3533 797 μέντοι

1851 808 1947 861 καὶ
1985 808 2080 860 ἐπ)⁵
2132 807 2233 879 τῆς
2271 807 2378 860 τῶν
2416 808 2668 878 πενήτων
2721 810 3001 881 τραπέζης
3042 811 3340 883 συμϐαῖνον
3384 812 3534 867 ἐστιν

1854 892 2004 957 ἰδεῖν,
2046 892 2143 947 καὶ
2190 892 2436 963 μείζονος
2486 885 2707 956 τούτους
2756 893 3128 959 ἀπολαύοντας
3174 895 3369 967 ἡδονῆς
3420 897 3530 952 τῶν

1851 976 2224 1030 πλουτούντων
2265 977 2541 1030 ἀπάντων.
2582 976 2694 1029 Καὶ
2739 976 2814 1047 μὴ
2862 976 3201 1050 θαυμάσητε,
3249 980 3385 1052 μηδέ
3424 998 3531 1037 πα-

1855 1060 2072 1133 ράδοξον
2100 1054 2240 1115 εῖναι
2262 1060 2523 1131 νομίσητε
2550 1059 2612 1114 16
2644 1060 2937 1131 λεγόμενον
2954 1079 2967 1092 ·
2996 1061 3107 1130 ἐγὼ
3136 1063 3246 1136 γάρ
3272 1064 3331 1130 ἐξ
3360 1065 3530 1137 αὐτῆς

1850 1144 1979 1215 ὑμῖν
2014 1143 2174 1198 τοῦτο
2202 1144 2301 1213 τῆς
2324 1143 2433 1197 τῶν
2469 1143 2812 1216 πραγμάτων
2839 1144 3164 1211 ἀποδείξεως
3194 1148 3403 1219 ποιήσω
3432 1147 3527 1218 δῆο

1851 1229 1964 1282 λον.
1992 1230 2138 1282 Ἴστε
2181 1227 2291 1299 γὰρ
2313 1227 2486 1299 δήπου
2517 1226 2676 1282 τοῦτο
2710 1229 2802 1281 καὶ
2836 1229 3243 1299 συνομολογεῖτε
3294 1231 3527 1296 πάντες,

1849 1312 1931 1367 ὅτι
1962 1311 2060 1383 τὴν
2102 1312 2296 1384 ἡδονὴν
2323 1313 2381 1366 ἐν
2414 1314 2535 1376 ταῖς
2573 1314 2882 1368 ἑστιάσεσιν
2909 1314 3006 1385 οὐχ
3032 1317 3066 1386 ἡ
3098 1315 3258 1386 φύσις
3287 1316 3394 1369 τῶν
3415 1316 3529 1370 ἐδε-

1855 1396 2098 1467 σμάτων,
2133 1395 2248 1449 ἀλλ’
2271 1396 2306 1466 ἡ
2332 1394 2573 1458 διάθεσις
2599 1396 2709 1451 τῶν
2735 1398 3080 1469 ἑστιωμένων
3108 1402 3280 1453 ποιεῖν
3302 1398 3494 1454 είωθεν
3511 1418 3527 1435 ν

1849 1475 1961 1534 οἷόν
1988 1499 2041 1535 τι
2073 1480 2245 1550 λέγω·
2297 1479 2434 1551 μετά
2472 1479 2565 1534 τοῦ
2614 1483 2805 1552 πεινῇν
2850 1498 2936 1543 τις
2979 1482 3285 1553 ἁπτόμενος
3316 1484 3528 1555 τραπέ-

1852 1567 1975 1635 ζης,
2012 1564 2213 1628 παντὸς
2238 1563 2372 1633 ὕψου
2401 1563 2494 1617 καὶ
2527 1562 2838 1635 ἡδύσματος
2870 1565 2966 1618 καὶ
3008 1565 3218 1638 μυρίων
3256 1584 3528 1637 καρυκευ-

1853 1649 2037 1719 μάτων
2062 1649 2209 1720 ἥδιον
2239 1648 2437 1719 ἅψεται
2470 1648 2569 1719 τῆς
2622 1647 2853 1719 τροφῆς,
2886 1648 2992 1702 κᾶν
3032 1649 3286 1703 ἁπάντων
3315 1650 3528 1703 εὐτελε-

1854 1732 2018 1804 στέρα
2140 1735 2169 1785 6
2200 1731 2257 1784 δὲ
2291 1731 2364 1801 μὴ
2384 1731 2483 1801 τὴν
2514 1729 2706 1801 χρείαν
2727 1728 3041 1799 ἀναμένων,
3076 1730 3211 1802 μηδέ
3241 1733 3527 1803 ὑπομένων

1851 1817 2103 1887 πεινῆσαι
2129 1814 2368 1887 πρῶτον,
2390 1814 2528 1885 ὅπερ
2560 1814 2611 1866 οί
2645 1812 3001 1876 πλουτοῦντες
3024 1813 3258 1879 ποιοῦσι,
3285 1816 3379 1869 καὶ
3406 1816 3527 1870 τότε

1852 1899 1944 1953 ἐπὶ⁵
1981 1899 2081 1971 τὴν
2125 1897 2406 1971 τράπεζαν
2445 1896 2638 1960 ἐλθεῖν,
2670 1895 2774 1949 κᾶν
2801 1895 3144 1961 πλακοῦντας
3170 1899 3306 1973 εὕρῃ
3342 1901 3528 1972 κειμέ-

1849 1997 1995 2044 νους,
2029 1980 2126 2034 οὐκ
2155 1979 2480 2050 αἰσθήσεται
2509 1979 2609 2049 τῆς
2637 1977 2852 2048 ἡδονῆς,
2882 1978 2983 2048 τῆς
3005 1976 3239 2050 ὀρέξεως
3271 1981 3420 2053 αὐτῷ
3450 1984 3524 2056 μὴ

1848 2061 2297 2135 διεγηγερμένης.
2342 2062 2450 2114 Καὶ
2488 2061 2575 2114 ῖνα
2622 2058 2820 2133 μάθῃς,
2863 2060 2945 2115 ὅτι
2986 2060 3143 2115 τοῦτο
3184 2062 3373 2118 τοῦτον
3414 2064 3525 2137 ἔχει

1849 2145 1942 2199 16v
1973 2146 2193 2215 τρόπον,
2228 2144 2503 2215 μάρτυρες
2548 2143 2647 2213 μὲν
2675 2144 2770 2196 καὶ
2806 2143 2965 2212 ὑμεῖς
3008 2143 3235 2210 πάντες⁸
3281 2146 3527 2202 ἀκούσω-

1852 2245 1953 2300 μεν
1999 2229 2057 2282 δέ
2092 2228 2187 2282 καὶ
2208 2227 2309 2297 τῆς
2356 2226 2581 2297 Γραφῆς
2626 2225 2759 2279 αὐτὸ
2801 2226 2961 2281 τοῦτο
3002 2227 3301 2299 λεγούσηςο
3355 2231 3523 2298 Ψυχὴ

1846 2311 1957 2378 γὰρ
1982 2310 2482 2380 ἐμπεπλησμένη,
2510 2309 2663 2379 φησὶ,
2693 2308 2928 2376 κηρίοις
2954 2308 3236 2377 ἐμπαίζει,
3255 2309 3426 2381 ψυχῇ
3456 2312 3524 2365 δὲ

1844 2387 2039 2444 ἐνδεεῖ
2066 2393 2165 2447 καί
2210 2393 2281 2447 τὰ
2304 2392 2486 2460 πικρὰ
2507 2391 2775 2459 γλυκερὰ
2797 2392 3088 2460 φαίνεται.
3121 2394 3310 2448 Καίτοι
3335 2395 3387 2447 τί
3419 2412 3521 2466 κη-

1848 2471 1966 2543 ρίου
1999 2474 2095 2528 καὶ
2120 2476 2339 2545 μέλιτος
2367 2473 2700 2544 γλυκύτερον
2729 2473 2927 2543 γένοιτ’
2958 2474 3054 2541 ἀν;
3088 2475 3202 2528 611‘
3238 2478 3337 2531 οὐκ
3375 2477 3521 2534 ἐστιν

1845 2556 1944 2627 ἡδὺ
1972 2556 2052 2627 τῷ
2083 2559 2159 2629 μὴ
2190 2557 2463 2624 πεινῶντι,
2508 2557 2672 2628 φησί·
2714 2556 2767 2611 τί
2794 2556 2851 2610 δέ
2880 2557 2989 2611 τῶν
3023 2558 3241 2631 πικρῶν
3266 2561 3522 2631 ἀηδέστε-

1847 2656 1938 2710 ρον
1958 2657 1973 2703 ;
1995 2640 2109 2693 ἀλλ’
2134 2639 2249 2693 ἐστι
2273 2641 2480 2708 γλυκέα
2501 2642 2613 2704 τοῖς
2640 2641 2698 2694 ἐν
2741 2640 2920 2711 ἐνδείᾳ
2948 2640 3367 2713 καθεστηκόσιν.
3397 2645 3519 2699 Ὅτι

1843 2720 1899 2774 δὲ
1929 2723 1980 2774 οί
2007 2722 2236 2794 πένητες
2283 2722 2422 2794 μετά
2466 2723 2567 2793 τῆς
2608 2723 2798 2795 χρείας
2845 2724 2940 2777 καὶ
2983 2723 3077 2777 τοῦ
3124 2729 3315 2797 πεινῇν
3338 2728 3427 2783 ἐπὶ
3459 2729 3521 2783 16

1843 2806 2074 2877 πρᾶγμα
2114 2805 2395 2878 ἔρχονται,
2436 2806 2488 2858 οἱ
2530 2805 2587 2858 δέ
2635 2805 2996 2871 πλουτοῦντες
3039 2808 3139 2861 οὐκ
3185 2808 3516 2879 ἀναμένουσι

1842 2888 2018 2954 τοῦτο,
2051 2890 2213 2943 παντί
2236 2907 2337 2943 που
2362 2889 2525 2962 δῆλόν
2557 2892 2735 2944 ἐστιν·
2768 2890 2891 2944 ὅθεν
2925 2890 3045 2945 οὕδέ
3066 2890 3293 2962 γνησίαν
3325 2894 3420 2947 καὶ
3440 2895 3519 2947 εἰ·-

1843 2971 2059 3043 λικρινῆ
2090 2972 2427 3045 καρποῦνται
2455 2974 2554 3045 τῆν
2575 2974 2789 3045 ἡδονήν.
2821 2974 2935 3028 οὐκ
2960 2975 3053 3027 ἐπὶ
3080 2976 3189 3028 τῶν
3205 2976 3517 3047 ἐδεσμάτων

1841 3055 1900 3109 δέ
1938 3055 2115 3127 μόνον,
2138 3056 2273 3110 ἀλλά
2293 3057 2388 3112 καὶ
2409 3058 2501 3111 ἐπὶ
2528 3056 2636 3111 τῶν
2663 3057 2845 3112 ποτῶν
2878 3057 3037 3112 τοῦτο
3057 3058 3189 3113 αὐτὸ
3214 3060 3513 3130 συμϐαῖνον

1845 3139 1942 3192 ἴδοι
1963 3156 2047 3203 τις
2080 3140 2145 3194 ἀν
2164 3157 2177 3170 ·
2209 3142 2304 3194 καὶ
2333 3140 2521 3210 ὥσπερ
2554 3143 2671 3194 ἐκεῖ
2700 3142 2762 3195 16
2792 3145 2981 3214 πεινῆν
3002 3144 3108 3215 πρὸ
3134 3145 3231 3216 τῆς
3259 3145 3367 3198 τῶν
3401 3144 3516 3198 ἐδε-

1845 3222 2066 3291 σμάτων
2100 3222 2314 3292 φύσεως
2347 3224 2539 3295 ἡδονὴν
2564 3225 2854 3296 ἐργάζεται
2889 3237 2911 3264 ο
2933 3245 2947 3258 ·
2984 3227 3128 3280 οὕτω
3158 3229 3252 3281 καὶ
3278 3227 3514 3282 ἐνταῦθα

1839 3306 1902 3359 16
1944 3307 2103 3379 διψῇν
2150 3309 2366 3378 ἥδιστον
2412 3312 2584 3363 ποιεῖν
2611 3309 2768 3364 είωθε
2799 3312 2861 3363 16
2884 3311 3065 3378 ποτὸν,
3094 3311 3199 3367 κᾶν
3229 3310 3372 3384 ὕδωρ
3397 3308 3432 3387 ᾗ
3456 3313 3514 3366 τὸ

1842 3391 2130 3461 πινόμενον
2158 3390 2337 3461 μόνον.
2366 3392 2475 3447 Καὶ
2495 3392 2653 3446 τοῦτο
2690 3393 2820 3446 αὐτὸ
2857 3396 2885 3449 6
2916 3395 3205 3465 προφήτης
3230 3393 3513 3464 ἐμφαίνων

1843 3471 2047 3541 ἔλεγεν·
2092 3477 2193 3528 Ἐκ
2234 3475 2453 3543 πέτρας
2489 3475 2631 3546 μέλι
2665 3478 2997 3546 ἐχόρτασεν
3035 3477 3279 3543 αὐτούς.
3320 3476 3512 3531 Καίτοι

1841 3555 1983 3608 τοῦτ’
2006 3555 2243 3627 οὐδαμοῦ
2268 3558 2364 3628 τῆς
2387 3558 2603 3630 Γραφῆς
2629 3558 2963 3631 ἀνέγνωμεν,
2981 3560 3062 3614 ὅτι
3084 3559 3205 3631 μέλι
3222 3559 3287 3612 ἐκ
3306 3559 3513 3631 πέτρας

1841 3636 2108 3707 ἐξήγαγεν
2133 3640 2160 3691 6
2180 3638 2406 3710 Μωσῆς,
2430 3639 2564 3695 ἀλλά
2584 3642 2857 3713 πανταχοῦ
2880 3643 3160 3714 ποταμοὺς
3208 3643 3301 3696 καὶ
3343 3641 3511 3695 ὕδατα

1841 3722 1935 3775 καὶ
1969 3721 2154 3791 ψυχρά
2178 3722 2414 3794 νάματα.
2449 3724 2515 3778 Τί
2540 3727 2660 3778 ποτ’
2680 3723 2773 3780 οὖν
2802 3728 2917 3779 ἐστι
2939 3726 2998 3779 16
3030 3727 3359 3798 λεγόμενον;
3390 3728 3510 3780 οὑδέ

1841 3803 1949 3874 γάρ
1978 3802 2232 3873 ψεύδεται
2259 3808 2292 3877 ὴ
2329 3807 2517 3877 Γραφή
2543 3824 2554 3836 ⁸
2585 3807 2771 3879 ἐπειδὴ
2802 3808 2912 3880 γάρ
2942 3808 3203 3879 διψῶντες
3233 3811 3323 3864 καὶ
3345 3828 3511 3864 κατα-

1840 3887 2163 3958 πονούμενοι
2203 3887 2230 3927 ἀ
2275 3891 2341 3959 τῇ
2387 3889 2587 3960 ἐνδείᾳ,
2609 3890 2961 3963 ψυχροτέροις
2993 3894 3361 3964 προσέπιπτον
3396 3897 3510 3957 τοῖς

1839 3971 2065 4041 νάμασι,
2096 3971 2195 4042 τὴν
2224 3971 2413 4042 ἡδονὴν
2445 3971 2544 4044 τὴν
2575 3975 2640 4027 ἐκ
2684 3974 2778 4027 τοῦ
2822 3974 2986 4030 ποτοῦ
3012 3976 3366 4046 παραστῆσαι
3392 3976 3507 4048 βου-

1838 4052 2084 4123 λόμενος,
2116 4053 2239 4124 μέλι
2263 4053 2324 4107 16
2350 4052 2494 4126 ὕδωρ
2514 4054 2793 4121 ἐκάλεσεν,
2814 4058 2911 4127 οὐχ
2935 4058 3010 4121 ὡς
3037 4058 3138 4127 τῆς
3167 4057 3382 4126 φύσεως
3414 4077 3508 4130 με-

1836 4135 2196 4205 ταϐληθείσης
2226 4136 2306 4199 εἰς
2345 4136 2483 4207 μέλι.
2519 4137 2630 4191 ἀλλ’
2662 4138 2739 4202 ὠς
2770 4140 2866 4210 τῆς
2892 4139 3183 4205 διαθέσεως
3206 4138 3321 4214 [52]
3359 4142 3508 4213 μέλις

1835 4235 1925 4280 τος
1959 4217 2090 4283 ἡδίω
2115 4216 2375 4289 ποιούσης
2413 4220 2593 4273 ἐκεῖνα
2616 4219 2685 4274 τά
2720 4222 2957 4293 νάματα.
2992 4223 3233 4294 Ἔμαθες
3263 4223 3383 4288 πῶς
3415 4230 3506 4279 καὶ

1837 4303 1996 4356 ποτὸν
2021 4302 2120 4373 ἡδὺ
2158 4305 2332 4356 ποιεῖν
2358 4302 2546 4357 εἴωθεν
2575 4306 2606 4375 ή
2629 4304 2735 4358 τῶν
2760 4304 3037 4375 διψώντων
3067 4306 3337 4373 διάθεσις;
3369 4308 3504 4361 Πολ-

1837 4386 1919 4439 λοὶ
1953 4385 2083 4454 γοῦν
2114 4385 2372 4449 πολλάκις
2404 4385 2634 4456 πένητες
2659 4385 2980 4457 κάμνοντες,
3017 4388 3112 4443 καὶ
3157 4390 3507 4461 ταλαιπωρη-

1835 4468 2035 4533 θέντες,
2067 4470 2160 4523 κα¹ι
2179 4468 2255 4539 τῷ
2282 4468 2425 4539 δίψει
2456 4470 2889 4539 καταφλεγέντες
2923 4482 2968 4537 ο,
2991 4472 3130 4542 μετά
3154 4474 3251 4544 τῆς
3276 4476 3501 4546 εἰρημέ-

1833 4569 1929 4622 νης
1952 4552 2147 4623 ἡδονῆς
2172 4551 2280 4604 τῶν
2303 4552 2556 4606 τοιούτων
2583 4554 2845 4626 μετέσχον
2870 4555 3128 4626 ναμάτων
3144 4573 3160 4587 θ
3185 4558 3235 4609 οἱ
3259 4556 3316 4610 δε
3342 4557 3505 4610 πλου-
3616 4622 3619 4623 ν

1831 4637 2052 4702 τοῦντες
2086 4633 2228 4691 οἶνον
2267 4636 2416 4707 ήδῦν,
2460 4639 2552 4690 καὶ
2594 4637 2913 4710 ἀνθοσμίαν,
2948 4640 3040 4693 κοιλ⁴
3082 4641 3263 4694 πᾶσαν
3301 4641 3502 4713 ἀρετὴν

1832 4719 2023 4791 ἔχοντα
2057 4721 2155 4791 τὴν
2192 4721 2249 4774 ἐν
2289 4718 2417 4789 οἴνῳ
2453 4720 2728 4786 λαϐόντες,
2763 4722 2864 4777 οὐκ
2905 4722 3132 4794 ᾔσθοντο
3184 4723 3284 4795 τῆς
3332 4725 3500 4798 αὐτῆς

1832 4803 2187 4875 εὐφροσύνης.

1901 4893 1970 4959 η’.
2013 4886 2182 4942 Τοῦτο
2211 4888 2304 4940 καὶ
2332 4888 2424 4941 ἐπὶ
2450 4888 2543 4942 τοῦ
2568 4887 2737 4943 ὕπνου
2765 4890 3045 4962 γινόμενον
3077 4890 3172 4945 ῖδοι
3193 4908 3278 4956 τις
3305 4893 3392 4947 ἄν.
3423 4895 3499 4947 Οὐ

1831 4969 1940 5040 γὰρ
1979 4969 2160 5040 ἁπαλὴ
2210 4971 2503 5043 στρωμνὴ,
2550 4972 2671 5026 οὐδὲ
2726 4973 3116 5044 ἀργυρένδετος
3154 4974 3330 5044 κλίνη,
3376 4976 3498 5029 οὐδὲ

1830 5053 2026 5122 ἡσυχία
2048 5053 2191 5108 κατά
2215 5054 2278 5107 16
2303 5054 2572 5126 δωμάτιον
2590 5057 2871 5127 γινομένη,
2899 5057 3019 5111 ούδέ
3042 5057 3171 5112 ἀλλο
3191 5058 3297 5112 τῶν
3324 5059 3497 5113 τοιού-

1827 5152 1934 5188 των
1966 5136 2118 5190 οὐδὲν
2144 5136 2237 5190 16v
2267 5136 2434 5192 ὕπνον
2462 5139 2667 5207 γλυκὺν
2697 5141 2789 5193 καὶ
2812 5142 3055 5212 προσηνῆ
3080 5145 3254 5195 ποιεῖν
3285 5141 3496 5205 εἴωθεν,

1826 5218 1901 5281 ὼς
1944 5219 2002 5272 16
2032 5221 2311 5274 πονεῖσθαι
2340 5222 2436 5275 καὶ
2467 5222 2697 5293 κάμνειν
2726 5225 2819 5277 καὶ
2850 5223 3138 5295 δεομένους
3165 5222 3334 5278 ὕπνου
3363 5223 3495 5292 σφό-

1825 5302 1927 5372 δρα
1967 5304 2063 5362 καὶ
2097 5304 2458 5369 νυστάζοντας
2509 5307 2956 5361 κατακλίνεσθαι’
3012 5307 3104 5361 καὶ
3155 5306 3312 5361 τοῦτο
3366 5306 3498 5361 αὐτὸ

1831 5391 2097 5458 μαρτυρεῖ
2123 5388 2222 5459 μὲν
2243 5391 2337 5443 καὶ
2367 5390 2400 5460 ἠ
2428 5389 2536 5444 τῶν
2565 5392 2907 5463 πραγμάτων
2938 5394 3121 5461 πεῖρα,
3153 5387 3496 5460 μαρτυρεῖδέ

1826 5471 1921 5522 καὶ
1957 5471 2063 5542 πρὸ
2086 5473 2185 5544 τῆς
2212 5471 2321 5525 τῶν
2348 5474 2691 5545 πραγμάτων
2718 5476 2913 5546 πείρας
2947 5476 3042 5529 καὶ
3065 5476 3099 5543 ή
3123 5472 3231 5527 τῶν
3258 5471 3497 5543 Γραφῶν

1826 5557 2117 5626 ἀπόφασις.
2151 5561 2210 5613 '0
2230 5560 2339 5629 γὰρ
2359 5564 2423 5632 τῇ
2443 5566 2620 5635 τρυφῇ
2641 5563 3105 5634 συναναστραφεὶς
3129 5559 3378 5633 Σολομὼν
3397 5562 3495 5616 αύ-

1825 5639 1881 5693 τὸ
1893 5641 2052 5695 τοῦτο
2067 5642 2303 5712 δηλῶσαι
2318 5644 2638 5716 βουλόμενος
2650 5645 2853 5713 έλεγεν·
2876 5645 3044 5711 Ἡδὺς
3058 5644 3252 5712 ὕπνος
3267 5646 3344 5712 τῷ
3364 5646 3495 5701 δού-

1824 5728 1931 5786 λῳ,
1959 5724 2037 5779 ἄν
2052 5743 2115 5780 τε
2130 5728 2337 5798 ὀλίγον
2356 5727 2433 5782 ἄν
2455 5747 2521 5782 τε
2548 5729 2706 5783 πολὺ
2732 5728 2912 5799 φάγῃ.
2937 5729 3091 5793 Τίνος
3112 5729 3297 5783 ἕνεκεν
3324 5747 3493 5800 προσ-

1826 5806 2043 5877 έθηκεν,
2081 5811 2184 5863 Ἂν
2237 5827 2300 5864 τε
2337 5813 2564 5881 ὀλίγον,
2590 5813 2668 5866 ἄν
2692 5829 2756 5867 τε
2775 5812 2935 5867 πολὺ
2955 5812 3150 5883 φάγῖυ
3184 5814 3494 5885 Ἀμφότερα

1886 5921 1909 5985 ξ
1943 5919 2099 5985 _Savil.
2131 5924 2383 5985 εἰργάζετο.

1884 5978 2087 6048 ξιξεῇι.
2117 5978 2395 6048 et'dpjdam
2413 6000 2526 6035 mss.
2552 5987 2948 6048 κατατει-ιὸμενοι.

1879 6043 1907 6066 θ
1926 6044 2076 6095 Sam.
2093 6050 2144 6094 et
2164 6043 2359 6107 quidam
2381 6060 2498 6099 mss.
2513 6043 2924 6112 καταφλεχθέντις,
2943 6055 2995 6100 ει
3013 6048 3097 6100 Ini.
3120 6049 3204 6106 τὴν
3234 6047 3280 6095 ἑν
3291 6049 3446 6100 olm;-
