3892 6236
455 329 527 385 ιε)
1198 326 1559 388 SJOANNIS
1595 326 2086 387 CHRYSOSTOMI
2121 329 2443 389 ARCHIEP.
2482 334 3034 391 CONSTANTINOP.
3837 339 3876 392 ιε

438 434 610 489 ταῦτα
632 437 940 509 ἀγρυπνίαν
981 441 1228 514 ἐμποιεῖν
1280 443 1490 509 εῖωθεν,
1536 443 1710 498 ἔνδεια
1743 445 1835 499 καί
1893 445 2076 517 ἀδηφα

437 524 559 593 γία·
609 528 644 597 ἡ
696 527 795 597 μὲν
831 529 894 583 :6
928 529 1086 601 σῶμα
1108 540 1128 562 ³
1156 529 1505 601 ξηραίνουσα,
1543 533 1639 587 καὶ
1682 533 2108 605 κερατοποιοῦσα

436 612 509 666 τά
535 611 796 685 βλέφαρα,
841 614 937 670 καὶ
966 616 1066 670 οὑκ
1112 617 1333 686 ἀφιεῖσα
1382 618 1875 674 καταστέλλεσθαιο
1911 622 1945 691 ἡ
1971 621 2029 675 66
2051 622 2111 675 :6

440 697 659 771 πνεῦμα
705 702 1132 773 στενοχωροῦσα,
1182 704 1278 758 καὶ
1299 705 1714 771 ·ἀποθλίϐουσα,
1768 708 1863 761 καὶ
1911 707 2113 773 πολλὰς

439 789 757 859 παρέχουσα
778 789 878 853 τὰς
902 789 1113 856 ὀδύνας.
1162 791 1300 845 Ἀλλ’
1329 794 1479 865 ὅμως
1499 794 1734 865 τοσαύτη
1766 795 1915 848 ἐστὶν
1949 797 1981 866 ἡ
2003 795 2112 850 τῶν

443 876 619 931 πόνων
645 878 985 949 παραμυθία,
1014 879 1092 943 ώς
1122 881 1172 934 εἰ
1205 882 1300 935 καὶ
1324 871 1494 936 ταῦτα
1520 883 1806 954 ἀμφότερα
1828 883 1857 924 δ
1881 884 2110 955 προσγέο

440 981 605 1030 νοιτο,
630 964 886 1020 δύνασθαι
909 965 1001 1020 τδν
1026 967 1244 1039 οἰκέτην
1263 969 1564 1024 καθεύδειν.
1600 969 1820 1041 Ἐπειδὴ
1839 969 1949 1042 γὰρ
1974 970 2118 1024 κατά

438 1052 538 1125 τὴν
567 1053 778 1124 ἡμέραν
801 1051 1023 1109 ἃπασαν
1051 1055 1327 1126 πανταχοῦ
1353 1056 1734 1127 περιτρέχουσι
1765 1057 2012 1111 διακονού
2021 1075 2115 1128 με-

439 1157 521 1194 νοι
539 1143 653 1205 τοῖς
673 1141 852 1196 αὑτῶν
871 1142 1185 1211 δεσπόταις,
1202 1143 1551 1215 κοπτόμενοι,
1578 1144 2109 1217 ταλαιπωρούμενοι,

440 1227 536 1281 καὶ
571 1228 690 1282 οὑδέ
718 1229 914 1300 μικρὸν
936 1230 1317 1295 άναπνέοντες,
1347 1229 1456 1285 τῶν
1488 1230 1751 1301 καμάτων
1774 1232 1999 1285 ἐκείνων
2019 1232 2116 1286 καί⁸

439 1314 547 1368 τῶν
579 1315 756 1369 πόνων
809 1315 999 1386 ἱκανὴν
1035 1316 1511 1388 ἀπολαμϐάνουσιν
1545 1317 1779 1389 ἀμοιϐὴν
1811 1318 1909 1389 τὴν
1950 1319 2008 1370 ἐν
2036 1317 2115 1390 τῷ

441 1401 723 1458 καθεύδειν
749 1403 963 1476 ἡδονήν.
996 1403 1101 1458 Καὶ
1123 1406 1279 1459 τοῦτο
1299 1406 1401 1476 τῆς
1429 1403 1522 1458 τοῦ
1546 1404 1681 1458 Θεοῦ
1706 1405 2116 1477 φιλανθρωπίας

441 1490 602 1562 ἔργον
632 1490 868 1559 ἐγένετο,
903 1491 965 1544 :6
997 1503 1020 1531 ο
1051 1490 1127 1563 μὴ
1153 1491 1339 1564 χρυσῷ
1371 1492 1466 1546 καί
1490 1491 1717 1564 ἀργύρῳ
1737 1493 1949 1564 ὠνητὰς
1976 1488 2115 1547 εἶναι

440 1579 540 1643 τάς
567 1579 780 1652 ἡδονάς,
811 1578 945 1634 ἀλλά
975 1580 1122 1651 πόνῳ
1177 1580 1274 1635 καὶ
1313 1579 1499 1652 μόχθῳ
1534 1581 1629 1634 καὶ
1686 1580 1846 1652 χρείᾳ
1901 1580 1996 1633 καὶ
2029 1597 2117 1650 φι-

438 1669 668 1740 λοσοφία
710 1668 880 1740 πάσῃ.
933 1668 1074 1721 Ἀλλ’
1104 1668 1205 1740 οὑχ
1249 1668 1298 1721 οἰ
1344 1666 1700 1731 πλουτοῦντες
1745 1665 1953 1730 οὕτως’
2000 1667 2115 1721 ἀλλ’

441 1756 535 1808 ἐπὶ
579 1754 687 1808 τῶν
726 1754 1062 1826 στρωμάτων
1092 1755 1336 1826 κείμενοι
1376 1753 1637 1818 πολλάκις
1669 1754 1736 1807 δι’
1761 1754 1889 1825 ὅλης
1924 1752 2117 1818 νυκτὸς

441 1842 779 1915 ἀγρυπνοῦσι
819 1841 915 1895 καὶ
954 1841 1124 1896 πολλὰ
1161 1839 1546 1913 μηχανώμενοι
1580 1840 1837 1911 τοιαύτης
1855 1840 1956 1894 οὑκ
1977 1840 2115 1894 ἀπο-

442 1929 692 1984 λαύουσιν
748 1929 964 2001 ἡδονῆς.
1034 1928 1094 1983 Ὁ
1147 1929 1202 1984 δὲ
1248 1929 1420 1999 πένης
1462 1929 1526 1981 ἐκ
1573 1926 1683 1981 τῶν
1740 1926 2118 1999 μεθημερινῶν

445 2018 683 2083 ἀναστὰς
708 2017 882 2071 πόνων
909 2016 1230 2088 κεκμηκότα
1259 2015 1398 2087 ἔχων
1426 2014 1496 2069 :6
1529 2014 1689 2087 μέλη,
1734 2015 1862 2086 πρὶν
1889 2014 1922 2085 ἢ
1949 2031 2118 2069 καταο

443 2108 651 2170 πεσεῖν,
693 2104 889 2176 ἀθρόον
913 2105 1008 2159 καὶ
1038 2105 1167 2175 ἡδὺν
1202 2104 1296 2157 καὶ
1321 2104 1542 2174 γνήσιον
1570 2103 1661 2157 τὸν
1687 2101 1854 2156 ὕπνον
1881 2102 2116 2167 ἐδέξατο,

443 2193 503 2246 οὑ
528 2191 720 2265 μικρὸν
741 2191 835 2245 καὶ
856 2189 1014 2245 τοῦτο
1030 2190 1136 2245 τῶν
1155 2189 1378 2244 δικαίων
1394 2190 1572 2243 πόνων
1589 2189 1882 2260 λαμϐάνων
1905 2188 2112 2259 μισθόν.

445 2280 616 2333 Ὅταν
646 2273 739 2332 οῦν
770 2276 910 2348 μετά
949 2276 1195 2341 πλείονος
1233 2276 1426 2348 ἡδονῆς
1458 2277 1487 2329 6
1522 2275 1693 2345 πένης
1732 2275 1828 2329 καὶ
1859 2273 2115 2347 καθεύδῃ,

444 2367 538 2421 καὶ
585 2363 751 2436 πίνῃ,
801 2362 895 2417 καὶ
950 2363 1129 2437 ἐσθίῃ,
1176 2362 1322 2427 τίνος
1379 2362 1534 2415 ἐσται
1586 2360 1772 2416 λοιπὸν
1810 2363 1838 2414 6
1893 2359 2119 2423 πλοῦτος

444 2452 619 2519 ἄξιος,
660 2450 690 2502 ὃ
723 2450 871 2504 δοκεῖ
921 2449 1063 2503 κατὰ
1093 2450 1193 2520 τῆς
1243 2449 1435 2512 πενίας
1468 2448 1797 2519 προτέρημα
1823 2447 1990 2517 ἔχειν,
2023 2446 2118 2500 καὶ

444 2540 603 2594 τοῦτο
629 2536 1018 2608 ἀφῃρημένος,
1053 2535 1150 2589 Διά
1179 2535 1340 2589 τοῦτο
1377 2536 1471 2589 καὶ
1509 2535 1569 2599 ἐξ
1599 2534 1772 2605 ἀρχῆς
1803 2535 1832 2586 6
1859 2532 1991 2596 Θεὸς
2018 2532 2116 2585 πό-

445 2645 536 2683 νον
561 2627 641 2697 τῷ
672 2624 942 2697 ἀνθρώπῳ
965 2622 1302 2689 συνέζευξεν,
1333 2623 1455 2694 οὑχί
1485 2621 1894 2694 τιμωρούμενος
1931 2620 2118 2685 αὑτὸν,

445 2714 569 2769 οὑδέ
604 2712 869 2779 κολάζων,
913 2709 1049 2764 ἀλλά
1087 2710 1438 2780 σωφρονίζων
1501 2711 1596 2763 καὶ
1641 2708 1931 2763 παιδεύων.
1991 2709 2120 2762 Ὅτε

446 2801 645 2856 ἀπονον
671 2798 783 2870 βίον
808 2797 905 2868 ἔζη
928 2798 958 2851 6
999 2796 1187 2868 Ἀδάμ,
1236 2796 1458 2861 ἐξέπεσε
1506 2792 1601 2850 τοῦ
1638 2786 1968 2868 παραδείσού
1987 2813 2000 2826 ·
2029 2796 2119 2849 ὅτε

446 2888 505 2944 66
529 2887 788 2942 ἐπίπονον
813 2886 909 2939 καὶ
926 2884 1220 2956 ἐπίμοχθον
1247 2883 1632 2948 ὁἈπόστολος,
1664 2884 1756 2937 καὶ
1786 2884 1989 2953 ἔλεγεν,
2025 2884 2122 2936 Ἐν

448 2976 614 3039 κόπῳ
635 2972 735 3028 καὶ
755 2972 961 3042 μόχθῳ
987 2972 1177 3025 νύκτα
1206 2970 1303 3024 καὶ
1320 2970 1548 3040 ἡμέραν
1568 2968 1974 3039 ἐργαζόμενος,
2001 2970 2120 3023 τότε

446 3059 687 3132 ἀπῆλθεν
716 3060 796 3123 εἰς
821 3057 912 3113 τὸν
934 3057 1283 3130 παράδεισον,
1316 3057 1407 3110 καὶ
1442 3058 1521 3120 εἰς
1552 3057 1732 3129 τρίτον
1775 3056 2003 3128 ἀνῆλθεν
2028 3056 2121 3109 οὑ-

450 3148 632 3222 ρανόν.
662 3145 755 3217 Μὴ
791 3146 970 3200 τοίνυν
1015 3144 1329 3215 κακίζωμεν
1368 3143 1546 3205 πόνον,
1590 3142 1723 3214 μηδὲ
1773 3142 2120 3214 διαπτύωμεν

449 3233 749 3306 ἐργασίαν*
798 3232 894 3287 καὶ
943 3232 1052 3303 γὰρ
1090 3232 1196 3302 πρὸ
1249 3229 1350 3300 τῆς
1397 3230 1676 3302 βασιλείας
1724 3229 1835 3284 τῶν
1874 3229 2120 3301 οὐρανῶν

447 3320 698 3377 ἐντεῦθεν
741 3321 1002 3393 μεγίστην
1055 3318 1405 3391 λαμϐάνομεν
1454 3317 1722 3389 ἀμοιϐὴν,
1775 3316 1873 3388 τὴν
1921 3318 1985 3370 ἐκ
2024 3316 2120 3371 τοῦ

346 3470 355 3477 ,
449 3411 780 3483 πράγματος
806 3408 998 3482 ἡδονὴν
1027 3405 1142 3480 [55]
1173 3405 1573 3479 καρπούμενοι·
1604 3405 1703 3476 οὑχ
1729 3403 1919 3475 ἡδονὴν
1940 3404 1995 3458 66
2023 3406 2122 3476 μό-

446 3518 557 3564 νον,
575 3498 843 3563 ἀλλὰκαὶ,
867 3497 896 3550 6
920 3495 1099 3567 πολλῷ
1127 3494 1312 3566 μεῖζόν
1343 3496 1490 3549 ἐστιν
1515 3492 1726 3565 ἡδονῆς,
1747 3490 1935 3561 ὑγείαν
1956 3491 2124 3546 καθα-

449 3588 719 3659 ρωτάτην.
781 3585 907 3647 Τοῖς
968 3583 1067 3654 μὲν
1122 3581 1232 3652 γάρ
1281 3580 1569 3634 πλουτοῦσι
1617 3581 1758 3651 μετὰ
1798 3578 1899 3650 τῆς
1928 3579 2123 3650 ἀηδίας

448 3673 621 3727 πολλά
681 3672 776 3726 καὶ
818 3669 890 3724 τά
932 3671 1215 3740 νοσήματα
1260 3669 1505 3739 ἐπιρρεῖ·
1551 3669 1601 3721 οἱ
1649 3667 1706 3720 δὲ
1749 3668 1979 3736 πένητες
2014 3666 2122 3720 τῶν

450 3758 711 3831 ίατρικῶν
743 3760 880 3811 εἰσιν
913 3754 1320 3827 ἀπηλλαγμένοι
1353 3752 1554 3825 χειρῶν
1575 3769 1589 3785 ο
1622 3754 1670 3807 εἰ
1691 3752 1748 3806 δέ
1771 3769 1874 3805 που
1903 3752 1996 3807 καὶ
2024 3769 2122 3806 πε-

450 3847 729 3921 ριπέσοιεν
768 3844 1186 3917 ἀρρωστήματι,
1215 3840 1427 3911 ταχέως
1465 3838 1693 3921 ἑαυτοὺς
1731 3839 2118 3921 ἀνεκτήσαντο,

448 3929 710 4001 βλακείας
727 3929 946 4001 ἀπάσης
966 3925 1399 3998 ἀπηλλαγμένοι,
1421 3921 1515 3978 καὶ
1534 3921 1601 3976 τά
1624 3920 1852 3993 σώματα
1873 3920 2120 3993 εὔρωστοι

446 4015 681 4080 ἔχοντες.

476 4033 681 4167 xxi:
705 4099 889 4168 κτῆμα
912 4094 1073 4151 πενία
1100 4095 1216 4158 τοῖς
1243 4092 1549 4163 φιλοσόφως
1571 4089 1741 4162 αὑτὴν
1758 4089 2004 4160 φέρουσι,
2034 4092 2121 4165 θη-

448 4180 648 4253 σαυρὸς
678 4180 893 4245 ἄσυλος,
919 4178 1191 4250 βακτηρία
1225 4176 1572 4247 ἰσχυροτάτη,
1598 4176 1790 4247 κτῆσις
1813 4175 2122 4247 ἀνεπηρέα-

448 4280 592 4328 στος,
619 4262 962 4332 καταγώγιον
995 4260 1465 4316 ἀνεπιϐούλευτον.
1501 4258 1660 4312 Ἀλλά
1696 4259 2118 4325 πλεονεκτεῖται,

448 4349 615 4419 φησὶν
634 4388 649 4414 ,
681 4348 709 4400 6
739 4346 910 4417 πένης
937 4361 952 4377 ⁸
983 4343 1098 4398 ἀλλ’
1153 4340 1560 4398 ἐπιϐουλεύεται
1589 4339 1852 4413 μειζόνως
1892 4340 1921 4392 6
1954 4339 2122 4393 πλού-

451 4448 595 4496 σιος·
654 4429 1075 4500 καταφρονεῖται
1133 4426 1162 4478 6
1215 4425 1385 4497 πένης
1455 4425 1549 4479 καὶ
1607 4424 1883 4494 ὑϐρίζεται
1907 4439 1921 4454 ο
1986 4422 2121 4477 ἀλλά

449 4515 723 4586 φθονεῖται
773 4516 803 4568 6
829 4511 1083 4584 εὔπορος.
1114 4509 1228 4583 Οὐχ
1265 4509 1436 4575 οὕτως
1474 4509 1621 4562 ἐστὶν
1652 4505 2121 4577 εὑκαταγώνιστος

446 4601 477 4653 6
503 4598 696 4668 πένης,
734 4597 810 4662 ὥς
849 4597 998 4649 ἐστιν
1045 4593 1513 4662 εὑκαταγώνιστος
1544 4594 1573 4645 6
1611 4590 1885 4655 πλούσιος,
1922 4590 2120 4662 μυρίας

447 4681 714 4736 πάντοθεν
747 4680 841 4734 καὶ
878 4678 957 4750 τῷ
993 4677 1223 4747 διαϐόλῳ
1248 4678 1343 4731 καὶ
1369 4679 1480 4740 τοῖς
1518 4673 1827 4736 ἐπιϐούλοις
1862 4670 2118 4743 παρέχων

447 4762 637 4828 λαϐὰς,
666 4762 762 4815 καὶ
788 4761 1004 4815 πάντων
1024 4758 1099 4813 ὢν
1118 4757 1301 4822 δοῦλος
1331 4757 1420 4811 διά
1447 4758 1544 4828 τὴν
1591 4755 1790 4827 πολλὴν
1821 4753 1931 4807 τῶν
1977 4770 2119 4825 πρα-

447 4846 675 4916 γμάτων
715 4842 1045 4913 περιϐολήν*
1073 4844 1103 4897 6
1134 4839 1345 4896 πολλῶν
1387 4843 1446 4895 ἐν
1468 4840 1627 4913 χρείᾳ
1656 4836 1938 4902 καθεστὼς
1988 4838 2118 4890 πολ-

447 4927 573 4991 λοὺς
619 4925 991 4996 ἀναγκάζεται
1031 4924 1370 4991 κολακεύειν,
1411 4924 1507 4977 καὶ
1542 4923 1681 4994 μετὰ
1726 4921 1928 4994 πολλῆς
1961 4920 2122 4991 θερα-

448 5009 637 5063 πεύειν
673 5008 1096 5081 δουλοπρεπείας
1117 5025 1131 5039 ο
1155 5009 1185 5062 6
1228 5007 1288 5063 66
1326 5006 1496 5079 πένης
1534 5006 1601 5062 ἀν
1642 5008 1756 5080 εἰδῇ
1787 5006 2117 5077 φιλοσοφεῖν,

447 5092 689 5147 οὑδὲ.ὑπ’
725 5092 889 5146 αὑτοῦ
925 5091 1019 5146 τοῦ
1058 5090 1306 5147 διαϐόλου
1349 5089 1824 5162 καταγωνισθῆναι
1873 5087 2118 5143 δύναται.

459 5178 521 5231 '0
565 5171 660 5230 οὖν
709 5173 830 5229 ἰὼϐ
878 5176 1097 5248 ἰσχυρὸς
1138 5175 1214 5230 ὢν
1264 5175 1358 5230 καὶ
1412 5173 1519 5246 πρὸ
1568 5171 1781 5238 τούτου,
1830 5171 1996 5243 ἡνίκα
2055 5169 2123 5223 :6

452 5256 630 5315 πάντα
673 5257 934 5321 ἀπέϐαλε,
981 5259 1102 5312 τότε
1145 5258 1367 5329 γέγονεν
1417 5255 1796 5328 ἰσχυρότερος,
1842 5254 1936 5307 καὶ
1978 5252 2121 5322 λαμ-

449 5343 592 5412 πρὰν
617 5343 789 5416 ήρατο
809 5341 950 5395 κατά
970 5341 1064 5395 τοῦ
1085 5341 1330 5396 διαϐόλου
1354 5341 1453 5412 τὴν
1475 5340 1654 5407 νίκην.
1680 5336 1891 5400 ΙἌλλως
1915 5335 1973 5389 δὲ
1999 5334 2121 5387 οὑδὲ

448 5425 764 5498 ὑϐρίζεσθαι
797 5423 1021 5478 δύναται
1058 5427 1087 5478 6
1117 5424 1305 5494 πένης,
1335 5421 1402 5476 ἂν
1436 5422 1549 5492 εἰδῇ
1581 5418 1911 5489 φιλοσοφεῖν.
1944 5416 2121 5488 Ὅπερ

448 5508 555 5577 γάρ
586 5507 722 5579 ἔφην
765 5507 898 5577 περί
932 5509 1030 5580 τῆς
1069 5506 1287 5578 ἡδονῆς,
1327 5505 1409 5558 ὅτι
1443 5507 1476 5575 ἡ
1515 5502 1679 5575 ἡδονὴ
1708 5502 1807 5556 οὑκ
1831 5502 1889 5555 ἐν
1915 5501 1982 5571 τῇ
2022 5515 2121 5552 που

446 5590 690 5663 λυτελείᾳ
713 5591 822 5646 τῶν
846 5592 1051 5660 σιτίων,
1075 5590 1190 5647 ἀλλ’
1210 5592 1270 5645 ἐν
1295 5591 1362 5662 τῇ
1382 5585 1620 5643 διαθέσει
1637 5586 1746 5641 τῶν
1773 5583 2119 5657 ἑστιωμένων
2156 5634 2183 5683 ά

512 5732 642 5798 fSi:
666 5746 696 5798 ο
715 5735 915 5787 Savilio.
941 5736 1141 5798 Editum
1162 5739 1270 5786 erat
1284 5732 1489 5798 πνεῦμα,
1516 5732 1770 5798 mendose,
1792 5730 1929 5798 Eprg.

508 5793 539 5864 ξ
565 5794 819 5864 $i¢_:_Sa\_ril.
845 5803 901 5864 ει
923 5793 1605 5864 maxima‘pafgmgsfhﬁorel.
1627 5796 1667 5864 εἰ
1688 5795 1771 5864 καὶ
1802 5794 1864 5842 τὰ
1886 5794 2014 5862 ἀμφ..

509 5859 532 5889 ο
559 5858 659 5924 _Alii
686 5855 772 5924 τοῦ
796 5860 880 5921 μή,
903 5858 986 5924 alji
1008 5860 1065 5924 το
1089 5851 1174 5924 μή,
1197 5859 1280 5924 alii
1300 5861 1369 5920 τῷ
1393 5860 1478 5924 μή,
1503 5870 1615 5924 quq:
1643 5855 1887 5924 lectioneg
1910 5851 2117 5924 per-inde

444 5911 1018 5985 quadrant._lnio"ggnica
1039 5911 1177 5972 Ιεὲιὶο
1193 5920 1248 5969 τό
1281 5911 1596 5985 ιιιὰιάτὰὶ,’σί
1629 5911 1958 5984 grammatici:
1995 5911 2117 5975 legi-

445 5979 529 6030 bus
552 5979 842 6031 consulatur.
872 5983 1005 6031 Εοιτ.

2214 450 2410 513 κεῖται,
2440 448 2599 503 τοῦτο
2636 451 2732 504 καὶ⁹
2776 452 2906 522 περὶ
2940 451 3042 521 τῆς
3074 449 3287 521 ὕϐρεως
3333 450 3483 520 λέγω
3504 468 3520 482 ο
3565 452 3661 506 ὅτι
3702 453 3739 522 ἡ

2213 534 2314 588 οὑκ
2350 534 2458 589 61:6
2492 536 2593 607 τῆς
2633 536 2860 609 γνώμης
2910 538 3019 592 τῶν
3065 536 3421 609 ὑϐριζόντων,
3472 538 3605 593 ἀλλ’
3659 540 3774 593 ἀπὸ
3815 540 3875 607 ti;

2220 620 2511 687 διαθέσεως
2540 622 2650 677 τῶν
2698 624 3015 696 πασχόντων
3048 625 3082 695 ἡ
3135 626 3455 681 συνίσταται
3499 628 3539 700 ἢ
3576 626 3881 700 ἀπόλλυειὴ

2219 703 2329 763 οἷόν
2365 725 2419 762 τι
2454 708 2597 779 λέγω
2618 727 2632 742 ·
2666 709 2860 784 ὕϐρισέ
2892 728 2977 776 τις
3026 711 3197 766 πολλά
3243 713 3385 786 ῥητά
3423 716 3525 769 καὶ
3560 715 3872 788 ἀρῤητα;ἃι

2223 796 2598 869 καταγελάσῃς
2627 797 2738 852 τῶν
2776 796 3008 870 ὕϐρεων,
3039 800 3107 854 ἂν
3134 799 3211 871 μὴ
3240 802 3525 873 παραδέξῃ
3558 804 3635 857 :6
3676 805 3869 873 ῥήματι,

2222 887 2314 940 καί
2339 885 2608 958 ἀνώτερος
2629 886 2761 961 γένῃ
2791 887 2889 959 τῆς
2907 887 3139 960 πληγῆς,
3159 890 3256 959 οὑχ
3284 889 3585 961 ὑϐρίσθης.
3642 893 3764 945 Καὶ

2220 968 2363 1039 άπερ
2410 970 2459 1022 εἰ
2507 968 2668 1039 σῶμα
2719 969 3077 1040 ἀδαμάντινον
3119 969 3338 1042 εἴχομεν
3368 1012 3382 1034 ,
3434 974 3487 1025 εἰ
3543 973 3651 1027 καὶ
3711 976 3871 1044 μυρίας

2221 1050 2556 1121 πανταχόθεν
2581 1051 2917 1123 ἐϐαλλόμεθα
2962 1052 3192 1124 βέλεσιν,
3222 1054 3323 1108 οὑκ
3354 1054 3418 1109 ἂν
3456 1054 3781 1125 ἐδεξάμεθα
3814 1056 3873 1113 τὶς

2221 1133 2434 1205 πληγάς
2453 1150 2469 1165 ⁸
2495 1136 2557 1189 οὑ
2586 1137 2696 1208 γὰρ
2734 1136 2843 1191 61:6
2868 1137 2969 1209 τῆς
2997 1137 3251 1208 ἀφιείσης
3279 1136 3346 1190 τὰ
3386 1137 3518 1207 βέλη
3554 1138 3776 1209 χειρὸς,
3803 1138 3873 1190 ἀϊί

2221 1217 2331 1271 61:6
2365 1217 2473 1271 τῶν
2519 1220 2838 1290 πασχόντων
2887 1218 3156 1289 σωμάτων
3203 1218 3274 1272 τά
3314 1221 3625 1289 τραύματα
3669 1221 3873 1288 γίνετει·

2219 1296 2362 1351 οὑτω
2381 1299 2444 1369 δὴ
2475 1301 2571 1355 καὶ
2594 1301 2833 1357 ἐνταῦθα
2865 1301 2965 1355 οὑκ
3003 1302 3113 1356 61:6
3139 1302 3239 1373 τῆς
3270 1302 3467 1372 μανίας
3498 1301 3618 1355 τῶν
3666 1296 3881 1371 ὑϐριζόῶ

2219 1397 2349 1446 των,
2380 1383 2496 1437 ἀλλ’
2530 1384 2637 1439 61:6
2658 1389 2757 1456 τῆς
2781 1384 3064 1450 ἀσθενείας
3086 1384 3194 1439 τῶν
3219 1384 3608 1457 ὑϐριζομένων
3629 1389 3693 1440 αἰ
3718 1388 3871 1457 ὕϐρεις,

2222 1467 2317 1520 καὶ
2359 1470 2417 1522 αἰ
2465 1469 2575 1523 τῶν
2607 1468 2818 1541 ὕϐρεων
2840 1469 3055 1540 ἀτιμίαι
3080 1467 3443 1523 συνίστανται.
3482 1470 3592 1523 Ἂν
3626 1472 3747 1541 γὰρ

2225 1566 2325 1620 μεν
2369 1550 2700 1620 φιλοσοφεῖν,
2753 1552 2876 1606 οὑδέ
2920 1550 3241 1624 ὑϐρίζεσθαι
3282 1551 3595 1621 δυνάμεθα,
3644 1555 3771 1607 οὑδὲ
3808 1555 3877 1607 τάν

2225 1649 2375 1703 σχειν
2413 1651 2466 1688 τι
2490 1634 2597 1688 τῶν
2626 1634 2834 1690 δεινῶν.
2863 1634 3127 1707 Ὗϐρισεν
3147 1637 3175 1689 6
3198 1635 3367 1702 δεῖνα,
3401 1636 3521 1689 ἀλλ’
3559 1639 3677 1692 οὐκ
3725 1640 3847 1710 ᾐσθὰι

2224 1713 2373 1753 “and
2430 1718 2530 1753 Λιίν
2584 1716 2858 1753 ειῖννιηηρο
2892 1717 2989 1753 ιηίν
3032 1717 3298 1753 ιἰιῖηιηηηρ
3377 1719 3517 1753 ᾹιἈῚᾹπ
3559 1722 3664 1753 ειη-ἲ
3729 1722 3860 1753 “:11,-

3879 482 3881 523 ι

3879 533 3882 595 1

3879 910 3881 985 4

3876 1062 3882 1329 ι

2222 1467 2317 1520 καὶ
2359 1470 2417 1522 αἰ
2465 1469 2575 1523 τῶν
2607 1468 2818 1541 ὕϐρεων
2840 1469 3055 1540 ἀτιμίαι
3080 1467 3443 1523 συνίστανται.
3482 1470 3592 1523 Ἂν
3626 1472 3747 1541 γὰρ

2225 1566 2325 1620 μεν
2369 1550 2700 1620 φιλοσοφεῖν,
2753 1552 2876 1606 οὑδέ
2920 1550 3241 1624 ὑϐρίζεσθαι
3282 1551 3595 1621 δυνάμεθα,
3644 1555 3771 1607 οὑδὲ
3808 1555 3877 1624 πάι,

2225 1649 2375 1703 σχειν
2413 1651 2466 1688 τι
2490 1634 2597 1688 τῶν
2626 1634 2834 1690 δεινῶν.
2863 1634 3127 1707 Ὗϐρισεν
3147 1637 3175 1689 6
3198 1635 3367 1702 δεῖνα,
3401 1636 3521 1689 ἀλλ’
3559 1639 3677 1692 οὐκ
3725 1640 3847 1710 ᾐσθὰπ

2224 1713 2397 1785 θηςά,
2430 1718 2531 1771 οὑκ
2584 1716 2859 1790 ῆλγησας;
2892 1717 2991 1789 οὑχ
3032 1717 3319 1790 ὑϐρίσθης,
3377 1719 3518 1773 ἀλλά
3559 1722 3671 1775 καὶ

2222 1796 2459 1869 ἔπληξας
2485 1799 2520 1872 ἢ
2547 1800 2814 1872 ἐπλήγης.
2845 1800 3015 1855 Ὅταν
3062 1801 3172 1873 γάρ
3193 1800 3222 1853 6
3254 1802 3485 1873 ὑϐρίσας
3523 1803 3623 1876 ἴδῃ
3661 1805 3743 1875 μὴ
3789 1806 3866 1857 21E-

2225 1881 2543 1955 ικνουμένην
2594 1883 2760 1938 αὑτοῦ
2809 1883 2907 1956 τὴν
2953 1883 3168 1957 πληγὴν
3207 1887 3306 1958 τῆς
3342 1887 3449 1941 τῶν
3482 1887 3865 1961 λοιδορηθέντες

2227 1962 2423 2045 ψυχῆς,
2461 1965 2625 2030 αὑτὸς
2663 1965 2918 2021 δάκνεται
2954 1967 3235 2038 μειζόνως,
3271 1969 3364 2023 καὶ
3394 1969 3507 2023 τῶν
3535 1964 3882 2045 ὑϐριζομέθῇ

2226 2044 2524 2113 σιγώντων,
2568 2049 2874 2121 αὐτόματος
2912 2052 2946 2122 ἡ
2995 2051 3178 2124 πληγὴ
3204 2052 3311 2107 τῶν
3351 2052 3573 2125 ὕϐρεων
3630 2060 3779 2110 κατά
3816 2048 3881 2117 τείξ

2224 2127 2537 2198 πέμψαντος
2562 2132 2950 2205 ὑποστρέψασα
2979 2135 3226 2206 φέρεται.
3880 2130 3881 2163 ¹

2304 2211 2370 2269 θ’.
2388 2214 2768 2287 Φιλοσοφῶμεν
2781 2217 2959 2270 τοίνυν
2981 2219 3040 2271 ἐν
3073 2218 3296 2283 ἅπασιν,
3312 2219 3628 2289 ἀγαπητοὶ,
3660 2222 3758 2274 καὶ
3772 2220 3867 2272 εἰτέιι

2225 2297 2370 2368 ἡμᾶς
2416 2298 2578 2352 πενία
2628 2299 2983 2370 παραϐλάψαι
3022 2300 3332 2372 δυνήσεται,
3379 2302 3523 2356 ἀλλά
3563 2303 3677 2356 καὶ
3719 2304 3870 2371 (Eg—alr“-

2226 2395 2308 2433 σει
2339 2380 2409 2435 τὰ
2447 2381 2696 2451 μέγιστα,
2727 2382 2822 2435 καί
2857 2381 3270 2454 λαμπροτέρους
3307 2384 3645 2454 ἐργάσεται,
3670 2387 3766 2438 καὶ
3788 2390 3871 2438 πᾶν

2224 2478 2330 2515 των
2352 2461 2461 2515 τῶν
2492 2462 2868 2517 πλουτούντων
2898 2465 3328 2537 εὐπορωτέρους.
3357 2466 3423 2519 Τί
3466 2466 3610 2538 γὰρ,
3646 2471 3773 2522 εἰπέ
3803 2487 3871 2536 μετ..

2224 2542 2317 2596 τοῦ
2353 2544 2508 2599 Ἠλία
2538 2546 2865 2617 πενέστερον
2893 2542 2992 2619 ῆνς
3030 2547 3191 2603 Ἀλλά
3219 2548 3307 2601 διά
3328 2548 3489 2603 τοῦτο
3521 2552 3751 2616 πάντας
3772 2542 3881 2615 ἐνίειςὲ

2224 2629 2349 2692 τοὺς
2368 2628 2776 2692 πλουτοῦντας,
2815 2629 3003 2702 ἐπειδὴ
3027 2628 3172 2684 οὑτω
3198 2629 3368 2701 πένης
3403 2628 3497 2703 ἦν,
3529 2635 3635 2687 καὶ
3667 2636 3822 2704 αὑτὴ-ε
3841 2628 3882 2686 ξὲ⁴

2225 2709 2322 2781 τὴν
2351 2711 2539 2764 πενίαν
2568 2711 2675 2765 ἀπὸ
2700 2711 2964 2775 πλουσίας
2992 2723 3017 2751 ε
3043 2712 3219 2766 εἵλετο
3243 2713 3503 2778 διανοίας.
3558 2717 3791 2785 Ἐπειδῇ
3806 2720 3868 2783 Ti;

2226 2793 2441 2848 ἅπαντα
2459 2794 2568 2847 τῶν
2589 2812 2692 2866 χρη
2701 2795 2884 2865 μάτων
2899 2795 2990 2849 τὸν
3011 2794 3126 2868 [54]
3142 2796 3368 2850 πλοῦτον
3386 2797 3667 2855 ἐλάττονα
3681 2805 3779 2873 τῆς

2225 2875 2320 2928 τοῦ
2352 2878 2754 2948 μεγαλοψυχίας
2795 2877 3044 2949 ἐνόμιζεν
3082 2875 3242 2945 εἶναι,
3277 2881 3374 2934 καὶ
3415 2883 3520 2936 οὑκ
3549 2883 3728 2950 ἄξιον

2226 2959 2325 3027 τῆς
2362 2959 2699 3030 φιλοσοφίας,
2723 2960 2812 3014 διὰ
2837 2959 2995 3015 τοῦτο
3029 2961 3219 3021 πενίαν
3270 2962 3546 3035 τοσαύτην
3592 2950 3881 3036 ilo-1:651:36

2226 3039 2303 3104 ὼς
2347 3044 2397 3095 εί
2437 3043 2648 3112 μεγάλα
2691 3043 2762 3097 τὰ
2794 3043 3039 3114 παρόντα
3069 3045 3320 3115 ἐνόμισεν
3356 3041 3522 3110 εἶναι,
3555 3051 3673 3105 οὑκ
3718 3051 3784 3105 ἂν
3814 3070 3881 3120 3.11;

2226 3123 2404 3196 λωτὴν
2430 3125 2696 3196 ἐκτήσατο
2728 3126 2907 3197 μόνον,
2952 3127 3066 3180 ἀλλ’
3104 3127 3252 3182 οὕτω
3287 3130 3542 3199 κατέγνω
3572 3133 3693 3204 τῆς
3722 3136 3878 3205 παρεδέ-

2230 3225 2330 3280 σης
2375 3209 2732 3280 ματαιότητος
2761 3211 3001 3283 ἀπάσης,
3031 3211 3127 3265 καὶ
3157 3211 3235 3276 ώς
3264 3212 3438 3284 πηλὸν
3481 3215 3819 3287 ἐρριμμένον
3841 3217 3869 3265 τέ

2229 3290 2447 3362 χρυσίον
2481 3290 2624 3345 άπαν
2662 3290 2828 3363 ἐώρα,
2875 3293 2951 3357 ὡς
2989 3293 3089 3363 τῆς
3136 3294 3434 3364 περιϐολῆς
3486 3297 3724 3370 ἐκείνης
3759 3301 3868 3371 μῃᾷτι

2229 3373 2532 3445 κτήσασθαι
2579 3375 2757 3432 πλέον.
2812 3377 2911 3431 Διά
2966 3376 3124 3430 τοῦτο
3163 3379 3192 3431 6
3231 3376 3488 3448 βασιλεὺς
3525 3380 3629 3434 τοῦ
3695 3386 3871 3452 πένζτς

2229 3456 2415 3522 ἐδεῖτο,
2448 3459 2543 3512 καὶ
2594 3460 2730 3529 πρὸς
2778 3460 2839 3513 τὸ
2875 3459 3050 3531 στόμα
3094 3462 3343 3531 ἐκεχήνει
3385 3461 3481 3515 τοῦ
3534 3464 3720 3533 μηδὲν
3764 3456 3881 3519 τέέέιι1

2232 3539 2488 3612 μηλωτῆς
2520 3540 2754 3614 ἔχοντος,
2789 3545 2818 3597 6
2837 3543 3090 3597 τοσοῦτον
3121 3544 3345 3615 χρυσίον
3376 3543 3520 3615 ἔχων
3548 3560 3563 3576 ·
3596 3546 3755 3603 οὕτω
3788 3552 3857 3618 3.2;:

2231 3624 2469 3696 προτέρα
2493 3624 2596 3696 τῆς
2627 3627 2958 3699 πορφυρίδος
2992 3629 3026 3698 ἡ
3077 3626 3301 3698 μηλωτὴ
3330 3622 3421 3699 ἦν,
3471 3631 3573 3683 καὶ
3608 3632 3732 3686 τῶν
3770 3633 3873 3703 36:.-

2229 3704 2395 3759 λικῶν
2437 3708 2617 3761 αὑλῶν
2655 3709 2716 3761 :6
2762 3709 3024 3779 σπήλαιον
3079 3708 3174 3761 τοῦ
3217 3707 3450 3763 δικαίου.
3490 3711 3597 3765 Διά
3638 3714 3799 3767 τοῦτο
3822 3702 3882 3779 κιἱῖ

2228 3788 2308 3868 εἰς
2342 3788 2434 3840 τὸν
2457 3789 2681 3859 οὑρανὺν
2716 3790 2902 3853 ἀνιὼν,
2934 3791 3082 3844 οὑδέν
3122 3790 3332 3860 ἕτερον,
3378 3791 3495 3845 ἀλλ’
3528 3794 3566 3866 ἦ
3603 3796 3718 3868 τὴν
3746 3799 3877 3868 μηλε-

2226 3867 2327 3939 τὴν
2350 3868 2429 3940 τῷ
2470 3871 2684 3942 μαθητῇ
2719 3872 2996 3926 κατέλιπε.
3040 3872 3194 3926 Μετὰ
3229 3872 3461 3945 ταύτης,
3497 3867 3677 3947 φησι,
3711 3867 3784 3950 τῷ
3805 3881 3881 3931 ξαρ

2230 3950 2368 4023 ϐόλῳ
2392 3953 2682 4017 ἐπάλαισα,
2707 3953 2911 4024 ταύτην
2944 3953 3039 4007 καὶ
3065 3955 3128 4008 σὺ
3160 3953 3341 4008 λαϐὼν
3367 3955 3602 4022 ὁπλίζου
3628 3964 3762 4016 κατ’
3785 3958 3881 4017 ὲζές

2228 4049 2351 4088 νουο
2389 4035 2605 4108 ἰσχυρὸν
2623 4035 2732 4110 γάρ
2752 4037 2915 4092 ὅπλον
2940 4037 3318 4109 ἀκτημοσύνη,
3344 4038 3442 4093 καὶ
3466 4030 3881 4113 ἀκαταγώνιςτςί

2228 4119 2592 4189 καταγώγιον,
2626 4122 2722 4174 καὶ
2762 4119 2970 4191 πύργος
3011 4120 3331 4186 ἀσάλευτος.
3374 4123 3645 4190 Ἐδέξατο
3676 4129 3873 4194 καθάπξ

2231 4201 2493 4272 μεγίστην
2527 4201 2888 4274 κληρονομίαν
2933 4203 3032 4273 τὴν
3077 4203 3334 4276 μηλωτὴν
3361 4206 3392 4259 6
3433 4204 3787 4275 Ἐλισσαῖος-
3822 4223 3882 4276 κῃ

2227 4283 2338 4354 γάρ
2361 4278 2430 4355 ἦν
2458 4272 2673 4357 ἀληθῶς
2701 4272 2932 4358 μεγίστη
2964 4272 3321 4359 κληρονομία,
3352 4287 3566 4352 παντὸς
3598 4272 3820 4363 χρυσίου
3837 4272 3882 4352 εί

2230 4366 2476 4439 μιωτέρα
2506 4365 2551 4420 ί.
2576 4368 2687 4423 Καὶ
2714 4363 2783 4440 ῆν
2812 4370 2876 4422 ἐκ
2924 4369 3044 4424 τότε
3068 4369 3295 4434 διπλοῦς
3343 4371 3541 4436 Ἠλίας
3570 4375 3802 4438 ἐκεῖνος,
3824 4386 3882 4424 :61

2225 4446 2295 4522 ἦν
2320 4450 2435 4505 ἀνω
2470 4449 2676 4517 Ἠλίας,
2715 4452 2811 4506 καὶ
2851 4451 3001 4507 κάτω
3046 4450 3248 4518 Ἠλίας.
3292 4448 3426 4508 Οἶδα
3458 4456 3547 4510 ὅτι
3586 4458 3882 4531 μακαρίζετξ

2224 4535 2317 4587 τὸν
2356 4532 2566 4587 δίκαιον
2594 4535 2820 4601 ἐκεῖνον,
2851 4535 2947 4587 καὶ
2988 4534 3275 4589 ἐϐούλεσθε
3305 4536 3473 4601 αὐτὸς
3505 4539 3756 4608 ἕκαστος
3788 4540 3881 4594 ἐπὶ

2227 4634 2317 4680 νος
2335 4609 2494 4671 εἶναι.
2526 4617 2591 4670 Τί
2612 4613 2704 4671 οὖν
2733 4617 2800 4671 ἂν
2819 4617 2947 4689 ὑμῖν
2967 4618 3231 4687 ὑποδείξω
3261 4621 3308 4687 ⁸,
3331 4620 3413 4674 ὅτι
3440 4621 3650 4695 ἕτερόν
3678 4621 3872 4687 τι

2230 4700 2414 4770 μεῖζον
2461 4701 2670 4756 ἐκείνου
2698 4700 2899 4766 πάντες
2928 4700 3194 4772 ἐλάϐομεν
3230 4704 3279 4756 οἰ
3312 4709 3875 4781 μεμυσταγωγημέιεξ

3872 2214 3882 2357 ἓ

3817 4792 3825 4802 ι
3851 4790 3869 4799 ν

3852 4808 3861 4819 r

2312 4782 2373 4836 Ὀ
2399 4782 2497 4854 μὲν
2527 4783 2637 4856 γάρ
2674 4783 2857 4847 Ἠλίας
2893 4785 3150 4858 μηλωτὴν
3198 4785 3380 4857 ἀφῆκε
3413 4786 3498 4859 τῷ
3525 4791 3829 4864 μαθητῇοό

2318 4800 2373 4836 υ
2399 4800 2497 4854 μεν
2527 4800 2637 4856 γαρ
2678 4800 2857 4847 nua;
2893 4800 3150 4858 μηλωτην
3198 4800 3380 4857 αφηκε
3413 4804 3498 4859 τῳ
3525 4800 3789 4864 μαθητῇο
3809 4800 3861 4840 ον

2228 4863 2359 4928 Υἰδς
2390 4865 2486 4919 τοῦ
2511 4865 2647 4920 Θεοῦ
2696 4866 3000 4922 ἀναϐαίνων
3027 4868 3127 4939 τὴν
3153 4871 3330 4938 σάρκα
3363 4870 3502 4940 ἡμῖν
3535 4800 3882 4937 κατέλιπετῃ

2227 4944 2455 5029 ἐαυτοῦο
2487 4947 2602 5001 ἀλλ’
2628 4950 2657 5001 6
2695 4948 2795 5020 μὲν
2839 4948 3026 5013 Ἠλίας
3053 4950 3495 5021 ἀποδυσάμενος,
3528 4957 3560 5008 6
3591 4956 3658 5010 66
3701 4958 3881 5029 Κρῆτές

2228 5027 2319 5081 καὶ
2359 5029 2492 5099 ἡμῖν
2517 5030 2798 5096 κατέλιπε,
2819 5031 2915 5086 καὶ
2955 5030 3095 5102 ἔχων
3133 5032 3303 5102 αὑτὴν
3336 5033 3566 5104 ἀνῆλθε.
3602 5038 3706 5110 Mi;
3753 5027 3882 5092 ταν-τ

2227 5113 2681 5184 καταπίπτωμεν,
2730 5114 2866 5186 μηδὲ
2916 5114 3257 5186 ωυρώμεθα,
3305 5116 3445 5187 μηδὲ
3480 5118 3789 5176 δυσκολίαν

2227 5194 2452 5291 ϐὡμεθα
2498 5180 2745 5291 66:95)?-
2826 5198 2933 5291 γὰρ
2976 5180 3038 5291 τί)
3256 5180 3422 5291 αρτόὖ
3455 5202 3537 5274 μὴ
3574 5180 3882 5291 Rufum-5+

2230 5295 2391 5363 μενος
2427 5279 2566 5363 61:69
2598 5281 2854 5363 ἁπάντων
2892 5282 3102 5363 ἐκχέαι,
3138 5284 3232 5336 καὶ
3262 5282 3361 5354 τῆς
3389 5286 3609 5357 σαρκὸς
3645 5291 3786 5363 ἡμῖν
3828 5279 3882 5357 Egi

2226 5358 2422 5444 :6606;
2448 5362 2541 5415 καὶ
2578 5362 2741 5416 αὑτοῦ
2766 5362 2796 5403 h
2821 5360 2916 5416 τοῦ
2946 5363 3177 5434 αἵματος
3204 5364 3388 5432 πάλιν,
3426 5368 3481 5420 τί
3510 5358 3882 5444 παραίτήσετη

2228 5441 2453 5513 ποιῆσαι
2474 5444 2576 5516 τῆς
2603 5445 2879 5516 ἡμετέρας
2908 5444 3094 5500 ἐνεκεν
3128 5447 3437 5520 σωτηρίαςς
3460 5441 3724 5522 Ταύταις
3751 5441 3882 5527 τοίνυνυῆ

2287 5600 2317 5672 εξ
2342 5601 2425 5672 §ic
2443 5601 2583 5672 μοι..
2616 5602 2731 5672 εον.
2752 5605 2941 5672 οιηὶεεο-
2963 5604 3250 5672 ἀλλ’,ἰιεδει
3278 5606 3370 5656 οὑκ
3389 5607 3635 5672 ᾒσθήθης.

2295 5663 2316 5727 ξ
2344 5664 2493 5727 δανῆ.
2520 5670 2573 5714 οι
2597 5664 2791 5727 quidam
2814 5664 2898 5715 alii
2919 5667 3015 5715 ἀπὸ
3038 5668 3353 5727 πλουτοὺσης.

2293 5721 2319 5792 ξ
2473 5721 2670 5792 χρυσίου
2690 5728 2772 5775 καὶ
2790 5727 2917 5776 λίθου
2938 5729 3100 5792 τιμίου
3121 5721 3312 5791 τιμιωτ.

2291 5788 2320 5827 Β
2342 5785 2444 5835 Alii
2474 5785 2708 5842 ἐπιδείξω.

2286 5845 2313 5884 h
2335 5844 2447 5918 Ali}.
2457 5848 2682 5918 μεταδοὺς
2700 5848 2996 5918 τῆςιέαυτοῦ,
3015 5851 3097 5918 καὶ
3115 5850 3283 5918 αὑτοῦ,
3304 5850 3433 5903 Infra
3460 5863 3579 5918 post
3601 5859 3795 5911 ἐλπίσιν
3813 5874 3882 5916 (ἕν’

2223 5910 2340 6017 ἔξειηό
2351 5907 2541 5980 gddum
2569 5910 2819 5971 ἀγαπητοί.
2850 5907 3086 5962 [nrra'aui
3115 5914 3195 5961 καὶ
3224 5916 3320 5963 τῶν
3344 5907 3882 5979 panzwm‘éégsm

2256 5986 2315 6017 γα
2344 5986 2425 6016 ων.

2256 5986 2425 6030 γαυων.
