3892 6236
84 336 160 391 45
1039 339 1127 392 AD
1169 339 1486 396 POPULU.“
1531 340 2018 399 ANTIOCHENUM
2082 343 2313 400 HOMlL.
2355 341 2420 402 ll.
3290 345 3362 398 ιθ

93 450 211 506 hmc
241 463 377 505 vero
400 449 694 505 anhelitum
722 464 944 520 angens,
967 459 1022 506 et
1051 453 1272 520 elidens,
1296 464 1350 508 et
1377 454 1572 510 multos
1597 455 1679 508 in-

95 539 277 595 ferens
304 538 548 605 dolores;
595 540 689 594 sed
739 548 880 595 tanta
924 551 1006 596 est
1043 541 1282 597 laborum
1313 544 1591 611 medicina,
1623 551 1681 598 ut

92 631 302 685 etiamsi
331 630 445 686 hil'c
469 631 627 686 ambo
654 632 850 700 adsint,
873 648 1059 688 servus
1076 634 1310 690 dormire
1336 637 1520 705 possit.
1546 636 1679 704 Quia

96 721 241 775 enim
268 721 406 775 servi
453 729 558 776 tota
596 721 683 777 die
718 723 914 793 ubique
945 724 1422 789 circumcursitant,
1453 725 1684 781 dominis

95 813 208 866 suis
235 813 616 879 ministrantes,
644 815 973 886 vapulantes.
1001 817 1323 884 laborantes,
1350 829 1404 874 et
1430 835 1497 876 ne
1521 820 1681 875 mini-

98 919 243 956 mum
270 904 482 973 quidem
505 906 848 976 respirantes,
868 907 1597 967 sufﬁcientemlassitudinum
1627 920 1684 967 et

99 995 339 1050 laborum
372 996 580 1050 illorum
608 998 1006 1055 retributionem
1036 1001 1269 1071 capiunt,
1295 1003 1346 1056 in
1367 1001 1683 1058 dormiendo

98 1087 445 1157 voluptatem.
473 1089 538 1143 Et
565 1088 666 1145 hoc
693 1090 785 1146 Dei
812 1091 1134 1162 benignitate
1161 1093 1354 1148 factum
1377 1105 1476 1161 est,
1497 1104 1552 1148 nt
1575 1110 1682 1150 non

97 1193 232 1233 auro
251 1189 306 1234 et
330 1189 568 1250 argento,
592 1181 685 1236 sed
714 1183 916 1248 labore,
935 1193 989 1240 et
1013 1200 1268 1251 mrumna,
1292 1194 1346 1240 et
1369 1187 1685 1242 necessitate

99 1279 156 1324 et
184 1272 330 1325 omni
355 1271 634 1342 disciplina
662 1273 960 1342 voluptates
986 1275 1090 1329 emi
1116 1276 1343 1331 valeant.
1384 1277 1453 1331 At
1479 1293 1582 1330 non
1615 1277 1684 1331 ita

98 1361 331 1418 divites:
361 1364 454 1419 sed
485 1365 664 1419 stratis
684 1365 932 1420 mollibus
945 1365 1203 1435 jacentes,
1224 1367 1491 1422 multoties
1522 1376 1685 1420 totam

101 1462 317 1508 noctem
348 1454 542 1508 ducunt
573 1455 869 1509 insomnem
892 1496 907 1522 ,
939 1464 992 1510 et
1017 1457 1178 1510 multa
1205 1456 1568 1512 machinantes
1595 1457 1686 1511 tali

102 1562 214 1600 non
243 1545 486 1601 fruuntur
510 1547 801 1618 voluptate.
834 1550 1040 1620 Pauper
1075 1561 1251 1606 autem
1283 1568 1348 1608 ex
1375 1552 1581 1608 diurnis
1606 1555 1688 1608 la-
1719 1539 1726 1544 ’

102 1638 326 1692 boribus
357 1653 598 1709 surgens,
626 1638 914 1711 defatigata
957 1641 1159 1698 habens
1199 1645 1436 1698 membra
1459 1684 1474 1709 ,
1517 1645 1691 1714 prius-

101 1747 269 1800 quam
300 1733 618 1802 recubuerit,
651 1735 910 1804 integrum
950 1745 1002 1790 et
1043 1751 1259 1791 suavem
1299 1747 1351 1792 et
1397 1737 1688 1808 legitimum

103 1838 356 1878 somnum
395 1825 648 1895 suscipit,
677 1841 783 1880 non
814 1827 1054 1896 exiguam
1085 1835 1139 1881 et
1165 1827 1299 1884 hanc
1319 1828 1582 1898 justorum
1609 1828 1688 1882 la-

104 1916 298 1970 borum
339 1917 551 1986 capiens
596 1918 920 1974 mercedem.
973 1919 1102 1975 Cum
1147 1919 1302 1988 igitur
1335 1936 1454 1976 cum
1502 1919 1688 1991 majori

104 2009 380 2077 voluptate
410 2023 609 2078 pauper
628 2017 682 2064 et
706 2009 934 2064 dormiat
962 2022 1016 2065 et
1037 2009 1184 2066 bibat
1211 2020 1265 2066 et
1294 2011 1556 2078 comedat,
1587 2027 1689 2082 qua

103 2101 279 2170 gratia
302 2111 460 2154 erunt
489 2102 717 2171 amplius
742 2102 943 2157 divitiae
967 2103 1160 2174 dignae,
1193 2119 1349 2173 quam
1377 2105 1693 2160 videbantur

103 2207 270 2260 supra
298 2200 657 2260 paupertatem
685 2193 1083 2262 prterogativam
1129 2194 1324 2249 habere
1345 2236 1360 2262 ,
1399 2195 1496 2249 hac
1531 2195 1691 2250 etiam

107 2281 369 2350 privatae?
400 2281 682 2350 Propterea
714 2291 766 2337 et
795 2282 862 2337 ab
887 2283 1036 2337 initio
1061 2283 1197 2338 Deus
1227 2284 1426 2338 homini
1456 2285 1692 2340 laborem

105 2373 367 2442 alligavit,
398 2388 501 2427 non
527 2374 748 2442 puniens
775 2388 944 2444 neque
966 2374 1136 2444 ipsum
1161 2375 1444 2445 castigans,
1461 2375 1553 2430 sed
1576 2389 1695 2429 cor-

109 2465 292 2533 rigens
320 2478 382 2518 ac
409 2465 627 2519 docens.
657 2464 880 2531 Quando
902 2466 1256 2521 illaboriosam
1283 2468 1440 2521 vitam
1471 2467 1697 2537 degebat

110 2554 308 2620 Adam,
342 2556 586 2625 paradiso
624 2555 820 2610 excidit
849 2573 861 2610 :
890 2557 1102 2627 quando
1136 2557 1450 2612 laboriosam
1477 2567 1530 2612 et
1554 2574 1693 2612 teru-

111 2661 359 2700 mnosam
391 2647 584 2702 Paulus
605 2648 792 2718 agebat
815 2650 1000 2715 vitam,
1024 2665 1086 2704 ac
1113 2649 1340 2714 dicebat,
1366 2649 1431 2704 In
1461 2650 1630 2706 labore
1649 2662 1696 2706 et

111 2728 423 2796 arumnaa
439 2725 657 2782 Con“.
676 2726 767 2798 27)
791 2736 937 2782 nocte
963 2737 1013 2782 et
1041 2727 1129 2784 die
1155 2747 1376 2799 operam
1395 2730 1442 2802 (Ι
1459 2773 1471 2785 .
1493 2729 1673 2786 Thess.

111 2821 168 2874 6.
199 2819 282 2889 9),
305 2826 436 2873 tunc
479 2819 534 2872 in
564 2818 874 2888 paradisum
907 2830 1094 2888 raptus
1133 2831 1234 2888 est,
1263 2830 1318 2877 et
1362 2824 1580 2878 tertium
1624 2825 1676 2879 in

111 2910 316 2965 caelum
343 2907 606 2962 ascendit.
638 2906 715 2962 Ne
742 2909 906 2978 igitur
940 2910 1180 2965 laborem
1211 2928 1556 2982 respuamus,
1583 2930 1682 2969 nec

111 2999 488 3069 Operationem
523 2998 907 3068 vituperamus.
934 2999 1147 3056 Etenim
1166 3013 1291 3058 ante
1310 3004 1574 3060 caelorum
1592 3021 1680 3060 re-

111 3105 284 3160 gnum
302 3089 391 3144 hic
407 3091 700 3144 maximum
721 3091 964 3160 capimus
982 3095 1282 3161 przetnium,
1300 3096 1491 3165 exipsa
1516 3112 1573 3152 re
1588 3111 1680 3152 vo—

113 3181 376 3248 luptatem
399 3186 714 3234 sumentes:
739 3197 844 3235 non
865 3191 1042 3236 autem
1069 3184 1399 3254 voluptatem
1443 3195 1679 3253 tantum,

112 3270 208 3324 sed
236 3278 310 3332 et,
333 3271 477 3338 quod
501 3271 670 3326 multo
691 3272 965 3341 voluptate
997 3275 1172 3343 majus
1200 3285 1301 3339 est,
1320 3277 1677 3347 purissimam

111 3362 428 3418 sanitatem.
448 3362 649 3419 Divites
679 3365 822 3419 enim
849 3376 1046 3436 przeter
1075 3369 1456 3426 insuavitatem
1503 3374 1685 3428 multa;

111 3451 468 3518 aegritudines
497 3451 774 3519 invadunt;
794 3468 1060 3522 pauperes
1089 3467 1265 3510 autem
1289 3473 1318 3511 a
1343 3459 1678 3514 medicorum

112 3538 370 3593 manibus
392 3539 663 3595 immunes
695 3550 839 3596 sunt.
864 3541 919 3597 Si
950 3558 1078 3598 vero
1106 3561 1517 3616 nonnumquam
1546 3556 1601 3603 et
1625 3549 1680 3602 in

109 3628 490 3695 aegritudinem
512 3630 771 3697 incidant,
788 3632 933 3687 brevi
957 3635 1166 3703 seipsos
1189 3635 1518 3703 instaurant,
1533 3640 1677 3695 mol-

110 3716 227 3771 litie
249 3717 400 3771 omni
435 3717 609 3780 liberi.
630 3730 684 3775 et
710 3735 939 3793 corpora
968 3725 1189 3781 robusta
1225 3727 1504 3786 habentes.

192 3849 482 3922 Paupertas
519 3853 771 3922 sapienter
805 3854 1076 3926 ferentibus
1117 3871 1303 3926 magna
1348 3857 1610 3926 possessio.
1633 3889 1703 3900 --

119 3942 307 4012 Magna
331 3944 597 4012 possessio
613 3954 896 4016 paupertas
915 3947 1182 4017 sapienter
1203 3948 1368 4016 ipsam
1390 3947 1698 4016 ferentibus,

119 4032 403 4089 thesaurus
445 4036 534 4105 qui
571 4046 799 4106 nequeat
841 4035 1057 4103 auferri,
1087 4037 1304 4093 baculus
1346 4038 1700 4108 ﬁrmissimus,

117 4126 299 4182 damni
320 4143 514 4196 expers
535 4129 818 4199 possessio,
835 4129 1182 4185 diversorium
1201 4131 1267 4186 ab
1285 4132 1488 4186 insidiis
1510 4140 1700 4188 tutum.

117 4221 190 4273 At
229 4219 568 4289 opprimitur,
599 4223 789 4292 inquit,
820 4238 1051 4292 pauper;
1097 4222 1191 4278 sed
1234 4224 1466 4294 majores
1487 4224 1704 4281 insidias

119 4309 269 4365 dives
296 4312 510 4381 patitur.
537 4311 908 4368 Contemnitur
928 4329 1127 4384 pauper
1153 4324 1207 4370 et
1230 4317 1567 4372 contumeliis
1591 4316 1705 4372 afﬁ-

117 4401 289 4467 citur;
337 4402 430 4456 sed
456 4402 602 4457 diviti
635 4403 918 4459 invidetur.
949 4404 1063 4460 Non
1095 4414 1200 4460 tam
1228 4407 1593 4477 expugnabilis
1622 4417 1705 4462 est

120 4508 326 4562 pauper
365 4510 522 4564 quam
565 4495 735 4564 dives,
766 4497 1000 4552 inﬁnitas
1039 4497 1272 4569 undique
1305 4508 1359 4553 et
1401 4499 1611 4554 diabolo
1651 4509 1705 4555 et

120 4585 522 4641 insidiatoribus
563 4590 870 4646 occasiones
916 4591 1190 4660 praebens,
1240 4593 1475 4646 omnium
1521 4607 1705 4647 servus

119 4689 343 4748 prepter
379 4679 600 4734 multam
641 4697 822 4735 rerum
867 4682 1283 4736 abundantiam:
1316 4682 1368 4736 in
1417 4683 1703 4738 multorum

121 4770 415 4841 indigentia
444 4772 798 4839 constitutus,
833 4782 889 4828 et
930 4773 1108 4828 multis
1150 4773 1355 4829 adulari
1395 4777 1620 4845 cogitur,
1653 4784 1707 4830 et

119 4877 241 4915 cum
288 4861 454 4916 multa
503 4862 857 4919 illiberalitate
901 4866 1136 4932 servire;
1193 4881 1395 4936 pauper
1437 4875 1614 4921 autem
1660 4868 1705 4923 si

121 4953 487 5024 philosophari
516 4954 667 5021 sciat,
697 4971 871 5025 neque
905 4956 973 5010 ab
1013 4957 1130 5026 ipso
1167 4957 1381 5013 diabolo
1418 4959 1706 5029 expugnari

123 5056 324 5115 potest.
367 5045 469 5101 Job
499 5047 656 5117 igitur
684 5057 737 5102 et
756 5057 879 5104 ante
909 5048 1008 5104 hoc
1036 5064 1155 5104 cum
1184 5049 1331 5104 fortis
1360 5059 1522 5116 esset,
1557 5059 1704 5120 post-

119 5155 278 5206 quam
307 5139 486 5193 omnia
517 5139 712 5206 amisit,
747 5149 872 5195 tunc
913 5141 1082 5196 factus
1115 5151 1196 5196 est
1235 5143 1440 5206 fortior,
1468 5151 1524 5196 et
1556 5159 1707 5213 egre-

123 5233 260 5301 giam
293 5242 480 5287 contra
502 5233 769 5287 diabolum
801 5234 1075 5288 victoriam
1105 5235 1411 5303 reportavit.
1441 5234 1704 5289 Praeterea
1748 5264 1760 5273 -

121 5342 244 5379 vero
277 5342 381 5380 nec
413 5327 656 5394 injuriam
685 5327 790 5396 pati
813 5343 1014 5397 pauper
1042 5335 1246 5397 potest,
1277 5327 1320 5380 si
1350 5325 1704 5396 phil050phari

121 5417 320 5473 scierit.
356 5417 507 5487 Quod
535 5419 676 5473 enim
706 5419 812 5474 dixi
836 5419 902 5475 de
933 5420 1218 5489 voluptate,
1243 5420 1384 5490 quod
1417 5435 1478 5474 ea
1515 5435 1620 5474 non
1653 5421 1704 5474 in

124 5510 364 5564 ciborum
414 5520 692 5579 apparatu,
739 5510 834 5566 sed
881 5511 932 5566 in
972 5510 1361 5566 comedentium
1404 5511 1474 5564 sit
1515 5509 1706 5566 affectu

127 5603 290 5670 posita
325 5623 342 5658 :
378 5603 480 5659 hoc
504 5613 558 5658 et
586 5603 653 5659 de
677 5604 996 5660 contumelia
1027 5604 1179 5671 dico,
1211 5604 1354 5674 quod
1387 5602 1707 5658 contumelia

128 5710 226 5749 non
253 5694 324 5750 ab
353 5693 694 5750 inferentium
717 5696 998 5764 sententia,
1023 5697 1114 5752 sed
1137 5713 1164 5751 a
1185 5693 1492 5767 patientium
1515 5695 1708 5750 affectu

134 5791 484 5846 constituatur
513 5787 597 5842 vel
623 5786 944 5843 destruatur.
966 5787 1125 5844 Verbi
1154 5787 1346 5858 gratia,
1368 5786 1532 5842 multa
1559 5787 1704 5854 quis-

1790 456 1928 524 piam
1956 454 2007 509 in
2041 465 2091 510 te
2118 455 2274 510 fanda
2295 465 2452 526 atque
2469 453 2693 510 nefanda
2714 451 2948 508 convicia
2969 452 3142 507 dixit?
3169 454 3212 508 si
3235 470 3360 508 cor.-

1788 546 2032 601 tumelias
2060 545 2334 612 deriseris,
2361 545 2405 600 si
2433 546 2591 600 verba
2617 559 2723 598 non
2749 543 3038 614 acceperis,
3069 552 3116 598 et
3145 543 3363 598 vulnere

1789 637 2032 706 superior
2051 637 2144 700 sis,
2163 637 2537 692 contumeliam
2570 650 2672 689 non
2698 649 2756 690 es
2783 649 2991 705 passus.
3021 635 3086 689 Et
3111 635 3365 706 quemad-

1789 729 2003 783 modum
2022 729 2067 783 si
2084 742 2276 798 corpus
2289 727 2689 782 adamantinum
2719 728 3053 794 haberemus,
3084 728 3184 782 etsi
3212 729 3368 782 inuno

1790 819 1951 873 meris
1999 819 2232 888 undique
2275 819 2396 872 telis
2434 827 2760 887 peteremur,
2802 833 2907 872 non
2946 827 3119 872 tamen
3149 817 3366 872 vulnera

1788 911 2148 979 reciperemus
2171 927 2183 962 :
2208 925 2314 962 non
2344 909 2486 964 enim
2513 925 2544 962 a
2570 925 2729 963 manu
2756 910 2856 964 tela
2884 917 3182 980 torquente,
3211 909 3306 964 sed
3339 926 3369 963 a

1789 1001 2101 1070 corporibus
2127 999 2446 1069 patientibus
2473 1001 2690 1055 vulnera
2718 1001 2849 1055 ﬁunt
2879 1019 2892 1054 :
2918 1001 2995 1055 sic
3029 1010 3084 1056 et
3123 1001 3228 1064 hic,
3261 1017 3367 1056 non

1789 1109 1818 1146 a
1849 1093 2192 1162 petulantium
2227 1092 2434 1146 insania
2455 1132 2468 1155 .
2497 1091 2591 1146 sed
2617 1106 2648 1146 a
2679 1092 2985 1161 patientium
3008 1092 3370 1148 imbecillitate

1791 1184 2000 1252 injuriae
2025 1194 2079 1238 et
2103 1182 2438 1237 contumelia:
2461 1183 2876 1237 constituuntur.
2899 1183 2956 1238 Si
2974 1187 3116 1238 enim
3139 1184 3370 1254 philoso-

1793 1279 1943 1347 phari
1973 1279 2203 1333 sciamus
2222 1321 2236 1344 ,
2267 1293 2368 1333 nec
2395 1277 2715 1333 contumelia
2750 1277 2887 1332 afﬁci
2921 1293 3200 1348 possumus
3221 1319 3239 1345 ,
3273 1295 3370 1335 nec

1795 1370 2081 1440 quidquam
2112 1385 2270 1441 grave
2302 1371 2428 1439 pati.
2473 1371 2677 1440 Aliquis
2723 1370 2968 1439 injuriam
3014 1370 3222 1436 intulit,
3263 1386 3370 1425 non

1795 1460 2007 1515 sensisti
2036 1476 2134 1514 nec
2159 1460 2408 1514 doluisti?
2451 1475 2557 1514 non
2584 1474 2642 1514 es
2674 1459 2918 1530 injuriam
2954 1475 3169 1531 passus,
3201 1461 3292 1516 sed
3318 1470 3372 1516 et

1797 1554 1965 1622 magis
1994 1554 2326 1622 percussisti,
2355 1568 2514 1622 quam
2550 1567 2832 1621 percussus
2853 1567 2933 1608 es.
2959 1551 3094 1607 Cum
3119 1553 3260 1607 enim
3282 1555 3372 1622 qui

1795 1645 2168 1699 contumeliam
2199 1644 2393 1710 intulit,
2423 1644 2626 1713 plagam
2660 1659 2811 1698 suam
2837 1643 2903 1698 ad
2934 1646 3239 1714 patientium
3261 1645 3374 1700 ani:

1797 1753 1936 1790 mam
1964 1753 2068 1791 non
2096 1738 2490 1807 pervenientem
2512 1735 2724 1801 viderit,
2749 1735 2863 1804 ipse
2889 1736 3144 1804 majorem
3171 1737 3224 1791 in
3255 1751 3373 1790 mo-

1795 1830 1921 1885 dum
1950 1829 2193 1884 roditur:
2224 1837 2279 1884 et
2306 1828 2602 1884 tacentibus
2624 1827 2709 1891 iis,
2739 1827 2827 1896 qui
2867 1827 3242 1882 contumeliam
3281 1843 3375 1897 pa-

1797 1923 2016 1982 tiuntur.
2043 1929 2232 1991 sponte
2245 1919 2684 1975 contumeliarum
2708 1918 2858 1988 plaga
2870 1926 3052 1974 contra
3077 1919 3376 1974 mittentem

1795 2028 2052 2069 conversa
2080 2011 2322 2067 infertur.

1868 2103 1923 2162 9.
1964 2104 2021 2158 In
2063 2104 2310 2158 omnibus
2344 2103 2501 2174 igitur
2539 2103 2997 2174 philosophemur,
3023 2101 3374 2164 dilectissimi,

1797 2204 1852 2250 et
1877 2194 2007 2250 nihil
2044 2209 2140 2250 nos
2178 2187 2352 2263 inopia
2391 2194 2585 2248 laedere
2622 2195 2817 2263 poterit
2847 2210 2863 2250 :
2891 2193 3015 2263 quin
3057 2201 3111 2247 et
3149 2193 3379 2247 maxime

1797 2286 2068 2354 adjuvabit
2093 2294 2146 2340 et
2165 2285 2423 2339 clariores
2445 2283 2649 2351 reddet,
2679 2295 2733 2339 et
2753 2284 3000 2339 omnibus
3021 2282 3272 2338 divitibus
3296 2297 3380 2337 co-

1800 2377 2078 2446 piosiores.
2107 2375 2242 2442 Quid
2263 2375 2427 2442 enim,
2455 2376 2542 2431 die
2571 2377 2722 2439 mihi,
2747 2377 2896 2431 Helia
2918 2375 3242 2446 pauperius?
3272 2375 3378 2430 Sed

1801 2477 2082 2539 propterea
2107 2481 2294 2522 omnes
2313 2467 2502 2540 divites
2524 2467 2787 2534 vincebat,
2810 2467 3059 2536 quoniam
3083 2467 3162 2520 sic
3181 2480 3380 2536 pauper

1799 2573 1920 2614 cum
1947 2564 2109 2622 esset,
2140 2557 2308 2626 ipsam
2349 2563 2716 2626 paupertatem
2759 2570 2824 2610 ex
2870 2555 3066 2611 mentis
3106 2554 3380 2623 Opulentia

1799 2651 1980 2722 elegit.
2027 2650 2289 2718 Quoniam
2335 2650 2480 2703 enim
2521 2663 2734 2702 omnem
2784 2647 3126 2718 pecuniarum
3172 2647 3380 2714 copiam

1800 2742 1962 2808 animi
2005 2742 2084 2796 sui
2139 2739 2504 2810 magnitudine
2541 2753 2663 2796 esse
2701 2739 2902 2808 putavit
2930 2736 3258 2804 inferiorem,
3281 2751 3382 2791 nec

1801 2834 2131 2905 philosophia
2161 2849 2255 2889 sua
2281 2833 2492 2904 dignam
2525 2848 2539 2886 :
2569 2831 2690 2888 ideo
2718 2839 2915 2886 tantam
2944 2831 3253 2902 pauperiem
3275 2843 3384 2884 amo

1802 2927 2045 2996 plexatus
2071 2933 2172 2980 est.
2205 2924 2355 2991 Quod
2387 2927 2431 2977 si
2459 2938 2647 2992 magna
2676 2923 2958 2992 praesentia
2987 2929 3245 2991 putasset,
3273 2934 3381 2975 non

1801 3019 1970 3072 solam
2021 3016 2251 3071 meloten
2299 3014 2652 3084 possedisset;
2699 3013 2792 3068 sed
2837 3013 2908 3068 ita
2944 3013 3064 3067 vita:
3093 3013 3380 3068 vanitatem

1801 3107 2199 3172 condemnavit,
2244 3114 2297 3160 et
2337 3113 2602 3174 tamquam
2643 3105 2809 3158 lutum
2857 3103 3152 3173 projectum
3191 3117 3379 3158 aurum

1802 3215 1962 3255 omne
1983 3199 2243 3267 despexit,
2269 3208 2319 3251 ut
2347 3205 2537 3266 praeter
2556 3195 2806 3250 amictum
2833 3195 2979 3250 illum
3007 3194 3138 3249 nihil
3158 3194 3383 3263 amplius

1805 3291 2119 3362 possideret.
2167 3290 2368 3344 Idcirco
2393 3304 2482 3343 rex
2514 3302 2746 3358 paupere
2772 3286 3080 3357 indigebat,
3121 3296 3177 3342 et
3205 3285 3385 3341 verbis

1803 3383 1934 3439 nihil
1961 3383 2082 3452 plus
2111 3396 2268 3452 quam
2298 3378 2533 3434 meloten
2560 3378 2808 3433 habentis
2848 3377 3116 3444 inhiabat,
3142 3377 3232 3446 qui
3262 3386 3380 3430 tan-

1805 3483 1916 3529 tum
1969 3472 2196 3527 habebat
2241 3467 2563 3524 auri:adeo
2604 3467 2934 3537 splendidior
2980 3481 3212 3536 purpura
3267 3476 3383 3520 erat

1803 3565 2032 3630 melote,
2073 3571 2128 3617 et
2164 3559 2429 3631 regalibus
2459 3559 2593 3614 aulis
2614 3559 2742 3629 justi
2773 3559 3044 3628 spelunca.
3095 3559 3382 3627 Propterea

1804 3669 1860 3714 et
1888 3659 1940 3713 in
1965 3656 2151 3712 caelum
2173 3654 2488 3720 ascendens,
2513 3653 2642 3707 nihil
2669 3652 2809 3707 aliud
2837 3667 2994 3722 quam
3043 3651 3271 3706 meloten
3302 3649 3386 3704 di-

1804 3749 2010 3820 scipulo
2033 3747 2246 3818 reliquit
2275 3747 2349 3818 (4.
2373 3745 2497 3815 Reg.
2515 3745 2590 3816 2).
2615 3744 2746 3799 Cum
2771 3743 2891 3810 hac,
2923 3743 3109 3813 inquit,
3133 3758 3250 3799 cum
3273 3745 3386 3797 dia-

1806 3838 1932 3894 bolo
1956 3839 2206 3910 pugnavi,
2235 3847 2288 3893 et
2315 3845 2368 3892 tu
2395 3846 2580 3893 contra
2607 3837 2752 3890 illum
2785 3836 2923 3891 hanc
2947 3843 3270 3890 armaturam
3298 3849 3387 3890 ca-

1807 3931 1942 4000 pies.
1973 3930 2215 3986 Validum
2245 3929 2387 3985 enim
2416 3929 2574 3984 telum
2603 3928 2778 3997 inopia
2799 3968 2814 3990 .
2846 3926 3253 3996 inexpugnabile
3289 3926 3383 3979 ha-

1807 4021 2120 4087 bitaculum,
2147 4030 2200 4076 et
2231 4021 2390 4075 turris
2415 4019 2753 4074 inconcussa.
2781 4017 3072 4088 Tamquam
3101 4019 3385 4072 maximam

1810 4112 2157 4168 hereditatem
2199 4111 2420 4166 Elisaaus
2457 4109 2688 4164 meloten
2725 4109 2956 4176 suscepit
2990 4125 3003 4161 :
3036 4109 3232 4164 etenim
3262 4124 3387 4164 vere

1809 4204 2038 4258 maxima
2059 4200 2160 4257 fuit
2171 4199 2478 4265 hiereditas,
2493 4199 2638 4256 omni
2662 4213 2794 4254 auro
2817 4199 2832 4230 ¹
2859 4197 3161 4268 pretiosior.
3185 4199 3253 4252 Et
3274 4209 3388 4253 erat

1809 4293 2031 4365 posthac
2071 4293 2263 4363 duplex
2303 4291 2481 4347 Helias
2523 4291 2634 4355 ille,
2661 4290 2732 4344 ita
2763 4298 2822 4344 ut
2853 4303 3064 4344 sursum
3110 4289 3308 4354 Helias,
3335 4299 3390 4344 et

1809 4386 2059 4441 deorsum
2089 4385 2266 4439 Helias
2291 4393 2453 4440 esset.
2493 4382 2628 4439 Novi
2653 4397 2746 4437 vos
2769 4382 2970 4451 justum
2998 4382 3143 4436 illum
3175 4383 3389 4437 beatum

1810 4486 2015 4548 putare,
2038 4476 2378 4546 singulosque
2399 4489 2596 4543 cupere
2619 4488 2740 4529 eum
2768 4473 2942 4542 ipsum
2968 4487 3108 4528 esse.
3129 4473 3264 4541 Quid
3289 4475 3388 4544 igi-

1811 4578 1918 4634 tur,
1949 4569 1995 4623 si
2023 4568 2174 4623 vobis
2194 4567 2631 4623 demonstravero
2650 4565 2792 4634 quod
2815 4565 2954 4619 aliud
2978 4565 3070 4620 illo
3090 4565 3258 4620 multo
3281 4580 3391 4619 ma-

1807 4661 1897 4732 jus
1922 4676 2112 4716 omnes
2136 4660 2304 4716 sacris
2325 4657 2592 4728 mysteriis
2621 4656 2805 4712 imbuti
2834 4657 3193 4725 receperimus
3208 4657 3233 4709 ?

1881 4751 2047 4806 Locus
2071 4751 2280 4821 insignis
2303 4750 2366 4804 de
2391 4748 2452 4804 S.
2488 4748 2824 4803 Eucharistia:
2851 4749 3073 4802 veritate.
3101 4777 3173 4787 —
3209 4747 3391 4803 Helias

1813 4861 2004 4916 nempe
2031 4846 2260 4901 meloten
2286 4844 2549 4914 discipulo
2574 4843 2822 4914 reliquit;
2871 4841 3036 4898 Filius
3071 4851 3250 4898 autem
3296 4842 3390 4895 Dei

1813 4936 2136 5000 ascendens,
2170 4950 2320 4991 suam
2349 4935 2502 4991 nobis
2529 4949 2745 4990 carnem
2784 4932 3028 5002 reliquit;
3075 4933 3169 4988 sed
3213 4931 3392 4987 Helias

1812 5027 2025 5098 quidem
2055 5037 2247 5083 exutus
2270 5065 2287 5095 ,
2316 5026 2562 5082 Christus
2585 5033 2762 5082 autem
2801 5033 2856 5081 et
2892 5023 3048 5079 nobis
3073 5022 3307 5093 reliquit,
3338 5032 3392 5078 et

1814 5120 1982 5188 ipsam
2009 5119 2210 5173 habens
2235 5117 2488 5175 ascendit.
2519 5115 2596 5171 Ne
2621 5117 2782 5187 igitur
2805 5116 2985 5170 animo
3009 5114 3352 5170 concidamus
3377 5153 3391 5176 ,

1815 5226 1988 5280 neque
2027 5211 2419 5276 lamentemur,
2459 5223 2634 5278 neque
2681 5217 2980 5277 temporum
3028 5204 3392 5260 difﬁcultatem

1815 5303 2116 5356 timeamus.
2139 5300 2239 5368 Qui
2262 5299 2402 5355 enim
2423 5298 2731 5370 sanguinem
2753 5312 2906 5354 suum
2933 5309 3030 5367 pro
3049 5294 3297 5350 omnibus
3315 5291 3394 5347 ef-

1817 5393 2037 5448 fundere
2085 5409 2188 5446 non
2233 5391 2519 5458 recusavit,
2549 5399 2602 5446 et
2648 5403 2868 5444 carnem
2908 5402 3080 5452 suam,
3110 5393 3165 5440 et
3209 5397 3392 5438 rursus

1816 5486 1986 5556 ipsum
2009 5483 2320 5554 sanguinem
2343 5483 2496 5538 nobis
2515 5480 2944 5546 communicavit,
2962 5477 3086 5549 quid
3109 5491 3204 5547 pro
3223 5476 3395 5532 salute

1817 5589 1996 5634 nostra
2021 5577 2198 5634 facere
2223 5575 2526 5631 recusabit?
2552 5575 2659 5629 liae
2681 5574 2837 5645 igitur
2857 5584 2952 5642 spe
2975 5569 3199 5624 ﬁdentes
3220 5567 3393 5638 ipsum

1819 5675 2066 5730 continue
2111 5686 2380 5743 rogemus,
2423 5679 2478 5726 et
2528 5668 2774 5740 precibus
2815 5662 3393 5736 supplicationibusque

1882 5791 1898 5822 ¹
1938 5789 2023 5837 Alii
2049 5803 2060 5837 :
2081 5794 2135 5838 Et
2161 5784 2320 5849 lapide
2337 5781 2556 5848 pretioso.
