3932 6222
379 250 442 306 ω
1046 247 1101 304 S.
1143 247 1416 304 JOANNIS
1454 245 1924 303 CHRYSOSTOMI
1963 244 2275 300 ARCillEP.
2317 237 2856 298 CONSTANTINOP.
3563 244 3631 297 43

380 379 653 432 vacemus,
685 372 739 419 et
767 364 983 434 reliqum
1011 363 1218 418 virtutis
1242 379 1361 417 cum
1391 361 1534 416 omni
1565 361 1833 431 diligentia
1860 376 1955 415 cn-

385 476 494 513 ram
523 458 833 522 habeamus,
862 465 920 510 ut
954 465 1008 511 et
1037 457 1241 509 instans
1272 455 1533 523 fugiamus
1563 451 1874 522 periculum.
1903 460 1958 506 et

385 553 554 603 futura
586 563 932 619 assequamur
971 546 1105 600 bona
1137 565 1150 599 :
1181 545 1372 614 quibus
1417 560 1516 598 nos
1549 559 1735 598 omnes
1774 544 1960 612 dignos

469 670 2764 694 __________________________________________

2061 359 2267 414 censeri
2299 355 2590 426 conlingat,
2613 356 2778 426 gratia
2806 362 2860 408 et
2884 353 3208 422 benignitate
3231 352 3438 406 Domini
3470 354 3642 407 nostri

2064 451 2191 505 Jesu
2217 449 2412 504 Christi
2437 489 2452 515 ,
2495 464 2587 516 per
2614 461 2770 516 quem
2797 453 2852 499 et
2879 461 2998 500 cum
3021 459 3126 514 quo
3154 445 3293 498 Patri
3318 444 3508 514 gloria.
3539 459 3647 500 una

2061 558 2182 598 cum
2208 542 2405 610 Spiritu
2431 541 2649 603 Sancto,
2679 539 2730 591 in
2757 537 2954 592 smcula
2976 535 3315 590 smculorum.
3344 537 3536 588 Amen.

2778 665 3111 677 --..—_——r

391 774 452 816 ΙΝ
486 773 966 818 PBOFECTIONEM
1013 772 1284 814 EPISCOPI
1312 769 1628 823 FLAVIANI,
1676 767 1794 810 PRO
1837 767 2130 810 CIVITATE
2159 765 2242 807 AD
2269 761 2726 806 IMPERATOREM
2753 759 3154 802 LEGATIONEM
3182 757 3489 800 OBEUNTIS
3523 760 3534 793 2
3573 758 3656 800 ΕΤ

471 875 772 926 QUODNAM
825 875 1038 916 VERUM
1103 873 1201 916 SIT
1228 872 1536 913 JEJUNIUM

477 1077 724 1122 MULTOS
774 1075 1069 1119 INNOXIOS
1129 1072 1357 1116 carros
1401 1071 1543 1114 esse
1583 1053 1622 1110 ‘.

1585 873 1599 911 Ξ
1649 871 1728 911 ΕΤ
1770 868 1938 920 QUOD
1981 867 2363 908 DETRAHERE
2408 865 2584 917 QUAM
2635 863 2957 907 BUMANUM
3001 863 3236 906 COBPUS
3306 862 3656 905 COMEDERE

475 977 659 1018 PEJUS
705 976 849 1019 SIT!
889 977 964 1016 ET
1009 976 1088 1015 DE
1128 973 1465 1016 JUGULATIS
1525 971 1811 1013 PROPTER
1874 969 2258 1011 SEDITIONEM

2308 972 2321 1010 ε
2372 970 2449 1011 ET
2491 970 2811 1014 ADVERSUS
2851 968 2960 1012 EOS
3012 967 3120 1019 QUI
3165 967 3660 1019 QUEREBANTUR,

1813 1219 2226 1263 “maca-«—

1036 1350 1249 1390 IIOMILIA
1289 1350 1365 1387 Ill.

479 1433 528 1484 1.
561 1430 836 1483 Flavianus
874 1425 1238 1496 Imperatorem
1279 1425 1572 1493 placaturus
1617 1422 1974 1476 Constantino-

413 1523 548 1590 polin
589 1517 1143 1592 petierat.—Quando
1181 1516 1247 1571 ad
1277 1516 1457 1572 sedem
1504 1516 1638 1567 hanc
1676 1513 1980 1577 derelictam

409 1630 463 1667 et
493 1611 746 1681 magistro
775 1624 994 1664 vacuam
1028 1608 1280 1676 respicio,
1308 1605 1513 1676 gaudeo
1540 1605 1696 1657 simul
1729 1613 1780 1657 et
1807 1604 1984 1673 lacry-

412 1702 796 1773 mo:lacrymo
839 1700 1091 1770 quidem,
1137 1697 1277 1766 quod
1325 1705 1638 1766 praesentem
1684 1710 1788 1748 non
1835 1693 1989 1748 video

415 1802 654 1861 patrem;
692 1790 897 1861 gaudeo
935 1798 1111 1842 autem
1143 1786 1281 1855 quod
1315 1801 1410 1855 pro
1454 1785 1625 1839 salute
1652 1793 1830 1838 nostra
1861 1800 1986 1853 pru—

421 1884 616 1947 t‘ectns,
663 1882 789 1936 abiit
833 1889 1034 1934 tantum
1075 1879 1321 1948 populum
1367 1891 1396 1930 a
1437 1875 1614 1930 furore
1655 1874 1992 1944 Imperatoris

415 1984 720 2044 erepturus.
751 1973 862 2027 Hoc
896 1981 950 2027 et
982 1971 1131 2025 vobis
1169 1976 1536 2023 ornamentum
1564 1977 1676 2032 est,
1723 1976 1776 2021 et
1806 1967 1879 2020 illi
1905 1981 1992 2020 co-

419 2081 576 2131 rona;
625 2072 996 2120 ornamentum
1044 2061 1231 2124 vobis,
1281 2058 1420 2128 quod
1463 2059 1618 2111 talem
1667 2057 1783 2111 sitis
1824 2056 1994 2110 sortiti

420 2167 656 2227 patrem;
689 2164 742 2210 et
769 2155 842 2208 illi
874 2167 1092 2210 corona.
1118 2151 1256 2220 quod
1284 2150 1422 2204 circa
1457 2148 1590 2202 ﬁlios
1615 2157 1716 2201 tam
1740 2147 1998 2216 benignus

421 2249 507 2313 sit,
536 2255 589 2302 et
613 2261 642 2300 a
663 2244 878 2300 Christo
903 2243 1101 2296 dictum
1133 2255 1229 2312 per
1249 2253 1410 2308 opera
1437 2236 1851 2292 conﬁrmaverit.
1884 2238 1995 2288 Au-

422 2339 572 2394 diens
599 2335 740 2391 enim
775 2334 937 2400 illud,
988 2332 1171 2386 Pastor
1217 2331 1377 2382 bonus
1419 2328 1642 2381 animam
1679 2343 1821 2380 suam
1862 2325 2002 2392 ponit

430 2447 523 2502 pro
547 2430 720 2484 ovibus
749 2427 931 2497 (Joan.
966 2425 1053 2480 10.
1085 2424 1200 2492 Η),
1242 2421 1373 2475 abiit
1416 2435 1514 2489 pro
1547 2419 1698 2473 nobis
1723 2417 2000 2481 omnibus,

427 2521 655 2574 animam
683 2531 833 2570 suam
865 2515 1170 2585 positurus,
1195 2512 1293 2565 etsi
1324 2510 1486 2563 multa
1513 2517 1666 2584 erant
1685 2523 1805 2577 qua:
1832 2507 2003 2574 ipsum

427 2611 574 2664 abire
600 2582 978 2678 prohiberent,
1021 2613 1074 2657 et
1101 2615 1318 2655 manere
1347 2582 1598 2668 cogerent
1632 2616 1644 2652 :
1677 2597 1849 2666 primo
1877 2605 2005 2649 retas

429 2700 496 2753 ad
543 2698 782 2753 ultimam
827 2702 1072 2765 provecta
1123 2699 1451 2746 senectutem
1476 2730 1489 2750 ,
1533 2696 1717 2758 postea
1769 2685 2008 2755 corporis

433 2791 765 2847 imbecillitas
789 2829 804 2854 ,
835 2796 886 2842 et
913 2785 1036 2839 anni
1069 2794 1274 2852 tempus
1296 2823 1310 2845 ,
1359 2791 1410 2834 et
1453 2788 1648 2832 sanctm
1687 2775 2008 2832 celebritatis

437 2882 752 2946 necessitas,
779 2878 845 2932 ad
871 2879 984 2931 haec
1011 2875 1161 2930 unica
1188 2887 1342 2927 soror
1367 2872 1417 2925 in
1459 2879 1702 2924 extremo
1723 2867 2008 2921 constituta

435 2978 645 3048 spiritu.
671 2974 774 3030 Sed
804 2981 980 3026 tamen
1031 2978 1084 3025 et
1140 2963 1647 3035 consanguinitatem
1679 2959 1938 3028 despexit,
1959 2966 2014 3011 et

437 3047 784 3127 senectutem,
811 3071 864 3117 et
887 3059 1304 3115 imbecillitatem
1323 3096 1337 3120 ,
1368 3063 1421 3107 et
1449 3051 1704 3121 temporis
1729 3047 2012 3103 difﬁculta-

439 3169 568 3226 tem,
595 3167 647 3213 et
673 3154 874 3210 itineris
903 3151 1240 3221 asperitatem
1266 3165 1278 3200 :
1303 3155 1355 3199 et
1375 3144 1620 3199 omnibus
1642 3155 1735 3194 vos
1757 3149 2014 3193 vestram-

439 3265 542 3319 que
566 3248 787 3302 salutem
811 3255 1145 3315 prazponcns,
1175 3238 1288 3292 haec
1314 3235 1490 3290 omnia
1518 3231 1723 3286 vincula
1751 3228 1976 3296 disrupit
1998 3267 2012 3290 ,

441 3353 494 3397 et
514 3356 611 3397 ceu
634 3339 844 3409 juvenis
869 3336 1035 3391 fertur
1058 3347 1243 3394 senex,
1269 3343 1410 3383 nunc
1434 3327 1603 3379 alatus
1627 3321 1788 3376 animi
1817 3320 2018 3389 magni~

444 3432 624 3487 tudine
653 3429 841 3485 factus.
869 3427 924 3481 Si
962 3425 1103 3480 enim
1135 3421 1409 3484 Christus,
1440 3417 1638 3487 inquit,
1664 3413 1895 3482 seipsum
1922 3425 2020 3479 pro

445 3520 600 3576 nobis
637 3519 802 3584 dedit,
850 3531 952 3586 qua
998 3526 1237 3568 essemus
1276 3524 1374 3564 nos
1417 3505 1758 3562 excusatione
1787 3510 1838 3555 et
1867 3500 2018 3553 venia

447 3607 625 3680 digni,
659 3608 788 3662 tanti
815 3603 1111 3660 custodiam
1139 3599 1318 3670 populi
1357 3596 1610 3651 creditam
1637 3592 1894 3646 habentes
1917 3629 1933 3654 ,
1969 3597 2024 3644 et

449 3717 554 3756 non
579 3701 834 3769 eligentes
859 3695 1033 3750 omnia
1060 3702 1111 3748 et
1141 3691 1318 3746 facere
1348 3698 1400 3744 et
1437 3687 1542 3757 pati
1572 3700 1668 3755 pro
1697 3683 2021 3738 creditorum

451 3792 603 3848 nobis
627 3787 950 3847 securitate?
988 3785 1042 3840 Si
1085 3783 1226 3839 enim
1274 3778 1600 3850 patriarcha,
1631 3775 1831 3846 inquit,
1861 3773 2024 3828 Iacob

454 3881 741 3952 pecudibus
770 3877 1084 3950 praepositus
1113 3916 1128 3942 ,
1169 3887 1296 3928 oves
1324 3868 1656 3925 irrationales
1687 3879 1940 3936 pascens,
1971 3871 2027 3918 et

454 3972 650 4028 homini
673 3971 930 4026 rationem
948 3964 1271 4028 redditurus,
1294 3971 1472 4016 noctes
1491 3956 1719 4012 ducebat
1736 3955 2022 4017 insomnes,

455 4074 509 4120 et
533 4074 719 4120 aestum
737 4104 750 4128 ,
779 4062 898 4132 gelu
924 4101 937 4125 ,
979 4070 1298 4126 omnemque
1327 4053 1465 4108 aeris
1490 4048 1856 4117 intemperiem
1889 4044 2028 4100 iere-

459 4160 578 4222 bat,
625 4167 684 4211 ut
721 4154 864 4209 nulla
909 4153 1116 4206 illarum
1161 4147 1420 4217 pecudum
1471 4142 1668 4213 periret
1712 4138 1864 4210 (Gen.
1893 4136 2026 4205 9.9):

461 4250 626 4304 multo
651 4247 818 4316 magis
839 4259 938 4300 nos
964 4257 1070 4297 non
1103 4236 1516 4302 irrationalibus,
1552 4233 1644 4288 sed
1671 4229 2031 4300 spiritualibus

463 4343 648 4399 nvibus
663 4338 996 4410 praepositos,
1015 4343 1069 4389 et
1088 4348 1195 4388 non
1219 4330 1442 4392 homini,
1468 4326 1560 4381 sed
1579 4326 1687 4379 Deo
1709 4322 2033 4394 prmfeetiirac

465 4434 619 4503 hujus
644 4431 900 4486 rationem
931 4425 1228 4481 reddituros
1250 4463 1266 4488 ,
1306 4419 1372 4474 ad
1398 4417 1526 4472 nihil
1554 4425 1763 4484 torpere
1791 4420 1846 4467 et
1871 4410 2035 4480 tergi-

465 4502 664 4582 versari
693 4526 905 4590 oportet
928 4531 1110 4573 eorum
1135 4556 1150 4581 ,
1200 4529 1317 4583 qua:
1361 4523 1572 4581 gregem
1597 4506 1784 4575 juvare
1810 4502 2032 4572 possint.

464 4615 567 4672 Sed
592 4618 788 4685 quanto
816 4609 1004 4666 melior
1029 4621 1157 4677 grex
1189 4603 1288 4658 iste
1311 4615 1471 4671 grege
1500 4598 1592 4652 illo
1611 4638 1626 4663 ,
1652 4603 1706 4650 et
1729 4593 1899 4648 brutis
1919 4592 2036 4661 qui-

468 4708 587 4761 dem
612 4683 902 4765 homines,
936 4696 1238 4754 hominibus
1265 4706 1392 4746 vero
1418 4691 1558 4744 Deus
1581 4706 1593 4740 :
1615 4694 1760 4741 tanto
1790 4683 1959 4753 majus
1987 4691 2042 4736 et

471 4813 568 4852 nos
588 4793 1061 4861 vehementiusque
1097 4786 1328 4842 studium
1355 4793 1408 4838 el
1435 4781 1760 4852 diligentiam
1791 4777 2042 4833 exhibere

471 4897 698 4960 oportet.
730 4887 884 4941 Novit
907 4884 996 4939 ille
1023 4882 1199 4952 plane,
1223 4894 1326 4932 non
1355 4890 1453 4945 pro
1481 4889 1582 4928 una
1609 4872 1709 4927 sibi
1742 4885 1880 4925 nunc
1909 4868 2041 4923 civi-

475 4989 580 5034 tate
623 4977 888 5047 negotium
931 4987 1083 5037 esse,
1117 4969 1210 5025 sed
1242 4983 1336 5037 pro
1362 4965 1576 5021 Oriente
1605 4973 1734 5019 toto.
1764 4961 2042 5016 Civitatum

474 5071 613 5126 enim
645 5068 745 5125 sub
770 5065 983 5123 Oriente
1013 5061 1298 5134 positarum
1321 5067 1478 5129 caput
1496 5067 1548 5112 et
1573 5066 1742 5110 mater
1763 5062 1844 5110 est
1861 5053 2045 5107 civitas

540 5207 555 5238 ί
591 5203 776 5254 Titulus
799 5203 844 5250 in
863 5199 1003 5248 Savil.
1032 5196 1158 5258 etin
1187 5193 1472 5258 quibusdam
1508 5199 1619 5258 .\t_ss._
1639 5188 1789 5238 habet
1814 5200 1830 5258 ε
1858 5194 1911 5256 In
1935 5196 2050 5248 pro-

476 5247 903 5328 rectidééﬁﬁzﬁrﬁ
919 5247 1124 5328 suscepit
1166 5247 1413 5328 ρύἱξςορᾳς
1439 5251 1750 5328 ιέηιὶρσιιρζψε
1778 5247 2046 5328 Flat't'latttts,

791 5306 1211 5388 alliennium
1230 5306 1535 5388 Theodosium
1553 5311 1831 5388 legaticum"
1868 5306 2045 5375 οὺίενζδο

792 5367 845 5436 in
875 5367 1073 5435 naidas"
1086 5367 1268 5461 causa;
1299 5385 1343 5427 et
1367 5375 1514 5439 quod,
1548 5367 1874 5461 apud/mum,
1902 5367 2051 5438 reg-ite

625 5459 630 5461 ‘
673 5457 681 5461 ‘
867 5447 900 5461 ν¹
915 5460 922 5461 ί
940 5452 975 5461 ηι
1023 5460 1029 5461 γ
1042 5456 1144 5461 -—---
1186 5446 1325 5461 ΑΙ---ιοι
1346 5451 1358 5461 ι
1402 5445 1441 5461 ,ιι
1483 5449 1559 5461 ιι...
1643 5448 1679 5461 ρ.
1732 5443 1893 5461 ’,οποίιθη
1931 5442 2051 5461 .‘:','_

1381 5428 1442 5514 iet
1480 5428 1595 5506 Quid
1634 5433 1700 5514 fit
1723 5443 1895 5514 rerum
1921 5428 2052 5514 jej'u-

1004 5489 1201 5576 causam
1243 5489 1462 5576 Ninijvitm
1478 5489 1607 5576 "ipsa
1631 5493 1769 5542 bruta
1789 5489 2053 5576 animantia

481 5552 1142 5635 iéiﬁizr‘e"é'ziliiie}iiiz}"ét_
1167 5561 1293 5635 quod
1333 5552 1584 5635 detrahere
1607 5567 1763 5635 quam.
1792 5552 2053 5635 [tumtutum

485 5614 656 5697 $er};
671 5614 926 5684 Eoné'dir'é
942 5614 1190 5692 Missa;
1208 5631 1251 5674 ct
1281 5627 1514 5686 pastremo
1535 5618 1596 5668 de
1619 5614 1934 5680 Ingaunis...
1961 5627 2054 5662 cte-

488 5703 592 5745 tera
614 5703 665 5746 ut
690 5709 850 5759 St'pra.

2079 1342 2588 1402 nostrazpropterea
2639 1347 2796 1389 omne
2841 1331 3130 1402 periculum
3180 1331 3371 1395 subiit,
3428 1339 3483 1385 et
3533 1328 3670 1384 nihil

2093 1424 2234 1477 illum
2279 1424 2364 1478 hic
2402 1424 2633 1479 retinere
2674 1423 2862 1492 potuit.
2911 1421 3139 1491 Ideoque
3186 1421 3351 1476 bonas
3393 1418 3506 1473 fore
3553 1420 3671 1486 spei

2090 1516 2510 1586 opportunitates
2550 1530 2870 1585 spcro:non
2918 1513 3058 1569 enim
3093 1523 3290 1567 tantam
3333 1510 3673 1566 sedulitatem

2094 1617 2146 1662 et
2171 1623 2350 1663 curam
2381 1610 2522 1664 Deus
2542 1609 2818 1677 despiciet,
2845 1622 3015 1676 neque
3044 1621 3258 1659 servum
3283 1619 3436 1657 Suum
3465 1603 3674 1656 infectis

2095 1703 2254 1756 rebus
2294 1701 2471 1756 redire
2521 1701 2808 1770 permittet.
2857 1698 2989 1752 Novi
3044 1696 3185 1765 quod
3242 1705 3440 1749 tantum
3491 1707 3675 1747 coram

2099 1791 2330 1859 positus,
2363 1799 2416 1844 et
2443 1791 2747 1860 religiosum
2779 1791 3153 1858 Imperatorem
3185 1785 3553 1854 conspicatus,
3609 1799 3680 1836 ex

2098 1889 2314 1951 aspectu
2345 1882 2459 1936 solo
2500 1883 2676 1936 statim
2712 1882 2842 1935 iram
2881 1879 3237 1948 comprimere
3284 1877 3497 1948 poterit.
3538 1875 3680 1930 San-

2101 1984 2301 2028 ctorum
2332 1975 2473 2029 enim
2506 1989 2610 2028 non
2641 1981 2845 2027 tantum
2893 1972 3089 2038 verba,
3136 1970 3227 2024 sed
3271 1978 3321 2024 et
3369 1969 3465 2038 ipsi
3505 1968 3684 2022 vultus

2102 2067 2361 2135 spirituali
2387 2066 2549 2135 gratia
2570 2067 2708 2136 pleni
2736 2073 2877 2120 sunt.
2902 2064 2995 2118 llic
3017 2079 3143 2117 vero
3164 2073 3213 2116 et
3237 2062 3396 2115 multa
3419 2059 3678 2129 sapientia

2106 2160 2294 2227 plenus
2321 2168 2435 2225 est,
2467 2167 2522 2211 et
2560 2173 2678 2212 cum
2719 2157 3012 2209 divinarum
3043 2155 3213 2223 legum
3245 2154 3313 2206 sit
3342 2153 3544 2222 peritus
3566 2191 3580 2214 ,
3613 2149 3681 2201 ad

2107 2253 2276 2321 ipsum
2303 2251 2464 2316 dicet,
2490 2251 2630 2320 quod
2656 2259 2709 2304 et
2733 2250 2904 2304 Moses
2929 2247 2992 2301 ad
3024 2248 3186 2301 Deum
3212 2263 3224 2298 :
3247 2245 3308 2300 Si
3335 2244 3543 2297 dimittis
3569 2242 3684 2311 qui-

2107 2345 2219 2398 dem
2245 2344 2367 2412 ipsis
2395 2351 2650 2412 peccatum
2669 2383 2684 2407 ,
2717 2340 2944 2402 dimitte;
2980 2338 3024 2390 si
3063 2354 3163 2390 non
3191 2346 3385 2399 autent,
3413 2343 3459 2387 et
3488 2349 3566 2385 me
3589 2345 3685 2384 nc-

2108 2435 2224 2489 cidc
2251 2449 2368 2488 cum
2399 2434 2526 2503 ipsis
2557 2431 2744 2503 (Exod.
2772 2430 2858 2487 '52.
2884 2429 2974 2486 51.
2998 2427 3108 2497 52).
3132 2426 3276 2481 Talia
3303 2427 3442 2479 enim
3473 2432 3688 2476 saneto-

2111 2539 2227 2578 rum
2257 2523 2489 2588 viscera;
2516 2537 2634 2577 cum
2665 2521 2786 2577 ﬁliis
2806 2527 3034 2576 mortem
3056 2532 3211 2589 quam
3234 2517 3348 2570 sine
3374 2514 3502 2584 ipsis
3526 2513 3688 2566 vitam

2111 2615 2400 2669 dulciorem
2447 2628 2566 2668 esse
2612 2621 2814 2682 putant.
2864 2611 3091 2679 Adjieiet
3118 2624 3149 2664 a
3177 2616 3418 2676 tempore
3459 2604 3691 2674 patroci-

2115 2707 2280 2772 nium,
2306 2715 2360 2760 et
2383 2719 2591 2759 sacrum
2620 2703 2813 2774 pascha
2845 2708 3119 2771 proponet,
3149 2695 3694 2762 commemorabitque

2117 2809 2325 2870 tempus
2344 2840 2358 2864 ,
2389 2813 2495 2868 quo
2522 2797 2637 2852 orbi
2671 2805 2932 2851 terrarum
2967 2793 3060 2847 toti
3091 2791 3332 2846 Christus
3359 2795 3572 2860 peccata
3602 2799 3694 2840 re-

2116 2892 2293 2956 misit;
2337 2891 2616 2945 Duminum
2663 2887 2858 2942 imitari
2903 2882 3288 2946 exhortabitur,
3335 2889 3388 2934 et
3429 2877 3696 2947 parabolae

2117 2987 2258 3040 illius
2282 2984 2466 3040 decem
2506 2981 2727 3036 millium
2769 2979 3083 3032 talentorum
3115 2984 3169 3028 et
3195 2981 3404 3028 centum
3441 2968 3693 3024 denario-

2118 3090 2236 3129 rum
2266 3075 2438 3144 ipsum
2465 3069 2842 3126 eommonebit.
2869 3066 2998 3121 Novi
3032 3064 3198 3134 patris
3229 3061 3393 3116 nostri
3427 3058 3694 3122 ﬁduciam,

2119 3183 2226 3222 non
2256 3165 2516 3221 dubitabit
2557 3163 2728 3233 ipsum
2771 3175 2866 3230 per
2895 3159 3028 3212 hanc
3072 3155 3466 3210 similitudinem
3495 3161 3700 3205 terrere

2121 3269 2175 3315 et
2202 3259 2380 3313 dicere
2406 3277 2418 3312 :
2442 3255 2574 3310 Vide
2599 3269 2667 3309 ne
2703 3252 2836 3307 forte
2874 3258 2928 3305 et
2969 3259 3020 3303 tu
3067 3248 3156 3302 illo
3185 3247 3270 3300 die
3300 3245 3519 3298 audias:
3545 3241 3701 3297 Serve

2122 3366 2364 3418 nequam,
2397 3363 2543 3402 omne
2567 3345 2784 3399 debitum
2827 3341 2957 3396 illud
2996 3338 3164 3392 dimisi
3193 3337 3314 3401 tibi,
3354 3334 3590 3401 quoniam
3613 3348 3699 3384 ro—

2123 3445 2254 3516 gasti
2277 3459 2384 3505 me;
2406 3437 2664 3510 oportebat
2687 3447 2735 3490 et
2757 3446 2803 3489 te
2828 3434 3078 3488 dimittere
3097 3429 3347 3484 conservis
3369 3427 3466 3479 tuis
3485 3422 3698 3492 (Matth.

2127 3535 2213 3589 18.
2246 3534 2333 3587 52.
2366 3532 2478 3603 55).
2509 3529 2625 3584 Tibi
2655 3529 2751 3598 ipsi
2776 3525 2941 3593 magis
2965 3537 3122 3592 quam
3153 3520 3223 3573 illi
3251 3517 3463 3586 prodes,
3496 3516 3546 3569 in
3577 3528 3704 3584 pau-

2127 3643 2310 3684 eorum
2337 3624 2646 3680 dimissione
2680 3627 3017 3689 peccatorum
3044 3654 3058 3679 ,
3090 3613 3348 3681 majorum
3381 3608 3703 3663 oblivionem

2129 3719 2410 3788 recipiens.
2444 3713 2617 3769 Addet
2642 3709 2905 3780 pnedictis
2934 3716 2987 3761 et
3013 3704 3306 3760 orationem
3336 3701 3476 3754 illam
3497 3738 3512 3763 ,
3548 3711 3704 3767 quam

2129 3812 2216 3880 qui
2248 3808 2413 3864 sacris
2439 3807 2608 3875 ipsum
2637 3802 2910 3856 initiavere
2937 3794 3236 3866 mysteriis,
3264 3799 3501 3845 orantem
3531 3787 3711 3841 dicere

2131 3903 2460 3958 docuerunt:
2485 3897 2693 3952 Dimitte
2734 3893 2876 3946 nobis
2916 3890 3080 3944 debita
3119 3894 3323 3949 nostra,
3374 3883 3500 3936 sicut
3543 3889 3588 3934 et
3620 3895 3711 3932 nos

2133 3996 2429 4051 dimittimus
2456 3988 2760 4045 debitoribus
2785 3983 2968 4039 nostris
3003 3979 3211 4048 (Matth.
3250 3976 3302 4031 6.
3344 3974 3454 4040 12).
3488 3971 3566 4026 Ad
3596 3971 3712 4025 hmc

2134 4088 2365 4148 docebit.
2391 4100 2496 4138 non
2522 4091 2803 4137 commune
2826 4073 3053 4130 civitatis
3077 4070 3240 4124 fuisse
3269 4073 3541 4138 peccatum
3562 4104 3576 4126 ,
3615 4060 3712 4115 sed

2135 4182 2409 4238 hominum
2463 4172 2814 4247 quorumdam
2863 4177 3203 4222 externorum
3251 4168 3306 4214 et
3355 4157 3710 4216 advenarum,

2136 4275 2268 4332 nihil
2307 4286 2426 4328 cum
2466 4269 2671 4327 ratione
2711 4261 3050 4325 facientium,
3096 4255 3190 4310 sed
3234 4267 3355 4307 cum
3402 4247 3618 4303 audacia
3661 4253 3716 4298 et

2140 4368 2283 4425 omni
2323 4364 2526 4421 scelere
2551 4379 2562 4413 :
2589 4374 2688 4414 nec
2728 4357 2929 4426 justum
2960 4364 3079 4406 esse
3105 4361 3203 4416 pro
3231 4355 3517 4414 paucorum
3548 4347 3717 4392 teme-

2139 4464 2295 4518 ritate
2321 4466 2517 4514 tantam
2547 4451 2702 4520 diripi
2730 4447 3020 4508 civitatem,
3051 4448 3106 4496 et
3128 4452 3241 4503 eos,
3263 4435 3353 4506 qui
3375 4432 3502 4487 nihil
3526 4429 3719 4499 injuste

2143 4555 2402 4614 fecerunt,
2418 4561 2603 4618 poenas
2618 4545 2786 4597 luere.
2810 4535 3056 4605 Alioquin
3072 4531 3169 4586 etsi
3185 4541 3371 4582 omnes
3387 4531 3717 4594 peccassent,

2143 4645 2328 4714 dignas
2356 4640 2625 4696 dedissent
2657 4645 2868 4703 poenas,
2917 4635 2993 4681 tot
3032 4623 3217 4678 diebus
3244 4621 3432 4673 timore
3467 4627 3720 4669 consum-

2141 4701 2253 4806 pti,
2295 4743 2349 4787 et
2392 4745 2485 4800 per
2526 4701 2760 4794 singulos
2800 4719 2932 4773 mori
2962 4716 3076 4770 dies
3120 4714 3516 4779 exspectantes,
3547 4701 3721 4772 pulsi,

2146 4826 2483 4884 exsulantes,
2511 4812 2617 4874 reis
2646 4812 2999 4869 miserabilius
3026 4807 3263 4861 viventes
3287 4844 3301 4869 ,
3333 4797 3640 4866 sanguinem
3669 4794 3722 4848 in

2148 4921 2391 4977 manibus
2415 4921 2680 4986 gestantes
2703 4950 2718 4975 ,
2767 4916 2820 4962 et
2863 4906 2930 4959 de
2972 4903 3078 4956 vita
3121 4912 3214 4952 sua
3243 4910 3345 4949 non
3376 4889 3721 4946 conﬁdentes.

2150 5016 2273 5068 "mc
2312 4978 2605 5075 tihivptena
2649 4998 3007 5055 sufﬁeiatme
3054 4989 3271 5044 ulterius
3313 4985 3384 5038 ira
3429 4978 3720 5052 procedas:

2151 5107 2329 5161 mitem
2378 5100 2467 5154 tibi
2513 5108 2800 5166 supernum
2843 5087 3083 5145 Iudicem
3129 5097 3222 5151 per
3263 5075 3641 5131 humanitatem
3675 5069 3723 5121 in

2152 5207 2442 5252 conservos
2469 5188 2631 5244 redde
2657 5204 2670 5240 :
2695 5183 2864 5254 cogita
2890 5178 3036 5234 urbis
3059 5168 3495 5244 magnitudinem,
3513 5160 3724 5231 etquod

2154 5305 2258 5343 non
2287 5287 2354 5341 de
2379 5299 2478 5339 una
2502 5324 2516 5348 ,
2563 5279 2647 5334 vel
2677 5277 2744 5331 de
2770 5253 2973 5329 duabus
2994 5310 3008 5332 ,
3052 5266 3138 5320 vel
3180 5263 3347 5317 tribus
3370 5300 3384 5322 ,
3428 5256 3512 5309 vel
3541 5253 3724 5307 decem

2156 5379 2429 5436 animabus
2459 5388 2600 5430 nunc
2629 5368 2781 5423 nobis
2807 5373 2890 5420 est
2917 5355 3272 5416 consideratio
3293 5395 3308 5419 ,
3351 5349 3441 5404 sed
3471 5346 3538 5403 de
3565 5343 3724 5398 milli-

2157 5477 2255 5530 bus
2281 5482 2333 5529 et
2359 5469 2596 5531 inlinitis,
2620 5463 2687 5518 de
2712 5461 2871 5514 totius
2895 5454 3040 5508 orbis
3059 5448 3250 5518 capite.
3274 5444 3399 5499 Haec
3420 5448 3502 5531 est
3520 5437 3724 5501 civitas,

2159 5569 2210 5622 in
2235 5582 2334 5636 qua
2363 5525 2593 5633 primum
2611 5550 2857 5625 appellati
2879 5541 3193 5602 Christiani:
3213 5538 3413 5591 honora
3435 5525 3724 5586 Christum,

2160 5617 2403 5715 revjererc
2432 5666 2546 5707 eam
2569 5689 2584 5712 ,
2614 5660 2729 5716 qua:
2772 5643 2936 5712 prima
2969 5649 3159 5691 nomen
3191 5629 3291 5683 hoc
3319 5622 3560 5680 omnibus
3587 5617 3723 5671 desi—
