3892 6236
230 289 300 345 ιο
1136 275 1227 331 AD
1263 274 1592 335 POPULUM.
1619 271 2102 332 ANTIOCIIENUM
2164 280 2388 341 IIOMIL.
2433 283 2518 345 111.
3413 240 3497 356 50.

225 394 465 451 derabiie
505 400 561 449 et
602 391 757 448 dulce
798 388 1104 459 praedicavit
1133 405 1148 442 :
1174 389 1536 459 apostolorum
1579 387 1666 443 illa
1709 385 1806 441 fuit

236 482 665 547 tabemaculum,
696 480 1051 537 habitaculum
1071 477 1355 547 justorum.
1385 477 1537 533 Nunc
1568 475 1668 531 hoc
1694 476 1803 546 pri-

231 593 378 634 mum
413 585 466 632 et
497 576 665 630 solum
706 572 759 628 in
801 571 1068 641 principes
1096 569 1299 629 facinus
1325 577 1585 639 patratum
1614 578 1723 635 est,
1752 576 1807 622 et

230 669 463 725 civitatis
484 682 663 723 mores
690 679 851 720 omne
882 663 1209 734 praeteritum
1238 670 1449 732 tempus
1474 669 1717 716 testatur.
1749 659 1806 715 Si

229 759 374 817 enim
397 757 648 813 continue
675 755 963 810 seditiones
982 761 1239 819 moveret,
1260 752 1651 821 improbitatem
1674 766 1774 807 con
1788 784 1805 794 ο

229 849 486 904 demuare
511 853 814 916 Oporteret;
852 844 897 899 si
925 858 1054 899 vero
1078 842 1241 898 semel
1268 841 1373 899 hoc
1395 842 1538 898 omni
1570 851 1807 912 tempore

229 943 457 1010 accidit,
499 949 708 997 certum
745 948 829 997 est
865 938 1006 1009 quod
1051 952 1158 997 non
1204 936 1437 993 civitatis
1478 951 1685 992 morum
1727 945 1810 992 est

231 1041 506 1104 peccatum
527 1073 545 1098 ,
590 1030 687 1089 sed
728 1045 916 1089 eorum
951 1029 1042 1098 qui
1071 1027 1409 1098 impudenter
1430 1036 1488 1084 et
1517 1035 1719 1085 temere
1756 1026 1808 1081 in

231 1125 503 1180 civitatem
530 1123 854 1193 irruperunt,
883 1121 987 1176 ista
1016 1120 1218 1176 insania
1243 1118 1361 1173 fuit.

300 1216 360 1272 2.
406 1215 531 1271 llmc
572 1213 824 1270 sacerdos
863 1220 919 1270 et
964 1212 1121 1283 plura
1161 1211 1246 1268 his
1287 1225 1411 1266 cum
1451 1209 1638 1280 majori
1673 1209 1811 1266 dicet

234 1304 427 1365 ﬁducia
460 1321 474 1358 :
508 1303 624 1360 tunc
664 1304 961 1374 Imperator
987 1302 1165 1359 audiet
1192 1319 1206 1356 :
1236 1310 1291 1358 et
1318 1302 1410 1358 ille
1449 1301 1732 1365 humanus,
1760 1309 1813 1356 ct

232 1396 324 1452 hic
363 1397 570 1463 ﬁdelis,
614 1396 754 1453 unde
794 1396 1062 1466 utrimque
1106 1395 1300 1452 bonam
1346 1394 1604 1451 habemus
1640 1409 1811 1464 spem.

235 1487 362 1544 Plus
401 1495 598 1554 autem,
642 1501 800 1557 quam
830 1486 1066 1557 magistri
1109 1486 1231 1545 ﬁdei
1272 1493 1431 1556 atque
1476 1485 1815 1556 Imperatoris

237 1579 573 1646 humanitati,
604 1578 695 1637 Dei
721 1576 1098 1639 misericordia:
1125 1576 1334 1635 ﬁdimus
1363 1594 1379 1630 :
1406 1592 1528 1632 nam
1554 1586 1609 1631 et
1632 1585 1816 1646 rogato

238 1671 568 1741 Imperatori,
595 1679 649 1726 et
685 1670 890 1741 roganti
920 1669 1177 1726 sacerdoti
1211 1669 1323 1738 ipse
1350 1668 1555 1737 medius
1581 1668 1812 1734 assistet,

237 1761 573 1829 Imperatoris
596 1775 691 1816 cor
724 1760 1022 1823 emolliens,
1064 1758 1355 1813 sacerdotis
1397 1758 1628 1827 linguam
1673 1757 1818 1812 exci-

237 1859 379 1918 tans,
415 1849 570 1920 hujus
608 1849 767 1911 verba
809 1849 1130 1914 secundans,
1172 1848 1311 1909 illius
1350 1858 1581 1903 mentem
1608 1863 1814 1917 prmpa-

236 1954 382 2003 rans,
424 1947 483 1994 ut
523 1937 855 2008 indulgenter
893 1937 1033 1992 dicta
1082 1936 1335 2005 suscipiat
1375 1945 1428 1993 et
1474 1935 1813 2006 petitionibus

234 2037 454 2083 annuat.
504 2029 710 2085 Etenim
758 2028 1027 2085 civitatum
1090 2029 1562 2082 omniutnrnostra
1607 2027 1817 2082 Christo

231 2117 579 2181 charissima,
603 2129 716 2174 tum
732 2127 946 2190 propter
991 2120 1403 2189 progenitorum,
1447 2128 1555 2174 tttm
1605 2132 1818 2190 propter

234 2218 466 2264 vestram
512 2210 764 2265 virtutem
795 2226 810 2263 :
839 2218 895 2267 et
939 2210 1075 2264 sicut
1130 2209 1317 2264 Petrus
1368 2208 1504 2263 inter
1546 2210 1818 2280 apostolos

235 2299 440 2367 primus
465 2298 731 2355 Christum
759 2300 1068 2372 przedicavit
1090 2341 1105 2367 ,
1138 2301 1216 2355 sic
1246 2300 1382 2354 inter
1400 2300 1658 2365 civitates,
1682 2301 1818 2354 sicut

232 2390 342 2459 jam
373 2391 503 2456 dixi,
538 2391 655 2446 hzec
677 2392 844 2461 prima
876 2402 1139 2462 tamquam
1169 2406 1419 2446 coronam
1454 2392 1815 2446 admirabilem

232 2480 657 2537 Christianorum
710 2482 827 2535 tulit
868 2482 1292 2550 appellationem.
1327 2480 1384 2535 Si
1426 2495 1552 2535 vero
1597 2481 1683 2534 ubi
1723 2481 1817 2536 de-

231 2590 349 2631 cem
412 2584 614 2630 tantum
669 2574 794 2644 justi
839 2586 1053 2642 essent,
1107 2589 1293 2629 omnes
1337 2573 1634 2629 habitantes
1679 2573 1817 2629 Dens

232 2667 413 2725 salvos
441 2681 501 2720 se
531 2666 788 2722 facturum
820 2666 1057 2735 promisit
1108 2665 1257 2737 (Gen.
1305 2665 1390 2722 18.
1432 2665 1522 2734 52)
1553 2683 1566 2719 :
1597 2665 1682 2720 ubi
1710 2681 1814 2721 non

232 2756 422 2812 decem
452 2765 508 2812 et
532 2756 734 2826 viginti,
763 2771 934 2823 neque
962 2756 1042 2811 bis
1073 2756 1289 2811 totidem
1314 2758 1507 2825 solum,
1534 2755 1628 2813 sed
1651 2758 1816 2811 multo

232 2850 418 2920 plures
439 2858 563 2904 sunt
593 2849 757 2904 Deum
787 2864 908 2907 cum
938 2849 1081 2904 omni
1106 2849 1371 2919 diligentia
1396 2850 1652 2916 colentes,
1680 2865 1813 2920 quo-

232 2939 394 2995 modo
440 2957 545 2994 non
599 2950 807 3010 oportet
852 2941 988 2996 bona
1041 2956 1287 3012 sperare,
1337 2951 1394 2997 et
1436 2942 1503 2997 de
1548 2943 1813 2998 communi

231 3040 417 3093 nostra
461 3032 698 3091 omnium
743 3033 911 3088 salute
937 3034 1247 3090 conlidere?
1281 3034 1471 3090 Audivi
1511 3037 1705 3091 multos
1730 3036 1815 3090 di-

233 3131 444 3188 centes,
471 3120 629 3176 Minw
650 3125 780 3194 regis
806 3124 961 3178 leonis
988 3125 1079 3181 ira:
1096 3126 1281 3180 similes
1305 3125 1486 3196 (Prov.
1511 3126 1597 3182 I9.
1630 3127 1739 3196 12),
1764 3135 1817 3181 et

230 3212 414 3269 animo
445 3212 787 3269 concidentes
811 3222 863 3268 et
890 3213 1255 3271 lamentantes.
1282 3214 1416 3282 Quid
1447 3216 1605 3286 igitur
1628 3216 1818 3272 adver-

230 3318 320 3359 sus
371 3304 498 3360 illos
549 3306 830 3361 dicemus?
875 3306 975 3374 Qui
1022 3307 1196 3362 dixit:
1228 3306 1362 3379 Lupi
1406 3319 1452 3363 et
1496 3309 1615 3382 agni
1667 3310 1816 3365 simul

231 3406 521 3461 pascentur,
547 3406 595 3452 et
617 3398 806 3468 pardus
828 3413 943 3451 cum
965 3398 1109 3453 Itme
1129 3398 1435 3466 quiescet,“
1455 3398 1532 3455 [eo
1556 3409 1810 3467 tamquam

229 3489 318 3543 bos
342 3488 525 3558 paleas
548 3491 769 3544 comedet
812 3488 964 3559 (Isai.
996 3490 1082 3543 ll.
1127 3488 1180 3545 6.
1223 3489 1277 3560 7)
1308 3509 1321 3544 :
1349 3489 1567 3545 ethunc
1605 3491 1812 3547 leonem

228 3576 462 3632 reddere
488 3591 641 3632 ovem
667 3578 863 3649 poterit
890 3587 1240 3634 mansuetam.
1266 3579 1632 3649 Supplicemus
1657 3583 1817 3652 igitur

230 3667 352 3739 ipsi,
382 3677 445 3725 et
470 3668 538 3724 ad
567 3669 741 3738 ipsum
769 3670 1058 3740 legationes
1087 3673 1372 3736 mittamus,
1394 3683 1451 3728 et
1476 3673 1815 3743 Imperatoris

230 3759 466 3814 animum
493 3761 704 3829 penitus
721 3761 992 3830 corripiet,
1026 3770 1078 3816 et
1095 3762 1162 3816 ab
1189 3766 1333 3819 omni
1356 3781 1453 3821 nos
1476 3765 1686 3820 instanti
1715 3782 1815 3819 an-

230 3849 399 3918 gustia
418 3848 686 3904 liberabit.
715 3850 872 3906 Pater
895 3852 1001 3907 illic
1031 3853 1346 3922 legationem
1387 3856 1518 3922 obit,
1564 3873 1660 3913 nos
1690 3857 1815 3913 hinc

229 3938 294 3991 ad
324 3939 579 3995 cmlorum
615 3956 791 4010 regem
826 3941 1095 3996 mittamus
1126 3942 1462 4014 legationem,
1491 3948 1660 4016 ipsum
1689 3965 1811 4019 pre-

229 4027 379 4083 cibus
399 4027 735 4098 adiuvemus.
773 4030 990 4086 Multum
1018 4031 1270 4087 Ecclesim
1293 4038 1595 4092 communio
1617 4048 1810 4109 potest,

230 4115 277 4170 si
304 4117 484 4171 anima
511 4117 744 4183 dolente,
770 4119 816 4172 si
836 4120 996 4174 corde
1021 4122 1251 4176 contrito
1279 4139 1462 4193 preces
1487 4128 1810 4184 emittamus.

228 4206 344 4263 Non
375 4224 516 4280 opus
559 4218 642 4264 est
680 4226 828 4265 mare
855 4213 1101 4276 transire,
1153 4230 1259 4269 non
1301 4231 1434 4287 opus
1474 4227 1557 4272 est
1601 4219 1809 4291 longam

227 4300 409 4355 subire
459 4302 936 4370 peregrinationem
967 4322 982 4358 :
1009 4305 1199 4376 singuli
1258 4323 1320 4363 ac
1371 4309 1591 4380 singula:
1641 4322 1695 4368 et
1745 4314 1811 4370 ad

223 4390 519 4449 ecclesiam
594 4406 969 4461 occurrentes,
1024 4406 1078 4451 et
1128 4398 1270 4454 domi
1328 4412 1601 4459 manentes
1644 4408 1812 4462 multo

231 4481 395 4538 Deum
425 4483 609 4539 studio
649 4485 973 4553 invocemus,
1006 4498 1060 4544 et
1083 4491 1300 4546 omnino
1341 4496 1812 4565 supplicationibus

226 4586 446 4632 annuet.

294 4666 441 4724 Deus
479 4669 793 4725 uehementer
818 4678 955 4742 cupit
982 4683 1034 4727 nt
1074 4674 1297 4731 homines
1323 4680 1390 4733 ad
1425 4679 1589 4752 ipsum
1633 4686 1811 4755 confu-

224 4760 384 4829 giant.
411 4791 487 4813 -—-
516 4760 669 4818 Unde
716 4763 819 4818 hoc
858 4765 1238 4824 manifestum?
1274 4771 1424 4838 Quod
1468 4774 1812 4832 vehementer

226 4850 403 4920 cupiat
431 4865 537 4906 nos
564 4851 630 4907 ad
676 4852 848 4923 ipsum
892 4870 1107 4925 semper
1146 4860 1453 4931 confugere,
1483 4862 1534 4917 in
1564 4867 1810 4922 omnibus

226 4938 397 5006 ipsum
426 4940 729 5010 deprecari,
760 4952 816 4998 et
844 4945 973 5000 nihil
1003 4948 1202 5019 absque
1246 4950 1359 5020 ipso
1386 4953 1467 5006 vel
1513 4954 1685 5011 facere
1728 4957 1808 5011 vel

223 5027 423 5085 dicere.
456 5031 716 5087 Homines
735 5034 898 5101 enim,
923 5037 1134 5106 quando
1165 5040 1291 5108 ipsis
1310 5042 1519 5098 assidue
1542 5047 1806 5115 negotium

224 5118 543 5177 facessimus
572 5138 670 5192 pro
699 5125 858 5179 rebus
884 5129 1097 5194 nostris,
1131 5138 1340 5201 torpent
1369 5142 1426 5188 et
1454 5137 1807 5206 tergiversan—

223 5220 328 5279 tur,
367 5220 430 5268 et
456 5227 603 5283 aegre
630 5210 843 5280 ferunt;
872 5215 1011 5272 Deus
1045 5227 1222 5274 autem
1267 5238 1483 5290 prorsus
1508 5228 1558 5280 in
1591 5239 1808 5284 contra-

222 5302 357 5356 rium
386 5319 402 5368 ;
435 5319 548 5357 non
587 5319 708 5359 cum
755 5306 852 5376 ipsi
879 5308 1128 5365 continue
1155 5314 1484 5370 occurrimus
1526 5333 1620 5386 pro
1650 5320 1809 5377 rebus

223 5394 442 5461 nostris,
475 5393 574 5450 sed
603 5411 722 5453 cum
767 5412 870 5454 non
903 5400 1004 5456 hoc
1032 5401 1275 5469 facimus,
1305 5414 1428 5460 tunc
1464 5409 1694 5467 maxime
1723 5412 1807 5467 in-

219 5481 493 5553 dignatur.
545 5487 681 5542 Audi
721 5488 879 5559 igitur
902 5493 1025 5561 quid
1069 5492 1268 5551 Iudaeis
1294 5496 1529 5566 ohjiciat,
1573 5501 1805 5558 dicens:

223 5570 438 5628 Fecistis
462 5577 753 5643 consilium,
776 5590 824 5634 et
858 5599 956 5636 non
988 5600 1077 5653 per
1099 5602 1213 5650 me;
1238 5597 1285 5641 et
1319 5599 1485 5656 pacta,
1517 5598 1565 5644 et
1590 5607 1691 5645 non
1720 5610 1810 5662 per

224 5664 453 5733 spiritum
497 5683 666 5723 meum
721 5669 854 5741 (lsa.
912 5673 999 5730 50.
1033 5675 1108 5746 I).
1141 5674 1283 5732 Talis
1331 5677 1470 5734 enim
1516 5682 1803 5738 amantium

1908 398 2238 454 consuetudo
2269 418 2283 454 :
2310 404 2486 460 omnia
2512 405 2875 464 adamatorum
2912 412 3121 481 negotia
3150 427 3243 481 per
3268 430 3327 471 se
3366 418 3477 475 ﬁeri

1911 483 2109 553 voiuut,
2136 500 2189 545 ct
2222 489 2339 547 sine
2361 507 2421 549 se
2443 495 2560 551 illos
2583 512 2753 568 neque
2778 498 2955 556 facere
2977 503 3284 575 quidquam,
3313 523 3483 577 neque

1909 576 2105 635 dicere.
2129 580 2415 652 Propterea
2438 596 2491 642 et
2517 587 2655 645 Deus
2680 607 2785 647 non
2813 591 2899 649 hic
2920 604 3143 664 tantum,
3161 599 3253 653 sed
3279 608 3333 654 et
3359 576 3482 656 alibi

1910 666 2048 724 idem
2074 686 2261 729 rursus
2287 677 2619 746 exprobrans
2643 680 2852 738 dicebat
2878 701 2892 738 :
2920 683 3291 757 Regnaverant,
3315 699 3360 743 et
3384 707 3484 745 non

2023 771 2140 851 me:
2155 759 2554 851 imperaverunt,
2572 772 2622 817 et
2644 780 2747 819 non
2765 769 3191 837 signiﬁcaverunt
3207 778 3334 832 milii
3350 776 3450 851 (Os
3465 817 3483 835 .

1916 843 1969 898 8.
1985 844 2061 915 ι).
2082 843 2157 900 Ne
2174 846 2659 920 igiturtorpeamus
2675 859 2929 916 continue
2939 863 3005 916 ad
3023 862 3200 933 ipsum
3218 869 3347 922 conf
3348 843 3482 940 nge-

1916 949 1994 997 re,
2012 940 2219 1003 etquod
2239 955 2402 1007 grave
2414 940 2823 1007 fuerit,omnino
2836 955 3130 1009 remedium
3146 961 3475 1016 conveniens

1912 1034 2155 1100 accipiet.
2206 1033 2417 1092 Terruit
2460 1035 2667 1094 homo?
2690 1053 2847 1099 curre
2886 1041 2954 1099 ad
2977 1058 3263 1115 supernum
3306 1047 3486 1105 Domi-

1912 1136 2061 1189 num,
2099 1131 2155 1179 et
2199 1124 2274 1180 nil
2314 1141 2477 1197 grave
2525 1129 2744 1198 patieris
2773 1148 2789 1187 :
2817 1133 2895 1188 sic
2933 1136 3131 1206 antiqui
3160 1139 3488 1195 calamitates

1912 1212 2241 1280 avertebant,
2285 1231 2393 1271 non
2438 1225 2641 1275 tantum
2686 1222 2804 1285 viri,
2852 1223 2945 1278 sed
2972 1236 3027 1279 et
3054 1227 3324 1284 mulieres.
3369 1229 3490 1285 Fuit

1912 1303 2155 1372 quadam
2186 1310 2376 1365 mulier
2395 1311 2639 1380 llcbrtea,
2669 1315 2858 1370 Esther
2878 1318 3130 1374 nomine:
3159 1321 3273 1377 hinc
3298 1324 3479 1380 Esthei

1915 1396 2218 1453 universqu
2261 1400 2564 1459 Judmor‘um
2605 1407 2855 1474 populum
2908 1409 3268 1468 internecione
3306 1415 3485 1470 delen-

1913 1484 2040 1542 dum
2067 1488 2147 1544 sic
2172 1490 2381 1560 eripuit.
2427 1492 2710 1565 Postquam
2735 1499 3013 1554 Persarum
3040 1518 3134 1557 rex
3161 1519 3348 1559 onmes
3371 1521 3490 1576 pas-

1914 1581 2014 1636 sim
2040 1581 2254 1638 Judaaos
2278 1585 2507 1641 interimi
2531 1587 2708 1656 jttSsit,
2741 1605 2860 1645 cum
2884 1592 3061 1648 nullus
3083 1606 3225 1651 esset
3250 1598 3338 1667 qui
3364 1613 3491 1652 con-

1916 1679 1995 1727 tra
2013 1674 2147 1727 iram
2165 1674 2304 1730 illius
2318 1677 2577 1733 obsistere
2597 1691 2792 1748 posset,
2814 1681 3225 1751 splendidiorem
3244 1691 3489 1744 vestitum

1913 1773 2071 1820 exuta
2117 1766 2328 1833 mulier,
2357 1777 2409 1823 et
2437 1783 2593 1824 sacco
2617 1772 2837 1838 amicta,
2865 1785 2920 1829 et
2963 1775 3144 1834 cinere
3179 1779 3489 1847 substrata,

1915 1855 2110 1911 divina:
2153 1857 2449 1914 clementia:
2492 1862 2839 1931 supplicabat,
2889 1875 2946 1919 ut
2991 1882 3170 1922 secum
3199 1871 3263 1924 ad
3313 1888 3490 1943 regem

1915 1944 2300 2016 ingrederetur,
2335 1959 2387 2004 et
2416 1951 2531 2006 hate
2557 1954 3104 2025 pret-abaturzb'rata,
3150 1959 3379 2026 Domine,
3409 1969 3491 2035 fac

1916 2035 2062 2089 verba
2091 2053 2220 2102 mea,
2253 2049 2299 2093 et
2320 2041 2388 2094 da
2410 2058 2688 2098 sermonem
2716 2054 2951 2100 ornatum
2977 2049 3029 2102 in
3055 2066 3112 2104 os
3136 2066 3297 2105 meum
3319 2051 3490 2124 (Esth.

1918 2126 2004 2181 Id.
2030 2127 2140 2200 15).
2166 2130 2292 2186 Ilmc
2313 2142 2366 2187 et
2394 2148 2488 2197 pro
2513 2135 2764 2205 magistro
2789 2152 2887 2193 nos
2907 2154 3047 2195 nunc
3075 2141 3235 2197 Deum
3257 2159 3490 2202 oremus.

1915 2217 1971 2275 Si
2014 2221 2158 2276 enim
2205 2223 2399 2278 mulier
2446 2240 2545 2295 pro
2585 2226 2785 2284 Judmis
2828 2231 3133 2300 supplicans
3162 2233 3491 2291 barbaricum

1915 2311 2166 2368 cohibere
2209 2314 2442 2371 furorem
2469 2319 2638 2388 potuit
2669 2338 2684 2375 :
2714 2321 3074 2394 mune-magis
3101 2323 3288 2381 doctor
3313 2340 3492 2385 noster

1918 2416 2015 2470 pro
2043 2413 2185 2460 tanta
2215 2405 2445 2474 civitate,
2475 2419 2532 2465 et
2558 2426 2677 2466 cum
2706 2422 2848 2468 tanta
2874 2415 3108 2471 Ecclesia
3148 2419 3448 2489 supplicans
3474 2463 3489 2489 ,

1918 2495 2352 2568 benignissimum
2379 2512 2433 2556 et
2460 2503 2799 2560 mitissimum
2828 2506 2971 2562 hunc
2996 2508 3368 2578 Imperatorem
3395 2513 3488 2568 fle

1914 2599 2060 2644 ctere
2099 2592 2308 2661 poterit.
2345 2590 2401 2647 Si
2436 2594 2576 2647 enim
2621 2606 2835 2665 peccata
2866 2597 2916 2651 iu
2944 2598 3109 2653 Deum
3137 2601 3373 2657 solvendi
3402 2620 3488 2673 po.

1918 2689 2162 2737 testatcm
2209 2684 2433 2752 accepit,
2467 2685 2631 2740 multo
2657 2687 2828 2756 magis
2874 2689 2927 2743 in
2973 2688 3242 2746 hominem
3289 2704 3491 2763 patrata

1916 2776 2191 2832 destruere
2215 2786 2269 2833 et
2294 2777 2475 2833 delere
2521 2780 2732 2848 poterit.
2769 2780 3019 2853 Princeps
3041 2793 3124 2840 est
3148 2784 3232 2840 hic
3258 2802 3491 2857 quoque,

1915 2877 1970 2923 et
1994 2869 2204 2939 quidem
2250 2870 2340 2924 illo
2383 2871 2691 2928 honoratior
2718 2874 2780 2928 ιτ
2825 2876 3022 2931 etenim
3069 2877 3239 2946 ipsum
3289 2881 3490 2951 regium

1916 2969 2074 3032 caput
2116 2977 2284 3017 sacra:
2312 2962 2457 3033 leges
2504 2963 2734 3020 ferentes
2765 2966 2918 3033 hujus
2966 2969 3208 3024 manibus
3254 2973 3493 3041 subjecc-

1914 3063 2038 3107 runt
2069 3071 2083 3107 :
2110 3063 2162 3106 et
2206 3053 2417 3122 quando
2444 3054 2643 3125 aliquid
2675 3055 2798 3111 boni
2832 3058 3044 3113 cmlitus
3069 3061 3369 3130 requiritur,
3400 3080 3491 3119 rex

1913 3145 1979 3199 ad
2009 3146 2361 3211 sacerdotem,
2395 3162 2499 3201 non
2525 3148 2772 3204 sacerdos
2797 3149 2863 3204 ad
2891 3165 3068 3221 regem
3099 3152 3383 3223 confugere
3407 3170 3493 3208 so-

1916 3237 2040 3291 litus
2067 3248 2168 3292 est.
2194 3237 2362 3292 Habet
2392 3238 2476 3294 hic
2501 3255 2711 3310 quoque
2742 3241 2961 3310 jus-tilia:
2991 3243 3228 3307 loricam,
3258 3245 3413 3300 habet
3439 3256 3493 3301 ct

1914 3328 2181 3398 cingulum
2221 3328 2480 3396 veritatis,
2531 3330 2691 3386 habet
2716 3342 2769 3387 et
2795 3330 3148 3389 calceamenta
3198 3338 3363 3391 multo
3392 3337 3492 3391 ho—

1915 3419 2150 3474 nestiora
2173 3418 2240 3473 ab
2267 3420 2540 3490 evangelio
2581 3421 2726 3491 pacis
2755 3440 2770 3477 :
2803 3422 2961 3479 habet
3002 3434 3056 3479 et
3083 3424 3341 3494 gladium,
3385 3442 3490 3482 non

1914 3526 1981 3565 ex
1998 3510 2156 3576 ferro,
2182 3510 2273 3565 sed
2300 3512 2546 3580 spiritus:
2569 3512 2723 3568 habet
2747 3522 2800 3568 et
2815 3529 3066 3569 coronam
3094 3517 3250 3585 capiti
3275 3517 3490 3587 imposi-

1916 3610 2043 3656 tam.
2059 3601 2398 3670 Splendidior
2419 3604 2531 3658 haec
2550 3613 2843 3672 armatura,
2863 3606 3172 3676 pretiosiora
3195 3607 3308 3661 haec
3320 3623 3489 3675 arma,

1914 3693 2085 3761 major
2111 3691 2321 3760 ﬁducia,
2362 3694 2533 3764 major
2572 3695 2672 3748 vis.
2722 3696 2904 3767 Itaque
2932 3704 2986 3751 et
3028 3712 3126 3767 pro
3169 3697 3492 3768 principatus

1914 3785 2290 3856 magnitudine,
2322 3796 2376 3843 et
2399 3788 2611 3857 propria
2654 3789 3103 3858 magnanimitate,
3127 3799 3181 3844 et
3217 3800 3340 3844 ante
3370 3791 3492 3845 reli—

1912 3892 2014 3948 qua
2034 3878 2233 3943 omnia,
2263 3892 2361 3946 pro
2387 3878 2535 3932 ﬁrma
2564 3877 2616 3933 in
2639 3879 2802 3933 Deum
2827 3894 2943 3949 spe,
2970 3895 3089 3934 cum
3110 3880 3276 3935 multa
3303 3879 3491 3937 fiducia

1912 3979 1967 4025 et
1997 3970 2273 4038 prudentia
2301 3969 2677 4040 Imperatorem
2704 3970 3022 4040 alloquetur.

1983 4061 2037 4117 ὅ.
2065 4060 2143 4116 Ne
2173 4060 2330 4137 igitur
2352 4060 2421 4115 de
2448 4061 2619 4116 salute
2645 4070 2825 4115 nostra
2853 4060 3216 4129 desperemus,
3242 4060 3336 4116 sed
3365 4077 3493 4131 sup-

1914 4154 2187 4224 plicemus,
2216 4168 2515 4224 precemur,
2543 4165 2802 4223 petamus,
2831 4167 3067 4216 oremus,
3097 4152 3161 4207 ad
3204 4168 3489 4222 supernum

1912 4245 2108 4316 Regem
2154 4245 2333 4299 multis
2374 4259 2495 4300 cum
2539 4244 2790 4314 lacrymis
2830 4244 3145 4315 legationem
3176 4245 3486 4307 mittamus:

1913 4339 2170 4394 habemus
2207 4348 2261 4394 et
2282 4338 2540 4408 jejunium
2588 4337 2689 4392 hoc
2711 4351 3029 4407 cooperans,
3059 4336 3111 4391 in
3139 4337 3243 4392 hac
3269 4338 3486 4407 pulchra

1911 4431 2174 4503 legatione
2204 4432 2355 4487 nobis
2380 4430 2679 4486 adhmreus.
2702 4430 2850 4486 Sicut
2877 4432 3053 4500 itaque
3080 4432 3342 4499 prmterita
3386 4428 3489 4486 hie-

1910 4538 2016 4587 me,
2041 4530 2096 4576 et
2123 4531 2309 4577 testate
2333 4530 2639 4592 apparente,
2666 4529 2824 4575 nauta
2851 4522 3026 4575 navim
3056 4521 3109 4576 in
3150 4536 3294 4577 mare
3320 4521 3489 4576 dedu-

1911 4613 2003 4677 cit,
2035 4614 2188 4668 miles
2213 4628 2357 4666 arma
2385 4612 2645 4682 deterget,
2673 4626 2974 4683 equumque
3001 4611 3067 4666 ad
3094 4612 3284 4666 bellum
3317 4621 3484 4682 parat,

1910 4706 2141 4776 agricola
2182 4705 2325 4759 acuit
2367 4704 2576 4769 falcem,
2607 4706 2777 4760 viator
2805 4704 3012 4760 ﬁducia:
3041 4704 3230 4774 plenus
3276 4705 3488 4776 longum

1911 4797 2012 4850 iter
2047 4796 2370 4867 aggreditur,
2413 4804 2467 4851 et
2511 4796 2579 4851 ad
2619 4796 2907 4851 certamina
2939 4797 3078 4867 pugil
3123 4797 3488 4865 exspatiatur,

1909 4904 2073 4959 seque
2115 4888 2347 4944 denudat
2378 4907 2392 4943 :
2423 4889 2502 4945 sic
2542 4898 2598 4943 et
2639 4904 2738 4944 nos
2756 4889 2958 4959 jejunio
3008 4900 3274 4960 tamquam
3306 4901 3489 4947 aestate

1909 4981 2134 5051 quadam
2156 4980 2413 5050 spirituali
2428 4992 2734 5051 apparente,
2762 4991 2818 5036 et
2838 4996 2985 5036 arma
3005 4990 3271 5052 utinquam
3297 4983 3487 5039 milites

1909 5074 2290 5144 abstergamus,
2337 5073 2523 5129 falcem
2571 5088 2822 5128 acuamus
2850 5082 3118 5144 tamquam
3143 5076 3409 5145 agricolae,
3435 5086 3486 5131 et

1911 5174 2178 5236 tamquam
2234 5175 2409 5222 nauta:
2470 5175 2654 5222 contra
2724 5165 3074 5223 absurdarnm
3139 5169 3485 5239 cupiditatum

1911 5258 2102 5315 ﬁtctus
2129 5261 2476 5330 cogitationes
2516 5275 2867 5330 opponamns,
2909 5272 2965 5317 ct
3006 5278 3105 5318 ceu
3150 5265 3378 5317 v’atores
3418 5262 3486 5316 ad

1904 5350 2096 5408 cwlnm
2122 5353 2226 5408 iter
2249 5353 2599 5419 instituamus,
2629 5364 2682 5409 et
2707 5355 2855 5426 quasi
2883 5356 3085 5425 pugiles
3107 5355 3172 5409 ad
3199 5356 3484 5409 certamina

1911 5441 2202 5514 speiiemnr
2229 5463 2244 5509 ;
2275 5445 2445 5500 ﬁdelis
2469 5448 2610 5500 enim
2635 5454 2692 5502 et
2716 5447 2967 5516 agricola,
2990 5455 3044 5502 et
3068 5446 3411 5515 gubernator.
3432 5458 3482 5502 et

1909 5535 2083 5605 miles,
2114 5545 2168 5593 et
2190 5537 2408 5605 athleta,
2432 5547 2483 5594 et
2504 5539 2676 5595 viator
2699 5548 2799 5594 est.
2829 5538 3032 5595 idcirco
3059 5537 3255 5595 Paulus
3278 5554 3487 5610 quoque

1979 5692 2115 5755 Post,
2177 5689 2462 5756 honoratior,
2478 5692 2667 5758 quidam
2703 5691 2899 5755 addunt,
2931 5696 2976 5744 et
2998 5691 3150 5760 magis
3174 5693 3462 5744 reverendus
