3932 6222
379 291 438 345 51
1085 288 1141 345 S.
1180 287 1457 345 JOANNIS
1494 284 1965 343 CllllYSOSTOMI
2004 282 2321 341 ARCHIEP.
2360 275 2890 338 CONSTANTINOP.
3586 288 3657 342 52

381 401 506 453 ιι;‹·ἰι
534 419 547 454 :
575 399 694 456 Non
724 410 799 456 est
842 400 984 455 nobis
1014 402 1150 455 lucta
1188 400 1426 454 adversus
1462 397 1758 468 sanguinem
1782 404 1828 450 et
1856 413 1967 450 car-

381 508 512 558 nent,
543 495 632 548 sed
650 495 888 548 adversus
918 493 1226 561 principatus
1251 500 1296 544 et
1317 498 1583 558 potestates
1610 505 1629 544 :
1652 490 1846 543 induite
1870 489 1968 559 igi-

382 596 464 636 tur
496 597 808 639 armaturam
833 584 925 639 Dei
968 583 1180 655 (Ephes.
1214 582 1267 637 6.
1299 582 1410 652 12).
1456 580 1642 636 Vidisti
1671 581 1969 636 athletam?

383 676 562 730 vidisti
593 672 857 731 militem?
885 674 939 729 Si
971 673 1169 726 athleta
1202 686 1280 737 es,
1327 670 1527 726 nudum
1574 672 1625 725 in
1652 680 1919 725 certamen
1951 671 1966 703 '

384 778 437 822 te
466 767 792 823 descendere
818 775 1024 835 oportet
1047 780 1061 830 ;
1094 766 1137 818 si
1162 764 1336 831 miles,
1361 771 1620 818 armatum
1647 762 1712 817 ad
1741 778 1968 834 pugnam

384 860 679 914 consistere
709 873 925 913 necesse
954 865 1036 912 est
1063 875 1075 910 :
1106 856 1371 928 quomodo
1409 857 1568 927 igitur
1608 855 1724 911 haec
1748 864 1970 928 utraque

389 950 546 1005 simul
577 965 697 1005 esse
741 951 964 1021 possint,
996 959 1050 1004 et
1093 949 1293 1002 nudum
1322 962 1465 1014 esse,
1493 956 1547 1004 et
1590 962 1696 1002 non
1727 947 1966 1003 nudum:

383 1050 439 1095 et
485 1040 746 1095 indutum.
791 1049 847 1094 et
891 1055 999 1094 non
1045 1038 1471 1104 indutumiQuo
1515 1039 1726 1094 tandem
1769 1037 1965 1093 modo‘t

383 1147 485 1201 ego
513 1132 706 1187 dicam.
739 1132 894 1187 Exue
922 1132 1044 1186 vita:
1090 1132 1320 1200 negotia,
1350 1141 1403 1185 et
1433 1132 1628 1186 athleta
1675 1130 1841 1186 lactus
1866 1143 1927 1186 es
1957 1153 1970 1189 :

386 1222 547 1277 indue
587 1237 734 1276 arma
783 1221 1099 1292 spiritualia,
1146 1229 1200 1275 et
1243 1222 1410 1274 lactus
1435 1235 1494 1275 es
1515 1221 1687 1276 miles.
1719 1220 1969 1290 Teipsum

385 1313 505 1366 vice
552 1313 696 1367 curis
739 1311 987 1377 denuda;
1039 1311 1193 1365 luctte
1235 1312 1376 1366 enim
1413 1321 1619 1380 tempus
1648 1320 1730 1365 est
1769 1327 1785 1364 :
1823 1325 1969 1365 arma

384 1402 602 1470 spiritus
648 1401 841 1466 indue;
873 1401 1067 1455 bellum
1113 1402 1253 1455 enim
1297 1400 1450 1455 nobis
1490 1409 1675 1454 contra
1700 1400 1972 1455 dtemones

383 1493 669 1547 conﬂatum
699 1502 783 1548 est
809 1508 989 1563 grave.
1036 1492 1324 1562 Propterea
1354 1501 1406 1546 ct
1446 1491 1643 1546 nudum
1668 1507 1788 1546 esse
1811 1507 1972 1562 opor-

386 1593 480 1647 tet,
515 1593 569 1637 ut
597 1584 794 1638 nullam
825 1583 1037 1638 diabolo
1070 1584 1342 1638 nobi:cum
1368 1583 1588 1638 luctanti
1618 1598 1801 1639 ansam
1831 1600 1968 1651 prm-

388 1674 628 1741 bcamus,
678 1682 733 1729 ct
785 1675 1017 1745 mutique
1072 1675 1290 1741 armari,
1340 1684 1400 1729 ut
1448 1690 1706 1744 nusquam
1760 1676 1971 1731 letalem

385 1768 592 1837 plagam
620 1767 963 1835 accipiamus.
1013 1765 1210 1820 Excole
1253 1766 1483 1819 animam
1517 1776 1682 1831 tuam,
1711 1776 1762 1820 et
1792 1767 1973 1836 spinas

386 1858 573 1913 excide
597 1875 611 1912 :
635 1859 838 1913 semina
855 1859 1073 1912 verbum
1099 1858 1331 1927 pietatis,
1353 1857 1604 1928 pulchras
1619 1858 1973 1928 philosophiae

388 1950 596 2021 plantas
638 1951 831 2013 insere,
862 1959 919 2005 et
945 1965 1063 2004 cum
1109 1950 1276 2004 multa
1307 1949 1575 2019 diligentia
1605 1950 1891 2017 repastina,
1919 1959 1975 2004 ct

384 2042 614 2111 agricola
646 2041 816 2098 factus
843 2058 923 2108 es,
969 2042 1167 2112 tibique
1197 2041 1339 2096 dicet
1364 2042 1559 2096 Paulus
1590 2060 1603 2096 :
1638 2040 1972 2096 Laborantem

381 2133 657 2202 agricolam
704 2141 900 2203 oportet
941 2133 1158 2204 primum
1199 2135 1390 2205 fructus
1419 2134 1675 2203 percipere
1713 2131 1789 2203 (2.
1836 2131 1970 2185 Tim.

387 2224 442 2277 2.
474 2222 550 2295 6).
600 2225 748 2278 llanc
784 2232 837 2278 et
864 2225 980 2292 ipse
1026 2231 1194 2278 artem
1225 2223 1485 2278 tractabat
1517 2239 1530 2275 :
1562 2222 1761 2277 idcirco
1790 2222 1973 2277 Corin-

388 2314 513 2369 thiis
560 2314 799 2370 scribens
822 2312 1033 2369 dicebat
1062 2331 1075 2369 :
1107 2312 1219 2385 Ego
1248 2311 1491 2382 plantavi,
1537 2311 1716 2381 Apollo
1752 2313 1970 2382 rigavit,

386 2407 519 2461 Deus
560 2415 726 2460 autem
766 2406 1125 2460 incrementum
1155 2405 1293 2458 dedit
1336 2402 1415 2474 (l.
1468 2403 1588 2458 Cor.
1617 2403 1671 2458 5.
1703 2401 1783 2475 6).
1829 2406 1975 2458 Acue

383 2497 572 2553 falcem
603 2506 771 2563 tuam,
808 2510 967 2566 quam
995 2510 1095 2565 per
1116 2495 1385 2563 crapulam
1416 2493 1698 2558 hebetasti,
1723 2508 1856 2548 acue
1880 2509 1975 2563 per

383 2588 659 2657 jejunium,
682 2587 969 2658 aggredere
994 2587 1095 2640 iter
1124 2586 1175 2640 in
1200 2585 1388 2639 ctelum
1422 2585 1619 2652 ferens,
1647 2600 1890 2656 asperam
1914 2596 1969 2640 et

388 2687 664 2748 angustam
703 2678 843 2730 viam
887 2677 1087 2747 attinge
1115 2683 1170 2732 et
1211 2676 1443 2731 ambula.
1474 2675 1754 2742 Quomodo
1798 2687 1972 2730 autem

388 2769 589 2839 poteris
633 2777 686 2820 et.
714 2768 975 2837 attingere
1020 2776 1076 2822 et
1118 2764 1743 2836 ambulare?Cnstigans
1782 2782 1975 2837 corpus

385 2865 610 2920 tuum,et
636 2856 686 2909 in
705 2856 1012 2912 servitutem
1039 2854 1290 2925 redigens
1314 2873 1325 2909 :
1350 2856 1435 2909 ubi
1458 2857 1597 2909 enim
1620 2857 1701 2909 via
1731 2868 1972 2926 angusta,

386 2965 632 3021 magnum
663 2949 1099 3018 impedimentum
1118 2959 1201 3004 est
1216 2949 1390 3003 carnis
1406 2964 1469 3004 ex
1485 2951 1697 3018 crapula
1719 2950 1970 3007 obesitas.

385 3040 656 3096 Absurdas
689 3041 855 3095 undas
878 3040 1427 3109 concupiscentiarum
1478 3042 1732 3111 reprime,
1776 3044 1975 3110 repelle

384 3132 745 3203 improborum
805 3131 1037 3187 hiemem
1075 3132 1472 3202 cogitationum,
1503 3147 1656 3187 serva
1679 3134 1968 3203 navigium,

383 3225 601 3280 multam
628 3224 849 3280 ostende
868 3225 1134 3295 peritiam,
1160 3233 1212 3281 et
1239 3223 1408 3281 factus
1435 3240 1495 3280 es
1515 3226 1834 3296 gubernator
1859 3228 1901 3278 ³.

454 3315 656 3371 Horum
699 3322 878 3370 autem
926 3316 1163 3369 omnium
1208 3315 1360 3369 nobis
1389 3315 1605 3370 materia
1637 3315 1895 3386 jejunium
1922 3324 1975 3371 et

384 3406 639 3475 magister
668 3413 772 3472 est,
810 3404 1070 3476 jejunium
1101 3414 1278 3461 autem
1311 3406 1429 3459 dico
1457 3422 1561 3460 non
1590 3406 1693 3460 hoc
1719 3407 1933 3476 vulgare
1956 3448 1972 3473 ,

383 3496 476 3550 sed
504 3506 807 3551 accuratum
831 3496 1093 3566 jejunium
1126 3512 1269 3550 :nou
1304 3505 1503 3550 tantum
1545 3497 1782 3551 ciborum
1809 3497 1974 3551 absti-

386 3587 647 3651 nentiam,
674 3587 768 3641 sed
796 3598 850 3641 et
871 3596 1207 3656 peccatorum
1240 3605 1255 3642 :
1285 3603 1388 3642 non
1415 3590 1556 3642 enim
1578 3587 1763 3658 jejunii
1786 3596 1972 3641 natura

385 3679 688 3749 jejunantes
716 3695 907 3734 eruere
951 3680 1112 3745 valet,
1160 3680 1258 3734 nisi
1290 3695 1521 3750 congrua
1548 3696 1669 3735 cum
1700 3681 1816 3750 lege
1864 3682 1970 3734 liat.

392 3771 599 3826 Etenim
643 3770 862 3837 athleta,
911 3771 1101 3840 inquit,
1152 3770 1270 3824 Non
1300 3787 1592 3837 coronatur,
1638 3771 1734 3825 nisi
1762 3772 1977 3841 legitinw

387 3862 647 3917 certaverit
678 3861 752 3932 (2.
789 3862 922 3916 Tim.
953 3863 1005 3916 2.
1043 3863 1122 3934 5).
1154 3861 1232 3916 Ne
1256 3861 1415 3932 igitur
1443 3862 1582 3915 inter
1600 3861 1787 3931 jejunii
1832 3862 1950 3915 labo

387 3970 500 4009 rem
526 3971 556 4008 a
577 3954 767 4025 jejunii
797 3969 994 4011 corona
1021 3952 1352 4021 excidamus,
1379 3953 1645 4009 disc:tmus
1673 3954 1899 4024 qualiter
1923 3966 1976 4008 ct

388 4046 656 4116 quomodo
699 4045 1003 4115 bujusmodi
1059 4046 1326 4112 negotium
1376 4052 1602 4100 tractare
1643 4045 1973 4100 debeamus:

389 4137 640 4206 quoniam
670 4147 726 4191 et
753 4136 1056 4191 Pbaristeus
1102 4136 1192 4190 ille
1211 4135 1492 4207 jejunavit,
1544 4134 1637 4189 sed
1686 4145 1805 4203 post
1839 4135 1949 4204 jeju

392 4229 537 4284 nium
568 4227 695 4283 illud
732 4226 1009 4283 descendit
1036 4227 1230 4290 inanis,
1256 4236 1313 4281 et
1351 4226 1536 4295 jejunii
1584 4225 1841 4280 fructibus
1883 4242 1974 4279 va-

391 4334 524 4374 cuus
552 4335 565 4372 :
596 4318 908 4388 publicanus
937 4334 1041 4373 non
1068 4318 1344 4389 jejunavit,
1388 4328 1443 4373 et
1487 4318 1810 4372 Phan-iscum
1832 4318 1975 4388 jeju-

390 4419 607 4466 nantem
634 4411 902 4479 prmcessit
949 4426 1054 4463 non
1082 4409 1330 4479 jejunans
1368 4408 1517 4479 (Luc.
1561 4411 1646 4464 18.
1681 4409 1894 4480 10-14),
1922 4419 1980 4463 ut

392 4502 569 4557 discas
594 4501 733 4572 quod
757 4499 944 4572 jejunii
968 4499 1168 4554 utilitas
1193 4501 1356 4559 nulla.
1382 4502 1479 4554 nisi
1502 4511 1556 4555 cl.
1582 4501 1779 4571 reliqua
1800 4502 1977 4556 omnia

390 4603 808 4666 consequantur.

460 4685 660 4757 Jejunii
685 4685 877 4739 utilitas
900 4684 1064 4749 nulla,
1098 4684 1193 4738 nisi
1213 4701 1245 4737 a
1268 4686 1398 4737 vittis
1424 4686 1858 4739 abstineamus.—-
1884 4686 1978 4741 Je-

388 4779 709 4847 junaverunt
729 4775 995 4840 Ninivitae,
1015 4784 1069 4830 et
1090 4775 1180 4829 Dei
1203 4775 1623 4830 misericordiam
1643 4775 1976 4831 elicuerunt:

387 4868 765 4939 jejunaverunt
789 4875 841 4921 et
868 4864 1038 4922 Judaei
1058 4907 1075 4933 ,
1103 4875 1158 4920 et
1182 4865 1310 4921 nihil
1336 4865 1710 4935 profecerunt,
1743 4866 1837 4922 sed
1867 4868 1981 4921 cul-

395 4960 504 5031 pati
541 4958 807 5014 abierunt.
853 4957 987 5027 Quia
1027 4957 1186 5028 igitur
1226 4966 1429 5012 tantum
1455 4956 1643 5027 jejunii
1683 4957 1981 5028 periculum

394 5060 480 5109 est
524 5051 885 5108 nescientibus
925 5050 1192 5122 quomodo
1234 5050 1480 5120 jejunare
1518 5059 1767 5119 Oportet,
1792 5050 1979 5120 jejunii

395 5147 540 5217 leges
562 5142 829 5200 discamus
848 5184 864 5209 ,
890 5159 959 5200 ne
982 5144 1034 5198 in
1063 5144 1321 5199 incertum
1351 5158 1628 5198 curramus
1648 5185 1661 5206 ,
1691 5159 1758 5198 ne
1804 5158 1979 5198 aerem

396 5238 741 5295 verbercmus
761 5279 775 5304 ,
800 5253 905 5292 neu
953 5244 1250 5308 pugnantes
1276 5229 1396 5291 cum
1426 5237 1612 5290 umbra
1646 5235 1979 5291 dimiccmus.

394 5331 652 5387 Medicina
697 5338 782 5386 est
817 5329 1119 5400 jejunium,
1161 5328 1254 5383 sed
1305 5327 1563 5383 medicina
1614 5327 1739 5381 licet
1789 5326 1983 5381 millies

395 5427 538 5483 utilis
561 5427 651 5491 sit,
677 5440 774 5496 per
797 5425 993 5480 utentis
1022 5422 1343 5493 imperitiam
1365 5420 1564 5475 inutilis
1589 5434 1732 5487 saepe
1756 5419 1832 5485 lit;
1862 5434 1982 5472 nam

399 5531 556 5575 nosse
598 5526 809 5588 oportet
848 5525 903 5572 et
947 5523 1155 5584 tempus
1194 5529 1300 5583 quo
1346 5513 1512 5582 ipsam
1555 5510 1808 5565 adbibere
1851 5524 1984 5579 opus

464 5652 479 5683 ι
517 5658 645 5716 unus
670 5663 682 5698 :
711 5660 761 5700 In
781 5648 1009 5716 stadium.
1108 5714 1113 5716 Α
1260 5705 1288 5716 ,.

462 5716 482 5743 ³
518 5714 699 5775 Aliquot
727 5720 852 5764 διες..
878 5713 1170 5759 (.‘ubcrnntor
1191 5713 1413 5769 optimus.

2076 397 2182 463 sit,
2215 403 2270 451 et
2317 395 2480 466 ipsius
2517 392 2886 449 medicamenti
2936 392 3280 462 quantitatem
3323 403 3376 450 et
3417 400 3656 467 corporis

2077 486 2417 557 temperiem,
2446 493 2501 540 et
2526 484 2760 556 regionis
2786 493 3025 538 naturam
3046 525 3061 551 ,
3093 494 3148 539 et
3172 487 3298 540 auni
3329 495 3537 558 tempus
3555 529 3571 551 .
3603 499 3656 544 et

2075 592 2364 649 congruum
2391 577 2606 644 victum,
2628 585 2683 631 et
2707 575 2871 630 multa
2898 576 2999 630 alia
3024 593 3037 627 :
3061 590 3284 646 quorum
3314 578 3358 632 si
3387 578 3658 648 quodlibet

2077 670 2490 741 pratermissum
2528 667 2722 733 fuerit,
2763 668 2985 739 reliquis
3037 670 3284 725 omnibus
3309 712 3324 735 ,
3351 685 3470 740 qua:
3515 672 3654 727 dicta

2074 771 2196 818 sunt
2220 804 2235 825 ,
2266 761 2494 816 nocebit.
2526 761 2581 817 Si
2615 769 2793 816 autem
2832 760 2918 815 ubi
2948 760 3158 831 corpori
3185 761 3384 816 mederi
3409 771 3654 830 oportet,

2078 866 2219 911 tanta
2245 856 2399 911 nobis
2424 871 2558 926 opus
2576 864 2660 912 est
2682 855 2951 927 diligentia
2982 874 2995 909 :
3024 855 3189 911 multo
3215 857 3382 926 magis
3401 871 3521 911 cum
3542 857 3657 910 aui-

2076 963 2218 1003 mam
2255 962 2501 1002 curemus
2524 989 2538 1012 ,
2564 955 2620 1003 et
2656 946 3064 1018 cogitationibus
3106 947 3416 1002 medeamur
3436 989 3450 1013 ,
3478 948 3656 1002 omnia

2074 1039 2319 1104 scrutari,
2346 1048 2400 1094 et
2426 1052 2548 1094 cum
2576 1037 2722 1092 omni
2753 1037 3034 1095 sedulitate
3060 1037 3399 1094 considerare
3437 1053 3657 1095 necesse

2075 1139 2175 1184 est.

2146 1223 2199 1275 4.
2223 1220 2507 1276 Videamus
2537 1221 2693 1291 igitur
2710 1220 2978 1291 quomodo
2999 1220 3243 1276 Ninivitae
3258 1221 3653 1292 jejunaverunt,

2074 1320 2130 1367 et
2154 1310 2420 1381 quomodo
2451 1311 2520 1365 ab
2547 1312 2636 1366 illa
2663 1311 2868 1367 liberati
2898 1322 3023 1366 sunt
3047 1313 3146 1367 ira.
3178 1310 3426 1368 Homines
3446 1354 3461 1379 ,
3495 1324 3543 1367 et
3560 1314 3653 1383 ju-

2077 1414 2259 1468 menta,
2281 1415 2326 1458 et
2341 1420 2474 1469 oves,
2495 1414 2540 1459 et
2556 1404 2701 1460 boves
2719 1421 2781 1459 ne
2805 1413 3078 1475 pascantur
3104 1404 3247 1477 (Jan.
3277 1405 3329 1460 5.
3359 1405 3433 1475 7),
3462 1405 3654 1476 inquit.

2075 1495 2211 1563 Quid
2254 1496 2422 1550 dicis?
2452 1494 2539 1550 die
2565 1495 2726 1561 mihi;
2755 1504 2809 1550 et
2849 1496 3001 1549 bruta
3031 1494 3295 1566 jejunant,
3320 1503 3374 1551 et
3408 1497 3529 1567 equi
3556 1513 3571 1551 :
3603 1506 3657 1551 et

2078 1589 2203 1643 muli
2245 1603 2400 1644 sacco
2448 1587 2785 1643 vestiuntur?
2814 1588 3019 1655 Etiam,
3051 1587 3221 1657 inquit
3249 1605 3264 1642 :
3290 1588 3429 1643 sicut
3467 1588 3611 1643 enim
3636 1630 3652 1654 ,

2076 1681 2236 1734 divite
2254 1680 2432 1749 aliquo
2460 1687 2687 1745 mortuo,
2708 1694 2812 1733 non
2839 1693 3022 1734 θυι-γωδ
3050 1679 3194 1734 solos
3222 1688 3275 1734 et
3300 1678 3538 1744 ancillas,
3560 1678 3655 1733 sed

2075 1782 2131 1825 et
2161 1785 2326 1840 equos
2366 1770 2651 1825 necessarii
2689 1783 2845 1826 sacco
2872 1768 3190 1825 amicientes
3211 1811 3226 1834 ,
3258 1779 3314 1824 et
3340 1769 3658 1839 agasonibus

2079 1863 2349 1918 tradentes
2373 1862 2438 1916 ad
2464 1862 2767 1932 sepulcrum
2795 1862 2943 1930 sequi
2966 1860 3178 1930 jubent,
3209 1860 3525 1917 calamitatis
3546 1874 3659 1914 ma-

2076 1954 2404 2024 gnitudinem
2431 1961 2759 2008 ostentantes
2781 1993 2797 2019 ,
2823 1961 2878 2007 et
2902 1967 3090 2008 omnes
3128 1951 3195 2007 ad
3239 1950 3656 2007 misericordiam

2077 2045 2369 2099 allicientes
2402 2062 2416 2099 :
2445 2044 2524 2100 sic
2565 2051 2618 2098 et
2656 2043 2868 2098 civitate
2917 2042 3006 2097 illa
3051 2042 3120 2098 de
3148 2041 3402 2098 extremis
3449 2042 3661 2111 pericli-

2080 2146 2256 2200 tante,
2287 2145 2343 2191 et
2383 2136 2591 2191 brutam
2636 2142 2878 2190 naturam
2926 2148 3081 2189 sacco
3123 2134 3574 2189 circumtexerunt
3606 2141 3660 2187 et

2074 2230 2260 2300 jejunii
2279 2228 2407 2299 jugo
2426 2228 2786 2297 subjecernnt.
2813 2224 2927 2279 Non
2954 2224 3078 2279 licet
3097 2224 3266 2280 brutis
3285 2238 3535 2278 sermone
3561 2223 3654 2277 Dei

2079 2325 2210 2378 iram
2249 2322 2489 2386 discere,
2516 2320 2723 2373 discant
2766 2317 2940 2383 fame,
2975 2316 3115 2387 quod
3150 2331 3180 2371 a
3236 2316 3347 2372 Deo
3396 2314 3660 2386 inﬂigatur

2081 2417 2228 2484 plaga
2263 2432 2277 2469 :
2309 2414 2506 2468 etenim
2537 2412 2581 2465 si
2607 2411 2926 2474 diruerctur,
2951 2408 3135 2479 inquit,
3160 2407 3369 2475 civitas,
3401 2421 3506 2461 non
3540 2418 3652 2460 tan-

2080 2516 2190 2561 tum
2228 2505 2393 2560 nostri
2430 2503 2837 2558 inhabitantium
2862 2543 2877 2567 ,
2904 2499 2997 2554 sed
3040 2507 3096 2555 et
3133 2498 3325 2553 horum
3375 2513 3479 2552 una
3517 2508 3660 2552 esset

2078 2598 2372 2653 communis
2400 2597 2687 2667 sepultura.
2719 2594 2848 2660 Qum
2878 2593 3037 2663 igitur
3061 2606 3230 2662 ptenze
3269 2598 3471 2661 partem
3513 2588 3661 2643 babi-

2081 2702 2195 2747 lura
2225 2699 2381 2755 sunt,
2415 2704 2477 2743 ea
2501 2687 2687 2759 jejunii
2710 2700 2918 2756 quoque
2946 2693 3147 2754 partem
3174 2681 3406 2751 capiant.
3432 2680 3501 2734 Et
3518 2680 3659 2734 aliud

2079 2782 2327 2855 quiddam
2369 2790 2495 2836 tunc
2539 2778 2816 2845 fecerunt,
2845 2775 2985 2845 quod
3015 2783 3068 2831 et
3098 2772 3372 2844 prophetae
3413 2772 3611 2826 faciunt
3644 2789 3657 2824 :

2078 2875 2275 2929 ctenim
2305 2873 2378 2926 illi
2403 2886 2524 2925 cum
2547 2869 2809 2939 ﬂagellum
2836 2866 3049 2937 aliquod
3078 2863 3407 2920 intolerabile
3425 2863 3494 2919 de
3516 2865 3663 2918 caelis

2082 2966 2204 3020 ferri
2235 2964 2482 3029 viderint,
2507 2973 2664 3032 atque
2685 2960 2980 3032 puniendos
3007 2958 3122 3014 sine
3146 2957 3337 3012 ﬁducia
3363 2971 3503 3023 esse,
3525 2971 3659 3012 con-

2081 3060 2287 3114 fusione
2315 3057 2533 3128 plenos,
2565 3070 2738 3125 neque
2776 3052 2931 3109 venia
2970 3065 3145 3122 neque
3182 3050 3526 3105 excusatione
3552 3048 3659 3103 ulla

2079 3151 2286 3219 dignos,
2318 3163 2412 3203 nec
2437 3146 2666 3201 habeant
2692 3144 2817 3215 quid
2849 3144 3076 3210 faciant,
3105 3157 3205 3197 nec
3235 3139 3377 3196 unde
3405 3139 3662 3195 condem-

2080 3245 2216 3298 natis
2245 3242 2517 3314 prmbeant
2547 3237 2918 3310 patrocinium,
2943 3236 3008 3290 ad
3048 3236 3204 3290 bruta
3229 3233 3578 3303 confugiunt,
3608 3241 3664 3286 ct

2081 3334 2289 3389 illorum
2329 3342 2553 3386 mortem
2593 3328 2966 3397 deplorantes,
2992 3340 3056 3380 ex
3099 3323 3183 3379 bis
3220 3321 3661 3393 supplicationem

2079 3426 2277 3481 faciunt
2298 3465 2311 3488 ,
2339 3421 2692 3478 miserabilem
2713 3428 2767 3475 et
2795 3421 3089 3474 luctuosam
3111 3417 3345 3486 ipsorum
3371 3414 3660 3487 perniciem

2080 3525 2455 3588 ptoponeutes.
2486 3514 2617 3569 Cum
2647 3513 2803 3583 igitur
2824 3511 2991 3567 fames
3019 3510 3146 3565 olim
3167 3508 3382 3565 Iudaeos
3407 3521 3656 3576 compre-

2081 3611 2346 3668 hendisset
2376 3651 2390 3676 ,
2422 3619 2477 3664 et
2505 3610 2666 3662 multa
2707 3607 2976 3677 regionem
3024 3603 3235 3660 siccitas
3275 3610 3580 3673 premeret,
3606 3611 3661 3655 et

2079 3707 2256 3760 omnia
2291 3709 2731 3759 consumerentur
2760 3718 2772 3753 :
2803 3713 2940 3753 unus
2983 3696 3364 3767 prophetarum
3405 3693 3615 3748 dicebat
3645 3713 3658 3746 :

2082 3799 2385 3853 Resilicrunt
2422 3798 2654 3866 juvenem
2693 3791 2833 3859 apud
2872 3790 3120 3860 prazsepia
3146 3805 3239 3844 sua
3259 3829 3272 3852 ,
3303 3788 3545 3857 ﬂeverunt
3572 3802 3660 3838 ar-

2080 3901 2245 3945 menta
2272 3889 2441 3951 boum,
2463 3888 2697 3956 quoniam
2715 3901 2815 3938 non
2841 3892 2981 3937 erant
3000 3897 3189 3952 pascua
3206 3896 3224 3935 :
3241 3881 3410 3934 omnia
3427 3881 3661 3948 jumenta

2080 3995 2226 4038 terra:
2249 3988 2571 4052 respexerunt
2615 3981 2681 4032 ad
2724 3987 2796 4037 te,
2826 3977 3062 4047 quoniam
3093 3976 3352 4029 exsiccata:
3371 3982 3490 4026 sunt
3515 3973 3651 4026 emis.

2081 4079 2244 4134 siones
2271 4090 2516 4147 aquarum
2543 4073 2680 4143 (ἐστι
2739 4069 2945 4141 1.17);
2976 4069 3113 4123 alter
3153 4082 3217 4122 ex
3258 4066 3496 4120 siccitate
3538 4076 3659 4117 nata

2083 4171 2218 4224 mala
2249 4171 2432 4240 lugens
2455 4210 2469 4235 ,
2499 4181 2709 4221 rursum
2754 4163 2832 4218 sic
2876 4162 2984 4216 fere
3027 4159 3196 4215 dicit:
3231 4158 3400 4212 Cerva:
3438 4158 3493 4210 in
3537 4172 3662 4225 agro

2082 4275 2380 4339 pepererunt
2418 4273 2463 4317 et
2498 4260 2870 4330 dereliquerunt
2895 4297 2909 4322 ,
2942 4254 3181 4325 quoniam
3213 4269 3314 4307 non
3355 4259 3461 4305 erat
3479 4249 3661 4346 herba;

2094 4352 2279 4421 onagri
2298 4351 2346 4403 in
2367 4349 2588 4401 saltibus
2605 4346 2971 4407 substiterunt,
2990 4349 3323 4398 attraxerant
3348 4348 3553 4391 ventum
3575 4352 3650 4388 st-

2098 4454 2186 4497 cut
2206 4444 2387 4496 draco:
2405 4439 2701 4511 defecerunt
2718 4441 2955 4510 ipsorum
2970 4433 3128 4496 oculi,
3146 4430 3396 4502 quoniam
3415 4448 3518 4485 non
3536 4444 3652 4487 erat

2097 4537 2290 4604 [tetrum
2308 4532 2538 4602 (lenii.
2566 4531 2641 4601 5).
2666 4531 2954 4598 Propterea
2980 4539 3034 4581 et
3058 4526 3218 4579 hodie
3245 4523 3362 4579 Joel
3384 4524 3655 4578 dicentem

2098 4624 2346 4681 audistis:
2369 4624 2688 4695 Egrediatur
2706 4635 2926 4690 sponsus
2947 4634 2974 4672 e
2996 4615 3415 4677 cubiculosuo,et
3431 4629 3622 4682 sponsa
3636 4630 3663 4666 e

2101 4713 2332 4768 thalamo
2343 4720 2770 4781 suo,congrcgate
2786 4707 3015 4776 infantes
3030 4722 3087 4759 su
3095 4713 3268 4774 gentes
3280 4703 3439 4755 ubera
3456 4700 3594 4772 (Joel
3606 4702 3661 4754 2.

2101 4804 2331 4877 16),Qua
2343 4806 2409 4860 de
2423 4799 3217 4868 causa,dicmihi,immaturam
3233 4803 3441 4877 aetatem
3457 4794 3520 4846 ad
3536 4808 3666 4859 sup-

2084 4907 2422 4981 plicationem
2448 4896 2634 4954 vocat?
2658 4893 2846 4949 Nonne
2877 4894 3080 4944 certum
3109 4890 3191 4937 est
3230 4876 3368 4949 quod
3397 4876 3411 4906 ¹
3447 4881 3667 4974 propter

2083 4966 2329 5054 eamdem
2373 4995 2541 5063 ipsam
2584 4983 2836 5043 causam?
2864 4979 3123 5049 Quoniam
3166 4972 3308 5028 enim
3351 4966 3666 5063 omnes-viri

2090 5103 2241 5152 etate
2269 5056 2484 5161 perfer-ti
2508 5079 2958 5139 exacerbaverunt
2973 5072 3161 5131 Deum,
3177 5074 3230 5120 et
3254 5061 3319 5116 ad
3345 5056 3668 5161 iracundiam

2087 5147 2504 5243 concitaverunt,
2529 5175 2701 5237 jEtas,
2726 5166 2915 5239 inquit,
2947 5170 3283 5232 peccatorum
3309 5165 3503 5243 expers
3532 5147 3669 5243 irato

2087 5240 2366 5348 supplicet.
2397 5240 2862 5326 Sed.utdiccbam,
2889 5256 3164 5348 videamus
3184 5247 3308 5319 quid
3335 5240 3668 5348 lzllldttlll'sll.

2089 5335 2226 5443 quod
2258 5362 2612 5422 inevitabilem
2640 5358 2781 5413 illam
2814 5354 2944 5408 iram
2971 5345 3189 5404 solverit
3219 5360 3232 5396 :
3261 5353 3385 5443 num
3409 5335 3667 5443 jejunium

2091 5430 2260 5517 solum
2287 5469 2340 5514 et
2364 5469 2548 5512 saccus
2562 5453 2585 5506 ?
2601 5449 2967 5517 Nequaquam,
2986 5437 3079 5493 sed
3111 5434 3269 5491 totius
3284 5430 3405 5484 vita:
3425 5430 3676 5517 mutatio.

2091 5515 2244 5612 Unde
2286 5551 2387 5605 hoc
2414 5515 2796 5601 manifestum?
2824 5534 2906 5590 Ab
2946 5531 3075 5602 ipsis
3116 5520 3439 5598 propheticis
3471 5515 3677 5571 verbis.

2161 5699 2173 5727 ε
2213 5701 2351 5742 Juxta
2370 5686 2588 5737 Saviliutn
2607 5680 2869 5732 addidimus
2894 5690 2906 5725 :
2931 5683 3085 5725 Nonne
3105 5673 3288 5719 certum
3310 5668 3377 5713 (’5‘
3402 5655 3547 5721 φυκί’
