3892 6236
1085 305 1145 360 s.
1182 302 1468 360 JOANNIS
1506 301 1998 360 cunvsosmm
2038 299 2364 359 ARCHIEP.
2400 299 2953 358 CONSTANTINOP.
3708 297 3767 353 54

304 419 412 473 Kal
452 413 574 473 εῒδε
618 420 690 473 τὰ
718 418 863 490 ἔργα
888 418 1088 473 αὐτῶν
1110 421 1142 472 ό
1171 420 1332 483 Θεός.
1354 418 1531 489 Ἔργα
1556 421 1715 483 mla;
1743 419 1821 471 ὅτι
1850 419 1975 488 ἐνή-

312 530 538 572 στευταν
556 524 571 573 ;
592 507 670 560 ὅτι
697 507 900 560 σάκκον
932 505 1347 578 περιεϐάλοντο;
1400 506 1566 559 Οὐδὲν
1596 505 1819 568 τούτων,
1839 500 1975 559 ἀλλά

310 596 486 649 πάντα
551 594 725 650 ταῦτα
772 596 1001 666 σιγήσας
1053 596 1330 665 ἐπήγαγεν
1352 611 1365 624 ο
1415 596 1536 648 Ὅτι
1590 593 1975 661 ἀπέστρεψεν

301 681 558 750 ἕκαστος
589 683 709 738 ἀπὸ
748 682 866 737 τῶν
912 683 1067 738 ὁδῶν
1115 683 1304 737 αὑτοῦ
1349 681 1470 736 τῶν
1515 681 1826 748 πονηρῶν,
1875 681 1974 735 καὶ

299 774 665 841 μετενόησεν
690 773 787 827 ἐπὶ
820 771 898 841 τῇ
926 773 1100 840 κακίᾳ
1128 767 1169 844 ᾖ
1193 772 1461 839 ἐλάλησε
1488 771 1739 840 ποιῆσαι
1772 770 1978 837 αὐτοῖς

300 859 335 909 ό
366 859 598 927 Κύριος.
634 861 795 930 Ὁρᾷς
821 860 902 912 ὅτι
931 861 1029 930 οὐχ
1056 862 1090 931 ἡ
1119 860 1344 930 νηστεία
1375 858 1652 930 ἐξήρπασε
1678 857 1774 912 τοῦ
1793 857 1960 911 κινδύ⁹

301 959 416 1006 νου,
439 945 552 999 ἀλλ’
578 948 609 1017 ὴ
643 947 913 1018 μεταϐολὴ
944 947 1038 1000 τοῦ
1071 947 1189 1016 βίου
1218 949 1309 1002 τὸν
1330 948 1461 1001 Θεὸν
1488 946 1819 1018 κατέστησεν
1850 945 1976 1000 ἵλεω

300 1033 415 1093 τοῖς
444 1031 738 1102 βαρϐάροις
765 1034 861 1086 καὶ
889 1035 1094 1106 εὐμενῆ
1118 1051 1133 1101 ;

370 1117 555 1173 Ταῦτα
587 1118 760 1178 εἷπον.
797 1122 895 1192 οὐχ
923 1122 1009 1176 ἵνα
1038 1123 1292 1194 νηστείαν
1334 1122 1711 1194 ἀτιμάζωμεν,
1746 1121 1862 1177 ἀλλ’
1889 1121 1974 1175 ἵνα

298 1206 547 1278 νηστείαν
576 1209 718 1278 τιμῶ
730 1226 828 1279 μεν
846 1227 860 1240 ·
886 1210 1021 1282 τιμὴ
1044 1210 1152 1281 γάρ
1176 1212 1451 1282 νηστείας,
1491 1211 1610 1281 οὐχὶ
1633 1210 1818 1264 σιτίων
1844 1209 1977 1263 ἀπο-

300 1294 389 1362 χή.
414 1293 528 1346 ἀλλ’
551 1294 963 1366 ἁμαρτημάτων
983 1297 1353 1370 ἀναχώρησις,
1377 1298 1453 1360 ώς
1476 1298 1504 1350 6
1524 1314 1588 1365 γε
1699 1295 1806 1348 τῶν
1833 1295 1974 1368 βρω-

301 1381 486 1450 μάτων
514 1382 694 1454 ἀποχῇ
738 1383 898 1453 μόνον
928 1385 1127 1456 ὁρίζων
1155 1388 1253 1456 τὴν
1281 1386 1559 1457 νηστείαν,
1586 1379 1742 1448 οὗτός
1769 1387 1916 1438 ἐστιν
1942 1385 1972 1438 6

301 1469 536 1538 μάλιστα
561 1471 845 1542 ἀτιμάζων
871 1474 1061 1539 αὐτήν.
1086 1475 1416 1546 Νηστεύεις;
1442 1472 1613 1540 δεῖξόν
1634 1491 1726 1544 μοι
1748 1473 1834 1527 διά
1862 1472 1969 1527 τῶν

298 1555 473 1625 ἔργων
503 1557 703 1612 αὐτῶν.
738 1560 913 1613 Ποίων
941 1560 1136 1632 ἔργων,
1173 1563 1373 1634 φησίνς
1414 1562 1539 1615 Ἐὰν
1582 1562 1698 1634 ἴδῃς
1738 1560 1966 1628 πένητα,

298 1643 553 1715 ἐλέησον·
615 1647 711 1701 ἐάν
779 1647 893 1718 ἴδῃς
946 1648 1175 1720 ἐχθρὸν,
1234 1648 1609 1720 καταλλάγηθι
1641 1666 1655 1680 ·
1709 1649 1804 1703 ὲάν
1855 1648 1970 1719 ἴδῃς

297 1730 450 1797 φίλον
497 1732 924 1803 εὐδοκιμοῦντα,
961 1736 1039 1806 μὴ
1084 1736 1395 1809 βασκήνῃςι
1438 1736 1534 1790 ἐὰν
1578 1736 1695 1807 ἴδῃς
1732 1737 1969 1804 γυναῖκα

298 1817 590 1890 εὔμορφον,
628 1821 923 1893 ὑπέρϐηθι·
947 1824 1038 1895 Μὴ
1066 1825 1175 1896 γάρ
1210 1825 1273 1896 δὴ
1302 1825 1476 1896 στόμα
1513 1824 1823 1895 νηστευέτω
1870 1824 1968 1894 μό-

295 1923 419 1971 νον,
472 1906 608 1961 ἀλλά
651 1907 746 1960 καὶ
779 1908 1092 1980 ὀφθαλμὸς,
1142 1912 1239 1965 κειιί⁸
1281 1912 1452 1984 ἀκοὴ,
1498 1913 1593 1966 καὶ
1642 1912 1834 1975 πόδες,
1874 1911 1968 1964 καὶ

294 2003 502 2065 χεῖρες,
536 1995 630 2048 καὶ
655 1995 833 2049 πάντα
854 1997 922 2051 τά
947 1997 1042 2051 τοῦ
1067 1999 1316 2071 σώματος
1341 2001 1500 2071 ήμῶν
1524 2000 1658 2072 μέλη
1677 2014 1689 2027 ·
1714 1998 1966 2069 νηστευέ-

293 2096 476 2133 τωσαν
509 2084 709 2153 χεῖρες,
762 2084 1018 2157 ἁρπαγῆς
1048 2087 1141 2140 καὶ
1174 2086 1485 2154 πλεονεξίας
1534 2086 1962 2158 καθαρεύουσαν

293 2168 701 2235 νηστευέτωσαν
751 2172 945 2236 πόδες,
993 2172 1209 2244 δρόμων
1254 2173 1364 2227 τῶν
1411 2175 1504 2228 ἐπὶ
1558 2174 1628 2229 τά
1674 2174 1966 2245 παράνομα

294 2253 496 2325 θέατρα
529 2256 923 2325 ἀφιστάμενοι·
960 2262 1368 2333 νηστευέτωσαν
1401 2261 1691 2335 ὀφθαλμοὶ,
1716 2262 1965 2315 παιδευό-

296 2358 445 2411 μενοι
475 2343 746 2414 μηδέποτε
775 2345 961 2415 ὄψεσιν
992 2347 1289 2420 εὐμόρφοις
1318 2349 1608 2420 ἐπιπηδᾷν,
1642 2348 1778 2420 μηδὲ
1808 2348 1965 2401 ἐιλλό⁴

289 2444 417 2499 τρια
439 2431 896 2501 περιεργάζεσθαι
927 2433 1119 2504 κάλλη.
1144 2435 1328 2507 Τροφὴ
1346 2435 1454 2508 γάρ
1479 2435 1796 2506 ὀφθαλμῶν,
1830 2434 1965 2487 θεω-

296 2514 385 2587 ρία
409 2536 425 2588 ;
446 2515 579 2570 ἀλλά
605 2519 671 2571 ἂν
702 2519 798 2588 μὲν
826 2521 1145 2591 παράνομος
1236 2523 1330 2575 καὶ
1365 2522 1743 2594 κεκωλυμένη,
1770 2521 1832 2574 λυ
1842 2521 1965 2593 μαί-

295 2617 443 2656 νεται
492 2606 558 2674 τῇ
609 2606 831 2676 νηστείᾳ
853 2618 901 2667 α,
959 2607 1054 2661 καὶ
1098 2609 1279 2661 πᾶσαν
1307 2609 1603 2681 ἀνατρέπει
1633 2610 1742 2681 ’τῆς
1786 2608 1966 2679 ψυχῆς

289 2688 387 2758 τὴν
419 2691 692 2761 σωτηρίαν
713 2708 727 2722 ο
763 2692 827 2746 ἂν
870 2693 928 2747 δὲ
966 2693 1188 2764 ἔννομος
1217 2697 1312 2749 καὶ
1341 2696 1606 2768 ἀσφαλὴς,
1642 2699 1837 2767 κοσμεῖ
1866 2697 1965 2768 τὴν

291 2778 561 2848 νηστείαν.
590 2780 699 2834 Καὶ
719 2780 828 2853 γάρ
849 2781 957 2835 τῶν
973 2783 1337 2838 ἀτοπωτάτων
1361 2784 1427 2838 ἂν
1449 2785 1558 2856 εἴη,
1585 2786 1678 2838 ἐπὶ
1705 2786 1803 2855 μὲν
1832 2784 1966 2855 βρω-

293 2863 478 2933 μάτων
507 2867 600 2919 ml
624 2866 726 2937 τῆς
761 2870 1257 2942 συγκεχωρημένης
1288 2871 1617 2940 ἀφίστασθαι
1640 2872 1847 2945 τροφῆς
1876 2872 1965 2926 διὰ

289 2950 389 3021 τὴν
413 2954 692 3022 νηστείαν,
709 2955 803 3009 ἐπὶ
819 2955 876 3009 δέ
894 2957 1005 3009 τῶν
1029 2957 1324 3029 ὀφθαλμῶν
1346 2959 1442 3013 καί
1455 2959 1554 3029 τῆς
1578 2959 1964 3031 κεκωλυμένης

291 3038 579 3094 ἅπτεσθαι.
617 3040 728 3114 [42]
757 3044 870 3097 Οὐκ
902 3045 1102 3110 ἐσθίεις
1133 3047 1309 3119 κρέας
1349 3048 1423 3119 μὴ
1463 3049 1643 3121 φάγῃς
1670 3048 1965 3104 ἀκολασίαν

293 3124 382 3179 διὰ
423 3127 533 3181 τῶν
574 3128 887 3201 ὀφθαλμῶν.
926 3133 1253 3205 Νηστευέτω
1289 3138 1384 3190 καί⁵
1432 3138 1601 3208 ἀκοή’
1649 3140 1871 3207 νηστεία
1905 3139 1963 3193 δὲ

291 3211 463 3283 ἀκοῆς
497 3214 571 3286 μὴ
620 3214 869 3287 δέχεσθαι
907 3221 1242 3293 κακηγορίας
1287 3225 1382 3277 καὶ
1430 3224 1683 3290 διαϐολάς
1703 3243 1717 3257 ·
1758 3225 1966 3296 Ἀκοὴν

292 3299 400 3371 γὰρ
426 3303 690 3370 ματαίαν
716 3304 803 3375 μὴ
840 3308 1170 3377 παραδέξῃ,
1207 3311 1363 3382 φησί.

359 3387 685 3458 Νηστευέτω
710 3394 804 3447 καὶ
839 3395 1014 3465 στόμα
1040 3396 1148 3450 άπὸ
1179 3397 1444 3469 ῥημάτων
1467 3398 1709 3471 αἰσχρῶν
1735 3399 1831 3455 καὶ
1856 3400 1966 3454 λοι·-

286 3473 488 3562 δορίας.
512 3480 577 3533 Τί
597 3480 705 3553 γάρ
730 3482 921 3551 ὄφελος
947 3486 1076 3539 ὅταν
1103 3487 1202 3558 μὲν
1229 3487 1457 3559 ὀρνίθων
1481 3490 1576 3543 καὶ
1632 3490 1828 3562 ἰχθύων
1855 3492 1964 3546 ἀπ-

289 3561 705 3632 εχώμεθα,τούς
737 3569 793 3621 δέ
824 3569 1089 3635 ἀδελφοὺς
1118 3573 1404 3645 δάκνωμεν
1428 3576 1523 3629 καὶ
1553 3561 1962 3649 κατεσθίωμεν;

390 3652 716 3736 κακηγορῶν
748 3654 1008 3723 άδελφικά
1056 3658 1192 3729 κρέα
1223 3658 1446 3728 ἔφαγεν,
1476 3662 1575 3734 τὴν
1610 3665 1789 3736 σάρκα
1812 3666 1840 3706 b
1869 3665 1963 3721 τοῦ

290 3733 517 3805 πλησίον
547 3736 724 3794 ἔδακε.
745 3740 843 3793 Διά
861 3741 1019 3796 τοῦτο
1042 3744 1135 3797 καὶ
1153 3745 1362 3811 Παῦλος
1388 3733 1653 3820 ἐφόϐησεν
1678 3733 1846 3806 εἰπών
1867 3769 1880 3782 ·
1896 3755 1964 3808 El

292 3821 363 3875 δὲ
389 3823 709 3893 ἀλλήλους
734 3827 985 3886 δάκνετε
1022 3833 1123 3887 καὶ
1162 3835 1538 3901 κατεσθίετε,
1577 3839 1841 3904 βλέπετε
1874 3841 1961 3911 μὴ

437 3911 729 3982 ἀλλήλων
748 3917 1114 3990 ἀναλωθῆτε.
1135 3923 1249 3976 Οὐκ
1270 3923 1539 3995 ἐνέπηξας
1561 3929 1626 3998 τῇ
1658 3930 1819 4000 σαρκὶ
1839 3931 1964 3995 τοὺς

290 3996 527 4089 ὀδόντας,
565 4002 680 4056 ἀλλ’
716 4006 985 4078 ἐνέπηξας
1028 4012 1095 4083 τῇ
1145 4010 1290 4083 ψυχῇ
1329 4011 1429 4084 τὴν
1467 3996 1834 4087 κακηγορίαν,
1867 4017 1964 4089 τὴν

291 4087 535 4158 πονηράν
573 4091 838 4163 ὑπόληψιν
876 4094 1141 4167 ἐτρωσας,
1177 4100 1345 4171 μυρία
1390 4103 1634 4174 εἰργάσω
1672 4105 1818 4159 κακά
1871 4087 1965 4160 καὶ

291 4177 490 4266 σαυτὸν
530 4181 624 4232 καὶ
665 4182 868 4237 ἐκεῖνον
902 4187 996 4240 καὶ
1030 4188 1248 4260 ἐτέρους
1284 4190 1536 4255 πλείονας
1557 4207 1571 4223 ·
1607 4194 1833 4266 καὶγὰρ
1870 4197 1962 4249 τὸν

290 4262 597 4319 ἀκούσαντα
620 4270 839 4339 χείρονα
864 4274 1124 4344 εἰργάσω,
1150 4275 1452 4332 διαϐάλλων
1470 4279 1561 4332 τὸν
1593 4262 1838 4350 πλησίον.
1861 4284 1962 4336 "Av

289 4367 350 4440 τε
376 4352 483 4422 γάρ
509 4354 899 4427 ἀμαρτωλὺςῇ,
927 4360 1168 4431 ῥᾴθυμος
1196 4374 1218 4402 ο
1247 4364 1476 4432 γίνεται,
1505 4368 1759 4421 κοινωνὸν
1787 4368 1963 4440 εὐρὼν

290 4438 394 4508 τῆς
420 4440 693 4513 ἁμαρτίας
713 4459 726 4473 '
750 4444 814 4498 ἄν
835 4462 896 4498 τε
923 4446 1130 4512 δίκαιος
1150 4445 1209 4523 ᾗ.
1230 4452 1310 4515 εἰς
1333 4451 1593 4506 ἀπόνοιαν
1614 4438 1964 4525 αίρεται,ήκαὶ

292 4529 532 4595 φυσᾶται
561 4530 625 4583 ἐκ
661 4530 761 4602 τῆς
794 4532 995 4603 ἐτέρων
1023 4534 1318 4608 ἁμαρτίας,
1354 4539 1565 4608 μεγάλα
1594 4541 1723 4610 περὶ
1764 4542 1959 4595 ἐαυτοῦ

272 4614 661 4699 ’φαντάζεσθαι
696 4620 1091 4690 προαγόμενος.
1122 4623 1277 4677 Μετά
1308 4625 1514 4681 τούτων
1546 4627 1608 4681 τὸ
1651 4629 1828 4682 κοινὸν
1861 4630 1963 4700 τῆς

231 4696 277 4741 ⁸(
304 4704 629 4776 Ἐκκλησίας
670 4708 939 4778 ἔϐλαψας
976 4712 1036 4764 οὐ
1072 4713 1183 4784 γάρ
1219 4714 1285 4786 δὴ
1324 4716 1417 4770 τὸν
1458 4719 1818 4791 ἡμαρτηκότα
1847 4696 1964 4775 δια-

291 4791 592 4881 ϐ-άλλουσινῌ
631 4796 871 4881 ἅπαντες
914 4800 964 4852 οἱ
1001 4801 1324 4868 ἀκούοντες,
1374 4804 1509 4858 ἀλλὰ
1557 4806 1625 4860 τά
1662 4808 1837 4881 ὀνείδη
1885 4809 1963 4881 τῷ

292 4877 632 4946 Χριστιανῶν
670 4879 814 4934 ἔθνει
846 4880 874 4920 δ
910 4884 1299 4956 προστρίϐεται
1325 4905 1337 4917 ο
1375 4888 1495 4942 οὐδὲ
1541 4888 1685 4944 ἔστιν
1729 4877 1963 4947 ἀκοῦσαι

291 4958 535 5011 ἀπίστων
562 4959 847 5031 λεγόντων,
889 4965 971 5018 ὅτι
1003 4967 1032 5019 ό
1068 4966 1217 5021 δεῖνα
1257 4968 1455 5039 πόρνος
1484 4972 1601 5025 ἐστί
1629 4974 1723 5026 καί
1762 4976 1962 5029 ἀκόλα-

293 5056 438 5126 στος.
470 5040 586 5126 άλλέ
613 5045 734 5099 ἀντὶ
757 5045 849 5100 τοῦ
879 5047 1427 5121 πεπλημμεληκότος,
1453 5055 1579 5118 τοὺς
1609 5057 1962 5126 Χριστιανοὺς

291 5123 537 5212 ά-παντας
569 5125 930 5212 διαϐάλλουσι.
963 5132 1108 5203 Πρὸς
1135 5133 1344 5200 τούτοις
1370 5136 1464 5190 τοῦ
1508 5138 1644 5192 Θεοῦ
1661 5123 1776 5212 τὴν
1807 5142 1965 5208 δόξαν

285 5206 729 5279 βλασφημείσθαι
769 5215 1191 5285 παρεσκεύασας
1211 5235 1224 5248 ο
1252 5217 1441 5292 ὥσπερ
1469 5221 1579 5295 γάρ
1613 5206 1961 5296 εὐδοκιμούν-

290 5304 398 5341 των
430 5292 586 5362 ἡμῶν
612 5293 673 5345 τὸ
706 5293 878 5367 ὄνομα
917 5297 1012 5351 τοῦ
1053 5299 1186 5353 Θεοῦ
1226 5292 1747 5372 δοξάζεταιίοῦτως
1780 5292 1962 5381 ἀμαρ-

290 5372 558 5461 τανόντων
605 5375 1005 5461 βλασφημεῖται
1050 5384 1142 5437 καὶ
1175 5383 1475 5458 ὑϐρίζεται.
1525 5372 1832 5461 Τέταρτον,
1873 5372 1964 5446 τόν

293 5454 477 5545 κακῶς
535 5458 844 5518 ἀκούσαντα
897 5454 1274 5538 κατῄσχυνας,
1337 5472 1432 5525 καὶ
1483 5473 1964 5545 ἀναισχυντότερον

291 5535 465 5610 ταύτῃ
487 5545 807 5615 πεποίηκας,
827 5535 1142 5622 ὲχθρόνκαὶ
1157 5553 1412 5624 πολέμιον
1430 5535 1798 5626 καταστῆσας.
1817 5535 1963 5629 Πέμ-

356 5663 381 5731 Ϋ
408 5662 533 5731 ’ξ’[σὲε
555 5678 670 5731 ωδε.
706 5672 790 5729 τήν
810 5675 1044 5731 νηστείαν.

294 5853 392 5958 to:
420 5850 715 5963 Siﬁnlegere
759 5850 927 5908 \‘i'sixm'
966 5850 1043 5910 esi
1085 5850 1193 5910 éum
1241 5862 1440 5923 Savilio,
1485 5854 1572 5926 pfo
1604 5866 1734 5932 vulg.
1773 5868 1827 5917 τὸ
1865 5873 1954 5934 Χρ.

343 5930 364 5956 ν
398 5928 431 5963 ς.
556 5929 600 5963 'r.

343 5928 431 5967 νος,
466 5928 600 5965 LDIT.

2088 433 2240 481 πτον,
2261 417 2452 473 ἐαυτὸν
2474 416 3017 472 ὐπεύθυνονίκολάσει
3043 417 3136 471 καὶ
3163 417 3408 488 τιμωρίᾳ.
3434 416 3763 487 πεποίηκας.

2082 505 2385 576 πράγματα
2415 506 2487 559 τά
2514 507 2680 578 μηδὲν
2706 506 2892 577 σαυτῷ
2918 508 3263 579 προσήκοντα
3285 507 3515 572 πλέξας.
3542 506 3639 573 Μὴ
3662 505 3765 574 γάρ

2084 610 2174 664 μοι
2203 593 2362 648 τοῦτο
2384 593 2593 664 λεγέτω
2618 612 2725 659 τις,
2743 595 2826 648 ὃτι
2849 594 2970 647 τότε
2995 593 3309 666 κακηγορῶ,
3340 592 3571 645 ἐπειδάν
3594 591 3762 662 ψευδῆ

2078 680 2244 733 εἴπω·
2285 681 2380 735 ἐὰν
2421 682 2478 735 δὲ
2532 681 2805 753 ἀληθεύω,
2858 683 3062 736 οὐκέτι.
3106 680 3225 735 Κᾶν
3272 680 3560 750 ἀληθεύων
3602 680 3765 749 είπῃς

2077 769 2282 835 κακῶς,
2310 771 2402 824 καὶ
2423 769 2582 842 τοῦτο
2610 769 2862 842 ἔγκλημα
2881 786 2896 802 ο
2925 771 3016 825 καὶ
3045 770 3154 843 γάρ
3179 772 3207 824 6
3233 772 3534 842 Φαρισαῖος
3558 770 3764 831 ἐκεῖνος

2073 856 2165 909 τὸν
2185 856 2420 928 τελώνην
2461 854 2584 912 εἷπε
2619 857 2808 923 κακῶς
2839 858 3137 931 ἀληθεύων,
3169 858 3281 913 ἀλλ’
3305 860 3457 930 ὅμως
3488 857 3650 910 οὐδὲν
3669 858 3764 910 αὐ-

2075 941 2169 994 τοῦ
2198 942 2356 997 τοῦτο
2381 944 2641 1017 προέστη.
2664 946 2801 999 Εἰπὲ
2826 947 2935 1019 γάρ
2966 963 3078 1017 μοι,
3101 945 3341 1017 τελώνης
3365 942 3435 1016 ἦν
3463 947 3493 999 6
3520 943 3764 1012 τελώνης

2075 1028 2168 1080 καὶ
2191 1029 2544 1101 άμαρτωλός;
2567 1031 2734 1089 Παντί
2755 1049 2857 1085 που
2882 1032 3041 1103 δῆλον
3063 1033 3146 1086 ὅτι
3171 1030 3409 1101 τελώνης
3427 1047 3441 1061 ο
3464 1030 3587 1085 ἀλλ’
3610 1030 3763 1101 ὅμως

2074 1115 2260 1187 ἐπειδὴ
2310 1116 2473 1171 αὐτὸν
2519 1116 2773 1172 ἐκάκισεν
2814 1119 2844 1171 ὀ
2877 1120 3200 1191 Φαρισαῖος,
3245 1118 3487 1190 ἀπῆλθεν
3541 1118 3764 1172 ἅπαντα

2074 1202 2364 1267 ἀπολέσας.
2417 1203 2604 1257 Βούλει
2642 1204 2934 1276 διορθῶσαι
2972 1205 3065 1260 τὸν
3114 1205 3387 1276 ἀδελφόν;
3458 1204 3761 1275 δάκρυσον,

2073 1285 2225 1355 εὖξαι
2274 1289 2353 1360 τῷ
2378 1290 2516 1362 Θεῷ,
2567 1294 2688 1345 κατ’
2725 1292 2861 1346 ίδίαν
2892 1293 3072 1348 λαϐὼν
3113 1293 3467 1365 παραίνεσον,
3512 1290 3762 1362 συμϐού-

2072 1376 2282 1443 λευσον,
2310 1378 2713 1449 παρακάλεσον.
2736 1379 2893 1433 Οῦτω
2916 1380 3013 1434 καὶ
3035 1382 3062 1434 6
3079 1379 3289 1443 Παῦλος
3317 1378 3513 1432 ἐποίεεν
3533 1378 3762 1443 M1110);-

2071 1463 2329 1518 ἐλθόντα
2353 1483 2450 1534 με.
2483 1467 2649 1538 φησὶ.
2684 1465 3024 1536 ταπεινώσῃ
3063 1471 3096 1522 ό
3128 1468 3294 1533 Θεὸς,
3329 1466 3427 1520 καὶ
3471 1465 3763 1530 πενθήσω

2072 1552 2338 1618 πολλοὺς
2369 1551 2486 1606 τῶν
2510 1555 3073 1623 προημαρτηκότων,
3101 1553 3200 1608 καί
3220 1554 3306 1623 μὴ
3330 1551 3761 1624 μετανοησάν-

2070 1655 2189 1693 των
2218 1638 2316 1691 ἐπὶ
2349 1639 2421 1708 τῇ
2455 1641 2810 1710 ἀκαθαρσίᾳ,
2844 1642 2943 1695 καὶ
2962 1642 3232 1711 πορνείᾳ,
3264 1641 3365 1695 καὶ
3392 1640 3693 1709 ἀσελγείᾳ
3726 1634 3761 1709 ᾖ

2070 1728 2359 1795 ἔπραξαν.
2392 1730 2571 1794 Δεῖξον
2598 1731 2820 1802 ἀγάπην
2850 1732 2980 1803 περὶ
3012 1731 3106 1785 τὸν
3133 1730 3494 1802 ἡμαρτηκότα
3514 1746 3528 1758 ·
3568 1732 3760 1782 πεῖσον

2070 1817 2229 1870 αὐτὸν
2262 1818 2344 1872 ὅτι
2389 1819 2688 1890 κηδόμενος
2729 1819 2825 1872 καὶ
2860 1819 3190 1890 φροντίζων,
3225 1818 3326 1871 οὐκ
3365 1815 3760 1886 ἐκπομπεῦσαι

2072 1902 2415 1976 βουλόμενος,
2444 1907 2573 1976 περί
2599 1917 2622 1945 ο
2652 1906 2754 1977 τῆς
2781 1905 3057 1978 ἁμαρτίας
3081 1906 3246 1960 αὐτὸν
3273 1906 3725 1976 ὑπομιμνήσκεις
3745 1921 3756 1931 '

2069 1994 2308 2063 κάτασχε
2334 1994 2520 2058 πόδας,
2540 1992 3026 2067 καταφίλησον,’μὴ
3048 1994 3435 2066 ἐπαισχυνθῇς,
3460 1994 3514 2047 ετ
3535 2009 3608 2061 γε
3632 1992 3762 2061 ἀλη-

2069 2081 2175 2146 θῶς
2205 2083 2485 2154 ἰατρεῦσαι
2520 2083 2717 2154 βούλει.
2741 2081 2930 2137 Ταῦτα
2963 2083 3059 2137 καὶ
3089 2084 3266 2155 ἰατροὶ
3302 2081 3518 2135 ποιοῦσι
3552 2080 3759 2133 πολλά-

2067 2188 2123 2224 κι
2136 2188 2175 2234 ς·
2194 2172 2538 2243 δυσαρέστως
2552 2174 2660 2246 γάρ
2675 2172 2899 2244 ἔχοντας
2911 2173 3038 2235 τοὺς
3054 2172 3368 2243 κάμνοντας
3386 2168 3759 2239 καταφιλοῦν-

2064 2274 2179 2323 τες,
2203 2259 2650 2330 παρακαλοῦντες
2681 2258 3161 2331 ἀναπείθουσιμῦ]
3198 2259 3460 2329 σωτήριον
3492 2255 3758 2320 δέξασθαι

2065 2345 2383 2418 φάρμακον·
2406 2347 2548 2401 οῦτω
2564 2349 2658 2403 καὶ
2676 2349 2739 2403 σὺ
2764 2349 3008 2419 ποίησον·
3025 2347 3102 2418 τῷ
3124 2348 3261 2419 ἰερεῖ
3285 2345 3454 2412 δεῖξον
3484 2343 3545 2397 τὸ
3572 2344 3753 2406 ἕλκος,

2064 2433 2222 2486 τοῦτό
2239 2435 2353 2487 εστι
2371 2435 2692 2505 κηδομένου,
2704 2434 2865 2489 τοῦτο
2881 2434 3255 2507 προνοοῦντος,
3269 2432 3426 2487 τοῦτο
3444 2429 3759 2503 φροντίζον-

2064 2538 2175 2585 τος.
2215 2521 2290 2574 Οὐ
2311 2525 2424 2584 τοίς
2444 2523 2628 2586 κακῶς
2650 2523 2708 2576 δὲ
2741 2523 2899 2594 μόνον
2914 2523 3183 2592 λέγουσιν,
3199 2521 3334 2576 ἀλλά
3351 2522 3444 2576 καὶ
3458 2522 3576 2583 τοῖς
3592 2519 3757 2573 ἀκού-

2065 2625 2183 2662 ουσι
2204 2608 2388 2673 κακῶς
2413 2594 2740 2680 λεγομένους
2760 2610 2986 2681 ἐτέρους
3011 2608 3263 2681 παραινῶ
3290 2609 3391 2672 τὰς
3419 2607 3595 2670 ἀκοάς
3622 2610 3756 2662 ἀπο-

2066 2697 2346 2768 φράττειν,
2372 2698 2467 2750 καὶ
2491 2696 2582 2751 τὸν
2607 2698 2895 2769 προφήτην
2925 2697 3211 2769 μιμεῖσθαι
3232 2696 3322 2752 τὸν
3342 2696 3569 2764 λέγοντα
3592 2714 3608 2726 ·
3646 2696 3755 2750 Τὸν

2065 2783 2525 2838 καταλαλοῦντα
2546 2784 2739 2852 λάθρα
2766 2783 2874 2838 τόν
2896 2785 3165 2853 πλησίον
3184 2784 3390 2846 αὐτοῦ,
3411 2783 3636 2837 τοῦτον
3658 2782 3755 2847 ἑξο

2063 2870 2330 2925 εδίωκον.
2362 2872 2496 2925 Εἰπὲ
2524 2871 2659 2943 πρὸς
2687 2871 2780 2924 τὸν
2814 2871 3067 2942 πλησίον·
3110 2872 3296 2942 Ἔχεις
3316 2870 3605 2924 ἐπαινέσαι
3632 2872 3755 2923 τινὰ

2075 2958 2174 3012 καὶ
2220 2960 2606 3030 ἐγκωμιάσαι;
2659 2959 2862 3026 ἀνοίγω
2906 2958 3008 3019 τὰς
3040 2959 3230 3023 ἀκοὰς,
3271 2959 3361 3012 ἵνα
3400 2957 3651 3029 δέξωμαι
3688 2958 3753 3011 τά

2069 3045 2217 3118 μύρα
2236 3065 2251 3078 ·
2274 3045 2341 3100 ἃν
2380 3047 2438 3100 δέ
2478 3046 2666 3111 κακῶς
2696 3045 2888 3118 ἐθέλῃς
2920 3048 3114 3109 εἰπεῖν,
3151 3042 3482 3117 ἀποφράττω
3511 3046 3615 3117 τὴν
3643 3048 3751 3100 εἴσ-

2065 3132 2181 3184 οδον
2207 3135 2319 3195 τοῖς
2364 3134 2636 3204 ῥήμασιν·
2677 3135 2739 3186 οὐ
2787 3133 2898 3205 γὰρ
2947 3132 3211 3204 ἀνέχομαι
3253 3135 3457 3204 κόπρον
3490 3135 3588 3187 καὶ
3629 3135 3753 3206 βόρ-

2067 3220 2225 3290 ϐορον
2251 3220 2528 3291 δέχεσθαι.
2555 3221 2621 3274 Τί
2663 3238 2754 3291 μοι
2782 3220 2844 3274 τὸ
2875 3220 3069 3292 κέρδος
3099 3223 3163 3274 ἐκ
3195 3220 3290 3273 τοῦ
3325 3220 3519 3291 μαθεῖν
3543 3221 3628 3275 ὅτι
3658 3241 3752 3276 πο-

1973 3328 1977 3335 υ
2065 3306 2229 3377 νηρὸς
2262 3309 2290 3360 6
2320 3308 2503 3374 δεῖνα;
2543 3309 2801 3378 μέγιστον
2828 3307 2928 3379 μὲν
2956 3304 3051 3363 οὖν
3073 3308 3181 3362 ἀπὸ
3201 3308 3391 3362 τούτου
3418 3307 3621 3378 βλάϐος
3660 3311 3754 3364 καὶ

2067 3393 2268 3465 ἐσχάτη
2299 3394 2493 3465 ζημία.
2516 3395 2651 3448 Εἰπὲ
2679 3395 2814 3467 πρὸς
2835 3395 2998 3449 αὐτόν
3020 3412 3034 3426 ο
3057 3394 3497 3467 Μεριμνήσωμεν
3520 3396 3590 3448 τὰ
3612 3398 3746 3467 ἡμέ-

2064 3496 2218 3552 τερα,
2246 3480 2366 3543 πῶς
2398 3481 2504 3535 τῶν
2541 3481 3097 3553 πεπλημμελημένων
3126 3484 3259 3554 ἡμῖν
3288 3481 3521 3546 εὐθύνας
3542 3483 3749 3555 δῶμεν,

2066 3567 2161 3620 καὶ
2207 3567 2307 3639 τὴν
2344 3569 2666 3640 περιεργίαν
2697 3570 2902 3641 ταύτην
2947 3569 3041 3623 καὶ
3079 3568 3178 3641 τὴν
3210 3568 3751 3642 πολυπραγμοσύνην

2067 3654 2147 3717 εἰς
2173 3654 2273 3725 τὴν
2307 3653 2451 3726 ζωὴν
2477 3654 2576 3727 τὴν
2599 3655 2876 3728 ἡμετέραν
2906 3656 3323 3727 ἐπιδειξώμεθα.
3350 3656 3520 3711 Ποίαν
3552 3658 3751 3730 ἕξομεν

2066 3741 2382 3811 ἀπολογίαν,
2407 3742 2531 3796 τίνα
2561 3743 2914 3815 συγγνώμην,
2940 3743 3068 3797 ὅταν
3092 3743 3163 3796 τά
3187 3743 3433 3815 ἡμέτερα
3475 3744 3579 3814 μὲν
3613 3747 3751 3816 μηδὲ

2065 3831 2146 3893 εἰς
2171 3830 2297 3884 νοῦν
2318 3830 2708 3902 λαμϐάνωμεν,
2741 3833 2809 3886 τά
2831 3831 2889 3885 δέ
2915 3830 3173 3902 ἀλλότρια
3193 3831 3336 3885 οὕτω
3357 3830 3752 3905 πολυπραγμο-

2065 3917 2244 3988 νῶμεν
2269 3935 2283 3983 ;
2312 3920 2422 3973 Kal
2456 3918 2648 3992 ὥσπερ
2676 3921 2756 3984 εἰς
2778 3920 2956 3974 οἰκίαν
2986 3919 3331 3992 παρακύψαι,
3371 3921 3468 3974 καὶ
3499 3924 3573 3974 τά
3601 3922 3749 3976 ἔνδον

2065 4007 2483 4078 κατασκοπῆσαι
2523 4006 2543 4046 ί
2560 4007 2850 4079 παριόντα,
2885 4007 3109 4078 αἰσχρὸν
3131 4008 3225 4061 καὶ
3246 4007 3449 4078 πολλῆς
3481 4011 3750 4081 αἰσχύνης

2063 4094 2234 4165 γέμον
2249 4111 2262 4124 ·
2292 4094 2437 4150 οὕτω
2459 4097 2553 4150 καὶ
2582 4096 2696 4166 βίον
2717 4095 2997 4168 ἀλλότριον
3019 4094 3498 4168 περιεργάζεσθαι,
3525 4098 3751 4152 ἀνελευο

2073 4181 2264 4254 θερίας
2288 4184 2543 4254 ἐσχάτης.
2588 4184 2662 4238 Τὸ
2713 4184 2772 4239 δέ
2802 4184 2994 4239 τούτου
3046 4184 3610 4257 καταγελαστότερον,
3668 4188 3749 4240 ὅτι

2063 4270 2303 4324 τοιοῦτον
2324 4271 2542 4341 ἔχοντες
2568 4271 2702 4341 βίον,
2729 4272 2824 4326 καὶ
2841 4272 2951 4327 τῶν
2978 4272 3194 4328 οἰκείων
3214 4273 3567 4345 ἀμελοῦντες,
3599 4278 3748 4329 ἐπει⁴

2063 4356 2160 4410 δάν
2189 4359 2383 4412 είπωσί
2415 4376 2469 4412 τι
2500 4360 2610 4413 τῶν
2638 4361 2986 4433 ἀπορρήτων,
3030 4361 3410 4434 παρακαλοῦσι
3447 4362 3543 4416 τὸν
3583 4364 3747 4417 ἀκού-

2067 4458 2253 4508 σαντα,
2282 4446 2376 4497 καὶ
2398 4444 2620 4517 ὀρκοῦσι
2654 4447 2844 4517 μηδενὶ
2874 4446 3059 4501 λοιπὸν
3087 4450 3264 4503 εἰπεῖν
3294 4449 3488 4521 ἑτέρῳ,
3518 4450 3747 4506 αὐτόθεν

2063 4530 2349 4603 δηλοῦντες
2380 4533 2463 4586 ὅτι
2510 4535 2744 4606 πρᾶγμα
2776 4534 2925 4601 ἀξιον
2958 4536 3293 4607 κατηγορίας
3342 4537 3630 4609 ἐποίησαν.
3688 4541 3746 4592 Εἰ

2062 4620 2172 4693 γάρ
2200 4624 2405 4675 ἐκεῖνον
2456 4623 2650 4693 μηδενὶ
2698 4623 2872 4675 εἰπεῖν
2922 4622 3095 4694 ἐτέρῳ
3125 4625 3467 4695 παρακαλεῖς
3488 4664 3505 4688 ,
3565 4627 3747 4698 πολλῷ

2067 4707 2266 4777 μᾶλλον
2287 4709 2347 4761 σέ
2368 4709 2633 4780 πρότερον
2657 4709 2833 4780 τούτῳ
2857 4707 3035 4764 ταῦτα
3062 4711 3236 4764 εἰπεῖν
3262 4711 3362 4765 οὐκ
3378 4713 3570 4784 ἐχρῆν.
3603 4716 3747 4774 Κατ·

2064 4796 2211 4866 εἶχες
2273 4797 2331 4848 ἐν
2381 4795 2653 4867 ἀσφαλείᾳ
2705 4795 2796 4848 τὸν
2830 4794 3016 4865 λόγον·
3046 4796 3135 4850 ὅτε
3177 4797 3340 4851 αὐτὸν
3388 4799 3745 4870 προέδωκας.

2064 4883 2185 4937 τότε
2214 4884 2314 4955 τῆς
2363 4884 2641 4955 σωτηρίας
2672 4883 2838 4938 αὐτοῦ
2875 4885 3216 4955 φροντίζεις;
3264 4889 3312 4941 εἰ
3348 4886 3514 4961 βούλῃ
3544 4890 3626 4962 μὴ
3665 4891 3747 4957 ἐξ·

2066 4969 2350 5041 ενεχθῆναι
2389 4972 2467 5034 εἰς
2500 4971 2720 5042 ἕτερον,
2759 4970 2895 5042 μηδὲ
2943 4973 3105 5036 αὐτὸς
3135 4974 3296 5044 είπῃς
3316 4990 3328 5003 ·
3357 4974 3445 5028 ὅτε
3478 4975 3537 5028 δὲ
3575 4977 3747 5050 ἑτέρῳ

2067 5057 2385 5128 προέδωκας
2415 5055 2508 5111 τοῦ
2546 5057 2706 5127 λόγου
2731 5057 2830 5131 τὴν
2873 5059 3141 5131 φυλακὴν,
3173 5060 3403 5131 περιττά
3443 5065 3621 5128 ποιεῖς
3659 5068 3747 5119 καὶ

2065 5143 2298 5214 ἀνόνητα
2324 5145 2738 5215 παραγγέλλων,
2766 5148 2861 5200 καὶ
2892 5146 3074 5219 ὀρκῶν
3105 5147 3246 5219 ὑπὲρ
3286 5148 3387 5219 τῆς
3433 5148 3544 5204 τῶν
3594 5154 3746 5224 εἰρη-

2069 5231 2246 5302 μένων
2280 5231 2548 5304 φυλακῆς.
2597 5233 2736 5286 Ἀλλ’
2761 5233 2860 5305 ήδύ
2891 5233 2952 5288 τὸ
2983 5238 3355 5306 κακηγορεῖν;
3390 5236 3488 5307 ἡδὺ
3521 5239 3625 5309 μὲν
3657 5238 3749 5294 οὖν

2065 5319 2126 5373 τὸ
2162 5321 2236 5392 μὴ
2268 5319 2447 5389 λέγειν
2486 5320 2694 5386 κακῶς.
2734 5321 2792 5374 ὐ
2832 5322 2932 5393 μὲν
2963 5323 3072 5396 γὰρ
3098 5324 3268 5377 εἰπὼν
3293 5324 3496 5390 κακῶς,
3539 5327 3750 5398 ἐναγώο

2065 5425 2178 5473 νιος
2211 5408 2396 5462 λοιπόν
2427 5409 2596 5471 ἐστιν,
2633 5409 2930 5465 ὑποπτεύει
2957 5429 3018 5467 τε
3054 5414 3146 5466 καὶ
3181 5411 3405 5477 δέδοικε,
3445 5415 3543 5467 καὶ
3583 5433 3747 5485 μεταο

2064 5497 2194 5561 νοεῖ,
2245 5496 2340 5552 καὶ
2370 5496 2646 5551 κατεσθίει
2685 5497 2783 5569 τὴν
2832 5499 3028 5554 ἐαυτοῦ
3061 5500 3322 5570 γλῶτταν,
3365 5500 3628 5567 δεδοικὼς
3658 5506 3750 5558 καὶ

2065 5577 2305 5649 τρέμων,
2339 5580 2412 5651 μή
2451 5596 2580 5633 ποτε
2603 5580 2685 5644 εἰς
2717 5580 2940 5654 ἐτέρους
2969 5582 3243 5652 ἐξενεχθὲν
3271 5583 3330 5635 τὸ
3366 5583 3521 5653 ῥῆμα
3575 5588 3751 5656 μέγαν

2067 5662 2323 5735 ἐπαγάγῃ
2373 5663 2467 5717 τὸν
2500 5663 2766 5722 κίνδυνον.
2803 5667 2898 5719 καὶ
2945 5666 3207 5737 περιττὴν
3251 5665 3452 5736 ἔχθραν
3512 5669 3613 5722 καὶ
3659 5673 3751 5726 alv-

2066 5744 2255 5817 όνητον
2290 5747 2719 5818 ἐργάσηταιτοῖς
2745 5750 3025 5821 εἰρηκόσιν
3048 5767 3061 5780 ·
3098 5752 3126 5802 6
3154 5751 3209 5804 δὲ
3242 5752 3369 5823 παρ’
3400 5749 3582 5822 ἐαυτῷ
3616 5772 3751 5810 κατ-

2130 5876 2150 5939 ῗ
2178 5875 2243 5939 In
2269 5873 2377 5926 aliis
2398 5876 2505 5939 περί
2536 5878 2695 5925 deest.

2133 5934 2316 5989 ‘Savil.
2343 5944 2394 5988 el
2416 5934 2513 5989 ddo
2537 5953 2651 5990 mss.
2683 5946 3067 5999 κατασκοπῆσαι.
3097 5941 3265 6006 Morel.
3297 5952 3345 5992 et
3372 5945 3454 5994 alii
3481 5952 3743 6005 σκοπῆσαι.
