3892 6236
288 301 355 354 55
1238 290 1328 345 AD
1368 286 1539 343 ΡΟΡο
1549 284 1684 341 LUM
1729 282 1828 338 ΑΝ

1936 279 2214 361 cunnum
2255 279 2484 335 ttotttL.
2528 279 2612 333 tu.
3483 274 3549 329 δι

279 414 355 467 De
399 413 493 467 Dei
528 410 674 468 enim
714 410 791 466 ira
836 408 1085 479 loquutus
1125 416 1179 461 et
1211 406 1419 460 iliorutn
1446 400 1648 474 jejunio
1676 442 1691 465 ,
1723 399 1862 453 idem

273 503 701 575 conciliationem
733 512 790 556 et
813 499 1201 556 conciliationis
1218 512 1432 553 causam
1453 497 1657 557 dicens,
1674 493 1752 546 sic
1778 492 1857 546 in-

273 598 411 665 quit,
443 593 510 647 Et
530 595 654 647 uidit
681 593 818 647 Deus
846 608 1000 661 opera
1019 590 1245 660 ipsorum
1266 588 1435 660 (Jomr
1462 587 1514 641 5.
1541 583 1648 657 l0).
1679 582 1863 651 Qualia

274 687 472 755 opera?
493 686 635 756 quod
665 684 1082 756 jejunaverunt?
1108 681 1250 753 quod
1279 696 1494 737 saccum
1535 674 1864 732 induerunt?

273 777 415 832 Nihil
445 778 658 843 horum,
684 777 778 832 sed
809 776 923 831 ba‘c
947 776 1123 830 omnia
1153 783 1332 829 tacens
1362 770 1536 826 itttulit
1564 788 1576 823 :
1610 769 1862 836 Quoniam

271 886 541 925 conuersus
569 881 643 927 est
670 871 878 942 quisque
901 886 933 923 a
957 870 1050 924 uiis
1076 869 1182 924 suis
1210 866 1360 922 malis
1384 907 1401 932 ,
1432 875 1480 920 et
1500 865 1728 937 pmm'tuit
1753 861 1861 916 Do-

269 959 471 1012 minum
492 959 641 1020 mali,
658 960 795 1028 quod
814 959 941 1027 ipsis
964 974 1018 1011 se
1037 957 1303 1026 facturum
1322 956 1530 1009 dixerat
1544 952 1833 1023 (IbL).Ccr-

271 1049 360 1103 uis
378 1048 525 1118 quod
545 1063 651 1102 non
669 1049 937 1118 jejunium
959 1048 1205 1117 periculo
1223 1047 1439 1115 eripuit,
1458 1048 1549 1100 sed
1568 1045 1691 1099 vita:
1710 1061 1835 1097 mu-

267 1140 402 1193 tatio
420 1138 587 1193 Deum
601 1139 851 1193 barbaris
869 1138 1142 1207 placatum
1163 1146 1219 1191 et
1237 1138 1552 1191 benevolum
1572 1133 1835 1190 reddidit?

340 1222 535 1296 Jejunii
572 1242 692 1280 nera
724 1228 975 1281 ratior—
1001 1226 1128 1282 Hmc
1174 1227 1281 1281 dixi
1307 1268 1322 1291 ,
1353 1242 1460 1282 non
1496 1236 1553 1281 ut
1594 1225 1855 1295 jejunium

265 1317 793 1382 contemnamus,sed
811 1326 866 1371 ut
875 1316 1134 1388 jejunium
1157 1317 1477 1374 honoremus
1496 1336 1510 1372 :
1531 1318 1702 1372 honor
1714 1317 1855 1372 enim

261 1403 454 1474 jejunii
482 1421 586 1460 non
614 1407 853 1462 ciborum
871 1407 1210 1475 abstinentia,
1235 1410 1328 1464 sed
1352 1419 1687 1479 peccatorum
1712 1407 1852 1478 fuga.

266 1492 344 1547 lta
374 1503 430 1548 ut
452 1496 539 1565 qui
565 1496 807 1552 ciborum
834 1498 1155 1554 abstinentia
1196 1508 1398 1555 tantum
1461 1499 1722 1569 jejunium
1761 1498 1857 1553 de-

263 1583 437 1657 ﬁniat,
463 1586 505 1641 is
528 1588 757 1643 maxime
781 1591 954 1657 ipsum
980 1588 1258 1660 vituperet.
1271 1589 1527 1659 Jejunas?
1546 1590 1854 1645 demonstra

263 1675 398 1729 mihi
446 1691 541 1744 per
562 1678 675 1747 ipsa
702 1693 884 1748 Opera.
916 1680 1098 1748 Qualia
1123 1722 1140 1748 ,
1172 1681 1367 1752 inquis.
1413 1681 1615 1752 opera?
1640 1682 1695 1736 Si
1724 1697 1855 1752 pau-

263 1780 449 1833 perem
479 1767 695 1836 videris,
720 1772 976 1826 miserere
1007 1788 1021 1824 :
1052 1772 1097 1826 si
1128 1773 1401 1827 inimicum
1432 1772 1651 1839 videris,
1672 1773 1883 1828 conci-'

260 1854 399 1911 liare
427 1874 441 1909 :
471 1857 517 1911 si
545 1859 774 1913 amicum
802 1860 1138 1918 laudabiliter
1162 1877 1405 1932 agt-ment
1434 1862 1648 1931 videris,
1681 1879 1748 1919 ne
1777 1864 1851 1918 in-

257 1944 485 2019 videas:
515 1948 560 2003 si
601 1948 880 2005 mulierem
923 1951 1118 2007 videris
1164 1953 1460 2022 Speciosam
1485 1994 1502 2020 ,
1534 1965 1844 2024 praetereas.

257 2033 377 2092 Non
406 2039 549 2092 enim
579 2053 641 2094 os
671 2049 874 2096 tantum
897 2042 1103 2112 jejunet
1124 2085 1140 2109 ,
1166 2043 1261 2098 sed
1289 2053 1342 2098 et
1366 2045 1581 2112 oculus,
1612 2055 1668 2101 et
1693 2047 1849 2103 audi-

255 2135 348 2182 tus
376 2168 393 2193 ,
421 2138 477 2184 et
513 2129 711 2200 pedes,
743 2141 795 2186 et
826 2148 1014 2188 manus
1040 2174 1057 2201 ,
1089 2142 1143 2189 ct
1185 2136 1362 2190 omnia
1395 2138 1637 2206 corporis
1678 2138 1847 2194 nostri

255 2220 502 2276 membra
518 2220 782 2291 jejuncnt.
805 2223 1059 2295 Jejunent
1081 2242 1268 2281 manus
1288 2244 1318 2283 a
1348 2230 1529 2298 rapina
1556 2241 1608 2286 et
1623 2232 1843 2287 avaritia

251 2310 472 2366 munda:
501 2328 514 2365 :
536 2311 780 2382 jejuncnt
808 2316 971 2383 pedes
995 2316 1059 2371 ad
1092 2317 1270 2372 illicita
1298 2322 1595 2389 spectacula
1626 2338 1842 2379 cursum

250 2401 610 2469 reprimentes
636 2421 650 2457 :
674 2403 918 2473 jejuncnt
953 2407 1094 2461 oculi
1119 2407 1388 2464 dis-centes
1411 2426 1703 2482 numquam
1730 2415 1842 2467 for--

250 2491 421 2546 mosis
450 2492 721 2548 obtutibus
747 2495 973 2562 insilire,
1003 2513 1100 2552 nec
1126 2499 1330 2554 alienas
1357 2500 1569 2557 curiose
1601 2503 1840 2571 pulchri-

248 2582 469 2637 tudines
521 2592 786 2654 spectare.
833 2585 996 2642 Cibus
1039 2589 1180 2643 enim
1222 2590 1499 2645 oculorum
1534 2595 1837 2662 spectatio:

246 2673 346 2728 sed
390 2675 436 2728 si
479 2674 753 2747 illegitima
801 2678 872 2732 sit
904 2689 960 2734 et
983 2680 1248 2750 prohibita
1273 2682 1515 2753 ,jejnnio
1563 2697 1757 2753 nocet,
1786 2699 1841 2745 et

243 2780 466 2822 omnem
496 2770 691 2824 animae
726 2771 950 2827 salutem
979 2773 1240 2830 subvertit
1267 2794 1282 2831 :
1305 2776 1348 2831 si
1377 2793 1504 2834 vero
1530 2779 1761 2850 legitima
1784 2792 1838 2839 et

244 2871 549 2927 concessa,
593 2871 751 2917 ornat
798 2863 1082 2933 jejunium.
1132 2867 1339 2923 Etenim
1392 2870 1835 2930 absurdissimum

243 2957 434 3014 esset,
463 2952 642 3007 cibum
687 2955 949 3011 sumendo
995 2958 1156 3013 etiam
1199 2974 1229 3013 a
1273 2974 1526 3017 concessa
1567 2964 1836 3022 abstinere

240 3052 371 3094 esca
401 3054 497 3110 per
514 3041 775 3112 jejunium
797 3086 812 3110 ,
836 3046 1006 3102 oculis
1026 3057 1201 3104 autem
1227 3051 1428 3106 utendo
1453 3053 1614 3108 etiam
1646 3056 1830 3125 prohi-

241 3129 352 3185 bita
362 3147 410 3184 tn
436 3132 717 3202 attingere.
738 3134 857 3190 Non
873 3137 1110 3194 comedis
1131 3155 1320 3197 carnes
1335 3141 1359 3195 ?
1374 3158 1545 3214 neque
1562 3145 1830 3204 lasciviam

240 3235 337 3288 per
381 3221 566 3278 oculos
595 3223 829 3281 haurias.
863 3226 1079 3299 Jejuuet
1106 3239 1161 3286 et
1186 3233 1372 3287 auris:
1403 3236 1614 3291 aurium
1651 3248 1828 3294 autem

232 3311 502 3382 jejunium
547 3315 904 3374 detractiones
944 3329 1001 3375 et
1050 3322 1344 3379 calumnias
1382 3341 1486 3380 non
1530 3329 1825 3399 suscipere.

235 3404 488 3460 Auditum
534 3409 668 3463 enim
712 3427 897 3466 vanum
940 3430 1042 3468 non
1094 3417 1337 3488 suscipies
1363 3417 1556 3490 (Exod.
1596 3420 1686 3479 2'5.
1731 3425 1824 3495 l),

235 3496 430 3567 inquit.

302 3587 360 3642 ὅ.
394 3587 606 3658 Jejunet
632 3606 843 3664 quoque
870 3608 933 3649 os
951 3609 981 3648 a
1012 3596 1189 3651 verbis
1219 3598 1459 3668 turpibus
1484 3609 1539 3655 et
1561 3603 1821 3661 convicio.

232 3676 363 3745 Qua:
391 3681 532 3734 enim
558 3682 755 3738 utilitas
773 3699 894 3740 cum
913 3687 1101 3742 avibus
1121 3689 1335 3758 quidem
1365 3701 1419 3746 et
1441 3691 1673 3762 piscibus
1702 3697 1824 3752 abs-

233 3771 521 3839 tineamus,
553 3772 748 3830 fratres
797 3792 924 3832 vero
962 3779 1301 3834 mordeamus
1353 3791 1409 3836 et
1434 3784 1822 3841 comedamus?

234 3859 536 3919 Detrahens
565 3863 826 3921 fraternas
850 3883 1041 3924 carnes
1066 3872 1318 3938 comedit,
1352 3876 1577 3943 proximi
1605 3891 1818 3934 carnem

233 3954 551 4009 momordit:
593 3967 875 4028 propterea
926 3971 981 4016 et
1024 3961 1221 4019 Paulus
1263 3967 1469 4032 terruit,
1502 3968 1727 4026 dicens:
1759 3972 1820 4027 Si

230 4055 398 4100 autem
433 4063 522 4102 uos
562 4050 776 4105 invicem
812 4054 1050 4110 mordetis
1098 4066 1145 4110 et
1167 4058 1445 4125 comeditis,
1483 4061 1644 4116 ridete
1666 4080 1728 4117 ne
1755 4065 1819 4119 ab

226 4136 437 4192 inuicem
450 4144 818 4198 consumamini
836 4142 856 4217 (
876 4144 992 4200 Gal.
1011 4148 1064 4202 ὅ.
1094 4150 1162 4204 15
1184 4149 1223 4217 ).
1250 4148 1364 4204 Νοιι
1393 4151 1609 4208 inﬁxisti
1628 4155 1817 4213 dentes

226 4229 392 4291 carni,
423 4229 518 4285 sed
537 4233 730 4287 animae
757 4233 1112 4301 maledictum,
1138 4238 1432 4308 improbam
1456 4246 1812 4313 suspicionem

227 4316 465 4384 inﬁxisti,
500 4322 822 4386 vulnerasti,
852 4325 1143 4383 innumeris
1165 4328 1388 4386 al‘fecisti
1412 4334 1565 4389 malis
1610 4346 1666 4391 et
1717 4340 1813 4393 tei-

225 4420 396 4475 psum,
418 4419 476 4465 et
502 4411 729 4477 illutn,et
747 4414 880 4469 alios
899 4418 1110 4487 plures:
1132 4422 1327 4476 etenim
1351 4423 1653 4481 audientem
1675 4428 1814 4497 pejo-

224 4514 333 4554 rem
355 4502 547 4570 fecisti,
567 4507 867 4574 proximum
883 4509 1243 4567 calumnians:
1266 4514 1379 4569 sive
1400 4516 1541 4571 enim
1559 4530 1812 4588 peccator

222 4591 306 4653 sit,
333 4601 447 4648 tum
473 4598 687 4665 segnior
719 4597 798 4663 ﬁt,
828 4603 1029 4669 peccati
1052 4605 1558 4662 communicatorem
1586 4621 1805 4668 nactus:

220 4681 330 4737 sive
365 4682 542 4752 justus
571 4687 659 4752 sit,
694 4688 748 4742 in
777 4692 1137 4761 arrogantiam
1163 4694 1385 4762 tollitur,
1413 4708 1471 4754 et
1503 4698 1716 4756 inﬂatur
1742 4720 1806 4759 ex

221 4773 443 4831 aliorum
474 4787 713 4847 peccato,
755 4796 944 4852 magna
974 4783 1041 4838 de
1064 4785 1243 4856 seipse
1267 4790 1467 4845 sentire
1498 4806 1803 4861 persuasus.

221 4863 437 4939 Insuper
482 4885 823 4928 communem
874 4873 1128 4933 Ecclesia:
1177 4888 1374 4935 statum
1426 4882 1646 4938 laesisti;
1697 4903 1800 4942 non

220 4959 354 5013 enim
395 4974 586 5016 omnes
622 4963 905 5021 audientes
955 4978 1292 5038 peccatoretn
1329 4973 1499 5027 solum
1528 4985 1799 5042 accusant,

218 5050 304 5104 ted
342 5054 597 5123 opprobia
633 5055 1058 5114 Christianorum
1104 5063 1249 5132 genti
1299 5063 1648 5132 inﬁiguntur:
1698 5083 1801 5125 nec

217 5141 392 5197 audias
435 5144 678 5202 inﬁdeles
721 5147 925 5216 dicere,
972 5151 1120 5206 illum
1164 5152 1537 5211 fornicatorem
1575 5172 1698 5215 esse
1745 5171 1799 5214 ct

210 5232 546 5304 dissolutum,
570 5240 663 5295 sed
686 5256 782 5310 pro
796 5257 862 5297 eo
878 5245 967 5313 qui
986 5247 1242 5314 peccavit,
1265 5246 1594 5305 Christianos
1608 5268 1796 5308 omnes

214 5326 484 5384 calumniis
516 5331 783 5389 insectari.
813 5336 892 5390 Ad
923 5336 1037 5391 hzrc
1061 5337 1151 5392 Dei
1177 5339 1401 5408 gloriam
1434 5341 1794 5412 blaspbcntat-i

211 5414 373 5474 fecisti
409 5440 425 5478 :
454 5423 595 5479 sicut
620 5427 763 5482 enim
806 5428 961 5484 nobis
1004 5429 1337 5487 laudabiliter
1370 5434 1668 5491 viventibus
1699 5439 1790 5493 Dei

209 5521 396 5566 nomen
421 5515 775 5584 gloriﬁcatur,
807 5520 886 5574 sic
922 5524 1265 5590 peccantibus
1315 5525 1712 5595 blasphematur
1734 5541 1789 5585 et

207 5608 516 5663 contumelia
531 5608 780 5665 afﬁcitur.
799 5611 1078 5683 Quartum,
1102 5618 1241 5670 male
1255 5618 1558 5673 audientem
1583 5620 1787 5690 pudore

209 5694 440 5767 aﬁecisti,
457 5708 512 5757 et
537 5703 614 5759 sic
642 5703 1084 5774 impudentiorem
1103 5709 1398 5779 reddidisti,
1432 5710 1706 5769 inimicum
1732 5725 1785 5772 ct

1973 398 2183 450 hostem
2225 395 2442 450 faciens.
2473 396 2749 463 Quintum,
2783 394 3007 464 teipsum
3039 409 3209 463 patum
3235 399 3289 447 et
3319 392 3546 460 casﬁga-

1968 488 2127 542 tionis
2145 503 2293 543 reum
2309 487 2499 555 fecisti,
2520 488 2728 558 negotia
2745 488 2813 541 ad
2832 495 2882 541 te
2899 487 3027 540 nihil
3046 486 3319 539 attiucnt'za
3341 494 3547 537 texens.

1966 580 2044 635 Ne
2063 579 2180 651 quis
2203 581 2343 635 enim
2360 581 2463 636 hoc
2493 581 2622 635 mihi
2651 580 2811 646 dicat,
2841 579 2991 633 Tunc
3009 576 3250 642 detraho,
3273 589 3391 630 cum
3419 573 3547 628 falsa

1965 670 2119 737 dico;
2156 672 2204 727 si
2241 681 2421 728 autem
2462 687 2587 728 vera
2629 672 2770 733 dico,
2810 672 3048 726 minime.
3087 669 3219 724 Nam
3264 668 3387 722 licet
3421 681 3545 721 vera

1967 762 2191 832 loquens
2210 761 2347 817 male
2372 762 2590 826 dixeris,
2613 771 2667 817 et
2696 763 2795 817 hoc
2824 771 2908 818 est
2930 762 3129 817 crimen
3156 759 3386 815 :etenim
3419 756 3547 812 Pha-

1965 853 2151 909 risatus
2179 855 2267 911 ille
2309 855 2589 924 publicano
2627 855 2895 910 vcridicus
2945 851 3259 920 maledixit(
3295 850 3419 904 Luc.
3459 849 3523 904 18

1964 945 2027 1000 Η
2056 944 2226 1017 );scd
2257 953 2434 1002 tamen
2462 945 2565 1001 hoc
2586 946 2682 1016 ipsi
2701 945 2830 999 nihil
2854 943 3068 1015 profuit.
3098 943 3306 1008 Nonne,
3337 956 3542 1010 quatso,

1962 1036 2274 1105 publicanus
2299 1046 2415 1092 erat
2459 1036 2766 1107 publicanus
2793 1045 2842 1090 et
2875 1041 3119 1105 peccator
3144 1032 3166 1086 ?
3196 1031 3400 1100 Cuiqne
3430 1045 3546 1084 cer-

1965 1137 2074 1182 tum
2127 1137 2211 1182 est
2255 1127 2395 1198 quod
2436 1128 2747 1194 publicanus
2779 1125 3046 1189 erat;sed
3083 1123 3332 1193 quoniant
3371 1121 3542 1190 ipsum

1960 1217 2279 1288 vituperavit
2322 1218 2624 1272 Pharisaeus
2656 1258 2671 1283 ,
2712 1217 2842 1271 abiit
2880 1215 3127 1269 omnibus
3169 1212 3398 1267 amissis.
3454 1210 3545 1265 Vis

1962 1311 2177 1365 fratrem
2204 1311 2513 1382 corrigere?
2543 1310 2823 1380 Lacryma,
2850 1322 2945 1361 ora
2968 1307 3156 1369 Deum,
3187 1318 3426 1359 seorsum
3445 1317 3541 1371 ap-

1961 1404 2279 1473 prehensum
2309 1406 2557 1462 admone.
2588 1403 2826 1467 consnle,
2865 1400 3150 1455 exbortare
3177 1415 3190 1451 :
3222 1397 3300 1451 sic
3322 1405 3372 1451 et
3400 1394 3539 1450 Pau-
3614 1400 3616 1403 ‘

1959 1494 2043 1549 ius
2085 1495 2353 1549 faciebat:
2385 1494 2467 1549 Ne
2492 1497 2667 1549 iterum
2695 1510 2809 1548 cum
2852 1506 3048 1556 uenero,
3083 1489 3271 1559 inquit,
3313 1487 3540 1540 Ituntiliet

1958 1602 2038 1639 me
2077 1586 2217 1641 Deus
2258 1587 2398 1657 apud
2437 1603 2544 1647 vos.
2575 1596 2621 1641 et
2661 1587 2860 1656 lugeam
2887 1583 3071 1638 multos
3100 1597 3165 1635 ea:
3199 1580 3284 1646 iis,
3313 1578 3398 1649 qui
3422 1587 3539 1631 ante

1958 1688 2301 1748 peccaverunt,
2333 1688 2379 1732 et
2404 1695 2505 1732 non
2529 1686 2736 1747 egerunt
2761 1674 3102 1746 paenitentiam
3138 1687 3290 1742 super
3316 1670 3539 1723 intumu-

1956 1771 2105 1837 ditia,
2130 1779 2177 1825 et
2196 1770 2551 1841 fornicatione,
2570 1778 2615 1823 et
2640 1765 2959 1836 impudicitia
2981 1779 3132 1834 quam
3155 1770 3410 1833 gesserunt
3455 1758 3533 1830 (2.

1955 1860 2072 1915 Cor.
2116 1861 2202 1917 l2.
2233 1860 2297 1916 21
2347 1859 2387 1931 ).
2414 1859 2635 1917 Declara
2666 1858 2976 1912 charitatem
3005 1870 3129 1925 erga
3158 1864 3491 1925 pcccalorem
3519 1869 3531 1904 :

1952 1953 2211 2023 persuade
2243 1952 2361 2022 ipsi,
2383 1951 2524 2022 quod
2553 1950 2838 2007 consulens
2853 1960 2904 2003 et
2928 1963 3141 2012 curans,
3163 1963 3264 2001 non
3294 1945 3529 2000 traduce-

1954 2061 2013 2100 re
2036 2045 2241 2110 volens,
2271 2043 2475 2115 peccati
2497 2044 2665 2113 ipsum
2681 2041 3092 2098 commonefacis
3107 2057 3122 2094 :
3137 2038 3533 2110 comprehende

1953 2138 2133 2208 pedes,
2153 2137 2414 2202 osculare,
2433 2152 2500 2191 ne
2515 2136 2823 2200 erubescas,
2840 2136 2882 2189 si
2902 2134 3059 2189 modo
3077 2150 3199 2189 vere
3216 2133 3414 2189 mederi
3431 2132 3528 2185 vis.

2018 2228 2298 2299 Confessio.
2336 2257 2410 2268 -—
2451 2227 2576 2283 Haec
2619 2237 2674 2282 et
2714 2227 2904 2281 medici
2944 2227 3139 2281 faciunt
3183 2227 3410 2296 sa-pius,
3439 2226 3528 2291 qui

1948 2319 2192 2374 difﬁciles
2218 2328 2450 2390 aegrotos
2475 2319 2702 2384 habent;
2731 2318 3118 2382 deoscuiantcs,
3141 2325 3390 2386 rogantes
3411 2331 3530 2384 pcr-

1946 2413 2168 2468 suadent
2207 2413 2494 2467 salutarem
2550 2426 2763 2466 sumere
2817 2410 3131 2464 medicinam
3161 2424 3175 2463 :
3210 2410 3277 2461 ita
3310 2420 3362 2460 tu
3392 2422 3528 2474 quo-

1944 2520 2050 2573 que
2077 2502 2175 2564 fac,
2202 2501 2468 2557 sacerdoti
2491 2503 2680 2557 vulnus
2702 2501 2978 2556 manifesta
3009 2518 3022 2554 :
3051 2500 3151 2553 hec
3169 2511 3249 2553 est
3270 2498 3526 2562 curantis,

1946 2595 2051 2651 hoc
2079 2595 2426 2664 providentis,
2468 2595 2570 2649 hoc
2608 2594 2956 2649 consulentis.
3002 2593 3118 2647 Non
3164 2591 3309 2645 solos
3347 2599 3524 2644 autem

1943 2685 2254 2751 maledicos,
2288 2685 2382 2741 sed
2429 2694 2483 2739 ct
2519 2684 2637 2738 aliis
2679 2683 2886 2738 detrahi
2943 2682 3220 2737 audientes
3266 2680 3526 2735 admoneo

1941 2791 2099 2831 aures
2124 2776 2421 2840 obstruere,
2452 2785 2508 2831 et
2526 2773 2840 2845 prophetam
2869 2774 3060 2827 imitari
3088 2772 3351 2826 dicentem
3378 2785 3396 2822 :
3418 2768 3523 2822 De-

1940 2868 2218 2922 ira/tentem
2248 2876 2435 2921 secreto
2465 2867 2696 2937 proximo
2716 2866 2967 2932 διιο,Ιιιιιιε
2989 2861 3351 2934 persequcbur(
3376 2859 3521 2914 Part1.

1940 2959 2064 3015 l00.
2092 2959 2190 3031 5).
2232 2960 2326 3014 Dic
2356 2962 2619 3030 proximo,
2655 2958 2831 3012 Habes
2859 2958 3110 3026 aliquem,
3140 2972 3298 3026 quem
3336 2954 3517 3008 laudes

1937 3059 1992 3106 et
2009 3050 2396 3106 commendes?
2431 3049 2799 3120 auresapcrio,
2830 3057 3165 3119 utunguenta
3197 3046 3518 3114 suscipiam;

1934 3142 1979 3196 si
2005 3156 2133 3197 vero
2177 3141 2319 3195 ntale
2342 3141 2471 3197 velis
2496 3142 2695 3207 dicere,
2722 3140 2901 3195 verbis
2950 3141 3248 3211 ingressum
3279 3139 3471 3192 obturo
3500 3153 3515 3189 :

1935 3248 2041 3288 non
2072 3233 2218 3289 enim
2245 3243 2451 3288 stercus
2482 3242 2536 3288 et
2563 3247 2776 3287 cmnum
2805 3231 3049 3301 accipere
3076 3230 3336 3284 sustineo.
3364 3226 3514 3295 Quod

1933 3325 2062 3380 mihi
2089 3325 2318 3391 lucrum,
2362 3325 2408 3379 si
2434 3324 2691 3390 didicero,
2721 3323 2871 3377 illum
2901 3336 3021 3377 esse
3046 3320 3343 3390 improlmm
3363 3318 3386 3371 ?
3409 3318 3517 3371 imo

1931 3417 2221 3471 maximum
2253 3427 2630 3472 nocumentnm
2661 3430 2729 3471 ex
2776 3414 2894 3479 hoc,
2925 3424 2978 3468 et
3012 3420 3255 3467 extrema
3285 3412 3513 3480 jactura.

1932 3507 2173 3578 Loquere
2198 3508 2262 3562 ad
2295 3508 2465 3577 ipsum
2501 3525 2513 3560 :
2537 3507 2795 3562 Curemus
2823 3501 3304 3573 nostra,quomodo
3333 3516 3514 3572 pecca-

1931 3608 2103 3653 torum
2147 3600 2404 3653 rationem
2445 3596 2752 3662 reddamus,
2784 3605 2838 3651 ct
2884 3594 3247 3650 curiositatem
3297 3596 3433 3647 hanc
3458 3599 3513 3646 ct

1926 3704 2207 3760 operosam
2238 3689 2630 3759 indagationem
2651 3688 2795 3743 circa
2813 3689 2972 3742 vitam
2995 3693 3232 3741 nostram
3253 3685 3509 3741 exhibea-

1926 3798 2063 3837 mus.
2094 3781 2263 3849 Quam
2289 3782 2432 3837 enim
2455 3780 2769 3836 habebimus
2794 3780 3214 3844 excusationem,
3240 3792 3397 3848 quam
3418 3792 3508 3832 vc-

1926 3874 2089 3935 niam,
2121 3889 2243 3927 cum
2301 3882 2480 3926 nostra
2536 3887 2604 3927 ne
2649 3873 2703 3926 in
2745 3879 2976 3924 mentem
3012 3869 3225 3938 quidem
3275 3868 3506 3933 veniant,

1923 3964 2092 4021 aliena
2139 3979 2265 4017 vero
2291 3964 2501 4018 curiose
2531 3950 2874 4015 scrutemur?
2905 3958 3052 4014 Sicut
3082 3959 3134 4012 itt
3178 3958 3393 4012 domum
3447 3973 3508 4013 se

1923 4055 2203 4120 inclinare,
2235 4064 2290 4109 et
2320 4054 2574 4109 interiora
2605 4053 2948 4107 considerare
2979 4048 3324 4121 praztereunti
3353 4056 3506 4119 turpe

1921 4159 2022 4214 est,
2054 4155 2109 4202 et
2137 4148 2295 4201 multa
2327 4147 2615 4217 ignominia
2644 4146 2856 4215 plenum
2884 4163 2897 4199 :
2924 4145 3003 4199 sic
3026 4152 3079 4200 et
3104 4144 3245 4199 circa
3276 4145 3502 4198 alienam

1920 4240 2079 4293 vitam
2123 4248 2366 4309 satagere
2397 4238 2767 4294 illiberalitatis
2800 4247 3055 4292 extrema:
3081 4247 3182 4293 est.
3215 4236 3328 4292 lloc
3374 4253 3503 4292 vero

1918 4332 2201 4387 ridiculum
2242 4331 2407 4400 magis
2439 4340 2541 4397 est,
2567 4328 2709 4403 quod
2754 4330 2913 4386 talem
2947 4330 3204 4385 habentes
3230 4329 3413 4396 vitam,
3446 4339 3504 4385 et

1917 4437 2005 4478 res
2051 4439 2175 4478 suas
2215 4424 2562 4494 negligentes,
2593 4438 2713 4478 cum
2741 4421 2940 4492 aliquid
2966 4437 3219 4476 arcanum
3250 4420 3501 4485 dixerint,

1915 4524 2102 4582 rogant
2124 4513 2427 4569 audientem
2450 4521 2505 4569 et
2522 4512 2788 4583 adjurant,
2812 4528 2881 4567 ne
2897 4512 3142 4581 cuiquam
3164 4512 3314 4567 alteri
3336 4512 3499 4575 dicat,

1915 4604 2038 4660 hinc
2066 4604 2419 4672 declarantes,
2450 4620 2510 4661 se
2534 4620 2648 4660 rem
2671 4599 3087 4675 reprehensione
3113 4604 3325 4674 dignam
3351 4618 3501 4658 com-

1913 4698 2142 4754 n.isissc.
2175 4697 2230 4753 Si
2254 4698 2397 4752 enim
2426 4697 2595 4763 illum,
2619 4706 2678 4753 ut
2704 4699 2903 4754 nemini
2932 4697 3093 4762 dicat,
3122 4709 3299 4767 rogas,
3331 4696 3499 4750 multo

1911 4790 2080 4859 magis
2111 4798 2163 4844 te
2200 4789 2430 4859 priorem
2460 4789 2583 4846 huic
2610 4789 2791 4845 dicere
2815 4805 2922 4845 non
2949 4789 3247 4860 oportebat.
3297 4788 3351 4843 ln
3385 4796 3497 4843 tuto

1909 4895 2211 4937 sermonem
2240 4881 2515 4938 habebas:
2547 4873 2824 4954 postquam
2845 4883 3018 4953 ipsum
3044 4881 3343 4952 prodidisti,
3369 4891 3495 4937 tunc

1908 4974 2135 5028 salutem
2170 4973 2337 5043 ipsius
2377 4988 2566 5038 curas;
2614 4975 2660 5028 si
2691 4988 2796 5029 non
2825 4974 2910 5029 vis
2935 4972 3115 5029 eﬁ‘erri
3154 4974 3224 5030 ad
3265 4975 3516 5045 alterum,

1906 5079 2080 5134 neque
2130 5064 2245 5136 ipse
2292 5065 2487 5131 dicas;
2519 5076 2800 5137 postquam
2850 5081 2981 5122 vero
3008 5066 3163 5121 alteri
3210 5065 3489 5136 prodidisti

1903 5157 2169 5210 sermonis
2193 5157 2510 5224 custodiam,
2539 5158 2806 5228 superﬂua
2830 5158 2958 5214 facis
2982 5167 3038 5214 et
3057 5159 3282 5225 inutilia,
3303 5158 3489 5212 admo-

1902 5265 2035 5305 nens
2057 5259 2110 5305 et
2125 5251 2396 5306 obtestans
2406 5266 2506 5322 pro
2530 5250 2793 5307 dictorum
2809 5250 3178 5308 custodia.Sed
3193 5248 3488 5319 ineundum

1899 5342 2223 5399 detrahere?
2244 5344 2352 5399 imo
2368 5346 2663 5415 jucundum
2683 5363 2787 5402 non
2808 5346 3109 5404 detrahere.
3134 5346 3233 5414 Qui
3254 5342 3487 5400 detrahit

1899 5436 2041 5490 enim
2067 5436 2320 5506 deinceps
2343 5438 2533 5493 anxius
2559 5447 2662 5506 est,
2686 5440 2984 5508 suspicatur
3007 5448 3059 5493 ct
3089 5439 3256 5500 timet,
3280 5446 3335 5492 et
3359 5451 3481 5490 eum

1900 5528 2142 5597 ptenitet,
2175 5538 2226 5583 et
2262 5528 2493 5600 linguam
2520 5544 2671 5585 suam
2727 5529 2959 5595 mordet,
2991 5530 3181 5593 timens
3210 5538 3264 5584 et
3292 5530 3479 5585 tremi-

1894 5635 2079 5686 scens,
2096 5635 2164 5675 ne
2187 5620 2329 5677 forte
2349 5621 2470 5677 aliis
2496 5623 2827 5677 enuntiatum
2854 5621 3077 5679 verbum
3104 5636 3354 5692 magnum
3380 5622 3479 5677 sibi

1897 5714 2191 5788 periculum
2221 5715 2430 5783 afferat,
2460 5725 2515 5772 et
2549 5713 2875 5786 superﬂuam
2904 5726 2959 5781 et
2992 5716 3231 5773 inutilem
3297 5715 3474 5771 inimi-
