3892 6236
397 289 463 345 55
1106 290 1157 346 S.
1198 288 1471 344 JOANNIS
1508 282 1974 344 CllliYSOSTOMl

2087 288 2330 343 lCllliiP.
2372 288 2889 348 CONS’I’ANTINOI‘.
3599 289 3665 342 56

398 402 575 455 citiam
620 401 702 464 iis,
742 401 830 470 qui
872 401 1076 466 dixere,
1110 412 1400 470 operetur:
1438 401 1526 468 qui
1570 400 1802 468 seipsum
1845 414 1970 453 vero

401 493 660 555 continet,
694 492 745 546 in
776 492 1059 546 securitate
1087 491 1311 561 plurima
1341 506 1461 545 cum
1491 491 1654 545 multa
1688 492 1830 545 vivet
1877 507 1971 545 vo-

396 585 447 638 Ιιι
460 595 622 653 ptate.
1878 606 1905 631 τ

474 674 728 728 Detractio
779 673 1000 728 vitanda.
1054 702 1123 714 -—-
1167 673 1364 727 Audisti
1410 673 1737 727 sermonem?
1782 671 1971 741 inquit,

403 768 643 819 moriatur
665 769 716 818 iu
743 777 788 818 te
815 781 833 819 :
858 765 1073 832 con/ide,
1104 782 1203 818 non
1236 775 1283 817 te
1308 766 1584 832 disrumpet
1638 765 1658 836 (
1687 765 1848 818 Eccli.
1882 764 1972 820 19.

402 857 513 921 10).
541 855 673 920 Quid
695 866 798 920 est,
829 853 1079 908 Moriatur
1104 855 1155 907 in
1183 855 1271 907 te?
1297 855 1584 924 Exstingue
1604 854 1799 923 ipsum,
1826 853 1974 909 defo-

399 947 529 1008 dito,
562 960 659 1000 nec
687 947 851 1008 exire,
882 961 1054 1014 neque
1087 948 1293 1014 penitus
1316 947 1519 1001 moveri
1542 946 1851 1015 permittas;
1881 948 1974 1001 sed

402 1040 635 1094 maxime
661 1040 834 1104 stude,
866 1055 966 1094 nec
988 1041 1122 1094 alios
1161 1041 1371 1109 quidem
1404 1040 1542 1094 male
1567 1040 1803 1094 dicentes
1840 1041 1974 1093 tole-

400 1145 538 1183 rare.
562 1129 713 1197 Quod
741 1130 784 1183 si
814 1129 1022 1197 quando
1047 1139 1100 1184 et
1122 1130 1443 1197 susceperis,
1464 1130 1705 1192 infodito,
1731 1130 1976 1187 interime

401 1220 621 1285 dictum,
651 1221 902 1274 oblivioni
932 1221 1099 1286 trade,
1139 1231 1195 1274 ut
1238 1222 1302 1274 iis
1330 1222 1415 1291 qui
1455 1236 1560 1274 non
1602 1222 1864 1276 audierint
1897 1221 1973 1275 si-

402 1308 543 1367 milis
569 1312 683 1375 tias,
707 1320 761 1365 et
789 1326 909 1364 cum
940 1314 1097 1364 nutlta
1122 1326 1251 1380 pace
1270 1319 1320 1365 ct
1353 1311 1636 1365 securitate
1661 1319 1974 1380 praesentem

401 1399 664 1468 transigas
718 1399 899 1454 vitam.
933 1399 985 1455 Si
1017 1400 1284 1455 delatores
1333 1400 1632 1464 didicerint,
1663 1401 1802 1470 quod
1833 1402 1976 1470 ipsos

405 1488 569 1557 magis
590 1504 744 1556 quam
787 1500 1063 1543 accusatos
1092 1505 1420 1558 aversemur,
1455 1501 1509 1544 et
1538 1490 1637 1558 ipsi
1668 1490 1878 1545 tandem
1908 1492 1977 1546 ab

403 1578 502 1632 bac
532 1580 665 1633 mala
714 1580 1094 1634 consuetudine
1128 1581 1404 1645 desistent,
1452 1589 1506 1635 et
1536 1592 1805 1649 peccatum
1853 1597 1976 1635 cor-

404 1670 594 1737 rigeut,
623 1683 675 1724 et
700 1670 986 1724 laudabunt
1022 1673 1275 1740 posthazc,
1301 1681 1354 1727 et
1376 1686 1471 1726 nos
1496 1673 1638 1741 ipsos
1667 1673 1816 1741 quasi
1851 1688 1977 1726 suos

403 1770 704 1813 servatores
738 1773 791 1814 et
822 1760 1186 1814 benefactores
1234 1761 1615 1830 praedicabunt.
1661 1761 1808 1816 Sicut
1834 1764 1974 1816 enim

407 1848 718 1903 benedicere
744 1862 796 1904 et
843 1851 1057 1905 laudare
1087 1852 1351 1915 amicitia},
1383 1853 1459 1907 sic
1486 1862 1539 1907 et
1582 1853 1899 1908 maledicere
1923 1864 1978 1908 et

405 1938 711 1993 calumniari
737 1942 1022 1996 inimicitia.-
1039 1951 1092 1996 et
1113 1943 1218 1997 odii
1244 1954 1298 1998 et
1321 1944 1627 2012 injuriarum
1659 1945 1975 2015 principium

404 2038 503 2088 est,
524 2040 681 2099 atque
708 2032 1028 2086 infinitarum
1062 2033 1443 2088 discordiarum
1473 2036 1693 2090 materia
1745 2035 1855 2090 Non
1876 2037 1976 2090 ali-

409 2119 549 2174 unde
600 2131 776 2174 nostra
824 2123 1177 2192 negliguntur,
1233 2139 1388 2193 quam
1452 2125 1591 2195 quod
1631 2126 1805 2180 aliena
1831 2135 1975 2180 sata-

405 2211 575 2277 gimus
600 2213 912 2281 curioseque
928 2224 1227 2268 scrutamur
1251 2231 1265 2267 :
1296 2230 1400 2268 non
1427 2215 1568 2268 enim
1594 2226 1746 2270 vacat
1776 2217 1974 2270 homini

406 2301 683 2367 maledico,
708 2314 757 2357 et
776 2305 979 2360 alienos
995 2308 1292 2375 exquirenti
1307 2323 1503 2372 mores,
1528 2311 1794 2378 propriam
1812 2325 1980 2379 quan-

403 2393 577 2463 doque
603 2396 763 2449 vitam
792 2411 981 2452 curare
1010 2415 1024 2451 :
1054 2399 1231 2453 studio
1255 2399 1395 2454 enim
1425 2400 1568 2453 muni
1601 2400 1650 2453 iu
1682 2401 1975 2455 alienorum

402 2487 761 2541 curiositatem
792 2489 1052 2558 impenso,
1086 2505 1306 2545 necesse
1331 2500 1413 2545 est
1435 2492 1611 2546 omnia
1640 2493 1753 2561 ejus
1778 2498 1979 2547 temere

402 2586 457 2631 et
486 2579 813 2648 negligenter
835 2580 1033 2649 jacere.
1066 2581 1277 2636 Etenim
1309 2582 1443 2636 bene
1470 2582 1742 2636 nobiscum
1770 2583 1849 2653 agi
1878 2599 1975 2652 pu-

406 2671 621 2724 tandum
666 2680 768 2733 est.
825 2672 868 2725 si
912 2687 1070 2727 omne
1107 2674 1272 2727 otium
1320 2673 1374 2727 in
1427 2674 1759 2743 propriorum
1794 2662 1976 2730 coram

408 2769 744 2829 peccatorum
771 2772 823 2817 et
847 2763 1100 2831 judicium
1132 2765 1496 2833 impendentes
1524 2765 1779 2833 prolicere
1805 2766 1978 2834 possi-

410 2864 528 2905 mus
557 2870 570 2906 :
594 2869 713 2906 cum
744 2869 870 2907 vero
911 2869 1123 2924 semper
1155 2855 1324 2908 aliena
1346 2868 1520 2920 cures,
1546 2855 1755 2924 quando
1779 2854 1847 2910 de
1877 2856 1979 2911 tuis

404 2941 662 2996 sollicitus
683 2944 791 2998 eris
817 2944 1013 2998 malis?

474 3034 528 3088 6.
572 3035 858 3106 Fugiamus
881 3037 1059 3107 igitur,
1084 3037 1284 3102 dilecti,
1314 3036 1576 3107 fugiamus
1599 3036 1975 3101 detractiones,

406 3124 549 3179 docti
577 3124 627 3179 id
657 3141 775 3181 esse
800 3136 964 3181 totum
1005 3124 1201 3183 diaboli
1246 3128 1553 3182 barathrum
1584 3137 1638 3181 et
1668 3127 1977 3182 insidiarum

405 3216 522 3284 ejus
566 3217 862 3273 latibulum.
896 3218 964 3275 Ut
1005 3221 1145 3275 enim
1177 3230 1355 3274 nostra
1386 3220 1735 3290 negligamus,
1772 3229 1824 3273 et
1859 3234 1982 3288 gra-

405 3311 582 3365 viores
610 3312 762 3366 nobis
792 3323 968 3366 reatus
993 3313 1396 3378 constituamus,
1449 3312 1501 3366 in
1549 3314 1686 3367 hanc
1730 3326 1827 3365 nos
1852 3326 1979 3364 con-

405 3396 733 3458 suetudinem
753 3405 991 3459 diabolus
1012 3404 1189 3467 duxit;
1214 3405 1321 3458 imo
1334 3419 1460 3458 vero
1488 3419 1591 3457 non
1624 3402 1675 3457 id
1707 3402 1776 3457 ibi
1806 3403 1977 3455 solum

405 3496 546 3550 inest
572 3497 717 3561 mali,
742 3497 880 3565 quod
910 3507 1032 3552 tunc
1059 3498 1318 3551 rationem
1364 3497 1609 3550 dabimus
1639 3511 1822 3550 eorum
1862 3511 1979 3564 qua:

403 3584 655 3650 diximus,
688 3587 779 3641 sed
813 3588 970 3640 etiam
1001 3587 1143 3655 quod
1179 3597 1395 3656 peccata
1424 3596 1603 3640 nostra
1633 3588 1710 3641 sic
1735 3587 1978 3663 graviora

408 3675 680 3742 faciemus,
717 3678 859 3731 omni
889 3693 990 3733 nos
1016 3677 1368 3733 excusatione
1396 3679 1663 3747 privantes
1685 3696 1697 3731 :
1722 3679 1812 3748 qui
1837 3679 1977 3732 enim

406 3770 598 3823 acerbe
621 3770 788 3824 aliena
811 3772 1058 3841 exquirit,
1087 3770 1137 3824 in
1161 3771 1366 3825 delictis
1381 3773 1490 3824 suis
1510 3771 1706 3825 nullam
1733 3785 1980 3840 umquam

408 3860 613 3912 veniam
640 3862 991 3916 nanciscetur.
1025 3861 1138 3916 Non
1169 3863 1310 3917 enim
1341 3870 1542 3916 tantum
1574 3879 1602 3915 a
1645 3874 1980 3932 peccatorum

411 3964 712 4009 nostrorum
759 3968 965 4025 natura,
1013 3958 1106 4012 sed
1129 3967 1182 4011 ct
1212 3974 1274 4012 ex
1303 3957 1499 4027 judicio
1526 3958 1593 4012 de
1638 3957 1757 4010 aliis
1800 3967 1982 4011 nostro

406 4048 720 4101 Sententiam
750 4048 889 4102 Deus
921 4047 1154 4117 proferet
1183 4067 1195 4102 :
1231 4049 1428 4103 idcirco
1452 4047 1725 4102 admonuit
1750 4046 1935 4101 dicens
1965 4064 1978 4103 :

412 4134 588 4189 Nolite
621 4137 877 4206 judicare,
924 4154 986 4191 ne
1023 4139 1324 4208 judicemini
1354 4138 1375 4209 (
1406 4137 1590 4191 Matth.
1623 4139 1674 4191 7.
1702 4138 1727 4190 i
1784 4135 1803 4209 )
1830 4155 1842 4189 :
1874 4152 1978 4191 non

406 4227 547 4280 enim
586 4226 740 4295 quale
761 4225 856 4280 fuit
883 4240 1178 4296 peccatum,
1213 4230 1318 4284 tale
1344 4229 1453 4283 illic
1479 4229 1531 4282 in
1561 4229 1789 4283 futnrmn
1817 4244 1980 4298 appa—

406 4315 582 4382 rebit;
629 4316 722 4370 sed
748 4319 1029 4386 quamdam
1078 4334 1323 4390 magnam
1368 4330 1422 4375 et
1454 4320 1806 4375 inevitabilem
1836 4319 1984 4374 addi-

407 4407 603 4461 tionem
646 4423 675 4461 a
723 4407 921 4478 judicio
947 4410 999 4463 in
1027 4425 1342 4465 conversum
1376 4412 1513 4465 facto
1560 4411 1800 4480 accipiet.
1837 4411 1985 4465 Sient

406 4498 548 4551 enim
576 4498 836 4553 humanus
866 4509 921 4553 et
947 4500 1088 4554 mitis
1116 4510 1169 4554 et
1191 4501 1428 4555 clemens
1455 4500 1712 4570 majorem
1740 4511 1983 4568 peccato-

409 4606 523 4644 rum
566 4593 878 4661 gravitatem
915 4593 1181 4647 succidit:
1211 4594 1281 4648 ita
1322 4595 1544 4655 acerbus
1574 4604 1630 4650 et
1669 4593 1901 4648 crudelis
1929 4604 1984 4648 et

408 4681 759 4750 implacabilis
789 4697 1036 4752 magnum
1067 4685 1293 4753 propriis
1333 4687 1540 4754 pondus
1567 4686 1796 4756 peccatis
1816 4700 1980 4754 appo-

405 4772 501 4825 nit.
559 4771 712 4825 Elimi
723 4788 908 4827 nemus
955 4774 1115 4844 igitur
1139 4789 1351 4830 omnem
1381 4792 1443 4829 ex
1471 4791 1564 4830 ore
1589 4786 1773 4831 nostro
1801 4777 1982 4829 detra-

402 4864 660 4927 ctionem,
677 4865 906 4920 scientes
925 4866 1065 4937 quod
1086 4867 1187 4922 etsi
1209 4867 1441 4922 cinerem
1462 4868 1823 4931 comedamus,
1840 4867 1983 4921 nulla

409 4954 562 5010 nobis
586 4971 789 5025 aspera:
809 4957 929 5013 vita:
951 4958 1106 5028 hujus
1125 4959 1321 5013 utilitas
1342 4959 1462 5023 erit,
1488 4958 1587 5011 nisi
1609 4974 1637 5009 a
1654 4958 1983 5012 detractione

406 5046 766 5102 abstineamus
791 5065 805 5100 :
836 5064 940 5102 non
962 5050 1105 5104 enim
1130 5064 1247 5120 quae
1275 5050 1473 5104 intrant
1513 5048 1855 5118 coinquinant
1883 5048 1981 5102 ho-

410 5136 630 5202 minem,
660 5137 752 5192 sed
774 5154 893 5208 qua:
921 5149 1116 5194 exeunt
1142 5155 1206 5195 ex
1230 5140 1363 5211 ore(
1395 5138 1578 5193 Matth.
1607 5140 1690 5196 15.
1732 5140 1811 5193 I7.
1852 5140 1913 5192 lS
1940 5138 1978 5209 ).

406 5229 461 5283 Si
491 5230 611 5300 quis
651 5238 703 5284 te
748 5240 1099 5299 praetereunte
1133 5243 1339 5286 stercus
1383 5243 1737 5296 commoveat,
1785 5246 1979 5293 nonne,

405 5336 607 5389 quaiso,
638 5321 785 5376 illum
809 5322 1049 5377 convicio
1074 5333 1129 5377 et
1148 5325 1467 5379 contumelia
1496 5324 1696 5377 atlicias
1721 5323 1743 5375 ἲ
1771 5321 1880 5375 lloc
1904 5320 1986 5375 fac

400 5422 452 5462 et
482 5426 604 5480 erga
629 5413 986 5468 detracturos.
1017 5413 1131 5468 Non
1163 5416 1304 5469 cuint
1324 5418 1400 5471 sic
1429 5424 1753 5470 commotum
1783 5423 1987 5467 stercus

404 5500 548 5554 illum
608 5505 844 5559 fmtorctu
915 5508 1318 5576 suspicientium
1376 5509 1580 5563 cerebri
1620 5506 1986 5561 membranam

403 5592 658 5660 percellit,
695 5597 832 5649 sicut
858 5599 1030 5654 aliena
1063 5610 1278 5669 peccata
1301 5615 1545 5665 excussa,
1569 5609 1623 5654 et
1649 5598 1755 5653 vita
1782 5598 1989 5665 impura

405 5681 685 5751 patefacta,
708 5686 1029 5747 audieuttum
1046 5694 1257 5748 animos
1267 5693 1585 5749 contristare
1601 5702 1655 5746 et
1676 5688 1986 5760 perturbare

2081 402 2274 454 solent.
2298 401 2672 457 Abstineamus
2693 402 2853 471 igitur
2871 417 2902 457 a
2929 403 3278 472 detractione,
3310 408 3666 479 tttrpiloquio.

2087 488 2435 559 blasphemia,
2459 500 2514 546 et
2542 506 2714 561 neque
2743 493 3008 563 proximo,
3032 510 3204 565 neque
3233 496 3340 551 Deo
3367 497 3666 552 maledica-

2082 597 2198 633 mus
2228 596 2241 635 :
2271 582 2418 636 multi
2436 582 2576 637 enim
2599 583 3016 638 obtrectatorum
3044 600 3109 639 eo
3134 585 3331 641 furoris
3356 589 3490 657 lapsi
3512 599 3665 656 sunt,

2084 681 2138 724 ut
2174 686 2204 725 a
2230 673 2502 727 conservis
2529 672 2578 726 in
2626 673 2788 728 Deum
2822 674 3051 744 linguam
3082 691 3230 730 suam
3263 680 3665 733 revocaverint.

2081 762 2342 829 Quantum
2374 780 2500 819 vero
2522 766 2590 818 sit
2622 766 2723 820 hoc
2749 767 2965 833 malum,
2999 783 3064 822 ex
3090 770 3247 823 rebus
3278 786 3419 824 nunc
3445 786 3547 823 nos
3574 787 3667 824 ur—

2081 853 2325 919 gentibus
2347 853 2512 908 disce.
2546 854 2685 909 Ecce
2709 855 2851 909 enitn
2878 855 3038 910 homo
3068 857 3310 927 iujuriam
3333 873 3527 927 passus
3556 870 3663 924 est,

2081 952 2134 996 et
2153 957 2339 999 omnes
2364 945 2610 999 timemus
2638 954 2690 999 et
2720 948 3017 1013 tremimus,
3049 958 3103 1002 et
3123 950 3209 1017 qui
3243 949 3540 1004 intulerunt
3572 953 3663 1004 in-

2077 1032 2292 1101 juriam,
2320 1043 2376 1088 et
2398 1036 2485 1104 qui
2502 1035 2569 1090 de
2590 1036 2732 1090 nulla
2755 1035 3057 1106 hujusmodi
3079 1053 3137 1093 re
3155 1039 3253 1092 sibi
3277 1048 3405 1093 sunt
3423 1041 3662 1105 conscii,

2087 1125 2223 1179 Deus
2249 1135 2424 1180 autem
2469 1141 2565 1196 per
2592 1128 2830 1197 singulos
2855 1128 2971 1183 dies
2999 1129 3190 1199 injuria
3221 1130 3453 1184 afficitur
3482 1148 3496 1183 :
3532 1133 3666 1200 quid

2081 1213 2202 1266 dico
2233 1229 2327 1282 per
2355 1216 2590 1285 singulos
2617 1216 2773 1271 dies?
2803 1218 2910 1272 imo
2931 1234 3057 1273 vero
3082 1234 3179 1289 per
3204 1221 3442 1290 singulas
3471 1220 3663 1286 horas,

2082 1320 2109 1357 a
2142 1304 2411 1372 divitibus,
2443 1323 2473 1361 a
2516 1309 2856 1378 pauperibus,
2895 1326 2924 1363 a
2971 1312 3184 1380 quietis,
3231 1312 3300 1366 ab
3342 1313 3574 1377 afflictis,
3630 1329 3664 1366 a

2086 1396 2547 1462 calumniantibus,
2571 1414 2601 1453 a
2627 1401 2943 1454 calumniam
2968 1400 3275 1468 ferentibus,
3321 1419 3489 1473 neque
3518 1404 3667 1457 ullus

2085 1502 2302 1556 usquam
2332 1489 2382 1542 id
2403 1499 2570 1544 curat.
2606 1492 2729 1547 Ideo
2756 1507 3069 1548 conservum
3096 1494 3278 1548 violari
3310 1496 3573 1564 permisit,
3605 1508 3666 1549 ut

2081 1594 2142 1631 ex
2172 1580 2407 1647 periculo
2438 1597 2532 1649 per
2544 1584 2916 1637 contumeliam
2939 1594 3125 1638 exorto
3144 1584 3318 1640 discas
3336 1584 3545 1638 Domini
3568 1585 3665 1639 be-

2083 1670 2418 1737 nignitatem.
2450 1675 2610 1743 Atqui
2653 1675 2752 1729 hoc
2785 1690 2925 1729 nunc
2970 1676 3198 1745 primum
3236 1675 3433 1731 factum
3471 1687 3575 1742 est,
3607 1689 3666 1731 et

2082 1764 2285 1828 Solum;
2316 1780 2414 1820 nec
2435 1775 2608 1821 tamen
2637 1776 2851 1835 propter
2868 1767 2968 1822 hoc
2983 1783 3079 1823 nos
3096 1769 3254 1823 ullam
3275 1778 3665 1837 assequuturos

2081 1869 2201 1908 esse
2230 1854 2439 1911 veniam
2470 1858 2554 1912 vel
2586 1860 2982 1913 excusationem
3019 1868 3391 1929 exspectamus
3418 1877 3433 1925 ;
3487 1861 3664 1914 Deum

2084 1961 2210 1999 vero
2237 1948 2472 2016 quotidie
2500 1949 2790 2015 irritamus,
2809 1961 2862 2004 et
2884 1952 3085 2005 nullam
3117 1952 3336 2006 facimus
3352 1952 3666 2007 conversio-

2084 2052 2226 2103 nem,
2259 2049 2311 2092 et
2341 2039 2516 2093 adhuc
2541 2058 2661 2095 cum
2688 2042 2830 2095 omni
2863 2043 3258 2112 longanimitate
3286 2045 3527 2098 sustinet.
3568 2044 3663 2098 Vi-

2082 2127 2205 2182 disti
2226 2139 2420 2199 quanta
2461 2131 2669 2185 Domini
2697 2132 2767 2185 sit
2794 2118 3073 2188 clementia
3100 2135 3123 2188 ?
3154 2134 3221 2188 Et
3248 2137 3296 2187 in
3325 2135 3422 2188 hac
3439 2134 3663 2204 quidem

2086 2220 2520 2287 prmvarieatione
2540 2224 2628 2291 qui
2657 2233 3033 2291 peccaverunt,
3061 2225 3199 2292 capti
3230 2233 3368 2288 sunt,
3393 2234 3446 2279 et
3474 2227 3525 2278 in
3547 2240 3667 2280 car-

2083 2327 2260 2365 cerem
2289 2313 2510 2378 detrusi,
2531 2330 2820 2385 poenasque
2845 2315 3137 2382 dederunt;
3162 2316 3256 2371 sed
3284 2328 3459 2371 tamen
3484 2317 3667 2372 adhuc

2085 2401 2368 2456 timemus:
2402 2403 2626 2459 necdum
2670 2406 2817 2459 enim
2858 2405 2992 2460 facta
3026 2407 3185 2460 lassus
3213 2406 3431 2471 audivit,
3485 2420 3669 2477 neque

2084 2493 2403 2547 sententiam
2453 2494 2769 2560 enuntiavit,
2821 2504 2875 2549 et
2922 2510 3107 2550 omnes
3147 2496 3459 2559 tremimus;
3514 2495 3669 2551 Deus

2085 2597 2210 2637 vero
2229 2583 2470 2652 quotidie
2492 2585 2844 2639 contumelias
2877 2586 2927 2639 in
2958 2600 3015 2639 se
3043 2585 3208 2639 factas
3223 2585 3392 2648 audit,
3416 2593 3471 2640 et
3499 2600 3671 2639 nemo

2083 2672 2429 2738 convertitur,
2482 2673 2608 2728 licet
2648 2675 2738 2729 ille
2790 2675 2856 2728 sit
2883 2684 2986 2727 tam
3020 2677 3259 2729 clemens
3283 2685 3337 2729 et
3371 2676 3533 2728 mitis.
3583 2675 3669 2729 Illi

2086 2769 2360 2828 peccatum
2391 2762 2571 2817 dicere
2611 2764 2827 2830 sufficit,
2858 2775 2911 2818 et
2938 2766 3139 2818 crimen
3170 2765 3429 2829 solvitur;
3472 2765 3525 2818 in
3555 2764 3670 2820 lio-

2087 2850 2317 2905 minibus
2357 2867 2487 2907 vero
2529 2854 2855 2907 contrarium
2904 2855 3135 2923 penitus,
3186 2869 3307 2908 cum
3349 2864 3672 2924 peccatores

2083 2942 2312 2997 confessi
2337 2942 2553 3011 fuerint,
2584 2954 2709 3000 tunc
2734 2946 2901 3015 magis
2929 2945 3218 3014 puniuntur
3240 2963 3254 2999 :
3279 2945 3420 3016 quod
3440 2945 3671 3016 quidem

2084 3044 2139 3088 et
2165 3050 2305 3091 nunc
2332 3033 2528 3090 factum
2556 3046 2659 3091 est.

2155 3124 2428 3180 Prwsentis
2455 3127 2756 3181 calamitatis
2781 3126 3069 3196 descriptio.
3097 3157 3167 3168 —-—
3195 3127 3327 3183 Nam
3359 3127 3413 3183 hi
3441 3128 3670 3198 quidem

2085 3215 2242 3281 ferro,
2266 3216 2341 3270 illi
2371 3232 2497 3271 vero
2523 3217 2648 3286 igni,
2675 3217 2887 3286 quidam
2913 3226 3088 3272 autem
3120 3218 3301 3272 bestiis
3332 3218 3508 3272 traditi
3539 3233 3674 3288 per-

2086 3307 2294 3369 ierunt,
2341 3322 2445 3360 non
2475 3308 2569 3360 viri
2602 3316 2801 3361 lautum
2825 3348 2840 3373 ,
2872 3307 2965 3362 sed
3021 3318 3075 3362 et
3122 3308 3270 3377 pueri
3304 3326 3318 3362 :
3350 3323 3450 3363 nec
3486 3310 3673 3363 astatis

2084 3395 2457 3461 immaturitas,
2503 3411 2602 3451 nec
2642 3397 2821 3466 populi
2852 3397 3134 3462 tumultus,
3183 3411 3281 3451 nec
3305 3396 3446 3466 quod
3482 3396 3674 3452 furore

2084 3487 2136 3541 di
2156 3488 2344 3547 ibolico
2374 3489 2553 3558 perciti
2578 3488 2792 3558 quidam
2824 3489 2935 3543 hazc
2967 3488 3215 3555 fecerint,
3243 3504 3341 3544 nec
3365 3488 3508 3559 quod
3534 3505 3671 3546 exa-

2084 3579 2191 3632 ctio
2235 3578 2580 3635 intolerabilis
2626 3589 2812 3646 esset,
2864 3594 2971 3633 non
3018 3589 3329 3648 paupertas,
3370 3595 3475 3633 non
3521 3580 3669 3649 quod

2084 3683 2367 3722 contumuc
2416 3677 2690 3737 peccatum
2739 3667 2915 3734 fuerit,
2959 3684 3064 3722 non
3112 3668 3255 3738 quod
3298 3668 3668 3738 promiserint,

2087 3775 2370 3829 numquam
2415 3773 2474 3814 se
2502 3759 2727 3830 amplius
2757 3761 2878 3815 talia
2923 3774 3168 3827 ausuros,
3204 3776 3309 3815 non
3336 3760 3477 3815 aliud
3507 3761 3671 3830 quid-

2084 3864 2241 3918 quam
2271 3850 2488 3904 omnino
2529 3850 2675 3920 ipsos
2701 3850 2928 3919 eripuit;
2974 3851 3070 3905 sed
3107 3850 3307 3920 absque
3334 3851 3479 3905 omni
3509 3852 3670 3905 venia

2086 3943 2153 3999 ad
2174 3943 2479 3999 barathrum
2498 3943 2914 4009 abducebantur,
2947 3942 3202 3997 militibus
3228 3943 3446 3996 armatis
3475 3943 3673 3997 utrim-

2086 4052 2188 4106 que
2235 4038 2379 4106 ipsos
2423 4036 2699 4106 agentibus
2727 4045 2781 4089 et
2808 4034 3217 4089 observantibus
3239 4074 3254 4098 ,
3298 4050 3365 4088 ne
3392 4034 3513 4103 quis
3544 4049 3671 4088 reos

2087 4127 2354 4196 eriperet:
2377 4136 2432 4181 et
2457 4126 2817 4194 sequebantur
2838 4135 3055 4190 matres,
3081 4124 3263 4194 procul
3282 4124 3495 4193 quidem
3527 4122 3670 4177 ﬁlios

2087 4216 2474 4285 conspicientes
2496 4216 2818 4281 abstractos,
2840 4211 3191 4268 calamitatem
3216 4222 3388 4267 autem
3409 4213 3673 4282 conqueri

2088 4324 2192 4362 noa
2222 4307 2511 4370 audentes;
2561 4306 2810 4362 allectum
2857 4305 2999 4360 cnim
3029 4304 3272 4359 vincebat
3318 4302 3568 4366 formido,
3615 4315 3670 4357 et

2089 4411 2329 4455 naturam
2359 4399 2644 4469 superabat
2672 4409 2867 4453 metus.
2899 4397 2967 4452 Et
2991 4397 3128 4452 sicut
3152 4394 3434 4465 naufragos
3459 4411 3491 4449 a
3522 4404 3672 4451 terra

2087 4501 2402 4547 contuentes
2430 4492 2670 4545 homines
2695 4490 2876 4545 dolent
2902 4488 3149 4559 quidem,
3196 4487 3450 4543 accedere
3486 4497 3672 4542 autem

2087 4594 2139 4639 et
2167 4585 2474 4639 submersos
2501 4585 2707 4652 eripere
2751 4598 2855 4635 non
2883 4582 3056 4635 valent
3084 4597 3097 4633 :
3127 4581 3193 4633 ita
3237 4579 3447 4648 quidem
3475 4587 3533 4633 et
3558 4578 3671 4645 hic,

2090 4687 2354 4747 tau'tqnam
2383 4677 2536 4731 undis
2559 4675 2893 4745 quibusdam,
2924 4673 3145 4726 militum
3175 4672 3362 4725 timore
3388 4669 3676 4740 prohibita:

2092 4778 2287 4824 matres
2306 4811 2322 4836 ,
2350 4784 2456 4822 non
2490 4777 2689 4822 tantum
2715 4767 2969 4821 accedere
2987 4807 3000 4828 ,
3028 4775 3080 4819 et
3106 4765 3250 4834 ipsos
3273 4778 3302 4817 a
3327 4763 3675 4817 damnatione

2091 4876 2278 4915 eruere
2306 4876 2410 4914 non
2437 4859 2735 4925 audebant,
2764 4857 2857 4912 sed
2888 4867 2941 4912 et
2974 4857 3228 4909 timebant
3253 4853 3556 4923 deplorare.
3588 4854 3672 4908 An

2095 4953 2216 5007 hinc
2238 4953 2328 5006 Dei
2354 4950 2770 5006 misericordiam
2798 4949 3059 5018 conjicitis
3078 4962 3236 5016 quam
3265 4944 3547 4999 ineil‘abilis
3568 4946 3675 4999 sit?

2090 5058 2246 5111 quam
2276 5040 2524 5096 inﬁnita?
2561 5039 2830 5111 quomodo
2852 5052 3066 5093 omnem
3107 5036 3444 5090 transcendat
3468 5035 3675 5088 oratio‘

2095 5153 2215 5191 nem
2237 5136 2260 5188 ‘3
2285 5136 2382 5192 llic
2406 5134 2616 5203 quidem
2648 5133 2713 5197 is,
2743 5133 2831 5203 qui
2861 5133 3017 5186 laesus
3042 5139 3146 5193 est.
3174 5138 3228 5185 et
3254 5126 3495 5197 ejusdem
3521 5137 3678 5181 natu-

2090 5249 2186 5293 m,
2215 5237 2268 5283 ct
2293 5228 2459 5283 semel
2480 5243 2549 5281 ex
2574 5227 2716 5279 onmi
2748 5237 2987 5294 tempore
3014 5222 3114 5278 hoc
3139 5236 3326 5292 passus
3352 5227 3455 5284 est,
3484 5229 3540 5272 et
3571 5233 3679 5272 non

2089 5336 2268 5373 eorum
2294 5360 2308 5385 ,
2340 5334 2514 5388 neque
2546 5324 2857 5388 prmsens,et
2882 5321 3184 5376 cernens,et
3219 5309 3441 5365 audiens
3465 5348 3479 5372 ,
3512 5317 3569 5361 et
3601 5317 3679 5363 ta-

2093 5429 2210 5466 mcn
2259 5426 2417 5466 nemo
2458 5424 2669 5464 reorum
2716 5406 2921 5459 veniam
2960 5412 3279 5474 assequutus
3308 5410 3391 5456 est
3423 5418 3436 5452 :
3470 5399 3540 5453 de
3569 5400 3681 5452 Deo

2092 5516 2270 5559 autem
2303 5503 2431 5557 nihil
2462 5501 2649 5555 horum
2685 5500 2861 5553 dicere
2899 5498 3022 5553 licet
3068 5514 3080 5550 :
3109 5495 3304 5552 etenim
3350 5500 3555 5549 tantum
3598 5501 3683 5545 est

2095 5596 2189 5651 Dei
2236 5607 2290 5650 ct
2337 5594 2564 5648 hominis
2609 5592 2893 5646 discrimen
2922 5630 2940 5656 ,
2998 5596 3252 5658 quantum
3296 5599 3456 5639 nemo
3497 5583 3683 5638 verbis

2102 5697 2275 5756 posset
2307 5687 2607 5755 exprimere
2638 5702 2650 5739 :
2680 5681 2917 5757 quotidie
2942 5677 3261 5737 contumelia
3285 5675 3515 5732 afficitur
3546 5687 3680 5745 prmo
