3932 6222
214 334 284 386 55

1213 332 1304 385 AD
1346 332 1679 389 POPULUM
1744 333 2250 390 ANTIOCHENUM
2291 334 2525 388 HUMIL.
2572 334 2655 385 Ill.

3601 334 3673 393 δῦ

221 455 357 518 ἐγων
381 491 395 514 ,
428 449 487 501 ἐν
531 446 803 518 ἀσφαλείᾳ
845 446 1012 518 πολλῇ
1050 448 1188 520 μετά
1239 448 1444 519 πολλῆς
1494 447 1749 518 βιώσεται
1798 434 1897 519 τῆς
2009 449 2324 519 κινούμενα,
2364 449 2460 502 καὶ
2506 448 2622 518 βίος
2665 446 2976 518 ἀκάθαρτος
3020 445 3490 517 ἐκκαλυπτόμενος
3520 446 3685 500 λυπεῖ

214 539 430 609 ἡδονῆς.

290 626 587 691 Ἤκουσας
611 625 815 694 λόγον,
848 622 1041 693 φησίν;
1064 621 1476 678 ἐναποθανέτω
1496 639 1596 678 σοι
1615 640 1628 653 ·
1653 624 1884 691 θάρσει,

188 715 289 767 ,οὐ
318 711 403 782 μή
427 726 502 765 σε
524 709 721 779 ῥήξει.
756 709 823 762 Τί
851 711 1018 771 ἐστιν,
1051 709 1492 764 Ἐναποθανέτω
1519 725 1655 773 σοι;
1689 708 1890 762 Σϐέσον

215 800 400 863 αὑτὸν,
431 799 772 869 κατάχωσον,
801 797 876 868 μὴ
905 798 1268 868 συγχωρήσῃς
1292 794 1547 862 ἐξελθεῖν,
1581 798 1714 868 μηδὲ
1737 812 1892 866 κινη-

216 886 377 956 θῆναι
404 885 467 938 τὸ
507 886 802 955 παράπαν·
853 884 988 938 ἀλλά
1036 884 1268 955 μάλιστα
1321 886 1418 956 μὲν
1480 882 1572 940 οῦν
1624 883 1890 948 σπούδαζε

220 973 357 1045 μηδὲ
377 972 667 1043 ἀνέχεσθαι
692 973 802 1026 τῶν
820 972 1089 1042 λεγόντων
1118 973 1337 1045 ἐτέρους
1358 973 1562 1038 κακῶς.
1593 973 1690 1027 Ἂν
1712 972 1757 1027 δ’
1783 973 1892 1043 ἀρα

217 1077 350 1114 ποτε
387 1061 482 1114 καὶ
513 1061 662 1132 δέξῃ,
698 1061 1034 1132 κατάχωσον,
1070 1060 1393 1115 ἀπόκτεινον
1424 1061 1485 1114 τὸ
1512 1060 1722 1131 λεχθὲν,
1752 1058 1891 1131 λήθῃ

218 1149 461 1220 παράδος
480 1188 495 1212 ,
534 1149 622 1202 ἵνα
654 1152 766 1214 τοῖς
798 1148 873 1219 μὴ
899 1147 1193 1220 ἀκηκοόσιν
1217 1148 1400 1219 ὅμοιος
1441 1148 1593 1221 γένῃ,
1628 1148 1723 1200 καὶ
1755 1146 1894 1217 μετά

218 1237 422 1308 πολλῆς
450 1237 551 1307 τῆς
575 1238 799 1307 εἰρήνης
825 1236 918 1289 καί⁵
948 1236 1050 1307 τῆς
1069 1236 1377 1306 ἀσφαλείας
1407 1237 1500 1289 τὸν
1556 1234 1801 1306 παρόντα
1823 1233 1894 1286 δι-

218 1325 361 1397 ἀγῃς
390 1323 519 1394 βίον.
550 1326 647 1377 ’Ἂν
680 1323 924 1394 μάθωσιν
946 1326 994 1377 οἱ
1026 1325 1344 1396 κακήγοροι,
1374 1324 1455 1377 ὅτι
1478 1323 1586 1378 τῶν
1609 1320 1894 1376 διαϐαλλο-

224 1413 402 1481 μένων
444 1411 644 1482 μᾶλλον
673 1414 833 1482 ἡμεῖς
860 1411 1057 1475 αὐτοὺς
1079 1410 1556 1482 ἀποστρεφόμεθα,
1598 1409 1894 1464 παύσονται

222 1500 316 1552 καὶ
337 1499 491 1552 αὐτοί
526 1515 657 1552 ποτε
685 1498 787 1567 τῆς
818 1498 1061 1569 πονηρᾶς
1086 1497 1374 1569 συνηθείας
1395 1497 1619 1568 ταύτης,
1639 1498 1733 1550 καὶ
1749 1497 1890 1566 διορ-

223 1585 486 1639 θώσονται
504 1585 565 1638 τὸ
586 1585 908 1657 ἁμάρτημα,
922 1585 1018 1637 καὶ
1040 1584 1412 1638 ἐπαινέσονται
1434 1582 1572 1655 μετὰ
1591 1582 1782 1648 ταῦτα,
1800 1584 1895 1636 καὶ

222 1674 370 1743 ἡμᾶς
393 1672 588 1736 αὐτοὺς
613 1672 688 1734 ώς
717 1672 969 1743 σωτῆρας
1007 1670 1186 1724 αὐτῶν
1208 1671 1529 1741 γενομένους
1558 1671 1650 1725 καὶ
1675 1670 1897 1739 εὐεργέ-

222 1778 324 1824 τας
368 1759 813 1832 ἁνακηρύξουσιν.
871 1760 1082 1830 ’Ὠσπερ
1130 1758 1238 1830 γὰρ
1264 1758 1327 1812 τό
1373 1758 1554 1822 καλῶς
1594 1758 1773 1826 λέγειν
1802 1757 1894 1811 καὶ

223 1846 591 1918 ἐγκωμιάζειν
608 1847 749 1919 ἀρχὴ
765 1846 946 1915 φιλίας
968 1848 1135 1911 ἐστὶν,
1159 1845 1302 1899 οὕτω
1319 1846 1379 1899 τὸ
1398 1846 1583 1909 κακῶς
1603 1845 1782 1914 λέγειν
1803 1844 1897 1897 καὶ

222 1936 527 1989 διαϐάλλειν
550 1934 663 2007 [ΑΗ]
704 1934 921 2007 ἔχθρας,
960 1934 1055 1988 καὶ
1087 1934 1402 2004 ἀπεχθείας,
1445 1934 1538 1987 καὶ
1558 1934 1665 1987 τῶν
1690 1933 1897 2003 μυρίων

225 2024 479 2095 πολέμων
517 2025 659 2096 ἀρχὴ
711 2024 807 2077 καὶ
852 2023 1108 2086 ὑπόθεσις
1145 2023 1389 2091 γέγονεν.
1433 2021 1741 2093 Οὐδαμόθεν
1789 2019 1898 2091 γὰρ

227 2112 495 2183 ἑτέρωθεν
528 2110 797 2182 ἠμέληται
826 2109 896 2163 τά
924 2109 1189 2182 ἡμέτερα,
1216 2110 1332 2163 ἀλλ’
1362 2109 1395 2181 ἢ
1429 2111 1495 2163 ἐκ
1526 2110 1620 2163 τοῦ
1650 2109 1717 2164 τὰ
1746 2108 1900 2162 ἀλλό-

226 2216 353 2269 τρια
375 2198 854 2269 πολυπραγμονεῖν
874 2198 970 2251 καὶ
1007 2194 1499 2268 περιεργάζεσθαι·
1528 2196 1589 2249 οὐ
1613 2196 1717 2266 γὰρ
1754 2192 1898 2248 ἐστιν

224 2287 511 2359 ἄνθρωπον
542 2284 981 2357 κακηγοροῦντα,
1009 2285 1103 2339 καὶ
1137 2286 1263 2348 τοὺς
1293 2283 1606 2355 ἀλλοτρίους
1628 2282 1901 2352 πολυπραο

224 2375 530 2445 γμονοῦντα
561 2375 729 2445 βίους,
757 2373 857 2445 τῆς
883 2373 1018 2436 ἰδίας
1038 2371 1437 2444 ἐπιμεληθῆναί
1460 2388 1589 2425 ποτε
1607 2372 1772 2443 ζωῆς.
1787 2371 1899 2440 Τῆς

223 2462 335 2533 γὰρ
365 2462 602 2532 σπουδῆς
626 2461 845 2531 ἀπάσης
870 2461 1020 2530 αὑτῷ
1068 2461 1147 2523 είς
1164 2459 1263 2530 τὴν
1287 2459 1488 2530 ἐτέρων
1510 2458 1897 2530 πολυπραγμο-

225 2550 393 2618 σύνην
436 2549 884 2618 ἀναλισκομένης,
929 2546 1142 2618 ἀνάγκη
1173 2547 1240 2601 τὰ
1270 2546 1437 2600 αὐτοῦ
1482 2549 1659 2600 πάντα
1713 2545 1900 2608 ἀπλῶς

224 2637 440 2689 κεῖσθαι
463 2637 554 2690 καὶ⁴
576 2635 959 2706 ἠμελημένως.
996 2634 1108 2687 Καὶ
1128 2633 1234 2704 γὰρ
1264 2633 1546 2704 ἀγαπητὸν
1585 2633 1684 2705 τὴν
1721 2634 1900 2686 πᾶσαν

224 2724 422 2794 σχολὴν
464 2725 544 2786 εἰς
583 2725 682 2794 τὴν
728 2720 1046 2792 ἐπιμέλειαν
1088 2719 1196 2774 τῶν
1234 2721 1451 2774 οἰκείων
1486 2721 1901 2792 ἁμαρτημάτων

218 2813 322 2865 καὶ
346 2812 445 2879 τὴν
470 2810 648 2881 κρίσιν
668 2809 1047 2872 ἀναλίσκοντα,
1069 2807 1365 2878 δυνηθῆναί
1388 2825 1441 2860 τι
1466 2809 1688 2877 ποιῆσαι
1708 2808 1868 2860 πλέον
1882 2825 1895 2837 -

221 2899 352 2951 ὅταν
378 2898 435 2951 δὲ
460 2897 747 2961 διαπαντὸς
780 2895 847 2950 τὰ
868 2895 1124 2966 ἀλλότρια
1149 2894 1464 2967 φροντίζης,
1498 2894 1627 2948 πότε
1654 2894 1761 2949 τῶν
1794 2894 1900 2947 σῶν

223 2984 537 3059 ἐπιμελήσῃ
562 2983 783 3048 κακῶν;

294 3075 457 3142 Φύγω
464 3090 561 3143 μεν
574 3073 775 3137 τοίνυν,
791 3072 1089 3140 ἀγαπητοὶ,
1106 3071 1367 3142 φύγωμεν
1383 3081 1409 3111 ι
1425 3069 1524 3133 τὰς
1543 3068 1899 3138 κακηγορίας.

225 3161 493 3239 μαθόντες
521 3161 595 3224 ὡς
617 3160 920 3214 διαϐολικόν
957 3160 1105 3214 ἐστιν
1134 3158 1254 3212 ὅλον
1276 3156 1336 3211 τὸ
1373 3155 1665 3228 βάραθρον,
1695 3156 1903 3226 καὶτῆς

222 3249 522 3319 ἐπιϐουλῆς
554 3249 654 3320 τῆς
680 3248 894 3303 ἐκείνου
919 3248 1058 3320 αὕτη
1089 3250 1125 3321 ἡ
1159 3244 1371 3318 ἐνέδρα.
1395 3244 1514 3298 Ἵνα
1537 3243 1646 3315 γὰρ
1679 3244 1773 3297 καὶ
1794 3243 1902 3298 τῶν

222 3331 332 3410 ήμε
348 3339 513 3411 τέρων
538 3337 922 3409 ἀμελήσωμεν,
950 3338 1046 3391 καὶ
1076 3334 1462 3406 χαλεπωτέρας
1487 3334 1704 3395 ἑαυτοῖς
1736 3348 1904 3386 κατα-

225 3427 514 3496 στήσωμεν
538 3424 637 3489 τάς
660 3424 910 3489 εὐθύνας,
930 3426 1009 3488 είς
1037 3423 1238 3493 ταύτην
1264 3422 1414 3492 ἡμᾶς
1446 3419 1545 3490 τὴν
1576 3420 1904 3489 συνήθειανό

222 3512 475 3577 διάϐολος
521 3513 696 3583 ἡγαγε
716 3530 730 3544 σ
762 3512 960 3583 μᾶλλον
985 3512 1061 3575 δὲ,
1083 3513 1145 3564 οὐ
1171 3508 1330 3563 τοῦτο
1362 3509 1519 3579 μόνον
1553 3507 1671 3560 ἐστὶ
1703 3506 1764 3559 τὸ
1806 3524 1906 3576 χα-

224 3603 415 3666 λεπὸν,
457 3603 540 3655 ὅτι
583 3601 742 3670 λόγον
775 3600 1040 3672 δώσομεν,
1073 3593 1148 3654 ὧν
1179 3599 1482 3670 εἰρήκαμεν
1507 3597 1648 3661 τότε,
1679 3595 1794 3650 ἀλλ’
1818 3597 1903 3650 ὅτι

224 3693 325 3745 καὶ
355 3689 424 3743 τά
446 3689 688 3762 ἡμέτερα
716 3689 1095 3759 ἁμαρτήματα
1138 3686 1497 3758 χαλεπώτερα
1540 3685 1713 3758 ταύτῃ
1749 3685 1904 3755 ποιή‹-

227 3793 416 3847 σομεν,
442 3776 622 3845 πάσης
652 3776 877 3839 ἐαυτοῦς
904 3773 1336 3847 ἀποστεροῦντες
1361 3773 1675 3845 ἀπολογίας.
1713 3774 1772 3827 '0
1795 3772 1904 3844 γὰρ

227 3862 446 3934 πικρῶς
466 3862 533 3916 τά
558 3862 816 3934 ἀλλότρια
838 3860 1129 3926 ἐξετάζων,
1154 3863 1212 3914 ἐν
1237 3865 1350 3925 τοῖς
1372 3862 1493 3916 καθ’
1516 3861 1709 3915 ἐαυτὸν
1732 3861 1837 3930 πλη
1848 3878 1904 3930 μ-

232 3951 369 4021 μελή
379 3967 542 4021 μασιν
562 3950 819 4019 οὐδεμιᾶς
845 3948 1213 4002 ἀπολαύσεται
1239 3947 1571 4020 συγγνώμης
1594 3947 1743 4001 ποτέ.
1769 3948 1902 4001 Οὐδέ

226 4038 336 4109 γὰρ
360 4037 467 4091 ἀπὸ
488 4040 588 4108 τῆς
610 4037 826 4107 φύσεως
845 4036 954 4090 τῶν
984 4037 1352 4107 πεπλημμελη
1361 4036 1539 4108 μένων
1559 4038 1592 4108 ἡ
1601 4039 1690 4106 μῖν
1722 4036 1900 4106 μόνον,

227 4125 368 4178 ἀλλά
392 4125 485 4177 καὶ
505 4125 614 4177 ἀπὸ
638 4124 737 4194 τῆς
764 4124 998 4196 κρίσεως
1019 4125 1117 4195 τῆς
1149 4124 1249 4193 σῆς
1272 4125 1399 4195 περὶ
1426 4122 1627 4195 ἐτέρων
1648 4124 1783 4176 οῖσει
1806 4124 1903 4194 τὴν

227 4212 412 4281 ψῆφον
440 4214 469 4265 6
490 4211 640 4274 Θεός.
677 4210 776 4264 Διά
802 4211 962 4264 τοῦτο
991 4212 1267 4282 παρῄνεσε
1296 4210 1493 4280 λέγων·
1528 4211 1622 4278 Μὴ
1648 4210 1901 4278 κρίνετε,

230 4299 434 4368 ἵναμὴ
457 4298 698 4368 κριθῆτε
716 4315 732 4329 ⁸
750 4299 812 4351 οὐ
832 4299 941 4370 γάρ
964 4292 1075 4353 οἷον
1096 4298 1286 4368 γέγονε
1308 4299 1369 4352 τὸ
1394 4299 1612 4370 ἀμάρτη
1621 4316 1717 4370 μα,
1740 4300 1907 4353 τοιοῦο

229 4405 325 4442 τον
355 4389 475 4441 ἐκεῖ
500 4390 748 4456 φανεῖται
778 4386 983 4452 λοιπὸν,
1011 4386 1146 4441 ἀλλά
1176 4387 1379 4459 πολλήν
1410 4404 1531 4441 τινα
1552 4388 1646 4441 καί⁵
1669 4386 1906 4459 ἀπαραί-

230 4492 395 4546 τητον
423 4475 746 4546 προσθήκην
778 4474 1009 4546 λήψεται
1032 4474 1141 4529 ἀπὸ
1161 4474 1264 4545 τῆς
1286 4475 1368 4538 είς
1395 4474 1486 4528 τὸν
1510 4474 1789 4528 σύνδουλόν
1811 4491 1904 4528 σου

231 4561 386 4634 παρά
427 4562 521 4616 σοῦ
551 4563 927 4634 γεγενημένης
965 4563 1222 4635 κρίσεως.
1266 4564 1478 4634 Ὠσπερ
1517 4564 1627 4635 γὰρ
1654 4567 1682 4616 6
1718 4563 1907 4633 φιλάν-

231 4650 818 4722 θρωπος,καὶῆμερος,
850 4648 944 4703 καὶ
970 4649 1406 4720 συγγνωμονικὸς
1434 4650 1795 4720 ὑποτέμνεται
1815 4652 1907 4704 τὸν

231 4738 453 4791 πλείονα
482 4738 590 4791 τῶν
623 4737 1035 4808 ἁμαρτημάτων
1061 4737 1224 4807 ὄγκον
1247 4753 1264 4769 ⁸
1295 4737 1467 4801 οὕτως
1498 4741 1528 4791 6
1566 4739 1780 4810 πικρὸς,
1814 4740 1907 4793 καὶ

230 4823 406 4895 ὠμὸς,
435 4826 530 4879 καὶ
563 4826 936 4898 ἀπαραίτητος
980 4826 1113 4880 πολύ
1146 4828 1262 4889 τοῖς
1298 4826 1522 4890 οἰκείοις
1548 4827 1907 4898 ἁμαρτήμασι

233 4915 558 4986 προστίθησι
580 4916 829 4987 μέγεθος.
861 4917 1223 4989 Ἐξορίσωμεν
1245 4916 1425 4970 τοίνυν
1440 4917 1562 4971 ἀπὸ
1587 4917 1678 4971 τοῦ
1700 4918 1905 4988 στόμα-

232 5020 324 5066 τος
359 5002 515 5073 ἡμῶν
546 5005 885 5075 κακηγορίαν
917 5005 1156 5071 ἃπασαν,
1189 5005 1390 5067 εἰδότες
1431 5006 1512 5059 ὅτι
1558 5005 1660 5059 κᾶν
1704 5005 1909 5077 τέφραν

232 5086 525 5157 ἐσθίωμεν,
555 5088 709 5141 οὐδὲν
734 5088 924 5158 δφελος
946 5091 1078 5159 ἡμῖν
1100 5089 1200 5159 τῆς
1234 5089 1655 5162 σκληραγωγίας
1682 5089 1905 5160 ταύτης,

233 5170 300 5225 ἂν
327 5170 665 5242 κακηγορίας
697 5172 772 5244 μὴ
803 5172 1192 5248 ἀποσχώμεθα.
1223 5175 1298 5227 Οὐ
1325 5176 1432 5246 γὰρ
1459 5174 1527 5227 τὰ
1555 5174 1909 5246 εἰσερχόμενα

233 5256 406 5307 κοινοῖ
437 5253 531 5306 τὸν
569 5252 878 5325 ἄνθρωπον,
911 5254 1047 5308 ἀλλὰ
1074 5254 1145 5308 τά
1170 5256 1501 5327 ἐξερχόμενα
1534 5258 1643 5310 άπὸ
1675 5257 1768 5310 τοῦ
1792 5257 1912 5309 στό-

235 5351 427 5403 ματος.
461 5335 529 5388 Εἴ
544 5352 629 5398 τις
654 5336 1003 5408 ἀνακινήσειε
1036 5336 1295 5410 βόρϐορον
1323 5338 1418 5392 σοῦ
1449 5340 1759 5410 παριόντος,
1789 5341 1909 5394 εἰπέ

235 5433 345 5485 μοι,
370 5417 433 5470 οὐ
461 5417 744 5489 λοιδορεῖς,
770 5420 862 5472 καὶ
889 5419 1131 5491 ὑϐρίζεις
1146 5422 1237 5474 τὸν
1255 5421 1414 5475 τοῦτο
1437 5423 1691 5478 ποιοῦντα
1708 5442 1722 5489 ;
1741 5425 1911 5479 Τοῦτο

230 5498 326 5552 καὶ
355 5499 449 5553 ἐπὶ
471 5499 582 5553 τῶν
616 5502 943 5573 κακηγόρων
977 5503 1004 5542 δ
1036 5504 1282 5574 ποίησον.
1315 5504 1389 5557 Ού
1430 5505 1538 5577 γὰρ
1571 5505 1743 5570 οὑτως
1781 5509 1910 5561 ἀνα-

230 5579 546 5650 κινούμενος
570 5581 825 5657 βόρϐορος
853 5585 1077 5656 πλήττει
1104 5589 1203 5655 τὴν
1225 5588 1465 5658 μήνιγγα
1486 5587 1596 5641 τῶν
1653 5591 1749 5661 τὴν
1791 5591 1907 5643 δυσ.

230 5661 394 5715 ωδίαν
421 5662 725 5735 δεχομένων
756 5666 1080 5735 ἐκείνην,ώς
1099 5668 1468 5740 ἁμαρτήματα
1498 5669 1751 5743 ἀλλότρια
1779 5673 1911 5725 ἀνα-

290 5803 317 5868 ·
347 5803 441 5868 mi,
475 5805 718 5868 φεύγωμεν
738 5807 830 5855 δίε.

290 5821 317 5831 -
347 5821 440 5851 mu
509 5822 718 5868 ευγωμεν
738 5821 830 5855 Dis.
1186 5821 1197 5843 '

290 5821 555 5944 [ςηὶίέπὶ
723 5868 1021 5943 κακηγόρων,
1060 5869 1143 5941 alii
1171 5870 1469 5944 κατηγόρων,
1492 5878 1624 5922 nota!
1660 5871 1827 5922 Monlf.
1859 5874 1907 5923 in

237 5928 378 5976 textu
399 5928 570 5990 legens
593 5929 667 5977 ἐπὶ
689 5933 759 5992 τῷ
782 5928 1050 5993 κατηγόρῳ,
1075 5934 1233 5980 minus
1253 5928 1403 5981 rebt‘e.
1432 5933 1563 5981 Enn.

1958 5469 1986 5510 1⁵

1997 536 2107 590 τῶν
2153 536 2464 590 ἀκουόντων
2489 537 2588 606 τὴν
2630 533 2807 606 ψυχὴν
2846 534 2942 587 καὶ
2973 533 3270 604 ἐξίστησιν.
3323 533 3684 604 Ἀπεχώμεθα

1996 625 2176 677 τοίνυν
2199 624 2561 695 κακηγορίας,
2589 621 2990 693 αἰσχρολογίας,
3018 620 3387 691 βλασφημίας.
3412 622 3507 675 καὶ
3544 623 3684 692 μήτε

1995 713 2089 765 τὸν
2123 712 2373 784 πλησίον,
2405 713 2543 783 μήτε
2574 711 2666 764 τὸν
2688 710 2821 763 Θεὸν
2848 710 3098 780 λέγωμεν
3121 708 3328 771 κακῶς.
3361 709 3554 763 Πολλοὶ
3574 714 3683 781 γάρ

1999 804 2079 865 εἰς
2102 802 2263 855 τοῦτο
2292 802 2490 871 μανίας
2519 798 2813 865 ἐξώκειλαν
2842 799 2952 852 τῶν
2975 798 3326 868 κακηγόρων,
3353 798 3429 862 ὼς
3450 799 3558 852 ἀπὸ
3576 800 3683 851 τῶν

2000 888 2300 942 συνδούλων
2323 888 2418 941 ἐπὶ
2438 887 2531 941 τὸν
2555 887 2834 957 Δεσπότην
2861 886 3165 956 ἀναστῆσαι
3192 886 3290 957 τὴν
3317 884 3562 954 γλῶτταν
3585 886 3684 955 τὴν

1999 977 2226 1031 ἑαυτῶν.
2260 978 2425 1030 Ὅσον
2448 977 2506 1030 δὲ
2534 977 2693 1030 τοῦτό
2720 977 2836 1029 ἐστι
2863 975 3054 1038 κακὸν,
3080 974 3190 1028 ἀπὸ
3215 973 3322 1026 τῶν
3346 975 3685 1044 κατεχόντων

1999 1065 2093 1118 νῦν
2107 1066 2256 1136 ἡμᾶς
2276 1064 2512 1136 μάνθανε
2528 1064 2891 1137 πραγμάτων.
2921 1062 3051 1116 ’1δού
3074 1060 3205 1131 γοῦν
3227 1059 3323 1115 ἀνθ
3334 1076 3513 1133 ρωπος
3533 1060 3686 1129 ὑϐρί-

2001 1153 2124 1224 σθη,
2147 1154 2241 1208 καὶ
2262 1154 2460 1218 πάντες
2480 1152 2794 1223 δεδοίκαμεν
2806 1152 2901 1206 καὶ
2918 1152 3216 1224 τρέμομεν,
3242 1149 3296 1202 οῖ
3317 1165 3377 1202 τε
3402 1147 3687 1218 ὐϐρικότες

2000 1242 2054 1294 οἶ
2093 1259 2154 1294 τε
2189 1241 2354 1312 μηδὲν
2386 1242 2598 1302 ἑαυτοῖς
2636 1239 2936 1300 συνειδότες
2962 1238 3232 1292 τοιοῦτον·
3257 1239 3285 1290 ὁ
3318 1237 3375 1290 δέ
3413 1236 3546 1299 Θεὸς
3563 1236 3684 1289 καθ’

2001 1327 2238 1398 ἑκάστην
2257 1327 2466 1398 ἡμέραν
2484 1325 2782 1397 ὑϐρίζεται·
2797 1325 2849 1377 τί
2870 1325 3011 1393 λέγω
3028 1323 3151 1379 καθ’
3174 1323 3412 1394 ἑκάστην
3432 1324 3648 1395 ἡμέραν
3666 1339 3683 1388 ;

2002 1415 2126 1468 καθ’
2162 1414 2401 1484 ἑκάστην
2440 1412 2540 1486 μὲν
2590 1411 2709 1484 [45]
2750 1407 2843 1467 οῦν
2873 1411 3044 1484 ὤραν,
3087 1411 3242 1484 παρὰ
3288 1411 3684 1471 πλουτούντων,

2002 1500 2155 1573 παρά
2181 1503 2450 1571 πενήτων,
2482 1500 2636 1570 παρὰ
2661 1500 2771 1552 τῶν
2801 1502 2859 1554 ἐν
2894 1498 3099 1565 ἀνέσει,
3143 1498 3295 1569 παρά
3337 1497 3443 1551 τῶν
3471 1498 3528 1551 ἐν
3568 1496 3687 1550 θλί-

2000 1589 2112 1658 ψει,
2132 1590 2284 1660 παρὰ
2302 1589 2412 1642 τῶν
2441 1588 2877 1660 ἐπηρεαζόντων,
2897 1587 3050 1660 παρά
3075 1586 3183 1640 τῶν
3206 1585 3686 1657 ἐπηρεαζομένων,

2003 1679 2096 1731 καὶ
2128 1679 2303 1740 οὐδεὶς
2328 1676 2566 1747 οὐδαμοῦ
2599 1676 2774 1744 λόγος.
2811 1676 2912 1730 Διά
2935 1676 3093 1730 τοῦτο
3120 1674 3500 1747 συνεχώρησεν
3534 1674 3689 1746 ὑϐρι-

2005 1766 2196 1834 σθῆναι
2227 1764 2319 1818 τὸν
2350 1764 2660 1834 ὁμόδουλον,
2695 1764 2783 1817 ἵνα
2811 1764 2920 1817 ἀπὸ
2944 1763 3038 1816 τοῦ
3065 1762 3314 1817 κινδύνου
3340 1762 3436 1816 τοῦ
3473 1762 3559 1816 διὰ
3588 1762 3688 1831 τὴν

2005 1853 2071 1905 ῦϐ
2080 1870 2162 1922 ριν
2190 1851 2482 1921 γενομένου
2503 1851 2707 1919 ταύτην
2726 1850 2822 1904 τοῦ
2847 1851 3116 1903 Δεσπὸτου
3139 1849 3238 1921 τὴν
3265 1848 3678 1921 φιλανθρωπίαν

2008 1939 2202 2011 μάθῃς.
2222 1937 2415 1991 Καίτοι
2441 1937 2601 1990 τοῦτο
2629 1937 2723 1992 νῦν
2749 1938 2966 2009 πρῶτον
2999 1938 3092 1991 καὶ
3119 1938 3277 2008 μόνον
3304 1935 3547 2004 γέγονεν.
3575 1935 3691 1989 ἀλλ’

2003 2029 2153 2098 ὅμως
2194 2027 2315 2081 οὐδὲ
2365 2026 2450 2079 διὰ
2486 2026 2645 2079 τοῦτο
2683 2026 3073 2098 προσδοκῶμεν
3114 2025 3521 2079 ἀπολαύσεσθαι
3559 2040 3690 2091 συγ-

2005 2114 2230 2187 γνώμης
2254 2115 2400 2177 τινὸς
2425 2114 2547 2167 οὐδὲ
2574 2113 2900 2183 ἀπολογίας·
2930 2114 3021 2168 τὸν
3051 2114 3106 2167 δὲ
3135 2115 3269 2166 θεὸν
3294 2112 3416 2167 καθ’
3449 2113 3689 2181 ἑκάστην

2007 2202 2410 2277 παροργίζομεν
2432 2202 2530 2274 τὴν
2554 2202 2791 2274 ἡμέραν,
2833 2204 2928 2255 καὶ
2960 2202 3218 2271 οὐδεμίαν
3253 2201 3557 2272 ποιούμεθα
3590 2199 3689 2270 τὴν

2006 2294 2361 2365 ἐπιστροφὴν,
2414 2293 2508 2347 καὶ
2537 2292 2617 2346 ἔτι
2660 2293 2817 2362 φέρει
2858 2292 2995 2362 μετά
3033 2291 3418 2364 μακροθυμίας
3449 2290 3687 2358 ἁπάσης.

2008 2376 2160 2444 Εἶδες
2190 2380 2329 2450 πόση
2355 2380 2387 2450 ὴ
2420 2378 2805 2449 φιλανθρωπία
2824 2378 2918 2431 τοῦ
2942 2378 3213 2431 Δεσπὸτου
3244 2396 3259 2443 ;
3292 2377 3485 2430 Καίτοι
3514 2392 3577 2444 γε
3600 2375 3694 2427 ἐπὶ

2006 2469 2107 2538 τῆς
2139 2468 2482 2539 παρανομίας
2509 2466 2799 2538 ταύτηςοί
2846 2464 3378 2538 πεπλημμεληκότες
3415 2463 3690 2523 ἑάλωσαν,

2007 2558 2099 2610 καὶ
2125 2558 2206 2620 εἰς
2254 2556 2629 2627 δεσμωτήριον
2670 2555 2951 2619 ἐνέπεσον,
2988 2555 3081 2608 καὶ
3126 2554 3282 2622 δίκην
3316 2553 3530 2615 ἔδοσαν,
3575 2550 3694 2604 ἀλλ’

2006 2645 2157 2714 ὅμως
2191 2642 2271 2695 ἔτι
2304 2642 2656 2712 δεδοίκαμεν·
2700 2643 2795 2695 καὶ
2844 2640 2954 2712 γάρ
2991 2640 3144 2694 οὔπω
3182 2642 3385 2711 ἤκουσε
3425 2639 3496 2692 τὰ
3534 2655 3695 2707 γεγε-

2007 2731 2217 2801 νημένα
2245 2734 2274 2785 ό
2317 2729 2622 2800 ὑϐρισθεὶς,
2652 2729 2774 2782 οὐδὲ
2807 2729 2989 2799 ψῆφον
3023 2728 3309 2796 ἐξήνεγκε,
3352 2727 3448 2780 καὶ
3491 2726 3695 2789 πάντες

2010 2818 2287 2888 τρέμομεν
2309 2834 2322 2847 ·
2353 2818 2382 2870 ό
2418 2816 2475 2869 δὲ
2522 2816 2654 2881 Θεὸς
2694 2817 2816 2869 καθ’
2848 2817 3088 2886 ἐκάστην
3127 2814 3315 2869 ἀκούει
3353 2815 3453 2885 τὴν
3477 2812 3696 2884 ἡμέραν

2008 2905 2106 2968 τὰς
2132 2907 2215 2969 εἰς
2244 2905 2411 2958 αὐτὸν
2439 2906 2733 2974 γινομένας
2783 2905 2990 2976 ὖϐρεις.
3024 2903 3118 2957 καὶ
3148 2903 3328 2966 οὐδεὶς
3367 2901 3697 2972 ἐπιστρέφει

2007 3010 2118 3052 ται.
2148 2993 2243 3047 καὶ
2284 2992 2459 3045 ταῦτα
2503 2991 2676 3055 οὕτως
2720 2991 2874 3057 ὄντος
2919 2992 3128 3063 ἡμέρου
3165 2991 3260 3045 καὶ
3306 2988 3695 3060 φιλανθρώπου

2008 3077 2104 3131 τοῦ
2134 3077 2291 3133 Θεοῦ.
2331 3079 2482 3131 Ἐκεῖ
2508 3077 2607 3148 μὲν
2647 3079 2756 3148 γὰρ
2785 3079 2946 3150 ἀρκεῖ
2973 3076 3035 3130 τὸ
3075 3077 3383 3149 ἁμάρτημα
3416 3076 3577 3146 μόνον
3617 3076 3696 3127 ele-

2010 3168 2157 3230 πεῖν,
2188 3166 2283 3220 καὶ
2312 3165 2469 3242 λῦσαι
2503 3165 2564 3218 τὸ
2589 3164 2843 3235 ἔγκλημα
2865 3182 2878 3196 ·
2907 3165 3001 3218 ἐπὶ
3020 3164 3075 3218 δὲ
3107 3165 3214 3218 τῶν
3244 3164 3547 3236 ἀνθρώπων
3571 3163 3697 3216 τού-

2010 3253 2224 3307 ναντίον
2255 3253 2400 3307 ἅπαν
2423 3267 2433 3279 ’
2467 3252 2596 3306 ὅταν
2619 3253 3030 3323 ὁμολογήσωσιν
3056 3254 3104 3305 οί
3139 3253 3547 3324 ἡμαρτηκότες,
3573 3250 3696 3304 τότε

2012 3340 2274 3412 μειζόνως
2304 3339 2656 3405 κολάζονται·
2698 3339 2726 3392 ὃ
2757 3335 2824 3408 δὴ
2854 3341 2949 3393 κα)⁴
2975 3339 3070 3392 νῦν
3105 3340 3317 3407 γέγονε.

2079 3428 2190 3480 Καὶ
2217 3429 2266 3480 οί
2304 3427 2402 3498 μὲν
2432 3426 2655 3500 σιδήρῳ,
2689 3428 2737 3479 οί
2790 3426 2848 3479 δὲ
2883 3427 3037 3496 πυρὶ,
3081 3426 3131 3479 οί
3170 3425 3226 3478 δέ
3260 3424 3473 3496 θηρίοις
3518 3439 3699 3494 παρα-

2010 3514 2257 3578 δοθέντες
2293 3512 2593 3577 ἀπώλοντο,
2634 3514 2736 3567 οὐκ
2769 3512 2962 3586 ἄνδρες
2993 3512 3050 3566 δὲ
3078 3513 3261 3584 μόνον,
3288 3511 3427 3566 ἀλλά
3447 3512 3544 3567 καὶ
3573 3512 3696 3564 παῖ’⁸

2009 3602 2117 3666 δες.
2148 3603 2259 3655 Καὶ
2283 3603 2344 3655 οὐ
2367 3601 2428 3655 τὸ
2446 3602 2544 3672 τῆς
2568 3601 2781 3672 ’ἡλικίας
2801 3601 2999 3671 ἄωρον,
3023 3601 3122 3672 οὐχ
3145 3602 3178 3672 ἡ
3201 3600 3293 3654 τοῦ
3321 3600 3492 3670 δήμου
3527 3597 3700 3672 ῥύμη,

2010 3689 2071 3742 οὐ
2101 3689 2162 3742 τὸ
2197 3688 2364 3760 μανία
2403 3687 2674 3759 δαιμόνων
2711 3687 3128 3759 ἐμπλησθέντας
3171 3698 3192 3727 ο
3227 3687 3400 3742 ταῦτα
3453 3686 3698 3757 ποιῆσαι,

2011 3776 2110 3847 οὐχ
2140 3777 2173 3847 ἡ
2202 3775 2434 3829 δοκοῦσα
2471 3775 2771 3846 ἀπαίτησις
2809 3775 3085 3847 ἀφόρητος
3125 3771 3285 3835 εἶναι,
3314 3776 3375 3828 οὐ
3418 3773 3602 3837 πενία,
3637 3772 3700 3825 οὐ

2010 3864 2072 3917 :6
2104 3865 2256 3934 κοινῇ
2286 3862 2425 3933 μετά
2450 3863 2669 3916 πάντων
2707 3863 2994 3933 ἁμαρτεῖν,
3033 3863 3094 3915 οὑ
3130 3863 3189 3914 τὸ
3222 3862 3560 3931 ὑποσχέσθαι
3597 3878 3702 3931 μη-

2011 3948 2203 4004 δέποτε
2229 3948 2456 4002 τοιαῦτα
2484 3949 2777 4020 τολμήσειν
2802 3948 3008 4014 λοιπὸν,
3028 3950 3130 4002 οὐκ
3158 3948 3286 4003 ἄλλο
3316 3948 3467 4001 οὐδὲν
3501 3947 3701 4009 αὐτοῦς

2010 4036 2147 4099 ὅλως
2177 4035 2428 4099 ἐξείλετο·
2470 4034 2606 4089 ἀλλὰ
2659 4033 2991 4104 συγγνώμης
3029 4035 3199 4104 χωρὶς
3240 4034 3460 4103 ἁπάσης
3496 4033 3593 4084 ἐπὶ
3639 4032 3703 4084 τὸ

2015 4122 2287 4195 βάραθρον
2331 4123 2627 4193 ἀπήγοντο,
2665 4121 3014 4193 στρατιωτῶν
3060 4122 3302 4175 ἐνόπλων
3352 4120 3702 4192 ἑκατέρωθεν

2012 4209 2212 4271 αὐτοὺς
2242 4208 2615 4280 περιαγόντων
2634 4207 2662 4248 ἀ
2687 4208 2784 4262 καὶ
2809 4207 3298 4279 παρατηρούντων,
3333 4208 3406 4278 μή
3430 4224 3514 4271 τις
3537 4205 3700 4278 ἐξαρ-

2013 4295 2163 4369 πάσῃ
2212 4295 2339 4358 τοὺς
2388 4295 2744 4360 καταδίκους·
2811 4295 2907 4349 καὶ
2958 4294 3404 4368 παρηκολούθουν
3465 4294 3701 4366 μητέρες

2015 4380 2297 4454 πόρρωθεν
2323 4381 2421 4452 μὲν
2454 4378 2660 4452 ὁρῶσαι
2689 4381 2816 4445 τοὺς
2845 4382 3043 4444 παῖδας
3064 4380 3565 4452 ἀποτεμνομένους,
3587 4378 3703 4432 ὀδύ-

2018 4469 2204 4539 ρεσθαι
2227 4469 2284 4522 δὲ
2314 4470 2415 4540 την
2445 4467 2733 4539 συμφορὰν
2763 4468 2822 4522 οὐ
2853 4468 3159 4539 τολμῶσαι·
3186 4470 3341 4522 ἐνίκα
3369 4467 3480 4539 γάρ
3507 4467 3568 4520 τὸ
3599 4466 3704 4520 πά-

2015 4554 2104 4619 θος
2137 4557 2165 4608 ό
2198 4553 2382 4623 φόϐος,
2412 4554 2505 4606 καὶ
2533 4555 2632 4623 τῆς
2655 4553 2868 4623 φύσεως
2894 4553 3186 4626 ἐκράτειτὸ
3210 4553 3346 4618 δέος.
3381 4555 3491 4606 Καὶ
3527 4552 3700 4607 καθά-

2015 4660 2119 4714 περ
2149 4644 2198 4696 οἰ
2229 4643 2353 4705 τοὺς
2409 4642 2781 4710 ναυαγοῦντας
2835 4644 2943 4697 ἀπὸ
2990 4644 3093 4712 γῆς
3118 4642 3355 4714 ὁρῶντες
3387 4640 3696 4713 ἄνθρωποι,

2014 4728 2305 4783 όδυνῶνται
2342 4728 2462 4800 μὲν,
2494 4728 2812 4800 προσελθεῖν
2845 4729 3019 4782 δὲκαὶ
3049 4728 3327 4794 ἐξελέσθαι
3359 4730 3485 4792 τοὺς
3524 4745 3698 4782 κατα-

2016 4814 2438 4885 ποντιζομένους
2476 4816 2576 4867 οὐκ
2631 4814 2878 4885 ἔχουσιν·
2938 4813 3080 4869 οῦτω
3138 4815 3201 4887 δὴ
3272 4816 3368 4869 καὶ
3442 4814 3697 4877 ἐνταῦθα,

2014 4901 2265 4973 καθάπερ
2319 4901 2424 4955 ὑπὸ
2480 4901 2741 4973 κυμάτων
2799 4902 2961 4955 τινῶν
3017 4902 3093 4973 τῷ
3150 4903 3301 4975 φόϐῳ
3351 4905 3462 4958 τῶν
3538 4920 3703 4974 στρα-

2015 4988 2224 5043 τιωτῶν
2271 4989 2655 5060 ἀνειργόμεναι
2686 4991 2742 5043 αί
2786 4990 3040 5061 μητέρες,
3073 4990 3133 5044 οὐ
3169 4993 3328 5061 μόνον
3383 4990 3701 5063 προσελθεῖν

2015 5076 2110 5130 καὶ
2158 5075 2433 5140 ἐξελέσθαι
2472 5077 2570 5147 τῆς
2615 5076 2912 5147 καταδίκης
2961 5078 3158 5142 αὐτοὺς
3215 5079 3314 5131 οὐκ
3364 5078 3695 5148 ἐτόλμησαν,

2016 5158 2152 5213 ἀλλά
2186 5158 2280 5212 καὶ
2318 5156 2588 5228 δακρῦσαι
2637 5157 2870 5213 ἔδεισαν.
2898 5154 3045 5231 Ἀρα
3075 5159 3400 5231 στοχάζεσθε
3447 5159 3700 5217 ἐντεῦθεν

2016 5241 2110 5296 τοῦ
2141 5239 2278 5296 Θεοῦ
2306 5241 2404 5312 τὴν
2430 5240 2864 5311 φιλανθρωπίαν,
2897 5242 3017 5306 πῶς
3049 5243 3276 5312 ἄφατος,
3312 5242 3428 5305 πῶς
3450 5244 3697 5315 ἄπειρος,

2018 5326 2135 5390 πῶς
2178 5326 2395 5379 ᾶπαντα
2425 5323 2742 5395 ὑπερϐαίνει
2786 5324 2980 5394 λόγον;
3025 5325 3289 5379 Ἐνταῦθα
3333 5324 3432 5395 μὲν
3466 5325 3576 5396 γάρ
3606 5327 3699 5379 καὶ

2015 5409 2115 5478 τῆς
2141 5409 2312 5479 αὑτῆς
2341 5408 2529 5470 οὐσίας
2553 5411 2581 5461 ό
2609 5406 2909 5479 ὑϐρισθεὶς,
2935 5408 3027 5461 καὶ
3058 5408 3206 5472 ἅπαξ
3228 5407 3320 5460 τοῦ
3348 5408 3549 5471 παντὸς
3568 5411 3698 5479 χρό-

2016 5509 2107 5544 νου
2141 5491 2298 5544 τοῦτο
2332 5490 2588 5556 πέπονθε,
2622 5491 2717 5544 καί
2761 5492 2823 5545 οὐ
2875 5492 2996 5544 κατ’
3033 5490 3156 5559 ὄψιν
3199 5488 3320 5543 οὐδὲ
3367 5489 3559 5562 παρὼν
3604 5493 3698 5545 καὶ

2016 5574 2156 5645 ὀρῶν
2190 5574 2286 5628 καὶ
2332 5573 2567 5637 ἀκούων,
2615 5573 2711 5626 καὶ
2752 5575 2901 5644 ὅμως
2938 5574 3113 5636 οὐδεὶς
3160 5572 3322 5644 ἔτυχε
3366 5572 3696 5646 συγγνώμης

2014 5657 2122 5709 τῶν
2145 5655 2585 5725 τετολμηκότων·
2620 5655 2713 5706 ἐπὶ⁵
2738 5655 2793 5708 δὲ
2829 5654 2921 5708 τοῦ
2949 5653 3083 5706 Θεοῦ
3110 5654 3261 5708 οὐδὲν
3302 5654 3507 5709 τούτων
3551 5655 3698 5708 ἔστιν

2016 5742 2208 5793 εἰπεῖν.
2248 5740 2358 5792 Καὶ
2392 5737 2500 5809 γὰρ
2533 5738 2786 5791 τοσοῦτόν
2827 5739 2941 5789 ἐστι
2974 5737 3033 5790 τὸ
3082 5738 3249 5808 μέσον
3279 5736 3567 5812 ἀνθρώπου
3600 5742 3691 5791 καὶ

2079 5875 2103 5934 9
2130 5874 2254 5922 Tres
2279 5885 2390 5920 mss.
2424 5873 2788 5934 ἑμπρησθέντας.

2080 5933 2108 5973 ἀ
2130 5936 2229 5985 Δίἷί
2255 5930 2572 5994 προαγόντων,
2597 5930 2679 5981 alii
2702 5933 2929 5995 ἀγόντων.
