3932 6222
300 310 367 361 57
1072 304 1130 361 S.
1169 302 1454 361 JUANNIS
1489 303 1982 361 CHRYSOSTOMI
2017 301 2334 362 ARCHIEP.
2368 300 2913 358 CONSTANTINOP.
3664 301 3735 359 58

302 421 461 482 θεοῦ,
491 422 613 476 ὅσον
639 420 760 477 οὐδὲ
799 418 954 489 λόγος
990 420 1332 490 παραστῆσαι
1358 419 1666 490 δυνήσεται,
1709 420 1805 474 καὶ
1838 419 1958 475 καθ’

298 510 536 580 ἑκάστην
579 507 859 578 ὑϐρίζεται
892 508 993 578 τὴν
1021 507 1235 577 ἡμέραν
1286 504 1499 578 παρὼν,
1540 507 1635 559 καὶ
1663 505 1827 578 ὁρῶν,
1865 508 1961 560 καὶ

298 595 531 661 ἀκούων,
562 595 657 651 καὶ
698 593 822 648 οὔτε
856 594 1096 664 σκηπτὸν
1139 594 1370 664 ἀφῆκεν,
1402 591 1526 647 οὔτε
1553 594 1652 665 τὴν
1695 594 1966 649 θάλατταν

298 685 367 754 τῇ
414 686 484 753 γῇ
519 683 838 754 ἐπιδραμεῖν
871 682 1124 734 ἐκέλευσε
1173 683 1267 735 καὶ
1304 681 1694 735 καταποντίσαι
1737 682 1966 745 πάντας,

300 769 422 822 οὐτε
448 772 513 840 τῇ
545 772 615 840 γῇ
660 767 960 838 διαστῆναι,
990 769 1085 820 καὶ
1119 767 1371 832 δέξασθαι
1411 767 1617 831 πάντας
1646 769 1770 832 τούς
1817 768 1970 839 ὑϐρι-

303 854 464 918 κότας
492 854 843 925 προσέταξεν,
882 852 995 907 ἀλλ’
1026 853 1299 923 ἀνέχεται,
1328 855 1422 908 καὶ
1464 854 1824 925 μακροθυμεῖ,
1850 853 1965 926 [46]

302 941 398 992 καὶ
432 939 838 1008 συγγνώσεσθαι
866 939 1259 1007 ἐπαγγέλλεται
1287 943 1398 1003 τοῖς
1438 940 1740 1011 ὑϐρικόσιν,
1771 939 1837 994 ἂν
1868 958 1966 1011 με·

300 1029 599 1096 τανοήσωσι
633 1027 792 1096 μόνον
846 1027 943 1079 καὶ
971 1026 1311 1096 ὑπόσχωνται
1345 1027 1541 1097 μηκέτι
1570 1027 1745 1080 ταῦτα
1773 1029 1963 1081 ποιεῖν.

314 1113 553 1181 Ἀληθῶς
593 1125 618 1153 α
656 1112 910 1184 εὐκαιρον
955 1112 1050 1166 νῦν
1100 1113 1526 1184 ἀνακηρύττεινι
1568 1114 1664 1178 Τίς
1707 1114 1968 1183 λαλήσει

300 1201 407 1265 τὰς
431 1199 796 1264 δυναστείας
823 1200 929 1269 τοῦ
960 1201 1182 1267 Κυρίου
1198 1217 1217 1265 ;
1253 1200 1563 1267 ἁκουστὰς
1582 1201 1821 1270 ποιήσει
1855 1201 1968 1255 πά·-

305 1302 419 1351 σας
448 1285 552 1351 τὰς
584 1286 849 1352 αὶνέσεις
877 1287 1063 1341 αὐτοῦ
1086 1303 1105 1350 ;
1158 1288 1320 1340 Πόσοι
1347 1288 1440 1341 τοῦ
1468 1288 1602 1340 Θεοῦ
1635 1288 1734 1353 τὰς
1756 1290 1970 1353 εἰκόνας

302 1373 425 1443 οὐχὶ
469 1374 813 1442 κατήνεγκαν
859 1375 1037 1444 μόνον,
1083 1374 1219 1428 ἀλλά
1255 1374 1348 1427 καὶ
1389 1376 1808 1447 κατεπάτησαν;
1840 1376 1969 1443 ὅταν

300 1461 410 1529 γὰρ
446 1460 618 1529 ἄγχῃς
647 1459 739 1513 τὸν
783 1460 1103 1524 ὑπεύθυνον,
1134 1462 1263 1515 ὅταν
1302 1462 1563 1535 ἀποδύῃς,
1610 1463 1739 1516 ὅταν
1781 1463 1965 1534 ἕλκῃς,

305 1545 395 1598 τοῦ
420 1545 552 1598 Θεοῦ
578 1545 674 1616 τὴν
697 1546 880 1599 εἰκόνα
903 1550 1258 1610 καταπατεῖς.
1276 1548 1542 1602 Ἀκουσον
1564 1548 1693 1617 γοῦν
1712 1548 1806 1602 τοῦ
1829 1551 1970 1604 Παύ-

306 1630 393 1684 λου
434 1631 703 1699 λέγοντος,
735 1633 817 1686 ὅτι
845 1631 1131 1703 ἄνθρωπος
1168 1635 1271 1686 οὐκ
1308 1633 1511 1702 ὀφείλει
1554 1636 1966 1688 κατακαλύπτε-

307 1716 428 1768 σθαι
469 1717 567 1789 τὴν
594 1719 857 1789 κεφαλὴν,
892 1719 1056 1774 εἰκὼν
1081 1721 1176 1773 καὶ
1213 1720 1340 1785 δόξα
1372 1720 1508 1774 Θεοῦ
1547 1722 1807 1792 ὑπάρχων
1829 1739 1843 1752 ·
1874 1722 1969 1775 καὶ

304 1801 465 1854 πάλιν
501 1803 662 1856 αὐτοῦ
684 1802 778 1856 τοῦ
807 1804 940 1857 Θεοῦ
974 1805 1241 1873 λέγοντος⁸
1280 1806 1633 1876 Ποιήσωμεν
1658 1808 1970 1875 ἄνθρωπον

305 1889 430 1940 κατ’
454 1890 655 1942 εἰκόνα
675 1890 967 1958 ἡμετέραν
984 1892 1081 1945 καὶ
1103 1894 1232 1947 καθ’
1258 1893 1561 1962 ὁμοίωσιν.
1584 1895 1678 1946 Ἂν
1708 1895 1764 1947 δὲ
1781 1894 1965 1967 λέγῃς,

305 1974 385 2026 ὅτι
402 1975 522 2044 οὐχὶ
549 1976 648 2046 τῆς
666 1977 834 2047 αὐτῆς
853 1978 1039 2041 οὐσίας
1065 1981 1093 2031 6
1108 1978 1388 2051 ἄνθρωπός
1406 1981 1520 2033 ἐστι
1535 1979 1613 2049 τῷ
1639 1980 1778 2050 Θεῷ,
1798 1982 1893 2036 καὶ
1915 1982 1968 2036 τί

304 2059 490 2123 τοῦτο;
524 2061 657 2114 Οὐδὲ
680 2061 787 2135 γὰρ
812 2065 839 2115 6
868 2062 1068 2134 χαλκὸς
1094 2064 1188 2117 τοῦ
1220 2065 1534 2134 ἀνδριάντος
1560 2066 1659 2137 τῆς
1684 2067 1851 2136 αὐτῆς
1880 2069 1970 2121 οὐ-

308 2147 430 2209 σίας
462 2143 531 2217 ἦν
559 2146 639 2218 τῷ
676 2148 907 2218 βασιλεῖ,
937 2150 1050 2203 ἀλλ’
1088 2152 1239 2222 ὅμως
1275 2151 1432 2223 δίκην
1467 2152 1654 2206 ἔδοσαν
1691 2155 1740 2207 οἱ
1769 2154 1970 2226 τολμή-

306 2248 528 2295 σαντες·
563 2233 702 2288 ὥστε
751 2236 844 2289 καὶ
882 2237 974 2290 ἐπὶ
1012 2237 1121 2291 τῶν
1163 2236 1489 2311 ἀνθρώπων,
1527 2241 1577 2293 εί
1622 2241 1719 2294 καὶ
1757 2241 1833 2312 μὴ
1872 2244 1971 2313 τῆς

305 2319 475 2390 αὐτῆς
505 2320 691 2385 οὐσίας
717 2323 822 2376 εἰσὶ
850 2322 926 2394 τῷ
958 2323 1075 2396 Θεῷ
1103 2327 1153 2378 οἰ
1187 2325 1480 2397 ἄνθρωποι,
1504 2326 1692 2397 ῶσπερ
1721 2325 1814 2382 οῦν
1845 2330 1970 2384 οὐδέ

306 2406 462 2469 εἰσιν,
501 2406 614 2459 ἀλλ’
644 2408 793 2488 ὅμως
829 2410 990 2463 εἰκὼν
1022 2412 1350 2483 ἐκλήθησαν,
1384 2414 1477 2467 καὶ
1511 2413 1600 2468 διά
1656 2416 1755 2486 τὴν
1805 2432 1973 2485 προσ-

306 2492 535 2562 ηγορίαν
562 2491 669 2546 ἔδει
702 2495 865 2566 τιμῆς
888 2496 1180 2551 ἀπολαύειν
1207 2499 1432 2563 αὐτούς’
1456 2502 1518 2553 σὺ
1550 2500 1607 2553 δὲ
1628 2501 1766 2571 ὑπὲρ
1792 2501 1970 2571 ὀλίγου

306 2577 530 2644 χρυσίου
571 2582 924 2643 καταπατεῖς,
961 2582 1171 2651 ἄγχεις,
1204 2583 1408 2654 σύρεις,
1454 2586 1548 2639 καὶ
1593 2586 1851 2657 οὐδεμίαν
1882 2588 1972 2640 οὐ·

304 2660 450 2714 δέπω
475 2662 631 2733 δίκην
657 2664 860 2729 ἔδωκας
880 2667 1140 2739 τήμερον.

376 2748 589 2802 Γένοιτο
621 2749 720 2819 μὲν
742 2747 833 2805 οὖν
859 2769 979 2805 τινα
1007 2754 1247 2825 χρηστὴν
1271 2755 1366 2810 καὶ
1391 2747 1569 2822 δεξιὰν
1595 2758 1846 2827 γενέσθαι
1877 2779 1972 2832 μευ

305 2832 558 2903 ταϐολήν.
603 2835 807 2890 Ἐκεῖνο
855 2839 1035 2908 μέντοι
1084 2839 1332 2908 προλέγω
1375 2843 1466 2894 καὶ
1511 2843 1967 2917 διαμαρτύρομαι,

306 2919 388 2973 δτι
422 2920 522 2974 κᾶν
549 2922 706 2977 τοῦτο
739 2926 979 2999 παρέλθῃ
1005 2926 1065 2979 τὸ
1107 2926 1284 2996 νέφος,
1326 2930 1486 3000 ἡμεῖς
1522 2931 1579 2983 δὲ
1621 2933 1713 2984 ἐπὶ
1741 2933 1842 3002 τῆς
1876 2935 1971 2987 αὐ-

304 3009 404 3076 τῆς
434 3009 683 3080 μένωμεν
727 3012 1019 3083 ῥᾳθυμίας,
1052 3014 1216 3070 πάλιν
1250 3015 1430 3087 πολλῷ
1458 3017 1814 3090 χαλεπώτερα
1854 3038 1973 3075 πει-

307 3095 510 3162 σόμεθα
531 3097 639 3149 τῶν
660 3097 755 3150 νῦν
786 3099 1249 3172 προσδοκωμένων
1266 3121 1279 3134 ·
1310 3104 1432 3157 ἐπεὶ
1469 3106 1563 3158 καὶ
1588 3106 1682 3159 νῦν
1708 3108 1805 3178 οὐχ
1829 3107 1971 3164 οὕτω

305 3181 517 3236 δέδοικα
531 3186 624 3236 τοῦ
652 3186 914 3255 βασιλέως
928 3188 1025 3257 τὴν
1042 3188 1233 3261 ὀργὴν,
1259 3191 1335 3254 ὼς
1356 3190 1452 3262 τὴν
1475 3193 1744 3265 ὑμετέραν
1763 3195 1972 3250 δέδοικα

307 3267 600 3341 ρᾳθυμίαν.
624 3272 698 3324 Οὐ
723 3272 832 3343 γάρ
853 3273 916 3343 δὴ
947 3274 1007 3327 :6
1030 3274 1337 3329 λιτανεῦσαι
1359 3276 1452 3330 δύο
1473 3279 1567 3331 καὶ
1589 3282 1734 3349 τρεῖς
1760 3282 1972 3353 ἡμέρας

305 3355 469 3425 ἀρκεῖ
493 3358 573 3421 εἰς
614 3358 908 3429 ἀπολογίαν
939 3363 1096 3432 ἡμῖν,
1130 3363 1245 3416 ἀλλ’
1278 3364 1570 3436 ὁλοκλήρου
1609 3366 1691 3419 δεῖ
1728 3367 1823 3421 τοῦ
1853 3368 1968 3438 βίου

305 3442 631 3512 ποιήσασθαι
657 3445 757 3515 τὴν
798 3447 1121 3517 μεταϐολὴν,
1150 3450 1246 3502 καὶ
1271 3450 1369 3519 τῆς
1414 3452 1676 3523 πονηρίας
1702 3454 1972 3508 ἀποστάν-

304 3543 404 3589 τας
446 3528 628 3598 μένειν
658 3531 752 3583 ἐπὶ
779 3532 880 3602 τῆς
920 3530 1120 3605 ἀρετῆς
1164 3535 1445 3606 διηνεκῶς.
1482 3537 1749 3608 Καθάπερ
1777 3539 1885 3611 γάρ
1919 3543 1968 3595 οἰ

304 3614 603 3679 νοσοῦντες,
644 3614 709 3669 ἂν
738 3616 812 3687 μὴ
855 3617 1146 3684 διαπαντὸς
1200 3620 1551 3684 εὐτακτῶσιν,
1594 3624 1746 3677 οὐδὲν
1786 3628 1970 3692 αὐτοῖς

304 3698 494 3768 ὄφελος
517 3701 619 3771 τῆς
637 3703 797 3774 μέχρι
817 3704 983 3775 τριῶν
1011 3707 1045 3776 ἢ
1074 3709 1351 3779 τεσσάρων
1373 3710 1592 3781 ἡμερῶν
1619 3711 1964 3783 φιλοσοφίας⁶

302 3786 446 3840 οῦτω
484 3789 577 3841 καὶ
605 3792 653 3843 οί
685 3791 1110 3863 ἁμαρτάνοντες,
1149 3793 1215 3848 ἂν
1253 3794 1327 3866 μὴ
1358 3796 1645 3860 διαπαντὸς
1675 3802 1967 3871 σωφρονῶ-

305 3889 410 3937 σιν,
443 3874 593 3929 οὐδὲν
621 3876 802 3940 αὐτοῖς
842 3877 991 3931 ἔσται
1021 3879 1184 3933 πλέον
1223 3881 1331 3935 ἀπὸ
1357 3883 1459 3953 τῆς
1482 3882 1819 3956 διορθώσεως
1857 3889 1966 3945 τῶν

299 3961 394 4014 δύο
424 3964 514 4016 καὶ
540 3965 706 4036 τριῶν
744 3965 987 4037 ¹ἡμερῶν.
1021 3968 1233 4042 Ὥσπερ
1263 3970 1389 4042 γὰρ,
1435 3973 1620 4043 φησὶν,
1647 3975 1675 4027 ό
1702 3973 1935 4044 βαπτιζό

307 4067 483 4112 μενος,
523 4047 642 4105 εἶτα
695 4054 752 4105 ἐν
781 4052 860 4123 τῷ
903 4051 1146 4125 βορϐόρῳ
1187 4056 1546 4128 μολυνόμενος
1595 4061 1776 4123 πάλιν,
1815 4064 1967 4118 οὐδὲν

306 4133 578 4202 ὠφέλησεν
594 4151 606 4164 ·
642 4136 814 4200 οὕτως
839 4140 868 4192 6
892 4141 1039 4210 τρεῖς
1060 4142 1273 4211 ἡμέρας
1301 4148 1656 4216 μετανοήσας,
1685 4149 1780 4201 x61
1804 4150 1965 4205 πάλιν

302 4217 395 4269 ἐπὶ
417 4216 485 4269 τά
517 4220 756 4293 πρότερα
784 4223 1110 4289 ἐπανελθὼν,
1142 4226 1293 4280 οὐδὲν
1324 4230 1614 4299 εἰργάσατο
1638 4233 1819 4288 πλέον.

371 4303 462 4372 Μὴ
491 4303 669 4357 τοίνυν
699 4307 835 4378 ὅπερ
863 4308 950 4362 ἀεὶ
980 4311 1259 4382 ποιοῦμεν,
1291 4313 1447 4367 τοῦτο
1477 4315 1571 4369 καὶ
1593 4316 1689 4370 νῦν
1731 4318 1965 4390 ποιήσω-

303 4404 424 4459 μεν·
479 4391 573 4443 καὶ
629 4390 739 4462 γὰρ
792 4394 1031 4464 σεισμῶν
1081 4396 1341 4462 πολλάκις
1402 4402 1815 4456 καταλαϐόντων
1868 4404 1963 4458 καὶ

301 4473 459 4564 λιμοῦ
496 4476 589 4529 καὶ
629 4477 862 4548 αὐχμοῦ,
903 4483 1051 4550 τρεῖς
1081 4483 1175 4536 καὶ
1200 4487 1470 4557 τέσσαρας
1505 4488 1719 4559 ἡμέρας
1751 4507 1963 4564 σωφρο-

301 4563 571 4627 νισθέντες
616 4566 709 4617 καὶ
755 4567 1148 4640 ἐπιεικέστεροι
1193 4572 1510 4644 γενόμενοι,
1549 4575 1710 4632 πάλιν
1759 4579 1854 4632 ἐπὶ
1894 4578 1963 4633 τὰ

300 4649 541 4720 πρότερα
582 4651 981 4724 ἐπανήλθομεν
1016 4655 1103 4710 διά
1123 4658 1279 4712 τοῦτο
1319 4662 1411 4714 καὶ
1436 4663 1609 4717 ταῦτα
1644 4665 1957 4737 γεγένηται.

299 4737 440 4789 Ἀλλ’
458 4740 504 4790 εί
531 4740 624 4791 καὶ
647 4739 721 4811 μὴ
749 4741 1029 4812 πρότερον,
1055 4742 1150 4797 νῦν
1171 4745 1300 4815 γοῦν
1326 4749 1418 4801 ἐπὶ
1437 4750 1537 4820 τῆς
1560 4751 1734 4822 αὐτῆς
1767 4753 1962 4824 μείνω⁸

303 4840 401 4914 μεν
429 4824 733 4914 εὐλαϐείας,
764 4829 858 4881 καὶ
880 4828 979 4900 τὴν
999 4830 1169 4902 αὐτὴν
1194 4833 1494 4890 ἐπιείκειαν
1519 4838 1958 4914 διατηρήσωμεν,

301 4909 393 5000 ζει-α.
435 4910 509 4981 μὴ
551 4910 710 5000 πάλιν
755 4914 946 5000 ἑτέρας
983 4915 1262 4988 δεηθῶμεν
1308 4921 1539 4993 πληγῆς.
1587 4909 1961 5000 Μὴνγὰρρύκ

297 4992 528 5082 ήδύνατο
558 4995 798 5051 κωλῦσαι
830 4998 900 5052 τὰ
929 5002 1270 5072 γεγενημένα
1304 5004 1333 5056 ό
1359 4992 1524 5071 Θεός;
1550 4992 1694 5062 Ἀλλ’
1720 4992 1957 5082 ἀφῆκεν,

297 5075 384 5128 ῖνα
427 5079 552 5141 τοὺς
601 5082 1075 5152 καταφρονοῦντας
1122 5085 1287 5138 αὐτοῦ
1326 5087 1383 5139 ἑν
1423 5086 1501 5159 τῷ
1540 5088 1633 5143 τοῦ
1675 5075 1959 5149 συνδούλου

297 5160 455 5245 φόϐῳ,
482 5165 953 5237 σωφρονεστέρους
1002 5168 1325 5241 ἐργάσηται.
1372 5172 1484 5227 Καὶ
1519 5173 1593 5245 μή
1635 5191 1725 5243 μοι
1755 5176 1960 5245 λεγέτω

295 5258 396 5305 τις,
443 5244 524 5297 ὅτι
561 5246 746 5300 πολλοὶ
789 5248 898 5301 τῶν
923 5248 950 5288 δ
979 5251 1171 5305 αἰτίων
1217 5252 1492 5323 διέφυγον,
1538 5256 1722 5310 πολλοί
1749 5258 1806 5312 δὲ
1830 5244 1959 5312 ίτῶν

294 5324 550 5406 ἀναιτίων
604 5329 889 5385 ἐνέπεσονο
935 5337 1029 5387 καὶ
1074 5334 1184 5406 γὰρ
1236 5335 1396 5389 τοῦτο
1447 5335 1657 5390 πολλῶν
1698 5338 1957 5404 πολλάκις

293 5405 475 5493 ἀκρύω
502 5408 789 5493 λεγόντων,
818 5414 918 5468 οὐκ
952 5417 1043 5469 ἐπὶ
1195 5417 1477 5490 παρούσης
1500 5420 1741 5485 στάσεως
1773 5423 1952 5493 μόνον,

294 5487 549 5573 ἀλλά-καί
574 5494 632 5546 ἑν
665 5496 878 5566 ἑτέραις
908 5496 1025 5571 [47]
1045 5487 1261 5564 πολλαῖς
1279 5487 1562 5566 τοιαύταις
1579 5487 1953 5573 περιστάσεσι.

294 5569 358 5622 Τί
394 5567 486 5624 οῦν
506 5572 570 5627 ἀν
592 5575 802 5648 εἴποιμι
837 5567 970 5653 7:96;
1004 5567 1128 5647 τοὺς
1156 5583 1223 5637 τά
1251 5584 1475 5639 τοιαῦτα
1510 5567 1800 5655 λέγοντας;
1834 5589 1956 5644 Ὅτι

355 5695 381 5724 ⁸
401 5696 549 5768 Sull:
571 5703 629 5768 ej.
652 5714 780 5768 ιιιιιιε
806 5703 1021 5768 εῦκαιρον
1056 5703 1138 5753 νῦν
1183 5706 1462 5768 ἀνακραγεῖν
1501 5705 1546 5767 (ι
1583 5708 1711 5761 forte
1749 5709 1954 5763 rectius.

295 5758 433 5830 Evt”;
463 5760 798 5830 i)'._lnf:a__6:cv_
818 5758 974 5830 ἕλκῃ-ξ,
997 5766 1108 5830 ὅταν
1133 5758 1453 5830 κπαϐάλλῇς,
1471 5758 1558 5818 τοῦ
1580 5773 1638 5820 Θ.

351 5817 552 5893 §_Savil.
574 5828 628 5893 ei.
651 5823 819 5893 Morel:
837 5817 1024 5893 ριῖτῖίῷν,
1043 5829 1128 5893 gilii
1144 5817 1526 5893 ὑπαιτίωνξὴἰιὼ
1546 5817 1787 5885 Ιειιίίυηθε
1804 5834 1957 5885 unbze

297 5883 477 5939 Optime
498 5883 743 5943 quadram.
780 5883 901 5935 Ibid.
926 5887 1008 5934 alii
1035 5887 1276 5939 ἑνὲπεσαν.

2064 421 2114 473 εἰ
2148 407 2360 487 καὶτῆς
2393 416 2672 488 παρούσης
2706 414 2947 479 στάσεως
2980 412 3217 480 ἀναίτιος
3237 410 3307 489 ἦν
3330 415 3361 469 ό
3394 416 3585 482 ἀλοὺς,
3618 414 3734 470 ἀλλ’

2066 504 2257 574 ἑτέραν
2283 502 2558 574 ἁμαρτίαν
2588 501 2882 572 εἰργάσατό
2902 517 3030 554 ποτε
3067 502 3477 571 χαλεπωτέραν,
3509 498 3630 555 εἶτα
3659 501 3737 571 μὴ

2070 589 2556 662 μεταϐαλλόμενος,
2595 591 2652 642 ἑν
2697 590 2764 659 τῇ
2792 586 3044 661 παρούσῃ
3078 589 3233 660 δίκην
3267 587 3455 642 ἔδωκε.
3493 589 3602 642 Καὶ
3628 588 3740 659 γὰρ

2068 679 2185 741 ἔθος
2220 677 2299 748 τῷ
2328 676 2447 748 Θεῷ
2487 675 2648 731 τοῦτο
2689 677 2881 730 ποιεῖν·
2917 676 3046 729 ὅταν
3093 676 3429 746 ἀμάρτωμεν
3452 714 3467 739 ,
3501 675 3602 729 οὐκ
3644 674 3739 727 εὐ·-

2068 764 2204 828 θέως
2236 764 2587 836 ἐπεξέρχεται
2617 774 2641 802 ο
2677 766 2787 827 τοῖς
2827 761 3296 833 πλημμελήμασιν
3315 802 3330 821 .
3363 762 3479 815 ἀλλ’
3517 761 3735 831 ἀνίησι,

2068 851 2242 915 διδοὺς
2284 853 2414 923 ἡμῖν
2441 850 2778 923 προθεσμίαν
2823 848 3131 920 μετανοίας,
3161 848 3302 903 ὥστε
3340 849 3737 921 διορθώσασθαι

2068 942 2163 993 καὶ
2213 937 2622 1010 μεταϐαλέσθαι·
2682 939 2750 991 ἂν
2802 936 2858 991 δὲ
2904 936 2991 990 διὰ
3028 936 3088 989 :6
3112 936 3188 1007 μὴ
3233 936 3415 990 δοῦναι
3451 935 3626 1007 δίκην,
3654 952 3740 989 νο-

2073 1027 2328 1097 μίσαντες
2369 1028 2462 1081 καὶ
2506 1026 2567 1079 τὸ
2609 1024 2911 1096 ἁμάρτημα
2950 1023 3283 1095 ἐξηλεῖφθαι,
3315 1023 3741 1094 καταφρονήσω-

2075 1131 2195 1184 μεν,
2225 1113 2355 1167 ἔνθα
2383 1113 2480 1183 οὐχ
2508 1111 2863 1180 ὑπονοοῦμεν,
2898 1113 3013 1164 ἐκεῖ
3047 1110 3184 1181 μετὰ
3218 1110 3391 1163 ταῦτα
3419 1109 3741 1179 ἁλωσόμεθα

2071 1199 2309 1263 πάντως.
2333 1199 2504 1253 Τοῦτο
2541 1199 2597 1252 δέ
2621 1199 2851 1267 γίνεται,
2876 1198 2965 1250 ἵνα
2995 1198 3122 1250 ὅταν
3152 1197 3506 1269 ἀμάρτωμεν,
3538 1196 3634 1250 καὶ
3664 1195 3740 1266 μὴ

2072 1285 2445 1356 κολασθῶμεν,
2491 1286 2565 1357 μὴ
2611 1285 2994 1356 θαρσήσωμεν,
3042 1282 3110 1337 ἂν
3160 1284 3235 1355 μὴ
3283 1280 3735 1354 μεταϐαλώμεθα,

2070 1372 2266 1436 εἰδότες
2314 1373 2397 1425 ὅτι
2440 1372 2568 1426 ἔνθα
2617 1373 2677 1424 οὐ
2712 1369 3121 1441 προσδοκῶμεν,
3165 1369 3560 1441 ἑμπεσούμεθα
3601 1367 3738 1422 πάν-

2071 1474 2197 1520 τως.
2231 1457 2417 1520 Ὥστε,
2464 1457 2530 1510 ἂν
2581 1456 2906 1528 ἁμαρτήσῃς
2942 1455 2964 1491 ι¹
2989 1495 3004 1519 ,
3051 1456 3147 1509 καί⁸
3187 1453 3261 1526 μὴ
3308 1454 3603 1526 κολασθῇς,
3662 1453 3738 1526 μὴ

2071 1543 2522 1616 καταφρονήσῃς,
2548 1542 2827 1613 ἀγαπητέ*
2859 1542 2994 1596 ἀλλά
3031 1541 3097 1596 δι’
3130 1542 3260 1595 αὐτὸ
3285 1541 3443 1595 τοῦτο
3476 1540 3739 1610 μειζόνως

2071 1629 2356 1700 φοϐήθητι,
2387 1628 2540 1693 εἰδὼς
2567 1630 2647 1683 ὃτι
2679 1628 2877 1697 κοῦφον
2904 1627 2981 1699 τῷ
2994 1629 3132 1700 Θεῷ,
3167 1630 3295 1684 ὅταν
3326 1628 3477 1702 θέλῃ,
3511 1629 3741 1682 ἀνταποο

2068 1714 2251 1769 δοῦναι
2302 1715 2483 1771 πάλιν.
2550 1715 2650 1770 Διά
2691 1714 2847 1768 τοῦτο
2910 1715 3018 1787 γὰρ
3054 1715 3175 1769 τότε
3208 1733 3267 1769 σε
3312 1716 3413 1769 οὐκ
3456 1714 3736 1777 ἐκόλασεν,

2071 1801 2159 1856 ἵνα
2201 1801 2373 1874 λάϐῃς
2420 1800 2758 1874 προθεσμίαν
2791 1803 3099 1872 μετανοίας.
3136 1802 3228 1873 Μὴ
3253 1802 3430 1856 τοίνυν
3466 1802 3736 1872 λέγωμεν,

2068 1887 2151 1941 ὅτι
2183 1887 2421 1951 ἀναίτιος
2449 1886 2525 1941 ὣν
2554 1887 2809 1941 ἐνέπεσεν
2850 1888 2878 1939 ὁ
2915 1886 3063 1940 δεῖνα
3085 1928 3101 1953 ,
3135 1886 3321 1960 ἕτερος
3353 1888 3409 1941 δὲ
3445 1886 3618 1950 αἴτιος
3659 1885 3738 1940 ὢν

2069 1973 2340 2043 διέφυγεν·
2381 1976 2409 2028 6
2435 1991 2496 2027 τε
2522 1974 2630 2046 γάρ
2659 1973 2895 2037 ἀναίτιος
2920 1974 3193 2045 ἐμπεσὼν,
3218 1973 3407 2046 ῶσπερ
3431 1973 3586 2044 ἔφην,
3619 1972 3739 2027 ἑτέ-

2074 2078 2180 2132 ρων
2226 2062 2635 2133 ἁμαρτημάτων
2681 2061 2847 2115 έδωκε
2868 2061 3045 2132 δίκην,
3092 2062 3121 2114 6
3158 2078 3220 2116 τε
3250 2061 3346 2116 νῦν
3375 2072 3398 2101 θ
3430 2059 3735 2130 διαφυγὼν,

2071 2147 2164 2201 ἐὰν
2195 2146 2269 2218 μή
2305 2147 2696 2218 μεταϐάληται,
2723 2148 2804 2211 είς
2849 2148 3040 2219 ἑτέραν
3067 2146 3334 2201 ἁλώσεται
3377 2149 3602 2216 παγίδα.
3636 2147 3738 2201 ’Δν

2069 2232 2210 2287 οὑτω
2239 2233 2669 2304 διακεισώμεθα,
2709 2233 2963 2287 οὐδέποτε
3001 2234 3109 2289 τῶν
3155 2234 3367 2288 οἰκείων
3404 2231 3737 2305 ἁμαρτημά-

2069 2337 2176 2373 των
2215 2320 2610 2392 ἐπιλησόμεθα,
2658 2321 2775 2374 ἀλλ’
2813 2321 2898 2374 ἀεὶ
2932 2320 3248 2384 δεδοικότες,
3287 2319 3605 2391 τρέμοντες,
3659 2319 3736 2389 μή

2072 2423 2200 2458 ποτε
2218 2406 2540 2476 ὑπόσχωμεν
2555 2405 2728 2477 δίκην,
2741 2405 3282 2477 ἀναμνησθησώμεθα
3298 2406 3505 2477 ταχέως
3533 2403 3735 2459 αὐτῶν.

2071 2495 2236 2549 Οὐδὲν
2290 2495 2400 2566 γὰρ
2423 2494 2595 2559 οὕτως
2626 2496 2898 2568 ἁμαρτίας
2936 2496 3368 2569 ἀναμιμνήσκειν
3401 2493 3592 2548 εἴωθεν
3613 2532 3628 2557 ,
3656 2492 3735 2556 ὡς

2068 2582 2305 2654 τιμωρία
2323 2584 2417 2635 καὶ
2437 2582 2675 2645 κόλασιςο
2697 2581 2963 2635 καὶτοῦτο
2982 2581 3139 2653 δῆλον
3159 2581 3264 2635 ἀπὸ
3290 2581 3396 2634 τῶν
3423 2580 3517 2634 τοῦ
3535 2580 3737 2649 Ἰωσὴφ

2070 2668 2336 2739 ἀδελφῶν.
2365 2669 2587 2745 Ἐπειδὴ
2620 2667 2727 2741 γὰρ
2767 2668 3023 2722 ἀπέδοντο
3051 2670 3247 2722 ἐκεῖνοι
3274 2669 3364 2721 τὸν
3391 2668 3617 2731 δίκαιον,
3640 2665 3737 2719 καὶ

2070 2755 2166 2827 ἔτη
2195 2756 2320 2827 τρία
2348 2756 2442 2809 καὶ
2462 2755 2596 2810 δέκα
2619 2756 2917 2827 παρῆλθεν,
2953 2755 3348 2818 ὑποπτεύοντες
3391 2751 3737 2818 κολάζεσθαι,

2070 2846 2164 2898 καὶ
2215 2844 2478 2915 περὶτῶν
2532 2845 2774 2916 ἐσχάτων
2818 2844 3114 2908 δεδοικότες
3133 2884 3148 2909 ,
3180 2841 3595 2915 ἀνεμνήσθησαν
3635 2838 3736 2909 τῆς

2069 2931 2359 3002 ἁμαρτίας,
2388 2932 2483 2985 καὶ
2508 2932 2643 3003 πρὸς
2666 2930 2928 3001 ἀλλήλους
2952 2930 3154 2998 ἔλεγον·
3180 2930 3313 2992 Ναί,
3340 2929 3409 2982 ἐν
3428 2927 3738 2996 ἁμαρτίαις

2068 3018 2180 3088 γάρ
2194 3019 2379 3089 ἐσμεν
2402 3020 2535 3088 περὶ
2560 3019 2666 3074 τοῦ
2691 3018 2957 3088 ἀδελφοῦ
2983 3016 3151 3088 ἡμῶν
3173 3017 3278 3071 τοῦ
3304 3016 3544 3085 Ἰωσήφ.
3575 3016 3738 3085 Ὁρᾷς

2070 3102 2187 3167 πῶς
2213 3105 2242 3157 ό
2273 3103 2435 3171 φόϐος
2468 3103 2768 3175 ἀνέμνησεν
2806 3104 3004 3168 αὐτοὺς
3044 3102 3146 3174 τῆς
3188 3101 3563 3172 πλημμελείας
3591 3100 3737 3154 ἐκεί-

2068 3204 2196 3258 νης;
2234 3188 2344 3242 Καὶ
2383 3189 2472 3242 ὅτε
2519 3191 2616 3260 μὲν
2657 3189 2989 3261 ἡμάρτανον,
3034 3191 3136 3242 οὐκ
3182 3187 3494 3259 ᾐσθάνοντο·
3540 3188 3634 3241 ὅτε
3679 3185 3740 3240 δὲ

2070 3273 2393 3339 κολάξεσθαι
2431 3275 2859 3346 προσεδόκησαν,
2897 3274 3019 3329 τότε
3052 3273 3493 3345 ἀνεμνήσθησαν.

2141 3360 2305 3416 Ταῦτ’
2327 3358 2420 3416 οῦν
2452 3362 2652 3426 εἰδότες
2692 3362 2928 3428 ἅπαντα,
2966 3360 3319 3433 ποιησώμεθα
3363 3360 3456 3414 τοῦ
3498 3358 3612 3430 βίου
3643 3375 3737 3430 με·

2067 3448 2295 3519 ταϐολὴν
2331 3449 2426 3502 καὶ
2447 3448 2751 3523 διόρθωσιν,
2777 3451 2877 3524 καὶ.
2897 3449 3002 3521 πρὸ
3023 3449 3120 3521 τῆς
3141 3447 3463 3517 ἀπαλλαγῆς
3491 3448 3591 3517 τῆς
3616 3450 3738 3501 ἐπι⁹

2069 3535 2325 3608 κειμένης
2382 3536 2618 3605 ἀγωνίας
2671 3537 2810 3609 ὑπὲρ
2864 3535 3150 3598 εὐλαϐείας
3204 3535 3299 3588 καὶ
3349 3535 3548 3606 ἀρετῆς
3569 3552 3733 3605 φρον-

2067 3622 2322 3692 τίσωμεν.
2365 3622 2475 3677 Καὶ
2506 3623 2643 3687 τέως
2671 3627 2818 3694 τρεῖς
2847 3621 3062 3686 ἐντολὰς
3094 3623 3223 3693 ὑμῖν
3251 3621 3736 3692 παρακαταθέσθαι

2069 3707 2347 3778 βούλομαι,
2382 3710 2468 3763 ἵνα
2518 3727 2607 3780 μοι
2654 3709 2858 3774 ταύτας
2894 3710 2989 3763 ἐπὶ
3013 3708 3113 3781 τῆς
3147 3709 3401 3778 νηστείας
3454 3707 3731 3778 κατορθώ-

2069 3810 2220 3865 σητε⁸
2255 3795 2314 3848 τὸ
2342 3795 2546 3865 μηδένα
2573 3795 2759 3857 κακῶς
2790 3795 2989 3865 λέγειν,
3012 3795 3072 3849 τδ
3110 3795 3313 3866 μηδένα
3338 3794 3531 3865 ἐχθρὸν
3565 3794 3733 3866 ἔχειν,

2065 3882 2126 3935 τὸ
2153 3881 2379 3935 καθόλου
2410 3885 2589 3936 πᾶσαν
2617 3885 2682 3937 ἐκ
2714 3881 2809 3936 τοῦ
2850 3883 3113 3953 στόματος
3139 3882 3408 3936 ἀπελάσαι
3444 3882 3541 3950 τὴν
3567 3899 3735 3954 πονη-

2068 3963 2169 4033 ράν
2214 3963 2320 4016 τῶν
2356 3964 2534 4035 ὅρκων
2579 3964 2885 4035 συνήθειαν.
2920 3965 3030 4017 Καὶ
3069 3962 3320 4035 καθάπερ
3353 3964 3571 4017 ἐπειδὰν
3608 3982 3735 4037 χρυ-

2068 4044 2181 4096 σίον
2237 4044 2524 4114 ἐπιϐληθὲν
2551 4044 2871 4114 ἀκούσωμεν
2893 4086 2909 4111 ,
2938 4044 3114 4099 ἀπιὼν
3142 4046 3321 4099 οἶκαδε
3360 4046 3609 4110 ἕκαστος,
3639 4050 3734 4103 καὶ

2064 4125 2161 4196 τὴν
2190 4129 2418 4195 γυναῖκα
2459 4128 2693 4191 καλέσας
2723 4130 2816 4180 καὶ
2848 4128 2917 4181 τὰ
2942 4128 3111 4181 τέκνα
3140 4127 3160 4166 ί
3187 4129 3282 4181 καὶ
3320 4129 3446 4192 τοὺς
3492 4129 3732 4195 οἰκέτας,

2067 4212 2260 4262 σκοπεῖ
2278 4211 2394 4278 μετ’
2418 4209 2639 4263 ἐκείνων
2666 4210 2760 4263 καὶ
2796 4209 3126 4280 βουλεύεται,
3159 4211 3321 4264 πόθεν
3350 4210 3449 4282 τήν
3470 4213 3734 4284 εἰσφορὰν

2066 4291 2342 4363 καταϐάλῃ
2370 4290 2594 4361 ταύτηνο
2617 4291 2758 4345 οὐτω
2789 4293 2884 4346 καὶ
2912 4292 3005 4345 67:1
3030 4292 3139 4346 τῶν
3162 4292 3386 4346 ἐντολῶν
3413 4295 3727 4365 ποιήσωμεν

2061 4373 2264 4426 τούτων
2287 4373 2395 4427 τῶν
2427 4373 2829 4445 πνευματικῶν.
2854 4374 3239 4446 Ἀναχωρήσας
3283 4374 3462 4428 οἴκαδε
3497 4375 3730 4439 ἕκαστος

2063 4454 2295 4508 καλείτω
2330 4454 2428 4526 τὴν
2473 4459 2704 4523 γυναῖκα
2740 4455 2837 4509 καὶ
2884 4454 2953 4509 τὰ
2997 4456 3210 4521 παιδία,
3244 4456 3338 4510 καὶ
3386 4455 3591 4524 λεγέτω
3637 4459 3724 4513 δτι

2063 4537 2292 4608 εἰσφορά
2319 4538 2592 4610 ἐπεϐλήθη
2629 4536 2976 4608 πνευματικὴ
3006 4537 3244 4608 τήμερον
3262 4578 3277 4603 ,
3306 4537 3535 4609 εἰσφορὰ
3557 4539 3625 4593 δι’
3651 4536 3723 4613 ἧς

2063 4618 2213 4674 ἔσται
2233 4638 2317 4686 τις
2332 4621 2485 4686 λύσις
2509 4621 2616 4675 τῶν
2633 4621 2820 4675 δεινῶν
2838 4619 3042 4674 τούτων
3062 4620 3154 4673 καὶ
3174 4618 3481 4691 ἀπαλλαγὴ,
3499 4624 3734 4695 εἰσφορὰ

2062 4704 2188 4774 οὐχϊ
2210 4703 2446 4775 πένητας
2477 4705 2604 4768 τοὺς
2633 4702 3068 4765 καταϐάλλοντας
3088 4741 3102 4766 ,
3139 4701 3275 4755 ἀλλά
3298 4702 3734 4775 πλουσιωτέρους

2062 4786 2310 4851 ποιοῦσα,
2335 4786 2451 4858 [48]
2475 4786 2615 4839 ὥστε
2651 4786 2855 4857 μηδένα
2883 4785 3076 4856 ἐχθρὸν
3115 4785 3282 4856 ἔχειν,
3308 4786 3514 4857 μηδένα
3540 4790 3733 4854 κακῶς

2061 4867 2262 4937 λέγειν,
2298 4870 2431 4940 μηδέ
2464 4867 2690 4938 ὀμνύναι
2722 4868 2971 4922 καθόλου.
2998 4869 3393 4939 Σκοπήσωμεν,
3424 4871 3732 4941 φροντίσω-

2064 4967 2187 5022 μεν,
2230 4949 2666 5022 βουλευσώμεθα,
2715 4951 2863 5015 ὅπως
2914 4949 3356 5024 ἐκπληρώσωμεν
3386 4951 3485 5016 τάς
3508 4954 3732 5020 ἐντολὰς

2059 5032 2280 5097 ταύτας·
2311 5034 2489 5087 πᾶσαν
2524 5033 2960 5103 εἰσενεγκώμεθα
2997 5033 3230 5104 σπουδὴν
3250 5072 3264 5097 ,
3308 5033 3572 5104 ἀλλήλους
3600 5036 3731 5090 ὑπο-

2063 5115 2372 5186 μνήσωμεν,
2409 5115 2669 5186 ἀλλήλους
2704 5114 3143 5186 διορθωσώμεθα,
3184 5115 3272 5168 ῐνα
3303 5115 3376 5186 μὴ
3417 5116 3729 5185 ὀφείλοντες

2059 5195 2383 5269 ἀπέλθωμεν
2421 5199 2557 5262 ἐκεῖ,
2615 5193 2733 5250 εἶτα
2784 5197 3025 5267 δεόμενοι
3075 5196 3420 5250 δανείσασθαι
3453 5199 3583 5269 παρ’
3614 5201 3728 5253 ἑτέ-

2052 5295 2191 5349 ρων,
2217 5280 2293 5350 μὴ
2324 5279 2387 5332 :6
2407 5279 2514 5334 τῶν
2536 5279 2820 5351 παρθένων
2846 5279 3105 5350 πάθωμεν
3127 5277 3234 5332 τῶν
3260 5278 3480 5349 μωρῶν,
3506 5279 3726 5351 καὶτῆς

2059 5360 2329 5416 ἀθανάτου
2354 5361 2623 5434 σωτηρίας
2645 5363 2984 5432 ἐκπέσωμεν.
3005 5363 3102 5416 Ἂν
3124 5362 3266 5416 οὑτω
3285 5362 3376 5415 τὸν
3398 5363 3605 5417 ἑαυτῶν
3628 5365 3731 5435 ρυ-

2060 5443 2342 5516 θμίζωμεν
2385 5445 2519 5516 βίον,
2553 5444 2801 5498 ἐντεῦθεν
2834 5446 2960 5515 ὑμῖν
2987 5444 3271 5514 ἐγγυῶμαι
3306 5445 3398 5498 καὶ
3432 5443 3726 5514 ὑπισχνοῦ-

2061 5544 2180 5598 μαι,
2216 5529 2298 5583 ὅτι
2336 5530 2433 5584 καὶ
2455 5530 2481 5570 ⁸
2502 5526 2601 5599 τῆς
2627 5526 2905 5598 παρούσης
2939 5528 3222 5598 συμφορᾶς
3258 5527 3408 5581 ἔσται
3427 5544 3511 5591 τις
3543 5525 3727 5605 λύσις,

2122 5652 2149 5713 °_
2169 5649 2253 5702 Sic
2274 5657 2378 5702 tres
2394 5664 2507 5702 mea.
2535 5651 2669 5702 Editi
2685 5662 2804 5701 vero
2820 5651 3135 5713 ὑπεξέρχεται.

2126 5709 2271 5822 εἰξἓέ
2292 5716 2577 5823 ἒεῗθδτέξιν.

2127 5833 2145 5869 τ
2171 5832 2323 5896 SpV/il.
2345 5840 2399 5885 et
2420 5837 2616 5896 quidam
2648 5835 2731 5884 alii
2753 5836 2833 5884 καὶ
2855 5834 2915 5883 τὰ
2935 5833 3114 5896 παιδία.

2125 5897 2151 5935 ⁸
2197 5895 2347 5946 Savil.
2370 5903 2423 5944 et
2439 5891 2637 5956 blurimi
2663 5910 2776 5944 mss.
2801 5900 2864 5952 ὡς
2884 5895 2984 5952 καί,
3008 5895 3176 5944 Morel.
3205 5898 3253 5943 el
3275 5892 3362 5942 alii
3386 5892 3457 5940 δτι
3478 5891 3581 5939 καί..
