3892 6236
136 337 204 389 ιςη
1059 337 1151 391 AD
1194 334 1519 394 POPULUM
1547 335 1708 395 ΛΝτΙ

1823 333 2032 392 ιΕΝυιι
2072 333 2301 392 ιιοδιιι.
2358 331 2446 391 lii.
3337 333 3411 391 83

137 459 257 500 scas
282 454 338 500 et
365 445 551 500 ridens
576 453 629 500 et
647 442 881 500 audiens
899 487 914 510 ,
941 457 996 500 et
1034 462 1208 515 neque
1237 447 1434 503 fulmen
1477 449 1712 506 immisit.

136 553 307 608 neque
325 553 480 592 mare
499 537 660 606 jussit
687 547 881 591 terram
911 537 1168 592 iuumlare
1193 549 1245 592 et
1263 555 1456 593 'onmes
1481 541 1720 594 submer-

133 642 294 697 gere,
332 641 504 695 neque
531 637 728 680 terram
755 629 909 681 hiare
930 669 944 690 ,
975 638 1028 682 et
1052 637 1408 682 tentem-tores
1435 630 1722 684 absorbere

136 712 424 781 mandarit,
453 711 546 772 scd
579 719 786 778 tolts‘at.
816 729 866 773 et
892 720 1263 789 longanimiter
1287 722 1412 790 agit,
1434 731 1488 775 et
1516 722 1718 776 veniam

134 825 192 863 se
223 809 467 862 daturum
495 811 762 877 promittit
783 812 1128 866 contumelia:
1157 813 1501 875 auctoribus,
1529 814 1572 866 si
1599 823 1721 866 tan-

137 908 243 953 tum
270 901 639 971 pmrritentiam
669 910 847 969 agant,
870 907 921 954 et
950 917 1008 956 se
1036 918 1138 956 non
1167 904 1391 972 amplius
1414 903 1526 958 hate
1557 905 1723 956 factu-

137 1006 225 1045 ros
275 992 650 1060 polliceantur.
693 984 838 1046 Vere
894 1008 1040 1048 nunc
1077 995 1414 1048 ‘exclamandi
1467 1004 1717 1064 tempus:

139 1082 259 1148 Qui;
299 1076 532 1148 loquetur
562 1083 818 1151 potentias
849 1073 1099 1136 Domini?
1135 1085 1334 1139 auditas
1357 1076 1512 1155 feciet
1549 1103 1721 1140 omnes

134 1178 309 1230 laudes
339 1168 448 1246 ejus
478 1173 781 1240 (Paul.105
830 1179 949 1249 2)?
992 1173 1144 1247 Quod
1170 1172 1268 1234 'Dei
1319 1180 1572 1251 imagines
1614 1195 1718 1233 non

136 1276 335 1320 ιειιιιιιιιι
369 1268 718 1337 dejecerunt,
752 1270 845 1324 sed
877 1271 1035 1342 etiam
1065 1271 1554 1326 conculcatur-unt?
1598 1285 1718 1324 eum

133 1361 273 1411 enim
299 1377 452 1414 reum
485 1377 684 1431 nugas,
713 1377 832 1416 cum
853 1363 1146 1432 dispolies,
1184 1378 1303 1417 eum
1337 1362 1548 1425 trahas,
1596 1377 1718 1416 cum

135 1440 374 1518 dejicias,
401 1446 496 1505 Dei
519 1445 809 1522 imaginem
835 1455 1141 1508 concutiens.
1170 1453 1302 1507 Audi
1321 1464 1472 1509 eerte
1495 1454 1716 1508 Paulum

132 1535 397 1594 dieen’tem
428 1543 567 1610 quod
592 1537 758 1598 'h'omo
789 1560 893 1599 non
917 1541 1074 1600 debet
1102 1546 1312 1614 operire
1340 1550 1517 1614 caput,
1545 1545 1718 1615 imago

133 1632 274 1684 enim
293 1641 348 1685 ct
372 1633 539 1700 gloria
561 1634 651 1688 Dei
677 1643 755 1689 est
785 1635 860 1706 (1.
881 1634 998 1690 Cor.
1020 1637 1042 1690 1
1061 1637 1106 1690 Ι.
1137 1637 1192 1705 7)
1219 1645 1309 1690 :ct
1331 1646 1516 1690 rurstts
1543 1637 1716 1706 ipsum

136 1722 300 1776 Deum
332 1723 597 1779 dicentem
629 1743 642 1778 :
676 1725 950 1781 Faciamus
991 1728 1241 1780 hominem
1269 1728 1541 1781 secundum
1585 1729 1716 1780 imu-

133 1815 298 1882 ginem
327 1823 374 1868 et
401 1815 780 1869 similitudinem
824 1828 1045 1871 nostram
1077 1817 1238 1887 (Gen.
1267 1820 1315 1872 1.
1343 1818 1413 1873 26
1431 1818 1473 1888 ).
1507 1819 1562 1874 Si
1592 1833 1719 1873 vero

129 1903 278 1958 dicas
299 1943 316 1970 ,
359 1918 465 1958 non
494 1918 613 1960 esse
653 1896 890 1975 ejusdem
913 1908 1232 1963 substantia:
1262 1909 1528 1963 hominem
1560 1918 1718 1979 atque

137 1993 300 2046 Deum
327 2035 342 2056 ,
387 1994 511 2063 quid
555 1995 708 2048 tum?
752 1995 936 2067 Neque
965 1998 1108 2052 enim
1137 2013 1210 2052 ωε
1252 2006 1438 2052 statua:
1476 1996 1714 2068 ejusdem

128 2095 216 2137 est
238 2094 405 2154 atque
428 2084 722 2154 Imperator
747 2089 1086 2156 substantia},
1115 2090 1210 2144 scd
1240 2099 1412 2144 tamen
1444 2090 1577 2144 hanc
1601 2091 1714 2144 ausi

129 2176 329 2231 hedere
374 2192 558 2247 pugnas
601 2179 866 2234 dederunt
896 2197 909 2234 ε
942 2181 1020 2235 sic
1059 2190 1120 2236 ἐι
1157 2181 1216 2236 in
1260 2180 1584 2246 hominibus,
1611 2182 1714 2238 etsi

130 2282 237 2320 non
264 2267 512 2336 ejusdem
536 2283 663 2323 cum
690 2269 807 2324 'Beo
829 2271 1138 2326 substantia:
1167 2282 1287 2326 sunt
1318 2272 1582 2339 homines,
1613 2275 1715 2327 sic-

127 2367 186 2410 ut
217 2375 388 2428 neque
417 2376 599 2416 revera
644 2370 802 2426 sunt,
843 2371 1025 2419 tamen
1071 2365 1244 2435 imago
1275 2365 1444 2420 vocati
1474 2375 1631 2432 sunt,
1662 2375 1717 2422 et

130 2459 351 2518 {ruptor
375 2453 785 2521 appellationem
815 2455 957 2523 ipsos
989 2455 1244 2510 honorem
1285 2457 1526 2527 recipere
1550 2473 1714 2529 opor-

131 2539 290 2593 tebat.
348 2541 426 2595 Τιι
478 2559 606 2597 vero
656 2553 877 2614 propter
923 2547 1188 2614 paululum
1239 2548 1352 2602 auri
1407 2551 1711 2617 conculcas,

128 2631 297 2698 ongis,
332 2632 519 2698 trabis,
551 2630 604 2688 ct
632 2636 829 2690 nullam
859 2636 1030 2690 adhuc
1059 2653 1268 2706 pmnam
1298 2638 1510 2695 dedisti.

199 2720 251 2774 7.
281 2722 569 2794 Contingat
599 2726 756 2795 igitur
786 2727 942 2781 hodie
970 2728 1252 2797 quamdam
1284 2731 1472 2785 bonam
1499 2741 1556 2788 et
1583 2732 1713 2788 dex-

126 2822 294 2868 teram
341 2816 454 2871 fieri
501 2821 870 2874 mutationem.
919 2820 1052 2875 illud
1079 2832 1232 2877 certe
1263 2823 1414 2880 vobis
1459 2826 1711 2895 praedico,

124 2913 180 2959 ct
205 2916 485 2963 contestor
504 2949 520 2973 ,
567 2911 708 2979 quod
739 2912 837 2965 etsi
869 2911 984 2966 lace
1014 2914 1332 2982 praeterierit
1360 2915 1530 2971 nubes
1553 2958 1567 2980 ,
1615 2933 1713 2973 nos

125 3008 303 3053 autem
327 3001 386 3054 in
410 3001 603 3055 eodem
625 3003 983 3058 manserimus
1018 3013 1236 3075 torpore
1259 3045 1274 3071 ,
1299 3021 1514 3062 rursum
1545 3009 1713 3066 ιιιυῖιο

123 3088 230 3150 his,
262 3103 386 3158 quae
408 3092 465 3144 in
499 3095 902 3161 pra'sentiantm
934 3105 1310 3165 exspectantur
1331 3137 1346 3160 ,
1389 3100 1569 3167 pejora
1611 3114 1712 3170 pa-

123 3184 323 3238 t-iemur
355 3186 649 3254 :quoniam
682 3196 735 3241 ct
781 3202 923 3243 nunc
967 3203 1072 3242 non
1116 3197 1322 3242 tantum
1370 3189 1710 3260 Imperatoris

126 3271 291 3336 iram,
333 3286 591 3342 quantum
633 3278 906 3346 segnitiem
937 3289 1168 3334 vestram
1196 3281 1380 3337 timeo.
1420 3281 1536 3337 Non
1566 3285 1710 3339 enim

119 3362 329 3418 duobus
362 3376 453 3418 aut
483 3367 650 3421 tribus
675 3369 862 3424 d-ielms
899 3371 1222 3439 su-pplicasse
1253 3373 1406 3428 nobis
1434 3375 1499 3430 ad
1526 3375 1712 3431 defen-

117 3455 326 3510 sionem
349 3457 568 3518 sufficit,
596 3458 692 3512 sed
715 3461 874 3516 totius
897 3461 1017 3516 vitae
1040 3463 1382 3520 mutationem
1412 3466 1527 3522 fieri
1552 3482 1709 3538 opor-

120 3553 225 3608 tet,
275 3557 326 3601 et
376 3563 404 3601 a
449 3549 646 3603 malitia
694 3551 1014 3608 desistentes
1058 3555 1109 3608 in
1155 3557 1352 3612 virtute
1393 3572 1709 3628 permanere

117 3635 394 3691 continue.
427 3637 575 3692 Sicut
620 3641 763 3694 enim
803 3652 1155 3712 :rgrotantes,
1187 3646 1286 3700 nisi
1325 3661 1536 3719 semper
1559 3651 1706 3705 ordi-

117 3738 246 3782 nate
271 3729 520 3796 vixerint,
551 3731 691 3785 nulla
721 3733 848 3802 ipsis
873 3734 1166 3806 disciplinae
1195 3752 1290 3806 per
1317 3746 1426 3794 tres
1453 3749 1546 3795 aut
1568 3753 1705 3812 quah

123 3827 244 3872 tuor
267 3821 388 3875 dies
415 3832 639 3878 serrata:
659 3824 864 3880 utilitas
895 3842 908 3878 :
940 3827 1020 3881 sic
1038 3835 1096 3882 et
1127 3838 1408 3898 peccantes
1434 3831 1534 3887 nisi
1561 3846 1707 3888 scm-

118 3924 213 3977 per
241 3910 410 3966 sobrii
442 3912 571 3976 sint,
594 3914 726 3968 nihil
762 3915 994 3984 proderit
1021 3917 1149 3986 ipsis
1177 3918 1406 3976 deorum
1437 3922 1520 3978 vel
1547 3924 1706 3981 trium

116 3998 324 4054 dierum
353 4003 638 4058 correctio.
674 4003 740 4060 Ut
765 4007 930 4072 enim,
968 4007 1202 4076 dicitur,
1250 4009 1390 4066 lotus
1430 4024 1614 4084 postea
1654 4016 1704 4071 in

117 4090 231 4144 luto
260 4109 476 4150 rursum
507 4097 812 4167 inquinatus
831 4139 846 4165 ,
892 4099 1023 4155 nihil
1063 4103 1286 4171 profecit
1315 4121 1328 4156 :
1358 4107 1436 4161 sic
1466 4119 1560 4175 per
1598 4118 1706 4166 tres

118 4183 233 4238 dies
261 4201 426 4254 agens
462 4190 858 4258 ιιωιιίιθιιιὶιιιιι,
883 4203 941 4248 et
965 4210 1180 4250 rursum
1210 4197 1275 4252 ad
1305 4199 1485 4270 priora
1514 4217 1705 4260 rever-

118 4283 257 4339 tens,
287 4278 423 4333 nihil
457 4281 691 4337 lucratus
718 4292 818 4339 est.

190 4365 364 4424 Terra:
384 4381 548 4426 motus
571 4377 854 4446 frequentes
876 4378 1172 4436 Amice/rite.
1193 4413 1260 4424 --
1281 4384 1358 4440 Ne
1386 4385 1542 4458 igitur
1557 4389 1702 4459 ψιοά

110 4469 332 4528 «semper
356 4461 601 4531 facinms,
626 4466 726 4522 hoc
746 4478 800 4522 et
822 4487 959 4526 num:
984 4472 1254 4532 faciamus.
1288 4477 1495 4534 Etenim
1521 4489 1706 4536 terrae-

122 4551 347 4605 motibus
375 4555 576 4623 sepius
602 4563 1174 4628 comprehendentibus
1193 4608 1208 4632 ,
1251 4578 1305 4623 et
1347 4569 1487 4627 fame
1513 4583 1566 4628 ct
1593 4575 1702 4628 sic-

116 4638 309 4706 citate,
350 4645 524 4700 tribus
551 4649 634 4703 vel
663 4660 890 4719 quatuor
929 4656 1118 4712 diebus
1159 4660 1419 4717 moderati
1443 4672 1500 4719 et
1547 4682 1699 4721 man-

111 4733 378 4827 suetiores
407 4737 528 4792 facti
553 4781 567 4802 ,
599 4755 785 4798 rursus
808 4746 873 4799 ad
903 4749 1074 4816 priora
1104 4752 1424 4816 redivimus,
1457 4767 1701 4827 propter-

113 4835 279 4891 eaque
308 4825 426 4881 ha-c
455 4831 781 4906 acciderunt.
816 4837 922 4890 Sed
961 4839 1005 4893 si
1038 4856 1146 4893 non
1181 4843 1324 4911 prius
1347 4887 1361 4908 ,
1407 4825 1568 4901 nunc
1593 4851 1698 4902 sat-

117 4919 218 4966 tem
265 4916 318 4969 in
368 4919 559 4975 eadem
609 4939 1017 4991 prnuancamus
1066 4933 1296 4998 pietate,
1350 4945 1402 4989 et
1452 4939 1695 4994 canalem

116 5009 576 5066 mansuetudinem
604 5028 900 5085 servemus,
929 5037 994 5076 tre
1021 5039 1230 5080 rursum
1257 5029 1426 5083 altero
1457 5031 1694 5101 indigea-

115 5111 227 5190 mus
254 5099 489 5167 ﬂagello.
517 5105 704 5160 Annon
727 5120 933 5177 poterat
957 5114 1091 5168 Deus
1112 5134 1197 5180 ea,
1222 5133 1340 5188 quae
1363 5099 1691 5190 acciderunt,

117 5189 395 5255 prohibere
421 5195 446 5247 ?
497 5197 602 5250 Sed
648 5203 907 5270 permisit,
956 5215 1010 5259 ut
1055 5222 1113 5261 se
1149 5221 1556 5269 contemnentes
1599 5189 1694 5284 per

113 5286 348 5379 euriservi
382 5297 584 5342 tm-tmn
613 5293 966 5350 modestiores
988 5297 1244 5356 efﬁceret.
1280 5302 1391 5357 Non
1422 5306 1549 5359 mihi
1575 5309 1692 5377 quis

113 5369 280 5460 dicat,
321 5377 470 5444 quod
521 5381 670 5435 nmlti
714 5386 946 5440 sontium
991 5389 1330 5460 etfugerunt,
1375 5396 1523 5449 multi
1566 5369 1691 5452 {om

116 5459 394 5520 insontium
451 5484 660 5537 patriam
712 5475 986 5532 subierunt
1022 5496 1036 5533 :
1067 5459 1263 5538 etenim
1312 5484 1413 5538 hoc
1453 5487 1690 5544 dicentes

114 5555 300 5612 multos
328 5557 531 5628 swpins
571 5561 764 5628 audio,
795 5582 897 5621 non
940 5568 996 5622 in
1033 5575 1281 5641 praesenti
1315 5583 1517 5630 tantum
1543 5579 1686 5634 sedi-

116 5645 264 5739 tione,
299 5651 486 5716 sed,et
519 5653 568 5706 in
596 5655 712 5708 aliis
742 5659 921 5712 multis
950 5661 1250 5731 hujusmodi
1276 5669 1524 5739 negotiis.
1551 5670 1686 5737 Quid

118 5731 260 5804 igitur
313 5742 438 5797 talia
490 5743 862 5813 objicientibus
912 5748 1242 5809 dicendum?
1292 5731 1442 5828 ριῖιιι
1488 5731 1594 5819 etsi
1634 5762 1685 5818 in

411 5842 686 5903 ΡΑΤιιυι..
736 5847 850 5904 tia.
904 5850 953 5907 λ
968 5860 1031 5906 ιιι
1046 5854 1116 5913 .\.

1829 448 2080 517 ιιι-τηρηιὶ
2131 447 2392 502 seditione
2441 447 2622 503 insons
2667 456 2782 501 erat
2833 445 2877 500 is
2929 445 3023 517 qui
3061 455 3258 516 captus
3301 459 3410 509 est,

1833 549 2009 592 tamen
2039 538 2181 592 aliud
2213 548 2490 604 peccatum
2536 539 2822 609 aliquando
2863 539 3078 610 gravius
3117 540 3412 603 conmisit,

1829 628 2028 682 deinde
2050 643 2161 682 non
2209 640 2462 687 mutatus.
2493 643 2636 684 nunc
2667 643 2848 698 pmnas
2874 629 3038 684 dedit.
3068 629 3282 684 Etenim
3310 630 3412 684 hoc

1831 719 2003 774 Lac-ere
2028 721 2170 774 hens
2191 721 2467 774 consuevit
2495 737 2510 774 :
2537 735 2659 774 cum
2692 723 3125 790 peccaveritmts,
3162 734 3274 776 non
3299 729 3407 775 sta-

1831 811 1922 863 tim
1942 820 2162 880 peccata
2193 811 2480 874 ulciscitur,
2510 811 2602 866 sed
2625 813 2875 877 remittit,
2898 813 3030 867 dans
3057 813 3213 868 tmhis
3240 812 3410 881 pmni~

1830 901 2008 954 tentia:
2031 908 2246 967 tempus
2271 941 2286 964 ,
2331 911 2387 955 ιιι
2426 904 2763 972 corrigantur
2789 913 2838 956 et
2869 911 3168 967 mutentur;
3215 903 3258 958 si
3285 917 3411 957 vero

1827 993 1968 1060 quod
1992 1009 2104 1046 non
2137 1008 2321 1061 paruas
2352 992 2690 1054 dederimus,
2725 1003 2998 1064 peccatum
3027 993 3260 1048 deletum
3289 1007 3411 1048 esse

1827 1085 2210 1149 esistimantcs,
2239 1085 2717 1154 contempserimus
2736 1126 2749 1148 ,
2775 1085 2868 1140 ubi
2893 1098 3005 1139 non
3036 1095 3297 1155 putamus,
3333 1085 3406 1139 ,ιιι

1829 1184 1946 1244 post
1977 1174 2092 1229 haec
2125 1175 2350 1230 omnino
2378 1174 2676 1244 capientur.
2726 1174 2837 1229 llec
2876 1184 3052 1230 autem
3083 1174 3170 1239 fit,
3203 1183 3258 1229 ut
3287 1190 3408 1228 cum

1822 1268 2260 1337 peccaverimus,
2293 1278 2346 1323 et
2377 1283 2483 1322 non
2529 1267 2787 1322 fuerimus
2813 1268 3000 1336 puniti,
3025 1283 3138 1322 non
3169 1268 3407 1322 ronlida-

1827 1375 1974 1424 nius,
2028 1361 2128 1414 nisi
2177 1361 2430 1415 fuerimus
2456 1359 2667 1425 vnrutat-i,
2713 1359 2944 1415 scieutes
2987 1359 3127 1430 quod
3171 1359 3259 1414 ubi
3302 1375 3407 1414 non

1827 1461 2073 1521 putmnus
2099 1453 2315 1505 ttllllt‘i'ﬂ‘o
2358 1452 2629 1505 cademus.
2679 1449 2858 1521 Itaque
2899 1451 2942 1506 si
2985 1446 3308 1520 peccaveris,
3354 1460 3411 1504 et

1819 1543 2040 1612 ‘ptmitu‘s
2069 1558 2170 1596 non
2204 1537 2366 1597 fueris
2389 1584 2405 1607 ,
2439 1557 2505 1597 ne
2531 1544 2842 1598 contemnas
2864 1584 2877 1602 .
2906 1535 3130 1608 dilecte;
3157 1538 3256 1596 sed
3288 1557 3410 1611 pro-

1822 1644 1944 1702 'p‘cr
1986 1633 2086 1686 hoc
2129 1633 2301 1702 ipsum
2334 1633 2500 1703 magis
2547 1634 2695 1700 time,
2741 1635 2915 1688 sciens
2943 1633 3083 1703 quod
3110 1631 3268 1687 facile
3299 1632 3410 1686 Deo

1825 1735 1927 1784 est.
1963 1726 2174 1795 quando
2206 1725 2350 1788 velit,
2385 1727 2574 1780 iterum
2619 1727 2932 1781 retribuere.
2966 1725 3090 1780 Ideo
3115 1719 3258 1779 enim
3297 1733 3407 1778 tum

1827 1825 1880 1871 te
1921 1833 2025 1870 non
2071 1816 2300 1884 punivit,
2351 1826 2408 1870 ut
2456 1816 2652 1871 habeas
2695 1816 3020 1886 paenitentiae
3065 1825 3292 1884 tempus.
3330 1813 3410 1869 Na

1827 1908 1984 1978 igitur
2027 1907 2284 1969 dicamus,
2330 1899 2470 1978 quod
2516 1909 2739 1961 crimine
2785 1915 2976 1960 carens
3018 1906 3106 1960 iilic
3133 1904 3405 1970 ceciderit,

1823 1994 1960 2056 alter
1986 2017 2113 2055 vero
2134 1995 2392 2055 Taciuoris
2417 2009 2604 2054 aurtor
2629 1996 2893 2070 e'ﬂ‘ugcrit.
2925 1998 3183 2053 lmmcens
3209 1999 3405 2052 ctenim

1826 2093 2059 2162 punitus,
2106 2101 2165 2146 ut
2208 2102 2331 2147 ante
2375 2091 2521 2157 dixi,
2571 2085 2795 2145 aliorum
2841 2091 3174 2160 peccatorum
3221 2103 3407 2157 pmnas

1827 2182 1920 2235 luit
1945 2193 1967 2235 ':
1999 2192 2053 2237 et
2083 2182 2172 2252 qui
2196 2192 2342 2238 nunc
2373 2173 2573 2250 eliugit,
2605 2182 2703 2235 nisi
2737 2188 2969 2236 ιιιιιιειιῒιε
2992 2174 3186 2243 'fucrit,
3221 2181 3272 2234 in
3301 2179 3408 2232 alio

1821 2274 2062 2343 capietur
2104 2273 2313 2344 laqueo.
2356 2269 2417 2328 'Si
2459 2273 2540 2327 sic
2581 2264 2824 2341 dispositi
2869 2271 3069 2335 simus,
3117 2285 3404 2339 numquam

1824 2365 2159 2435 [u-opriorum
2209 2357 2584 2420 obiivisccmur
2626 2372 3001 2434 peucatomm,
3047 2363 3140 2417 sed
3189 2377 3407 2431 semper

1818 2456 2091 2519 ‘liutentcs,
2127 2460 2446 2520 trementes,
2479 2471 2546 2510 nc
2575 2454 2786 2526 quando
2813 2448 3100 2510 subeamus
3124 2453 3401 2523 judicium,

1818 2541 1929 2603 cito
1949 2544 2190 2618 ipsorum
2221 2543 2637 2602 recordabimtnr.
2664 2538 2808 2602 Nihil
2837 2546 2976 2601 enim
3003 2546 3080 2600 sic
3109 2555 3319 2616 peccata
3349 2545 3405 2600 in

1825 2640 2140 2695 memoriam
2161 2649 2418 2695 revocare
2437 2639 2734 2701 consuevit,
2755 2647 2816 2693 ut
2837 2648 2995 2708 pinna
3018 2647 3070 2693 et
3092 2637 3364 2707 castigatio
3383 2656 3402 2690 :

1819 2741 1873 2786 et
1914 2731 2021 2786 hoc
2065 2725 2400 2786 manifestum
2427 2742 2496 2784 ex
2542 2723 2790 2784 fratribus
2819 2720 3040 2798 Ioseph.
3085 2726 3218 2782 Cum
3257 2727 3401 2782 enim

1822 2823 1895 2876 illi
1922 2817 2124 2893 justum
2155 2822 2551 2888 vendidiseul,
2583 2832 2636 2875 et
2677 2815 2929 2875 tredecim
2960 2819 3084 2874 anni
3112 2819 3402 2890 prarteriis-

1819 2925 1972 2982 sent,
2001 2910 2182 2985 puniri
2212 2919 2509 2970 metuentes
2529 2956 2545 2981 ,
2568 2923 2628 2970 et
2656 2908 2723 2968 de
2752 2914 2854 2968 vita
2883 2915 3130 2968 timentes
3151 2954 3167 2979 ,
3199 2914 3403 2984 peccati

1819 3000 2082 3061 recordati
2114 3009 2257 3072 sunt,
2289 3007 2345 3061 et
2372 3006 2508 3060 inter
2527 3021 2590 3060 se
2609 2997 2863 3060 dicebant
2890 3022 2905 3060 :
2931 3003 3076 3059 Certe
3099 3019 3119 3059 :
3147 3005 3198 3057 in
3225 3020 3401 3073 pecca-

1817 3099 1882 3153 tis
1907 3100 2038 3152 enim
2069 3110 2241 3152 sumus
2285 3105 2487 3167 propter
2523 3097 2732 3167 fratrem
2774 3106 2998 3149 nostrmn
3024 3094 3215 3165 Ioseph
3244 3093 3396 3167 (Gen.

1815 3187 1906 3244 £2.
1932 3185 2048 3260 9|).
2077 3182 2236 3242 Vides
2260 3187 2525 3258 quomodo
2571 3188 2728 3242 timor
2757 3187 2845 3242 ille
2890 3187 3033 3256 ipsos
3070 3187 3270 3255 peccati
3309 3186 3395 3239 sui

1816 3278 2264 3338 commonei'ecit?
2313 3281 2378 3335 Et
2423 3279 2638 3351 quando
2686 3279 2976 3350 peccahant
3028 3279 3242 3350 quidam
3291 3293 3399 3334 non

1816 3369 2117 3432 sentiebant
2145 3393 2164 3430 -:
2193 3372 2406 3447 quando
2430 3382 2562 3430 γει-ο
2588 3373 2762 3446 puniri
2788 3371 3129 3441 metuebant,
3157 3382 3279 3428 tunc
3305 3387 3390 3427 re-

1815 3463 2018 3526 cordati
2051 3468 2193 3524 sunt.

1889 3549 2106 3615 Muralis
2134 3557 2438 3615 exhortatio.
2463 3589 2536 3602 -——
2574 3560 2699 3616 Hmc
2738 3559 2896 3631 igitur
2924 3555 3100 3614 omnia
3143 3556 3396 3622 scientes,

1817 3650 1976 3704 vitam
2008 3658 2213 3706 mutare
2241 3652 2466 3707 Velimus
2505 3663 2556 3707 ct
2586 3653 2852 3720 corrigere
2872 3693 2889 3719 ,
2920 3661 2974 3707 et
2999 3654 3124 3706 ante
3151 3647 3398 3708 instantia

1813 3733 2071 3814 angustiw
2093 3735 2464 3800 liberationem
2509 3744 2578 3800 de
2618 3745 2870 3816 religione
2897 3752 2952 3799 et
2982 3744 3177 3799 virtute
3201 3743 3398 3813 cegitc-

1815 3851 1952 3892 mus.
2001 3824 2073 3892 Ὲι
2119 3836 2332 3893 interim
2382 3837 2479 3891 tria
2525 3835 2677 3890 vobis
2723 3835 2970 3890 mandata
3021 3833 3399 3889 commendare

1814 3920 1956 3995 solo,
1984 3938 2042 3983 ut
2071 3929 2184 3984 lucc
2209 3929 2336 3984 mihi
2363 3928 2414 3983 in
2436 3929 2638 3998 jejunio
2668 3929 2928 3998 praestclis
2953 3944 2965 3978 :
2997 3921 3193 3982 nemini
3220 3925 3398 3981 detra-

1814 4013 1972 4085 hatis,
2023 4021 2291 4078 inimicum
2338 4021 2577 4077 habeatis
2602 4010 2894 4083 ηὒιιιῖιιειιι,
2925 4024 2976 4073 et
3001 4033 3214 4073 onmem
3245 4032 3395 4088 pror-

1812 4127 1902 4168 sus
1929 4128 1993 4169 ex
2021 4117 2115 4168 o're
2144 4113 2337 4168 malam
2372 4111 2794 4181 ju’ram‘cntorum
2839 4109 3272 4166 consuetudinem
3301 4125 3398 4164 ex-

1817 4194 2045 4276 pellatis.
2073 4193 2143 4261 Et
2173 4205 2310 4260 sicut
2331 4210 2454 4260 'c'u'm
2480 4211 2673 4260 ‘aum‘m
2705 4205 3015 4275 imperatum
3046 4202 3397 4266 audierimus,

1811 4289 1995 4356 ubicus
2023 4288 2245 4371 quisque
2288 4287 2504 4354 domum
2543 4309 2597 4354 et
2621 4305 2844 4354 uxorem
2873 4307 3102 4363 vocans,
3135 4306 3188 4352 et
3232 4297 3394 4358 filios,

1810 4399 1863 4448 et
1887 4407 2100 4457 servos,
2134 4380 2436 4447 censidc‘rn't
2462 4399 2582 4445 eum
2612 4380 2714 4445 illis
2742 4391 2796 4445 et
2837 4389 3102 4445 consultat
3129 4387 3270 4444 unde
3301 4389 3397 4444 tri-

1811 4484 1994 4539 butum
2027 4471 2152 4538 illud
2181 4488 2406 4553 eroget:
2434 4472 2518 4537 sic
2541 4483 2600 4536 et
2627 4478 2681 4536 in
2707 4479 2974 4536 mandatis
2999 4479 3082 4535 his
3105 4476 3396 4550 spirituali-

1807 4565 1909 4632 bus
1941 4563 2221 4632 faciamus.
2255 4563 2477 4629 Domum
2505 4564 2728 4645 quisque
2754 4588 3026 4644 regressus
3046 4615 3063 4640 ,
3089 4587 3311 4628 uxorem
3338 4579 3392 4628 ct

1809 4658 1948 4722 lilios
1978 4665 2130 4722 vocet
2153 4675 2208 4722 et
2233 4656 2373 4721 dicat
2399 4683 2414 4721 :
2439 4654 2722 4721 Tributum
2746 4666 3018 4736 Spirituale
3037 4664 3194 4720 hodie
3222 4664 3393 4734 impo-

1806 4761 1966 4812 situm
1995 4767 2098 4823 est,
2131 4748 2408 4822 tributum,
2451 4747 2666 4827 inquam
2687 4797 2702 4821 ,
2733 4771 2826 4826 per
2853 4755 2994 4828 quod
3019 4755 3121 4811 crit
3146 4754 3391 4827 quaedam

1804 4838 1996 4904 horum
2027 4837 2284 4904 maiorum
2311 4839 2505 4904 solutio
2531 4858 2585 4904 ct
2612 4848 2884 4913 liberatio,
2926 4848 3220 4914 tributum,
3245 4846 3389 4917 quod

1804 4941 2140 4996 conferentes
2166 4947 2270 4995 non
2299 4957 2575 5011 pauperes,
2603 4941 2696 4995 sed
2721 4940 2942 4995 ditiores
2968 4939 3114 5002 facit,
3138 4949 3195 4993 ut
3219 4941 3387 4994 nemi—

1805 5041 1926 5087 nem
1959 5033 2228 5086 inimicam
2276 5032 2567 5088 habeamus
2588 5075 2603 5099 ,
2631 5033 2977 5087 detrahamus
3017 5031 3216 5086 nemini
3241 5071 3256 5096 ,
3288 5046 3393 5086 nec

1803 5127 2020 5179 omnino
2044 5125 2305 5194 juremus.
2334 5125 2765 5188 Consideremus,
2787 5140 2968 5178 curam
2994 5139 3231 5194 agamus,
3259 5137 3389 5178 eou-

1802 5216 2078 5280 sultemus,
2107 5215 2373 5287 quomodo
2402 5215 2518 5271 lucc
2548 5215 2862 5285 impleamus
2902 5214 3183 5280 mandata;
3225 5225 3388 5268 omne

1802 5307 2168 5376 impendamus
2197 5307 2425 5363 studium
2446 5348 2462 5372 ,
2504 5322 2599 5361 nos
2631 5306 2768 5361 alter
2792 5308 3018 5361 alterum
3045 5319 3388 5360 commonea-

1801 5414 1940 5464 mus,
1972 5399 2106 5453 alter
2129 5399 2355 5455 alterum
2381 5399 2709 5470 corrigamus
2729 5440 2743 5462 ,
2775 5409 2831 5452 ut
2859 5413 2966 5451 noui
2993 5395 3260 5451 debitores
3286 5393 3384 5446 ah-

1798 5503 1983 5544 eamus
2027 5490 2188 5556 illuc,
2229 5489 2424 5546 deinde
2472 5490 2698 5545 mutuari
2741 5489 2809 5543 ab
2853 5489 2972 5542 aliis
3013 5485 3205 5550 emisti,
3248 5484 3381 5540 illud

1797 5580 1937 5649 quod
1967 5581 2196 5650 virgines
2238 5580 2395 5636 fatua:
2443 5581 2737 5651 patiamur,
2781 5588 2834 5634 et
2879 5575 3160 5632 immortali
3207 5575 3385 5631 salute

1797 5673 2122 5728 cxcidamus.
2153 5673 2208 5730 Si
2237 5675 2315 5730 sic
2343 5683 2538 5729 nos-tne
2577 5673 2913 5728 instituamus
2941 5669 3064 5723 vitae
3093 5667 3378 5724 rationem.

1799 5763 1922 5824 hinc
1956 5765 2108 5824 vobis
2137 5771 2373 5838 spondeo
2419 5775 2472 5822 et
2515 5763 2767 5834 polliceor
2789 5801 2808 5830 ,
2839 5759 2978 5833 quod
3007 5769 3062 5816 ct
3101 5760 3385 5832 patentis
