3932 6222
478 314 547 367 ss
1201 319 1252 376 s.
1289 318 1564 378 JOANNIS
1601 318 2075 385 cnnvsosront
2111 323 2424 391 :iliClllEl’.
2467 322 3001 396 CONSTANTINOP.
3681 324 3752 402 "ea

475 433 791 487 ralautitatis
814 431 986 505 al'qua
1010 436 1204 491 solutio
1225 437 1455 503 dabitur,
1484 450 1538 495 et
1560 441 1777 497 istorum
1804 443 2058 500 malorum

474 521 761 577 liberatio:
802 533 857 579 et
900 526 1038 594 quod
1085 529 1330 584 omnibus
1380 532 1550 601 majus
1593 540 1713 600 est,
1764 534 2060 592 futurorum

476 611 681 669 fructus
726 615 1008 671 bonorum.
1058 618 1350 688 Oportebat
1394 623 1606 693 quidem
1654 642 1866 680 otuuem
1915 629 2067 683 vobis

481 705 736 761 mandare
766 709 1035 770 virtutem,
1087 711 1178 765 sed
1213 712 1351 767 hunc
1397 730 1516 770 esse
1536 718 1892 774 correctionis
1926 720 2067 790 opti-

482 812 626 852 mum
673 799 889 854 modum
940 812 1084 870 puto,
1135 812 1188 857 ut
1234 816 1333 874 per
1374 817 1551 875 partes
1595 809 1767 878 legem
1796 821 2067 881 acceptam

482 889 834 958 impleamus,
880 903 935 946 et
965 904 1072 947 ttuu
1118 896 1181 949 ad
1224 897 1356 953 alias
1387 908 1690 968 pergamus.
1737 901 1885 956 Sicut
1928 902 2069 957 enim

485 997 613 1051 agro
656 985 968 1052 proposito,
1015 989 1244 1057 agricola
1291 991 1540 1059 paulatim
1590 991 1835 1057 fodiens,
1882 993 1964 1049 sic
2007 981 2071 1049 ad

485 1074 642 1128 ﬁuetu
666 1075 806 1129 venit
834 1092 847 1129 :
873 1076 952 1131 sic
977 1086 1033 1131 et
1059 1094 1155 1131 uos
1181 1081 1223 1133 si
1253 1080 1423 1150 legem
1449 1081 1586 1137 hanc
1615 1085 1766 1138 uoltis
1793 1099 2074 1153 ponamus,

482 1173 539 1217 ut
566 1180 662 1235 per
690 1164 1163 1238 Quadragesitnam
1201 1178 1518 1240 praesentem
1552 1173 1666 1228 hare
1694 1175 1792 1228 tria
1825 1175 2072 1230 mandata

487 1257 769 1328 diligenter
806 1274 1179 1328 exerceamus,
1212 1264 1393 1332 procul
1424 1265 1585 1320 duhio
1613 1283 1732 1321 etim
1764 1268 1917 1323 bona:
1943 1283 2072 1324 cou-

2167 450 2461 506 suetudiuis
2503 442 2796 509 custodiam
2837 456 3130 525 prudenter
3168 457 3599 518 exliihuerimns.
3634 474 3755 514 cun

2173 542 2373 612 majore
2404 544 2652 600 facilitate
2677 553 2730 601 et
2758 545 2823 601 ad
2852 548 3052 617 reliqua
3079 548 3377 613 veniemus,
3410 560 3463 603 et
3490 548 3553 603 ad
3585 550 3756 618 ipsum

2169 633 2463 704 disciplina:
2508 638 2761 692 verticem
2816 638 3225 708 pervenientes,
3281 648 3389 696 tum
3439 653 3758 712 praesentem

2170 725 2329 779 vitam
2350 726 2487 781 bona
2510 743 2630 783 cum
2655 745 2747 799 spe
2769 731 3138 801 trausigemus,
3164 742 3273 788 tum
3291 743 3345 788 et
3368 733 3419 788 in
3443 732 3614 789 futura
3630 748 3760 790 eum

2174 818 2338 874 multa
2375 819 2587 876 Citrile
2631 820 2820 878 ﬁducia
2850 826 3163 880 assistemus
3191 835 3245 880 et
3273 827 3482 882 areanis
3524 828 3766 883 fruemur

2175 911 2330 968 bouis
2358 930 2372 966 :
2405 928 2522 982 qua:
2552 931 2647 969 uos
2677 913 2890 987 assequi
2930 917 3116 985 detur,
3148 918 3314 987 gratia
3358 927 3413 974 et
3439 918 3769 990 benignitate

2179 1004 2387 1060 Domini
2421 1006 2586 1062 nostri
2634 1007 2758 1063 Jcsu
2801 1002 3037 1076 Christi,
3090 1025 3186 1079 per
3212 1025 3367 1080 quem
3412 1020 3614 1066 etcum
3660 1027 3768 1081 quo

2176 1096 2344 1166 gloria
2377 1097 2520 1153 Patri
2550 1114 2653 1154 una
2679 1115 2802 1155 cum
2833 1110 3019 1155 sancto
3043 1101 3264 1172 Spiritu,
3297 1100 3351 1157 in
3379 1102 3573 1158 saacula
3598 1119 3769 1160 saccu-

2153 1254 2156 1257 Α
2179 1187 2372 1243 lorum.
2403 1190 2591 1245 Amen.

489 1386 3764 1422 ,ΜΨ-Μ*-

487 1482 896 1528 πχιιοῐιτΔτιο
926 1487 1008 1529 ΔΙ)
1036 1486 1328 1530 POPULUM
1356 1490 1437 1531 DF.
1468 1490 1802 1533 ΡΑἸΊΕΝἸΊΔ
1836 1492 1916 1533 ΕΤ
1945 1492 2082 1535 TOLI

2178 1496 2368 1547 ιΝΤΙΔ,
2403 1498 2480 1540 ΑΒ
2509 1499 2820 1543 EXEMPLIS
2848 1501 2960 1545 JOB
3004 1504 3084 1546 ET
3124 1503 3328 1553 TRIUM
3371 1505 3716 1551 PUERORUM
3753 1532 3770 1548 .

1596 1590 1679 1632 ΕΤ
1721 1591 1804 1632 DE
1858 1593 2273 1639 ABSTINENTIA
2318 1600 2354 1640 Δ
2396 1598 2816 1646 ιυΜΜΕΝΤΙε.
3196 1564 3205 1573 1

1937 1715 2307 1776 amaturum

1039 1854 1247 1893 NOMINA
1289 1855 1492 1903 QUARTA
1506 1883 1517 1895 .

561 1929 612 1981 l.
645 1928 961 1985 Benedictus
1007 1931 1151 1985 Deus
1175 1973 1187 1995 ,
1218 1933 1306 2000 qui
1350 1933 1593 1987 dolentes
1622 1933 1827 1988 animas
1869 1943 2076 1991 vestras

489 2020 796 2074 consolatus
833 2029 951 2085 est,
997 2031 1052 2076 et
1097 2023 1405 2078 vacillantes
1450 2034 1655 2079 tuentes
1703 2025 2075 2083 conﬁrmavit:

489 2113 628 2183 quod
671 2115 811 2168 enim
863 2130 1151 2185 congruam
1199 2118 1450 2187 ceperitis
1489 2119 1948 2186 consolationem,
1986 2138 2081 2192 per

491 2203 724 2257 studium
757 2203 855 2259 hoc
880 2214 933 2259 et
963 2205 1209 2260 audiendi
1242 2208 1713 2278 promplitudinetn
1743 2209 2078 2265 demonstra-

492 2295 580 2349 tis.
613 2294 727 2349 Non
760 2297 901 2351 enim
943 2290 1119 2363 datur,
1153 2300 1386 2353 animam
1435 2299 1706 2356 dolentem
1751 2311 1806 2357 et
1855 2303 2082 2358 tristitia:

493 2385 633 2441 nube
664 2402 899 2456 pressam
926 2403 1082 2457 posse
1103 2404 1220 2458 qure
1247 2389 1497 2444 dicuntur
1520 2406 1638 2445 cum
1663 2392 2082 2463 pramptitudiue

491 2475 711 2543 audire;
744 2492 840 2532 vos
868 2488 1044 2533 autem
1077 2479 1234 2537 video
1261 2495 1382 2535 cum
1413 2482 1580 2535 multa
1632 2484 2003 2539 benevolentia
2031 2496 2084 2540 et

491 2568 602 2622 aeri
634 2568 813 2622 studio
839 2571 992 2623 nobis
1023 2573 1361 2627 attendentes
1407 2575 1659 2629 omnibus
1704 2576 1944 2633 tristibus
1993 2594 2085 2633 ex-

493 2660 698 2725 cussis,
745 2670 798 2714 et
840 2661 1087 2715 audiendi
1138 2663 1407 2719 desiderio
1459 2666 1742 2721 instantem
1787 2670 2081 2738 angustiam

492 2749 779 2819 repulisse.
808 2750 1100 2820 Propterea
1133 2752 1241 2808 Deo
1265 2754 1537 2809 vobiscum
1565 2757 1763 2826 gratias
1791 2774 1910 2829 ago,
1941 2761 2081 2829 quod

493 2840 883 2911 philosophiam
918 2852 1150 2899 vestram
1181 2846 1394 2902 miseria
1426 2863 1530 2902 non
1559 2848 1778 2913 vicerit,
1811 2867 1910 2906 nec
1938 2854 2084 2922 vigo-

494 2951 607 2990 rem
630 2946 863 2991 vcstrum
894 2938 1053 2991 timor
1073 2938 1364 3004 remiserit,
1391 2956 1487 2996 nec
1505 2941 1832 2998 alacritatem
1851 2953 2081 2999 vestram

493 3026 807 3082 exstinxerit
835 3028 1138 3095 tribulatio,
1176 3045 1274 3084 nec
1297 3030 1612 3087 labefecerit
1640 3034 1813 3088 zelum
1845 3043 2080 3090 vestrum

494 3119 713 3188 periculi
745 3121 1069 3190 magnitudo,
1096 3138 1193 3177 nec
1220 3125 1549 3193 superaverit
1574 3140 1809 3181 antorem
1838 3127 1890 3181 in
1920 3126 2082 3182 Deum

500 3207 776 3282 hominum
804 3213 964 3266 timor
983 3255 997 3280 ,
1030 3229 1129 3270 nec
1158 3213 1391 3268 studium
1419 3226 1659 3270 vestrum
1692 3217 1947 3288 temporis
1976 3217 2081 3272 iui-

496 3289 671 3373 quitas
700 3303 953 3374 dejeccrit
983 3323 995 3359 :
1022 3320 1125 3359 nou
1158 3314 1361 3360 tantum
1395 3322 1497 3361 non
1531 3307 1743 3377 dejecit,
1769 3308 1859 3363 sed
1882 3318 1935 3362 et
1959 3323 2084 3363 can-

503 3394 733 3450 ﬁrmavit
762 3413 775 3449 :
809 3413 911 3450 non
954 3380 1156 3451 tantum
1190 3413 1294 3452 non
1326 3399 1557 3463 remisit,
1589 3398 1680 3454 sed
1720 3409 1774 3454 et
1813 3398 2039 3454 intendit
2068 3419 2080 3454 :

501 3503 605 3563 non
637 3498 840 3543 tantum
867 3505 973 3544 non
1002 3491 1287 3553 exstinxit,
1319 3491 1414 3545 sed
1459 3502 1513 3547 et
1553 3493 1780 3562 amplius
1818 3492 2081 3549 accendit.

497 3578 823 3635 Evacuatum
843 3581 1054 3650 quidem
1085 3583 1255 3636 forum
1273 3592 1374 3650 est,
1394 3583 1485 3638 sed
1505 3584 1726 3639 ecclesia
1750 3585 1948 3654 repleta
1975 3585 2082 3656 (a):

498 3669 626 3723 illttd
659 3670 830 3723 luctus
854 3671 1097 3733 materia,
1130 3670 1249 3726 hmo
1277 3672 1454 3740 gaudii
1483 3682 1535 3727 et
1561 3674 1759 3727 ltetitire
1795 3675 2085 3744 spiritualis

497 3760 728 3814 occasio.
755 3759 882 3813 Cum
920 3761 1078 3830 igitur
1105 3761 1155 3814 in
1183 3760 1355 3815 forum
1383 3770 1433 3817 te
1457 3763 1764 3831 contuleris,
1792 3765 2004 3830 dilecte,
2032 3774 2084 3820 cl

499 3851 840 3906 solitudinem
868 3852 1208 3923 conspicatus
1250 3854 1593 3924 ingemueris,
1619 3856 1845 3926 confuge
1870 3856 1937 3911 ad
1974 3872 2088 3911 ma-

500 3954 664 4008 trem,
712 3954 766 4000 et
808 3948 984 4001 statim
1033 3956 1081 4001 te
1117 3946 1454 4017 propriorum
1492 3946 1718 4003 ﬁliorum
1751 3948 2088 4004 multitudine

498 4035 878 4106 consolabitur,
911 4047 966 4092 et
992 4037 1284 4110 perfectum
1316 4039 1561 4094 ostendet
1592 4039 1683 4094 tibi
1712 4039 1930 4095 fratrum
1958 4040 2086 4096 cho-

500 4112 653 4194 rum,
684 4136 739 4183 et
766 4144 976 4183 omnem
1013 4129 1281 4184 tristitiam
1325 4130 1568 4200 repellet.
1602 4129 1659 4185 In
1705 4131 1834 4186 urbe
1874 4130 2087 4201 quidem

497 4219 643 4273 viros
672 4233 893 4273 cernere
918 4219 1287 4274 desideramus
1310 4227 1576 4291 tamquam
1605 4211 1821 4277 deserta
1854 4220 2091 4277 habitan-

502 4319 617 4375 tes;
649 4311 701 4363 iu
733 4309 1010 4365 ecclesiam
1042 4326 1168 4365 vero
1194 4311 1558 4383 confugientes
1587 4312 1922 4369 multitudine
1947 4330 2089 4370 eom-

502 4399 797 4468 primimur.
822 4398 887 4453 Et
907 4401 1353 4470 quemadmodum
1376 4402 1509 4458 mari
1535 4413 1811 4472 :estuaute,
1834 4415 1886 4461 et
1908 4406 2091 4462 multis

502 4492 749 4563 procellis
793 4490 1000 4548 furente
1022 4534 1037 4561 ,
1076 4493 1143 4548 ad
1172 4507 1380 4564 portum
1407 4494 1693 4567 confugere
1718 4497 1878 4552 timor
1905 4514 2092 4555 omnes

502 4585 681 4653 cogit:
711 4583 788 4639 sic
829 4592 883 4639 et
926 4600 1068 4640 nunc
1115 4585 1215 4641 fori
1264 4586 1512 4657 procella:
1540 4597 1596 4644 et
1633 4590 1861 4644 civitatis
1919 4590 2091 4646 hiems

503 4692 692 4732 omnes
729 4679 780 4732 in
809 4670 1088 4732 ecclesiam
1119 4679 1348 4750 undique
1383 4680 2093 4753 compellunt,etcharitatis

502 4770 715 4823 vinculo
733 4771 971 4824 membra
984 4768 1127 4825 inter
1147 4784 1205 4827 se
1227 4774 1616 4843 constringunt.
1636 4772 1845 4829 Gratias
1875 4786 2093 4844 agamus

503 4861 666 4930 igitur
697 4869 750 4914 et
778 4870 994 4930 propter
1022 4863 1138 4915 luce
1168 4861 1282 4916 Dco
1305 4903 1318 4926 ,
1349 4863 1487 4932 quod
1518 4870 1724 4918 tantum
1769 4879 1835 4919 ex
1875 4864 2095 4919 tribula-

504 4955 648 5008 tione
679 4956 977 5021 carpsituus
1004 4954 1421 5009 emolumentum
1441 4997 1456 5022 ,
1482 4956 1624 5026 quod
1654 4964 1852 5010 lautam
1893 4973 1955 5011 ex
1988 4965 2096 5010 tcu-

505 5043 706 5099 talione
738 5044 1014 5099 utilitatem
1044 5046 1301 5114 cepimus.
1328 5045 1437 5101 Nisi
1469 5049 1712 5111 tentatio,
1736 5063 1834 5102 nec
1855 5063 2051 5103 corona
2076 5067 2089 5103 :

506 5136 607 5190 nisi
651 5138 938 5192 certamina
960 5180 974 5204 ,
1006 5154 1104 5191 nec
1133 5139 1348 5208 prmniia
1380 5157 1392 5193 :
1426 5139 1526 5193 nisi
1556 5139 1755 5204 stadia,
1790 5155 1886 5194 nec
1921 5139 2094 5194 hono-

506 5242 596 5283 res
641 5246 652 5281 :
701 5227 801 5282 uisi
852 5228 1156 5295 tribulatio,
1204 5244 1305 5284 nec
1354 5230 1599 5284 remissio
1648 5247 1662 5283 :
1709 5230 1812 5285 nisi
1863 5229 2091 5301 hyems,

509 5322 678 5376 hiems
718 5321 757 5388 ί,
785 5336 883 5376 uec
908 5332 1083 5376 aestas.
1111 5322 1179 5376 Et
1205 5322 1306 5378 hoc
1332 5339 1436 5377 non
1460 5325 1511 5377 in
1539 5322 1843 5378 hominibus
1869 5335 2091 5388 tantum,

507 5412 601 5467 sed
629 5412 679 5466 in
710 5412 1002 5467 seminibus
1030 5428 1242 5484 quoque
1283 5414 1411 5483 ipsis
1446 5413 1637 5469 intueri
1664 5413 1808 5470 licet.
1842 5415 1909 5469 Et
1932 5415 1983 5469 iu
2013 5415 2096 5470 his

510 5503 650 5557 enim
680 5502 899 5558 multam
930 5502 1141 5574 quidem
1170 5504 1399 5574 pluviam
1420 5544 1435 5569 ,
1467 5504 1688 5559 multam
1718 5519 1848 5560 vero
1876 5505 2093 5560 nubium

573 5635 590 5708 ξ
627 5643 824 5696 vocem,
849 5634 1020 5697 hiems,
1039 5637 1299 5702 repetitam
1320 5634 1399 5687 hic
1422 5644 1473 5688 et
1490 5634 1612 5688 infra
1639 5637 1779 5701 juxta
1801 5634 1941 5687 Savil.
1969 5637 2096 5687 inse-

507 5710 711 5747 ruimus.

575 5759 651 5821 (τι)
684 5764 730 5807 ιιι
754 5756 1027 5813 calamitate
1051 5759 1329 5812 Antiocheni
1353 5759 1412 5811 ad
1438 5758 1695 5813 ecclesiam
1728 5760 2077 5825 confugiebant

2182 1859 2540 1931 eollisionem,
2569 1865 2788 1922 multam
2817 1868 3046 1941 denique
3072 1870 3295 1941 glaciem
3324 1872 3436 1928 ﬁeri
3465 1882 3697 1944 oportet,
3728 1892 3774 1932 St

2185 1967 2413 2009 vernans
2454 1957 2598 2027 Spica
2638 1974 2927 2030 exsurgere
2972 1961 3162 2025 debet;
3212 1963 3298 2020 ubi
3345 1980 3473 2019 vero
3519 1969 3776 2022 sementis

2189 2051 2429 2115 tempus,
2462 2058 2670 2120 tempus
2701 2059 2756 2106 et
2786 2051 3003 2121 plurim.
3035 2053 3322 2124 Postquam
3364 2055 3523 2127 igitur
3552 2066 3606 2114 et
3632 2074 3776 2113 nunc

2186 2138 2383 2211 ingruit
2424 2138 2618 2209 hiems,
2656 2142 2827 2199 hiems
2849 2144 3168 2213 animarum,
3193 2162 3297 2202 non
3319 2149 3461 2205 aeris
3490 2167 3503 2204 :
3533 2165 3776 2205 seramus

2186 2241 2240 2285 et
2266 2245 2364 2285 nos
2394 2230 2447 2285 in
2477 2230 2578 2287 hac
2625 2231 2818 2303 hieme,
2851 2237 2985 2292 utin
3009 2247 3195 2299 aestate
3219 2253 3518 2297 metamus:
3544 2243 3766 2298 semine-

2186 2336 2308 2377 mus
2333 2323 2596 2396 lacrymas
2616 2367 2630 2390 ,
2658 2334 2711 2380 ut
2745 2327 3153 2384 exsultationem
3174 2340 3456 2387 metamus.
3475 2333 3590 2388 Non
3623 2349 3776 2389 meus

2188 2413 2275 2469 hic
2303 2430 2481 2470 sermo
2500 2457 2514 2482 ,
2562 2417 2871 2489 prophetica
2898 2420 3231 2479 denuntiatio
3255 2434 3374 2478 est:
3405 2425 3506 2493 Qui
3528 2426 3778 2482 sentinam

2187 2507 2241 2561 in
2271 2506 2537 2579 lact-guns,
2560 2511 2751 2580 inquit,
2783 2513 2835 2566 in
2863 2514 3202 2571 exsultatione
3226 2525 3412 2571 metant
3444 2517 3613 2589 (Paul.
3644 2519 3773 2574 123.

2186 2602 2263 2671 5).
2293 2602 2407 2656 Νοιι
2435 2604 2512 2658 sic
2538 2605 2743 2659 semina
2770 2605 3034 2661 demissus
3059 2606 3232 2663 imber
3258 2611 3558 2680 germinare
3581 2621 3634 2666 et
3656 2627 3766 2667 cro-

2188 2708 2340 2749 scere
2370 2693 2516 2762 facit,
2547 2706 2607 2750 ut
2636 2696 2849 2765 pictatis
2870 2713 3055 2755 semen
3084 2701 3284 2756 excitat
3309 2711 3363 2756 et
3393 2717 3618 2758 vernare
3652 2703 3781 2759 facit

2188 2801 2251 2841 ex
2280 2787 2530 2858 lacrymis
2552 2806 2713 2844 ruens
2736 2790 2906 2846 imber
2935 2807 2950 2843 :
2978 2791 3066 2847 hic
3093 2794 3325 2849 animam
3354 2794 3614 2866 deterget,
3647 2795 3775 2851 irri-

2186 2889 2275 2949 gat
2301 2890 2534 2936 mentem
2553 2920 2569 2946 ,
2600 2881 2857 2938 doctrina:
2886 2899 3105 2954 germen
3146 2885 3297 2942 brevi
3337 2888 3581 2959 progredi
3611 2889 3772 2960 facit,

2188 2983 2468 3045 propterea
2493 2984 2546 3030 et
2573 2976 2888 3045 profundum
2909 2978 3116 3034 sulcum
3146 2979 3490 3049 proscindere
3517 2996 3761 3037 necessa-

2188 3066 2326 3122 rium
2354 3085 2368 3120 :
2394 3066 2592 3122 etenim
2617 3077 2671 3123 et
2700 3067 2802 3123 hoc
2828 3069 3087 3139 propheta
3124 3070 3403 3126 admonuit
3442 3071 3514 3126 ita
3549 3071 3768 3133 dicens:

2191 3154 2392 3212 Novate
2411 3158 2547 3212 vobis
2574 3159 2774 3213 novalia
2797 3200 2812 3226 ,
2841 3168 2889 3213 et
2918 3160 3071 3215 nolite
3090 3161 3340 3215 seminare
3360 3162 3415 3215 in
3438 3161 3596 3233 spinis
3627 3162 3648 3233 (
3661 3161 3782 3222 λεν,

2187 3248 2241 3302 4.
2268 3248 2346 3317 '5).
2376 3248 2832 3316 Quemadmodum
2860 3250 3018 3322 igitur
3044 3251 3134 3322 qui
3160 3263 3398 3308 aratrum
3428 3253 3664 3308 immittit
3688 3254 3774 3308 iu-

2190 3336 2341 3394 ferne
2368 3346 2562 3393 terram
2592 3339 2760 3395 sulcat
2779 3379 2794 3406 ,
2827 3349 2990 3395 tutam
3036 3342 3328 3398 seminibus
3355 3341 3650 3398 custodiam
3677 3357 3775 3413 pa-

2188 3443 2335 3497 rans,
2366 3444 2436 3485 ne
2454 3430 2596 3499 jacta
2623 3431 2676 3486 in
2704 3432 2984 3501 superﬁcie
3008 3444 3354 3498 remaneant,
3394 3433 3491 3489 sed
3533 3434 3585 3490 in
3630 3435 3776 3505 ipsos

2192 3529 2346 3577 terrae
2358 3526 2507 3578 sinus
2527 3523 2838 3591 condantur,
2859 3535 2912 3583 et
2939 3525 2991 3580 in
3008 3533 3122 3582 tuto
3149 3526 3358 3582 radices
3386 3526 3549 3597 ﬁgant
3576 3543 3590 3579 :
3620 3527 3698 3581 sic
3721 3536 3777 3582 et

2189 3631 2289 3673 nos
2307 3617 2481 3673 facere
2496 3619 2939 3688 necessarium,et
2956 3629 3221 3690 lacutnam
3243 3629 3423 3676 aratro
3438 3619 3777 3675 tribulatione

2191 3719 2432 3776 utentes,
2484 3711 2660 3767 cordis
2708 3712 3026 3782 profundum
3066 3713 3311 3769 scindere
3344 3732 3357 3768 :
3391 3713 3495 3770 hoc
3536 3714 3680 3768 enim
3723 3724 3780 3768 ct

2186 3803 2324 3858 alius
2351 3803 2608 3874 prepbeta
2629 3804 2901 3871 admonet,
2925 3805 3143 3861 dicens:
3169 3806 3398 3861 Scindite
3418 3806 3577 3861 corda
3590 3816 3774 3873 castra,

2191 3905 2239 3950 et
2268 3910 2369 3949 non
2396 3895 2689 3950 uestimenta
2731 3906 2897 3951 uestra
2938 3897 2956 3966 (
2974 3896 3090 3952 lcet
3149 3897 3207 3952 2.
3238 3899 3307 3952 15
3396 3897 3568 3953 Corda
3615 3899 3779 3970 igitur

2192 3987 2517 4055 scindamus,
2552 3997 2609 4043 ut
2629 3989 2671 4043 si
2703 4004 2806 4060 qua
2834 3989 2969 4044 mala
2998 3989 3183 4054 herba,
3218 4000 3273 4046 et
3301 3992 3486 4047 dolosa
3525 3993 3778 4063 cogitatio

2193 4080 2347 4135 nobis
2391 4082 2548 4146 inest,
2579 4081 2832 4136 radicitus
2853 4095 2974 4137 eam
2992 4082 3269 4149 vellamus,
3295 4093 3348 4138 et
3376 4097 3535 4153 puras
3565 4083 3781 4153 pietatis

2192 4174 2487 4229 seminibus
2532 4183 2703 4231 terras
2730 4175 3096 4231 exhibeamus.
3124 4174 3237 4230 Nisi
3268 4175 3410 4230 enim
3450 4190 3592 4230 nunc
3619 4189 3783 4230 reno-

2195 4280 2413 4332 ventus,
2447 4266 2546 4321 nisi
2580 4282 2722 4322 nunc
2760 4268 3122 4334 semincmus,
3168 4267 3267 4321 nisi
3306 4282 3448 4322 nunc
3493 4267 3781 4323 fundamus

2196 4358 2475 4429 lacrymas,
2511 4372 2631 4413 cum
2654 4358 2805 4413 adest
2839 4358 3110 4413 tribulatio
3150 4366 3206 4413 et
3241 4357 3500 4427 jejunium
3522 4399 3537 4426 ,
3566 4359 3781 4429 quando

2196 4462 2445 4518 umquam
2484 4449 2536 4501 in
2575 4448 3040 4516 compunctionem
3068 4447 3379 4502 veniemus?
3406 4463 3529 4502 num
3561 4448 3779 4517 quando

2196 4539 2443 4594 remissio
2466 4548 2521 4594 et
2543 4538 2748 4595 delicia:
2773 4538 3004 4593 fuerint?
3025 4537 3133 4594 Sed
3162 4537 3264 4593 hoc
3293 4538 3407 4593 ﬁeri
3438 4553 3541 4591 non
3570 4547 3781 4607 potest:

2197 4629 2445 4686 remissio
2474 4630 2618 4686 enim
2650 4640 2705 4686 et
2730 4629 2938 4685 delicia:
2970 4630 3022 4684 in
3052 4629 3333 4700 segnitiem
3362 4628 3620 4685 inducere
3647 4644 3784 4685 eou-

2198 4732 2519 4790 sueveruut,
2547 4725 2685 4778 sicut
2713 4723 2984 4780 tribulatio
3009 4723 3074 4778 ad
3115 4722 3348 4778 studium
3390 4736 3644 4778 revocare
3665 4761 3683 4788 ,
3729 4733 3786 4776 et

2198 4827 2432 4874 mentem
2458 4818 2694 4874 exterius
2717 4818 2854 4872 circa
2884 4817 3049 4872 multa
3080 4822 3358 4886 vagantem
3386 4826 3443 4870 et
3469 4823 3784 4885 occupatam

2199 4910 2267 4966 ad
2295 4926 2415 4965 sese
2446 4918 2782 4965 convertere.
2810 4909 2888 4964 Ne
2927 4910 3085 4980 igitur
3123 4909 3191 4964 de
3220 4907 3321 4963 hac
3354 4908 3563 4962 tristitia
3594 4907 3785 4962 dolea—

2199 5017 2339 5065 mus,
2373 5001 2467 5056 sed
2496 5002 2606 5058 Deo
2631 5001 2831 5071 gratias
2869 5015 3087 5070 agamus
3115 5016 3132 5054 :
3160 4998 3382 5053 multum
3420 4998 3562 5052 enim
3590 5013 3654 5053 ex
3688 4999 3786 5052 tri-

2201 5093 2474 5150 bulatione
2503 5093 2731 5148 lucrum.
2759 5092 2891 5146 Nam
2930 5100 2982 5147 et
3021 5105 3142 5145 cum
3173 5089 3401 5159 agricola
3432 5089 3632 5143 semina
3661 5104 3784 5143 eum

2201 5190 2371 5245 multo
2391 5189 2575 5245 labore
2594 5187 2816 5243 collecta
2844 5185 3206 5247 seminaverit,
3233 5192 3293 5238 ut
3316 5182 3564 5238 adveniat
3591 5183 3785 5247 imber,

2201 5289 2456 5352 exoptat:
2486 5290 2542 5336 et
2570 5281 2783 5351 ignarus
2822 5278 3087 5350 quispiam
3131 5276 3310 5331 omnia
3351 5290 3470 5345 quae
3499 5274 3631 5329 ﬁunt
3669 5290 3773 5329 cer-

2201 5388 2373 5441 nens,
2428 5372 2795 5437 admirahitur,
2848 5369 3092 5439 forteque
3143 5367 3284 5438 apud
3328 5369 3559 5437 seipsum
3602 5366 3793 5421 dicet:

2202 5467 2340 5534 Quid
2386 5466 2474 5521 hic
2518 5466 2678 5519 homo
2719 5462 2930 5518 tandem
2961 5460 3122 5515 facit?
3148 5460 3367 5516 collecta
3398 5458 3656 5528 dissipat,
3689 5474 3792 5512 nec

2204 5558 2428 5629 dissipat
2455 5567 2656 5612 tantum
2679 5596 2694 5620 ,
2725 5554 2819 5609 sed
2849 5563 2902 5607 et
2929 5564 3084 5607 terra:
3109 5566 3227 5607 cum
3261 5550 3422 5604 multa
3462 5564 3588 5604 cura
3633 5563 3787 5604 com-

2203 5653 2413 5717 miscet,
2440 5665 2506 5705 ne
2533 5649 2683 5706 facile
2712 5647 2890 5716 colligi
2920 5645 3155 5715 possint;
3186 5658 3284 5697 nec
3315 5641 3627 5697 commiscet
3670 5650 3789 5693 tau-

2202 5757 2315 5803 tum
2356 5755 2545 5810 terrm,
2593 5741 2684 5797 sed
2730 5750 2783 5795 et
2822 5747 2969 5810 optat
2998 5738 3367 5800 vehementem
3408 5732 3676 5806 pluviam,
3729 5741 3791 5789 ut
