3892 6236
237 338 297 397 οι
1200 344 1290 402 AD
1328 345 1647 408 POPULUM
1686 353 1785 411 AN‘

1895 355 2176 417 CDENUM
2238 360 2466 421 llOﬂlL.
2512 365 2597 426 IV.
3455 384 3523 446 ῧῖ

230 454 469 527 proiecta
501 455 681 512 omnia
713 465 1065 524 marcescant,
1097 467 1150 513 et
1177 459 1341 515 lutum
1370 462 1515 517 liant.
1548 465 1613 519 Et
1637 466 1817 522 turba-

230 557 314 601 tur
334 560 564 601 cernens
593 562 875 617 erumpere
903 548 1118 604 fulmina
1144 561 1199 605 ct
1225 555 1621 612 coruscationes
1639 557 1819 614 deler-

229 640 306 703 ri;
337 638 569 709 agrieola
598 654 726 694 vero
755 654 860 694 non
889 641 996 708 ita,
1024 641 1119 696 sed
1146 642 1354 699 ltetatur
1375 655 1429 700 ct
1457 649 1650 717 gaudet
1681 658 1817 705 tem-

230 741 491 798 pestatem
516 746 747 787 cernens
772 749 787 786 :
816 746 922 786 non
952 734 1094 788 enim
1128 736 1408 804 prmscntia
1440 740 1690 808 respicit,
1721 742 1816 797 sed

229 822 402 876 latura
430 830 639 891 spectat
667 839 680 877 :
714 837 821 878 non
849 824 1068 895 respicit
1094 825 1159 879 ad
1191 825 1431 896 fulmina,
1454 830 1548 884 sed
1574 833 1818 901 manipu-

228 912 307 967 los
331 924 641 985 computat;
666 931 773 971 non
796 919 1180 974 marcescentia
1207 921 1431 987 semina,
1464 922 1559 978 sed
1583 940 1812 980 vernan-

227 1014 306 1059 tes
335 1007 545 1076 spicas;
574 1023 680 1063 non
707 1023 925 1078 gravem
955 1009 1178 1065 imbrem
1200 1051 1217 1072 .
1249 1012 1341 1067 sed
1368 1012 1813 1082 iucundissimum

222 1084 361 1151 area:
390 1099 678 1168 pulverem.
711 1098 894 1156 Itidem
925 1109 979 1155 et
1006 1116 1103 1156 nos
1128 1118 1233 1157 non
1259 1115 1581 1174 pnesentetn
1601 1118 1811 1178 specte-

223 1206 343 1246 mus
370 1191 786 1257 tribulationem,
811 1203 902 1249 aut
920 1193 1185 1261 dolorem,
1210 1197 1303 1251 sed
1324 1199 1582 1254 orientem
1610 1218 1683 1255 ex
1699 1202 1809 1271 ipsa

223 1285 503 1340 utilitatem
528 1327 545 1351 ,
576 1301 639 1341 ex
670 1287 781 1355 ipsa
812 1297 1118 1343 nascentem
1147 1288 1374 1345 fructum
1400 1309 1413 1344 :
1439 1302 1811 1362 exspectemus

220 1390 360 1430 area:
390 1376 686 1445 manipulos
715 1378 1019 1432 :si-etenint
1044 1378 1338 1450 vigilemus,
1370 1382 1592 1437 tnultum
1616 1399 1679 1440 ex
1710 1386 1811 1441 hoc

221 1479 459 1534 tempore
486 1468 710 1523 fructum
736 1484 1082 1539 emigregare,
1102 1481 1153 1526 ct
1177 1473 1370 1527 mentis
1391 1484 1589 1530 nostra:
1615 1491 1807 1547 penum

218 1558 451 1628 implere
478 1559 808 1627 poterimus:
837 1559 888 1614 si
929 1561 1238 1631 vigilemus,
1286 1578 1390 1618 non
1433 1574 1633 1620 tantum
1678 1567 1805 1622 nihil

215 1662 376 1718 grave
403 1665 467 1704 ex
497 1650 595 1705 liae
626 1651 892 1719 patiemur
918 1652 1256 1708 tribulatione
1279 1696 1295 1720 ,
1323 1656 1417 1711 sed
1444 1665 1498 1712 et
1526 1658 1803 1714 innumera

214 1739 354 1795 bona
401 1741 702 1810 capiemus;
752 1743 834 1798 sia
885 1760 1013 1799 vero
1065 1754 1402 1815 torpeamus,
1430 1750 1677 1805 remissio
1708 1767 1806 1807 nos

215 1832 419 1903 perdet.
446 1833 562 1889 Non
591 1834 963 1891 advertentem
996 1837 1137 1891 enim
1165 1846 1389 1909 utraque
1419 1840 1617 1895 lazduut
1637 1884 1653 1908 ,
1681 1859 1803 1897 cum

213 1926 497 1983 sedulitate
521 1942 647 1981 vero
681 1927 885 1982 viventi
922 1936 1145 1999 utraque
1180 1941 1419 1998 prosunt.
1449 1933 1513 1987 Et
1536 1933 1674 1989 sicut
1703 1949 1801 1989 au-

211 2032 327 2073 rum
349 2017 447 2073 etsi
467 2018 619 2088 aquis
646 2017 975 2085 immoretur,
997 2022 1265 2090 propriam
1293 2023 1506 2091 prtel'ert
1528 2025 1798 2095 speciem:

209 2110 319 2166 sive
362 2109 415 2164 in
458 2109 830 2166 conﬂatnrimn
879 2112 1173 2179 ceciderit,
1213 2114 1542 2185 splendidius
1589 2134 1814 2173 rursum.

207 2211 457 2272 apparet;
491 2202 662 2257 lutum
687 2212 939 2259 autemet
962 2204 1186 2272 fmnutn,
1211 2208 1324 2261 sive
1345 2208 1495 2278 :tqnis
1513 2209 1798 2267 immisceri

205 2293 428 2356 accidat,
459 2292 561 2350 ltoc
585 2294 797 2364 quidem
821 2297 1121 2363 marcescit,
1153 2297 1429 2353 illndvero
1450 2300 1793 2357 dissolvitur:

204 2383 311 2439 sive
338 2383 390 2437 in
418 2384 594 2454 ignem
618 2384 899 2453 ceciderit,
925 2386 1027 2440 hoc
1055 2387 1269 2456 quidem
1301 2387 1527 2460 frigitur,
1545 2390 1670 2446 illud
1704 2407 1799 2447 au-

205 2490 307 2531 tent
335 2478 668 2533 comburitur
693 2496 706 2532 :
736 2479 817 2534 sie
853 2486 1000 2534 certe
1029 2489 1083 2534 et
1104 2480 1283 2550 justus
1307 2489 1362 2537 et
1386 2492 1638 2553 peccator
1667 2502 1681 2539 :
1709 2485 1797 2541 ille

200 2569 414 2638 quidem
459 2570 574 2625 sive
620 2571 937 2626 remissione
978 2571 1203 2637 fruatur,
1246 2584 1426 2630 manet
1451 2574 1791 2644 Splendidus,

202 2661 335 2714 sicut
382 2677 571 2717 aurum
613 2677 766 2731 aqua:
810 2662 1121 2718 immersum
1149 2680 1163 2717 :
1192 2665 1319 2721 sive-
1347 2666 1399 2719 in
1445 2668 1791 2724 tentationem

198 2752 471 2819 ceciderit,
500 2753 830 2825 spiondi'dior
856 2753 912 2808 llt
933 2797 949 2822 ,
981 2757 1121 2810 sicttt
1150 2773 1339 2812 aurum
1369 2759 1490 2830 igne
1512 2762 1790 2817 examina-

198 2852 337 2905 tum;
387 2857 640 2913 peccator
677 2862 821 2901 νει-ο·
849 2848 962 2903 sive
1007 2849 1378 2906 remissionem
1422 2854 1784 2923 nanciscatur,

201 2938 500 2993 dissolvitur
522 2948 576 2994 et
602 2940 903 3007 marcescit;
944 2941 1094 2996 sicut
1108 2943 1306 2998 frenum
1345 2954 1410 3000 et.
1443 2946 1609 3002 lutum
1637 2962 1790 3018 aqtne

200 3032 528 3087 itntnoraus:
560 3033 675 3087 sive
705 3034 1050 3089 tentationem
1088 3036 1352 3091 sustineat
1373 3078 1390 3105 ,
1431 3038 1785 3109 comburitur,

193 3132 255 3177 ot:
271 3125 886 3199 perditur,.sicut_lutum
917 3136 971 3182 et
994 3126 1193 3183 ftenum
1224 3128 1292 3182 ab
1318 3128 1458 3199 igne.

260 3214 314 3267 2.
350 3213 730 3269 Erunmarnm
760 3221 976 3288 fructus.
1002 3248 1074 3258 —
1102 3217 1219 3273 Non
1253 3219 1412 3290 igitur
1438 3222 1786 3279 conﬁciamur

192 3305 544 3376 prmsentibus
581 3307 735 3362 malls
773 3324 809 3391 ε,
837 3308 881 3363 si
919 3309 1060 3363 enim
1096 3310 1147 3364 in
1186 3312 1423 3381 peccatis
1450 3313 1556 3377 sis,
1583 3329 1645 3368 ea
1692 3315 1783 3370 de-

190 3406 464 3452 etruuntur
485 3398 952 3453 ct'comburuntur
972 3399 1126 3455 Facile
1151 3416 1247 3470 per
1278 3402 1676 3460 tribulationem
1704 3407 1781 3461 :si

191 3503 316 3545 vero
355 3489 553 3545 virtute
598 3489 673 3545 sis
713 3491 997 3560 przeditus,
1044 3491 1333 3549 illustraris
1357 3504 1413 3550 et
1452 3497 1783 3567 splendescis

194 3597 285 3651 per
326 3580 496 3651 ipsam
541 3599 554 3634 :
596 3581 642 3636 si
685 3582 940 3637 continue
964 3584 1150 3655 vigiles
1185 3594 1240 3641 et
1277 3587 1489 3642 sobrius
1531 3590 1627 3657 sis,
1672 3592 1781 3647 eris

188 3675 327 3729 «iuni
355 3675 556 3729 damno
581 3676 845 3746 supctior.
876 3675 991 3732 Non
1017 3676 1158 3732 enim
1191 3679 1540 3744 tentationum
1567 3692 1777 3751 natura,

187 3764 274 3817 sed
301 3773 625 3820 tentatornm
669 3768 918 3837 segnities
944 3769 1127 3824 ruinas
1151 3769 1370 3826 efﬁcere
1394 3773 1549 3828 solet.
1599 3775 1780 3845 Itaque

185 3855 228 3908 si
276 3856 354 3911 vis
397 3856 653 3927 gaudere,
701 3867 756 3913 et
793 3860 1109 3916 remissione
1146 3870 1201 3917 et
1246 3863 1518 3935 voluptate
1574 3868 1771 3936 potiri,

186 3961 353 4017 neque
383 3948 730 4019 voluptatem,
776 3965 951 4021 neque
988 3953 1358 4009 remissionem
1397 3970 1635 4025 qua-ras;
1678 3958 1775 4013 sed

183 4039 409 4094 animam
441 4040 691 4111 patientia
721 4042 1161 4115 plenatnqumre,
1205 4055 1269 4100 et'
1299 4047 1631 4104 tolerantiam
1673 4067 1771 4106 cx-

184 4130 363 4187 ltibcrc
392 4133 701 4188 valentem:
733 4134 890 4204 quod“
905 4136 948 4189 si
981 4134 1091 4191 lioe-
1112 4154 1216 4190 non
1245 4136 1467 4205 ltabeas,
1513 4156 1619 4195 non
1654 4153 1770 4196 tans-

182 4230 288 4277 tum
318 4224 542 4279 tentatio
570 4234 619 4280 te
644 4226 936 4294 superabit,
961 4226 1074 4281 sed'
1093 4239 1146 4282 et
1182 4230 1444 4285 remissio
1466 4232 1673 4302 perdet;
1718 4243 1774 4289 ct

181 4315 343 4383 magis
392 4316 630 4383 dejiciet.
691 4316 857 4387 Quod
899 4319 1041 4372 enim
1088 4334 1192 4373 non
1242 4322 1487 4390 gravium
1526 4325 1771 4382 incursus

179 4419 435 4473 onstum,
458 4407 570 4462 sed“
595 4409 807 4463 mentis~
832 4420 1030 4464 nostrae
1061 4413 1493 4481 torporsalutem
1533 4427 1767 4472 nostmm

177 4498 469 4567 subvertat,
497 4501 617 4555 audi
648 4501 774 4571 quid
805 4502 946 4558 dicat
971 4501 1215 4561 Christus
1258 4524 1272 4562 :
1298 4505 1609 4580 Quicumque
1625 4512 1769 4566 audit

179 4591 319 4645 verba
348 4610 462 4646 mea
490 4594 617 4653 lucc,
651 4604 697 4647 et
723 4598 845 4667 facit
866 4612 944 4660 ea,
981 4596 1342 4651 assintilabitur
1375 4601 1479 4654 viro
1507 4602 1765 4671 prudenti,

175 4684 256 4751 qui
280 4684 554 4754 indi/ienuit
582 4685 788 4739 domum
817 4703 961 4740 suam
991 4704 1142 4758 super
1167 4697 1385 4758 petram,
1426 4700 1476 4745 et
1514 4693 1768 4748 descendit

175 4774 358 4841 pluvia,
388 4785 434 4829 et
472 4785 709 4830 venerunt
736 4777 975 4848 ﬂumina,
1018 4790 1065 4833 et
1106 4781 1359 4850 [laverunt
1403 4783 1554 4848 venti,
1614 4792 1661 4839 et
1698 4785 1767 4839 ir-

174 4876 374 4921 ruernnt
411 4868 467 4921 in
498 4868 705 4922 domum
730 4869 899 4936 illam,
936 4880 983 4926 et
1007 4888 1109 4925 non
1133 4873 1313 4927 cecidit
1343 4890 1364 4928 :
1390 4876 1607 4946 fundata
1632 4877 1765 4932 enim

171 4967 283 5011 erat.
297 4976 452 5029 super
480 4970 675 5032 petram
704 4977 724 5017 :
749 4969 806 5017 et
844 4978 1053 5017 rursum
1082 4982 1096 5018 :
1132 4964 1310 5021 O‘mnt's
1333 4968 1423 5037 qui
1447 4969 1590 5022 audit
1616 4971 1765 5025 verba

170 5066 276 5103 mea
318 5055 449 5120 litae,
500 5063 545 5107 et
592 5071 693 5107 non
728 5055 849 5126 facit
875 5072 956 5121 ea,
990 5056 1168 5111 similis
1210 5059 1301 5112 erit
1328 5060 1432 5114 viro
1456 5062 1631 5128 stulto,
1673 5064 1762 5132 qui

166 5140 432 5209 aediﬁcavit
482 5146 689 5200 domum
732 5163 878 5201 suam
927 5166 1080 5219 super
1123 5166 1351 5217 arenam,
1410 5162 1458 5208 et
1508 5156 1763 5212 descendit

168 5235 348 5300 pluria,
402 5245 453 5289 et
498 5247 734 5291 venerunt
771 5239 1014 5308 ﬂamina,
1030 5251 1076 5295 et
1114 5243 1365 5310 ﬂaverant
1421 5247 1569 5313 renti,
1611 5259 1658 5302 et
1686 5250 1760 5303 ir-

169 5337 372 5382 rtterttnt
414 5329 470 5382 in
511 5330 715 5384 domum
743 5332 906 5399 illam,
957 5344 1005 5388 et
1031 5335 1230 5401 cecidit;
1278 5337 1626 5406 et‘fuit'rninn
1649 5343 1760 5414 ejus

166 5432 342 5489 magna
395 5420 617 5491 (Matth.
660 5423 713 5476 7.
757 5422 970 5495 24-27).
1034 5425 1190 5481 Vides
1242 5428 1386 5499 quod
1429 5446 1540 5486 non
1580 5440 1757 5488 tenta-

166 5509 359 5567 tionum
410 5513 667 5578 luliiclus,
719 5516 813 5570 sed
860 5518 1237 5574 mdillcantium
1285 5523 1503 5578 stultitia
1547 5522 1753 5582 ruinam

167 5598 386 5660 iecerit?
433 5604 646 5660 Etenim
695 5606 801 5662 illic
842 5609 1035 5678 pluvia,
1084 5619 1140 5665 et
1179 5612 1266 5666 hic
1310 5614 1484 5683 pluvia
1518 5631 1534 5669 :
1564 5627 1630 5672 et
1648 5618 1755 5675 illic

169 5691 397 5763 llnmina,
426 5706 484 5752 ct
529 5696 614 5754 hic
644 5699 859 5753 numina
894 5719 907 5755 :
940 5703 1051 5758 illic
1079 5713 1359 5760 ventorum
1387 5707 1651 5779 incursus,
1698 5723 1752 5768 ct

168 5780 244 5840 hic
284 5788 426 5846 idem
459 5807 473 5844 :
509 5789 597 5847 ille
640 5790 941 5864 aediﬁcavit,
981 5804 1047 5851 ct~
1075 5796 1160 5852 ltic
1196 5798 1478 5857 tedillcavit
1511 5820 1524 5858 :
1557 5803 1742 5863 eadem

1930 471 2232 542 :edilicatio,
2302 488 2360 535 et
2419 481 2621 538 eaedem
2686 495 3028 559 tentationes,
3079 497 3177 552 sed
3221 512 3328 556 non
3378 502 3519 561 idem

1929 561 2069 631 linis,
2117 569 2368 636 quoniam
2412 589 2518 629 non
2558 575 2699 633 idem
2753 580 3196 660 fundamentum;
3238 610 3344 651 non
3378 602 3520 656 enim

1928 659 2279 716 tentatiOnum
2349 675 2560 737 natura,
2624 673 2719 729 sed
2783 677 3097 737 :edilicantis
3166 686 3519 758 imprudentia

1926 747 2131 803 ruinam
2172 751 2296 808 fecit
2337 772 2352 812 :
2394 758 2591 832 alioqui
2636 768 2963 833 oportuisset
3003 783 3056 828 et
3096 747 3314 835 domum
3357 798 3516 855 supra

1925 848 2128 906 petram
2187 843 2501 905 aediﬁcatam
2553 855 2783 924 cadere;
2847 877 2989 920 nunc
3044 882 3173 923 vero
3222 872 3355 928 nihil
3412 877 3515 930 tale

1924 949 2074 1001 passa
2113 948 2213 994 est.
2255 941 2359 997 Sed
2400 961 2469 1023 ne
2502 948 2571 1004 de
2603 951 2764 1009 domo
2797 954 2912 1012 [nec
2955 959 3093 1016 dicta
3127 979 3247 1021 esse
3277 972 3513 1037 putetis:

1920 1023 1991 1081 de
2043 1029 2218 1084 anima
2268 1035 2411 1089 enim
2481 1053 2664 1096 sermo
2719 1056 2803 1100 est
2861 1048 3160 1108 divinorum
3230 1061 3510 1116 verbortun

1917 1116 2161 1174 auditum
2210 1137 2304 1191 per
2364 1141 2527 1197 opera
2587 1131 3010 1209 demonstrante,
3065 1146 3155 1200 vel
3194 1151 3505 1218 repellente.

1917 1205 2006 1262 Sic
2046 1210 2279 1267 animam
2325 1231 2476 1272 suam
2520 1221 2623 1276 Job
2673 1227 2955 1285 aediﬁcavit
2996 1205 3020 1288 τε
3070 1205 3346 1295 descendit

1918 1297 2019 1364 via,
2075 1299 2210 1372 ignis
2265 1307 2407 1362 enim
2438 1309 2506 1366 de
2555 1313 2687 1369 οωΙο
2739 1320 2955 1386 cecidit,
3003 1334 3054 1380 et
3094 1343 3508 1403 omnesgregcs

1914 1391 2211 1465 absumpsit
2243 1397 2363 1468 (Job
2418 1403 2468 1458 Ι.
2532 1406 2724 1483 1649)
2752 1429 2766 1466 :
2798 1391 3350 1493 venerunt'ﬂmuina:
3401 1391 3506 1484 litet-

1913 1493 2139 1549 qucntes
2178 1504 2393 1561 nempe,
2437 1499 2696 1565 continui,
2743 1512 2797 1558 et
2832 1505 2932 1561 sibi
2969 1512 3316 1572 succedentes
3357 1522 3503 1575 cala-

1914 1574 2154 1630 mitatum
2212 1584 2381 1637 nttntii
2441 1602 2455 1639 :
2514 1588 2599 1644 ltic
2641 1593 2856 1662 quidem
2901 1614 3159 1671 gregum,
3224 1607 3324 1664 ille
3378 1627 3504 1667 vero

1911 1666 2260 1733 camelorum,
2309 1673 2396 1728 ille
2448 1693 2632 1736 rursus
2684 1685 2911 1743 liliorum
2955 1693 3224 1752 interitum
3268 1701 3499 1759 dicens:

1910 1752 2169 1813 llaverunt
2223 1767 2386 1833 venti,
2434 1784 2613 1825 amara
2671 1779 2851 1833 uxoris
2892 1784 3098 1838 verba:
3142 1786 3259 1857 Dic,
3310 1794 3497 1863 inquit,

1909 1845 2110 1902 verbum
2161 1862 2338 1909 contra
2392 1856 2666 1917 Dominum
2691 1908 2707 1933 ,
2769 1880 2816 1923 et
2873 1889 3067 1930 morere
3103 1878 3226 1947 (Job
3267 1883 3319 1937 2.
3363 1887 3435 1958 9)
3484 1906 3497 1941 :

1907 1944 1964 1990 ct
2010 1954 2114 1994 non
2154 1945 2349 2003 cecidit
2385 1951 2598 2019 domus,
2646 1974 2751 2014 non
2797 1973 2880 2018 est
2917 1968 3252 2037 supplantata
3299 1944 3496 2046 anima,

1907 2042 2014 2081 non
2057 2030 2447 2103 blaspltemavit
2475 2042 2655 2113 justus
2704 2066 2717 2102 :
2767 2052 2861 2107 sed
2908 2030 3196 2128 et'g-ratias
3239 2068 3364 2137 egit,
3420 2030 3499 2128 sic

1904 2116 2089 2176 dicens
2122 2140 2136 2176 :
2171 2124 2424 2187 Dominus
2470 2135 2630 2203 dedit,
2672 2140 2920 2201 Dominus
2963 2151 3192 2220 abstulit,
3225 2116 3358 2213 εὖξαι
3393 2163 3497 2219 οσ-

1903 2211 2048 2265 mino
2079 2216 2288 2284 placuit,
2321 2222 2393 2275 ita
2417 2228 2611 2295 factum
2639 2242 2716 2285 est
2782 2236 2902 2305 (Job
2932 2240 2979 2294 Ι.
3010 2241 3123 2314 21).
3157 2211 3495 2323 V'ld‘l‘stllllid

1904 2318 2009 2357 non
2060 2312 2408 2369 tentationum
2471 2327 2690 2390 natura,
2745 2327 2839 2381 sed
2905 2337 3228 2402 torpentiutn
3291 2342 3493 2413 ignavia

1903 2396 2108 2453 ruinam
2155 2400 2333 2460 facere
2358 2408 2570 2465 soleat?
2611 2430 2730 2470 nam
2778 2417 2971 2477 fortem
3009 2429 3179 2483 virum
3225 2434 3495 2493 tribulatio

1902 2488 2173 2547 fortiorem
2214 2498 2405 2554 reddit.
2435 2503 2566 2569 Quis
2606 2505 2709 2563 hoc
2751 2512 2877 2566 ait?-
2912 2516 2966 2568 ltt
3008 2520 3349 2581 tribulatione
3393 2546 3491 2582 utr~

1901 2581 2055 2636 tritius
2080 2585 2266 2645 beatus
2295 2590 2492 2648 Paulus
2519 2595 2802 2657 ita-dicens
2832 2620 2848 2661 :
2880 2604 3183 2666 Tribulatia
3198 2619 3492 2683 patientium

1897 2683 2137 2741 aperatur
2157 2718 2173 2743 ,
2223 2680 2468 2748 patientia
2513 2702 2632 2742 rem
2670 2691 3035 2764 probationem,
3095 2680 3324 2773 probatio
3377 2726 3492 2766 vero

1894 2779 2050 2832 spem:
2108 2767 2284 2838 (Rom.
2317 2773 2373 2829 5a
2402 2774 2436 2829 3
2489 2778 2568 2848 «ἢ.
2619 2781 2685 2835 Et
2722 2783 2866 2839 sicut:
2900 2767 3325 2853 lirtnas'arbores
3365 2817 3490 2856 ven-

1897 2864 2070 2913 torum
2089 2860 2327 2932 impetus
2350 2868 2556 2925 irruens
2581 2883 2643 2928 et
2661 2877 2893 2948 tmdique
2915 2883 3123 2952 jactans
3152 2905 3259 2945 non
3288 2895 3486 2963 evellit,

1893 2950 1986 3004 sed
2035 2952 2320 3012 solidiores
2363 2970 2416 3014 et
2471 2963 2732 3022 lirmiorcs
2772 2968 2858 3025 liis
2906 2950 3207 3035 incursibus
3255 2983 3427 3040 reddit
3469 3005 3484 3042 :

1891 3041 1970 3097 sic
1997 3054 2057 3099 et
2091 3046 2325 3105 animam
2365 3065 2603 3111 sanctam
2635 3067 2690 3113 et
2718 3061 2804 3130 pie
2833 3064 3102 3124 viventem
3131 3076 3484 3134 tentatiouum

1891 3132 2137 3192 incursus
2179 3149 2234 3194 ct
2279 3142 2701 3216 tribulationum,
2761 3170 2866 3210 non
2916 3164 3280 3231 supplantant,
3325 3179 3485 3240 atque

1889 3228 2051 3284 etiam
2091 3232 2159 3286 ad
2195 3234 2451 3305 majorem
2486 3243 2791 3309 patientiam
2819 3228 3039 3308 incitant
3071 3273 3085 3309 :
3115 3259 3253 3314 sicut
3281 3272 3335 3317 et
3361 3263 3478 3319 bea-

1891 3328 2000 3374 tum
2043 3322 2145 3378 .lob
2188 3327 2604 3396 splendidiorem
2649 3346 2704 3392 et
2746 3346 3190 3405 venerabiliorem
3232 3355 3496 3412 reddidc-'

1891 3424 2032 3467 runt.
2082 3414 2235 3474 Nunc
2283 3420 2441 3492 igitur
2479 3427 2634 3485 nobis
2680 3432 2894 3500 quidem
2932 3437 3094 3495 ltomo
3130 3441 3395 3515 irascitur,
3427 3461 3481 3505 ct

1888 3502 2049 3560 homo
2084 3507 2272 3565 iisdem
2310 3517 2646 3583 passiouibus
2674 3523 2959 3594 obnoxius,
3004 3531 3271 3604 similique
3300 3541 3478 3596 anima

1887 3597 2159 3666 pneditus,
2200 3614 2253 3658 et
2290 3606 2591 3675 timuimus;
2639 3623 2764 3672 tunc
2789 3629 2966 3675 autem
3009 3623 3335 3684 ill'e~d:umon
3368 3649 3478 3688 ma~

1888 3688 2059 3757 lignus
2101 3703 2154 3746 et
2194 3693 2336 3752 ferus
2384 3711 2500 3756 erat
2543 3703 2731 3772 iratus,
2778 3725 2895 3765 nce-
2927 3713 3240 3785 simpliciter
3276 3721 3475 3780 irascet-

1885 3778 2058 3846 batur,
2111 3787 2209 3841 sed
2257 3805 2444 3848 omnes
2492 3799 2743 3855 movebat
2794 3814 2963 3873 artes,
3015 3825 3348 3885 omnemque
3377 3820 3473 3873 ad»

1884 3870 2099 3930 bibebat
2150 3884 2460 3950 versutiam,
2498 3897 2551 3940 et
2593 3906 2692 3946 nec
2731 3894 2800 3948 ita
2842 3870 3056 3966 quidem
3090 3904 3216 3971 justi
3251 3870 3474 3965 let-titu-

1879 3962 2060 4020 dinem
2091 3975 2377 4039 superavit.
2413 3977 2476 4031 Et
2503 3978 2588 4035 lric
2610 3983 2823 4052 quidem
2852 4003 2977 4043 cuin
3001 3992 3160 4047 homo
3189 3997 3279 4063 sit,
3326 4016 3468 4058 nunc

1880 4057 2147 4127 irascitur,
2196 4080 2335 4121 nunc
2375 4072 2713 4142 conciliatur,
2755 4088 2810 4132 et
2847 4089 3021 4137 tamen
3052 4085 3241 4145 timore
3276 4097 3469 4150 mortui

1878 4162 2082 4205 sumus.
2149 4154 2299 4211 Tunc
2349 4175 2481 4215 vero
2523 4163 2766 4221 diabolus
2808 4182 2924 4224 erat
2976 4174 3310 4247 impugnans,
3376 4188 3465 4254 qui

1878 4255 2164 4310 numquam
2219 4245 2494 4306 hominum
2540 4267 2753 4312 naturte-
2778 4263 3113 4333 conciliatur,
3140 4271 3234 4326 sed
3269 4272 3465 4332 bellum

1876 4331 1992 4387 sine
2035 4333 2260 4405 findere,
2291 4349 2608 4415 ct‘pugnam
2643 4349 2758 4404 siue
2791 4351 3016 4412 induciis
3053 4363 3235 4427 generi
3282 4377 3466 4421 nostro

1876 4427 2083 4490 indixit.
2112 4438 2168 4485 ct
2198 4441 2372 4488 tamen
2405 4436 2569 4505 ipsius
2595 4445 2817 4511 sagittas
2835 4445 3014 4516 justus
3042 4450 3250 4510 derisit.
3293 4458 3462 4523 Quam

1876 4518 2036 4584 igitur
2065 4538 2163 4576 nos
2197 4529 2619 4596 excusationem,
2662 4535 2745 4589 vel
2781 4540 2991 4607 qualem
3020 4546 3226 4600 veniam
3268 4547 3465 4607 habere

1874 4625 2178 4681 possnnnts,
2225 4615 2512 4675 humanam
2561 4627 2908 4686 tentationem
2942 4649 3047 4689 non
3088 4636 3339 4708 ferentes,
3373 4646 3461 4713 qui

1873 4708 2150 4771 bttttopcre
2198 4707 2248 4761 in
2297 4712 2463 4779 gratia
2512 4713 2967 4789 philosophantur,
3016 4742 3137 4781 cum
3189 4729 3279 4786 ille
3326 4707 3455 4791 att-te

1874 4797 2121 4863 gratiam,
2165 4811 2220 4854 et
2267 4802 2317 4855 itt
2356 4806 2518 4860 veteri
2560 4807 2907 4870 Testamento
2935 4817 3067 4874 illud
3116 4830 3221 4878 tam
3273 4826 3461 4884 intole-

1871 4888 2037 4944 rabile
2064 4889 2265 4947 bellutn
2295 4910 2555 4965 generose
2586 4903 2807 4959 tulerit?

1940 4979 2085 5035 Bona
2123 4987 2335 5042 mutatio
2374 5005 2441 5043 ea:
2479 4993 2770 5050 calamitate
2807 5010 2975 5068 parta.
3009 5033 3081 5045 -—
3105 5005 3236 5063 lh'e
3278 5012 3453 5081 igitur,

1866 5070 2063 5139 dilecti,
2099 5090 2312 5146 semper
2349 5079 2486 5136 inter
2507 5098 2606 5139 nos
2633 5085 2979 5159 disseramus,
3017 5105 3073 5148 et
3094 5112 3189 5166 per
3219 5099 3315 5155 bos
3345 5117 3458 5158 sers

1868 5178 2054 5219 moues
2097 5182 2196 5223 nos
2241 5169 2386 5238 ipsos
2425 5174 2789 5234 cxltortetuur.
2856 5181 3066 5240 Etenim
3124 5205 3220 5243 vos
3269 5203 3453 5261 testes,

1862 5260 2295 5332 conscientiaque
2341 5277 2548 5334 vestra,
2596 5284 2850 5340 quantum
2899 5293 2964 5333 ex
3011 5281 3109 5334 bac
3162 5286 3455 5342 tentatione

1864 5349 2103 5406 utilitatis
2142 5353 2506 5414 habuerhnus.
2542 5362 2840 5422 Dissolutns
2891 5372 3034 5425 cnim
3068 5374 3344 5430 modestus
3377 5379 3452 5434 fa-

1861 5450 1978 5495 ctus
2005 5453 2106 5509 est,
2142 5444 2292 5501 ἴθι-οι
2321 5448 2623 5521 humanior,
2653 5458 2829 5526 segnis
2854 5461 3156 5517 studiosus:
3185 5467 3271 5534 qui
3297 5484 3449 5524 num-

1858 5549 2017 5601 quam
2046 5536 2326 5593 ecclesiam
2354 5541 2615 5610 viderant",
2644 5548 2740 5601 sed
2774 5558 2911 5603 totos
2934 5551 2985 5604 in
3012 5553 3231 5611 tlteatrts
3260 5574 3447 5631 cv‘geo

1857 5626 1984 5681 bant
2009 5628 2144 5697 dies,
2187 5648 2324 5687 nunc
2352 5635 2404 5689 in
2432 5638 2653 5693 ecclesia
2687 5649 2791 5694 tota
2833 5643 2920 5697 die
2964 5658 3257 5706 morantur.
3308 5653 3440 5709 Pro-

1856 5726 2112 5786 ptereane
2164 5720 2321 5792 igitur
2345 5725 2514 5793 doles,
2557 5731 2698 5798 quod
2730 5742 2779 5785 te
2820 5736 3041 5802 probum
3075 5741 3262 5795 timore
3304 5744 3441 5802 Dens

1854 5810 2083 5868 reddidit
2102 5812 2140 5869 ?’
2168 5816 2315 5886 quod
2358 5825 2410 5875 te
2454 5835 2550 5891 per
2583 5822 2979 5886 tribulationem
3024 5832 3089 5887 ad
3122 5843 3223 5891 tute
3252 5837 3436 5895 salutis
