3932 6222
293 309 370 365 55
1257 310 1344 366 AD
1383 305 1706 366 POPULUM
1743 305 2250 362 ANTIOCLIENUM.
2293 305 2522 362 ιιοιιιι.
2557 308 2641 364 ιν.
3511 330 3584 382 ϐϋ

289 433 424 502 ignis
448 432 708 484 ardentem
774 426 933 499 εοωι.
967 423 1192 495 3.4-6).
1223 424 1410 480 Vidisti
1452 437 1611 493 quam
1649 421 1882 476 difllcilia

289 521 580 580 certamina
605 529 784 590 parata
803 519 932 583 sint,
956 527 1009 573 et
1038 526 1166 587 quot
1190 515 1882 579 iusidiatumneeessitatcs,

289 630 450 686 quam
473 613 729 684 profunda
758 626 972 681 vorago,
1003 620 1054 664 et
1078 609 1422 680 priet-ipitium
1451 608 1749 678 utrimmte?
1777 607 1883 662 Sed

291 723 362 762 ne
405 706 684 761 timueris:
727 711 926 774 quanto
969 701 1138 772 magis
1170 699 1594 756 machinamenta
1640 696 1882 752 inimicus

291 797 528 863 auxerit,
576 804 726 850 tanto
770 796 935 864 magis
963 806 1244 862 puerorum
1276 789 1636 845 fortitudLem
1664 789 1888 844 demon-

292 895 450 942 strat.
488 887 609 943 Ideo
633 886 775 940 enim
806 894 882 939 tot
911 883 1234 938 musicorum
1266 891 1554 937 concentus
1575 922 1588 941 .
1643 879 1762 936 idco
1793 896 1885 934 ca.-

296 980 474 1034 minus
513 978 731 1044 ardens,
777 985 834 1030 ut
864 985 918 1030 et
954 975 1197 1045 voluptas
1237 983 1292 1028 et
1327 977 1486 1027 timor
1519 972 1884 1026 assistentium

294 1072 502 1126 animas
527 1069 814 1124 obsideret.
840 1069 1010 1138 Asper
1055 1067 1376 1122 adstantiqu
1404 1065 1664 1135 quispiam
1692 1074 1791 1127 est,
1833 1073 1887 1118 et

295 1161 534 1232 rigidus?
582 1159 781 1216 Molliat
810 1161 1003 1228 ipsum,
1053 1157 1242 1227 inquit,
1289 1157 1560 1211 delectans
1595 1154 1887 1209 etnnisonze

298 1255 517 1310 musicae
539 1252 786 1308 melodia.
813 1251 920 1307 Sed
945 1251 1026 1304 his
1047 1249 1252 1305 insidiis
1281 1247 1523 1317 superior
1543 1246 1662 1299 est?
1690 1254 1887 1300 terreat

296 1356 357 1406 et
384 1346 637 1417 percellat
660 1345 886 1399 ﬂamma:
913 1351 1182 1412 aspectus.
1216 1341 1284 1394 Et
1312 1349 1427 1394 erat
1470 1338 1629 1392 timor
1648 1346 1700 1391 et
1736 1337 1886 1388 volu-

301 1449 450 1511 ptas,
462 1437 577 1492 haec
598 1451 690 1504 per
710 1449 890 1499 aures,
917 1433 1004 1488 ille
1033 1447 1128 1503 per
1152 1431 1334 1486 oculos
1353 1429 1545 1483 anima:
1566 1427 1880 1496 subrepens.

301 1528 680 1587 Verumtamen
701 1524 1217 1581 adulescentulorum
1246 1523 1454 1576 illortnn
1475 1520 1887 1590 generositatem

303 1619 494 1677 borum
537 1617 665 1672 nihil
713 1614 1019 1686 superavit;
1068 1613 1162 1668 sed
1209 1613 1348 1665 sicut
1374 1611 1425 1664 in
1465 1611 1638 1680 ignem
1666 1609 1886 1678 projeeti

303 1710 573 1771 ﬂammam
620 1707 878 1770 vicerunt,
931 1705 1010 1760 sic
1053 1718 1266 1758 onmem
1309 1699 1793 1768 concupiscentiam
1835 1706 1890 1752 et

301 1801 621 1859 anxietatem
648 1797 968 1853 deriserunt.
995 1794 1118 1849 llgec
1139 1793 1280 1849 enim
1302 1791 1478 1846 omnia
1508 1798 1720 1860 propter
1747 1789 1890 1858 ipsos

303 1892 552 1951 diabolus
574 1896 963 1960 prteparaverat
993 1903 1006 1940 :
1038 1901 1147 1940 non
1171 1885 1312 1939 enim
1337 1883 1404 1937 de
1433 1881 1656 1936 subditis
1683 1879 1893 1934 dubita-

307 1985 416 2052 bat,
455 1983 548 2039 sed
577 1982 751 2052 potius
781 1980 1004 2035 multum
1031 1977 1357 2042 conﬁdebat,
1385 1975 1586 2030 nullum
1624 1973 1764 2044 regis
1791 1972 1889 2042 legi

305 2087 718 2147 repugnatumm
739 2087 858 2128 esse
881 2079 1188 2142 :postquam
1208 2085 1334 2124 vero
1352 2067 1658 2122 ceciderunt
1682 2081 1890 2130 omnes,

303 2176 361 2227 et
405 2166 530 2220 victi
555 2175 704 2230 sunt,
744 2173 869 2221 tunc
906 2160 1218 2221 inmedium
1247 2159 1398 2230 pueri
1433 2159 1530 2212 soli
1556 2167 1803 2227 aguntur,
1837 2167 1894 2210 ut

305 2258 387 2317 sic
412 2272 624 2328 quoque
665 2255 886 2312 victoria
930 2253 1018 2307 flat
1046 2252 1260 2316 clarior,
1289 2267 1410 2306 cum
1441 2250 1494 2304 iu
1527 2258 1669 2304 tanta
1712 2249 1892 2302 multi-

307 2351 490 2409 tudine
520 2350 616 2420 ipsi
643 2349 880 2412 vineam,
916 2354 972 2401 et
1000 2347 1229 2400 victores
1259 2343 1630 2398 renuntientur
1665 2360 1684 2398 ζ
1721 2357 1894 2412 neque

306 2443 450 2504 enim
483 2451 587 2494 tam
619 2439 858 2494 mirabile
879 2437 1083 2503 fuisset,
1109 2434 1154 2491 si
1180 2435 1326 2489 nullo
1352 2435 1708 2504 supplantato,
1737 2431 1894 2504 primi

307 2532 532 2588 viriliter
555 2531 804 2600 egissent.
859 2529 970 2583 lloc
1014 2536 1190 2580 autem
1238 2525 1528 2580 maximum
1561 2535 1615 2578 et
1652 2524 1895 2579 mirabile

309 2633 414 2686 εει,
437 2622 575 2692 quod
601 2621 901 2676 cadentium
929 2617 1214 2673 nmltitudo
1240 2617 1382 2686 ipsos
1412 2631 1515 2670 non
1548 2616 1754 2680 terruit,
1788 2631 1894 2668 non

310 2715 488 2770 solvit.
536 2713 648 2768 Non
697 2713 832 2766 intra
871 2726 930 2767 se
967 2711 1072 2766 tale
1101 2709 1226 2781 quid
1270 2709 1543 2773 dixerunt,
1573 2707 1714 2778 quod
1742 2706 1893 2760 muiti

309 2822 455 2880 sa-pe
493 2805 672 2860 dicere
717 2813 1108 2859 consueverunt
1138 2819 1151 2855 :
1178 2803 1232 2858 Si
1274 2801 1427 2872 primi
1475 2816 1574 2854 nos
1613 2800 1894 2870 imaginem

308 2899 674 2958 adorare-mus.
710 2895 761 2954 id
790 2904 1062 2965 peccatum
1086 2901 1261 2958 esset;
1293 2893 1339 2946 si
1369 2907 1495 2951 vero
1519 2907 1648 2948 eum
1673 2899 1751 2946 tot
1781 2890 1897 2944 mil-

311 2990 450 3052 libus
479 2991 580 3045 boc
616 2989 894 3053 faciamus,
923 2987 1041 3058 quis
1067 2987 1271 3044 veniam
1301 3002 1405 3040 non
1431 2983 1618 3040 dabit?
1655 2986 1772 3054 quis
1801 3000 1894 3039 ex-

313 3081 589 3140 Cusatione
611 3080 807 3150 dignos
823 3095 931 3134 non
966 3076 1201 3133 censebit
1227 3077 1251 3132 ?
1281 3077 1392 3133 Sed
1411 3077 1545 3131 nihil
1572 3076 1646 3131 illi
1676 3076 1778 3132 tale
1806 3085 1900 3129 aut

310 3173 582 3236 dixerunt,
627 3179 718 3224 aut
761 3171 1156 3239 cogitaverunt,
1207 3178 1284 3224 tot
1327 3178 1675 3251 tyrannorum
1719 3167 1900 3235 lapsus

313 3267 508 3320 intuiti.
537 3265 616 3320 'l'u
641 3279 769 3320 vero
811 3263 942 3318 mihi
982 3272 1035 3318 et
1072 3261 1508 3319 ealumniantium
1559 3261 1702 3330 ipsos
1742 3259 1896 3313 mali-

310 3359 568 3429 gnitatem
595 3357 895 3421 considera,
924 3364 978 3411 et
1005 3371 1164 3426 quam
1190 3353 1430 3424 improbe
1459 3361 1514 3406 et
1538 3352 1730 3407 acerbe
1756 3353 1899 3422 ipsos

314 3449 702 3509 accusaverim.
739 3449 893 3513 Sunt,
921 3447 1109 3516 inquit,
1125 3447 1220 3500 viri
1239 3445 1270 3498 J
1279 3445 1431 3506 udtei,
1457 3460 1581 3515 quos
1601 3443 1900 3496 constituisti

313 3561 466 3615 super
491 3556 644 3614 opera
673 3537 889 3610 regionis
913 3536 1186 3608 Babylonis
1216 3535 1374 3610 (Dan.
1398 3535 1451 3590 5.
1475 3534 1584 3603 12).
1613 3533 1727 3588 Non
1755 3534 1896 3588 enim

316 3638 490 3692 solum
529 3643 741 3707 gentem
780 3637 1288 3694 commemorartutt,
1337 3629 1431 3684 διιά
1460 3639 1516 3684 ct
1555 3629 1819 3684 lumnrem
1846 3628 1897 3682 in

316 3732 628 3784 uu-moriatn
670 3732 1074 3790 revocaverunt,
1115 3732 1168 3775 ut
1191 3721 1328 3792 regis
1359 3722 1488 3779 iram
1520 3719 1896 3785 accenderent,

319 3830 522 3875 tantum
579 3835 683 3874 non
728 3821 963 3873 dicentes
1007 3830 1025 3870 :
1066 3813 1293 3876 Servos,
1351 3812 1564 3866 civitate
1618 3818 1895 3875 carentes,

317 3911 556 3981 ﬁtptivos
584 3911 849 3980 principes
895 3915 1105 3962 nostros
1133 3904 1338 3968 fecisti;
1371 3903 1428 3956 hi
1457 3918 1581 3958 vero
1609 3913 1662 3956 et
1696 3909 1900 3955 tantum

321 4003 576 4058 honorem
601 4001 919 4057 contumelia
945 3999 1206 4065 afficiunt,
1232 4007 1285 4052 et
1311 3999 1360 4051 in
1388 4013 1508 4051 eum
1535 3997 1700 4065 quise
1727 3995 1898 4047 hono-

321 4097 476 4159 ravit,
501 4095 790 4150 insolenter
835 4103 1014 4164 agunt.
1046 4091 1167 4146 Ideo
1195 4091 1399 4152 dicunt,
1428 4087 1603 4143 Judwi-
1625 4104 1748 4156 quos
1771 4103 1897 4140 con-

316 4184 542 4238 stituisti
560 4201 717 4253 super
735 4201 892 4253 opera
911 4185 1134 4255 regionis
1151 4183 1297 4251 Baby
1321 4184 1460 4239 ouis,
1478 4195 1585 4232 non
1597 4187 1884 4246 paruerunt

317 4275 530 4329 decreto
559 4285 669 4342 tuo,
693 4285 743 4330 et
774 4277 878 4329 diis
909 4278 1014 4330 tuis
1038 4292 1144 4330 non
1182 4267 1626 4337 scrviuut.(lbid.)
1656 4265 1889 4319 Maxima

320 4366 440 4420 laus
452 4367 751 4428 accusatio,
769 4376 824 4422 et
835 4366 1060 4420 crimina
1082 4363 1270 4418 laudes
1283 4363 1499 4425 liunt,et
1515 4358 1884 4413 testimonium

325 4457 672 4517 indubitatum
701 4457 926 4512 inimicis
948 4455 1116 4523 ipsum
1139 4453 1552 4523 perhibentibus.
1578 4450 1713 4520 Quid
1745 4450 1902 4519 igitur

325 4550 455 4604 rex?
474 4547 638 4603 Jussit
657 4548 801 4616 ipsos
824 4548 1119 4601 inmedium
1149 4545 1254 4614 agi,
1285 4555 1343 4598 ut
1372 4544 1516 4614 ipsos
1543 4543 1772 4611 undique
1795 4549 1903 4594 ter-

324 4649 484 4696 reret.
507 4639 608 4694 Sed
633 4639 764 4696 nihil
789 4639 902 4692 illos
922 4637 1300 4702 consternavit,
1329 4652 1432 4690 non
1455 4635 1594 4704 regis
1611 4634 1898 4699 furor,nou

325 4732 464 4801 quod
503 4733 600 4786 soli
641 4732 694 4786 in
723 4741 878 4786 tanta:
909 4731 1078 4786 turba:
1099 4728 1274 4783 medio
1293 4726 1531 4784 derelicti
1561 4735 1762 4792 essent,
1794 4741 1899 4780 lltlll

323 4822 461 4891 ignis
483 4831 773 4890 spectatus,
805 4836 907 4874 non
934 4828 1184 4874 canentes
1210 4818 1368 4884 tnbm,
1406 4832 1510 4870 non
1541 4831 1728 4870 omnes
1758 4815 1902 4883 ipsos

322 4911 632 4966 ardentibus
659 4910 826 4965 «mdis
865 4911 1148 4975 imueutes,
1176 4909 1268 4963 sed
1299 4908 1416 4961 lure
1438 4908 1508 4961 illi
1547 4908 1722 4961 omnia
1754 4906 1898 4960 deri-

321 5001 532 5064 dentes,
552 5009 816 5069 tamquam
834 5001 884 5052 in
900 4999 1144 5070 frigidum
1175 5015 1434 5068 aquarum
1459 5002 1654 5052 fontem
1685 4998 1900 5052 mitten-

321 5092 399 5156 di,
429 5092 486 5152 in
508 5093 772 5150 fornacem
799 5091 1020 5160 ingressi
1041 5098 1186 5154 sunt,
1204 5090 1408 5148 beatam
1436 5091 1578 5146 illaut
1597 5091 1902 5144 cmittentes

325 5197 510 5236 vocem
540 5199 556 5235 :
585 5180 697 5233 Diis
736 5181 834 5233 tuis
878 5197 977 5233 non
1022 5181 1284 5242 servimus,
1335 5189 1382 5232 ct
1426 5190 1642 5232 statuam
1669 5195 1898 5244 auream,

322 5287 474 5341 quam
501 5270 720 5334 nexisti,
752 5285 852 5322 non
890 5270 1163 5325 adoramus
1183 5267 1340 5341 (Dan.
1375 5270 1426 5322 5.
1461 5268 1570 5338 l8).
1618 5269 1764 5323 llanc
1795 5285 1899 5322 non

325 5371 529 5416 temere
575 5359 790 5413 recitavi
819 5357 1118 5423 historiam,
1144 5359 1237 5411 sed
1265 5366 1320 5411 ut
1347 5357 1584 5423 discatis,
1613 5359 1751 5429 quod
1781 5359 1903 5414 licet

325 5453 474 5510 furor
499 5452 660 5508 instet
683 5450 888 5520 regius,
935 5450 1034 5503 etsi
1068 5449 1292 5504 militum
1323 5449 1546 5513 insidim,
1600 5451 1699 5506 etsi
1728 5451 1902 5504 inimi-

321 5560 512 5598 eoruln
559 5543 800 5609 invidia,
849 5543 948 5598 etsi
1002 5544 1309 5613 captivitas,
1356 5543 1456 5596 etsi
1509 5543 1748 5608 orbitas,
1800 5544 1904 5602 etsi

323 5635 484 5706 ignis,
512 5635 613 5690 etsi
639 5635 842 5698 lornax,
873 5635 968 5690 etsi
995 5635 1269 5688 inmnnera
1297 5636 1415 5698 alia,
1443 5634 1642 5703 justum
1669 5635 1794 5688 nihil
1812 5651 1900 5690 su-

319 5741 514 5801 perare
555 5736 645 5785 aut
689 5735 888 5785 tertcre
929 5727 1140 5798 poterit.
1184 5727 1239 5782 Si
1265 5727 1407 5784 enim
1452 5727 1538 5784 ubi
1565 5727 1759 5801 impius
1785 5742 1897 5786 erat

1995 436 2109 487 rex,
2149 436 2254 475 non
2298 420 2714 476 formidaverunt
2757 423 3132 481 adolescentuli
3182 431 3388 500 tyranni
3435 429 3573 485 fmu-

1992 527 2128 576 rem,
2157 511 2322 567 multo
2343 514 2517 583 magis
2535 530 2632 568 nos
2655 515 2928 570 conlidere
2955 528 3183 587 Oportet,
3209 518 3498 576 humanum
3526 532 3579 577 et

1993 605 2174 658 mitem
2221 603 2479 661 habentes
2506 605 2906 675 imperatorem,
2934 620 2988 663 et
3013 609 3079 663 de
3110 609 3208 665 hac
3241 613 3580 668 tribulatione

1995 695 2104 748 Deo
2123 695 2320 763 gratias
2359 711 2544 765 agere,
2577 714 2646 751 ex
2677 699 2943 767 praulictis
2963 701 3166 766 doctos,
3201 705 3452 759 mrumis
3481 721 3580 760 nos

1991 785 2246 840 clariores
2283 785 2421 840 efﬁci
2465 796 2518 841 et
2545 788 2686 854 apud
2727 789 2912 853 Deum,
2954 800 3008 845 et
3051 792 3188 862 apud
3235 792 3500 858 homines.
3531 799 3578 851 si

1994 877 2134 945 ipsis
2197 891 2458 946 generose
2511 877 2650 933 ferre
2710 880 2958 937 sciamus.
3029 882 3236 937 Etenim
3289 885 3388 939 nisi
3438 888 3577 940 servi

1994 969 2219 1024 fuissent
2260 970 2342 1033 bi,
2368 971 2610 1038 ipsorum
2631 971 2927 1028 lilmrtatem
2966 991 3069 1028 non
3096 979 3528 1046 cognovissemus
3564 997 3576 1008 ·

1995 1063 2095 1115 nisi
2144 1063 2336 1131 captivi
2386 1062 2640 1128 fuissent,
2675 1082 2779 1119 non
2819 1081 3004 1121 eorum
3049 1069 3209 1122 animi
3249 1071 3576 1126 nobilitatem

1993 1153 2367 1208 didieissemus
2399 1173 2413 1209 :
2444 1157 2544 1209 nisi
2589 1157 2822 1210 inferiori
2874 1160 3038 1226 patria
3081 1161 3422 1228 excidissent,
3473 1180 3577 1218 non

1992 1245 2428 1314 Cognovissemus
2463 1263 2709 1318 superna:
2729 1250 2960 1303 civitatis
2989 1267 3106 1305 esse
3143 1251 3376 1321 ipsorum
3408 1254 3578 1312 virtu-

1995 1348 2103 1392 tem
2137 1356 2152 1393 :
2185 1339 2283 1392 nisi
2313 1348 2553 1394 terrenus
2599 1357 2688 1394 rex
2733 1342 2862 1412 ipsis
2901 1343 3088 1399 fuisset
3117 1345 3304 1409 iratus,
3348 1364 3452 1402 non
3479 1365 3576 1402 an-

1993 1430 2257 1485 disscmus
2304 1433 2751 1499 benevolentiam,
2803 1449 2964 1506 quam
3003 1437 3232 1492 emlestis
3285 1439 3396 1494 ilex
3453 1456 3577 1509 erga

1995 1520 2140 1589 ipsos
2171 1521 2408 1590 gerebat.

2066 1611 2120 1666 5.
2163 1611 2231 1665 Et
2257 1621 2319 1666 tu
2340 1614 2500 1682 igitur
2528 1614 2570 1668 si
2595 1615 2738 1669 illum
2771 1616 3091 1671 benevolum
3116 1617 3332 1683 habeas,
3373 1620 3578 1675 licetvin

1996 1702 2265 1756 fornacem
2314 1705 2495 1770 cadas,
2547 1723 2612 1762 ne
2653 1707 2948 1774 desperes:
2981 1710 3118 1764 sicut
3157 1711 3199 1765 si
3247 1723 3578 1776 suoeenseat»,

1995 1793 2119 1846 licet
2147 1793 2198 1846 in
2231 1794 2478 1861 paradiso
2505 1795 2598 1858 sis,
2629 1813 2695 1851 ne
2714 1798 2972 1852 confidas.
3015 1799 3226 1854 Etenim
3258 1801 3582 1870 iii-paradiso

1994 1892 2110 1938 erat
2138 1884 2325 1949 Adam,
2350 1897 2404 1938 et
2429 1898 2704 1956 poSlqttam
2737 1889 2899 1943 Deum
2942 1891 3190 1956 irritavit,
3232 1892 3358 1945 nihil
3392 1894 3585 1961 profuit

1995 1975 2271 2045 paradisus
2299 1996 2312 2032 :
2347 1977 2398 2032 in
2431 1977 2642 2033 fornace
2671 1991 2823 2034 erant
2854 1982 2960 2047 isti,
2991 1992 3043 2036 et
3073 1995 3348 2054 postquam
3370 2000 3428 2038 se
3450 1985 3584 2039 lwne

1995 2077 2293 2137 gesserunt,
2329 2070 2460 2124 nihil
2485 2069 2654 2124 obfuit
2681 2071 2888 2130 foruax.
2917 2073 2972 2126 In
2999 2074 3243 2142 paradiso
3259 2085 3371 2129 erat
3391 2076 3580 2139 Adam,

1995 2167 2050 2211 et
2077 2157 2201 2228 quia
2231 2160 2414 2229 segnis
2439 2170 2577 2225 erat,
2607 2164 2973 2231 supplantatus
3005 2166 3100 2218 fuit
3125 2184 3138 2218 :
3173 2168 3296 2219 limo
3325 2168 3583 2222 insidebat

1995 2246 2138 2315 Job,
2197 2257 2252 2304 et
2305 2251 2428 2320 quia
2476 2253 2766 2321 vigi!abat,
2831 2258 3120 2326 superavit.
3178 2259 3344 2328 Atqui
3386 2271 3582 2328 quanto

2000 2341 2278 2410 paradisus
2323 2352 2406 2397 est
2444 2343 2571 2398 fimo
2616 2346 2844 2400 melior?
2885 2348 2977 2401 sed
3021 2349 3149 2402 nihil
3182 2349 3282 2404 Ioei
3311 2351 3477 2403 virtus
3504 2353 3584 2403 iu—

1998 2430 2254 2486 habitanti
2305 2433 2522 2500 profuit,
2566 2447 2842 2506 postquam
2883 2439 3117 2507 seipsum
3171 2440 3258 2494 ille
3309 2443 3580 2508 prodidit:

1998 2522 2133 2576 sicut
2160 2537 2259 2577 nec
2289 2523 2389 2578 loci
2422 2523 2596 2580 vilitas
2627 2526 2822 2581 virtute
2851 2527 3082 2597 undique
3121 2530 3378 2584 munitum
3428 2531 3582 2586 lat-sit.

1999 2613 2066 2668 Et
2092 2629 2189 2668 nos
2211 2615 2369 2684 igitur
2398 2617 2628 2670 animam
2657 2627 2892 2671 nostram
2925 2621 3227 2674 muniamus
3251 2638 3264 2674 :
3295 2623 3407 2674 sive
3442 2622 3584 2676 enim

2001 2709 2342 2777 pecuniarum
2393 2711 2585 2765 mult-ta
2630 2712 2926 2778 immineat,
2969 2713 3086 2768 sive
3126 2729 3289 2780 mors,
3336 2715 3585 2782 pietatem

2002 2815 2130 2853 vero
2157 2799 2365 2857 auferat
2393 2817 2572 2866 nemo,
2602 2819 2788 2858 smnus
2812 2805 3058 2859 omnibus
3090 2807 3372 2861 beatiores.
3407 2808 3516 2862 lloc
3535 2818 3588 2862 et

1999 2890 2244 2946 Chiistns
2295 2893 2564 2948 mandavit
2611 2895 2794 2950 dicens
2833 2915 2846 2950 :
2898 2895 3074 2950 Estote
3114 2898 3269 2968 igitur
3320 2899 3588 2964 prudentis

1999 2981 2128 3034 sicut
2165 2994 2420 3050 serpentes
2457 2983 2669 3053 (Matth.
2709 2988 2792 3041 10.
2843 2988 2951 3056 l6).
2985 2989 3143 3043 'Sicut
3167 2990 3308 3043 enim
3341 2991 3430 3045 ille
3465 2993 3588 3045 reli-

2000 3087 2162 3141 quum
2184 3073 2369 3142 objicit
2395 3089 2611 3143 corpus,
2644 3086 2699 3130 ut
2727 3087 2888 3145 caput
2927 3090 3128 3141 Servet,
3161 3080 3238 3134 sic
3268 3089 3320 3134 et
3353 3091 3406 3135 ιιι
3432 3097 3445 3134 :
3476 3083 3589 3137 sive

2004 3163 2274 3234 pecunias,
2312 3166 2424 3220 sive
2462 3182 2678 3236 corpus,
2719 3169 2832 3222 sive
2874 3181 3190 3238 pratsentem
3235 3173 3426 3238 vitam,
3474 3176 3588 3229 sive

2001 3252 2183 3308 ouuiia
2215 3255 2459 3309 amittere
2488 3265 2752 3323 oporteat,
2779 3267 2834 3310 ut
2865 3259 3112 3327 pietatem
3136 3276 3442 3327 conserves,
3477 3264 3582 3316 noli

2003 3346 2224 3403 tristari.
2253 3346 2306 3401 Si
2335 3347 2478 3400 enim
2509 3347 2652 3402 illam
2693 3348 2892 3404 habens
2923 3351 3253 3419 migraveris,
3287 3371 3409 3407 omn
3433 3371 3462 3408 a
3494 3357 3584 3410 tibi

2001 3449 2122 3490 eum
2170 3437 2355 3503 majori
2392 3437 2528 3493 Deus
2570 3438 2810 3494 claritate
2855 3442 3130 3503 retribuet,
3165 3453 3218 3496 et
3244 3459 3438 3513 corpus
3465 3462 3587 3499 cum

2001 3527 2188 3597 majori
2216 3542 2424 3582 rursum
2470 3528 2638 3598 gloria
2679 3532 2942 3596 restituet,
2975 3541 3027 3586 et
3055 3548 3148 3602 pro
3177 3536 3416 3603 pecuniis
3453 3535 3588 3590 bona

2001 3633 2121 3685 qua:
2162 3618 2305 3673 nulla
2349 3619 2634 3674 verborum
2681 3621 2730 3674 vi
2780 3630 3000 3690 possunt
3041 3624 3289 3693 exprimi.
3321 3625 3509 3681 Nonne
3536 3628 3588 3682 in

2004 3708 2130 3763 lituo
2160 3709 2334 3764 nudus
2385 3711 2604 3766 sedebat
2629 3711 2750 3777 Job,
2785 3714 3076 3768 innumeris
3105 3717 3364 3771 mtirtibns
3383 3720 3590 3787 gravio-

2005 3816 2117 3855 rem
2147 3803 2417 3857 sustinens
2448 3803 2652 3857 vitam?
2681 3803 2786 3858 Sed
2810 3806 2930 3874 quia
2961 3807 3208 3876 pietatem
3240 3825 3344 3862 non
3374 3811 3586 3880 abjecit,

2003 3892 2180 3947 omnia
2230 3907 2351 3948 cum
2401 3893 2588 3964 majori
2633 3895 2782 3964 copia
2835 3897 3041 3950 redit-re
3089 3899 3294 3966 priora,
3350 3905 3590 3971 corporis

2003 3985 2206 4038 sanitas
2222 3993 2274 4038 et
2297 3985 2522 4052 species,
2552 3985 2727 4039 onmis
2749 3987 2977 4040 liliorum
3001 3998 3190 4050 emtas,
3224 3994 3588 4058 possessiones

2004 4090 2211 4140 omnes,
2235 4085 2289 4128 et
2317 4075 2462 4145 quod
2482 4077 2716 4130 omnium
2740 4080 3049 4143 maximum,
3080 4081 3353 4149 spiemlida
3381 4085 3586 4150 patien-

2007 4164 2092 4218 tia:
2121 4179 2338 4220 corona.
2370 4166 2518 4223 Sicut
2547 4167 2689 4223 enim
2718 4169 2768 4223 in
2789 4169 3068 4224 arboribus
3093 4172 3302 4237 accidit,
3328 4184 3384 4227 ut
3405 4175 3451 4228 si
3471 4177 3591 4244 quis

2005 4254 2233 4312 fructum
2259 4274 2379 4314 cum
2408 4259 2547 4314 foliis
2574 4259 2798 4324 auferat,
2829 4269 2883 4315 et
2912 4278 3088 4317 ramos
3111 4279 3296 4319 omnes
3329 4277 3588 4334 atttpttlrt,

2007 4349 2184 4406 radice
2225 4361 2493 4418 manente,
2528 4360 2634 4407 tota
2657 4369 2779 4407 cum
2810 4351 2996 4422 majori
3026 4354 3184 4408 etiam
3211 4367 3402 4410 ornatu
3430 4358 3591 4413 ιιι-ινιτ

2008 4451 2293 4512 resurgat:
2321 4442 2399 4498 sic
2440 4443 2652 4512 quidem
2692 4452 2747 4498 et
2784 4443 2836 4498 in
2885 4445 3062 4512 nobis,
3109 4447 3152 4502 si
3195 4449 3404 4518 pietatis
3434 4451 3584 4505 radix

2009 4543 2336 4601 permaneat,
2381 4535 2480 4589 etsi
2525 4534 2722 4590 divitiae
2762 4536 3091 4607 auferantur,
3137 4547 3193 4594 et
3219 4555 3413 4609 corpus
3462 4557 3585 4594 cor-

2007 4636 2316 4695 rumpatur,
2364 4627 2540 4680 oumia
2591 4644 2774 4683 rursus
2819 4631 2971 4685 nobis
3015 4647 3134 4685 cum
3177 4633 3361 4702 majori
3419 4633 3588 4704 gloria

2009 4717 2251 4770 redeunt.
2279 4717 2501 4772 Omnem
2539 4718 2696 4788 igitur
2732 4721 2925 4776 animm
2965 4722 3375 4778 sollicitudinem
3417 4737 3470 4779 et
3495 4743 3587 4779 su-

2009 4808 2262 4879 perfluam
2307 4827 2491 4865 curam
2521 4813 2852 4882 abjteientes,
2896 4815 2961 4869 ad
2993 4832 3088 4870 nos
3120 4817 3260 4888 ipsos
3287 4819 3588 4886 redeamus,

2007 4916 2198 4969 Corpus
2213 4911 2266 4956 et
2286 4902 2514 4957 animam
2534 4919 2785 4958 ornemns
2802 4907 3006 4960 virtutis
3023 4919 3356 4975 ornamento,
3375 4911 3477 4980 just
3491 4913 3591 4966 ‘tize

2006 5007 2176 5057 artua,
2204 4993 2296 5046 sed
2321 5009 2422 5048 non
2453 5011 2600 5049 arma
2626 4997 2858 5064 peccati;
2891 5001 3131 5067 corporis
3158 5003 3323 5056 nostri
3354 5003 3588 5056 membra

2007 5085 2319 5141 exhibentes
2347 5105 2358 5138 :
2391 5095 2444 5140 et
2483 5097 2607 5142 ante
2647 5089 2826 5142 otnnia
2872 5089 3106 5160 linguam
3145 5102 3203 5145 ut
3231 5092 3274 5145 si
3305 5095 3591 5160 spirituahs

2006 5177 2189 5246 gratia:
2219 5178 2456 5232 ministra
2486 5179 2842 5245 instituamus,
2868 5195 3025 5236 Omne
3045 5182 3186 5237 virus
3213 5192 3266 5237 et
3295 5184 3589 5252 malignius.

2011 5279 2115 5323 tem
2145 5284 2208 5324 ex
2235 5285 2330 5324 ore
2371 5269 2712 5338 projicicntes
2753 5280 2809 5326 et
2839 5274 3068 5343 turpium
3108 5275 3390 5330 verborum
3420 5277 3588 5329 medi-

2010 5361 2286 5415 tationem.
2310 5362 2518 5415 Etenim
2539 5363 2590 5416 in
2620 5371 2799 5418 nostra
2832 5374 3094 5433 potestate
3121 5373 3223 5427 est,
3253 5366 3586 5435 unumquod-

2008 5467 2112 5521 que
2133 5451 2492 5507 membrorum
2517 5464 2819 5510 nostrorum
2845 5457 2958 5511 sive
2985 5456 3217 5520 malitize,
3245 5457 3590 5525 sivejustftizr.

2010 5545 2420 5604 instrumentum
2452 5546 2641 5601 facere.
2675 5547 2813 5600 Audi
2856 5547 3013 5618 igitur
3039 5547 3306 5615 quomodo
3337 5547 3587 5620 linguam,

2011 5639 2060 5692 hi
2101 5639 2313 5707 quidem
2364 5640 2588 5708 peccati,
2635 5641 2708 5693 illi
2743 5654 2873 5692 vero
2896 5641 3114 5708 justitiae
3153 5655 3300 5694 arma
3329 5639 3584 5698 fecerunt.

2013 5729 2211 5801 Lingua
2253 5730 2474 5800 ipsorum
2523 5731 2723 5800 gladius
2765 5739 2942 5785 acutus
2988 5731 3156 5801 (l’sal.
3205 5732 3292 5787 56.
3321 5733 3397 5804 5).
3447 5735 3592 5788 Alter
