3892 6236
341 354 408 408 67
1057 336 1112 393 S.
1151 335 1424 391 JOANNIS
1463 329 1929 389 CIIRYSOSTOMI
1971 331 2287 385 MiClllEP.
2329 332 2856 387 CUNSTAN'I'INOI’.
3545 339 3618 394 08

344 469 468 506 vero
494 451 705 521 quidam
733 448 800 503 de
825 463 918 502 sua
945 447 1071 502 dicit
1098 447 1270 514 lingua
1293 463 1304 496 :
1332 444 1527 514 Lingua
1557 460 1664 495 mea
1691 443 1914 494 calamus

343 541 520 596 scribta
556 541 786 594 velociter
829 539 1082 592 scribentis
1127 536 1291 605 (Psal.
1333 535 1421 588 Η.
1467 534 1546 602 9.).
1597 533 1686 585 Ilia
1715 531 1914 584 cwdem

343 643 557 702 operata
586 641 687 699 est,
716 632 829 685 hare
852 632 1080 685 divinam
1106 629 1274 697 legem
1303 627 1564 681 scribebat
1594 644 1608 678 :
1639 633 1914 695 propterea

343 726 426 777 illa
457 724 665 793 quidem
712 723 932 791 gladius,
977 721 1209 774 calamus
1253 729 1425 770 autem
1473 717 1585 770 haec
1628 725 1760 777 erat,
1810 732 1914 768 non

342 815 631 868 secundmu
659 814 920 882 prepriam
941 821 1201 872 naturam,
1222 809 1312 860 sed
1340 807 1627 861 secundum
1657 805 1915 859 utentium

339 904 672 957 electionem.
724 901 939 969 Lingute
982 900 1122 953 enim
1171 909 1355 950 natura
1401 906 1452 948 «ιι
1502 897 1656 963 hujus
1682 905 1733 948 et
1777 894 1918 947 illius

339 1011 440 1047 una
475 1003 606 1056 erat,
635 992 869 1060 operatio
899 1001 1074 1043 autem
1107 1005 1210 1041 non
1259 1003 1379 1040 una.
1417 987 1478 1039 Et
1507 986 1574 1040 de
1604 1001 1698 1039 ore
1735 997 1920 1037 rursus

339 1085 478 1139 idem
523 1099 749 1138 cernere
794 1081 1178 1136 licet:eteuim
1226 1079 1278 1132 hi
1326 1077 1537 1147 quidem
1567 1077 1826 1129 habebant
1856 1089 1918 1127 os

337 1175 488 1228 sanie
535 1183 587 1227 et
627 1171 964 1239 improbitate
1013 1171 1262 1238 plenum;
1311 1175 1590 1236 prOpterea
1623 1165 1910 1218 incnsando

337 1265 548 1318 dicebat
600 1279 614 1315 :
667 1263 736 1316 Os
791 1263 1015 1328 ipsorum
1075 1259 1418 1311 nraledirtione
1474 1266 1520 1309 et
1585 1255 1920 1307 amaritudine

339 1355 542 1427 plenum
593 1365 664 1408 est
699 1353 870 1424 (Psal.
901 1353 983 1406 i5.
1015 1351 1066 1408 3)
1102 1369 1115 1405 :
1146 1350 1308 1418 ipsius
1360 1363 1486 1403 vero
1534 1363 1637 1401 non
1671 1347 1793 1408 tale,
1823 1345 1917 1399 sed

345 1448 415 1501 0s
451 1463 636 1511 meum,
693 1445 880 1513 inquit,
922 1443 1146 1513 loquetur
1190 1442 1506 1511 sapientium,
1565 1449 1609 1492 et
1662 1439 1916 1492 meditatio

343 1539 508 1590 cordis
537 1536 631 1588 mei
659 1535 970 1604 prudentium
1001 1532 1166 1601 (Psal.
1195 1533 1280 1584 43.
1316 1531 1389 1598 εί).
1417 1531 1515 1582 Alii
1548 1544 1672 1581 vero
1720 1543 1905 1582 rursus

338 1643 527 1683 ntatms
566 1626 832 1680 habebant
873 1623 1159 1693 iniquitatis
1191 1623 1389 1690 plenas,
1439 1631 1490 1673 et
1540 1620 1636 1672 hos
1660 1632 1913 1671 accusans

341 1736 526 1776 rursus
567 1717 815 1772 dicebat:
864 1714 929 1768 In
968 1715 1199 1766 manibus
1244 1714 1467 1779 ipsorum
1515 1711 1817 1780 iniquitates,
1867 1717 1914 1762 ct

343 1810 519 1862 dextra
544 1824 714 1861 eorum
743 1807 929 1875 repleta
955 1816 1022 1857 est
1047 1803 1328 1856 muneribus
1354 1801 1520 1874 (Psal.
1539 1803 1628 1856 “25.
1664 1801 1773 1871 10).
1800 1800 1916 1868 Ipse

341 1917 471 1955 vero
501 1915 685 1954 manus
725 1898 854 1952 nihil
883 1898 1021 1951 aliud
1051 1896 1244 1960 facere,
1277 1911 1432 1964 quam
1462 1895 1512 1948 in
1547 1893 1734 1950 caelum
1763 1893 1914 1961 erigi,

343 2001 581 2044 assuetas
612 1990 869 2053 habebat;
903 1989 1100 2042 idcirco
1127 1996 1178 2040 et
1205 1987 1269 2040 de
1301 1987 1382 2039 itis
1410 1987 1616 2039 dicebat
1645 2003 1657 2037 :
1687 1983 1917 2038 Eleratio

345 2097 584 2134 manuum
625 2097 845 2133 meorum
885 2079 1186 2147 sacri/icium
1233 2074 1916 2147 vespertinum(Psal.140.

342 2172 416 2241 2).
448 2171 503 2225 lu
543 2171 702 2226 corde
744 2186 951 2240 quoque
990 2170 1110 2222 licet
1151 2169 1286 2222 idem
1329 2166 1915 2236 videre;quorumdam

341 2265 483 2318 enim
511 2279 604 2317 cor
632 2280 820 2316 mnum
849 2272 948 2326 est,
993 2261 1147 2331 lmjus
1185 2271 1358 2315 autem
1387 2276 1602 2326 verum;
1633 2269 1915 2330 propterea

342 2355 410 2408 de
439 2355 540 2408 illis
565 2355 690 2408 dicit
715 2371 727 2406 :
761 2352 858 2407 Cor
879 2370 1049 2408 eorum
1078 2368 1258 2405 vanum
1287 2361 1358 2405 est
1389 2351 1559 2419 (Psul.
1590 2352 1642 2404 5.
1679 2350 1770 2417 10)
1797 2367 1810 2414 ;
1849 2349 1917 2404 de

344 2461 441 2497 suo
469 2454 665 2510 autem,
698 2443 958 2496 Eructarit
995 2460 1082 2495 cor
1115 2459 1275 2496 meum
1314 2442 1513 2495 verbum
1535 2443 1716 2494 bonum
1743 2440 1913 2511 (Psal.

344 2535 431 2589 44.
463 2536 539 2603 2).
569 2534 633 2588 Ει
675 2534 739 2588 de
785 2534 963 2587 auditu
1013 2549 1219 2586 rursum
1263 2533 1402 2586 idem
1433 2532 1612 2587 videre
1642 2532 1782 2586 licet.
1811 2531 1914 2584 Alii

344 2639 570 2693 namque
615 2624 899 2678 bestiarum
947 2623 1181 2676 auditmn
1241 2623 1506 2677 habebant
1553 2623 1806 2676 immitem
1862 2630 1916 2676 ct

342 2715 749 2785 implacabilem,
798 2724 852 2770 et
891 2716 1033 2784 ipsos
1057 2715 1359 2783 vituperans
1385 2716 1461 2769 sic
1489 2715 1698 2769 dicebat
1727 2732 1739 2766 :
1772 2715 1918 2768 Sicut

343 2808 535 2878 aspidis
560 2808 744 2872 surdw,
777 2816 820 2860 et
863 2807 1139 2859 obturantis
1177 2822 1322 2859 aures
1357 2821 1474 2860 suos
1503 2805 1672 2877 (Psai.
1697 2806 1786 2860 57.
1816 2805 1869 2874 5)
1899 2822 1912 2858 :

343 2900 509 2967 ipsius
545 2909 719 2952 autem
750 2897 960 2952 auditus
989 2897 1290 2951 divinorum
1340 2907 1454 2951 erat
1494 2897 1776 2951 verborum
1829 2913 1915 2951 re-

343 2990 702 3059 ceptaculum,
763 2999 817 3042 et
864 2989 964 3042 hoc
1025 2989 1195 3057 ipsum
1249 2988 1636 3054 manifestavit,
1686 2989 1914 3044 dicens:

345 3079 610 3133 lnclinabo
640 3080 692 3131 in
721 3079 1011 3148 parabolum
1037 3095 1209 3132 aurem
1237 3095 1412 3141 meam,
1443 3079 1664 3150 aperiant
1691 3079 1741 3131 in
1782 3079 1920 3149 psal-

345 3173 469 3226 terio
499 3171 885 3240 propositionem
909 3187 1065 3223 meam
1093 3164 1265 3235 (Psal.
1296 3165 1384 3220 48.
1415 3163 1490 3234 5).

416 3265 468 3316 6.
482 3261 688 3316 Moralis
708 3262 1082 3317 exltortatio.——
1104 3263 1226 3316 llaec
1249 3263 1404 3331 igitur
1421 3263 1668 3330 scientes,
1701 3279 1800 3318 nos
1821 3279 1919 3317 un-

349 3354 506 3424 dique
535 3355 724 3408 virtute
759 3355 1077 3418 muniamus,
1097 3363 1152 3408 et
1179 3355 1256 3407 sit:
1285 3355 1380 3408 Dei
1400 3356 1530 3408 iram
1556 3354 1872 3424 repellemus
1903 3373 1917 3410 :

351 3459 407 3500 et
432 3446 670 3514 corporis
693 3448 855 3500 nostri
883 3447 1116 3501 membra
1142 3448 1358 3516 justitite
1383 3463 1527 3501 arma
1553 3447 1834 3512 faciamus,
1866 3457 1919 3502 et

353 3538 563 3600 oculos,
595 3552 802 3600 manus,
823 3537 999 3605 pedes,
1033 3554 1146 3602 cor,
1177 3539 1406 3607 linguam
1448 3548 1501 3592 et
1540 3554 1698 3591 omne
1727 3553 1918 3606 corpus

348 3635 588 3682 nostrum
621 3637 677 3680 ut
707 3628 805 3681 soli
833 3627 1010 3680 virtuti
1036 3630 1162 3682 utile
1204 3632 1270 3682 sit
1300 3629 1631 3684 instituamus
1663 3647 1676 3683 :
1707 3640 1760 3684 et
1800 3631 1917 3683 illo.

350 3733 466 3770 rum
517 3717 672 3768 trium
698 3718 712 3746 ι
746 3717 1115 3781 recordemur,
1161 3718 1228 3771 de
1255 3719 1444 3785 quibus
1477 3721 1541 3772 ad
1568 3722 1935 3778 vesti-amaba-

348 3806 554 3859 ritatem
582 3805 741 3859 verba
768 3805 890 3870 feci,
920 3821 1109 3875 rogans
1139 3815 1195 3860 ut
1236 3807 1504 3860 inimicum
1527 3807 1790 3864 haberetis
1820 3827 1916 3865 ne-

353 3898 576 3963 minem,
597 3912 765 3966 neque
793 3897 1036 3967 cuiquam
1058 3913 1239 3952 eorum
1265 3900 1355 3968 qui
1382 3914 1476 3953 vos
1497 3900 1704 3953 tristitia
1730 3901 1920 3956 affece-

353 3991 479 4054 rint,
509 3989 913 4054 maledicatis,et
941 3992 1228 4058 improbam
1247 3990 1665 4060 juramentorum
1695 4009 1920 4050 consue-

347 4083 582 4137 tudinem
609 4098 674 4137 ex
691 4099 784 4138 ore
809 4095 988 4138 vestro
1016 4084 1256 4151 ejiciatis.
1288 4085 1350 4138 Et
1386 4094 1435 4140 te
1459 4085 1662 4140 duobus
1702 4088 1916 4157 quidem

345 4175 605 4228 mandatis
647 4173 704 4227 in
727 4174 830 4227 alio
858 4181 1092 4242 tempore
1118 4175 1438 4230 disseremus
1465 4193 1478 4229 :
1512 4193 1605 4245 per
1625 4177 1762 4234 hanc
1792 4195 1918 4235 vero

347 4264 727 4318 hebdomadam
769 4273 930 4318 totam
974 4266 1040 4319 de
1065 4265 1380 4334 juramentis
1414 4268 1562 4321 vobis
1591 4269 1849 4332 dicemus,
1883 4287 1912 4324 a

348 4354 569 4408 faciliori
596 4354 842 4408 mandato
891 4355 1098 4408 initium
1146 4357 1396 4410 facientes
1423 4372 1436 4408 :
1463 4372 1562 4411 nec
1598 4359 1738 4411 enim
1773 4361 1920 4413 labor

351 4446 488 4498 ullus
507 4453 586 4498 est
613 4447 1036 4514 juramentorum
1079 4449 1515 4503 consuetudinem
1568 4448 1783 4506 1vincere
1810 4492 1826 4519 ,
1872 4453 1917 4506 si

409 4620 425 4651 ¹
461 4627 563 4668 sav.
585 4627 638 4670 et
659 4633 784 4670 unus
805 4619 960 4671 codex
985 4634 998 4670 :
1025 4620 1198 4686 legunt.

2021 442 2242 496 velimus
2264 443 2340 496 vel
2367 459 2546 511 parum
2565 443 2866 511 impendere
2888 443 3066 508 studii,
3091 460 3186 497 nos
3210 443 3330 499 ἰηνῇ
3350 463 3436 500 em
3464 462 3616 499 eoin-

2031 532 2445 586 monefacientes
2465 575 2479 598 ,
2513 533 2855 588 admonentes
2877 576 2889 597 ,
2921 533 3268 589 observantes
3287 578 3300 599 ,
3341 538 3610 591 rationem

2021 632 2072 675 et
2092 638 2271 690 pcenas
2288 624 2445 688 abiis,
2467 625 2552 692 qui
2571 625 2713 678 obliti
2731 626 2938 688 fuerint,
2959 635 3276 694 repetentes.
3294 627 3420 693 Qum
3439 629 3611 693 enim,

2022 732 2222 784 quaeso,
2244 717 2479 769 ciborum
2503 717 2835 770 abstinentia:
2854 717 3072 780 utilitas,
3094 718 3189 770 nisi
3208 720 3473 787 improbas
3492 720 3610 772 ani-

2024 807 2091 858 mi
2116 806 2524 859 consuetudines
2551 807 2908 874 cxpcllamus?
2930 807 3066 860 Ecce
3087 807 3241 860 hodie
3270 817 3432 860 totam
3456 808 3602 875 jeju-

2025 897 2094 949 nii
2118 897 2254 949 diem
2285 898 2573 966 exegimus,
2598 908 2650 950 et
2681 913 2913 950 tnensam
2943 899 2990 950 in
3019 914 3236 966 vespera
3252 915 3603 968 apponemus,

2024 1004 2126 1040 non
2161 987 2422 1040 Ιιυειρτιιςιι
2450 987 2697 1052 similem,
2735 988 2826 1042 Sed
2852 994 3179 1042 immutatam
3229 999 3282 1043 et
3328 989 3605 1043 honestio-

2024 1095 2155 1130 retn.
2182 1077 2446 1145 Numquid
2475 1077 2632 1146 igitur
2661 1079 2776 1146 quis
2798 1089 3034 1132 nostrum
3062 1080 3240 1132 dicere
3266 1081 3423 1144 valet,
3445 1095 3503 1135 se
3529 1081 3608 1134 vi.

2027 1179 2130 1223 tam
2153 1184 2300 1222 suam
2331 1169 2485 1223 hodie
2507 1171 2639 1223 sicut
2671 1180 2723 1223 et
2746 1187 2981 1224 mensam
3014 1184 3265 1237 mutasse,
3309 1190 3367 1228 se
3396 1175 3600 1241 impro-

2023 1260 2142 1312 bam
2169 1261 2602 1313 consuetudinem
2630 1263 2761 1315 sicut
2786 1271 2839 1316 et
2859 1279 3030 1316 escam
3054 1265 3414 1318 convertisse?
3439 1265 3604 1334 Equi-

2023 1349 2143 1402 dem
2169 1367 2273 1402 non
2302 1361 2449 1419 puto.
2476 1351 2602 1417 Qum
2633 1352 2789 1420 igitur
2819 1354 2970 1407 nobis
2993 1355 3178 1422 jejunii
3211 1357 3437 1408 utilitas?
3478 1357 3606 1410 ldeo

2023 1439 2295 1503 exhortor,
2329 1451 2382 1494 et
2410 1441 2675 1494 exhortari
2730 1459 2833 1496 non
2861 1443 3122 1508 desinam,
3178 1455 3233 1498 ut
3264 1448 3602 1516 unumquod—

2024 1547 2127 1600 que
2149 1532 2451 1584 mamlatum
2507 1533 2773 1600 sigillatim
2805 1545 3163 1600 assumenles,
3195 1535 3328 1588 duos
3361 1537 3442 1589 vel
3492 1547 3605 1591 tres

2021 1621 2136 1676 dies
2159 1622 2223 1674 ad
2250 1621 2417 1690 ipsum
2443 1623 2762 1691 implendum
2788 1625 3118 1693 impendatis.
3137 1626 3200 1679 Et
3229 1627 3363 1679 sient
3382 1627 3602 1694 quidam

2021 1725 2143 1768 sunt
2171 1717 2307 1770 inter
2327 1732 2383 1770 se
2407 1718 2642 1770 ciborum
2672 1718 2984 1771 abstinentia
3007 1719 3333 1781 temulentos,
3359 1728 3409 1771 et
3432 1719 3603 1772 mira-

2023 1805 2181 1858 bilem
2201 1808 2596 1860 contentionem
2628 1806 2879 1861 facientes
2907 1824 2920 1859 :
2953 1817 3005 1861 et
3032 1807 3082 1860 hi
3110 1808 3322 1876 quidem
3362 1809 3604 1877 integros

2021 1894 2155 1948 duos
2175 1895 2288 1949 dies
2319 1895 2612 1964 transigunt
2644 1896 2840 1964 jejuni,
2893 1896 2944 1949 hi
2973 1911 3097 1950 vero
3123 1913 3228 1949 non
3259 1899 3363 1949 vini
3393 1906 3601 1949 tantum

2023 1994 2076 2039 et
2113 1986 2238 2050 olei,
2262 1986 2355 2040 sed
2382 1996 2433 2040 et
2464 1988 2634 2040 omnis
2680 1987 2860 2040 ferculi
2889 2003 3039 2039 usmn
3097 2003 3123 2038 a
3147 2003 3238 2039 sua
3263 2003 3444 2040 mensa
3469 1986 3603 2054 reji-

2022 2077 2242 2143 cientes,
2274 2093 2412 2147 pane
2440 2088 2493 2130 et
2519 2093 2649 2146 aqua
2682 2086 2893 2132 utentes
2921 2077 3212 2143 dumtaxat,
3243 2077 3603 2144 Quadragesi-

2021 2185 2161 2223 mam
2189 2184 2399 2222 munem
2422 2170 2742 2238 expediunt:
2772 2172 2848 2224 sic
2869 2178 2921 2224 et
2962 2185 3059 2223 nos
3089 2181 3270 2223 mutuo
3297 2169 3603 2223 contenda-

2023 2277 2163 2326 mus,
2214 2270 2271 2314 ιιι
2308 2262 2726 2329 juramentorum
2776 2262 3122 2330 frequentiam
3180 2261 3424 2314 tollamus
3457 2259 3605 2312 :hoc

2023 2352 2164 2406 enim
2193 2352 2335 2404 omni
2362 2350 2562 2420 jejunio
2592 2352 2794 2417 utilius,
2838 2353 2937 2405 hoc
2965 2351 3108 2404 omni
3139 2351 3262 2404 vitm
3313 2350 3606 2418 asperitate

2024 2440 2344 2494 fructuosius
2367 2459 2380 2495 :
2408 2449 2461 2496 et
2490 2441 2717 2496 studium
2739 2441 2878 2512 quod
2903 2442 3040 2496 circa
3061 2443 3297 2495 ciborum
3325 2441 3600 2495 abstinen-

2027 2533 2152 2586 tiam
2176 2532 2450 2598 habemus,
2486 2533 2586 2588 hoe
2613 2535 2751 2588 circa
2775 2538 3192 2603 juramentornm
3224 2533 3601 2589 abstinentiam

2021 2626 2648 2694 exhibeamuszquoniam
2671 2633 2920 2680 extremae
2937 2626 3218 2680 dementia:
3243 2626 3441 2680 crimen
3461 2627 3602 2681 sub-

2021 2718 2177 2783 imus,
2209 2715 2472 2787 prohibita
2513 2717 2724 2786 quidem
2775 2727 3193 2782 contemnentes,
3220 2718 3356 2770 circa
3387 2716 3603 2770 indiffe-

2025 2810 2196 2864 rentia
2246 2824 2373 2863 vero
2424 2824 2583 2863 omne
2625 2808 2856 2863 studium
2911 2807 3266 2863 adhibentes:
3317 2808 3604 2862 comedere

2029 2901 2171 2956 enim
2198 2917 2302 2954 non
2329 2909 2408 2954 est
2437 2900 2736 2962 inhibitum,
2764 2899 2942 2968 jurare
2967 2915 3092 2954 vero
3133 2899 3453 2969 prohibitum
3481 2908 3585 2965 est;

2024 3007 2121 3046 nos
2140 3002 2313 3046 autem
2332 3007 2360 3044 a
2387 2992 2654 3046 concessis
2672 2991 3019 3054 abstinentes,
3036 2989 3297 3059 prohibita
3315 2988 3598 3043 audemus.

2024 3082 2867 3151 Proptereacharitatemvestram
2888 3095 2952 3134 ex
2996 3090 3159 3145 ortor,
3183 3091 3236 3134 ut
3259 3081 3486 3150 aliquam
3516 3081 3602 3133 fa-

2023 3172 2174 3225 ciatis
2197 3173 2562 3234 mutationem,
2591 3181 2644 3223 et
2674 3170 2795 3224 hinc
2827 3171 3139 3239 principium
3175 3171 3323 3225 nobis
3351 3169 3605 3225 ostenda-

2024 3262 2108 3314 tis.
2132 3261 2184 3314 Si
2207 3261 2345 3314 enim
2369 3276 2487 3313 cum
2513 3268 2658 3312 tanto
2687 3275 2920 3327 praisens
2946 3262 3196 3330 jejunium
3227 3263 3402 3317 studio
3421 3273 3607 3316 trans-

2023 3355 2306 3422 egerimus,
2339 3353 2435 3406 hac
2467 3352 2676 3421 quidem
2719 3353 3068 3418 hebdomade,
3097 3363 3154 3407 ut
3184 3369 3248 3408 ne
3269 3356 3484 3409 omnino
3512 3355 3608 3424 ju-

2023 3458 2223 3508 remus,
2245 3442 2557 3509 efficientes,
2583 3445 2821 3512 sequenti
2847 3459 2972 3497 vero
3001 3445 3129 3498 iram
3167 3446 3564 3515 exstinguentes
3581 3485 3601 3511 ,

2025 3535 2262 3589 ulteriori
2307 3545 2485 3588 autem
2515 3535 2894 3590 detractionem
2933 3537 3186 3590 radicitus
3233 3537 3568 3592 destruentes
3584 3579 3610 3605 ,_

2024 3636 2077 3679 et
2099 3635 2217 3695 post
2245 3627 2408 3695 ipsam
2427 3625 2526 3679 alia
2551 3641 2733 3680 rursus
2755 3627 2901 3695 plura
2919 3628 3277 3698 eorrigentes;
3309 3630 3376 3682 ita
3397 3630 3603 3684 sensim

2027 3716 2444 3785 progredientes,
2469 3717 2720 3784 paulatim
2748 3717 2812 3770 ad
2845 3717 3013 3786 ipsum
3045 3720 3250 3772 virtutis
3275 3720 3480 3773 culmen
3503 3735 3604 3774 ve-

2027 3806 2254 3868 niemus,
2281 3821 2515 3874 pra'sens
2543 3805 2801 3875 fugiemus
2821 3807 3128 3875 periculum,
3155 3809 3318 3863 Deum
3339 3809 3604 3878 placntum

2025 3897 2306 3950 reddemus
2336 3915 2348 3949 :
2379 3907 2431 3950 et
2457 3897 2738 3951 multitudo
2762 3912 2944 3951 rursus
2981 3899 3045 3951 ad
3077 3915 3172 3952 nos
3203 3908 3260 3954 et
3305 3900 3368 3953 ad
3414 3902 3606 3955 urbem

2025 3988 2359 4056 regredietur
2388 4006 2401 4041 :
2437 3998 2560 4042 tunc
2591 3989 2708 4057 fuga
2731 3991 2906 4057 lapsos
2935 3989 3271 4056 docebimus,
3318 4007 3429 4046 non
3459 3991 3609 4046 loco.

2027 4095 2143 4132 rmn
2171 4079 2467 4145 inlinimini,
2490 4093 2588 4134 nec
2609 4078 2811 4149 refugio
2832 4092 2880 4133 et
2914 4082 3160 4144 recessui,
3181 4081 3274 4135 sed
3294 4082 3454 4135 animi
3487 4083 3606 4151 pie-

2031 4171 2120 4222 tati
2147 4179 2199 4222 et
2220 4185 2422 4222 morum
2447 4171 2626 4223 virtuti
2645 4171 2830 4224 salutis
2852 4181 3045 4224 nostra:
3075 4186 3222 4240 spem
3243 4173 3602 4227 committere.

2027 4260 2202 4328 Atque
2232 4261 2298 4314 ita
2333 4261 2440 4327 fiet,
2470 4272 2525 4315 ut
2553 4273 2606 4315 et
2633 4261 2786 4331 hujus
2812 4264 2930 4316 vita:
2951 4272 2999 4316 et
3040 4263 3180 4317 illius
3227 4264 3415 4317 futura:
3467 4264 3604 4316 bona

2025 4367 2403 4420 assequamur,
2441 4353 2629 4421 quibus
2685 4369 2782 4406 nos
2809 4367 2992 4407 omnes
3037 4353 3226 4420 dignos
3269 4353 3379 4406 fieri
3427 4353 3602 4420 detur,

2025 4443 2192 4509 gratia
2225 4451 2278 4494 et
2309 4442 2628 4512 benignitate
2674 4443 2879 4496 Domini
2911 4444 3074 4497 nostri
3099 4443 3225 4497 .lesu
3247 4444 3441 4497 Christi
3465 4485 3477 4506 ,
3513 4460 3612 4512 per

2024 4547 2179 4598 quem
2206 4540 2404 4586 etcum
2439 4549 2544 4602 quo
2591 4535 2730 4587 Patri
2774 4535 2934 4603 gloria
2975 4551 3076 4588 una
3121 4550 3239 4588 cum
3278 4547 3460 4588 saneto
3485 4535 3608 4602 Spi-

2024 4622 2128 4676 ritu
2152 4639 2292 4678 nunc
2317 4635 2369 4678 et.
2388 4639 2620 4692 semper,
2651 4635 2704 4679 et
2747 4625 2796 4679 in
2820 4627 3010 4681 saecula
3037 4629 3370 4682 surculorum.
3413 4628 3606 4684 Amen.

3443 4785 3612 4797 al...-

350 4883 576 4927 ITIDEM
619 4881 1027 4925 EXHORTATIO
1069 4882 1154 4925 AD
1197 4883 1490 4928 POPULUM
1534 4887 1615 4928 DE
1656 4889 1982 4934 GENEBOSE
2026 4892 2335 4936 FERENDIS
2403 4895 2868 4938 IMMINENTIBUS
2911 4895 3109 4948 MINIS,
3167 4897 3296 4938 CUM
3352 4898 3604 4939 ΗΔΒΕΔΤ

428 4982 598 5027 SATIS
645 4983 857 5026 MULTA
899 4983 1197 5027 EXEMPLA
1261 4985 1348 5027 EX
1389 4985 1467 5029 IIS
1511 4987 1654 5039 ρυλε
1697 4990 1989 5033 EVENEBE
2033 4993 2114 5034 ET
2155 4994 2267 5036 θοις
2338 4995 2418 5037 ΕΤ
2462 4996 2762 5039 Νικιγιτιε
2814 4999 2828 5036 ε
2877 4997 3046 5048 QUOD
3090 4999 3201 5040 NON
3279 4999 3603 5042 OPORTEA'I

426 5083 667 5127 τιδιεῆιέ
710 5081 998 5140 MORTEM,
1043 5084 1158 5127 εει)
1196 5085 1525 5130 PECCATUM

431 5183 767 5228 FUGIENDIS
801 5184 816 5225 ς
849 5183 929 5226 ΕΤ
969 5183 1034 5228 IN
1078 5185 1304 5228 ΤΕΒιὶἆί
1347 5187 1597 5230 ΗΟΤυΜ.

1574 5090 1588 5129 :
1634 5088 1788 5142 QUID
1829 5092 1916 5134 su

2026 5094 2126 5135 ηε
2171 5093 2327 5136 MORI
2375 5098 2391 5151 ;
2439 5097 2518 5137 ET
2571 5097 2651 5138 DE
2706 5099 3100 5141 JURAMENTIS
3144 5101 3302 5143 OMNI
3373 5101 3609 5143 ετυωο

1640 5354 2324 5397 “occa—~—

995 5493 1211 5534 IOIILIA
1249 5492 1305 5532 ν.

431 5614 479 5668 i.
523 5612 704 5668 Trium
735 5628 1020 5682 puerorum
1060 5620 1112 5666 et
1142 5609 1476 5682 Babyloniam
1519 5609 1746 5666 fornacis
1771 5628 1929 5666 enar-

363 5710 494 5763 ratio
526 5707 873 5776 aiiquateuus,
902 5713 957 5761 ιιι
980 5705 1204 5771 videtur,
1234 5711 1460 5759 vestram
1482 5701 1927 5764 hcricharitatem

2036 5483 2304 5537 consolata
2329 5483 2444 5549 fuit,
2471 5483 2874 5554 insuper-autem
2893 5497 2946 5540 et
2974 5486 3150 5542 deJob
3171 5489 3472 5556 exemplum
3496 5492 3534 5555 ',
3567 5503 3618 5544 et

2037 5578 2191 5630 [intus
2220 5579 2362 5631 omni
2384 5577 2574 5632 throno
2593 5579 2736 5648 regio
2767 5579 3134 5633 venerabilior.
3156 5582 3231 5636 Ex
3258 5581 3433 5636 throni
3465 5594 3610 5636 nam~

2097 5718 2112 5749 ⁸
2147 5717 2338 5777 Quidam
2359 5726 2482 5782 post,
2525 5719 2610 5772 Job
2631 5718 2922 5784 exemptum,
2943 5720 3122 5772 addunt
3146 5735 3159 5771 :
3181 5723 3234 5771 Et
3258 5723 3453 5772 vulnera
3463 5718 3612 5785 justi.
