3932 6222
353 306 424 363 συ
1137 304 1195 360 5.
1234 301 1521 360 JOANNIS
1559 297 2052 357 CIIRYSOSTOMI
2095 295 2419 353 ARCIIIEP.
2460 293 3011 352 CONSTANTINOP.
3735 285 3805 339 70

353 419 583 491 κοπρίαν
633 419 759 472 ίδεῖν
797 417 889 473 τοῦ
939 418 1060 472 Ἰὼϐ
1113 419 1292 472 πᾶσάν
1337 435 1420 481 τις
1475 416 1686 482 δέξεται
1733 415 2022 485 ὠφέλειαν,

352 507 447 560 καὶ
478 505 792 575 φιλοσοφίαν
831 505 1031 577 πολλήν
1054 547 1068 569 ,
1109 507 1204 558 καὶ
1239 504 1584 576 παράκλησιν
1623 505 1703 566 είς
1746 503 2025 572 ὑπομονῆς

351 594 528 663 λόγον.
563 592 663 646 Διά
710 593 862 646 τοῦτο
894 593 1078 646 πολλοὶ⁸
1119 591 1218 646 νῦν
1265 592 1478 662 μακράν
1510 607 1630 644 τινα
1675 590 1768 643 καὶ
1799 588 2018 642 διαπόν-

349 698 465 736 τιον
508 682 814 753 ἀποδημίαν
859 682 1168 735 στέλλονται
1199 678 1308 734 ἀπὸ
1332 679 1442 734 τῶν
1481 678 1734 750 περάτων
1771 677 1870 746 τῆς
1917 675 2043 745 γῆςδ

349 770 429 832 είς
465 769 564 840 τὴν
603 769 858 841 ’Δραϐίαν
890 769 1205 839 τρέχοντες,
1253 767 1342 820 ῖνα
1377 767 1476 838 τὴν
1525 767 1758 835 κοπρίαν
1807 763 2024 833 ἐκείνην

351 857 536 921 εδωσι,
574 857 667 910 καὶ
697 856 1024 926 θεασάμενοι
1073 855 1487 925 καταφιλήσωσι
1525 854 1624 924 τὴν
1667 852 1768 922 γῆν
1813 851 1913 920 τὴν
1956 847 2024 902 τὰ

349 944 648 1015 σκάμματα
699 943 801 996 τοῦ
842 943 1157 1012 στεφανίτου
1206 941 1508 1013 δεξαμένην
1546 940 1790 1002 ἐκείνου,
1829 938 1922 992 καὶ
1962 937 2024 990 τὸ

347 1029 570 1100 χρυσίου
601 1029 801 1092 παντὸς
832 1029 1158 1100 τιμιώτερον
1180 1023 1340 1099 αἷμα.
1379 1027 1512 1080 Ούδέ
1545 1025 1654 1096 γάρ
1680 1023 1850 1087 οὕτως
1875 1021 2022 1075 ἐστὶν

346 1119 602 1191 ἁλουργὶς
630 1119 857 1192 λαμπρά
876 1160 891 1182 ,
926 1120 1002 1184 ὡς
1026 1120 1087 1172 τὸ
1109 1119 1267 1189 σῶμα
1297 1118 1474 1170 ἐκεῖνο
1505 1116 1626 1169 τότε
1657 1113 1982 1169 ἀπέστιλϐεν
2003 1154 2018 1178 ,

345 1208 446 1261 οὑκ
472 1207 770 1279 ἀλλοτρίῳ,
821 1207 936 1261 ἀλλ’
987 1206 1172 1277 οἰκείῳ
1214 1203 1608 1275 βαπτιζόμενον
1663 1202 1879 1272 αἵματι.
1915 1201 2022 1254 Καὶ

343 1297 412 1350 τά
445 1297 734 1368 τραύματα
780 1297 838 1350 δὲ
888 1299 1070 1349 ἐκεῖνα
1105 1295 1358 1348 ἁπάντων
1389 1293 1551 1346 λίθων
1583 1287 1650 1361 ἦν
1697 1288 2018 1360 τιμιώτερα.

343 1384 715 1456 Μαργαριτῶν
762 1385 861 1455 μὲν
890 1384 998 1454 γὰρ
1032 1382 1194 1453 φύσις
1223 1382 1375 1435 οὐδὲν
1403 1380 1495 1433 τὸν
1536 1379 1648 1449 βίον
1693 1377 1895 1446 ὠφελεῖ
1929 1378 2021 1431 τὸν

344 1471 612 1545 ἡμέτερον
633 1513 647 1538 ,
686 1473 807 1525 οὑδὲ
837 1472 1027 1542 χρείαν
1060 1472 1184 1524 τινὰ
1233 1468 1432 1541 πληροῖ
1468 1470 1580 1530 τοῖς
1607 1466 1820 1538 ἔχουσιν
1856 1465 2019 1534 ἀναγ-

344 1560 538 1613 καίαν·
575 1558 646 1612 τά
691 1560 749 1612 δέ
803 1558 1095 1631 τραύματα
1143 1559 1327 1611 ἐκεῖνα
1381 1556 1560 1626 πάσης
1614 1551 1853 1624 ἀθυμίας
1906 1554 2020 1606 ἐστὶ

343 1649 710 1719 παράκλησις.
748 1649 858 1702 Καὶ
906 1648 993 1701 ἵνα
1038 1645 1252 1718 μάθῃς,
1291 1646 1373 1698 ὅτι
1410 1643 1567 1699 τοῦτό
1617 1645 1764 1695 ἐστιν
1801 1640 2018 1710 ἀληθὲς,

341 1733 438 1788 ἐὰν
469 1735 715 1806 ἀποϐάλῃ
741 1753 824 1798 τις
853 1735 968 1788 υἱὸν
994 1735 1215 1805 γνήσιον
1247 1733 1342 1787 καὶ
1375 1731 1658 1804 μονογενῆ,
1681 1729 1851 1795 δεῖξον
1873 1727 2022 1799 αὐτῷ

346 1823 574 1894 μυρίους
627 1821 1003 1895 μαργαρίτας,
1050 1822 1145 1876 καὶ
1201 1822 1261 1874 o6
1300 1819 1672 1891 παραμυθήσῃ
1717 1817 1777 1870 τὸ
1826 1816 2018 1880 πάθος,

340 1910 465 1962 οὑδέ
500 1909 856 1981 θεραπεύσεις
890 1911 990 1983 τὴν
1014 1910 1205 1980 ὀδύνην
1230 1926 1243 1940 ο
1275 1910 1595 1980 ἀναμνήσας
1626 1907 1683 1960 δέ
1720 1905 1880 1960 αὑτὸν
1912 1905 2021 1958 τῶν

340 1997 672 2068 τραυμάτων
697 1997 790 2050 τοῦ
837 1996 957 2052 Ἰὼϐ
976 2037 991 2061 ,
1027 1997 1223 2069 ῥαδίως
1254 1995 1460 2067 δυνήσῃ
1499 1992 1853 2064 θεραπεῦσαι,
1877 1991 2021 2045 οὓτω

340 2085 514 2154 λέγων
539 2103 551 2116 ·
587 2087 664 2138 Τί·
691 2085 906 2149 πενθεῖς
934 2086 981 2148 ⁸,
1019 2084 1312 2156 άνθρωπε;
1346 2085 1410 2136 σὺ
1449 2082 1549 2154 μέν
1583 2081 1772 2134 τέκνον
1812 2079 2020 2134 ἀπέϐαι-

339 2174 430 2238 λες
457 2175 546 2239 ἒν,
574 2176 603 2226 6
641 2175 697 2227 δὲ
728 2175 998 2246 μακάριος
1031 2175 1237 2237 ἐκεῖνος
1272 2171 1410 2244 μετά
1440 2172 1502 2224 τὸ
1535 2171 1644 2223 τῶν
1671 2170 1875 2224 παίδων
1903 2170 2021 2223 ὁλό-

339 2262 541 2333 κληρον
577 2261 942 2334 ἀφαιρεθῆναι
971 2261 1062 2321 τδν
1109 2259 1274 2341 χορὸν
1321 2259 1415 2311 καὶ
1446 2259 1583 2328 αὑτῇ
1618 2261 1683 2328 τῇ
1714 2258 1875 2329 σαρκὶ
1918 2259 2020 2329 τὴν

339 2349 553 2421 πληγὴν
583 2350 828 2414 ἐδέξατο,
860 2351 954 2403 καὶ
982 2351 1190 2420 γυμνὸς
1241 2348 1335 2401 ἐπὶ
1378 2348 1475 2420 τῆς
1525 2348 1760 2417 κοπρίας
1785 2346 2021 2418 ἐκάθητο

341 2436 498 2507 ίχῶρι
522 2437 785 2492 πάντοθεν
811 2437 1249 2507 καταρρεόμενος
1269 2475 1286 2500 ,
1315 2435 1454 2488 κατά
1496 2434 1692 2504 μικρὸν
1741 2433 1891 2503 αὐτῷ
1920 2437 2019 2504 τῆς

343 2524 548 2592 σαρκὸς
577 2523 976 2594 δαπανωμένης
996 2563 1013 2589 ,
1044 2524 1075 2575 6'
1103 2523 1311 2584 δίκαιος
1335 2561 1350 2587 ,
1381 2525 1410 2576 6
1450 2520 1702 2589 ἀληθινὸς
1726 2561 1741 2585 ,
1781 2523 1809 2575 6
1837 2520 2020 2574 θεοσε-

337 2610 470 2681 ϐὴς,
505 2611 534 2663 6
573 2609 912 2681 ἀπεχόμενος
957 2608 1067 2665 ἀπδ
1099 2608 1300 2671 παντδς
1338 2606 1577 2678 πονηροῦ
1603 2607 1961 2679 πράγματος,
1991 2611 2020 2662 6

338 2699 434 2751 καί⁵
475 2697 607 2750 Θεὸν
663 2696 917 2766 μάρτυρα
959 2695 1060 2765 τῆς
1109 2694 1310 2766 ἀρετῆς
1358 2694 1517 2764 ἔχων.
1556 2694 1653 2746 Ἂν
1690 2693 1800 2765 γάρ
1845 2693 2019 2748 ταῦτα

337 2783 498 2852 εἴπῃς
528 2781 597 2835 τὰ
629 2782 850 2852 ῥήματα
873 2819 890 2846 ,
936 2782 1116 2834 πᾶσαν
1163 2779 1393 2844 ἔσϐεσας
1436 2779 1531 2832 τοῦ
1567 2779 1888 2842 πενθοῦντος
1919 2781 2022 2850 τὴν

336 2869 614 2939 ἀθυμίαν,
655 2869 750 2922 καὶ
801 2869 978 2921 πᾶσαν
1029 2867 1236 2932 ἀνεῖλες
1279 2868 1378 2940 τὴν
1407 2867 1599 2936 όδᾶνην
1623 2908 1638 2933 ,
1685 2868 2018 2936 καὶγίνεται

336 2955 480 3012 οὕτω
508 2955 899 3028 χρησιμώτερα
952 2954 1306 3029 μαργαριτῶν
1349 2955 1419 3007 τὰ
1469 2955 1758 3026 τραύματα
1794 2957 1888 3009 τοῦ
1935 2957 2016 3008 δι-

338 3043 517 3097 καίου.
577 3043 959 3114 Ὑπογράψατε
1014 3042 1191 3095 τοίνυν
1248 3043 1462 3106 ἑαυτοῖς
1513 3042 1602 3094 τὸν
1654 3041 1891 3114 ἀθλητήν
1926 3043 2019 3096 καὶ

339 3130 529 3198 ὑμεῖς,
568 3129 663 3188 καὶ
694 3127 946 3201 νομίζετε
995 3127 1214 3199 βλέπειν
1261 3129 1360 3198 τὴν
1389 3129 1622 3199 κοπρίαν
1647 3128 1881 3200 ἐκείνην,
1925 3130 2019 3183 καὶ

337 3215 499 3271 αὑτὸν
524 3217 582 3269 ἐν
615 3216 764 3287 μέσῳ
789 3215 1096 3286 καθήμενον
1122 3215 1149 3255 ι)
1191 3215 1288 3286 τῆς
1315 3215 1547 3286 κοπρίας
1569 3255 1583 3280 ,
1617 3214 1708 3268 τὸν
1729 3215 2019 3286 ἀνδριάντα

336 3303 429 3355 τὸν
458 3302 715 3375 χρυσοῦν,
746 3303 839 3356 τὸν
863 3302 1101 3360 διάλιθον
1122 3342 1136 3366 ,
1161 3303 1251 3355 τὸν
1281 3301 1398 3366 πῶς
1427 3302 1567 3356 εἴπω
1589 3303 1690 3356 οὑκ
1722 3299 1838 3357 οἶδα
1858 3322 1870 3334 ·
1899 3304 2019 3357 ούδέ

336 3390 446 3462 γάρ
490 3391 598 3464 ἔχω
639 3392 826 3462 τιμίαν
875 3391 1048 3454 οῦτως
1091 3391 1224 3462 ’ὑλην
1253 3391 1467 3462 εὑρεῖν,
1514 3390 1588 3454 ὡς
1626 3391 1921 3462 δυνηθῆναι
1957 3395 2018 3446 τὸ

337 3478 655 3550 ᾑμαγμένον
701 3481 876 3532 ἐκεῖνο
923 3477 1082 3548 σῶμα
1124 3477 1457 3548 παραϐαλεῖν
1487 3494 1501 3508 ·
1535 3477 1677 3532 οὕτω
1709 3479 1801 3532 καὶ
1839 3480 2020 3550 πάσης

339 3564 453 3635 [60]
487 3565 618 3634 ὕλης
645 3564 1090 3635 τιμαλφεστάτης
1128 3565 1193 3616 ἐκ
1226 3563 1424 3616 πολλοῦ
1459 3562 1556 3616 τοῦ
1597 3564 1881 3635 περιόντος
1919 3565 2019 3635 τῆς

340 3651 541 3720 σαρκὸς
592 3650 815 3722 ἐκείνης
850 3652 884 3720 ἡ
927 3649 1088 3719 φύσις
1130 3645 1199 3720 ῆν
1239 3651 1570 3720 τιμιωτέρα,
1605 3650 1700 3704 καὶ
1741 3651 1812 3703 τὰ
1847 3653 2017 3724 τραύ-

341 3755 486 3808 ματα
517 3737 626 3789 τῶν
656 3736 898 3806 ἡλιακῶν
925 3735 1160 3791 ἀκτίνων
1192 3736 1518 3808 φαιδρότερα
1537 3753 1550 3769 ο
1583 3732 1743 3792 αὗται
1779 3739 1878 3810 μὲν
1911 3739 2020 3812 γάρ

337 3827 436 3889 τὰς
487 3823 580 3878 τοῦ
643 3822 893 3894 σώματος
926 3821 1365 3892 καταυγάζουσιν
1396 3824 1566 3893 ὄψεις,
1609 3825 1792 3878 ἐκεῖνα
1836 3825 1892 3878 δὲ
1920 3828 2019 3897 τῆς

337 3913 578 3976 διανοίας
616 3912 772 3982 ἡμῶν
809 3910 1036 3983 φωτίζει
1065 3912 1133 3965 τά
1157 3911 1402 3982 ὄμματα,
1437 3913 1620 3967 ἐκεῖνα
1651 3913 1905 3981 καθάπαξ
1928 3915 2020 3967 τὸν

336 4003 582 4061 διάϐολον
609 4000 990 4070 ἀπετύφλωσε.
1025 3999 1127 4054 Διά
1147 3999 1278 4068 γοῦν
1302 3998 1480 4064 τοῦτο,
1513 3999 1653 4072 μετά
1676 4001 1774 4071 τὴν
1804 4000 2026 4072 πληγὴν,

339 4090 556 4161 ἐκείνην
583 4089 904 4160 ἀπεπήδησε
931 4127 946 4152 ,
1000 4088 1095 4143 καὶ
1125 4087 1225 4140 οὐκ
1257 4087 1428 4158 ἐφάνη
1472 4087 1677 4140 λοιπόν.
1723 4089 1797 4141 Σὺ
1840 4088 1899 4142 δέ
1930 4105 2020 4158 μοι

339 4176 667 4238 κάντεῦθεν,
695 4173 986 4243 ἀγαπητέ,
1025 4172 1263 4244 μάνθανε
1312 4173 1373 4225 τὸ
1418 4172 1518 4242 τῆς
1569 4172 1800 4241 θλίψεως
1832 4173 2020 4244 κέρδος

339 4263 507 4316 πόσον
551 4262 719 4316 ἐστίν.
779 4261 974 4314 Ἤνίκα
1032 4260 1132 4330 μὲν
1164 4260 1274 4330 γάρ
1330 4259 1578 4313 ἐπλούτει
1640 4261 1734 4313 καὶ
1781 4262 2019 4329 ἀνέσεως

338 4351 619 4422 ἀπήλαυεν
670 4352 698 4403 6
731 4349 974 4414 δίκαιος,
1009 4349 1315 4402 διαϐάλλειν
1373 4349 1528 4418 ἔσχεν
1575 4349 1738 4403 αὑτὸν
1763 4391 1776 4412 ,
1810 4350 2021 4420 ψευδῶς

341 4441 461 4509 μὲν,
496 4439 622 4509 ἔσχε
662 4438 709 4491 δ’
740 4433 834 4491 οῦν
868 4438 1016 4506 ὅμως
1050 4437 1224 4490 εἰπεῖν
1251 4454 1264 4467 ’
1297 4435 1392 4502 Μὴ
1429 4435 1655 4505 δωρεὰν
1683 4437 1925 4492 σέϐεταί
1947 4455 2021 4496 σε

339 4529 373 4583 ό
419 4526 540 4580 ’1ὠὸ
559 4541 579 4589 ;
616 4524 834 4595 Ἐπειδὴ
875 4524 933 4578 δὲ
966 4523 1126 4577 αὑτὸν
1160 4522 1444 4594 ἐγύμνωσε
1476 4525 1570 4578 καὶ
1599 4524 1820 4596 ἐποίησε
1853 4527 2021 4599 πένη-

337 4631 409 4669 τα
433 4657 446 4679 ,
481 4612 604 4667 οὑδὲ
654 4612 852 4686 γρῦξαι
882 4609 1068 4667 λοιπὸν
1093 4611 1358 4681 ἐτόλμησε
1377 4628 1390 4641 ο
1415 4612 1507 4665 καὶ
1527 4612 1616 4665 ὅτε
1647 4612 1744 4681 μὲν
1768 4613 2020 4680 πλούσιος

335 4697 406 4777 ἦν
431 4743 446 4767 ,
475 4703 787 4772 ὑπισχνεῖτο
819 4699 1072 4754 παλαίειν
1105 4699 1254 4771 αὑτῷ
1278 4740 1294 4764 ,
1329 4700 1424 4754 καῖ
1454 4700 1830 4766 ὑποσκελίζειν
1860 4703 2020 4772 ήπείέ

337 4790 452 4844 λειο
487 4789 676 4861 ἐπειδὴ
714 4789 772 4843 δὲ
801 4789 1009 4859 πένητα
1041 4789 1368 4860 εἰργάσατο,
1409 4790 1504 4843 καὶ
1535 4791 1753 4845 πάντων
1785 4792 2018 4848 ἀπεστέ-

340 4893 510 4948 ρησε,
568 4876 665 4930 καὶ
711 4877 791 4940 είς
829 4873 1064 4947 ἐσχάτην
1117 4875 1310 4947 ὀδύνην
1364 4875 1584 4929 ἐνέϐαλε
1609 4917 1624 4942 ,
1670 4878 1793 4932 τότε
1831 4891 1853 4918 ο
1907 4881 2017 4934 ἀπ-

337 4963 578 5034 επήδησε
603 4978 618 4994 ·
670 4962 768 5016 καὶ
811 4961 899 5016 ὅτε
950 4962 1050 5034 μὲν
1078 4962 1231 5032 ὑγιὲς
1286 4963 1453 5017 αὑτοῦ
1491 4963 1551 5016 τὺ
1590 4964 1748 5036 σῶμα
1784 4961 1881 5037 ἦν,
1919 4968 2018 5031 τὰς

338 5052 525 5121 ᾕῖρας
562 5049 814 5122 ἀντῆρεν,
841 5050 930 5104 ὅτε
955 5050 1012 5104 δὲ
1035 5050 1202 5119 αὐτοῦ
1235 5051 1506 5121 κατέκοψε
1536 5051 1634 5123 τὴν
1670 5052 1870 5126 σάρκα,
1895 5055 2016 5109 τότε

338 5137 540 5209 ἔφυγεν
567 5137 846 5209 ἡττηθείς.

414 5222 565 5290 Εἶδες
589 5225 755 5280 πόσον
791 5226 952 5281 πενία
985 5226 1214 5282 πλούτου
1234 5268 1249 5293 ,
1282 5221 1685 5300 καιάρῤωστία
1732 5229 1827 5284 καὶ
1860 5230 2017 5296 νόσος

334 5313 526 5382 ὑγείας
547 5353 564 5380 ,
600 5315 694 5368 καὶ
727 5315 1033 5388 πειρασμὸς
1072 5316 1310 5380 ἀνέσεως
1361 5317 1570 5388 βέλτιον
1606 5320 1717 5382 τοῖς
1757 5319 2016 5390 νήφουσίν

335 5402 452 5456 ἐστι
478 5403 572 5456 καὶ
594 5403 1139 5475 χρησιμώτερον,καὶ
1163 5403 1578 5476 λαμπροτέρους
1605 5405 1699 5460 καὶ
1725 5405 2014 5460 εὐτονωτέ-

340 5507 466 5560 ρους
509 5491 637 5554 τοὺς
666 5491 964 5556 ἀθλοῦντας
997 5495 1168 5557 ποιεῖς
1204 5493 1302 5555 Τίς
1335 5487 1438 5545 εἶδε
1467 5533 1482 5554 ,
1511 5493 1595 5556 τίς
1624 5494 1856 5563 ἦκουσεν
1873 5494 2019 5549 οῦτω

336 5575 622 5648 θαυμαστά
653 5577 1042 5650 παλαίσματα;
1073 5581 1136 5634 Οί
1165 5579 1272 5632 τῶν
1298 5578 1497 5649 ἔξωθεν
1523 5579 1749 5649 ἀγώνων
1790 5581 2011 5650 πύκται,

398 5735 424 5762 ⁸
459 5733 552 5794 Λίίὶ
575 5733 620 5780 τί
644 5733 838 5794 θρηνεῖς.

395 5795 424 5863 ιγ
449 5793 1016 5863 ριιίιίεῐιιῐη-ειιιιςοτίρξί
1041 5797 1088 5863 ἐν
1273 5803 1330 5858 τῇ
1359 5797 1531 5863 κοπρίῃ

337 5860 418 5908 alii
442 5855 711 5915 ᾑμαγμένον
735 5855 886 5902 ἐκεῖνο
904 5855 982 5902 καὶ
1006 5857 1160 5914 τίμιον
1181 5855 1340 5916 σῶμα.

397 5920 421 5951 ⁸
453 5917 654 5980 Quidam
677 5927 790 5967 mss.
823 5917 989 5974 ὀδύνην
1010 5918 1206 5978 ἤγαγεν,
1231 5922 1356 5968 τοτε.

1571 5800 1719 5861 κιθήμ
1731 5815 1846 5850 ενον.
1886 5798 2014 5850 Infra

2131 413 2354 466 ἐπειδάν
2393 413 2741 477 κατακόψωσι
2777 412 2874 474 τάς
2903 408 3143 480 κεφαλάς
3168 408 3276 462 τῶν
3307 405 3610 461 ἀντιπάλων
3630 443 3644 468 ,
3679 403 3809 456 τότε

2130 499 2324 554 νικῶσι
2376 500 2469 553 καὶ
2508 499 2894 567 στεφανοῦνται
2918 516 2931 528 ·
2966 490 3122 562 οὗτος
3171 495 3263 564 δέ,
3297 495 3385 548 ὅτε
3424 489 3695 560 κατέκοψε
3745 487 3811 540 τὸ

2131 586 2292 656 σῶμα
2320 585 2413 639 τοῦ
2443 585 2674 648 δικαίου,
2705 584 3064 646 παντοδαποῖς
3093 584 3305 637 ἕλκεσιν
3336 580 3464 635 αὐτὸ
3483 578 3809 648 διατρήσας,

2130 673 2224 725 καὶ
2280 673 2670 743 ἀσθενέστερον
2721 672 2984 742 ἐποίησε,
3033 672 3154 725 τότε
3188 669 3415 740 ἐνικήθη
3453 669 3548 722 καὶ
3599 663 3810 734 ἀνεχώρ

2133 776 2296 831 ρησε·
2329 761 2424 812 καὶ
2464 758 2652 830 ἐπειδὴ
2696 757 2956 830 διώρυξεν
3000 757 3166 812 αὑτοῦ
3206 755 3470 812 πάντοθεν
3497 755 3598 819 τὰς
3640 754 3810 808 πλευο

2131 846 2256 918 ράς,
2305 845 2454 918 αὑτῷ
2502 845 2602 916 μὲν
2633 845 2792 898 πλέον
2817 845 2970 898 οὐδὲν
2997 845 3242 914 ἐγένετο,
3267 844 3359 897 τὸν
3380 843 3488 913 γάρ
3523 840 3811 895 ἐναποκεί-

2131 949 2293 1003 μενον
2335 933 2609 1004 θησαυρὸν
2641 931 2740 985 οὑκ
2768 931 3133 1002 ἀπεσύλησεν,
3163 934 3297 1002 ήμῖν
3330 931 3388 984 δέ
3429 927 3811 999 φανερώτεροι

2128 1019 2292 1072 αὑτὸν
2319 1019 2542 1090 ἐποίησε
2571 1058 2586 1083 ,
2617 1018 2710 1072 καὶ
2762 1017 2851 1072 διὰ
2891 1022 2992 1088 τῆς
3041 1018 3312 1089 διωρυγῆς
3345 1016 3558 1085 ἐκείνης
3602 1014 3811 1066 ἔδωκεν

2129 1103 2331 1158 ἀπασιν
2357 1107 2437 1168 είς
2467 1105 2528 1158 τὸ
2559 1105 2706 1158 ἔνδον
2737 1103 2954 1174 βλέπειν
2978 1146 2992 1169 ,
3036 1105 3130 1158 καὶ
3160 1102 3596 1174 καταμανθάνειν
3634 1099 3812 1154 αὑτοῦ

2127 1192 2217 1245 τὸν
2268 1193 2496 1246 πλοῦτον
2552 1193 2767 1246 ἅπαντα
2809 1205 2822 1220 ⁸
2870 1193 2964 1246 καὶ
3008 1193 3096 1246 ὅτε
3143 1193 3365 1264 κρατεῖν
3412 1189 3810 1262 προσεδόκησε.

2128 1279 2248 1333 τότε
2293 1281 2412 1350 μετ’
2446 1279 2707 1350 αἰσχύνης
2757 1279 2958 1350 πολλῆς
2999 1279 3310 1350 ἀνεχώρησε
3335 1317 3352 1344 ,
3403 1279 3498 1332 καὶ
3547 1276 3813 1347 οὐδεμίαν

2127 1368 2310 1421 οὐκέτι
2354 1367 2538 1439 φωνήν
2591 1367 2792 1438 ἀφῆκε.
2835 1368 2901 1420 Τί
2953 1367 3217 1436 γέγονεν,
3259 1362 3304 1421 ὦ
3355 1365 3618 1430 διάϐολε;
3659 1365 3812 1429 τίνος

2129 1454 2313 1508 ἕνεκεν
2351 1455 2689 1525 ἀναχωρεῖς;
2722 1454 2823 1507 οὐκ
2874 1454 3089 1523 ἐγένετο
3121 1453 3300 1507 πάντα
3338 1454 3439 1508 ὃσα
3489 1452 3814 1523 ήθέλησαςς

2129 1542 2228 1594 οὑκ
2257 1541 2466 1604 ἀνεῖλες
2499 1539 2665 1594 αὑτοῦ
2701 1540 2770 1594 τά
2799 1541 3046 1612 ποίμνια,
3073 1541 3142 1594 τὰ
3171 1541 3444 1612 βουκόλια,
3474 1541 3570 1603 τάς
3603 1538 3811 1608 ἀγέλας

2127 1629 2236 1682 τῶν
2262 1629 2444 1682 ἵππων
2468 1666 2483 1692 ,
2508 1627 2618 1682 τῶν
2653 1629 2926 1699 ήμιόνωνς
2953 1627 3076 1698 οὐχὶ
3108 1628 3203 1681 καὶ
3237 1627 3328 1682 τὸν
3361 1629 3519 1700 χορδν
3543 1627 3654 1680 τῶν
3685 1629 3812 1680 παί-

2126 1714 2230 1768 δων
2255 1714 2562 1778 ἀπώλεσας,
2587 1715 2681 1768 καὶ
2707 1715 2806 1785 τὴν
2831 1715 3006 1785 σάρκα
3041 1714 3346 1784 κατέκοψας
3372 1715 3586 1768 ἅπασαν
3608 1730 3623 1778 ;
3660 1714 3812 1777 τίνος

2127 1803 2313 1858 ἕνεκεν
2350 1803 2742 1874 ἀνεχώρησαςς
2778 1803 2900 1856 Ὅτι
2926 1803 3143 1871 ἐγένετο
3192 1804 3291 1874 μὲν
3321 1803 3523 1867 πάντα,
3554 1805 3655 1856 ὃσα
3678 1802 3810 1871 i105-

2127 1890 2289 1960 λησα,
2324 1891 2488 1962 φησίν
2509 1906 2520 1918 ·
2553 1890 2582 1942 6
2619 1889 2677 1942 δὲ
2715 1889 2970 1957 γενέσθαι
3001 1889 3236 1959 μάλιστα
3266 1891 3586 1960 ἐϐουλόμην,
3615 1891 3711 1942 καὶ
3738 1889 3810 1942 δι’

2127 1977 2154 2029 6
2189 1977 2367 2031 πάντα
2422 1979 2603 2031 ἐκεῖνα
2634 1976 2865 2048 ἐποίησα
2888 2017 2903 2042 ,
2939 1977 3094 2031 τοῦτο
3133 1979 3232 2031 οὐκ
3281 1977 3518 2044 ἐγένετο’
3543 1977 3664 2031 οὑδὲ
3698 1979 3811 2048 γάρ

2129 2064 2517 2136 ἐϐλασφήμησε
2544 2080 2558 2095 ⁸
2588 2063 2676 2117 διὰ
2712 2065 2822 2135 γάρ
2854 2064 3012 2118 τοῦτο
3051 2065 3228 2119 πάντα
3253 2063 3278 2104 δ
3333 2066 3515 2118 ἐκεῖνα
3556 2065 3807 2128 ἐποίουν,

2128 2152 2292 2220 φησὶν
2313 2191 2326 2213 ,
2354 2153 2437 2205 ἵνα
2462 2150 2620 2204 τοῦτο
2646 2151 2856 2224 ἐξέλθῃ.
2885 2150 3088 2205 Τούτου
3113 2151 3169 2205 δὲ
3203 2151 3280 2223 μὴ
3309 2151 3627 2222 γενομένου,
3655 2151 3809 2205 οὐδέν

2130 2255 2220 2307 μοι
2265 2238 2430 2291 πλέον
2457 2238 2566 2292 ἀπὸ
2607 2239 2708 2308 τῆς
2744 2237 2946 2309 ζημίας
2966 2239 3076 2292 τῶν
3105 2241 3403 2310 χρημάτων
3432 2239 3652 2308 ἐγένετο
3670 2279 3686 2303 ,
3714 2240 3809 2293 καὶ

2125 2325 2224 2394 τῆς
2273 2325 2382 2376 τῶν
2433 2324 2637 2402 παίδων
2676 2325 2972 2389 ἀπωλείας,
3006 2325 3228 2397 καὶτῆς
3259 2325 3353 2380 τοῦ
3385 2325 3638 2397 σώματος
3671 2326 3807 2397 πλη-

2125 2411 2259 2481 γῆς,
2287 2411 2423 2465 ἀλλά
2473 2412 2782 2466 τούναντίον
2816 2413 2960 2482 ήπερ
3007 2412 3308 2484 ἐϐουλόμην
3343 2412 3809 2486 ἐξέϐηςλαμπρότ

2123 2515 2284 2570 τερον
2309 2497 2546 2568 ἐποίησα
2576 2499 2669 2552 τὸν
2698 2498 2910 2568 ἐχθρὸν,
2942 2499 3036 2553 καὶ
3059 2499 3409 2572 φαιδρότερον
3437 2500 3806 2572 εἰργασάμηνι

2130 2587 2342 2654 Ἐγνως
2373 2587 2497 2640 ὅσον
2535 2589 2634 2655 τῆς
2677 2586 2907 2656 θλίψεως
2938 2587 3000 2639 τὸ
3041 2586 3263 2658 κέρδος,
3296 2588 3582 2658 ἀγαπητές
3625 2587 3811 2641 Καλὸν

2130 2673 2226 2744 μὲν
2256 2673 2364 2744 γάρ
2393 2673 2453 2726 τὸ
2492 2673 2650 2743 σῶμα
2721 2673 2816 2726 καὶ
2849 2673 3087 2741 ὑγιαῖνον
3119 2669 3222 2744 ἦν,
3278 2674 3456 2746 πολλῴ
3503 2674 3560 2728 δὲ
3606 2674 3806 2743 σεμνό-

2125 2779 2282 2833 τερον
2309 2761 2500 2831 γέγονε
2549 2761 2898 2833 κατατμηθέν
2925 2762 3029 2815 ὑπὸ
3055 2761 3162 2817 τῶν
3187 2763 3774 2835 τραυμάτωνιέκείνων
3791 2780 3805 2804 -°

2127 2849 2250 2902 ἐπεὶ
2270 2851 2362 2903 καὶ
2391 2850 2510 2922 ἔρια
2551 2850 2694 2905 καλά
2726 2851 2822 2921 μὲν
2853 2851 2945 2904 καὶ
2971 2850 3076 2921 πρὸ
3106 2852 3208 2922 τῆς
3254 2852 3462 2922 βαφῆς,
3501 2851 3724 2905 ἐπειδάν
3749 2852 3808 2906 δὲ

2127 2937 2365 3008 ἁλουργά
2399 2949 2422 2977 ο
2448 2937 2692 3008 γένηται,
2723 2937 2928 3006 ἄφατον
2953 2938 3359 3008 προσλαμϐάνει
3382 2938 3441 2991 τδ
3469 2938 3684 3002 κάλλος,
3714 2947 3812 2993 και

2126 3026 2326 3098 πολλὴν
2356 3026 2454 3097 τὴν
2484 3025 2834 3097 εὐπρέπειαν.
2875 3025 2935 3078 Εἰ
2963 3027 3018 3080 δέ
3065 3027 3139 3097 μὴ
3173 3026 3442 3080 ἀπέδυσεν
3487 3027 3673 3087 αὑτὸν..
3709 3027 3812 3079 οὐκ

2127 3114 2192 3167 ἂν
2230 3113 2472 3184 ἓγνωμεν
2495 3112 2588 3166 τοῦ
2625 3111 2944 3182 στεφανίτου
2975 3113 3074 3184 τὴν
3110 3114 3326 3180 εὐεξίαν
3349 3131 3363 3145 ·
3400 3115 3448 3166 εί
3486 3114 3560 3184 μὴ
3597 3114 3813 3186 διέτρητ

2128 3219 2217 3255 σεν
2265 3202 2431 3255 αὑτοῦ
2474 3200 2535 3254 τὸ
2584 3200 2697 3273 [6|]
2729 3201 2888 3271 σῶμα
2939 3205 3062 3266 ταῖς
3103 3202 3380 3266 ὠτειλαῖς,
3437 3203 3538 3255 οὑκ
3576 3203 3644 3255 ἂν
3677 3204 3808 3256 ἀντι

2126 3290 2376 3360 έλαμψαν
2401 3288 2614 3342 ἔνδοθεν
2643 3291 2700 3342 αί
2730 3291 2978 3352 ἀκτῖνες·
3012 3291 3060 3342 εί
3094 3289 3169 3361 μὴ
3213 3288 3466 3352 ἐκάθισεν
3505 3290 3668 3345 αὑτὸν
3715 3291 3812 3345 ἐπὶ

2124 3383 2223 3451 τῆς
2276 3379 2510 3451 κοπρίας
2547 3420 2562 3444 ,
2619 3379 2721 3432 οὑκ
2783 3379 2849 3434 ἂν
2907 3379 3154 3450 ἔγνωμεν
3193 3380 3358 3434 αὑτοῦ
3412 3381 3505 3434 τὸν
3557 3381 3807 3434 πλοῦτον.

2125 3467 2259 3520 Ούδέ
2307 3468 2416 3538 γάρ
2463 3465 2606 3520 οῦτω
2649 3465 2900 3540 λαμπρὸς
2928 3469 3021 3520 ἐπὶ
3061 3467 3251 3539 θρόνου
3297 3469 3604 3540 καθήμενος
3655 3470 3810 3540 βασιε

2125 3554 2290 3619 λεὺς,
2347 3555 2422 3618 ὡς
2475 3555 2680 3618 ἐκεῖνος
2731 3553 2824 3606 ἐπὶ
2873 3555 2972 3624 τῆς
3029 3557 3262 3627 κοπρίας
3326 3557 3447 3609 τότε
3499 3558 3811 3628 καθήμενος

2125 3642 2396 3714 ἐπίσημος
2442 3637 2511 3712 ῆν
2548 3641 2638 3695 καὶ
2679 3643 3017 3713 περιφανήςο
3062 3643 3202 3712 μετά
3245 3644 3341 3712 μὲν
3373 3645 3482 3715 γὰρ
3514 3645 3606 3698 τὸν
3652 3646 3808 3715 βασιτ

2125 3730 2274 3784 λικδν
2336 3728 2525 3801 θρόνον
2575 3728 2847 3793 θάνατος,
2885 3729 3024 3800 μετά
3066 3729 3122 3784 δὲ
3169 3731 3268 3800 τὴν
3314 3733 3548 3804 κοπρίαν
3589 3733 3808 3804 ἐκείνην

2125 3817 2370 3888 οὐρανῶν
2398 3816 2667 3887 βασιλεία..

2199 3903 2265 3974 β’.
2291 3903 2474 3957 Ταῦτα
2495 3900 2586 3957 οῦν
2609 3903 2828 3959 ἅπαντα
2851 3905 3290 3977 ἀναλογιζόμενοι
3317 3908 3699 3980 ἀνενέγκωμεν
3739 3913 3809 3965 ἐκ

2125 3991 2235 4061 τῆς
2276 3992 2890 4064 κατεχούσηςάθυμίας
2935 3996 3102 4065 ἡμᾶς.
3154 3995 3265 4048 Καὶ
3308 3994 3418 4066 γάρ
3447 3997 3648 4062 ταύτας
3678 4001 3812 4068 ὑμῖν

2127 4081 2472 4153 παρατίθημι
2517 4083 2619 4144 τάς
2669 4085 2908 4156 ἱστορίας
2930 4125 2946 4150 ,
2985 4085 3084 4156 οὑχ
3114 4086 3201 4140 ἴνα
3256 4086 3518 4157 ἑπαινῆτε
3551 4089 3620 4142 τὰ
3652 4089 3811 4158 λεγότ

2131 4187 2297 4240 μενα,
2331 4170 2446 4223 ἀλλ’
2489 4172 2574 4224 ἵνα
2625 4173 2958 4244 μιμήσησθε.
2981 4173 3080 4243 τὴν
3117 4175 3319 4246 ἀρετὴν
3353 4177 3445 4230 καὶ
3472 4176 3572 4248 τὴν
3604 4177 3811 4248 ὑπομοσ-

2127 4256 2222 4328 νὴν
2265 4257 2373 4310 τῶν
2399 4258 2662 4326 γενναίων
2707 4259 2930 4312 ἐκείνων
2959 4260 3171 4331 ἀνδρῶν
3189 4261 3331 4325 ,Αἴνα
3354 4261 3441 4316 διὰ
3472 4263 3584 4318 τῶν
3629 4264 3813 4335 ἔργων

2127 4342 2306 4397 αὐτῶν
2364 4344 2570 4415 μάθητε
2596 4385 2611 4409 ,
2661 4345 2743 4399 ὅτι
2793 4346 2945 4400 οὐδὲν
2979 4348 3151 4403 δεινὸν
3179 4349 3287 4403 τῶν
3319 4349 3675 4422 ἀνθρωπίνων
3701 4352 3811 4404 δειο

2127 4431 2264 4495 νῶν,
2315 4432 2430 4486 ἀλλ’
2467 4433 2500 4505 ἢ
2543 4433 2799 4508 ἁμαρτία
2823 4435 3018 4506 μόνονς,
3054 4436 3115 4490 οὑ
3151 4436 3346 4502 πενία,
3386 4439 3448 4491 o6
3488 4439 3643 4502 νόσος
3664 4481 3678 4505 ,
3709 4441 3810 4511 οὑχ

2127 4519 2285 4591 ὕϐρις
2312 4560 2325 4585 ,
2370 4523 2472 4577 οὑκ
2503 4524 2740 4594 ἐπήρεια
2761 4562 2776 4588 ,
2809 4524 2912 4578 οὑκ
2938 4524 3158 4595 ἀτιμία,
3185 4525 3346 4579 οὑτὺ·
3373 4526 3591 4581 πάντων
3615 4528 3809 4582 δοκοῦν

2126 4607 2354 4678 ἔσχατον
2405 4607 2545 4665 εἶναι
2582 4611 2689 4665 τῶν
2755 4610 2940 4665 κακῶν
2996 4613 3038 4665 6-
3074 4612 3323 4678 θάνατος.
3377 4614 3647 4685 Ὀνόματα
3697 4617 3807 4687 γὰρ

2123 4695 2299 4751 ταῦτά
2345 4699 2463 4751 ἐστι
2515 4699 2676 4769 μόνον
2722 4702 2835 4762 τοῖς
2868 4699 3240 4769 φιλοσοφοῦσι,
3272 4702 3567 4773 συμφορῶν
3605 4702 3809 4774 όνόμα-

2124 4800 2231 4847 τα,
2295 4787 2654 4856 πραγμάτωνμ
2701 4786 2886 4859 ἔρημα
2919 4804 2932 4818 ο
2988 4789 3020 4858 ή
3070 4787 3116 4840 δ’
3165 4788 3372 4860 ἀληθὴς
3427 4791 3684 4864 συμφορά
3748 4791 3812 4845 τὸ

2125 4871 2501 4943 προσκροῦσαι
2540 4873 2691 4944 Θεῷ,
2741 4876 2835 4928 καὶ
2871 4875 3096 4944 ποιῆσαί
3143 4892 3198 4928 τι
3239 4875 3348 4929 τῶν
3397 4878 3473 4948 μή
3506 4876 3808 4932 δοκούντων

2124 4958 2292 5028 αὑτῷ.
2331 4959 2397 5013 Τί
2443 4959 2550 5032 γάρ
2584 4960 2695 5031 ἔχει
2732 4961 2904 5016 δεινὸν
2945 4963 2974 5016 6
3003 4961 3268 5028 θάνατος,
3308 4963 3429 5016 είπέ
3466 4981 3588 5035 μοις
3623 4965 3700 5018 ὃτι
3746 4983 3804 5019 σε

2122 5046 2418 5119 ταχύτερον
2482 5048 2575 5101 ἐπὶ
2626 5049 2718 5102 τὸν
2771 5048 2943 5104 εῦδιον
3023 5051 3217 5122 λιμένα
3278 5052 3640 5123 παραπέμπει
3711 5055 3806 5108 καὶ

2123 5133 2223 5205 τὴν
2263 5135 2537 5209 ἀτάραχον
2589 5136 2807 5210 ἐκείνην
2857 5138 3038 5210 ζωήνς
3087 5139 3192 5192 κᾶν
3235 5141 3344 5211 γὰρ
3387 5139 3804 5212 ἄνθρωπος’μὴ

2123 5226 2453 5300 ἀποκτείνῃ,
2506 5227 2667 5291 αὑτὸς
2704 5229 2802 5298 τῆς
2853 5227 3068 5298 φύσεως
3108 5230 3137 5282 6
3190 5229 3355 5299 νόμος
3416 5228 3656 5283 ἐπελθὼν
3684 5269 3700 5295 ,
3743 5232 3804 5284 οὑ

2119 5313 2362 5368 διαλύσει
2384 5315 2446 5368 τὸ
2473 5315 2633 5386 σῶμα
2664 5315 2772 5370 ἀπὸ
2792 5316 2893 5386 τῆς
2913 5315 3109 5387 ψυχῆς
3140 5315 3242 5370 κᾶν
3275 5316 3384 5387 γὰρ
3413 5318 3486 5388 μὴ
3517 5317 3612 5371 νῦν
3644 5317 3805 5389 γένη-

2121 5420 2210 5456 ται
2258 5402 2450 5468 τοῦτο,
2504 5402 2660 5458 ἔσται
2716 5404 2914 5475 μικρὸν
2949 5403 3214 5476 ὕστερον,
3253 5405 3282 5458 ὃ
3327 5405 3421 5458 νῦν
3465 5404 3799 5476 δεδοίκαμεν.

2121 5491 2230 5543 Καὶ
2261 5490 2437 5545 ταῦτα
2468 5491 2611 5561 λέγω
2647 5493 2708 5546 o6
2735 5493 3052 5564 προσδοκῶν
3080 5511 3132 5546 τι
3153 5493 3347 5559 δεινὸν,
3381 5493 3502 5546 ούδὲ
3529 5493 3802 5564 λυπηρόνο

2125 5578 2198 5648 μὴ
2252 5578 2461 5646 γένοιτο
2483 5596 2497 5609 ⁸
2533 5579 2678 5635 άλλά
2722 5579 2862 5650 ὑπὲρ
2920 5579 3030 5633 τῶν
3088 5579 3403 5633 δεδοικότων
3440 5580 3530 5633 τὸν
3573 5579 3805 5633 θάνατον

2119 5667 2524 5737 αἰσχυνόμενος.
2557 5669 2804 5722 Τοσαῦτα
2839 5669 3176 5740 προσδοκῶν,
3207 5668 3327 5722 εἰπέ
3362 5686 3472 5738 μοι,
3505 5669 3722 5736 ἀγαθά,
3767 5670 3810 5724 ἀι

2123 5757 2256 5827 μήτε
2280 5756 2555 5828 ὀφθαλμὸς
2578 5751 2736 5822 εἶδεν,
2764 5759 2900 5828 μήτε
2923 5751 3015 5820 οῦς
3039 5757 3258 5826 ἢκουσε,
3287 5757 3423 5826 μήτε
3452 5755 3544 5808 ἐπὶ
3566 5754 3797 5828 καρδίαν

2181 5859 2212 5902 δ
2239 5863 2520 5911 Ᾱτίιιὶᾱὶωιιε
2542 5863 2690 5911 πάντα
2716 5877 2744 5910 c
2772 5864 2972 5916 Saxilio.
3000 5863 3136 5914 Enn.

2187 5931 2207 5959 υ
2234 5924 2398 5976 Codex
2423 5939 2547 5976 unus
2569 5926 2800 5990 ἁλουργές.
