3892 6236
140 336 210 393 ω
875 391 878 394 ,
1060 332 1150 386 AD
1191 328 1508 386 i’Ol‘lJI.U.\l
1550 323 2040 382 ANTIOCHENUM
2105 326 2329 389 [iOMlL
2367 327 2426 384 V.
3351 333 3420 386 'Io

137 467 240 523 que.
258 451 385 521 regii
410 459 627 520 aspectu
660 448 859 502 nullum
875 448 973 501 erit
1002 449 1363 516 spectantibus
1385 448 1609 503 lucrum,
1633 438 1727 492 sed

143 541 451 611 temporalis
477 541 752 594 dumtaxat
778 539 1086 604 delectatio,
1121 539 1316 592 uullam
1360 539 1560 590 habens
1588 537 1730 588 utili-

140 643 300 686 tatem
337 647 436 685 :ev
472 632 595 684 liuto
627 631 730 682 .lob
771 639 948 684 autem
971 631 1107 695 viso,
1144 645 1357 682 omnem
1404 629 1524 699 quis
1557 629 1731 696 capiet

144 726 450 789 utilitatem,
480 733 534 778 ct
554 723 887 793 disciplinam
919 723 1176 786 multam,
1219 731 1274 775 et
1301 721 1727 774 exhortationem

140 817 204 870 ad
237 817 500 886 patientim
525 817 806 869 rationem.
849 815 1030 885 Itaque
1061 813 1210 868 multi
1252 828 1392 867 nunc
1436 813 1645 882 longam
1677 821 1732 865 et

143 899 547 962 transmarinam
617 909 1093 978 peregrinationem
1142 922 1170 960 a
1225 917 1380 961 terrae
1427 907 1618 962 finibus
1677 906 1728 961 in

142 1005 392 1058 Arabiam
436 1003 774 1074 suscipiunt,
839 1013 897 1056 ut
953 1004 1308 1056 limumillum
1362 1010 1621 1060 cernant.
1677 1009 1732 1054 et

141 1095 434 1164 conspicati
463 1105 658 1149 terram
699 1094 1110 1158 deosculentur,
1163 1109 1280 1162 qua:
1327 1093 1467 1147 illius
1514 1094 1730 1146 victuris

141 1190 430 1242 certamina
463 1198 515 1241 et
542 1203 784 1241 cruorem
814 1188 955 1240 omni
983 1203 1114 1239 auro
1147 1186 1513 1254 pretiosiorem
1542 1200 1728 1237 susce-

143 1282 218 1348 pit
252 1281 346 1350 (a).
378 1279 558 1348 Neque
580 1279 720 1333 enim
752 1287 954 1332 tantum
985 1277 1216 1331 radiaret
1272 1291 1500 1345 purpura
1521 1317 1533 1336 ,
1561 1291 1731 1344 quan-

142 1382 256 1426 tum
288 1372 413 1427 illttd
431 1387 624 1440 corpus
653 1382 777 1424 tunc
808 1369 1206 1438 resplemlebat,
1239 1384 1342 1422 non
1394 1367 1567 1421 alieno
1587 1409 1601 1433 ,
1635 1367 1728 1421 sed

141 1462 361 1532 preprio
408 1463 626 1516 tinctum
666 1460 941 1530 sanguine.
990 1459 1176 1514 lllcera
1205 1474 1330 1512 vero
1378 1458 1462 1512 illa
1507 1458 1731 1527 geuuuis

141 1548 1247 1620 mnuibuset'antchariora.Margaritarum
1272 1552 1412 1604 enim
1436 1560 1619 1603 natura
1653 1550 1731 1602 ui-

141 1645 570 1698 in'lvitzenostra!
598 1643 839 1712 prodest,
869 1657 968 1695 nec
1011 1641 1172 1694 ullum
1215 1657 1367 1694 nsum
1415 1639 1732 1694 habentibus

145 1737 511 1791 necessarium
549 1735 723 1802 explet
759 1751 772 1786 :
801 1735 976 1787 ulcera
1002 1749 1134 1785 vero
1164 1733 1248 1786 illa
1279 1741 1400 1784 sunt
1435 1731 1610 1784 omids
1641 1731 1733 1783 tri-

139 1831 305 1883 stitizc
335 1829 643 1882 Consolatio.
678 1827 746 1880 Et
775 1835 832 1878 ut
853 1826 1024 1880 discas
1049 1825 1149 1878 hoc
1177 1839 1358 1876 verum
1386 1838 1520 1885 esse,
1545 1822 1585 1875 si
1613 1823 1732 1892 quis

143 1920 314 1974 filium
346 1916 804 1972 t-harissiu'itlmet
848 1916 1178 1985 unigenitum
1230 1914 1453 1975 amittat,
1509 1913 1730 1966 ostende

145 2011 387 2064 infinitas
414 2011 512 2078 ipsi
545 2023 805 2078 gemmas,
827 2016 878 2061 et
907 2022 1012 2060 non
1056 2003 1420 2060 consolabcris
1449 2002 1728 2065 dolorem,

144 2117 322 2171 neque
345 2115 596 2170 angorem
631 2100 796 2153 leuics
830 2115 842 2148 :
885 2097 930 2150 si
955 2105 1130 2150 autem
1158 2095 1276 2149 Jobi
1309 2094 1526 2148 vulnera
1579 2092 1627 2146 ei
1680 2093 1730 2145 in

142 2193 460 2246 memoriam
493 2203 730 2254 revoces,
763 2187 912 2243 facile
940 2186 1140 2241 mederi
1169 2185 1388 2255 poteris,
1408 2186 1484 2238 sic
1508 2183 1728 2237 dicens:

141 2283 282 2350 Quid
330 2283 495 2352 luges,
547 2280 748 2334 homo?
775 2290 828 2334 tu
871 2278 1082 2348 quidem
1116 2277 1276 2330 lilium
1295 2291 1456 2330 unum
1485 2275 1728 2339 amisisti;

141 2376 334 2430 beatus
355 2384 530 2428 autem
555 2373 667 2438 ille,
698 2387 818 2427 cum
842 2372 1017 2425 omnis
1049 2369 1276 2424 filiorum
1307 2376 1478 2423 cmtus
1523 2369 1732 2422 ablatus

144 2464 350 2527 fuisset,
375 2464 428 2517 in
459 2464 570 2532 ipsa
597 2477 806 2532 quoque
826 2476 984 2515 carne
998 2461 1202 2530 plagam
1231 2459 1451 2527 accepit,
1479 2467 1534 2513 et
1561 2458 1733 2513 nudus

143 2557 195 2610 in
225 2556 355 2609 fimo
384 2555 627 2620 sedebat,
661 2553 894 2624 undique
921 2553 1068 2606 sanie
1097 2551 1362 2613 diffluens,
1391 2551 1515 2605 dum
1551 2549 1734 2620 paula-

141 2650 234 2703 tim
269 2649 433 2717 ipsius
455 2663 580 2701 caro
609 2654 1033 2709 c0usumeretur,
1054 2643 1250 2712 justus,
1281 2659 1458 2706 verax,
1495 2643 1545 2696 in
1568 2643 1732 2696 Deum

140 2743 288 2809 pius,
319 2740 464 2794 omni
498 2739 630 2792 mala
663 2755 721 2793 re
756 2739 1052 2801 abstinens,
1103 2737 1264 2790 Deum
1299 2735 1502 2787 virtutis
1543 2743 1730 2788 testem

144 2831 372 2886 habens.
405 2831 461 2886 Si
488 2831 626 2884 enim
663 2829 775 2884 hzec
807 2829 963 2883 verba
999 2827 1218 2890 dixeris,
1267 2841 1478 2881 onmem
1507 2824 1734 2894 lugentis

143 2923 419 2975 tristitiam
451 2921 800 2985 eXstinxeris,
821 2928 874 2972 et
896 2933 1108 2972 omnem
1139 2917 1381 2971 dolorem
1411 2915 1686 2969 sustuleris
1716 2931 1732 2970 :

141 3024 196 3068 et
219 3016 300 3068 sic
315 3015 448 3083 justi
477 3015 691 3068 vulnera
719 3011 1017 3083 margaritis
1039 3011 1249 3064 utiliora
1291 3008 1441 3062 fiunt.
1472 3007 1732 3078 Imagina-

140 3108 269 3160 mini
314 3107 476 3176 igitur
504 3113 557 3158 et
592 3120 687 3158 vos
712 3103 962 3158 athletam
995 3103 1164 3168 illum,
1197 3112 1248 3154 et
1288 3101 1593 3154 existimate
1641 3113 1736 3154 vos

140 3213 370 3253 cernere
402 3197 580 3251 fimum
609 3197 781 3261 illum,
814 3203 869 3250 et
892 3197 1063 3264 ipsum
1094 3194 1144 3247 in
1173 3192 1346 3247 medio
1367 3192 1617 3247 stercoris
1651 3204 1737 3244 se-

141 3289 360 3340 dentem
391 3303 407 3340 :
433 3295 659 3341 statuam
687 3301 925 3350 auream,
951 3293 1296 3354 gemmatam,
1321 3282 1529 3352 qualem
1555 3280 1735 3334 dicere

142 3394 249 3431 non
284 3379 408 3432 novi
456 3395 470 3430 :
513 3393 685 3448 neque
715 3377 856 3432 enim
884 3386 989 3430 tam
1037 3376 1321 3445 pretiosam
1369 3374 1520 3429 valeo
1565 3383 1733 3427 mate-

145 3470 280 3521 riam
331 3469 594 3533 invenire,
637 3477 692 3522 ttt
750 3468 821 3522 illi
848 3477 1124 3522 cruentato
1172 3466 1382 3534 corpori
1436 3466 1732 3536 comparari

144 3559 333 3626 possit.
369 3557 460 3613 Sic
489 3558 634 3612 onmi
687 3559 906 3612 materia
940 3557 1322 3627 pretiosissima
1373 3558 1548 3611 carnis
1596 3558 1736 3610 illius

147 3660 344 3704 natura
376 3660 493 3704 erat
535 3651 702 3704 multo
741 3650 1126 3715 venerabilior,
1155 3659 1208 3704 et
1251 3651 1425 3704 ulcera
1471 3651 1736 3705 solaribns

142 3743 311 3794 radiis
358 3741 720 3810 splendidiora
746 3759 758 3793 :
789 3740 840 3793 hi
883 3741 1026 3794 enim
1054 3741 1294 3809 corporis
1323 3740 1508 3794 oculos
1543 3741 1735 3794 illumi-

142 3845 303 3898 nant;
343 3834 430 3888 ma
483 3849 612 3888 vero
655 3834 844 3888 mentis
880 3846 1077 3888 nostra:
1120 3833 1304 3886 oculos
1335 3832 1618 3894 illustrant,
1651 3833 1735 3888 illa

143 3925 423 3979 diabolmn
472 3926 679 3994 penitus
716 3933 1138 3979 excaecavcrunt.
1174 3923 1458 3993 Propterea
1509 3940 1737 3993 mutique

144 4025 266 4083 post
297 4017 448 4070 illam
481 4015 686 4085 plagam
715 4015 956 4079 resilivit,
987 4029 1084 4068 nec
1099 4013 1349 4084 deinceps
1375 4014 1636 4084 apparuit.
1657 4014 1737 4068 Tu

143 4121 299 4171 vero,
327 4105 547 4171 dilecte,
578 4115 630 4158 et
653 4105 774 4158 hinc
796 4105 941 4159 disce
967 4104 1318 4158 tribulationis
1337 4104 1540 4158 lucrum
1568 4121 1736 4173 quan-

144 4207 256 4250 tmn
287 4209 405 4251 est-
427 4197 640 4252 Etenim
667 4196 879 4266 quando
908 4195 1056 4250 dives
1084 4205 1218 4258 erat,
1251 4205 1305 4250 et
1332 4197 1439 4250 otio
1469 4195 1740 4251 fruebatur

137 4291 345 4358 jns'tus,
371 4289 513 4342 unde
535 4299 807 4342 accusaret
831 4289 1000 4357 ipsum
1034 4286 1236 4350 habuit,
1263 4287 1589 4341 mendaciter
1617 4291 1738 4357 qui-

140 4381 266 4433 dem
291 4399 305 4442 ;
335 4395 523 4434 verum
566 4379 748 4433 habuit
767 4379 904 4433 unde
929 4379 1153 4444 diceret,
1178 4378 1316 4432 Num
1343 4391 1390 4432 te
1433 4382 1589 4450 gratis
1624 4383 1739 4434 colit

139 4470 240 4523 Job
275 4469 402 4542 (Job
426 4471 477 4524 1.
508 4469 604 4538 9)?
635 4470 920 4538 Postquam
951 4484 1079 4524 vero
1101 4469 1271 4540 ipsqu
1293 4471 1557 4540 spoliavit,
1578 4481 1632 4526 et
1659 4471 1739 4528 fe-

139 4568 214 4618 cit
250 4578 572 4634 pauperem,
594 4578 664 4616 ne
695 4562 902 4617 hiscere
931 4563 1144 4632 quidem
1173 4562 1400 4631 amplius
1425 4579 1584 4617 ausus
1611 4574 1692 4618 est
1725 4583 1736 4618 :

141 4665 194 4710 et
221 4671 354 4710 eum
379 4654 534 4708 dives
559 4653 772 4724 quidem
797 4662 961 4717 esset,
994 4668 1116 4707 cum
1167 4653 1282 4721 ipso
1309 4668 1544 4722 pugnare
1584 4669 1740 4723 para-

139 4747 252 4813 bat,
289 4758 345 4801 et
363 4744 710 4814 supplantare
759 4743 1091 4809 minabatur;
1143 4753 1418 4814 postquam
1459 4759 1586 4798 vero
1616 4759 1744 4814 pau-

142 4854 334 4905 percm
361 4835 488 4890 fecit
515 4837 799 4904 omniaque
833 4834 1048 4888 abstulit
1088 4843 1143 4889 ct
1170 4837 1222 4888 in
1249 4845 1548 4890 extremum
1592 4836 1742 4890 dolo-

141 4948 256 4984 rem
289 4930 527 4994 iudnxit,
553 4937 681 4982 tunc
709 4929 895 4982 resiliit
925 4945 937 4980 :
968 4938 1016 4981 et
1057 4927 1268 4997 quando
1297 4943 1482 4982 sanum
1528 4928 1740 4998 quidem

141 5025 314 5092 ipsius
347 5031 472 5076 erat
499 5037 728 5089 corpus,
761 5035 951 5074 manus
977 5020 1307 5089 apponebat;
1336 5032 1391 5073 ut
1419 5036 1546 5074 vero
1578 5022 1741 5090 ipsius

135 5129 366 5168 carnem
392 5111 701 5165 vulneribus
735 5112 987 5181 implevit,
1039 5121 1162 5164 tunc
1195 5111 1597 5181 aufugitvictus.

211 5203 516 5259 Erumnas
529 5203 614 5270 qui
632 5203 872 5273 patienter
890 5203 1319 5272 fernnl,cluriores
1335 5204 1641 5257 evadunl.—
1655 5203 1743 5258 Vi-

139 5297 263 5350 disti
299 5304 512 5365 quanto
531 5303 810 5362 paupertas
827 5293 1045 5358 divitiis,
1068 5293 1402 5346 imbecillitas
1419 5303 1471 5348 et
1484 5295 1743 5364 aegritudo

137 5388 401 5446 sanitate,
433 5383 656 5437 tentatio
684 5383 862 5451 quiete
891 5383 1078 5436 melior
1106 5383 1440 5450 vigilantibus
1469 5393 1522 5438 ct
1565 5385 1742 5439 utilior

138 5480 198 5532 sit
250 5488 308 5533 et
337 5477 609 5531 clariores
654 5475 1006 5543 fortioresquc
1048 5483 1342 5545 pugnantes
1387 5475 1575 5530 faciat?
1613 5476 1742 5544 Quis

140 5569 290 5633 vidit,
320 5569 452 5640 quis
477 5565 681 5619 amlivit
703 5573 808 5617 tam
837 5565 1103 5617 tuirabiles
1130 5564 1363 5635 pugnas?
1395 5565 1737 5620 Profanorum

193 5769 273 5831 (6)
310 5767 450 5817 \tulti
476 5768 527 5816 in
547 5765 760 5814 Arabiam
786 5763 917 5814 ibant
934 5773 982 5812 ut
1009 5763 1170 5814 timum
1199 5765 1279 5814 Ioh
1297 5765 1538 5818 viderent.

1832 447 2183 500 certamiutun
2207 449 2430 517 pugiles,
2449 462 2569 503 cum
2592 449 3020 505 adversariorum
3039 452 3210 523 capita
3234 453 3428 508 vulne-

1835 535 2023 600 rarint,
2047 546 2171 590 tunc
2199 538 2430 593 victores
2476 550 2631 604 sunt,
2684 550 2739 595 et
2775 551 3142 596 coronantur:
3180 543 3265 598 hic
3293 560 3440 599 vero.

1833 641 1954 681 cum
1977 628 2104 696 justi
2136 644 2330 698 corpus
2353 631 2708 698 vulnerasset,
2739 634 3060 690 omnimodis
3096 636 3311 705 replens
3336 637 3418 690 ul-

1833 718 2065 780 ceribus,
2098 729 2152 775 et
2182 719 2496 778 imbecillius
2533 723 2766 790 fecisset,
2805 735 2929 779 tunc
2951 726 3121 782 vietus
3148 736 3231 782 est
3255 735 3311 782 et
3335 745 3420 782 re-

1835 811 2081 864 trocessit
2107 827 2120 862 :
2147 820 2200 865 et
2222 823 2501 882 postquam
2530 814 2694 883 ipsius
2719 815 2882 870 latera
2910 817 3140 888 undique
3161 818 3422 884 confodit,

1835 898 1948 968 ipse
1997 902 2210 970 quidem
2243 903 2374 958 nihil
2415 905 2636 976 profecit
2664 925 2677 962 :
2709 909 3000 976 repositum
3027 910 3170 965 enim
3201 912 3422 967 thesau-

1834 1006 1951 1044 rum
1976 1008 2080 1046 non
2112 994 2330 1049 abstulit
2359 1015 2373 1050 :
2407 997 2558 1051 nobis
2581 1007 2756 1053 autem
2788 1001 2958 1070 ipsum
2985 1004 3263 1059 clariorem
3295 1006 3387 1060 red
3406 1038 3420 1046 -

1833 1079 1988 1144 didit,
2021 1091 2075 1136 et
2106 1098 2199 1153 per
2227 1085 2370 1139 illam
2399 1088 2817 1153 confessionem,
2848 1101 2902 1144 ut
2931 1108 3119 1148 omnes
3151 1095 3419 1150 hominem

1835 1173 2146 1230 interiorem
2167 1178 2490 1248 aSpiccrent,
2521 1181 2664 1248 fecit,
2703 1191 2757 1236 et
2784 1198 2973 1239 omnes
3003 1187 3169 1254 ipsius
3207 1188 3422 1242 divitias

1833 1265 2104 1322 discerent
2132 1287 2146 1322 :
2177 1278 2229 1324 et
2260 1285 2380 1324 cum
2408 1272 2624 1329 vincere
2652 1276 2902 1346 speravit,
2937 1285 3061 1332 tunc
3090 1278 3252 1333 multa
3297 1295 3419 1334 eum

1837 1355 2124 1425 ignominia
2156 1362 2396 1426 recessit,
2433 1372 2486 1417 et
2528 1364 2726 1418 nullam
2755 1367 2981 1436 amplius
3011 1383 3193 1422 vocem
3221 1370 3417 1425 emisit.

1834 1447 1970 1514 Quid
1999 1459 2175 1504 actum
2202 1462 2302 1518 est,
2335 1453 2588 1509 diabole?
2616 1471 2780 1526 quare
2805 1455 3046 1528 refugis?
3071 1459 3258 1515 Nonne
3283 1460 3418 1514 facta

1835 1549 1958 1593 sunt
1989 1556 2338 1612 qua'cumque
2365 1545 2621 1600 volebas?
2648 1563 2752 1602 non
2779 1549 3092 1604 iuteremisti
3122 1551 3285 1620 ipsius
3310 1555 3420 1606 ovi-

1837 1633 1927 1700 lia,
1961 1645 2222 1702 armenta,
2245 1653 2503 1707 equormn
2533 1655 2722 1710 greges
2748 1651 2801 1696 et
2827 1643 3133 1698 mulorum?
3159 1660 3262 1700 non
3281 1645 3421 1699 filio-

1835 1740 1952 1778 rum
1981 1735 2176 1781 emtum
2211 1728 2510 1797 perdidisti,
2536 1739 2590 1784 et
2615 1746 2828 1787 carnem
2857 1748 3070 1790 omnem
3098 1737 3423 1795 vulnerasti?

1835 1831 2000 1884 quare
2031 1819 2339 1872 recessisti?
2376 1819 2636 1886 Quoniam
2663 1820 2800 1877 facta
2827 1825 3040 1895 quidem
3071 1837 3194 1882 sunt
3220 1831 3421 1892 omnia.

1835 1920 1954 1975 quae
1977 1908 2135 1973 volui,
2159 1908 2351 1980 inquit,
2375 1911 2516 1981 quod
2539 1928 2666 1966 vero
2689 1912 2802 1969 fieri
2830 1917 3062 1973 maxime
3087 1919 3348 1988 volebam,
3371 1932 3426 1976 et

1839 2007 2056 2067 propter
2083 2000 2225 2069 quod
2253 2002 2431 2056 omnia
2455 2000 2578 2070 feci,
2608 2003 2710 2059 hoc
2755 2005 2948 2061 factum
2979 2023 3085 2063 non
3107 2017 3224 2064 est:
3250 2026 3425 2081 neque

1839 2088 1981 2141 enim
2013 2088 2400 2159 blaSphemavit
2429 2110 2441 2145 ε
2474 2103 2695 2164 propter
2722 2095 2823 2150 hoc
2851 2098 2994 2152 enim
3022 2101 3198 2153 omnia
3228 2100 3312 2154 illa
3342 2103 3423 2154 fa-

1836 2176 2063 2243 ciebam,
2086 2178 2275 2250 inquit,
2299 2192 2355 2235 ut
2381 2181 2481 2236 hoc
2500 2185 2830 2252 procederet.
2856 2187 2968 2242 lloc
2995 2203 3100 2243 non
3125 2188 3264 2245 iacto
3291 2191 3421 2245 nihil

1837 2268 2073 2324 lucrifeci
2103 2286 2167 2326 ex
2195 2272 2538 2341 pecuniarum
2565 2274 2796 2343 jactura,
2825 2287 2879 2332 et
2907 2277 3135 2334 filiorum
3183 2281 3419 2344 interitu,

1837 2367 1892 2413 et
1913 2361 2154 2429 corporis
2182 2363 2363 2431 plaga.
2391 2363 2484 2417 sed
2512 2369 2833 2420 (‘0ulrarittm
2857 2409 2873 2432 ,
2925 2384 3083 2438 quam
3143 2369 3420 2434 volebam,

1837 2451 2032 2514 evenit,
2064 2452 2479 2521 Splendidiorem
2504 2455 2709 2510 reddidi
2741 2457 3030 2524 inimicmu,
3068 2471 3120 2515 et
3142 2462 3421 2518 clariorem

1837 2541 2012 2596 effeci.
2046 2544 2374 2614 Coguovisti,
2404 2555 2659 2615 quantum
2690 2547 2759 2601 sit
2782 2548 3137 2605 tribulationis
3179 2551 3383 2606 lucrum
3405 2593 3421 2614 ,

1833 2632 2468 2692 charissitnc?Pulchrum
2487 2637 2702 2706 quidem
2725 2647 2780 2693 et
2807 2639 3070 2711 integrum
3099 2657 3290 2712 corpus
3312 2643 3425 2699 [εδει

1840 2731 1946 2789 rat,
1971 2724 2138 2778 multo
2155 2741 2284 2779 vero
2308 2727 2665 2782 venerabilius
2687 2728 2880 2783 factum
2912 2741 3014 2794 est.
3058 2734 3162 2787 illis
3193 2735 3425 2791 vulneri-

1840 2814 1938 2868 bus
1965 2816 2260 2885 perfossum
2293 2835 2306 2870 :
2334 2819 2586 2888 quoniam
2615 2829 2670 2874 et
2698 2821 2833 2876 lana:
2865 2823 3098 2892 pulchra:
3118 2826 3354 2896 quidem,
3373 2836 3428 2883 et

1839 2918 2120 2978 antequam
2142 2909 2443 2980 tiugantur;
2474 2922 2751 2983 postquam
2790 2930 2919 2970 vero
2947 2933 3225 2988 purpurea!
3271 2920 3422 2974 facta:

1840 2998 2060 3068 fuerint,
2091 3003 2411 3058 ineffabilem
2441 3015 2658 3062 sumunt
2688 3007 3134 3078 pulchritudinem
3168 3013 3421 3066 mullum-

1839 3106 1941 3160 que
1967 3091 2236 3148 decorem.
2277 3094 2383 3148 Nisi
2418 3111 2542 3150 vero
2593 3098 2764 3166 ipsum
2803 3100 3185 3170 exspoliasset,
3230 3103 3423 3158 bonam

1842 3183 2055 3236 victoris
2083 3184 2448 3240 habitudinem
2480 3203 2584 3240 non
2617 3192 3053 3258 cognovissemus
3082 3211 3096 3247 ε
3134 3193 3235 3248 nisi
3264 3195 3428 3263 ipsius

1842 3287 2039 3342 corpus
2066 3273 2234 3344 plagis
2256 3276 2595 3344 perforasset,
2627 3281 2758 3333 radii
2789 3281 3110 3338 intrinsecus
3137 3301 3240 3340 non
3285 3288 3428 3342 relu-

1843 3365 2047 3420 xissent
2075 3383 2090 3420 :
2122 3367 2222 3422 nisi
2252 3369 2422 3438 ipsum
2452 3371 2503 3425 in
2528 3373 2654 3425 fimo
2683 3375 3065 3438 constituisset,
3108 3378 3274 3447 ipsius
3289 3379 3426 3434 divi-

1844 3458 1945 3513 tias
1968 3474 2073 3513 non
2100 3463 2556 3531 cognovissemus.
2596 3464 2778 3540 Neque
2812 3468 2954 3521 enim
2980 3478 3084 3522 tam
3119 3471 3429 3539 splendidus

1843 3550 1895 3604 in
1912 3553 2048 3606 solio
2077 3569 2168 3608 rex
2201 3553 2430 3621 sedens,
2462 3572 2620 3626 quam
2652 3559 2874 3629 insignis
2913 3570 3030 3614 erat
3086 3563 3175 3618 ille
3211 3574 3265 3618 et
3309 3565 3428 3619 illu-

1843 3647 1966 3698 stris
1987 3647 2038 3700 in
2065 3647 2220 3702 limo:
2241 3649 2438 3704 etenim
2465 3652 2792 3722 postregimn
2812 3648 3025 3722 quidem
3048 3656 3238 3710 solium
3261 3673 3427 3724 mors,

1844 3748 1962 3806 post
1985 3738 2165 3792 [imum
2192 3748 2369 3794 autem
2397 3741 2545 3795 illum
2573 3743 2822 3797 czelormu
2853 3760 3096 3816 regnum.

1911 3831 1966 3884 ‘2.
1991 3832 2292 3887 Auditorum
2312 3833 2590 3904 applause:
2613 3836 2774 3904 rejici!
2793 3836 3196 3906 Clnysostonms.
3216 3869 3287 3880 —-
3303 3840 3428 3895 ll:ec

1843 3921 2001 3991 igitur
2025 3924 2198 3978 onmia
2228 3924 2627 3990 ratiocinantes,
2656 3943 2717 3979 ex
2747 3928 3081 3996 opprimente
3099 3932 3310 3985 tristitia
3331 3949 3428 3986 nos

1845 4014 2158 4067 relevemus.
2189 4015 2292 4069 llas
2323 4017 2520 4070 etenim
2561 4017 2712 4072 vobis
2749 4017 2996 4073 historias
3038 4035 3281 4090 appono,
3321 4039 3426 4076 non

1847 4113 1902 4157 ut
1921 4103 2061 4158 dicta
2093 4105 2338 4169 laudetis,
2367 4105 2462 4160 sed
2487 4118 2545 4160 ut
2565 4107 2812 4161 virtutem
2838 4108 3117 4163 imitemini
3140 4122 3193 4164 et
3221 4113 3429 4182 patien-

1848 4195 1971 4248 tiam
2013 4209 2395 4264 generosarum
2443 4195 2744 4266 lmjnsmodi
2787 4197 3019 4252 virorum
3055 4209 3151 4254 :ut
3192 4217 3285 4270 per
3313 4202 3427 4272 ipsa

1845 4286 2063 4342 discatis
2101 4303 2296 4357 opera,
2341 4289 2482 4359 quod
2530 4289 2879 4345 humanorum
2921 4294 3122 4348 nullum
3165 4297 3234 4350 sit
3269 4275 3446 4366 grave.

1848 4382 2106 4435 malorum
2128 4423 2144 4448 ,
2177 4382 2274 4436 ηἰθὶ
2315 4392 2623 4452 peceatum;
2655 4402 2758 4438 non
2793 4400 3073 4456 paupertas
3097 4433 3109 4453 ,
3139 4406 3243 4445 non
3270 4395 3430 4462 mgri-

1849 4474 2005 4538 tudo,
2037 4491 2140 4527 non
2162 4477 2478 4529 contumelia
2500 4517 2515 4542 ,
2542 4493 2646 4530 non
2672 4478 2958 4542 calumnia,
2985 4496 3087 4532 non
3117 4482 3426 4550 ignominia,

1850 4581 1952 4618 non
1983 4583 2125 4620 mors
2153 4583 2269 4636 qua:
2298 4569 2533 4622 onmimn
2565 4571 2824 4624 malorum
2866 4581 3170 4627 extremum
3200 4590 3319 4629 esse
3346 4579 3428 4630 vi-

1847 4656 2020 4712 detur.
2057 4658 2178 4711 llscc
2206 4659 2349 4712 enim
2377 4661 2736 4714 calamitatum
2764 4662 2976 4714 nomina
2998 4704 3011 4722 ,
3047 4663 3428 4734 philosOphan-

1849 4749 1986 4801 tibus
2012 4758 2132 4802 sunt
2156 4759 2355 4804 tantum
2384 4751 2596 4804 nomina
2625 4752 2781 4805 rebus
2802 4754 3072 4819 carentia;
3101 4771 3220 4809 vera
3250 4769 3429 4811 autem

1847 4841 2140 4904 calamitas,
2191 4840 2355 4895 Deum
2384 4840 2655 4895 offendere
2679 4884 2693 4906 ,
2738 4852 2792 4896 et
2833 4859 3017 4897 eorum
3043 4861 3162 4914 qua:
3194 4846 3292 4916 ipsi
3326 4865 3430 4903 non

1850 4931 2077 4999 placent,
2102 4931 2296 5000 aliquid
2324 4931 2517 4986 facere.
2541 4932 2676 5000 Quid
2697 4935 2862 4998 enim,
2885 4950 3084 5004 qumso,
3103 4953 3264 5007 grave
3287 4955 3429 4994 πνοι-ρ

1849 5023 2045 5077 habet?
2071 5040 2194 5078 num
2221 5026 2361 5093 quod
2403 5036 2454 5080 te
2488 5027 2715 5080 celerius
2737 5027 2803 5080 ad
2834 5030 3176 5099 tranquillum
3221 5041 3430 5100 portum

1846 5123 1900 5167 et
1949 5125 2186 5185 pacatam
2233 5118 2372 5170 illam
2414 5119 2723 5172 transmittit
2765 5120 2976 5175 vitam?
3015 5124 3256 5190 quamvis
3287 5127 3426 5179 enim

1850 5205 2011 5260 homo
2053 5223 2159 5260 non
2195 5207 2444 5275 occidat,
2493 5209 2603 5278 ipsa
2634 5219 2837 5264 natura:
2869 5212 2949 5265 lex
2981 5213 3222 5283 irrepens
3254 5231 3424 5271 nonne

1846 5314 2039 5369 eorpus
2063 5300 2131 5354 ab
2160 5301 2333 5355 anima
2378 5303 2653 5357 resolvet?
2693 5303 2814 5358 licet
2837 5305 2978 5359 enim
3014 5305 3114 5360 hoc
3154 5322 3294 5361 nunc
3326 5309 3426 5360 mi-

1849 5393 1990 5446 nime
2021 5393 2146 5456 liat,
2186 5392 2288 5446 erit
2327 5394 2484 5461 paulo
2511 5401 2659 5462 post,
2689 5395 2828 5464 quod
2875 5412 3013 5451 nunc
3054 5398 3318 5452 timemus.
3364 5398 3421 5451 Et

1849 5483 1961 5538 haec
1983 5484 2124 5550 dico,
2148 5500 2250 5538 non
2273 5500 2434 5556 grave
2456 5487 2580 5555 quid
2607 5498 2923 5556 CSspt‘t'lattS
2952 5499 3036 5542 attt
3068 5489 3240 5555 triste,
3264 5491 3424 5554 absit,

1845 5575 1939 5631 sed
1967 5577 2291 5631 erubescens
2320 5588 2544 5631 mortem
2579 5579 2873 5632 timentium
2901 5595 3079 5634 causa.
3107 5580 3207 5633 Tot
3234 5598 3425 5652 empe-

1845 5679 1997 5724 etans
2025 5669 2160 5723 bona
2177 5685 2296 5739 qua!
2313 5685 2412 5724 nec
2427 5670 2614 5724 oculus
2631 5669 2780 5734 vidit,
2801 5686 2896 5725 nec
2921 5671 3064 5725 auris
3083 5672 3306 5739 audivit,
3329 5689 3430 5730 nec

1849 5766 1901 5820 in
1924 5782 2016 5822 cor
2036 5765 2265 5820 hominis
2281 5761 2631 5820 ascenderunt
2655 5762 2729 5835 (i.
2760 5761 2876 5818 Cor.
2903 5761 2958 5818 2.
2987 5763 3064 5838 9),
3088 5764 3170 5822 dic
3193 5766 3427 5833 mihi,“
