3932 6222
485 283 549 333 7t
1237 286 1295 342 s.
1335 283 1613 342 maneas
1639 278 2113 342 etmvsosrom
2148 285 2465 351 assitme.
2506 293 3037 380 CONSTANTINOR.
3146 295 3150 299 ‘
3694 320 3735 377 τ

489 391 767 449 fruendum
798 392 979 450 diifers
1007 401 1062 450 et
1081 394 1298 465 negligis
1313 404 1366 450 et
1387 398 1602 466 torpes?
1619 412 1715 452 nec
1737 406 1939 452 tantum
1958 406 2065 451 tor-

485 501 599 555 pes,
625 483 717 540 scd
739 493 791 539 et
816 485 969 540 times
988 495 1041 539 et
1065 485 1280 541 horres?
1304 484 1369 538 Et
1385 487 1650 556 quomodo
1673 502 1773 542 neu
1799 488 1890 543 tibi
1915 501 2068 557 turpe

447 578 459 589 ‘
486 587 701 647 propter
719 586 941 632 mortem
955 577 1157 642 dolere,
1173 593 1290 632 eum
1309 578 1498 632 Paulus
1518 589 1733 649 propter
1752 589 2064 647 prmseutem

482 673 745 740 gemucht
771 671 928 724 vitam
955 712 971 738 ,
1002 682 1054 725 et
1094 668 1345 726 Romanis
1385 672 1624 725 scribens
1650 673 1840 726 dixerit
1870 691 1882 726 :
1915 672 2065 726 Crea-

483 772 595 812 tura
617 761 941 831 congemiscit
959 800 974 824 ,
1006 772 1052 813 et
1081 777 1172 814 nos
1198 762 1295 829 ipsi
1325 762 1531 832 spiritus
1556 764 1805 834 primitias
1830 764 2064 819 habentes

480 852 722 920 gemimus
744 851 920 923 (Rom.
956 855 1006 906 8.
1038 851 1127 905 2‘2.
1155 851 1225 905 25
1246 852 1306 920 )?
1336 853 1401 906 Et
1426 854 1539 908 lucc
1564 854 1768 908 diccbat
1797 870 1902 908 non
1929 869 2059 908 con-

479 943 738 996 demnans
766 945 1044 1011 prmscntia
1067 984 1081 1007 ,
1118 945 1213 998 sed
1253 943 1427 999 futura
1457 945 1786 1000 desiderans.
1816 945 2057 1010 Gustavi,

478 1033 585 1099 ait,
618 1035 837 1102 gratiam
862 1075 876 1099 ,
905 1044 960 1088 et
994 1050 1194 1088 moram
1224 1050 1327 1089 non
1359 1034 1472 1090 fero
1500 1053 1513 1089 :
1542 1036 1758 1104 spiritus
1797 1036 2059 1105 primitias

476 1125 687 1190 habeo,
733 1133 787 1178 et
824 1124 888 1179 ad
931 1126 1193 1197 integrum
1237 1125 1469 1181 festino:
1498 1127 1711 1181 ascendi
1750 1127 1800 1180 in
1844 1128 2056 1182 tertium

475 1217 664 1271 crtum
686 1257 702 1282 ,
734 1216 838 1270 vidi
868 1217 1088 1285 gloriam
1131 1217 1271 1270 illam
1319 1216 1638 1271 ineffabilem
1661 1261 1675 1283 ,
1709 1217 1812 1271 vidi
1858 1218 2056 1286 regiam

475 1307 864 1378 Splcudcntcm,
897 1307 1056 1362 didici
1086 1308 1276 1378 quibus
1321 1308 1406 1362 hic
1451 1308 1746 1362 immorans
1790 1306 1943 1361 bonis
1970 1322 2059 1361 ca-

475 1414 642 1462 ream,
675 1407 950 1468 propterea
977 1413 1152 1469 gemo.
1187 1398 1279 1453 Dic
1305 1399 1500 1454 etenim
1532 1397 1684 1465 mihi,
1711 1398 1757 1453 si
1778 1399 1895 1469 quis
1927 1406 1976 1452 te
2003 1398 2054 1452 in

475 1491 649 1561 regias
669 1489 907 1546 duxisset
931 1493 1100 1558 aulas,
1123 1500 1178 1546 et
1201 1491 1267 1546 de
1296 1492 1584 1561 parietibus
1609 1507 1795 1546 aurum
1824 1493 2056 1562 undique

474 1580 701 1651 fulgens,
730 1591 785 1636 et
809 1597 1021 1636 omnem
1046 1583 1207 1635 alium
1227 1594 1468 1636 ornatum
1496 1583 1584 1637 tibi
1605 1582 2051 1647 demonstrasset;

475 1681 657 1741 postea
687 1678 737 1727 te
767 1671 888 1726 inde
916 1671 967 1725 in
998 1673 1243 1742 pauperis
1269 1688 1445 1727 casam
1489 1673 1821 1741 induxisset,
1859 1686 1911 1729 et
1936 1686 2054 1745 post

473 1764 634 1818 breve
658 1771 863 1833 tempus
890 1764 939 1817 in
964 1766 1135 1835 regias
1155 1764 1495 1820 reducturum
1527 1767 1663 1832 illas,
1687 1776 1739 1821 et
1763 1782 2051 1837 perennem

474 1855 545 1909 ibi
566 1856 892 1909 mansionem
915 1872 972 1910 se
992 1856 1083 1910 tibi
1106 1856 1349 1910 daturum
1374 1873 1492 1914 esse
1515 1859 1843 1923 promisisset
1866 1877 1877 1910 :
1901 1876 2052 1914 num-

471 1946 597 2015 quid
627 1963 731 2000 non
761 1946 987 2002 deberes
1013 1947 1148 2003 afﬁci
1175 1949 1441 2005 desiderio
1461 1991 1477 2015 ,
1507 1959 1560 2005 et
1582 1950 1660 2004 vel
1690 1951 1830 2018 ipsos
1858 1967 2053 2021 paucos

470 2038 585 2094 dies
607 2055 747 2110 :rgre
772 2036 955 2094 ferre?
985 2040 1096 2095 Hoc
1118 2057 1327 2111 quoque
1357 2042 1422 2096 de
1444 2043 1591 2097 cretis
1617 2054 1669 2095 et
1695 2043 1762 2098 de
1789 2054 1924 2098 terra
1957 2058 2051 2098 co-

469 2130 626 2202 gites,
654 2142 704 2184 et
733 2130 1019 2201 ingemisce
1047 2147 1165 2186 cum
1199 2131 1384 2195 Paulo,
1417 2148 1519 2186 non
1554 2141 1770 2203 propter
1799 2143 2046 2199 mortem,

469 2221 560 2276 sed
589 2232 803 2290 propter
825 2233 1137 2291 pr:escntem
1167 2225 1345 2278 vitam.
1381 2227 1447 2280 At
1473 2224 1538 2280 da
1566 2226 1725 2290 mihi,
1759 2226 1931 2294 inquis
1953 2267 1967 2291 ,
1995 2234 2052 2280 nt

472 2312 633 2366 Paulo
664 2313 849 2366 similis
882 2313 1001 2366 ﬁam
1027 2356 1041 2379 ,
1076 2325 1129 2369 et
1161 2331 1444 2385 numquam
1476 2327 1702 2370 mortem
1731 2318 1947 2372 timebo.
1984 2318 2051 2372 Et

466 2401 591 2471 quid
624 2412 674 2457 te.
703 2402 864 2457 Paulo
894 2404 1120 2459 similem
1163 2406 1271 2460 ﬁeri
1319 2406 1604 2474 prohibet?
1638 2423 1814 2463 nonne
1852 2422 2050 2477 pauper

466 2505 581 2548 erat
624 2495 752 2549 ille?
788 2510 966 2550 nonne
1007 2496 1351 2550 tentoriorum
1388 2497 1579 2551 sutor?
1623 2512 1799 2553 nonne
1844 2498 2050 2553 idiota?

466 2586 521 2641 Si
543 2588 683 2642 enim
707 2588 857 2642 dives
886 2589 1067 2642 fuisset
1092 2605 1153 2642 ac
1185 2590 1396 2656 nobilis,
1429 2590 1735 2644 habuissent
1758 2589 1896 2646 forte
1920 2605 2048 2659 pau-

467 2694 621 2749 peres
650 2680 715 2733 ad
747 2681 909 2748 ipsius
936 2681 1280 2736 imitatimiem
1311 2683 1480 2735 vocati
1505 2693 1870 2753 paupertatem
1897 2699 2047 2738 suam

467 2770 787 2825 obtendendi
815 2787 1070 2836 causam;
1102 2788 1243 2827 nunc
1268 2782 1443 2827 autem
1485 2775 1672 2829 horum
1703 2776 1831 2829 nihil
1868 2776 2050 2833 dicere

467 2869 622 2929 potes
647 2879 660 2914 :
689 2862 887 2915 etenim
933 2863 1209 2930 Operarius
1254 2867 1412 2917 homo
1450 2873 1565 2919 erat
1589 2906 1604 2932 ,
1636 2873 1690 2920 et
1728 2867 2049 2937 quotidianis

468 2951 781 3018 pascebatur
806 2952 1094 3009 laboribus.
1128 2956 1191 3008 Et
1221 2967 1272 3010 tn
1294 2955 1503 3025 quidem
1534 2955 1602 3010 ab
1631 2956 1781 3010 initio
1798 2957 2046 3026 pietatem

464 3058 490 3095 a
524 3045 827 3112 parentibus
853 3047 1147 3114 suscepisti,
1175 3065 1202 3100 τι
1228 3048 1395 3117 prima
1412 3058 1566 3102 aetate
1587 3049 1751 3104 sacris
1772 3064 1829 3104 es
1857 3050 2048 3105 litteris

466 3133 792 3201 innutritus;
841 3135 930 3205 ille
972 3153 1096 3192 vero
1134 3149 1186 3194 et
1226 3139 1568 3208 blaSphemus
1614 3140 1743 3205 fuit,
1775 3152 1828 3195 et
1865 3156 2049 3210 perse-

465 3234 681 3297 quntor,
710 3236 763 3282 et
790 3231 1228 3298 contumeliosus,
1252 3243 1303 3286 et
1331 3232 1621 3288 Ecclesium
1651 3235 1878 3288 vastavit
1907 3251 1921 3299 ;
1951 3235 2045 3290 scd

467 3326 643 3372 tamen
674 3318 743 3372 ita
773 3320 948 3374 subito
978 3330 1211 3375 mutatus
1233 3331 1334 3387 cSI,
1363 3330 1625 3377 utomnes
1650 3324 1827 3379 studio
1851 3335 1901 3378 et
1935 3324 2044 3380 fer-

463 3422 593 3463 vore
631 3411 993 3478 superaverit,
1033 3420 1086 3465 et
1124 3414 1319 3466 clamat
1352 3413 1570 3477 dicens,
1611 3412 1902 3469 Imitatores
1948 3418 2046 3471 mei

462 3512 635 3564 estote,
658 3504 783 3556 sicut
813 3506 858 3556 et
887 3520 976 3575 ego
998 3503 1184 3559 Christi
1212 3506 1286 3573 (I.
1305 3504 1421 3562 Cor.
1444 3509 1526 3562 ll.
1546 3509 1620 3579 1).
1644 3509 1733 3566 Ille
1761 3511 2043 3566 Dominum

465 3596 701 3651 imitatus
727 3605 809 3651 est
831 3638 846 3662 ,
882 3606 933 3649 tu
978 3612 1294 3653 conservum
1334 3616 1436 3654 non
1476 3602 1700 3656 imitaris
1724 3646 1737 3669 ,
1770 3613 1824 3659 ιιι
1849 3645 1865 3671 ,
1897 3605 1983 3675 qui
2013 3620 2043 3658 a

465 3689 725 3759 principio
754 3690 805 3743 in
839 3691 1033 3760 pietate
1059 3692 1313 3746 educatus
1334 3707 1421 3756 es,
1450 3709 1593 3757 eiiin,
1623 3697 1709 3763 qui
1742 3707 1919 3767 postea
1951 3714 2045 3767 per

463 3783 808 3837 mutatioaem
853 3783 918 3836 ad
959 3781 1113 3837 ﬁdem
1144 3785 1366 3839 accessit
1387 3785 1409 3838 ?
1434 3785 1549 3841 Non
1578 3789 1716 3842 nosti
1741 3829 1757 3853 ,
1785 3789 1923 3858 quod
1952 3791 2040 3860 qui

463 3874 514 3926 in
545 3874 774 3943 peccatis
802 3883 925 3929 sunt
954 3915 968 3935 .
1000 3875 1098 3928 etsi
1132 3876 1345 3939 vivunt,
1379 3878 1574 3933 mortui
1600 3881 1762 3933 sunt?
1792 3881 1879 3950 qui
1911 3897 2042 3936 vero

463 3966 512 4019 in
533 3965 738 4037 justitia
768 3976 930 4032 sunt,
962 3969 1059 4022 etsi
1093 3969 1284 4022 mortui
1314 3980 1472 4035 sunt,
1502 3972 1726 4028 vivunt?
1753 3974 1862 4031 Nec
1891 3991 2042 4033 meus

463 4058 552 4113 hic
577 4074 788 4124 sermo;
838 4060 1098 4115 sententia
1128 4072 1206 4115 est
1244 4061 1437 4118 Christi
1475 4065 1690 4122 Martha:
1719 4069 1735 4099 ¹
1767 4068 1993 4124 dicentis
2023 4087 2038 4124 :

464 4149 639 4202 Omnis
662 4150 748 4217 qui
774 4149 932 4204 credit
961 4151 1011 4204 in
1042 4168 1119 4205 me
1143 4194 1156 4217 ,
1188 4155 1336 4206 etiam
1363 4155 1407 4207 si
1432 4166 1657 4210 mortuus
1689 4159 1879 4228 fuerit,
1916 4161 2038 4216 vivet

459 4241 635 4313 (Joan.
674 4242 762 4296 ll.
792 4243 862 4297 25
885 4242 923 4310 ).
955 4244 1088 4298 Num
1116 4246 1255 4301 enim
1288 4245 1477 4301 fabulre
1516 4258 1637 4302 sunt
1672 4249 1916 4319 dogmata
1946 4268 2040 4306 no-

458 4334 606 4386 stra?
627 4329 683 4387 Si
705 4333 1033 4389 Christianus
1059 4352 1137 4402 es,
1164 4338 1374 4393 Christo
1400 4339 1558 4394 crede
1583 4358 1596 4393 :
1625 4342 1667 4394 si
1690 4341 1901 4397 Christo
1925 4360 2042 4397 ere-

458 4423 564 4491 dis,
597 4440 691 4494 per
717 4440 875 4495 opera
906 4426 1032 4480 mihi
1065 4427 1223 4483 ﬁdem
1250 4429 1577 4486 demonstra.
1608 4433 1883 4501 Quomodo
1911 4451 2039 4491 vero

461 4531 554 4584 per
570 4533 730 4587 opera
756 4517 911 4573 ﬁdem
930 4518 1355 4576 demonstrabis?
1375 4522 1428 4579 Si
1453 4534 1678 4579 mortem
1701 4535 2035 4584 contemnas.

458 4607 525 4662 Et
552 4609 601 4661 in
636 4609 736 4664 hoc
760 4610 902 4663 enim
930 4610 996 4663 ab
1022 4610 1323 4667 inﬁdelibus
1349 4613 1662 4670 differimus.

530 4697 672 4753 Mors
701 4716 798 4754 non
836 4700 1054 4754 timenda
1083 4701 1134 4755 in
1163 4704 1314 4756 vitam
1348 4706 1571 4779 futuram
1601 4709 1934 4777 sperantibus.
1966 4741 2039 4752 —

459 4788 665 4843 Etenim
694 4790 764 4843 illi
793 4790 1006 4861 quidem
1042 4792 1230 4847 merito
1260 4794 1447 4849 timent
1483 4808 1707 4852 mortem
1736 4840 1750 4864 ,
1793 4815 2036 4857 resurre-

455 4880 647 4935 ctionis
674 4881 814 4933 enim
845 4894 993 4949 Spem
1022 4897 1127 4936 non
1159 4883 1389 4950 habent;
1419 4895 1473 4940 tu
1514 4903 1644 4942 vero
1674 4890 1877 4946 meliori
1918 4909 2038 4963 per-

455 4984 587 5038 gens
610 4970 692 5023 via
716 5011 731 5036 ,
773 4980 827 5026 et
853 4971 920 5026 de
950 4972 1246 5029 futurorum
1278 4990 1374 5046 spe
1407 4978 1770 5050 phil050phari
1810 4986 1993 5040 valens
2018 5028 2035 5055 ,

456 5075 558 5129 qua
588 5060 778 5132 dignus
809 5078 866 5117 es
891 5065 1043 5119 venia
1067 5107 1081 5131 ,
1112 5066 1179 5121 de
1212 5072 1601 5129 resurrectione
1628 5075 1839 5144 quidem
1865 5078 2034 5132 conti-

456 5153 592 5208 dens
616 5194 628 5217 ,
659 5155 727 5209 ita
760 5171 887 5210 vero
915 5171 1138 5214 mortem
1171 5161 1366 5232 timens
1393 5173 1447 5219 ut
1483 5165 1514 5219 ii
1554 5169 1641 5237 qui
1675 5185 1781 5224 non
1814 5173 2039 5226 credunt

458 5248 876 5301 resurrectioni?
917 5248 1019 5304 Sed
1052 5262 1300 5320 mortem,
1331 5253 1533 5325 inquit,
1565 5274 1669 5313 non
1703 5260 1861 5315 timeo
1889 5279 1901 5314 :
1936 5278 2035 5317 nc-

459 5353 561 5406 que
586 5338 721 5392 mori
742 5381 755 5400 ,
789 5339 885 5394 sed
927 5342 1063 5397 male
1099 5346 1233 5399 mori
1262 5387 1278 5413 ,
1306 5357 1357 5401 et
1386 5349 1561 5418 capite
1592 5352 1842 5406 truncari.
1874 5353 2027 5424 Igitur

458 5426 688 5483 Joannes
727 5431 866 5486 male
904 5442 1145 5488 mortuus
1174 5436 1302 5491 est?
1341 5437 1441 5493 fuit
1479 5440 1621 5495 enim
1665 5441 2029 5501 obtruncatus.

457 5516 618 5588 igitur
654 5520 954 5592 Stephanus
993 5526 1131 5582 male
1166 5536 1405 5586 mortuus
1442 5531 1569 5587 est?
1598 5531 1695 5588 fuit
1722 5534 1863 5592 enim
1905 5536 2035 5616 lapi-

521 5675 541 5708 ⁸
574 5674 677 5735 Alii,
704 5677 887 5728 uaria.

2179 400 2380 468 datus;
2430 414 2483 461 et
2528 419 2791 482 martyres
2840 417 3018 471 cuncti
3073 419 3268 477 misere
3316 428 3611 486 secundum
3664 450 3765 492 vos

2177 492 2358 550 obiere
2384 536 2399 557 ,
2433 500 2683 565 quoniam
2717 503 2836 572 igne
2870 515 2962 560 aut
3000 506 3145 565 ferro
3172 512 3331 569 vitam
3380 517 3677 579 ﬁnierunt:
3706 538 3764 583 et

2175 579 2228 635 bi
2258 584 2468 652 quidem
2500 588 2549 640 in
2583 605 2747 656 mare,
2776 591 2827 646 hi
2859 610 2983 648 vero
3014 597 3067 652 in
3094 602 3465 673 prmcipitium,
3500 609 3552 664 hi
3577 624 3759 671 autem

2175 671 2227 725 in
2254 674 2439 729 dentes
2466 675 2749 734 bestiarum
2781 683 3075 743 incidentes
3097 730 3112 756 ,
3141 692 3219 746 sic
3245 701 3437 752 mortui
3455 671 3611 758 sunt.
3640 705 3759 764 Non

2173 760 2275 818 hoc
2304 775 2387 819 est
2416 768 2552 823 male
2578 772 2712 825 mori
2738 814 2751 835 ,
2785 774 2854 827 mi
2889 776 3048 835 homo
3072 821 3087 843 ,
3118 782 3347 840 violenta
3381 801 3552 847 morte
3581 796 3756 862 ﬁniri,

2171 855 2264 909 sed
2289 857 2339 909 in
2366 861 2594 925 peccatis
2620 864 2774 917 mori.
2804 867 2938 921 Audi
2970 885 3196 941 namque
3217 878 3534 946 Propheiam
3561 884 3628 940 de

2170 944 2287 1014 ipso
2330 947 2788 1019 philosolthantem
2820 965 2872 1010 et
2908 957 3172 1015 dicentem
3203 982 3217 1016 ε
3251 944 3393 1021 Mors
3438 984 3759 1037 peccatorum

2167 1039 2386 1106 pessima
2415 1039 2583 1110 (Psal.
2613 1044 2698 1097 53.
2729 1046 2844 1116 2‘2).
2874 1048 2988 1104 Non
3014 1051 3165 1121 dixit,
3197 1072 3339 1111 mors
3367 1062 3594 1119 violenta
3627 1083 3756 1137 pes-

2167 1129 2323 1196 sima,
2348 1131 2438 1184 scd
2462 1133 2627 1202 quid?
2650 1135 2792 1191 Mors
2817 1152 3133 1208 peccatorum
3159 1149 3395 1216 pessima.
3414 1151 3564 1210 Juste
3584 1129 3754 1222 sane;

2168 1229 2446 1290 postquam
2474 1225 2615 1279 enim
2646 1226 2770 1281 hinc
2799 1230 3165 1301 migraverint,
3196 1252 3349 1305 poena
3377 1245 3752 1315 intolerabilis,

2167 1317 2424 1363 tormenta
2442 1315 2993 1383 sempiterna,vcrmis
3009 1324 3320 1395 virulentus,
3344 1332 3479 1401 ignis
3496 1335 3755 1393 incxstino

2166 1399 2399 1466 guibilis,
2425 1403 2656 1458 tenebrm
2683 1410 2997 1477 exteriores,
3025 1413 3231 1470 vincula
3258 1399 3577 1489 insolubilia,
3616 1426 3754 1482 den-

2168 1489 2298 1544 tium
2314 1493 2529 1559 stridor,
2549 1497 2815 1553 tribulatio
2826 1510 2879 1554 et
2899 1506 3159 1573 angustia,
3172 1518 3225 1567 et
3242 1519 3440 1566 attenta
3453 1514 3748 1576 damnatio.

2234 1583 2286 1637 5.
2319 1583 2448 1639 Cum
2474 1586 2631 1657 igitur
2658 1591 2782 1645 talia
2812 1606 3061 1650 maneant
3090 1610 3399 1666 peccatores
3424 1608 3560 1662 mala
3582 1649 3599 1675 ,
3626 1626 3751 1679 qua:

2163 1673 2328 1740 possit
2367 1690 2486 1730 esse
2526 1678 2723 1733 utilitas
2747 1722 2761 1744 .
2800 1682 2912 1738 sive
2949 1684 3129 1753 domi,
3170 1690 3283 1746 sive
3318 1693 3369 1747 in
3412 1695 3547 1751 lecto
3584 1673 3747 1755 vitam

2161 1763 2344 1817 ﬁniant
2370 1765 2392 1818 ?
2418 1767 2557 1822 sicut
2580 1780 2764 1824 centra
2791 1771 2950 1840 jnstis
2979 1778 3180 1833 nullum
3206 1781 3456 1838 damnum
3483 1803 3602 1842 esse
3631 1807 3748 1859 pos-

2161 1853 2263 1910 sit.
2288 1857 2425 1926 quod
2458 1874 2586 1914 ense
2627 1862 2708 1914 vel
2747 1863 2868 1933 igne
2910 1880 3228 1935 praesentem
3263 1875 3423 1928 vitam
3453 1877 3743 1947 claudant,

2157 1958 2276 1997 cum
2301 1945 2364 1999 ad
2392 1947 2708 2015 immﬁortalia
2736 1954 2965 2023 migrare
2994 1956 3130 2012 bona
3160 1960 3406 2018 debeant.
3441 1966 3574 2022 Vere
3602 1945 3746 2028 Mors

2159 2044 2475 2100 peccatorum
2505 2041 2741 2108 pessima.
2769 2042 2913 2097 Talis
2942 2055 3060 2100 erat
3085 2048 3265 2106 divitis
3294 2053 3435 2109 illius
3464 2072 3626 2124 mors,
3651 2064 3744 2130 qui

2159 2120 2411 2180 Lazarum
2436 2127 2776 2199 despexerat,
2805 2136 2892 2204 qui
2924 2136 3066 2191 domi
3095 2150 3148 2194 et
3177 2142 3225 2196 in
3256 2143 3390 2197 lecto
3419 2157 3470 2201 et
3498 2165 3655 2206 neces
3685 2170 3743 2202 a-

2158 2217 2250 2268 riis
2281 2219 2650 2276 assistentibus
2696 2226 2799 2279 vita
2840 2243 2934 2296 per
2980 2233 3248 2300 propriam
3293 2237 3462 2290 soluta
3512 2254 3742 2297 mortem

2156 2307 2438 2364 defunctus
2469 2316 2791 2377 torrebatnr.
2822 2332 2889 2372 nc
2918 2335 3133 2386 parvam
3164 2326 3376 2394 quidem
3412 2337 3742 2386 consolatio-

2156 2414 2276 2453 nczn
2307 2415 2370 2454 ex
2401 2405 2678 2470 praesentis
2710 2409 2830 2461 vita:
2874 2413 3223 2481 prosperitate
3258 2420 3492 2474 nancisci
3531 2423 3736 2479 valens.

2157 2489 2220 2541 At
2265 2506 2372 2544 non
2407 2491 2478 2544 ita
2507 2491 2738 2550 Lazarus
2767 2513 2780 2561 ;
2810 2514 2992 2553 verum
3026 2502 3076 2555 in
3111 2505 3224 2572 ipso
3255 2508 3561 2575 pavimento
3590 2516 3742 2568 cani-

2156 2577 2255 2633 bus
2284 2580 2616 2638 adstantibus
2643 2595 2695 2639 et
2727 2587 2901 2642 ulcera
2932 2590 3250 2662 ﬁngentibus
3276 2599 3561 2656 violentam
3591 2621 3741 2660 mor-

2157 2677 2261 2723 tem
2295 2686 2513 2740 passus;
2543 2675 2668 2744 quid
2699 2678 2838 2731 enim
2884 2678 3021 2736 tame
3065 2683 3332 2742 difﬁcilius
3373 2706 3493 2747 esse
3532 2696 3741 2762 possit?

2154 2759 2423 2830 digressus
2453 2763 2595 2818 illinc
2621 2769 2837 2822 aeternis
2868 2773 3065 2841 potitus
3092 2787 3170 2829 est
3200 2777 3354 2833 benis
3376 2822 3390 2843 ,
3424 2782 3474 2836 in
3508 2759 3741 2841 librabat

2153 2853 2274 2908 sinu
2302 2856 2557 2924 gaudens.
2591 2860 2725 2926 Quid
2752 2860 2912 2931 igitur
2943 2866 3113 2934 ipsum
3147 2869 3284 2925 lmsit
3329 2874 3591 2932 violenter
3619 2895 3736 2934 mo-

2152 2944 2240 2997 ri?
2266 2947 2388 3016 quid
2420 2964 2542 3003 vero
2563 2949 2713 3005 diviti
2748 2956 2939 3022 profuit
2967 2969 3136 3013 morte
3161 2977 3265 3015 non
3300 2964 3527 3020 violenta
3553 2971 3690 3024 mori
3714 2972 3738 3024 2

2223 3033 2366 3089 Mors
2389 3038 2579 3107 injuste
2604 3042 2771 3094 minus
2801 3044 3022 3098 timenda
3040 3087 3052 3109 ,
3077 3064 3230 3118 quant
3249 3052 3412 3121 justo.
3437 3084 3508 3094 —
3532 3059 3601 3110 At
3627 3075 3735 3113 non

2150 3127 2426 3193 violenter,
2461 3129 2647 3200 inquit,
2679 3132 2773 3188 sed
2805 3135 2997 3205 injuste
3030 3140 3164 3194 mori
3199 3143 3442 3199 timemus
3471 3163 3485 3200 :
3517 3157 3570 3201 ct
3592 3152 3734 3219 quod

2149 3218 2263 3270 ausi
2293 3218 2380 3270 nih
2405 3218 2422 3272 l
2449 3235 2634 3275 eorum
2667 3222 2732 3278 de
2763 3225 2959 3293 quibus
2989 3227 3041 3281 in
3074 3231 3428 3300 suspicionem
3457 3218 3729 3304 vocamur,

2149 3320 2270 3360 cum
2301 3309 2542 3364 sontibus
2570 3313 2768 3380 pariter
2794 3318 3090 3384 puniamur.
3116 3319 3249 3388 Quid
3280 3323 3378 3389 ais,
3407 3342 3585 3394 quaso
3610 3329 3634 3382 ?
3660 3331 3734 3384 in-

2144 3395 2289 3464 juste
2315 3399 2449 3452 mori
2480 3402 2635 3456 times
2658 3403 2682 3456 ?
2706 3418 2772 3457 an
2796 3404 2939 3473 juste
2964 3408 3165 3464 velles?
3194 3412 3258 3466 Et
3287 3415 3405 3482 quis
3438 3426 3541 3469 tam
3567 3420 3733 3476 miser

2148 3497 2200 3541 et
2229 3504 2558 3544 aerumnosus
2577 3533 2591 3559 ,
2623 3503 2823 3550 ttt‘cum
2856 3497 3050 3566 injuste
3079 3503 3214 3555 mori
3241 3503 3549 3573 immineat,
3582 3511 3732 3564 malit.

2148 3577 2286 3645 juste
2318 3580 2496 3635 mori?
2536 3582 2590 3638 Si
2620 3586 2761 3639 enim
2795 3599 3017 3643 mortem
3049 3601 3287 3649 metuere
3312 3606 3555 3665 oportet,
3581 3598 3728 3669 juste

2149 3669 2299 3723 nobis
2331 3670 2661 3740 ingruentem
2708 3676 2896 3732 timere
2935 3684 3186 3736 convenit
3215 3700 3227 3736 :
3255 3687 3502 3754 quoniam
3532 3689 3728 3759 injuste

2147 3762 2360 3830 quidem
2390 3773 2646 3830 mortuus,
2672 3782 2765 3835 per
2790 3766 2889 3823 hoc
2913 3770 3083 3841 ipsum
3111 3788 3229 3828 cum
3256 3779 3452 3832 sant-tis
3475 3782 3726 3837 omnibus

2146 3854 2520 3910 communicat.
2554 3857 2706 3928 Apud
2738 3859 2899 3914 Deum
2940 3863 3079 3916 enim
3126 3867 3466 3934 probatorum
3508 3880 3562 3925 et
3607 3874 3728 3928 illu—

2147 3946 2333 3998 strium
2374 3947 2553 4016 plures
2585 3948 2830 4017 injustam
2878 3952 3176 4010 sustinuere
3221 3970 3445 4013 mortem
3473 4002 3488 4026 ,
3517 3972 3571 4017 ct
3598 3975 3725 4021 ante

2146 4049 2333 4091 omnes
2364 4037 2494 4091 Abel
2526 4056 2539 4091 :
2573 4055 2677 4093 non
2701 4041 2839 4094 enim
2868 4041 2920 4095 in
2948 4040 3165 4099 fratrem
3195 4062 3438 4115 peccans,
3469 4068 3567 4107 nec
3592 4055 3722 4109 Cain

2149 4125 2309 4192 heso,
2339 4128 2430 4183 sed
2461 4131 2708 4199 quoniam
2742 4131 2905 4186 Deum
2937 4133 3235 4191 honorabat
3259 4180 3272 4202 ,
3308 4140 3429 4195 ideo
3453 4143 3724 4213 jugulatus

2146 4228 2228 4271 est
2256 4221 2272 4288 (
2301 4218 2426 4274 Gen.
2459 4221 2492 4274 4
2514 4223 2555 4292 ).
2591 4222 2727 4277 Deus
2754 4234 2929 4279 autem
2960 4228 3232 4295 permisit,
3262 4234 3516 4302 numquid
3549 4235 3720 4305 ipsum

2145 4326 2331 4366 amans
2355 4356 2368 4380 ,
2401 4330 2468 4368 an
2496 4315 2619 4370 odio
2646 4319 2891 4374 habens?
2914 4332 3117 4376 certum
3146 4333 3226 4378 est
3252 4327 3391 4395 quod
3413 4346 3598 4386 amans
3618 4374 3633 4396 ,
3666 4343 3723 4388 ut

2144 4404 2426 4459 clariorem
2455 4407 2553 4477 ipsi
2581 4424 2830 4464 coronam
2860 4409 3060 4467 faceret
3086 4430 3151 4468 ex
3181 4417 3522 4485 injustissima
3550 4423 3721 4479 cmde.

2146 4496 2306 4552 Vides
2333 4514 2503 4569 neque
2529 4500 2837 4568 violentam,
2871 4520 3043 4575 neque
3070 4506 3318 4576 injustam
3348 4523 3572 4569 mortem
3602 4531 3724 4573 esse

2145 4589 2480 4644 metuendam
2506 4632 2522 4657 ,
2551 4592 2643 4646 sed
2689 4603 2913 4648 mortem
2953 4597 3004 4649 in
3045 4600 3317 4666 peccatis?
3354 4603 3485 4657 Abel
3528 4605 3723 4674 injuste

2143 4693 2382 4734 mor;uus
2407 4691 2508 4745 est,
2538 4681 2663 4736 Cain
2693 4682 2821 4737 vixit
2849 4700 3065 4755 gemens
3089 4698 3144 4742 et
3170 4701 3401 4747 tremens
3430 4711 3445 4757 ;
3477 4706 3595 4749 uter
3623 4698 3724 4767 igi-

2146 4780 2248 4835 tur,
2279 4770 2364 4824 dic
2390 4772 2541 4839 mihi,
2573 4773 2778 4829 beatior
2807 4775 2921 4842 fuit,
2951 4778 3039 4848 qui
3067 4795 3185 4833 cum
3211 4780 3416 4851 justitia
3447 4789 3724 4856 requieve-

2142 4874 2245 4930 rat,
2269 4879 2334 4918 an
2361 4865 2450 4933 qui
2480 4868 2710 4934 peccatis
2736 4868 2984 4925 vivebat?
3014 4872 3101 4941 qui
3130 4883 3368 4927 mortuus
3395 4888 3474 4930 est
3502 4879 3720 4947 injuste,

2143 4968 2209 5008 an
2261 4955 2349 5024 qui
2397 4957 2536 5023 juste
2577 4959 2934 5026 puniebatur?
2970 4962 3130 5018 Vultis
3148 4962 3603 5024 charitativestne
3641 4972 3723 5025 di-

2103 5079 2107 5083 -
2143 5060 2280 5111 cam,
2313 5047 2453 5102 unde
2480 5048 2726 5104 timemus
2758 5061 2978 5107 mortem
3005 5055 3028 5107 ‘i
3052 5054 3166 5109 Non
3190 5060 3429 5114 vulnerat
3455 5076 3551 5115 nos
3575 5065 3722 5134 regni

2141 5156 2324 5205 amor,
2364 5158 2467 5195 non
2507 5158 2604 5197 nos
2642 5142 2940 5200 futurorum
2980 5164 3131 5203 amor
3167 5153 3409 5207 accendit
3441 5170 3456 5207 :
3486 5156 3724 5225 alioquin

2145 5234 2425 5301 prmsentia
2446 5233 2841 5304 deSpiccrcmus
2865 5239 3040 5293 omnia
3062 5281 3077 5302 ,
3104 5241 3240 5296 sicut
3278 5243 3466 5299 beatus
3506 5246 3722 5301 Paulus.

2143 5324 2224 5377 Ad
2252 5323 2365 5378 haec
2392 5341 2494 5379 ιιοιι
2527 5328 2775 5383 timemus
2800 5329 3097 5399 gehennam
3121 5375 3135 5400 ,
3167 5334 3288 5389 ideo
3314 5349 3539 5393 mortem
3570 5341 3727 5395 timc-

2145 5431 2304 5471 mus:
2347 5418 2588 5488 supplicii
2634 5421 2774 5475 illius
2822 5422 3210 5480 intolerabilem
3256 5430 3568 5496 gravitatem
3617 5447 3723 5487 non

2143 5509 2390 5564 novimus
2413 5551 2427 5575 ,
2460 5523 2734 5580 pr0ptcrca
2775 5528 2870 5582 pro
2913 5527 3132 5583 peccato
3167 5530 3391 5573 mortem
3434 5522 3683 5577 timemus
3707 5558 3739 5594 .,

2143 5605 2286 5668 quod
2323 5600 2368 5655 si
2407 5602 2494 5657 ille
2517 5604 2746 5658 animam
2785 5616 3019 5660 nostram
3061 5609 3219 5662 timor
3244 5622 3592 5681 occupasset,
3624 5595 3739 5669 iste'

2148 5690 2436 5762 subrepere
2460 5708 2563 5747 non
2591 5704 2867 5764 potuisset.
2902 5696 2966 5750 Et
3005 5698 3105 5753 hoc
3134 5714 3239 5753 non
3268 5702 3491 5773 procul,
3532 5703 3626 5760 sed
3658 5723 3722 5762 ex
