3932 6222
226 244 299 325 τι
1219 278 1310 340 AD
1348 285 1679 347 POPULUM
1719 286 2224 355 ANTIOCHENUM
2278 295 2512 356 HOMIL.
2570 298 2634 359 v.
3601 311 3672 368 τε

219 378 517 493 ἐνθρώπου
540 389 728 493 ἀξδέϐη,
758 392 960 467 ἀναδύῃ
1019 396 1154 467 πρὸς
1196 400 1298 473 τὴν
1353 403 1653 458 ἀπόλαυσιν
1687 414 1750 471 ﬁ,
1806 408 1899 461 καὶ
2004 410 2195 479 έθανε;
2247 416 2580 490 κατελεύσθη
2638 419 2779 491 γάρ·
2807 420 2902 475 καὶ
2950 419 3226 493 μάρτυρες
3273 422 3321 475 οἱ
3365 423 3423 477 δὲ
3471 424 3671 487 πάντες

221 469 456 581 fidei;
504 474 597 530 καὶ
643 479 857 548 δκνεῖς;
910 485 1003 538 καὶ
1041 486 1140 541 οὑκ
1173 469 1351 554 ὀκνεῖς
1386 491 1568 559 μόνον,
1614 469 1751 547 ἀλλά
1804 496 1899 548 καὶ
2003 469 2203 563 ἀθλίως
2231 501 2293 554 τὸ
2336 469 2464 556 καθῖ
2490 469 3310 579 ίνὲπέιδὴ
3361 511 3412 562 οι
3455 510 3554 581 μὲν
3613 469 3670 567 εἶ

218 554 470 652 δέδοικας
510 566 600 618 καὶ
655 567 930 638 φρίττειςς
963 574 1072 625 Kal
1120 574 1239 638 πῶς
1282 554 1669 652 οὑκ-αἰσχρὸν,
1714 583 1795 636 ὅτι
1828 585 1893 637 σὺ

218 642 313 738 διὰ
343 646 567 738 θάνατον
589 655 863 723 ὀδυνᾶσαι,
878 659 1086 725 Παῦλος
1100 662 1157 715 δὲ
1176 663 1264 717 διὰ
1288 666 1386 736 τὴν
1411 684 1485 720 πα
1494 642 1689 738 ρδῦσαν
1712 669 1893 724 ἔστενε

221 727 406 803 ζωήν;
443 737 536 825 καλ.
575 739 867 811 Ῥωμαίοις
900 747 1126 817 γράφων
1154 727 1360 819 ἔλεγεν,
1380 754 1462 807 ὅτι
1494 727 1605 808 Kal
1629 756 1668 825 ἠ
1696 757 1893 824 κτίσις

219 823 599 891 συστενάζει,
627 830 724 882 καὶ
742 831 914 901 ἡμεῖς
940 836 1111 889 αὐτοὶ
1129 837 1243 906 τὴν
1270 841 1555 911 ἀπαρχὴν
1575 823 1683 897 τοῦ
1708 823 1889 898 πνεύζ

211 921 410 1001 ματος
430 912 679 980 ἔχοντες
700 920 1081 990 στενάζομεν.
1105 925 1216 978 Καὶ
1235 927 1406 981 ταῦτα
1422 928 1605 999 ἔλεγεν
1632 930 1752 1001 οὐχὶ
1783 931 1891 986 τῶν

216 994 505 1062 παρόντων
556 1003 983 1072 καταγινώσκων
1007 1047 1022 1072 ,
1075 1010 1209 1065 ἀλλὰ
1261 1013 1330 1066 τά
1385 994 1643 1084 μέλλοντα
1687 994 1885 1073 ποθῶν.

230 1081 610 1180 ῐΕνευσάμην,
668 1096 834 1165 φησὶ,
869 1098 972 1168 τῆς
1026 1102 1286 1173 χάριτος,
1334 1081 1428 1159 καὶ
1482 1108 1543 1159 οὑ
1589 1109 1765 1178 στέγω
1790 1109 1889 1180 τὴν

216 1168 489 1245 ἀναϐολήν
513 1193 527 1206 ·
552 1181 652 1249 τὴν
689 1183 939 1256 ἀπαρχὴν
987 1185 1093 1258 ἔχω
1124 1190 1218 1243 τοῦ
1252 1192 1593 1264 πνεύματος,
1625 1198 1719 1250 καὶ
1752 1198 1888 1269 πρὸς

211 1256 274 1352 τὸ
462 1263 781 1337 ἐπείγομαι’
826 1256 1046 1344 ἀνέϐην
1076 1277 1158 1339 είς
1203 1256 1403 1348 τρίτον
1436 1256 1695 1352 οὐρανὸν,
1748 1256 1885 1335 εἶδον

210 1343 313 1438 ίτὴν
347 1347 505 1438 δόξαν
532 1353 746 1426 ἐκείνην
783 1356 879 1428 τὴν
908 1343 1142 1432 ἄρρητον
1168 1404 1182 1426 ,
1221 1343 1360 1418 εἶδον
1396 1366 1464 1420 τά
1504 1343 1766 1438 ’βασίλεια
1817 1371 1883 1424 τὰ

210 1432 442 1527 λαμπρὰ
463 1479 477 1503 ,
503 1439 702 1510 ἔμαθον
726 1445 889 1500 τίνων
913 1449 1290 1523 ἀπεστέρημαι
1317 1432 1605 1527 διατρίϐων
1631 1458 1878 1523 ἐνταῦθα,

207 1523 307 1617 καὶ
330 1524 423 1617 διὰ
445 1527 621 1584 ταῦτα
652 1534 908 1598 στενάζω.
942 1537 1077 1592 Εἰπὲ
1100 1540 1209 1612 γάρ
1241 1559 1352 1613 μοι,
1381 1523 1537 1609 εῐλτίς
1568 1563 1628 1599 σε
1670 1548 1750 1611 είς
1782 1548 1880 1617 βα-

208 1610 429 1700 σιλικάς
461 1618 754 1688 εἰσήγαγεν
784 1622 952 1688 αὑλάς
975 1667 989 1692 ,
1019 1627 1114 1680 καὶ
1142 1610 1341 1700 χρυσὸν
1368 1631 1536 1697 ἔδειξε
1558 1674 1573 1700 ,
1620 1610 1879 1689 πάντοθεν

202 1698 317 1754 ἀπὸ
362 1700 473 1756 τῶν
505 1705 698 1777 τοίχων
743 1710 1121 1780 ἀστράπτοντα
1145 1755 1160 1779 ,
1184 1698 1294 1770 καὶ
1343 1718 1441 1791 τὴν
1483 1698 1646 1793 ἀλλην
1683 1722 1881 1796 εὐπρέ-

200 1802 372 1843 πειαν
421 1792 638 1848 ἃπασαν
662 1836 678 1861 ,
727 1796 844 1852 εἶτά
887 1814 947 1853 σε
995 1802 1203 1859 ἐκεῖθεν
1247 1807 1328 1871 εἰς
1359 1792 1609 1881 καλύϐην
1649 1792 1877 1883 πένητος

199 1877 488 1949 εἰσήγαγε,
522 1884 623 1972 καὶ,
654 1885 791 1955 μετὰ
831 1888 1020 1958 χρόνον
1049 1889 1252 1962 βραχὺν
1280 1877 1648 1967 ὑπέσχετο-είς
1670 1899 1738 1953 τὰ
1775 1877 1878 1972 ’βα-

200 1966 381 2020 σίλεια
433 1969 722 2038 ἐπανάξειν
757 1974 786 2014 δ
823 1977 1044 2043 ἐκεῖνα,
1096 1982 1192 2034 καὶ
1247 1966 1468 2057 διηνεκῆ
1523 1986 1714 2043 δώσειν
1762 1966 1879 2044 ἐκεῖ

202 2056 374 2125 μονήν
400 2052 551 2146 ’-ἄρα
574 2062 675 2115 οὑκ
702 2061 924 2133 ἔμελλες
952 2066 1155 2132 ἀλύειν,
1183 2072 1276 2124 καὶ
1303 2052 1746 2146 δυσανασχετεῖν,
1780 2080 1874 2133 καὶ

196 2141 343 2210 πρὸς
380 2142 549 2208 αὑτάς
576 2147 676 2211 τὰς
720 2149 902 2218 ὀλίγας
933 2153 1179 2226 ἡμέρας;
1204 2157 1374 2212 Τοῦτο
1399 2159 1463 2231 δὴ
1508 2141 1602 2215 καὶ
1649 2165 1740 2217 ἐπὶ
1766 2165 1873 2220 τῶν

192 2229 446 2299 οὐρανῶν
498 2234 713 2303 λογίζου
739 2277 753 2300 ,
787 2239 882 2292 καὶ
936 2240 1031 2293 ἐπὶ
1085 2243 1187 2313 τῆς
1218 2246 1355 2315 γῆς,
1407 2229 1499 2302 καὶ
1533 2250 1684 2304 στένε
1735 2253 1872 2322 μετά

194 2315 451 2410 [παύλου.
485 2321 559 2393 μὴ
597 2323 685 2376 διά
723 2324 814 2378 τὸν
860 2326 1117 2393 θάνατον,
1162 2331 1298 2386 ἀλλά
1329 2334 1417 2388 διὰ
1444 2336 1542 2407 τὴν
1589 2315 1871 2410 παροῦσαν

190 2401 364 2475 ζωήν.
394 2405 503 2459 Kal
539 2408 628 2472 δός
668 2426 760 2479 μοι
813 2412 957 2466 κατά
993 2416 1204 2470 Παῦλον
1242 2401 1525 2487 γενέσθαι,
1574 2401 1736 2494 φησὶ,
1775 2429 1869 2481 καὶ

188 2492 453 2546 οὐδέποτε
484 2495 864 2569 φοϐηθήσομαι
894 2501 1144 2558 θάνατον.
1182 2507 1292 2560 Kal
1323 2508 1375 2561 τί
1400 2511 1459 2562 τὸ
1494 2492 1700 2567 κωλῦον
1727 2516 1868 2570 κατά

187 2577 407 2632 Παῦλον
455 2582 704 2649 γενέσθαι
739 2598 820 2647 σε,
860 2586 1141 2659 ἀνθρωπε;
1186 2592 1304 2663 οὐχὶ
1332 2595 1499 2666 πένης
1535 2592 1604 2667 ἦν
1628 2600 1861 2664 ὲκεῖνοςς

183 2663 309 2732 οὑχὶ
351 2668 698 2735 σκηνοποιός;
724 2670 825 2756 οὐκ
860 2672 1106 2742 ἰδιώτης
1137 2676 1201 2730 Εἰ
1235 2678 1333 2747 μὲν
1377 2663 1484 2752 γὰρ
1518 2663 1768 2748 πλούσιος
1796 2663 1863 2756 ἦν

184 2753 285 2804 καὶ
313 2750 430 2824 [62]
463 2755 719 2827 εὐγενὴς,
751 2753 898 2828 εῑχον
942 2759 1071 2825 ἴσως
1115 2765 1164 2816 οἱ
1203 2763 1429 2836 πένητες
1452 2750 1615 2839 *πρὸς
1646 2770 1736 2824 τὸν
1764 2750 1863 2825 αύ-

180 2839 279 2891 τὸν
310 2840 631 2911 καλούμενοι
662 2843 841 2913 ζῆλον,
860 2847 957 2916 τὴν
988 2848 1195 2903 ἑαυτῶν
1222 2854 1621 2922 προϐάλλεσθαι
1647 2859 1859 2914 πενίαν’

182 2929 306 2980 νυνὶ
325 2927 382 2980 δέ
411 2928 562 2983 οὐδὲν
588 2932 793 2986 τούτων
842 2935 987 3005 ἔχεις
1018 2937 1192 2991 εἰπεῖν
1217 2957 1230 2970 ·
1261 2942 1353 2995 καὶ
1377 2943 1485 3015 γὰρ
1515 2948 1858 3021 χειροτέχνης

177 3015 209 3068 6
262 3016 546 3087 ἄνθρωπος
572 3016 640 3091 ἦν
664 3057 680 3084 ,
714 3022 809 3075 καὶ
854 3025 917 3077 ἐκ
953 3025 1063 3079 τῶν
1108 3027 1490 3102 καθημερινῶν
1520 3015 1855 3106 ἀπετρέφετο

178 3102 398 3155 πόνων·
441 3106 534 3158 καὶ
581 3108 647 3159 σὺ
706 3107 806 3178 μὲν
862 3110 921 3177 ἐξ
970 3112 1145 3182 ἀρχῆς
1181 3114 1279 3185 τὴν
1321 3117 1600 3173 εὐσέϐειαν
1638 3102 1854 3189 διεδέξω

177 3190 337 3260 παρά
379 3192 665 3263 πατέρων,
726 3196 821 3249 καὶ
876 3198 941 3251 ἐκ
997 3199 1220 3271 πρώτης
1256 3202 1472 3273 ἡλικίας
1526 3208 1640 3271 τοῖς
1693 3211 1855 3280 ἱεροξ

177 3277 507 3348 γράμμασιν
527 3281 831 3353 ἐνετράφης
848 3300 861 3313 ·
883 3284 1087 3350 ἐκεῖνος
1110 3286 1167 3340 δὲ
1189 3289 1283 3342 καὶ
1302 3289 1621 3364 βλάσφημος
1641 3277 1850 3365 γέγονε,

176 3364 278 3416 καὶ
308 3363 573 3436 διώκτης,
612 3369 706 3421 καὶ
750 3370 1038 3442 ὑϐριστὴς,
1078 3374 1172 3428 καὶ
1205 3375 1303 3447 τὴν
1328 3363 1652 3451 Ἐκκλησίαν
1686 3363 1853 3456 ἐπόρέ

176 3448 348 3520 θησεν
369 3490 384 3513 ,
433 3452 546 3505 ἀλλ’
573 3455 723 3524 ὅμως
751 3455 922 3522 οὕτως
961 3457 1158 3530 ἀθρόον
1189 3448 1540 3531 μετεϐάλετο,
1571 3467 1648 3532 ώς
1675 3448 1850 3525 ἄπαν-

172 3554 278 3600 τας
304 3538 706 3610 ὑπερϐαλέσθαι
731 3546 797 3614 τῇ
824 3544 921 3614 τῆς
933 3547 1237 3617 προθυμίας
1258 3551 1598 3622 σφοδρότητι,
1630 3556 1724 3610 καὶ
1753 3557 1850 3630 βοᾷ

174 3626 385 3695 λέγων’
417 3630 679 3698 Etyma!
699 3647 818 3699 μου
850 3633 1092 3700 γίνεσθε
1110 3676 1126 3701 ,
1156 3636 1349 3704 καθὼς
1377 3640 1539 3709 κάγὼ
1564 3626 1843 3712 Χριστοῦξ

184 3715 430 3781 Ἐκεῖνος
457 3719 549 3774 τὸν
576 3722 852 3792 Δεσπότην
896 3725 1233 3797 ἐμιμήσατο,
1268 3730 1332 3784 σὺ
1361 3729 1419 3783 δὲ
1445 3731 1534 3786 τὸν
1567 3734 1846 3793 σύνδουλον

171 3804 238 3855 ού
277 3809 440 3877 μιμῇ,
473 3808 504 3859 ό
541 3806 601 3872 ἐξ
624 3810 799 3880 ἀρχῆς
831 3814 888 3863 ὲν
917 3815 1168 3886 εὐσεϐείᾳ
1195 3822 1424 3888 τραφεὶς
1450 3832 1474 3861 ε
1501 3822 1593 3877 τὸν
1621 3823 1845 3897 ὕστερον

171 3892 242 3943 ἐκ
294 3893 594 3965 μεταϐολῆς
628 3899 991 3968 προσελθόντα
1025 3903 1090 3972 τῇ
1125 3904 1334 3970 πίστεις
1371 3908 1486 3962 Οὐκ
1530 3906 1721 3978 οἶσθα,
1756 3892 1842 3968 δτι

170 3980 222 4030 οἱ
253 3978 311 4030 ἐν
345 3979 641 4051 ἁμαρτίαις
667 3983 820 4049 ὄντες
844 4028 858 4051 ,
886 3986 988 4041 κᾶν
1022 3984 1217 4054 ζῶσιν,
1265 3992 1568 4049 ἀπέθανον·
1599 4000 1648 4051 οί
1692 3999 1749 4053 δὲ
1782 4003 1841 4055 ἐν

170 4063 494 4139 δικαιοσύνῃ
523 4067 744 4135 ζῶντες,
768 4071 872 4125 κᾶν
900 4073 1233 4141 ἀποθάνωσι,
1263 4078 1399 4142 ζῶσι
1420 4099 1435 4147 ;
1459 4084 1570 4136 Kal
1590 4084 1690 4138 οὑκ
1709 4088 1840 4157 ἐμὸς

168 4145 328 4216 οὗτος
360 4156 389 4206 6
432 4153 622 4222 λόγος·
672 4157 943 4226 ἀπόφασίς
992 4162 1108 4214 ἐστι
1140 4164 1236 4217 τοῦ
1272 4145 1507 4237 Χριστοῦ
1556 4171 1693 4243 πρὸς

168 4238 404 4309 Μάρθαν
435 4239 703 4309 λέγοντος·
725 4242 849 4309 Πᾶς
871 4247 904 4298 ό
929 4249 1232 4302 πιστεύων
1257 4254 1345 4317 είς
1374 4254 1508 4323 ἐμὲ,
1543 4238 1661 4309 κᾶν
1686 4238 1833 4314 ἁπο-

167 4323 632 4415 θάνῃᾸήσετφ.
664 4330 755 4400 Μὴ
804 4331 912 4401 γὰρ
951 4332 1118 4403 μῦθός
1175 4337 1293 4391 ἐστι
1343 4339 1412 4393 τὰ
1453 4342 1730 4415 ἠμέτερα;
1767 4348 1832 4401 Et

165 4415 496 4485 Χριστιανὸς
538 4411 624 4478 εἴ,
662 4416 882 4471 πίστευε
927 4419 1007 4490 τῷ
1055 4423 1314 4495 Χριστῷ’
1374 4429 1423 4480 εἰ
1454 4411 1727 4497 πιστεύεις
1756 4436 1833 4505 τῷ

164 4499 390 4572 Χριστῷ
418 4540 435 4565 ,
498 4502 587 4555 διὰ
642 4504 752 4556 τῶν
807 4509 983 4577 ἔργων
1022 4509 1286 4577 ἐπίδειξόν
1337 4530 1428 4583 μοι
1475 4516 1577 4587 τὴν
1627 4499 1828 4576 πίστιν.

166 4586 292 4650 Πῶς
334 4586 392 4639 δὲ
435 4588 677 4662 ἐπιδείξῃ
709 4590 796 4645 διὰ
828 4593 935 4646 τῶν
962 4592 1139 4665 ἔργων
1169 4598 1268 4668 τὴν
1306 4600 1489 4656 πίστιν
1514 4586 1541 4669 ;ί
1581 4606 1705 4661 Ἐὰν
1736 4627 1832 4664 κα-

163 4675 441 4744 ταφρονῇς
478 4674 731 4731 θανάτου.
760 4678 870 4731 Καὶ
901 4678 1008 4752 γὰρ
1030 4681 1317 4760 καὶταύτῃ
1337 4685 1698 4763 διεττήκαμεν
1721 4695 1829 4751 τῶν

165 4759 431 4815 ἀπίστων.

250 4849 475 4904 Ἐκεῖνοι
516 4851 615 4922 μὲν
647 4853 755 4926 γὰρ
782 4851 961 4920 καλῶς
986 4858 1274 4927 φοϐοῦνται
1310 4862 1402 4917 τὸν
1433 4864 1678 4936 θάνατον,
1697 4873 1829 4928 ἀνα·

163 4935 408 4999 στάσεως
453 4937 561 5009 γὰρ
596 4939 787 4995 ἐλπίδα
816 4943 916 4996 οὑκ
937 4943 1118 5014 έχουσι
1137 4962 1151 4977 ⁸
1178 4948 1242 5001 σὺ
1272 4949 1330 5002 δὲ
1364 4952 1392 5003 ό
1427 4954 1565 5023 πρὸς
1586 4935 1827 5025 βελτίονα

159 5023 359 5076 ὁδεύων
389 5023 528 5092 ὁδὸν,
557 5027 651 5079 καὶ
686 5030 813 5098 περ)⁵
858 5030 957 5100 τῆς
991 5031 1205 5098 ἐλπίδος
1234 5036 1333 5106 τῆς
1370 5040 1486 5092 ἐκεῖ
1516 5023 1825 5116 φιλοσοφεῖν

159 5107 318 5178 ἔχων,
352 5109 511 5163 ποίαν
536 5110 601 5165 ἂν
643 5112 786 5183 ἔχοις
816 5117 1164 5191 συγγνώμην,
1203 5123 1330 5192 περὶ
1351 5107 1696 5194 ἀναστάσεως
1714 5107 1823 5204 ’μὲν

160 5194 403 5267 θαρρῶν,
457 5198 657 5267 ὁμοίως
702 5200 758 5253 δὲ
807 5205 919 5267 τοῖς
952 5205 1239 5262 ἀπιστοῦσι
1280 5212 1345 5281 τῇ
1388 5212 1680 5271 ἀναστάσει
1726 5194 1823 5275 τὸν

158 5284 387 5339 θάνατον
405 5287 690 5355 δεδοικώς;
721 5291 861 5346 Ἀλλ’
893 5295 954 5347 οὑ
985 5295 1076 5348 τὸν
1104 5297 1332 5353 θάνατον
1366 5300 1598 5369 δέδοικα,
1634 5309 1819 5379 φησιν,

155 5372 278 5427 οὑδέ
302 5373 363 5428 τὸ
396 5375 708 5445 ἀποθανεῖν,
762 5380 898 5434 ἀλλά
924 5382 985 5453 τὸ
1014 5385 1198 5450 κακῶς
1239 5387 1551 5454 ἀποθανεῖν,
1594 5372 1656 5447 τὸ

153 5460 429 5532 τμηθῆναι
454 5464 554 5534 τὴν
576 5466 837 5540 κεφαλήν.
875 5471 1085 5526 Οὐκοῦν
1115 5476 1143 5527 6
1187 5474 1439 5547 Ἰωάννης
1492 5481 1678 5546 κακῶς
1712 5485 1821 5538 ἀπ-

154 5550 381 5618 έθανεν;
421 5550 715 5627 ἀπετμήθη
757 5558 895 5631 γάρ·
936 5561 1131 5617 οὐκοῦν
1158 5567 1184 5618 ό
1205 5566 1473 5635 Στέφανος
1496 5571 1679 5637 κακῶς
1708 5574 1818 5627 ἀπ-

212 5691 242 5775 :
261 5691 810 5775 ρὲυὲίι-αρεὲιπόδυσιν.
852 5699 960 5775 Mox
984 5702 1258 5775 finqnlgmb
1279 5707 1482 5775 dgestiu
1498 5712 1811 5775 aliquntmss.

210 5753 242 5824 ξ
266 5754 521 5824 ξίςιίῆδνὶι.
546 5759 721 5824 m_c.ius
743 5773 888 5821 quam
919 5763 1048 5824 vnlg.
1073 5764 1279 5819 ἀπάξειν.
1300 5753 1452 5816 ήΕὑῖτξ

207 5800 228 5891 ξ
389 5800 643 5897 ξςτραφείς,
664 5828 722 5897 Et
744 5800 852 5897 111163:
881 5824 926 5870 ἐν
952 5800 1222 5897 διξαιορύδῃ
1249 5800 1391 5886 ὄντες.
1427 5833 1575 5883 Paulo
1594 5843 1704 5897 post
1726 5836 1810 5888 alii

145 5878 257 5931 πρὸς
282 5878 367 5935 τήν
400 5878 604 5942 Μαρίαν,
630 5879 710 5930 alii
735 5884 849 5939 πρὸς
881 5901 964 5942 την
990 5886 1199 5946 Μάρθαν.

2000 584 2153 655 πυρὶ,
2186 589 2235 640 οί
2267 588 2324 642 δὲ
2355 591 2557 663 σιδήρῳ
2583 592 2673 646 τὸν
2704 593 2817 664 βίον
2861 594 3188 649 κατέλυσαν⁸
3244 597 3337 650 καὶ
3367 597 3419 649 οἱ
3464 598 3560 668 μὲν
3589 606 3669 663 εις

1997 670 2255 741 πέλαγος,
2304 679 2354 729 οί
2404 678 2461 730 δὲ
2514 680 2596 743 εἰς
2629 681 2892 752 κρημνὸν,
2939 684 2988 735 οἱ
3019 683 3080 735 ’δὲ
3120 685 3201 746 εἰς
3238 683 3455 747 ὀδόντας
3503 686 3669 755 ἐμπε-

1997 756 2181 823 σόντες
2210 761 2431 833 θηρίων,
2459 767 2631 830 οὑτως
2658 768 2948 823 ἀπέθανον.
2978 770 3053 823 Οὐ
3103 770 3258 825 τοῦτό
3307 771 3422 824 ἐστι
3468 771 3531 824 τὸ
3562 790 3666 827 κα-

1996 843 2107 908 κῶς
2140 847 2456 914 ἀποθανεῖν,
2488 853 2761 925 ἄνθρωπε,
2794 856 2856 909 τὸ
2887 855 3046 928 βιαίῳ
3073 856 3392 929 τελευτῆσαι
3425 859 3662 933 θανάτῳ,

1993 930 2129 986 ἀλλά
2177 934 2239 987 τὸ
2287 938 2344 990 ἐν
2384 939 2681 1011 ἁμαρτίαις
2728 943 3038 999 ἀποθανεῖν.
3096 946 3363 999 Ἄκουσον
3394 947 3525 1016 γοῦν
3565 930 3661 1002 τοῦ

1992 1020 2273 1091 προφήτου
2308 1024 2435 1094 περὶ
2464 1026 2645 1081 αὐτῶν
2672 1028 2880 1083 τούτων
2910 1030 3327 1101 φιλοσοφοῦντος
3353 1034 3447 1086 καὶ
3474 1034 3663 1102 λέγον-

1989 1119 2099 1167 τοςο
2139 1106 2401 1177 Θάνατος
2438 1112 2802 1181 ἁμαρτωλῶν
2843 1118 3105 1185 πονηρός
3127 1133 3142 1147 ·
3197 1119 3298 1172 οὐκ
3345 1115 3486 1173 εἷπε⁸
3549 1121 3660 1174 Θά-

1989 1210 2147 1259 νατος
2179 1196 2353 1267 βίαιος
2379 1203 2616 1274 πονηρός
2639 1220 2654 1235 ο
2684 1204 2822 1259 ἀλλά
2852 1205 2941 1270 τί;
2996 1205 3261 1273 Θάνατος
3301 1209 3663 1278 ἁμαρτωλῶν
3744 1211 3752 1217 ’

1986 1286 2271 1351 πονηρός.
2320 1289 2584 1354 Δικαίωςο
2630 1291 2767 1361 μετά
2791 1290 2900 1365 γὰρ
2943 1292 3042 1362 τὴν
3070 1293 3318 1347 ἐντεῦθεν
3350 1296 3659 1367 ἀποδημίαν

1986 1368 2207 1435 κόλασις
2255 1373 2548 1446 ἀφόρητος,
2608 1378 2871 1448 τιμωρίαι
2926 1378 3217 1444 ἀθάνατοι,
3262 1382 3290 1434 6
3352 1380 3569 1453 σκώληξ
3631 1385 3659 1435 ό

1990 1454 2210 1524 ίοϐόλος,
2238 1458 2299 1511 τὸ
2329 1460 2440 1532 πῦρ
2468 1461 2529 1514 τὸ
2559 1462 2842 1530 ἄσϐεστον,
2881 1464 2942 1518 τὸ
2969 1467 3160 1530 σκότος
3190 1466 3251 1520 τὸ
3276 1467 3558 1539 ἐξώτερον,
3588 1470 3659 1523 τὰ

1986 1540 2165 1613 δεσμά
2205 1545 2273 1599 τὰ
2315 1546 2505 1604 ἄλυτα.
2548 1551 2576 1603 ὁ
2608 1550 2715 1604 τῶν
2748 1552 2973 1607 ὀδόντων
3018 1553 3282 1625 βρυγμὸς,
3312 1557 3345 1625 ή
3400 1554 3656 1628 θλῖψιςνή

1980 1630 2335 1701 στενοχωρία,
2363 1634 2458 1686 καὶ
2496 1635 2529 1705 ἡ
2558 1636 2775 1701 αἰώνιος
2799 1638 2946 1709 δίκη.

2049 1725 2119 1786 γ’.
2147 1721 2315 1776 Ὅταν
2337 1718 2429 1776 οὖν
2449 1725 2673 1780 τοιαῦτα
2693 1730 2820 1793 τοὺς
2839 1731 3199 1802 ἁμαρτωλοὺς
3213 1734 3460 1808 ἀναμένῃ
3486 1736 3649 1799 κακὰ,

1974 1803 2237 1873 τίγένοιτ’
2260 1808 2327 1863 ἂν
2355 1812 2536 1875 αὑτοῖς
2555 1812 2766 1883 ὄφελος,
2793 1815 2895 1870 κᾶν
2923 1818 3202 1880 οἵκοι,κᾶν
3225 1803 3653 1892 ἐπὶτῆςνέαυτῶν

1976 1895 2164 1968 κλίνης
2209 1900 2556 1956 καταλύσωσι
2585 1905 2684 1975 τὴν
2709 1904 2891 1978 ζωήν;
2927 1907 3116 1981 ὥσπερ
3145 1906 3238 1964 οὖν
3267 1914 3379 1975 τοῖς
3423 1912 3652 1974 δικαίοις

1972 1982 2125 2035 οὐδὲν
2170 1983 2236 2039 ἂν
2275 1988 2483 2054 γένοιτο
2522 1988 2718 2059 βλάϐος
2754 1995 2819 2045 ἐκ
2855 1993 2949 2047 τοῦ
2999 1993 3141 2065 ξίφει
3190 1997 3286 2050 καὶ
3324 1997 3526 2070 σιδήρῳ
3558 2000 3653 2052 καὶ

1974 2070 2106 2140 πυρὶ
2133 2072 2234 2142 τὴν
2263 2075 2545 2144 παροῦσαν
2569 2078 2866 2134 ἀποθέσθαι
2900 2081 3064 2152 ζωὴν,
3102 2085 3232 2137 ὅταν
3265 2085 3402 2156 πρὸς
3428 2086 3494 2138 τὰ
3525 2084 3654 2140 ἀθάο

1972 2171 2110 2210 νατα
2178 2159 2444 2229 μέλλωσιν
2496 2164 2799 2236 ἀποδημεῖν
2845 2168 3044 2236 ἀγαθά,
3105 2170 3344 2241 Ἀληθῶς
3386 2171 3651 2241 Θάνατος

1971 2244 2336 2313 ἁμαρτωλῶν
2358 2255 2645 2319 πονηρός.
2678 2255 2930 2320 Τοιοῦτος
2954 2253 3023 2328 ἦν
3046 2260 3074 2311 6
3120 2259 3216 2312 τοῦ
3269 2259 3520 2314 πλουσίου
3548 2262 3648 2315 θά-

1970 2348 2129 2394 νατος
2175 2335 2382 2390 ἐκείνου
2429 2339 2522 2391 τοῦ
2574 2339 2664 2394 τὸν
2697 2343 2947 2414 Λάζαρον
3008 2346 3369 2416 ὑπεριδόντος,
3405 2348 3463 2412 ὃς
3506 2349 3647 2404 οῖκοι

1969 2418 2064 2471 καὶ
2098 2419 2189 2472 ἐπὶ
2213 2421 2312 2490 τῆς
2337 2423 2521 2494 κλίνης
2557 2425 2650 2478 καὶ
2675 2427 2784 2480 τῶν
2808 2429 3128 2500 ἐπιτηδείων
3154 2434 3434 2504 παρόντων
3467 2436 3646 2508 οἰκείᾳ

1964 2502 2184 2576 τελευτῇ
2217 2508 2525 2574 καταλύσας
2560 2512 2654 2564 τὸν
2691 2511 2804 2585 [65]
2835 2512 2967 2583 βίον,
3007 2502 3255 2570 ἀπελθὼν
3279 2521 3396 2572 ἐκεῖ
3426 2502 3633 2592 ἀπετη-ἰ

1964 2590 2235 2657 γανίζετο,
2267 2593 2389 2647 οὐδὲ
2405 2595 2609 2666 μικρὰν
2635 2600 2988 2670 παραμυθίαν
3005 2603 3069 2656 ὲκ
3090 2604 3186 2674 τῆς
3213 2605 3356 2659 κατά
3377 2606 3467 2660 τὸν
3495 2590 3639 2679 παρ-

1959 2675 2090 2730 Δόντα
2132 2677 2244 2748 βίον
2275 2681 2575 2752 εὐημερίας
2621 2685 2802 2756 εὑρεῖν
2844 2687 3091 2759 δυνηθεὶς
3123 2692 3257 2745 ἐκεῖ.
3312 2692 3450 2746 Ἀλλ’
3486 2675 3586 2766 οὑν
3612 2698 3641 2750 6

1961 2764 2210 2836 Λάζαρος
2238 2765 2441 2832 οὕτως.
2473 2769 2586 2823 ἀλλ’
2616 2772 2702 2825 ἐπ’
2731 2772 2897 2826 αὑτοῦ
2925 2774 3020 2828 τοῦ
3064 2776 3293 2846 ἐδάφους
3328 2779 3438 2835 τῶν
3463 2782 3640 2836 κυνῶν

1963 2851 2240 2922 παρόντων
2265 2856 2357 2909 καὶ
2387 2855 2713 2928 λειχομένων
2738 2859 2806 2914 τὰ
2832 2862 3140 2933 τραύματα,
3190 2866 3366 2935 βίαιον
3402 2868 3638 2923 θάνατον

1961 2939 2222 3007 ὑποστὰς,
2252 2941 2324 3013 (τί
2362 2943 2470 3015 γὰρ
2501 2944 2661 3016 λιμοῦ
2693 2947 2892 3015 γένοιτ’
2924 2950 2991 3004 ἂν
3018 2951 3401 3026 ὀδυνηρότερον
3417 2955 3454 3026 ;)
3472 2957 3638 3012 ἀπελ-

1960 3023 2066 3079 θὼν
2109 3030 2225 3080 ἐκεῖ
2261 3028 2370 3082 τῶν
2414 3031 2649 3086 αἰωνίων
2681 3035 2994 3105 ἀπήλαυσεν
3054 3038 3296 3106 ἀγαθῶν,
3356 3044 3633 3113 ἐντρυφῶν

1957 3114 2068 3175 τοῖς
2088 3112 2307 3176 κόλποις
2346 3113 2441 3168 τοῦ
2494 3117 2762 3189 Ἀϐραάμ.
2797 3121 2861 3173 Τί
2888 3123 3066 3175 τοίνυν
3096 3112 3630 3197 παρέϐλαψεναὺτὸν

1956 3198 2016 3251 τὸ
2052 3198 2240 3269 βιαίως
2269 3202 2592 3271 ἀποθανεῖν;
2643 3206 2696 3259 τί
2742 3207 2798 3259 δὲ
2827 3208 2919 3261 τὸν
2962 3209 3215 3266 πλούσιον
3256 3213 3431 3287 ὢνησε
3464 3216 3525 3270 τὸ
3555 3217 3631 3289 μὴ

1954 3284 2147 3355 βιαίως
2187 3287 2481 3344 ἀποθανεῖν
2501 3307 2516 3357 ;

2037 3374 2179 3429 Ἀλλ’
2208 3376 2269 3429 οὑ
2296 3375 2355 3430 τὸ
2389 3377 2600 3448 βιαίως,
2632 3380 2818 3452 φησὶν,
2863 3383 2998 3437 ἀλλὰ
3024 3384 3083 3438 τὸ
3112 3386 3313 3452 ἀδίκως
3340 3389 3629 3447 ἀποθανεῖν

1950 3460 2288 3534 δεδοίκαμεν,
2336 3467 2430 3519 καὶ
2476 3467 2536 3520 τὸ
2587 3468 2753 3538 μηδὲν
2780 3472 3192 3543 τετολμηκότες,
3225 3469 3300 3529 ὧν
3330 3479 3631 3533 ὑποπτευό-

1952 3548 2117 3619 μεθα,
2133 3555 2243 3614 τοῖς
2295 3553 2557 3608 ἑαλωκόσι
2602 3556 2929 3628 κολασθῆναι
2982 3562 3402 3635 παραπλησίως.
3443 3566 3508 3620 Τί
3538 3567 3627 3621 λέ-

1947 3650 2087 3701 γεις,
2117 3637 2238 3688 είπέ
2271 3654 2395 3705 μοι;
2426 3638 2487 3691 τὸ
2529 3640 2731 3706 ἀδίκως
2761 3642 3048 3699 ἀποθανεῖν
3086 3647 3363 3715 δέδοικας;
3390 3649 3522 3706 ἀλλά
3546 3653 3625 3707 διο

1948 3720 2118 3785 καίως
2148 3721 2407 3789 ἐϐούλου;
2441 3725 2551 3779 Kal
2586 3729 2669 3792 τίς
2705 3729 2877 3794 οὕτως
2906 3731 3088 3797 ἄθλιος
3120 3735 3215 3787 καὶ
3259 3735 3620 3809 ταλαίπωρος,

1945 3807 2021 3871 ώς
2051 3810 2226 3881 παρὸν
2257 3812 2458 3876 ἀδίκως
2491 3814 2804 3882 ἀποθανεῖν,
2856 3817 3080 3883 δικαίως
3119 3821 3340 3875 ἑλέσθαι
3384 3807 3618 3895 μᾶλλονς

1943 3893 2009 3945 Εἰ
2062 3896 2171 3965 γὰρ
2229 3896 2456 3951 θάνατον
2519 3900 2819 3954 δεδοικέναι
2875 3903 3003 3974 χρὴ,
3058 3904 3149 3957 τὸν
3205 3893 3425 3971 δικαίως
3478 3911 3613 3980 ἡμῖν

1944 3980 2165 4034 ἐπιόντα
2182 3981 2479 4036 δεδοικέναι
2511 3985 2640 4056 χρὴ,
2670 3986 2747 4050 ὡς
2774 3987 2801 4039 ὃ
2833 4005 2894 4056 γε
2938 3988 3137 4053 ἀδίκως
3180 3992 3466 4047 ἀποθανὼν
3495 4000 3618 4049 κατ’

1941 4068 2073 4120 αὑτὸ
2104 4068 2262 4122 τοῦτο
2288 4074 2533 4124 κοινωνεῖ
2565 4075 2677 4136 τοῖς
2704 4073 2879 4142 ἁγίοις
2908 4074 3128 4130 ἅπασιν.
3166 4079 3226 4130 Οί
3258 4078 3366 4151 γάρ
3400 4083 3617 4149 πλείους

1939 4154 2048 4208 τῶν
2094 4156 2534 4229 εὐδοκιμηκότων
2567 4158 2720 4230 παρὰ
2744 4160 2821 4231 τῷ
2863 4160 2981 4232 Θεῷ
3008 4162 3101 4215 καὶ
3124 4162 3474 4234 λαμψάντων,
3502 4170 3614 4224 ἀδι-

1939 4259 2033 4295 κον
2059 4243 2373 4314 ὑπέστησαν
2413 4245 2688 4316 τελευτὴν,
2713 4247 2806 4299 καὶ
2837 4248 3052 4319 πρῶτος
3083 4252 3113 4303 6
3154 4252 3320 4304 Ἀϐελ
3340 4270 3355 4285 ·
3404 4255 3464 4308 οὑ
3503 4258 3612 4330 γὰρ

1936 4328 2000 4401 δὴ
2050 4329 2449 4403 πλημμελήσας
2493 4335 2572 4396 είς
2604 4333 2694 4387 τὸν
2731 4333 2976 4404 ἀδελφὸν,
3011 4336 3131 4390 οὑδὲ
3168 4337 3412 4413 λυπήσας
3444 4360 3497 4396 τι
3522 4328 3610 4398 τὸν

1936 4417 2095 4479 Κάῖν,
2136 4417 2250 4472 ἀλλ’
2273 4420 2463 4491 ἐπειδὴ
2491 4420 2581 4473 τὸν
2615 4421 2746 4475 Θεὸν
2779 4421 3025 4493 ἐτίμησε,
3057 4423 3145 4478 διὰ
3169 4426 3328 4481 τοῦτο
3353 4430 3568 4502 ἐσφάγη
3588 4450 3602 4464 ο

1933 4504 1960 4557 6
1989 4504 2046 4557 δὲ
2084 4505 2213 4568 Θεὸς
2252 4505 2652 4580 συνεχώρησεν,
2677 4503 2785 4578 ἆρα
2825 4509 2994 4578 φιλῶν
3023 4511 3241 4585 αὑτὸνῆ
3277 4516 3484 4585 μισῶν;
3516 4518 3606 4572 εῦ-

1931 4590 2088 4659 δηλον
2143 4592 2222 4646 ὅτι
2267 4593 2456 4661 φιλῶν,
2508 4595 2604 4647 καὶ
2627 4593 3004 4667 λαμπρότερον
3047 4599 3194 4669 αὑτῷ
3221 4601 3312 4653 τὸν
3345 4604 3606 4673 στέφανον

1931 4677 2151 4748 ποιῆσαι
2186 4677 2506 4749 βουλόμενος
2538 4679 2644 4735 ἀπὸ
2674 4681 2771 4752 τῆς
2796 4680 3133 4754 ἀδικωτάτης
3162 4686 3396 4757 σφαγῆς.
3447 4689 3605 4763 Ὁρᾷς

1929 4765 2010 4817 ὅτι
2041 4765 2101 4817 οὑ
2127 4765 2188 4818 τὸ
2223 4765 2413 4836 βιαίως
2448 4765 2760 4835 ἀποθανεῖν,
2801 4767 2925 4822 οὔτε
2958 4769 3021 4822 τὸ
3065 4770 3266 4837 ἀδίκως
3316 4776 3603 4834 ἀποθανεῖν

1927 4849 2221 4905 δεδοικέναι
2263 4853 2389 4926 χρὴ,
2436 4852 2572 4907 ἀλλὰ
2603 4852 2665 4907 τὸ
2713 4857 2771 4907 ἐν
2820 4853 3113 4926 ἁμαρτίαις
3159 4858 3484 4929 ἀποθανεῖν;
3541 4865 3601 4916 '0

1930 4938 2095 4991 Ἀϐελ
2115 4939 2382 4994 ἀπέθανεν
2409 4941 2628 5007 ἀδίκως,
2657 4944 2684 4995 6
2715 4942 2852 4996 Κάῖν
2880 4943 2976 5012 ἔζη
3002 4943 3201 4999 στένων
3221 4948 3314 5001 καὶ
3343 4949 3561 5020 τρέμων
3581 4969 3596 4985 ο

1925 5026 2008 5089 τίς
2047 5021 2159 5090 οὖν,
2200 5027 2321 5079 εἰπέ
2346 5044 2454 5098 μοι,
2492 5027 2902 5100 μακαριώτερος
2916 5025 3004 5100 ἦν,
3038 5032 3064 5083 6
3097 5033 3234 5102 μετά
3254 5034 3598 5107 δικαιοσύνης

1923 5114 2398 5185 ἀναπαυσάμενος,
2435 5115 2468 5185 ἢ
2508 5115 2536 5166 6
2569 5117 2626 5169 ἐν
2663 5116 2955 5189 ἁμαρτίαις
2999 5116 3142 5183 ζῶν;
3172 5120 3200 5171 6
3238 5121 3433 5187 ἀδίκως
3464 5123 3597 5176 ἀπο.

1923 5199 2120 5265 θανὼν,
2148 5201 2182 5272 ἢ
2221 5203 2250 5254 6
2280 5201 2504 5264 δικαίως
2539 5202 2929 5275 κολαζόμενος;
2990 5204 3253 5260 Βούλεσθε
3286 5209 3428 5262 εἴπω
3458 5212 3596 5282 πρὸς

1922 5287 2019 5358 τὴν
2050 5288 2319 5359 ὑμετέραν
2349 5288 2593 5360 ἀγάπην,
2631 5290 2793 5344 πόθεν
2839 5291 3153 5364 δεδοίκαμεν
3182 5293 3408 5348 θάνατον
3432 5313 3447 5363 ;
3478 5297 3593 5354 Οὐκ

1921 5374 2158 5446 ἔτρωσεν
2188 5376 2335 5445 ἡμᾶς
2370 5374 2644 5445 βασιλείας
2678 5376 2836 5448 ἔρως,
2869 5378 2988 5431 οὑδὲ
3020 5379 3224 5447 ἀνῆψεν
3250 5382 3394 5452 ἡμᾶς
3425 5384 3453 5436 6
3481 5385 3593 5441 τῶν

1922 5459 2219 5529 μελλόντων
2248 5461 2428 5527 πόθος,
2458 5462 2579 5515 ἐπεὶ
2610 5464 2825 5516 πάντων
2843 5464 2908 5517 ἂν
2936 5465 3288 5535 ὑπερείδομεν
3314 5468 3421 5521 τῶν
3452 5488 3590 5544 παρ-

1915 5546 2104 5611 όντων,
2171 5548 2423 5620 καθάπερ
2465 5550 2493 5601 6
2531 5552 2798 5621 μακάριος
2828 5551 3054 5613 Παῦλος.
3082 5552 3191 5605 Kal
3226 5554 3359 5626 πρὸς
3385 5556 3591 5624 τούτοις

1917 5632 2076 5685 πάλιν
2101 5633 2160 5685 οὑ
2195 5634 2505 5704 φοϐούμεθα
2548 5637 2788 5704 γέενναν,
2823 5636 2909 5690 διὰ
2955 5636 3111 5690 τοῦτο
3158 5640 3383 5713 φοϐούμι
3404 5644 3470 5697 θα
3502 5645 3591 5700 θά-

1915 5735 2104 5773 νατον·
2144 5720 2243 5773 οὐκ
2290 5722 2447 5792 ῐσμεν
2479 5723 2580 5793 τῆς
2611 5724 2730 5776 ἐκεῖ
2759 5725 3031 5790 κολάσεως
3077 5726 3137 5779 τὸ
3173 5729 3465 5801 ἀφόρητον,
3500 5733 3587 5787 διά

1912 5804 2068 5859 τοῦτο
2094 5806 2348 5878 τελευτὴν
2370 5808 2489 5861 ἀντὶ
2517 5810 2792 5879 ἁμαρτίας
2816 5812 3132 5883 δεδοίκαμεν
3153 5831 3166 5845 ⁸
3198 5816 3274 5871 ὡς
3294 5819 3342 5869 ει
3375 5821 3580 5884 ἐκεῖνος

1917 5896 2129 5961 κατεῖχε
2153 5894 2249 5959 τὴν
2285 5894 2460 5963 ψυχὴν
2495 5896 2647 5966 ήμῶν
2667 5899 2695 5950 6
2716 5899 2898 5968 φόϐος,
2922 5901 3040 5954 οὑδέ
3069 5901 3398 5958 ἐπεισελθεῖν
3428 5901 3580 5970 οὗτος
