3892 6236
297 301 364 358 73
1076 297 1138 349 S.
1181 294 1462 349 JU.\N.\'IS
1499 289 1995 348 CHRYSOSTOMI
2033 283 2355 345 ARCHIEP.
2397 272 2947 338 CONSTANTINOP.
3699 264 3764 316 τι

293 417 540 488 ἡδύδατο.
601 415 711 467 Καὶ
749 411 908 466 τοῦτο
950 412 1012 464 οὐ
1065 410 1344 482 πόρρωθέν
1382 409 1564 470 ποθεν,
1609 408 1723 462 ἀλλ’
1757 405 1966 460 οίκοθεν

292 505 388 556 καὶ
430 505 488 566 ἐξ
517 501 698 554 αὐτῶν
731 502 839 554 τῶν
885 499 1308 570 συμϐεϐηκότων
1337 499 1466 568 ἡμῖν
1494 499 1552 549 ἐν
1589 496 1707 559 ταῖς
1734 496 1969 566 ἡμέραις

290 593 519 655 ταύταις
549 592 882 662 πειράσομαι
910 589 1132 659 ποιῆσαι
1162 586 1414 658 φανερόν.
1460 582 1675 655 Ἐπειδὴ
1707 584 1817 655 γάρ
1843 580 1974 655 ἦλθε

295 681 445 751 παρὰ
486 680 749 750 βασιλέως
783 680 850 732 τά
877 679 1176 748 γράμματα
1210 676 1308 744 τὴν
1351 672 1610 746 εἰσφοράν
1641 671 1844 741 ταύτην
1878 671 1977 741 τήν

293 769 570 839 ἀφόρητον
612 763 750 819 εἶναι
790 764 1049 818 δοκοῦσαν
1083 762 1372 816 κελεύοντα
1407 759 1743 822 καταθεῖναι,
1779 757 1978 821 πάντες

295 854 642 918 ἐστασίαζον,
673 851 871 914 πάντες
910 851 1297 920 ἐφιλονείκουν,
1342 849 1743 920 ἐδυσχέραινον,
1771 845 1977 915 ἠγανά-

296 959 478 1006 κτουν,
538 941 674 1011 πρὸς
705 939 966 1009 ἀλλήλους
1021 938 1368 1001 ἀπαντῶντες
1423 936 1639 1004 ἔλεγον·
1719 933 1976 995 Ἀϐίωτος

297 1031 428 1098 ἡμῖν
457 1040 481 1067 ι
513 1029 542 1081 ό
577 1027 712 1097 βίος,
751 1026 1033 1096 ἀνετράπη
1073 1028 1106 1096 ή
1145 1025 1318 1088 πόλις,
1357 1023 1532 1088 οὐδεὶς
1554 1022 1848 1092 ὑποστῆναι
1885 1019 1977 1072 δυ-

297 1122 513 1186 νήσεται
540 1115 642 1185 τῆς
671 1115 930 1184 εἰσφορᾶς
958 1113 1163 1182 ταύτης
1199 1112 1260 1165 τὸ
1291 1110 1518 1182 μέγεθος
1537 1127 1550 1140 ·
1586 1109 1682 1163 καὶ
1712 1106 1978 1179 ἤσχαλλον

295 1201 498 1264 πάντες
542 1201 625 1264 ὡς
671 1202 798 1273 περὶ
862 1200 972 1252 τῶν
1022 1199 1267 1269 ἐσχάτων
1320 1197 1500 1251 αὐτῶν
1554 1195 1975 1256 κινδυνεύοντες.

299 1287 446 1342 Μετά
499 1288 696 1352 ταῦτα,
741 1287 927 1358 ἐπειδὴ
964 1286 1162 1359 συνέϐη
1205 1286 1272 1340 τά
1313 1284 1672 1356 τολμηθέντα,
1709 1283 1801 1336 καί
1834 1299 1978 1346 τινες

301 1378 489 1448 μιαροὶ
534 1375 631 1428 καὶ
685 1377 996 1446 παμμίαροι
1045 1377 1170 1438 τοὺς
1221 1374 1416 1445 νόμους
1469 1373 1976 1442 καταπατήσαντες,

297 1465 423 1526 τοὺς
465 1463 792 1535 ἀνδριάντας
836 1463 1108 1526 καθεῖλον,
1139 1464 1234 1516 καὶ
1287 1463 1379 1516 τὸν
1415 1462 1542 1533 περὶ
1579 1461 1688 1514 τῶν
1736 1459 1978 1529 ἐσχάτων

297 1553 466 1604 πᾶσιν
511 1552 900 1622 ἐπεκρέμασαν
938 1550 1201 1611 κίνδυνον,
1263 1551 1356 1603 καὶ
1407 1549 1500 1602 νῦν
1549 1550 1680 1618 περὶ
1708 1547 1809 1616 τῆς
1833 1547 1979 1618 ζωῆς

298 1637 471 1706 αὐτῆς
506 1637 828 1707 δεδοίκαμεν
881 1637 1287 1709 παροξύναντες
1333 1637 1425 1688 τὸν
1461 1636 1686 1706 βασιλέα
1711 1653 1724 1666 ·
1763 1635 1866 1688 οὐκ
1898 1635 1979 1687 ἔτι

298 1723 485 1776 λοιπὸν
515 1726 660 1794 ἡμᾶς
695 1727 728 1794 ὴ
759 1725 867 1777 τῶν
892 1725 1192 1795 χρημάτων
1223 1724 1409 1776 δάκνει
1440 1723 1633 1794 ζημία.
1677 1722 1790 1776 ἀλλ’
1815 1722 1979 1792 ἐτερα

297 1810 412 1862 ἀντ’
439 1809 660 1862 ἐκείνων
673 1809 788 1881 [64]
827 1811 1043 1864 πάντων
1077 1811 1258 1865 ἀκούω
1289 1811 1552 1879 λεγόντων
1575 1812 1590 1826 ⁹
1625 1803 1850 1862 Λαϐέτω
1881 1808 1981 1877 τὴν

299 1896 490 1950 οὐσίαν
528 1900 556 1950 ό
601 1896 874 1966 βασιλεὺς,
911 1899 1331 1970 ἀωστησόμεθα
1381 1899 1474 1950 καὶ
1519 1897 1628 1949 τῶν
1668 1895 1854 1967 ἀγρῶν
1888 1896 1980 1948 καὶ

299 1981 412 2033 τῶν
448 1983 645 2035 οὐσιῶν
677 1984 703 2022 b
742 1983 1065 2054 ἀγαπητῶς,
1097 1985 1256 2054 μόνον
1284 1983 1351 2037 ἂν
1397 1982 1458 2036 τὸ
1488 1982 1646 2053 σῶμα
1669 1983 1874 2052 γυμνόν
1899 1998 1981 2045 τις

303 2075 436 2143 ἡμῖν
482 2074 786 2145 ὑπόσχηται
837 2073 1144 2138 διασώζειν.
1204 2074 1416 2145 Ὥσπερ
1463 2069 1558 2126 οῦν
1611 2073 1740 2144 πρὶν
1803 2073 1836 2143 ἢ
1890 2072 1980 2124 τὸν

302 2162 396 2214 τοῦ
428 2163 658 2216 θανάτου
695 2163 858 2232 φόϐον
887 2165 1017 2233 ἡμῖν
1049 2163 1357 2232 ἐπιστῆναι,
1393 2163 1613 2217 ἔδακνεν
1643 2166 1675 2234 ἡ
1686 2164 1791 2232 μᾶς
1822 2165 1854 2232 ὴ
1884 2163 1981 2232 ξη-

305 2251 406 2320 μία
442 2251 549 2304 τῶν
588 2251 906 2322 χρημάτων,
932 2251 1120 2323 ἐπειδὴ
1164 2251 1220 2304 δὲ
1249 2251 1522 2322 ἐτολμήθη
1573 2251 1642 2304 τά
1688 2252 1981 2322 παράνομα

299 2338 472 2391 ταῦτα
504 2339 848 2410 τολμήματα,
873 2339 902 2390 ό
939 2339 1032 2392 τοῦ
1068 2338 1297 2394 θανάτου
1332 2339 1495 2408 φόϐος
1527 2339 1857 2393 ἐπεισελθὼν
1879 2341 1980 2410 τὴν

297 2425 490 2496 όδύνην
532 2426 634 2497 τῆς
678 2427 882 2497 ζημίας
929 2427 1251 2498 ἀπώθησεν·
1281 2427 1455 2491 οὕτως
1485 2429 1534 2480 εἰ
1561 2430 1589 2481 ό
1627 2427 1725 2497 τῆς
1753 2427 1981 2498 γεέννης

302 2514 464 2583 φόϐος
500 2518 748 2585 κατεῖχεν
789 2515 944 2586 ἡμῶν
987 2515 1086 2580 τάς
1109 2515 1306 2585 ψυχὰς,
1340 2516 1440 2569 οὐκ
1471 2516 1536 2570 ἂν
1563 2518 1593 2569 ὁ
1623 2516 1716 2569 τοῦ
1751 2516 1979 2570 θανάτου

301 2602 469 2668 φόϐος
516 2603 816 2672 κατέσχεν·
863 2601 978 2655 ἀλλ’
1026 2603 1214 2674 ὥσπερ
1247 2603 1485 2656 ἐπὶτῶν
1533 2604 1822 2674 σωμάτων,
1852 2603 1981 2657 ὅταν

299 2690 394 2743 δύο
419 2692 569 2760 ήμᾶς
599 2691 948 2760 κατάσχωσιν
981 2690 1186 2754 ὀδύναι,
1211 2693 1244 2759 ή
1283 2691 1625 2762 δυνατωτέρα
1674 2692 1774 2762 τὴν
1811 2708 1982 2746 κατα-

301 2776 591 2848 δεεστέραν
626 2787 648 2816 ο
683 2777 1059 2848 ἀποκρύπτειν
1082 2777 1274 2831 εἴωθεν
1299 2793 1312 2805 ⁸
1345 2776 1488 2831 οὕτω
1513 2778 1606 2832 καὶ
1638 2777 1733 2832 νῦν
1765 2779 1981 2847 ἐγένετο

302 2863 370 2917 ἀν
390 2881 405 2894 ·
440 2866 489 2918 εί
527 2864 588 2917 τὸ
625 2865 724 2936 τῆς
766 2865 1068 2937 μελλούσης
1096 2865 1367 2930 κολάσεως
1395 2866 1512 2930 δέος
1545 2865 1734 2937 ἔμενεν
1764 2867 1856 2920 ἐπὶ
1883 2867 1982 2938 τῆς

301 2953 501 3023 ψυχῆς,
527 2953 704 3007 πάντα
733 2951 1073 3024 ἀνθρώπινον
1094 2953 1377 3025 ἀπέκρυψε
1408 2952 1591 3023 φόϐον.
1631 2954 1791 3007 Ὥστε
1822 2954 1980 3018 εἴτις

303 3041 596 3106 σπουδάζει
626 3041 714 3095 διά
753 3041 955 3104 παντὸς
986 3041 1293 3113 μεμνῆσθαι
1328 3042 1570 3114 γεέννης,
1608 3043 1789 3114 πάσης
1815 3060 1982 3098 κατα-

302 3129 595 3197 γελάσεται
619 3129 911 3202 τελευτῆς·
952 3131 1046 3184 καὶ
1089 3130 1245 3184 τοῦτο
1277 3131 1336 3184 οὐ
1382 3131 1480 3202 τῆς
1513 3132 1792 3203 παρούσης
1819 3133 1982 3186 αὐτὸν

301 3216 604 3282 ἀπαλλάξει
643 3218 804 3289 μόνον
847 3218 1109 3287 ἀγωνίας,
1158 3218 1295 3272 ἀλλά
1344 3219 1606 3290 κάκείνης
1636 3219 1981 3291 ἐξαιρήσεται

302 3307 403 3378 τῆς
441 3307 660 3378 φλογός.
703 3308 760 3361 '0
790 3307 899 3379 γάρ
928 3307 1016 3364 διά
1046 3307 1247 3372 παντὸς
1288 3308 1511 3376 γέενναν
1538 3307 1980 3372 δεδοικὼς,οῦδέ-

303 3396 425 3448 ποτ’
467 3398 548 3459 είς
593 3395 654 3448 τὸ
696 3396 796 3468 τῆς
841 3395 1067 3467 γεέννης
1098 3396 1419 3466 ἐμπεσεῖται
1454 3395 1585 3466 πῦρ,
1615 3395 1693 3465 τῷ
1744 3395 1984 3467 διηνεκεῖ

303 3483 479 3555 τούτῳ
498 3484 967 3557 σωφρονιζόμενος
992 3484 1160 3555 φόϐῳ.
1191 3484 1319 3537 Δότε
1352 3501 1440 3555 μοι
1471 3485 1608 3556 πρὸς
1632 3485 1776 3555 ὑμᾶς
1800 3485 1982 3538 εὐκαί-

307 3589 418 3641 ρως
461 3574 636 3625 εἰπεῖν
688 3572 816 3624 νῦν·
863 3569 1161 3641 Ἀδελφοί,
1201 3570 1287 3640 μὴ
1326 3570 1534 3626 παιδία
1565 3572 1808 3642 γίνεσθε
1852 3571 1981 3639 ταῖς

304 3658 543 3726 φρεσὶν,
572 3656 733 3710 ἀλλὰ
758 3655 832 3725 τῇ
866 3657 1045 3724 κακίᾳ
1074 3655 1402 3724 νηπιάζετε.

379 3740 487 3798 Καὶ
545 3741 653 3812 γάρ
742 3743 988 3797 παιδικὸν
1028 3741 1339 3812 φοϐούμεθα
1367 3740 1531 3810 φόϐον
1558 3741 1784 3796 θάνατον
1809 3744 1980 3798 δεδοι-

306 3829 486 3892 κότες,
512 3830 788 3901 ἁμαρτίαν
812 3829 867 3884 δὲ
899 3829 974 3900 μὴ
995 3829 1310 3892 δεδοικότες.
1339 3828 1449 3882 Καὶ
1471 3827 1580 3900 γὰρ
1600 3829 1669 3882 τά
1695 3829 1881 3884 παιδία
1913 3833 1980 3885 τά

308 3916 481 3988 μικρά
502 3919 818 3986 προσωπεῖα
859 3918 955 3988 μὲν
987 3915 1214 3980 δέδοικε,
1250 3915 1360 3987 πῦρ
1400 3916 1445 3968 δ’
1470 3915 1531 3968 οὐ
1562 3915 1823 3970 δέδοικεν·
1864 3919 1981 3972 ἀλλ’

305 4006 402 4057 ἐὰν
451 4004 829 4076 βασταζόμενα
876 4003 1013 4076 τύχῃ
1047 4003 1198 4076 παρά
1241 4003 1464 4074 λυχνίαν
1507 4001 1700 4074 λύχνον
1727 4003 1978 4076 ἔχουσαν,

303 4093 731 4164 ἀπερισκέπτως
773 4093 871 4164 τὴν
920 4094 1081 4162 χεῖρα
1124 4090 1391 4162 ἐπαφίησι
1438 4093 1506 4162 τῇ
1535 4090 1726 4162 λυχνία
1767 4094 1862 4146 καὶ
1911 4098 1978 4167 τῇ

305 4180 499 4248 φλογί·
557 4181 649 4232 καὶ
711 4179 772 4232 τὸ
851 4178 949 4250 μὲν
1005 4178 1480 4249 εὐκαταφρόνητον
1543 4178 1756 4248 φρίττει
1815 4197 1983 4252 προσ-

304 4271 524 4330 ωπεῖον,
556 4267 617 4320 τὸ
643 4267 686 4320 δ’
715 4265 930 4337 άληθῶς
965 4267 1194 4338 φοϐερὸν
1225 4267 1284 4320 οὐ
1317 4265 1522 4319 δέδοικε
1553 4265 1666 4337 πῦρ
1685 4282 1699 4296 ο
1731 4267 1873 4322 οὕτω
1915 4270 1978 4342 δὴ

305 4357 402 4409 καὶ
439 4357 598 4425 ἡμεῖς
649 4353 877 4408 θάνατον
931 4354 1028 4423 μὲν
1073 4354 1413 4424 δεδοίκαμεν,
1461 4353 1599 4424 ὅπερ
1636 4355 1784 4408 ἐστὶν
1815 4358 1981 4412 εὐκα-

303 4442 640 4511 ταφρόνητον
689 4441 1062 4512 προσωπεῖον,
1113 4441 1390 4512 ἁμαρτίαν
1432 4440 1478 4492 δ’
1532 4441 1593 4494 οὐ
1639 4441 1978 4515 δεδοίκαμεν,

303 4529 444 4600 ὅπερ
471 4530 616 4582 ἐστὶν
649 4527 865 4599 ἀληθῶς
901 4527 1151 4600 φοϐερὸν,
1192 4529 1286 4582 καὶ
1319 4528 1489 4600 πυρὸς
1521 4528 1678 4600 δίκην
1704 4533 1980 4589 κατεσθίει

302 4618 365 4669 τὸ
399 4617 656 4680 συνειδός.
690 4617 800 4668 Καὶ
849 4615 1024 4670 ταῦτα
1068 4616 1169 4669 οὐκ
1215 4616 1325 4669 ἀπὸ
1379 4617 1480 4688 τῆς
1506 4616 1615 4672 τῶν
1635 4621 1980 4690 πραγμάτων

305 4704 542 4772 φύσεως,
586 4703 701 4758 ἀλλ’
734 4703 794 4768 ἐξ
849 4702 1034 4761 ἀνοίας
1093 4704 1225 4774 ἡμῖν
1262 4703 1576 4775 συμϐαίνειν
1621 4705 1847 4760 εἴωθεν·
1904 4709 1982 4774 ὡς

305 4793 400 4844 ἐὰν
427 4789 791 4862 λογιζώμεθα,
825 4791 876 4844 τί
910 4792 1031 4844 ποτ’
1073 4790 1190 4844 ἔστι
1221 4791 1470 4857 θάνατος,
1526 4793 1773 4850 οὐδέποτ’
1816 4795 1979 4852 αὐτὸν

303 4879 574 4951 δείσομεν.
636 4879 702 4932 Τί
763 4883 881 4933 ποτ’
935 4875 1028 4934 οῦν
1095 4882 1212 4933 ἐστι
1280 4879 1542 4945 θάνατος;
1600 4882 1776 4955 Ὅπερ
1831 4887 1979 4941 ἐστὶν

307 4969 521 5040 ἱμάτιον
561 4967 966 5022 ἀποδύσασθαι·
1025 4968 1276 5040 καθάπερ
1321 4967 1430 5039 γὰρ
1467 4968 1700 5040 ἱμάτιον,
1731 4971 1791 5026 τὸ
1818 4973 1979 5046 σῶμα

301 5059 368 5129 τῇ
398 5057 543 5128 ψυχῇ
578 5056 907 5126 περίκειται,
940 5057 1033 5109 καὶ
1061 5055 1217 5110 τοῦτο
1266 5057 1404 5128 πρὸς
1435 5056 1607 5129 βραχὺ
1649 5059 1737 5114 διά
1770 5060 1871 5131 τῆς
1895 5079 1982 5115 τε-

301 5144 498 5216 λευτῆς
526 5145 852 5216 ἀποθέμενοι
879 5145 1257 5216 λαμπρότερον
1283 5146 1676 5218 ἀποληψόμεθα
1699 5149 1882 5204 πάλιν.
1915 5153 1957 5203 Τ
1965 5152 1980 5206 ί

302 5234 432 5288 ποτέ
461 5237 576 5288 ἐστι
605 5234 865 5298 θάνατος;
931 5233 1235 5305 Ἀποδημία
1280 5235 1637 5306 πρόσκαιρος,
1673 5235 1840 5300 ὕπνος
1873 5256 1981 5309 μα-

301 5320 561 5392 κρότερος
597 5323 692 5376 τοῦ
736 5322 1028 5394 συνήθους·
1060 5323 1201 5376 ὥστε
1244 5325 1292 5375 εί
1331 5323 1573 5386 δέδοικας
1601 5321 1852 5387 θάνατον,
1885 5341 1980 5393 φο-

301 5408 399 5462 ϐοῦ
445 5413 536 5465 καὶ
568 5411 769 5466 ὐπνον·
829 5413 877 5464 εί
915 5411 1002 5465 διὰ
1047 5412 1174 5476 τοὺς
1219 5412 1585 5474 τελευτῶντας
1632 5411 1838 5479 ἀλγεῖς,
1890 5413 1982 5467 άλ-

300 5511 470 5567 γησον
521 5501 615 5554 καὶ
656 5501 746 5555 διὰ
788 5501 914 5565 τοὺς
953 5501 1230 5566 ἐσθίοντας
1261 5503 1355 5556 καὶ
1387 5503 1475 5557 διά
1517 5504 1645 5566 τοὺς
1691 5500 1976 5566 πίνοντας·

300 5583 488 5660 ὥσπερ
533 5587 639 5662 γὰρ
671 5590 829 5644 τοῦτο
869 5591 1119 5660 φυσικὸν,
1150 5589 1293 5645 οὓτω
1321 5592 1561 5646 κάκεῖνο.
1608 5591 1699 5662 Μὴ
1739 5590 1979 5646 λυπείτω

362 5743 387 5812 ‘_'
403 5742 466 5812 S_:_I
473 5742 532 5812 ι’ξι
541 5781 552 5794 .
561 5751 611 5812 (τί
621 5747 802 5812 aliquot
816 5748 1510 5812 mss.&6cw1o;ﬁp?v,Morel.et
1519 5749 1600 5799 alii
1613 5749 1814 5806 ἀϐίωτος
1823 5753 1976 5812 ἡμῶν.

367 5804 396 5844 δ
417 5809 634 5876 ,Καὶλῶν
658 5804 820 5876 οίὶιιῷν
831 5811 1028 5876 quidam
1049 5804 1332 5876 anginam
1348 5820 1454 5873 post
1475 5813 1671 5868 quidam
1685 5804 1979 5875 ηιδεζῶσπερ

306 5868 388 5937 νῦν
413 5868 609 5937 ἐνταῦθα
631 5872 738 5937 πρὶν
759 5868 891 5937 $1th
917 5875 1021 5937 περὶ
1041 5871 1125 5920 τοῦ
1149 5868 1366 5921 θανάτουῖ

369 5931 390 5960 ο
427 5925 526 5978 Alli
544 5925 899 5982 ῦποδέεστέοαν.

2077 420 2134 455 σε
2200 400 2267 454 τά
2334 402 2433 470 τῆς
2467 397 2706 467 φύσεως,
2768 393 3008 447 λυπείτω
3045 407 3101 443 σε
3164 388 3365 460 μᾶλλον
3418 385 3488 439 τά
3528 383 3633 451 τῆς
3667 398 3765 435 τιο-

2077 491 2248 559 νηρᾶς
2310 485 2704 558 προαιρέσεως,
2765 481 2900 552 μηδέ
2937 479 3029 532 τὸν
3067 477 3403 530 τελευτῶντα
3463 471 3766 543 πενθήσεις,

2087 579 2222 631 ἁλλά
2245 577 2511 646 πένθησον
2540 563 2631 626 τὸν
2658 574 2718 623 ἐν
2753 570 3050 641 ἁμαρτίαις
3074 567 3273 633 ζῶντα.

2158 661 2218 715 δ’.
2242 661 2673 716 Ιὶούλειείπωκα).
2691 657 2884 730 ἑτέραν
2929 656 3128 719 αἰτίαν,
3182 655 3248 707 δι’
3282 652 3349 724 ἣν
3395 651 3486 705 τὸν
3536 650 3770 705 θάνατον

2087 750 2438 818 δεδοίκαμεν;
2469 746 2542 798 Οὐ
2571 735 2754 814 ζῶμεν
2793 745 2912 816 μετ’
2947 742 3254 815 ἀκριϐείας,
3280 742 3382 794 οὐκ
3407 741 3603 811 ἔχομεν
3645 757 3771 793 συν-

2087 837 2225 900 ειδὸς
2261 833 2491 903 ἀγαθόν·
2533 833 2615 896 ὡς
2650 834 2698 884 εἰ
2729 831 2889 886 τοῦτο
2915 827 3003 902 ἦν,
3025 829 3176 883 οὐδὲν
3204 830 3350 900 ἡμᾶς
3384 828 3451 882 ἂν
3473 826 3771 898 ἐφόϐησεν,

2087 924 2147 978 οὐ
2180 923 2430 986 θάνατος,
2467 913 2530 974 οὐ
2561 918 2743 990 λιμὸς,
2767 920 2828 971 οὐ
2869 917 3041 988 ζημία
3076 917 3403 990 χρημάτων.
3428 916 3531 969 οὐκ
3562 915 3695 970 ἄλλο
3723 932 3775 966 τι

2088 1011 2194 1064 τῶν
2220 1008 2478 1062 τοιούτων
2505 1006 2678 1060 οὐδέν.
2714 1005 2817 1057 Τὸν
2838 1003 2946 1075 γάρ
2978 1006 3036 1057 ἐν
3067 1005 3234 1074 ἀρετῇ
3263 1002 3444 1066 ζῶντα
3473 1001 3630 1055 οὐδὲν
3652 1005 3776 1053 τού-

2087 1117 2195 1152 των
2230 1095 2588 1168 παραϐλάψαι
2630 1093 2937 1164 δυνήσεται,
2973 1091 3082 1144 οὐδ’
3127 1091 3425 1161 ἀφελέσθαι
3475 1091 3579 1160 τὴν
3627 1089 3776 1141 ἔνδον

2088 1187 2282 1258 ἡδονήν
2300 1200 2315 1214 ·
2352 1185 2443 1238 τὸν
2472 1184 2582 1254 γάρ
2606 1180 2881 1253 ,χρησταῖς
2909 1179 3338 1250 συντρεφόμενον
3378 1177 3592 1232 ἐλπίσιν
3620 1177 3776 1230 οὐδὲν

2089 1275 2168 1337 είς
2196 1271 2438 1344 ἀθυμίαν
2465 1270 2721 1340 ἐμϐαλεῖν
2753 1266 3061 1335 δυνήσεται.
3107 1265 3173 1318 Τί
3216 1265 3326 1335 γάρ
3361 1265 3657 1338 ἐργάσαιτό
3692 1281 3778 1324 τις

2089 1359 2324 1423 τοιοῦτο,
2372 1360 2440 1413 δι’
2489 1354 2549 1412 οὗ
2577 1357 2670 1411 τὸν
2709 1357 2954 1426 γενναῖον
2990 1353 3159 1424 ἄνδρα
3192 1352 3607 1425 παρασκευάσει

2089 1449 2410 1512 λυπεῖσθαις
2470 1449 2723 1518 Χρήματ’
2768 1443 3169 1514 ἀφαιρήσεται;
3223 1440 3337 1494 ἀλλ’
3376 1441 3491 1512 ἔχει
3540 1440 3781 1493 πλοῦτον

2087 1538 2180 1591 τὸν
2215 1540 2274 1590 ἐν
2303 1540 2414 1599 τοῖς
2443 1536 2716 1606 οὐρανοῖς.
2763 1532 2924 1587 Ἀλλά
2955 1533 3056 1602 τῆς
3082 1531 3342 1603 πατρίδος
3374 1530 3628 1596 ἐκϐαλεῖς
3658 1530 3777 1583 ἀλλ’

2088 1629 2171 1691 είς
2217 1626 2317 1695 τὴν
2347 1624 2460 1678 ἀνω
2509 1624 2665 1676 πόλιν
2701 1622 2878 1676 στελεῖ
2918 1620 2970 1674 ἀ.
3020 1619 3181 1674 Ἀλλά
3228 1619 3404 1690 δεσμά
3445 1619 3777 1691 περιθήσεις

2089 1714 2205 1769 ἀλλ’
2240 1713 2353 1784 ἔχει
2399 1712 2463 1766 τὸ
2499 1711 2740 1774 συνειδὸς
2780 1709 3089 1780 λελυμένον,
3124 1710 3219 1762 καὶ
3261 1709 3361 1780 τῆς
3407 1708 3606 1774 ἔξωθεν
3644 1707 3780 1762 ἀλύ-

2090 1818 2229 1864 σεως
2279 1801 2378 1854 οὐκ
2423 1798 2762 1853 αἰσθάνεται.
2810 1797 2951 1851 Ἀλλ’
2983 1796 3268 1868 ἀναιρήσει
3307 1794 3369 1849 τὸ
3414 1795 3606 1864 σῶμας
3656 1793 3777 1849 ἀλλ’

2090 1890 2456 1960 ἀναστήσεται
2490 1889 2654 1943 πάλιν
2675 1905 2690 1919 ·
2728 1889 2824 1942 καὶ¹
2857 1885 3112 1958 καθάπερ
3149 1886 3178 1939 ό
3208 1887 3337 1957 σκιᾷ
3359 1885 3648 1940 πυκτεύων
3678 1887 3776 1938 καὶ

2089 1978 2182 2032 τὸν
2226 1978 2367 2050 ἀέρα
2403 1978 2577 2051 δέρων
2606 1976 2797 2030 οὐδένα
2827 1975 3029 2047 πλῆξαι
3067 1975 3381 2045 δυνήσεται,
3426 1974 3600 2038 οὕτως
3635 1977 3665 2028 ό
3694 1973 3776 2044 τῷ

2089 2065 2284 2135 δικαίῳ
2313 2065 2562 2136 πολεμῶν
2595 2065 2892 2136 σκιαμαχεῖ
2923 2063 3106 2134 μόνον,
3136 2064 3229 2117 καὶ
3261 2062 3360 2134 τὴν
3397 2063 3563 2117 αὐτοῦ
3595 2081 3770 2116 κατσο

2090 2152 2561 2224 λύειδύναμιν,είς
2579 2154 2785 2206 ἐκεῖνον
2802 2151 2858 2204 δὲ
2887 2151 3143 2222 οὐδεμίαν
3177 2151 3392 2223 πληγὴν
3419 2152 3773 2222 ἐναπερεῖσαι

2088 2240 2394 2312 δυνήσεται.
2435 2241 2534 2304 Δός
2572 2257 2662 2312 μοι
2690 2241 2869 2293 τοίνυν
2891 2239 3164 2311 θαρῤἧσαι
3189 2239 3318 2311 περὶ
3353 2240 3452 2309 τῆς
3488 2239 3772 2309 βασιλείας

2088 2328 2197 2382 τῶν
2212 2328 2476 2399 οὐρανῶν,
2501 2327 2593 2382 καὶ
2622 2329 2670 2381 εί
2705 2326 2907 2398 βούλει,
2929 2328 2995 2399 σή
3005 2329 3168 2400 μερόν
3197 2345 3265 2395 με
3293 2328 3772 2397 κατάσφαξον,καὶ

2089 2416 2248 2486 χάριν
2267 2416 2482 2487 είσομαί
2518 2432 2598 2469 σοι
2623 2417 2722 2487 τῆς
2751 2415 2985 2486 σφαγῆς,
3022 2418 3104 2470 ὃτι
3141 2433 3208 2486 με
3238 2416 3449 2486 ταχέως
3475 2419 3555 2480 είς
3584 2417 3771 2471 ἐκεῖνα

2089 2505 2329 2576 πέμπεις
2351 2505 2419 2559 τά
2449 2505 2649 2575 ἀγαθά.
2666 2505 2836 2559 Τοῦτο
2854 2505 2962 2578 γάρ
3009 2506 3154 2559 ἐστιν
3175 2504 3204 2558 ὃ
3223 2506 3458 2577 μάλιστα
3485 2506 3583 2559 καὶ
3609 2508 3773 2577 ἡμεῖς

2092 2601 2118 2631 ⁶
2168 2591 2496 2664 θρηνοῦμεν,
2529 2593 2715 2664 φησὶν,
2744 2592 2826 2645 ὅτι
2855 2591 2932 2662 τῷ
2966 2591 3159 2664 πλήθει
3188 2592 3298 2646 τῶν
3324 2592 3610 2664 ἁμαρτιῶν
3659 2611 3773 2646 κω-

2088 2679 2371 2750 λυόμενοι,
2425 2679 2523 2750 τῆς
2572 2680 2687 2732 ἐκεῖ
2727 2678 3002 2751 βασιλείας
3047 2680 3147 2734 οὐκ
3194 2679 3774 2751 ἐπιτευξόμεθα.ούκ-

2088 2767 2182 2822 οῦν
2250 2768 2410 2836 ἀφεὶς
2442 2768 2503 2820 τὸ
2536 2766 2756 2839 θρηνεῖν
2796 2768 2889 2821 τὸν
2927 2767 3178 2833 θάνατον,
3226 2767 3414 2840 θρήνει
3452 2768 3553 2832 τάς
3586 2769 3770 2839 ἀμαρ-

2089 2856 2210 2921 τίας
2251 2873 2368 2924 σου,
2403 2855 2490 2910 ἴνα
2537 2855 2708 2920 αὐτάς
2741 2856 3070 2929 καταλύσῃς-.
3117 2859 3228 2912 Καὶ
3275 2858 3385 2930 γάρ
3414 2855 3504 2911 διά
3544 2858 3710 2912 τοῦτο
3741 2860 3775 2927 ἡ

2088 2946 2234 3018 λύπη
2261 2945 2574 3019 γεγένηται,
2608 2946 2707 3017 οὐχ
2737 2945 2822 2999 ἵνα
2861 2947 2953 3000 ἐπὶ
2985 2945 3162 3018 ζημία
3205 2948 3527 3018 χρημάτων,
3559 2948 3660 3016 οὐχ
3687 2948 3776 3000 ἵνα

2089 3035 2184 3089 ἐπὶ
2211 3035 2446 3106 θανάτῳ,
2477 3035 2586 3089 οὐδ’
2617 3035 2704 3088 ἵνα
2733 3034 2821 3088 ἐπ’
2849 3033 2994 3106 ἄλλῳ
3021 3035 3129 3089 τινὶ
3158 3035 3266 3089 τῶν
3299 3035 3559 3089 τοιούτων
3591 3036 3774 3102 ἀλγῶ-

2093 3140 2214 3192 μεν,
2255 3124 2369 3177 ἀλλ’
2401 3125 2487 3177 ἵνα
2515 3125 2594 3187 είς
2621 3124 2717 3194 τὴν
2748 3122 2855 3176 τῶν
2884 3122 3300 3195 ἁμαρτημάτων
3323 3123 3606 3194 ἀναίρεσιν
3632 3124 3774 3192 αὐτῇ

2089 3211 2515 3284 καταχρώμεθα.
2567 3211 2676 3266 Καὶ
2720 3212 2803 3265 ὅτι
2845 3211 3002 3265 τοῦτό
3044 3213 3194 3266 ἐστιν
3224 3211 3441 3282 ἀληθὲς,
3477 3211 3542 3264 ἐκ
3591 3229 3772 3282 παρα-

2088 3298 2376 3370 δείγματος
2414 3301 2541 3370 ὐμῖν
2583 3299 2716 3354 αὐτὸ
2748 3302 2960 3373 ποιήσω
2994 3299 3248 3370 φανερόν.
3293 3299 3376 3352 Τά
3401 3299 3674 3370 φάρμακα
3708 3300 3776 3352 τά

2094 3389 2309 3460 ἰατρικά
2330 3388 2396 3442 δι’
2431 3390 2614 3442 ἐκεῖνα
2647 3389 2938 3460 γεγένηται
2960 3388 3027 3441 τά
3053 3388 3200 3460 πάθη
3241 3387 3260 3426 ί
3294 3389 3452 3459 μόνον
3481 3388 3631 3460 ἀπερ
3682 3390 3776 3440 ἀν-

2090 3475 2230 3530 ελεῖν
2257 3476 2500 3542 δύναται,
2536 3477 2596 3529 οὐ
2629 3477 2696 3530 δι’
2725 3478 2911 3531 ἐκεῖνα
2939 3476 3009 3530 τά
3047 3474 3214 3548 μηδὲν
3249 3475 3610 3546 ὠφελούμενα
3644 3481 3776 3549 παρ’

2089 3563 2289 3618 αὐτῶν.
2321 3558 2446 3620 Οἷόν
2475 3581 2528 3616 τι
2551 3564 2725 3632 λέγω·
2769 3564 2851 3618 ἔτι
2880 3564 2990 3635 γάρ
3017 3564 3351 3636 σαφέστερον
3385 3565 3614 3635 ποιῆσαι
3648 3565 3775 3635 βού-

2089 3650 2252 3722 λομαι
2279 3651 2370 3706 τὸν
2411 3651 2599 3719 λόγον·
2634 3652 2696 3704 τὸ
2727 3652 3017 3723 φάρμακον
3045 3652 3104 3704 τὸ
3141 3652 3438 3723 δυνάμενον
3459 3653 3774 3724 ὀφθαλμοὺς

2090 3739 2378 3803 νοσοῦντας
2408 3739 2640 3808 ὠφελεῖν
2686 3741 2870 3811 μόνον,
2899 3740 3087 3812 ἕτερον
3129 3736 3191 3794 δὲ
3231 3740 3400 3804 πάθος
3445 3741 3639 3810 μηδὲν,
3689 3741 3776 3794 διά

2089 3825 2185 3897 τὴν
2213 3827 2321 3880 τῶν
2366 3826 2658 3898 ὀφθαλμῶν
2687 3827 2840 3880 νόσον
2885 3827 3110 3890 δικαίως
3146 3827 3213 3881 ἄν
3244 3845 3328 3891 τις
3359 3828 3506 3881 εῖποι
3537 3830 3775 3900 γεγενῆ-

2092 3913 2215 3966 σθαι
2259 3913 2442 3983 μόνον,
2482 3913 2545 3966 οὐ
2590 3912 2679 3967 διὰ
2731 3913 3020 3984 στόμαχον,
3064 3915 3126 3968 οὐ
3170 3913 3261 3968 διά
3304 3917 3514 3985 χεῖρας,
3547 3916 3672 3970 οὐδὲ
3709 3917 3774 3970 δι’

2089 3999 2276 4072 ἕτερόν
2324 4018 2378 4054 τι
2415 4000 2596 4071 μέλος.
2648 4000 3067 4071 Μεταγάγωμεν
3124 4000 3300 4054 τοίνυν
3347 4001 3441 4054 τὸν
3471 4001 3637 4070 λόγον
3686 4004 3776 4057 ἐπὶ

2087 4085 2186 4157 τὴν
2223 4085 2420 4156 λύπην,
2475 4087 2570 4140 καὶ
2596 4086 2926 4158 εὑρήσομεν,
2965 4087 3049 4139 ὅτι
3095 4086 3204 4139 τῶν
3249 4086 3425 4140 ἄλλων
3473 4092 3576 4156 μὲν
3620 4091 3775 4143 οὐδὲν

2089 4174 2196 4228 τῶν
2225 4173 2630 4245 συμϐαινόντων
2662 4174 2794 4244 ἡμῖν
2845 4172 3065 4243 ὠφελεῖ,
3101 4173 3376 4244 ἁμαρτίαν
3419 4173 3475 4226 δὲ
3521 4175 3774 4248 διορθοῦ-

2088 4281 2178 4318 ται
2214 4265 2402 4334 μόνην,
2426 4261 2648 4333 εὐδηλον
2670 4263 2754 4316 ὅτι
2778 4263 2866 4317 διὰ
2885 4265 2983 4335 τὴν
3011 4262 3214 4333 ταύτης
3234 4263 3515 4335 ἀναίρεσιν
3539 4267 3772 4337 γεγένη-

2089 4369 2178 4405 ται
2201 4351 2382 4422 μόνον.
2400 4350 2745 4422 Ἐπέλθωμεν
2761 4352 2940 4405 τοίνυν
2963 4350 3192 4405 ἕκαστον
3215 4351 3323 4404 τῶν
3349 4355 3775 4423 συμπιπτόντων

2089 4441 2219 4510 ἡμῖν
2240 4439 2448 4506 δεινῶν,
2481 4439 2575 4493 καὶ
2601 4439 2970 4510 ἐπαγάγωμεν
3003 4438 3101 4511 τὴν
3142 4438 3401 4510 ἀθυμίαν,
3437 4441 3538 4494 καὶ
3571 4442 3774 4514 ἴδωμεν

2086 4527 2140 4580 τί
2162 4527 2354 4599 κέρδος
2380 4528 2489 4582 ἀπὸ
2514 4526 2715 4598 ταύτης
2754 4528 2983 4598 γίνεται.
3027 4526 3339 4598 Ἐζημιώθη
3373 4544 3457 4591 τις
3476 4530 3772 4601 χρήματα;

2090 4615 2354 4688 ἐλυπήθη,
2397 4616 2457 4669 οὐ
2492 4614 2770 4687 διώρθωσε
2803 4615 2901 4686 τὴν
2931 4613 3156 4685 ζημίαν.
3205 4614 3472 4670 ’Δπέϐαλέ
3505 4633 3596 4680 τις
3627 4620 3772 4682 υἱόνς

2087 4702 2348 4774 ἤλγησεν,
2380 4703 2481 4756 οὐκ
2517 4703 2782 4772 ἀνέστησε
2813 4702 2906 4754 τὸν
2942 4701 3155 4773 νεκρὸν,
3195 4702 3315 4756 οὐδὲ
3343 4703 3433 4755 τὸν
3463 4703 3773 4758 ἀπελθόντα

2087 4788 2388 4860 ὠφέλησεν.
2433 4787 2816 4860 Ἐμαστιγώθη
2840 4805 2947 4852 τις,
2981 4788 3311 4861 ἐρραπίσθη,
3341 4788 3610 4863 ὐϐρίσθη;
3649 4793 3771 4845 ἐλυ-

2089 4878 2259 4949 πήθη,
2294 4877 2394 4949 τὴν
2420 4876 2576 4948 ὓϐριν
2605 4877 2704 4929 οὐκ
2733 4875 3115 4930 ἀνεκαλέσατο.
3147 4877 3451 4948 Ἀρρωστία
3479 4895 3565 4942 τις
3610 4897 3772 4952 περι-

2089 4965 2272 5030 έπεσε,
2310 4964 2404 5018 καὶ
2448 4963 2588 5034 νόσῳ
2621 4963 3010 5036 χαλεπωτάτης
3042 4964 3316 5034 ἠθύμησε,
3350 4963 3448 5034 τὴν
3482 4965 3643 5018 νόσον
3671 4968 3772 5020 οὐκ

2088 5053 2316 5117 ἀνεῖλεν,
2346 5052 2480 5106 ἀλλὰ
2505 5054 2600 5105 καὶ
2631 5051 3015 5123 χαλεπωτέραν
3042 5052 3319 5123 ἐποίησεν.
3367 5053 3529 5125 Ὁρᾷς
3560 5057 3650 5108 ἐπ’
3678 5057 3771 5108 οὐ-

2087 5141 2198 5194 δενὶ
2226 5139 2429 5195 τούτων
2456 5139 2773 5210 ὼφελούσάν
2805 5158 2856 5192 τι
2885 5140 2982 5208 τὴν
3009 5139 3187 5211 λύπην
3206 5157 3220 5207 ;
3242 5142 3495 5212 ’Ἧμαρτέ
3520 5158 3627 5206 τις,
3649 5143 3771 5196 ἐλυ-

2088 5228 2271 5300 πήθη;
2300 5228 2398 5293 τὴν
2426 5226 2700 5299 ἁμαρτίαν
2728 5227 3071 5298 ἐξηφάνισεν,
3089 5227 3245 5280 ἔλυσε
3270 5228 3331 5281 τὸ
3363 5229 3766 5302 πλημμέλημα.

2089 5317 2257 5370 Πόθεν
2288 5315 2445 5370 τοῦτο
2484 5315 2674 5386 δήλον;
2733 5315 2865 5368 Ἀπὸ
2905 5317 3004 5387 τῆς
3037 5317 3365 5384 ἀποφάσεως
3395 5315 3490 5369 τοῦ
3528 5318 3764 5389 Κυρίου·

2088 5408 2216 5476 περὶ
2261 5407 2368 5477 γάρ
2413 5422 2558 5468 τινος
2597 5405 2979 5476 ἡμαρτηκότος
3019 5404 3400 5476 διαλεγόμενος
3433 5405 3586 5474 ἔλεγε
3608 5421 3621 5436 ·
3685 5408 3770 5460 Δι’

2086 5495 2378 5563 ἁμαρτίαν
2411 5493 2614 5563 βραχύ
2652 5510 2706 5544 τι
2754 5493 3034 5560 ἐλύπησα
3073 5491 3280 5558 αὐτόν,
3326 5494 3422 5546 καί
3469 5489 3638 5548 εἶδον
3679 5495 3770 5550 ὅτι

2087 5583 2381 5652 ἐλυπήθη,
2417 5583 2516 5637 καὶ
2558 5583 2851 5652 ἐπορεύθη
2885 5580 3169 5652 στυγνὸς,
3210 5581 3307 5636 καὶ
3349 5582 3617 5653 ἰασάμην
3665 5586 3769 5654 τὰς

2147 5743 2176 5782 δ
2204 5747 2352 5797 Savil.
2377 5746 2548 5794 πελεῖ.
2582 5746 2758 5798 More}.
2785 5747 2929 5802 τελεῖ,
2953 5748 3050 5796 duo
3075 5760 3187 5795 mss.
3210 5747 3512 5796 ἀποστέλλει.

2151 5812 2178 5841 ε
2200 5809 2351 5857 Suvil.
2377 5806 2524 5873 τοῦτο
2539 5809 2626 5871 γάρ
2651 5809 2752 5858 ἐστι
2777 5812 3000 5873 μάλιστα1
3024 5808 3164 5858 τοῦτο
3188 5811 3313 5857 ἐστιν
3344 5809 3370 5857 ὃ
3390 5811 3469 5857 καὶ
3494 5807 3653 5871 ἡμεῖς.

2156 5876 2177 5913 ι’
2205 5873 2304 5922 Alii
2324 5873 2382 5919 τά
2408 5871 2679 5933 παθήματα.
