3932 6222
223 314 295 366 73
1165 313 1256 367 AD
1300 311 1617 368 POPULUM
1648 306 2145 363 ANTIUCIIENITM
2211 309 2440 366 IIOMlL.
2485 313 2547 365 γ.
3434 314 3494 374 τι

218 431 552 494 domesticis,
581 438 637 486 et
660 444 722 484 ex
757 428 819 482 iis
841 442 957 498 quae
984 426 1136 481 nobis
1163 425 1468 480 acciderunt
1495 423 1576 478 his
1598 423 1804 486 diebus,

219 522 561 578 manifestum
586 524 760 577 facere
784 519 1036 574 cenabor.
1072 518 1356 588 Postquam
1384 519 1524 571 enim
1551 515 1618 569 ab
1649 515 1818 583 Impe—

224 626 407 669 ratorc
431 615 569 668 data:
591 625 710 666 sunt
729 615 921 668 litterae
941 611 1196 664 trilnttum
1227 611 1356 672 hoc,
1378 609 1520 679 quod
1567 609 1816 662 intolera-

224 709 335 762 bile
374 697 494 762 esse
531 707 843 766 videbatur,
884 703 1128 759 conferre
1167 701 1416 770 jubentes
1444 742 1459 766 ,
1501 715 1688 753 omnes
1728 707 1814 753 tu-

223 801 656 864 multuabautur,
685 815 876 855 omnes
899 797 1294 853 contendebant
1316 838 1332 860 ,
1359 810 1501 864 tegre
1534 793 1812 856 ferebant,

224 891 636 961 indignabantur
659 931 674 952 ,
720 889 865 944 inter
891 904 952 942 se
980 895 1323 942 occurrentes
1345 885 1597 940 dicebant
1620 901 1632 937 :
1663 883 1812 938 Ilaud

223 984 400 1037 vitalis
439 983 594 1038 nobis
632 983 735 1035 vita
763 1023 778 1045 ,
808 983 1064 1036 subversa
1094 979 1284 1034 civitas
1309 988 1412 1040 est,
1442 976 1602 1046 hujus
1631 974 1814 1028 tributi

223 1075 648 1146 magnitudinem
678 1075 944 1128 sustinere
971 1072 1168 1142 poterit
1197 1086 1356 1126 nemo
1388 1088 1401 1125 :
1427 1079 1484 1124 et
1508 1083 1697 1123 omnes
1721 1083 1816 1121 an-

218 1169 506 1238 gebantur,
556 1176 806 1236 tanquam
851 1163 919 1218 de
956 1161 1213 1219 extremis
1257 1162 1388 1230 ipsis
1428 1160 1808 1230 periclitantes.

220 1262 342 1314 Mox
368 1276 496 1315 vero
524 1268 800 1328 postquam
829 1265 1128 1327 perpetrata
1161 1253 1491 1318 acciderunt,
1521 1259 1576 1304 et
1599 1249 1812 1320 quidam

222 1352 413 1406 nefarii
445 1361 499 1405 et
529 1349 948 1413 sceleratissimi,
980 1349 1184 1417 legibus
1214 1346 1544 1401 conculcatis
1567 1386 1580 1407 ,
1611 1353 1814 1397 statuas

221 1444 538 1512 dojeceruut
565 1483 578 1500 .
627 1451 681 1496 et
723 1441 912 1494 mortis
941 1438 1234 1510 periculum
1266 1436 1518 1491 omnibus
1547 1437 1814 1504 imposue-

223 1545 369 1598 runt,
403 1546 457 1588 et
481 1533 501 1604 j
524 1550 592 1586 un
621 1535 688 1588 de
715 1533 825 1602 ipsa
857 1533 960 1584 vita
991 1531 1260 1595 timemus,
1291 1529 1610 1584 exacerbata
1642 1527 1814 1594 Impe-

221 1639 402 1680 t-atore
428 1643 444 1689 ;
478 1643 583 1679 non
613 1642 709 1678 nos
731 1624 960 1693 amplius
986 1623 1330 1693 pecuniarum
1347 1621 1555 1690 jactura
1579 1619 1808 1682 mordet,

219 1719 316 1772 sed
361 1718 464 1772 alia
500 1732 599 1786 pro
640 1716 743 1769 illis
782 1729 974 1769 omnes
1011 1713 1171 1768 audio
1207 1712 1446 1768 dicentes
1480 1730 1493 1766 :
1524 1711 1712 1780 Capiat
1759 1719 1813 1764 et

219 1809 576 1862 substantiam
609 1805 930 1876 Imperator,
961 1812 1015 1859 et
1044 1804 1186 1874 agris
1210 1813 1265 1858 et
1292 1802 1716 1872 supellectilibus
1744 1801 1810 1855 lio

220 1901 418 1954 benter
443 1897 763 1959 carebimus,
789 1897 1072 1950 dumtaxat
1099 1909 1294 1964 corpus
1320 1894 1524 1948 salvum
1555 1895 1668 1948 fore
1693 1894 1813 1964 quis

221 1991 507 2060 SpontIeat.
536 1990 685 2045 Sicut
711 1991 889 2058 itaque
917 1989 1224 2060 priusquam
1253 1989 1406 2043 nobis
1435 1988 1623 2043 mortis
1652 1987 1812 2042 timor

222 2084 532 2136 imnincret
555 2123 572 2150 ,
601 2095 698 2135 nos
727 2081 1070 2150 pecuniarum
1097 2079 1292 2134 mulcta
1319 2079 1626 2144 cruciabat;
1660 2087 1812 2147 post-

220 2190 383 2243 quam
429 2189 562 2229 vero
602 2171 831 2227 nefanda
880 2179 1180 2243 perpetrata
1221 2179 1386 2234 sunt,
1427 2170 1615 2223 mortis
1654 2169 1813 2223 timor

217 2271 536 2330 succedens,
556 2266 767 2320 mulcta:
782 2265 1023 2320 dolorem
1045 2263 1245 2332 expulit
1266 2261 1375 2318 :sic
1400 2271 1452 2316 et
1481 2261 1527 2315 si
1553 2262 1812 2330 geheume

221 2372 388 2413 ωηατ
421 2358 918 2428 comprehendisset
952 2357 1158 2411 animas
1198 2364 1408 2410 nostras
1434 2395 1450 2419 ,
1483 2371 1588 2409 non
1626 2354 1812 2408 mortis

222 2457 388 2506 timor
412 2461 756 2521 occupasset;
787 2449 879 2505 sed
906 2447 1358 2519 quemadmodum
1391 2447 1442 2500 itt
1473 2446 1808 2516 corporibus,

219 2545 440 2614 quando
465 2556 563 2597 nos
591 2544 697 2596 duo
728 2543 942 2597 dolores
970 2541 1354 2611 oppresserint,
1381 2537 1688 2594 inferiorem
1715 2551 1812 2607 po-

221 2647 423 2690 teuttor
461 2617 796 2690 abscondere
836 2633 1116 2688 consuevit
1157 2650 1169 2686 :
1215 2632 1293 2686 sic
1330 2641 1383 2685 et
1425 2645 1564 2684 nunc
1613 2629 1811 2684 factum

219 2737 364 2784 esset
397 2745 411 2792 ;
443 2728 486 2782 si
520 2725 680 2781 futuri
709 2728 952 2797 supplicii
977 2727 1136 2781 timor
1160 2727 1209 2780 in
1237 2726 1414 2780 anima
1441 2728 1809 2790 remansisset,

218 2837 440 2876 etuoem
487 2821 734 2876 timorem
784 2819 1076 2874 humanum
1124 2819 1483 2874 obscurasset.
1539 2818 1721 2888 Itaque
1767 2819 1812 2873 si

217 2913 343 2981 quis
385 2911 644 2981 geheou:e
693 2926 906 2980 seraper
947 2909 1256 2965 meminisse
1303 2910 1542 2975 laboret,
1582 2921 1812 2965 mortem

217 3005 488 3059 deridebit
517 3047 530 3067 ,
562 3016 610 3058 et
645 3021 748 3058 non
783 3003 1032 3073 pra'senti
1061 3011 1264 3058 tantum
1291 3003 1534 3072 angustia
1563 3001 1816 3058 liberabi-

220 3106 334 3159 tur,
369 3096 462 3151 srd
492 3108 544 3151 et
568 3097 635 3150 ab
667 3097 750 3148 illa
781 3097 990 3150 flamma
1014 3095 1290 3165 eripietur.
1320 3094 1418 3162 Qui
1441 3095 1584 3149 enim
1612 3093 1814 3166 gehen-

221 3205 351 3242 nam
392 3190 645 3242 continue
691 3189 880 3253 timet,
915 3203 1204 3256 numquam
1247 3187 1298 3240 iu
1337 3187 1596 3256 gehennzc
1641 3188 1815 3257 ignem

221 3280 459 3343 decidet,
480 3280 581 3334 hoc
603 3279 819 3335 assiduo
839 3281 1129 3350 castigatus
1151 3288 1314 3334 metu.
1337 3278 1628 3334 Concedite
1655 3293 1817 3346 nunc,

224 3383 288 3426 ut
326 3385 628 3442 opportune
655 3370 806 3425 vobis
834 3371 1008 3425 dicam
1045 3388 1056 3422 :
1090 3369 1302 3425 Fratres
1325 3412 1340 3436 ,
1371 3387 1434 3424 ne
1458 3370 1603 3440 pueri
1628 3369 1818 3439 elﬁcie-

223 3463 355 3516 sstini
381 3461 627 3524 sensibus,
654 3463 743 3516 sed
759 3463 952 3515 mtilitia
977 3463 1200 3532 infantes
1224 3463 1331 3518 sitis
1351 3463 1427 3533 (Ι.
1451 3461 1570 3517 Cor.
1602 3462 1818 3534 14.20).

302 3555 446 3610 Mors
468 3573 558 3608 cur
583 3555 925 3622 despicienda.
944 3585 1014 3594 —
1036 3555 1248 3609 Etenim
1276 3555 1534 3624 puerilem
1563 3555 1815 3609 timemus

227 3663 505 3718 pavorem,
537 3657 762 3701 mortem
792 3647 1061 3708 timentes,
1081 3655 1355 3716 peccatum
1385 3656 1562 3700 autem
1603 3661 1708 3700 non
1755 3646 1822 3701 ti-

228 3750 462 3795 mentes.
484 3740 639 3795 Pueri
667 3740 809 3795 enim
835 3739 984 3812 parvi
1030 3740 1205 3794 larvas
1233 3739 1457 3806 timent,
1491 3738 1664 3804 ignem
1713 3755 1818 3793 non

228 3834 456 3894 timent;
486 3831 577 3885 sed
617 3831 664 3884 si
686 3831 751 3884 ad
784 3831 1057 3886 lucernam
1095 3831 1273 3886 lumen
1305 3830 1588 3886 habentem
1617 3832 1816 3901 portari

225 3922 521 3988 Contingat,
565 3922 950 3977 inconsiderate
994 3938 1206 3976 manum
1252 3923 1550 3976 immittunt
1581 3924 1810 3977 lucerna:

231 4023 288 4066 et
323 4013 550 4067 ﬂamma:
580 4030 592 4064 :
625 4013 750 4066 dum
777 4013 1218 4067 contemnendam
1248 4013 1446 4068 larvam
1486 4013 1820 4080 horrescunt,

226 4120 357 4159 vere
387 4105 674 4159 timendum
698 4106 870 4176 ignem
905 4122 1010 4159 non
1043 4107 1266 4172 timent;
1297 4107 1375 4161 sic
1399 4105 1614 4176 quidem
1643 4117 1699 4162 et
1725 4124 1822 4163 nos

227 4198 481 4250 timemus
519 4208 768 4261 mortem,
792 4213 908 4266 qua:
954 4207 1039 4251 est
1083 4197 1226 4251 larva
1282 4207 1588 4268 contemptu
1641 4198 1818 4270 digna,

228 4299 508 4359 peccaturo
538 4305 663 4342 vero
695 4305 796 4343 non
853 4290 1101 4343 timemus
1121 4331 1134 4350 ,
1159 4291 1302 4360 quod
1333 4301 1414 4345 t-st
1459 4306 1584 4346 vere
1627 4292 1821 4346 timen-

224 4385 378 4446 dum,
404 4392 456 4436 et
478 4382 612 4451 ignis
638 4397 786 4437 more
814 4383 1193 4436 conscientiam
1215 4383 1454 4438 devorat.
1479 4382 1547 4437 Et
1579 4383 1692 4438 hare
1716 4399 1819 4438 non

225 4491 293 4527 ex
329 4489 506 4526 rerum
559 4483 765 4538 natura,
793 4473 887 4529 sed
929 4490 995 4528 ex
1043 4475 1337 4543 ignorantia
1381 4475 1535 4529 nobis
1578 4474 1822 4531 accidere

226 4577 624 4618 consueverunt
656 4582 669 4618 :
697 4566 836 4633 quod
876 4565 919 4618 si
957 4566 1270 4634 cogitemus,
1305 4567 1429 4635 qttid
1486 4565 1698 4621 tandem
1752 4569 1822 4620 sit

229 4671 410 4721 mors,
442 4672 727 4726 numquam
763 4657 928 4726 ipsam
971 4657 1299 4712 timebimus.
1333 4657 1470 4722 Quid
1511 4657 1670 4727 igitur
1701 4667 1818 4712 tau-

228 4749 352 4803 dem
384 4764 528 4802 mors
566 4749 690 4802 est?
718 4748 948 4818 ldipsum
994 4748 1134 4818 quod
1183 4750 1556 4802 vestimentum
1596 4765 1818 4802 exuere.

229 4842 525 4910 Tamquam
549 4842 921 4896 vestimentum
949 4841 1091 4896 enim
1134 4856 1328 4910 corpus
1362 4843 1553 4895 anima:
1601 4842 1822 4896 circum.

228 4933 411 4985 datum
442 4941 544 4997 est,
573 4943 624 4986 et
648 4931 749 4986 hoc
793 4932 860 4987 ad
895 4933 1058 4987 breve
1086 4943 1296 5000 tempus
1325 4947 1417 5001 per
1459 4941 1683 4988 mortem
1723 4933 1818 4987 de-

232 5026 485 5093 positum,
506 5025 698 5077 clarius
717 5025 906 5078 iterum
921 5040 1272 5079 resumetmts.
1295 5025 1429 5091 Quid
1446 5026 1656 5080 tandem
1678 5041 1821 5080 mors

230 5114 734 5184 cst?Peregt-inatio
774 5115 839 5168 ad
872 5124 1100 5185 tempus,
1147 5131 1366 5170 somnus
1407 5126 1663 5170 consueto
1705 5118 1822 5171 lou-

231 5209 363 5278 gior.
393 5209 574 5279 Itaque
619 5209 663 5262 si
705 5218 930 5264 mortem
983 5210 1160 5275 times,
1186 5211 1313 5265 time
1356 5219 1411 5264 et
1452 5225 1697 5264 somnum
1729 5229 1742 5265 :
1775 5212 1820 5264 si

232 5309 450 5370 propter
489 5301 781 5355 morientes
826 5302 1056 5371 angeris,
1089 5311 1142 5355 et
1193 5309 1409 5371 propter
1436 5302 1778 5357 comedentes
1801 5345 1816 5369 ,

233 5405 283 5449 et
316 5404 538 5462 propter
560 5393 801 5448 bibentes
827 5408 1023 5464 angere
1057 5412 1070 5448 :
1097 5394 1238 5448 sicut
1260 5394 1402 5448 enim
1429 5392 1530 5449 hoc
1557 5396 1817 5459 naturale,

233 5489 306 5541 sie
350 5496 407 5541 et
449 5487 601 5540 illud.
627 5485 702 5540 Ne
743 5495 794 5541 te
821 5488 1078 5541 naturalia
1115 5487 1472 5554 contristent,
1503 5488 1821 5542 contristent

236 5591 286 5634 te
321 5579 507 5647 potius
528 5593 646 5646 quae
673 5588 798 5632 sunt
842 5595 908 5633 ex
955 5579 1093 5633 mala
1142 5581 1412 5634 voluntate
1445 5597 1456 5631 :
1485 5595 1660 5649 neque
1707 5594 1820 5633 mo-

231 5669 457 5722 rientem
522 5668 800 5737 lugc,scd
857 5669 909 5722 itt
970 5670 1201 5738 peccatis
1247 5671 1530 5725 viventem.

300 5761 352 5813 4.
400 5757 492 5811 Vis
536 5774 950 5812 commemorem
993 5769 1046 5812 et
1094 5761 1252 5812 aliam
1301 5775 1549 5827 causam,
1601 5772 1816 5832 propter

555 5851 828 5912 Ρηιιυι..
879 5855 992 5914 Gn.
1043 5856 1263 5916 XLIX.

1933 439 2090 491 quam
2116 436 2340 482 mortem
2373 430 2654 485 timemus?
2680 430 2794 485 Non
2823 430 3050 487 vivimus
3073 446 3193 487 cum
3218 431 3510 500 diligentia,

1927 532 2032 569 non
2085 517 2341 574 habemus
2407 522 2790 576 conscientiam
2841 536 3074 593 puram:
3115 524 3256 594 quod
3308 525 3352 577 si
3409 524 3511 580 hoc

1922 619 2085 673 esset,
2117 608 2247 665 nihil
2289 626 2389 666 nos
2418 627 2562 667 mors
2594 613 2887 678 terruisset,
2916 628 3022 668 non
3051 614 3238 682 fames,
3270 630 3375 669 non
3418 633 3512 684 pe-

1920 702 2194 754 cuniarum
2229 702 2458 772 jactura,
2493 720 2598 759 non
2626 706 2767 760 aliud
2807 706 2932 776 quid
2963 706 3246 776 ejusmodi.
3303 707 3360 762 In
3403 709 3515 763 vir-

1923 800 2034 845 tute
2055 794 2196 846 cnim
2219 796 2484 850 viventem
2535 796 2724 850 horum
2772 798 2902 851 nihil
2932 798 3124 854 laedere
3160 803 3384 868 poterit,
3416 816 3515 856 nec

1923 884 2130 941 interna
2187 888 2397 956 privare
2440 891 2750 959 Voluptate:
2801 893 2957 947 home
2997 893 3170 946 eoim'
3197 895 3512 949 innutritum

1920 978 2034 1048 spei
2067 979 2198 1032 nihil
2240 981 2291 1032 in
2326 980 2594 1034 tristitiam
2638 982 2871 1050 dejicere
2921 985 3136 1053 poterit.
3185 986 3322 1051 Quid
3367 986 3510 1040 enim

1919 1072 2178 1140 quispiam
2199 1073 2371 1125 faet-re
2402 1074 2587 1140 possit,
2615 1088 2719 1142 quo
2749 1072 2940 1128 fortem
2960 1075 3129 1129 virum
3158 1075 3210 1129 in
3242 1077 3510 1133 tristitiam

1919 1161 2208 1231 conjiciat?
2239 1162 2462 1218 Auferet
2489 1164 2775 1232 pecunias?
2801 1165 2894 1219 sed
2934 1165 3091 1221 habet
3134 1167 3186 1220 in
3215 1167 3360 1221 cadis
3385 1167 3512 1222 divi-

1921 1253 2042 1306 tias.
2073 1252 2246 1307 Patria
2265 1253 2480 1322 ejiciet?
2506 1254 2600 1308 sed
2625 1254 2676 1307 in
2707 1271 2995 1324 supernam
3018 1255 3287 1311 civitatem
3315 1258 3489 1313 mittet

1921 1342 2142 1396 \‘incula
2170 1342 2414 1412 injiciet?
2445 1343 2538 1398 sed
2567 1343 2725 1399 habet
2756 1346 3138 1399 conscientiam
3165 1347 3426 1412 solutam,
3456 1359 3512 1404 et

1917 1434 2245 1488 exteriorem
2275 1450 2378 1488 non
2398 1436 2564 1489 sentit
2582 1443 2845 1490 catenam.
2875 1439 2942 1489 At
2965 1436 3248 1491 interlicict
3267 1440 3508 1508 corpus?

1917 1525 2011 1578 Sed
2058 1525 2250 1578 iterum
2291 1535 2576 1595 resurget:
2611 1535 2665 1581 et
2699 1526 2837 1581 sicut
2878 1526 2968 1595 qui
3017 1542 3138 1581 cum
3181 1528 3367 1582 tuubra
3407 1545 3508 1600 pu-

1919 1627 2068 1684 gnat,
2102 1623 2157 1670 et
2194 1631 2373 1670 aerem
2400 1617 2668 1683 verberat,
2691 1626 2971 1686 percutere
2992 1620 3188 1687 poterit
3216 1621 3510 1676 nemiuem:

1917 1707 1995 1760 sic
2024 1716 2078 1760 et
2102 1706 2193 1776 qui
2217 1721 2339 1761 cum
2363 1706 2510 1776 justo
2540 1717 2760 1777 pugnat,
2788 1725 2908 1763 cum
2945 1711 3126 1764 umbra
3161 1721 3364 1765 tantum
3411 1729 3507 1782 pu-

1915 1805 2061 1866 gnat,
2092 1806 2146 1851 et
2171 1798 2310 1852 vires
2336 1813 2458 1853 suas
2486 1798 2748 1867 dissolvit,
2768 1801 2968 1854 nullam
2991 1800 3064 1854 illi
3095 1802 3301 1872 plagam
3329 1804 3511 1860 valens

1917 1889 2176 1960 inﬂigere.
2201 1889 2382 1961 Itaque
2407 1891 2473 1946 da
2497 1893 2626 1946 mihi
2651 1893 2719 1947 de
2747 1894 2998 1948 caelorum
3023 1910 3188 1965 regno
3217 1897 3509 1965 confidere,

1914 1992 1970 2037 ct
1994 1985 2039 2037 si
2070 1984 2152 2039 vis
2177 1983 2335 2038 hodie
2360 1986 2643 2055 mejugula
2668 2003 2680 2037 ε
2715 1986 2877 2040 οίεᾱίε
2902 1987 3124 2056 gratiam
3150 1988 3242 2042 tibi
3276 1987 3507 2055 habebo,

1915 2076 2057 2146 quod
2087 2093 2171 2131 me
2193 2078 2440 2133 celeriter
2476 2079 2541 2132 ad
2574 2080 2658 2133 illa
2697 2081 2832 2134 bona
2872 2081 3222 2135 transmittas.
3270 2082 3382 2137 lloc
3427 2094 3511 2137 est

1917 2169 2148 2224 maxime
2178 2169 2318 2237 quod
2359 2180 2413 2224 et
2456 2186 2554 2224 nos
2584 2172 2827 2240 lugemus
2859 2174 2899 2238 ¹,
2932 2173 3117 2241 inquit,
3145 2174 3285 2243 quod
3318 2189 3507 2242 pecca-

1919 2271 2092 2316 torum
2124 2264 2462 2318 multitudine
2490 2264 2741 2334 prohibiti
2763 2307 2779 2326 ,
2810 2282 3028 2336 regnum
3071 2266 3198 2319 illud
3225 2283 3329 2319 non
3362 2283 3508 2321 asse-

1917 2369 2164 2424 quemur.
2199 2356 2360 2424 Igitur
2411 2365 2636 2410 tuortctn
2683 2356 2866 2425 Ingere
2904 2361 3186 2422 omittetts,
3218 2358 3341 2426 luge
3383 2373 3509 2428 pec-

1917 2455 2060 2512 cata,
2094 2457 2152 2501 ut
2184 2447 2296 2517 ipsa
2324 2448 2526 2502 deleas.
2554 2448 2780 2520 PrOpter
2808 2449 2910 2504 hoc
2952 2452 3095 2504 enim
3133 2452 3343 2505 tristitia
3375 2453 3510 2505 facta

1917 2546 2022 2602 est,
2052 2553 2159 2591 non
2205 2548 2259 2591 ut
2298 2540 2367 2592 ob
2405 2539 2667 2607 jacturam
2727 2542 3096 2610 pecuniarum,
3129 2558 3236 2596 non
3263 2543 3331 2597 ob
3368 2558 3512 2596 mor-

1919 2638 2022 2684 tem
2049 2672 2063 2696 ,
2092 2646 2192 2685 nec
2219 2631 2468 2686 abollam
2497 2631 2657 2686 aliam
2679 2649 2791 2687 rem
2820 2633 2982 2688 talem
3005 2633 3302 2696 doleamus,
3331 2633 3426 2688 sed
3452 2644 3509 2689 ut

1918 2720 2032 2790 ipsa
2054 2721 2119 2775 ad
2147 2722 2372 2777 delenda
2406 2732 2621 2778 utamur
2652 2735 2907 2794 peccata;
2939 2734 2994 2780 et
3021 2724 3161 2795 quod
3203 2725 3303 2779 hoc
3326 2741 3509 2780 verum

1917 2812 2006 2876 sit,
2029 2815 2276 2882 exemplo
2305 2813 2443 2868 facio
2475 2816 2836 2870 manifestum.
2875 2817 3130 2872 Remedia
3173 2818 3511 2872 medicinalia

1920 2911 2138 2974 prapter
2158 2905 2274 2958 illos
2301 2914 2505 2960 tantum
2529 2906 2746 2962 morbos
2781 2906 2916 2961 facta
2962 2916 3108 2974 sunt,
3137 2923 3272 2980 quos
3325 2909 3512 2965 tollere

1918 3005 2141 3066 queunt,
2172 3011 2277 3051 non
2325 3007 2548 3068 propter
2576 2998 2693 3052 illos
2715 3038 2729 3061 ,
2754 3014 2887 3068 quos
2931 2999 3059 3053 nihil
3102 3001 3354 3064 adjuvare
3384 3016 3510 3071 pos-

1921 3096 2067 3142 sunt.
2101 3089 2230 3144 Puta
2263 3107 2277 3142 :
2308 3091 2482 3145 adhuc
2503 3091 2645 3145 enim
2678 3093 3096 3148 manifestiorem
3136 3095 3258 3149 volo
3305 3109 3513 3148 sermo-

1921 3194 2043 3234 nem
2075 3178 2300 3235 reddere
2329 3197 2342 3235 :
2376 3181 2824 3238 medicamentum
2852 3183 3036 3238 oculos
3063 3184 3283 3240 aﬂ‘ectos
3310 3196 3511 3242 tantum

1917 3269 2104 3339 juvare
2132 3272 2338 3336 valens,
2369 3273 2574 3326 nullunt
2615 3289 2743 3328 vero
2769 3274 2930 3328 alium
2977 3275 3226 3330 morbum
3250 3318 3264 3341 ,
3295 3287 3515 3347 propter

1921 3363 2202 3418 oculorum
2248 3365 2618 3435 aegritudinem
2673 3375 2875 3422 tantum
2920 3366 3113 3422 factum
3159 3383 3280 3423 esse
3335 3370 3514 3426 dicere

1922 3457 2042 3526 quis
2065 3466 2245 3526 pOs'St'l
2275 3475 2288 3510 :
2319 3474 2424 3513 non
2455 3468 2674 3529 propter
2709 3459 3067 3526 stomachum,
3099 3477 3273 3532 neque
3299 3472 3515 3533 propter

1924 3565 2132 3613 manus,
2165 3566 2338 3619 neque
2366 3560 2581 3620 propter
2599 3551 2764 3606 ullum
2795 3552 2937 3608 aliud
2968 3553 3289 3608 membrum.
3310 3554 3510 3610 Trans-

1924 3640 2159 3695 feramus
2200 3641 2363 3712 igitur
2399 3643 2698 3698 orationem
2747 3643 2814 3698 ad
2854 3645 3143 3711 tristitiam,
3173 3657 3228 3701 et
3274 3646 3515 3701 invenie-

1924 3749 2065 3800 mus,
2097 3733 2239 3804 quod
2273 3734 2324 3788 itt
2355 3735 2500 3789 nullo
2529 3751 2740 3801 corum,
2773 3753 2891 3807 quae
2925 3737 3078 3793 nobis
3107 3739 3388 3803 accidunt,
3419 3756 3515 3796 nos

1924 3825 2162 3895 adjuvet,
2193 3837 2468 3896 peccatum
2502 3843 2630 3882 vero
2665 3830 2838 3884 solum
2866 3833 3141 3902 corrigat:
3174 3845 3379 3888 certum
3414 3833 3512 3902 igi-

1928 3929 2013 3972 tttr
2037 3935 2153 3972 eam
2179 3919 2242 3973 ad
2270 3920 2396 3974 illud
2429 3931 2630 3974 tantum
2655 3920 3006 3977 auferendum
3037 3938 3345 3979 concessam
3374 3941 3513 3980 esse.

1927 4010 2306 4065 Pcrcurramus
2337 4011 2694 4080 ingruentium
2720 4013 2874 4068 nobis
2899 4013 3163 4067 malorum
3194 4016 3471 4083 quodlibet
3495 4059 3510 4080 ,

1925 4109 1981 4154 et
2025 4101 2292 4156 tristitiam
2338 4102 2842 4171 superadducamus,
2876 4114 2930 4158 et
2966 4103 3242 4159 videamus
3275 4106 3401 4176 quid
3445 4121 3511 4159 ex

1928 4192 2029 4246 hac
2056 4193 2147 4246 fiat
2190 4193 2451 4247 utilitatis.
2488 4194 2768 4250 Mulctatus
2799 4207 2880 4250 est
2923 4197 3184 4267 quispiam
3232 4200 3512 4268 pecuniis?

1929 4286 2165 4338 tt'istatus
2185 4294 2286 4350 est,
2317 4286 2567 4340 mttlctam
2596 4302 2700 4341 non
2729 4289 3050 4343 emendavit.
3084 4289 3275 4345 Filium
3297 4293 3510 4346 amisit?

1927 4377 2138 4444 doluit,
2194 4391 2462 4438 mortuum
2512 4395 2615 4434 non
2699 4382 3054 4445 resuscitavit,
3106 4399 3206 4438 nec
3260 4383 3514 4439 defuncto

1927 4465 2145 4536 profuit.
2195 4467 2516 4539 Flagellatns
2562 4479 2647 4524 est
2697 4471 2851 4539 quis,
2893 4471 3060 4541 alapis
3103 4487 3294 4540 etesus,
3322 4485 3515 4530 contu-

1927 4561 2102 4614 meliis
2152 4559 2413 4615 affectus?
2436 4560 2626 4624 doluit,
2659 4577 2764 4615 non
2797 4564 3072 4618 resarcivit
3113 4566 3512 4620 contumeliam.

1929 4655 1984 4707 lu
2035 4655 2280 4709 morbum
2331 4656 2450 4725 quis
2494 4655 2698 4720 incidit,
2732 4668 2786 4710 et
2834 4659 3204 4726 aegritudinem
3265 4662 3514 4729 gravissi-

1929 4747 2112 4798 mam?
2136 4745 2324 4810 doluit,
2357 4746 2725 4816 aegritudinem
2753 4765 2858 4802 non
2887 4749 3138 4817 sustulit,
3165 4753 3258 4804 sed
3288 4761 3342 4806 et
3377 4753 3515 4806 tlifti-

1926 4841 2168 4895 ciliorem
2197 4839 2453 4894 reddidit.
2481 4839 2642 4896 Vides
2671 4842 2860 4897 borum
2897 4842 3025 4897 nulli
3065 4844 3321 4914 prodesse
3351 4847 3518 4901 tristi—

1928 4934 2098 4986 tiam?
2124 4933 2374 4989 Peccavit
2397 4935 2535 5003 quis,
2569 4935 2807 4989 tristatus
2829 4936 2947 4990 est?
2976 4947 3248 5005 peccatqu
3280 4937 3516 5007 delevit,

1925 5024 2168 5078 dissolvit
2195 5025 2452 5080 debitum.
2485 5025 2638 5081 Unde
2666 5027 2765 5079 hoc
2801 5026 3277 5082 manifestum‘iEx
3308 5029 3517 5085 Domini

1927 5117 2194 5172 sententia
2230 5135 2242 5170 :
2273 5117 2340 5170 de
2381 5118 2608 5188 quodam
2657 5119 2798 5172 enim
2855 5119 3204 5187 priet-aricato
3251 5119 3514 5190 loquens.

1925 5210 2132 5264 dicebat
2166 5228 2180 5263 :
2209 5209 2426 5280 Propter
2451 5220 2710 5281 peccatum
2731 5211 2990 5280 paulisper
3011 5214 3176 5280 ipsum
3202 5213 3510 5275 contristat-5,

1927 5314 1972 5354 et
1998 5301 2100 5354 vidi
2139 5301 2276 5371 quod
2320 5305 2550 5356 tristatus
2578 5312 2670 5366 est,
2702 5313 2747 5356 et
2775 5304 2978 5356 incessit
3017 5315 3220 5358 mmsms
3240 5345 3255 5369 ,
3281 5313 3326 5356 et
3356 5305 3519 5373 ipsius

1925 5393 2032 5445 vias
2085 5393 2281 5446 correxi
2306 5392 2466 5463 (lsai.
2511 5394 2599 5449 57.
2633 5395 2719 5448 17.
2763 5396 2829 5450 18
2852 5397 2888 5464 ).
2924 5395 3206 5463 Propterea
3237 5403 3294 5449 et
3321 5395 3516 5450 Paulus

1927 5484 2096 5538 dicit:
2133 5484 2259 5549 Qua:
2277 5488 2409 5540 enim
2455 5489 2728 5540 secundum
2777 5487 2938 5542 Deum
2977 5488 3180 5541 tristitia
3227 5497 3319 5546 est,
3357 5489 3508 5557 pazni-

1927 5578 2134 5631 tentiam
2182 5579 2236 5632 in
2277 5581 2492 5634 salutem
2533 5581 2759 5634 stabilem
2802 5591 3040 5650 operatur
3072 5580 3148 5649 (2.
3172 5580 3363 5636 Cor.7.
3401 5581 3517 5654 10).

1988 5712 2004 5741 ¹
2041 5718 2144 5759 sav.
2175 5723 2187 5758 ε
2216 5717 2313 5760 Hoc
2331 5716 2401 5761 est
2418 5712 2543 5762 enim
2581 5709 2808 5770 maxime,
2835 5711 2921 5760 hoc
2960 5712 3180 5772 estquod
3203 5720 3248 5763 et
3272 5726 3357 5762 nos
3379 5712 3506 5779 lnge-

1923 5788 2045 5824 mus.
