  <div class='ocr_page' id='page_1' title='image "/cluster/home/n/w/nwhite01/storage/ocr_20150623/49/mdp.39015028539461/079.png"; bbox 0 0 3892 6236; ppageno 0'>
   <div class='ocr_carea' id='block_1_1' title="bbox 428 301 3710 410">
    <p class='ocr_par' dir='ltr' id='par_1_1' title="bbox 428 301 3710 410">
     <span class='ocr_line' id='line_1_1' title="bbox 428 301 3710 410; baseline -0.015 -8"><span class='ocrx_word' id='word_1_1' title='bbox 428 357 492 410; x_wconf 79' lang='lat'><strong>7:3</strong></span> <span class='ocrx_word' id='word_1_2' title='bbox 1153 335 1210 390; x_wconf 89' lang='lat' dir='ltr'><strong>S.</strong></span> <span class='ocrx_word' id='word_1_3' title='bbox 1250 327 1528 388; x_wconf 79' lang='lat' dir='ltr'><strong>JOANNIS</strong></span> <span class='ocrx_word' id='word_1_4' title='bbox 1556 312 2030 382; x_wconf 73' lang='lat' dir='ltr'><strong>CllRYSOSTOMl</strong></span> <span class='ocrx_word' id='word_1_5' title='bbox 2069 311 2386 370; x_wconf 76' lang='lat' dir='ltr'><strong>ARCIIIEP.</strong></span> <span class='ocrx_word' id='word_1_6' title='bbox 2427 306 2960 366; x_wconf 75' lang='lat' dir='ltr'><strong>CONSTANTINOP.</strong></span> <span class='ocrx_word' id='word_1_7' title='bbox 3641 301 3710 356; x_wconf 80' lang='lat'><strong>76</strong></span> 
     </span>
    </p>
   </div>
   <div class='ocr_carea' id='block_1_2' title="bbox 431 437 2022 542">
    <p class='ocr_par' dir='ltr' id='par_1_2' title="bbox 431 437 2022 542">
     <span class='ocr_line' id='line_1_2' title="bbox 431 437 2022 542; baseline -0.025 -16"><span class='ocrx_word' id='word_1_8' title='bbox 431 471 598 542; x_wconf 70' lang='lat' dir='ltr'><strong>igitur</strong></span> <span class='ocrx_word' id='word_1_9' title='bbox 638 473 916 535; x_wconf 75' lang='lat' dir='ltr'><strong>postquam</strong></span> <span class='ocrx_word' id='word_1_10' title='bbox 953 453 1233 512; x_wconf 89' lang='lat' dir='ltr'><strong>manifeste</strong></span> <span class='ocrx_word' id='word_1_11' title='bbox 1261 446 1430 504; x_wconf 88' lang='lat' dir='ltr'><strong>oratio</strong></span> <span class='ocrx_word' id='word_1_12' title='bbox 1471 437 1891 502; x_wconf 91' lang='lat' dir='ltr'><strong>demonstravit,</strong></span> <span class='ocrx_word' id='word_1_13' title='bbox 1921 449 2022 489; x_wconf 88' lang='lat' dir='ltr'><strong>ne-</strong></span> 
     </span>
    </p>
   </div>
   <div class='ocr_carea' id='block_1_3' title="bbox 437 530 2026 633">
    <p class='ocr_par' dir='ltr' id='par_1_3' title="bbox 437 530 2026 633">
     <span class='ocr_line' id='line_1_3' title="bbox 437 530 2026 633; baseline -0.026 -14"><span class='ocrx_word' id='word_1_14' title='bbox 437 530 543 633; x_wconf 72' lang='lat' dir='ltr'><strong>que.</strong></span> <span class='ocrx_word' id='word_1_15' title='bbox 571 530 912 630; x_wconf 82' lang='lat' dir='ltr'><strong>pecuniarum</strong></span> <span class='ocrx_word' id='word_1_16' title='bbox 935 547 1208 608; x_wconf 86' lang='lat' dir='ltr'><strong>mulctam,</strong></span> <span class='ocrx_word' id='word_1_17' title='bbox 1229 551 1401 608; x_wconf 90' lang='lat' dir='ltr'><strong>neque</strong></span> <span class='ocrx_word' id='word_1_18' title='bbox 1427 530 1826 593; x_wconf 72' lang='lat' dir='ltr'><strong>contumeliam,</strong></span> <span class='ocrx_word' id='word_1_19' title='bbox 1853 539 2026 594; x_wconf 87' lang='lat' dir='ltr'><strong>neque</strong></span> 
     </span>
    </p>
   </div>
   <div class='ocr_carea' id='block_1_4' title="bbox 434 622 2027 710">
    <p class='ocr_par' dir='ltr' id='par_1_4' title="bbox 434 622 2027 710">
     <span class='ocr_line' id='line_1_4' title="bbox 434 622 2027 710; baseline -0.024 -5"><span class='ocrx_word' id='word_1_20' title='bbox 434 622 795 710; x_wconf 50' lang='lat' dir='ltr'><strong>c-alut-nniam,</strong></span> <span class='ocrx_word' id='word_1_21' title='bbox 829 655 997 709; x_wconf 90' lang='lat' dir='ltr'><strong>neque</strong></span> <span class='ocrx_word' id='word_1_22' title='bbox 1049 631 1276 703; x_wconf 81' lang='lat' dir='ltr'><strong>ﬂagella,</strong></span> <span class='ocrx_word' id='word_1_23' title='bbox 1314 641 1486 697; x_wconf 92' lang='lat' dir='ltr'><strong>nequc</strong></span> <span class='ocrx_word' id='word_1_24' title='bbox 1533 622 1801 686; x_wconf 86' lang='lat' dir='ltr'><strong>morbum,</strong></span> <span class='ocrx_word' id='word_1_25' title='bbox 1855 630 2027 681; x_wconf 83' lang='lat' dir='ltr'><strong>neque</strong></span> 
     </span>
    </p>
   </div>
   <div class='ocr_carea' id='block_1_5' title="bbox 442 709 2028 808">
    <p class='ocr_par' dir='ltr' id='par_1_5' title="bbox 442 709 2028 808">
     <span class='ocr_line' id='line_1_5' title="bbox 442 709 2028 808; baseline -0.03 -2"><span class='ocrx_word' id='word_1_26' title='bbox 442 757 689 808; x_wconf 85' lang='lat' dir='ltr'><strong>mortem,</strong></span> <span class='ocrx_word' id='word_1_27' title='bbox 727 753 896 807; x_wconf 85' lang='lat' dir='ltr'><strong>neque</strong></span> <span class='ocrx_word' id='word_1_28' title='bbox 924 730 1064 788; x_wconf 83' lang='lat' dir='ltr'><strong>aliud</strong></span> <span class='ocrx_word' id='word_1_29' title='bbox 1109 721 1410 795; x_wconf 82' lang='lat' dir='ltr'><strong>huiusmodi</strong></span> <span class='ocrx_word' id='word_1_30' title='bbox 1457 716 1716 774; x_wconf 86' lang='lat' dir='ltr'><strong>resarcire</strong></span> <span class='ocrx_word' id='word_1_31' title='bbox 1762 709 2028 766; x_wconf 90' lang='lat' dir='ltr'><strong>tristitiam</strong></span> 
     </span>
    </p>
   </div>
   <div class='ocr_carea' id='block_1_6' title="bbox 443 797 2032 913">
    <p class='ocr_par' dir='ltr' id='par_1_6' title="bbox 443 797 2032 913">
     <span class='ocr_line' id='line_1_6' title="bbox 443 797 2032 913; baseline -0.031 -15"><span class='ocrx_word' id='word_1_32' title='bbox 443 853 626 913; x_wconf 84' lang='lat' dir='ltr'><strong>posse,</strong></span> <span class='ocrx_word' id='word_1_33' title='bbox 656 832 749 889; x_wconf 86' lang='lat' dir='ltr'><strong>sed</strong></span> <span class='ocrx_word' id='word_1_34' title='bbox 788 829 958 885; x_wconf 87' lang='lat' dir='ltr'><strong>solum</strong></span> <span class='ocrx_word' id='word_1_35' title='bbox 996 822 1181 878; x_wconf 85' lang='lat' dir='ltr'><strong>delere</strong></span> <span class='ocrx_word' id='word_1_36' title='bbox 1229 822 1528 886; x_wconf 87' lang='lat' dir='ltr'><strong>peccatum.</strong></span> <span class='ocrx_word' id='word_1_37' title='bbox 1567 820 1620 862; x_wconf 88' lang='lat' dir='ltr'><strong>et</strong></span> <span class='ocrx_word' id='word_1_38' title='bbox 1672 805 1739 858; x_wconf 93' lang='lat' dir='ltr'><strong>ad</strong></span> <span class='ocrx_word' id='word_1_39' title='bbox 1791 801 1905 913; x_wconf 90' lang='lat' dir='ltr'><strong>hocl</strong></span> <span class='ocrx_word' id='word_1_40' title='bbox 1939 797 2032 851; x_wconf 89' lang='lat' dir='ltr'><strong>de-</strong></span> 
     </span>
    </p>
   </div>
   <div class='ocr_carea' id='block_1_7' title="bbox 441 890 2032 986">
    <p class='ocr_par' dir='ltr' id='par_1_7' title="bbox 441 890 2032 986">
     <span class='ocr_line' id='line_1_7' title="bbox 441 890 2032 986; baseline -0.031 1"><span class='ocrx_word' id='word_1_41' title='bbox 441 890 756 986; x_wconf 59' lang='lat' dir='ltr'><strong>srtruendum</strong></span> <span class='ocrx_word' id='word_1_42' title='bbox 796 920 974 973; x_wconf 87' lang='lat' dir='ltr'><strong>valere</strong></span> <span class='ocrx_word' id='word_1_43' title='bbox 1009 932 1022 967; x_wconf 93' lang='lat'>:</span> <span class='ocrx_word' id='word_1_44' title='bbox 1057 919 1263 966; x_wconf 89' lang='lat' dir='ltr'><strong>certum</strong></span> <span class='ocrx_word' id='word_1_45' title='bbox 1313 913 1398 959; x_wconf 90' lang='lat' dir='ltr'><strong>est</strong></span> <span class='ocrx_word' id='word_1_46' title='bbox 1443 897 1586 970; x_wconf 88' lang='lat' dir='ltr'><strong>quod</strong></span> <span class='ocrx_word' id='word_1_47' title='bbox 1629 904 1845 966; x_wconf 84' lang='lat' dir='ltr'><strong>prOpter</strong></span> <span class='ocrx_word' id='word_1_48' title='bbox 1893 890 2032 942; x_wconf 88' lang='lat' dir='ltr'><strong>hanc</strong></span> 
     </span>
    </p>
   </div>
   <div class='ocr_carea' id='block_1_8' title="bbox 439 984 2032 1078">
    <p class='ocr_par' dir='ltr' id='par_1_8' title="bbox 439 984 2032 1078">
     <span class='ocr_line' id='line_1_8' title="bbox 439 984 2032 1078; baseline -0.03 0"><span class='ocrx_word' id='word_1_49' title='bbox 439 1024 610 1078; x_wconf 89' lang='lat' dir='ltr'><strong>solam</strong></span> <span class='ocrx_word' id='word_1_50' title='bbox 641 1029 858 1072; x_wconf 80' lang='lat' dir='ltr'><strong>causam</strong></span> <span class='ocrx_word' id='word_1_51' title='bbox 880 1011 1017 1066; x_wconf 90' lang='lat' dir='ltr'><strong>facta</strong></span> <span class='ocrx_word' id='word_1_52' title='bbox 1041 1006 1127 1062; x_wconf 91' lang='lat' dir='ltr'><strong>sit.</strong></span> <span class='ocrx_word' id='word_1_53' title='bbox 1153 1002 1231 1058; x_wconf 84' lang='lat' dir='ltr'><strong>Ne</strong></span> <span class='ocrx_word' id='word_1_54' title='bbox 1259 996 1484 1066; x_wconf 87' lang='lat' dir='ltr'><strong>amplius</strong></span> <span class='ocrx_word' id='word_1_55' title='bbox 1506 992 1666 1063; x_wconf 82' lang='lat' dir='ltr'><strong>igitur</strong></span> <span class='ocrx_word' id='word_1_56' title='bbox 1687 984 2032 1078; x_wconf 77' lang='lat' dir='ltr'><strong>pecuniarum</strong></span> 
     </span>
    </p>
   </div>
   <div class='ocr_carea' id='block_1_9' title="bbox 439 1071 2032 1182">
    <p class='ocr_par' dir='ltr' id='par_1_9' title="bbox 439 1071 2032 1182">
     <span class='ocr_line' id='line_1_9' title="bbox 439 1071 2032 1182; baseline -0.028 -13"><span class='ocrx_word' id='word_1_57' title='bbox 439 1114 701 1182; x_wconf 72' lang='lat' dir='ltr'><strong>iacturam</strong></span> <span class='ocrx_word' id='word_1_58' title='bbox 731 1105 1028 1164; x_wconf 83' lang='lat' dir='ltr'><strong>doleamus,</strong></span> <span class='ocrx_word' id='word_1_59' title='bbox 1059 1094 1154 1151; x_wconf 91' lang='lat' dir='ltr'><strong>sed</strong></span> <span class='ocrx_word' id='word_1_60' title='bbox 1192 1106 1312 1148; x_wconf 90' lang='lat' dir='ltr'><strong>cum</strong></span> <span class='ocrx_word' id='word_1_61' title='bbox 1361 1099 1644 1158; x_wconf 87' lang='lat' dir='ltr'><strong>peccamus</strong></span> <span class='ocrx_word' id='word_1_62' title='bbox 1686 1087 1890 1134; x_wconf 89' lang='lat' dir='ltr'><strong>tantum</strong></span> <span class='ocrx_word' id='word_1_63' title='bbox 1938 1071 2032 1125; x_wconf 81' lang='lat' dir='ltr'><strong>dn-</strong></span> 
     </span>
    </p>
   </div>
   <div class='ocr_carea' id='block_1_10' title="bbox 451 1168 2038 1264">
    <p class='ocr_par' dir='ltr' id='par_1_10' title="bbox 451 1168 2038 1264">
     <span class='ocr_line' id='line_1_10' title="bbox 451 1168 2038 1264; baseline -0.027 -7"><span class='ocrx_word' id='word_1_64' title='bbox 451 1168 694 1264; x_wconf 84' lang='lat' dir='ltr'><strong>icamus;</strong></span> <span class='ocrx_word' id='word_1_65' title='bbox 726 1195 890 1252; x_wconf 87' lang='lat' dir='ltr'><strong>multa</strong></span> <span class='ocrx_word' id='word_1_66' title='bbox 918 1191 1060 1246; x_wconf 90' lang='lat' dir='ltr'><strong>enim</strong></span> <span class='ocrx_word' id='word_1_67' title='bbox 1092 1187 1178 1241; x_wconf 86' lang='lat' dir='ltr'><strong>hic</strong></span> <span class='ocrx_word' id='word_1_68' title='bbox 1203 1199 1268 1239; x_wconf 91' lang='lat' dir='ltr'><strong>ex</strong></span> <span class='ocrx_word' id='word_1_69' title='bbox 1302 1179 1515 1235; x_wconf 77' lang='lat' dir='ltr'><strong>tristitia</strong></span> <span class='ocrx_word' id='word_1_70' title='bbox 1549 1173 1765 1229; x_wconf 88' lang='lat' dir='ltr'><strong>utilitas.</strong></span> <span class='ocrx_word' id='word_1_71' title='bbox 1815 1168 2038 1222; x_wconf 74' lang='lat' dir='ltr'><strong>Mulcla-</strong></span> 
     </span>
    </p>
   </div>
   <div class='ocr_carea' id='block_1_11' title="bbox 451 1259 2038 1352">
    <p class='ocr_par' dir='ltr' id='par_1_11' title="bbox 451 1259 2038 1352">
     <span class='ocr_line' id='line_1_11' title="bbox 451 1259 2038 1352; baseline -0.026 -2"><span class='ocrx_word' id='word_1_72' title='bbox 451 1309 537 1352; x_wconf 92' lang='lat' dir='ltr'><strong>tus</strong></span> <span class='ocrx_word' id='word_1_73' title='bbox 562 1259 758 1349; x_wconf 34' lang='lat' dir='ltr'><strong>esi-ne</strong></span> <span class='ocrx_word' id='word_1_74' title='bbox 784 1287 1002 1347; x_wconf 89' lang='lat' dir='ltr'><strong>doleas;</strong></span> <span class='ocrx_word' id='word_1_75' title='bbox 1037 1291 1207 1349; x_wconf 89' lang='lat' dir='ltr'><strong>neque</strong></span> <span class='ocrx_word' id='word_1_76' title='bbox 1248 1273 1388 1327; x_wconf 88' lang='lat' dir='ltr'><strong>enim</strong></span> <span class='ocrx_word' id='word_1_77' title='bbox 1443 1265 1702 1340; x_wconf 90' lang='lat' dir='ltr'><strong>proderit.</strong></span> <span class='ocrx_word' id='word_1_78' title='bbox 1749 1259 2038 1316; x_wconf 53' lang='lat' dir='ltr'><strong>Peccasti?</strong></span> 
     </span>
    </p>
   </div>
   <div class='ocr_carea' id='block_1_12' title="bbox 451 1353 2038 1453">
    <p class='ocr_par' dir='ltr' id='par_1_12' title="bbox 451 1353 2038 1453">
     <span class='ocr_line' id='line_1_12' title="bbox 451 1353 2038 1453; baseline -0.026 -9"><span class='ocrx_word' id='word_1_79' title='bbox 451 1387 598 1453; x_wconf 66' lang='lat' dir='ltr'><strong>dole,</strong></span> <span class='ocrx_word' id='word_1_80' title='bbox 633 1384 760 1439; x_wconf 89' lang='lat' dir='ltr'><strong>utile</strong></span> <span class='ocrx_word' id='word_1_81' title='bbox 787 1391 1017 1447; x_wconf 80' lang='lat' dir='ltr'><strong>namque</strong></span> <span class='ocrx_word' id='word_1_82' title='bbox 1038 1381 1152 1434; x_wconf 89' lang='lat' dir='ltr'><strong>est;</strong></span> <span class='ocrx_word' id='word_1_83' title='bbox 1186 1376 1240 1423; x_wconf 90' lang='lat' dir='ltr'><strong>et</strong></span> <span class='ocrx_word' id='word_1_84' title='bbox 1270 1365 1363 1420; x_wconf 89' lang='lat' dir='ltr'><strong>Dei</strong></span> <span class='ocrx_word' id='word_1_85' title='bbox 1386 1358 1724 1435; x_wconf 89' lang='lat' dir='ltr'><strong>prudentiam</strong></span> <span class='ocrx_word' id='word_1_86' title='bbox 1753 1362 1803 1408; x_wconf 90' lang='lat' dir='ltr'><strong>et</strong></span> <span class='ocrx_word' id='word_1_87' title='bbox 1823 1353 2038 1421; x_wconf 85' lang='lat' dir='ltr'><strong>sapien-</strong></span> 
     </span>
    </p>
   </div>
   <div class='ocr_carea' id='block_1_13' title="bbox 448 1449 2038 1533">
    <p class='ocr_par' dir='ltr' id='par_1_13' title="bbox 448 1449 2038 1533">
     <span class='ocr_line' id='line_1_13' title="bbox 448 1449 2038 1533; baseline -0.025 0"><span class='ocrx_word' id='word_1_88' title='bbox 448 1449 594 1533; x_wconf 71' lang='lat' dir='ltr'><strong>tiam</strong></span> <span class='ocrx_word' id='word_1_89' title='bbox 616 1471 914 1531; x_wconf 87' lang='lat' dir='ltr'><strong>considera.</strong></span> <span class='ocrx_word' id='word_1_90' title='bbox 943 1467 1054 1519; x_wconf 91' lang='lat' dir='ltr'><strong>Duo</strong></span> <span class='ocrx_word' id='word_1_91' title='bbox 1096 1463 1208 1514; x_wconf 83' lang='lat' dir='ltr'><strong>haec</strong></span> <span class='ocrx_word' id='word_1_92' title='bbox 1253 1455 1408 1511; x_wconf 87' lang='lat' dir='ltr'><strong>nobis</strong></span> <span class='ocrx_word' id='word_1_93' title='bbox 1464 1449 1669 1521; x_wconf 80' lang='lat' dir='ltr'><strong>peperit</strong></span> <span class='ocrx_word' id='word_1_94' title='bbox 1719 1451 1996 1514; x_wconf 73' lang='lat' dir='ltr'><strong>peccatum</strong></span> <span class='ocrx_word' id='word_1_95' title='bbox 2022 1482 2038 1506; x_wconf 92' lang='lat'><strong>,</strong></span> 
     </span>
    </p>
   </div>
   <div class='ocr_carea' id='block_1_14' title="bbox 461 1531 2041 1624">
    <p class='ocr_par' dir='ltr' id='par_1_14' title="bbox 461 1531 2041 1624">
     <span class='ocr_line' id='line_1_14' title="bbox 461 1531 2041 1624; baseline -0.026 0"><span class='ocrx_word' id='word_1_96' title='bbox 461 1568 730 1624; x_wconf 71' lang='lat' dir='ltr'><strong>tristitiam</strong></span> <span class='ocrx_word' id='word_1_97' title='bbox 761 1573 814 1616; x_wconf 90' lang='lat' dir='ltr'><strong>et</strong></span> <span class='ocrx_word' id='word_1_98' title='bbox 843 1569 1068 1613; x_wconf 89' lang='lat' dir='ltr'><strong>mortem</strong></span> <span class='ocrx_word' id='word_1_99' title='bbox 1101 1571 1114 1606; x_wconf 90' lang='lat'>:</span> <span class='ocrx_word' id='word_1_100' title='bbox 1150 1551 1474 1616; x_wconf 83' lang='lat' dir='ltr'><strong>Quacumque</strong></span> <span class='ocrx_word' id='word_1_101' title='bbox 1512 1541 1643 1595; x_wconf 81' lang='lat' dir='ltr'><strong>enim</strong></span> <span class='ocrx_word' id='word_1_102' title='bbox 1671 1537 1753 1590; x_wconf 84' lang='lat' dir='ltr'><strong>die</strong></span> <span class='ocrx_word' id='word_1_103' title='bbox 1793 1531 2041 1597; x_wconf 78' lang='lat' dir='ltr'><strong>comedes,</strong></span> 
     </span>
    </p>
   </div>
   <div class='ocr_carea' id='block_1_15' title="bbox 461 1624 2042 1726">
    <p class='ocr_par' dir='ltr' id='par_1_15' title="bbox 461 1624 2042 1726">
     <span class='ocr_line' id='line_1_15' title="bbox 461 1624 2042 1726; baseline -0.027 -11"><span class='ocrx_word' id='word_1_104' title='bbox 461 1658 653 1726; x_wconf 78' lang='lat' dir='ltr'><strong>inquit,</strong></span> <span class='ocrx_word' id='word_1_105' title='bbox 686 1660 846 1708; x_wconf 80' lang='lat' dir='ltr'><strong>marte</strong></span> <span class='ocrx_word' id='word_1_106' title='bbox 888 1643 1117 1701; x_wconf 79' lang='lat' dir='ltr'><strong>morieris</strong></span> <span class='ocrx_word' id='word_1_107' title='bbox 1135 1639 1286 1712; x_wconf 80' lang='lat' dir='ltr'><strong>(Gen.</strong></span> <span class='ocrx_word' id='word_1_108' title='bbox 1304 1635 1359 1688; x_wconf 73' lang='grc'><strong>2.</strong></span> <span class='ocrx_word' id='word_1_109' title='bbox 1387 1635 1473 1701; x_wconf 82' lang='grc' dir='ltr'><strong>Π)</strong></span> <span class='ocrx_word' id='word_1_110' title='bbox 1501 1647 1514 1694; x_wconf 89' lang='lat'><strong>;</strong></span> <span class='ocrx_word' id='word_1_111' title='bbox 1542 1639 1595 1684; x_wconf 88' lang='lat' dir='ltr'><strong>et</strong></span> <span class='ocrx_word' id='word_1_112' title='bbox 1623 1626 1689 1681; x_wconf 90' lang='lat' dir='ltr'><strong>ad</strong></span> <span class='ocrx_word' id='word_1_113' title='bbox 1729 1624 2042 1686; x_wconf 91' lang='lat' dir='ltr'><strong>mulierem,</strong></span> 
     </span>
    </p>
   </div>
   <div class='ocr_carea' id='block_1_16' title="bbox 460 1716 2048 1808">
    <p class='ocr_par' dir='ltr' id='par_1_16' title="bbox 460 1716 2048 1808">
     <span class='ocr_line' id='line_1_16' title="bbox 460 1716 2048 1808; baseline -0.026 -4"><span class='ocrx_word' id='word_1_114' title='bbox 460 1716 811 1804; x_wconf 44' lang='lat' dir='ltr'><strong>lu&#39;doloribus</strong></span> <span class='ocrx_word' id='word_1_115' title='bbox 841 1738 1003 1808; x_wconf 73' lang='lat' dir='ltr'><strong>paries</strong></span> <span class='ocrx_word' id='word_1_116' title='bbox 1025 1735 1159 1804; x_wconf 78' lang='lat' dir='ltr'><strong>ﬁlios</strong></span> <span class='ocrx_word' id='word_1_117' title='bbox 1191 1726 1410 1803; x_wconf 78' lang='lat' dir='ltr'><strong>(Gen.&#39;5.</strong></span> <span class='ocrx_word' id='word_1_118' title='bbox 1435 1722 1542 1793; x_wconf 72' lang='lat'><strong>16);</strong></span> <span class='ocrx_word' id='word_1_119' title='bbox 1569 1729 1624 1775; x_wconf 91' lang='lat' dir='ltr'><strong>et</strong></span> <span class='ocrx_word' id='word_1_120' title='bbox 1650 1733 1746 1788; x_wconf 91' lang='lat' dir='ltr'><strong>per</strong></span> <span class='ocrx_word' id='word_1_121' title='bbox 1768 1716 1881 1770; x_wconf 85' lang='lat' dir='ltr'><strong>haec</strong></span> <span class='ocrx_word' id='word_1_122' title='bbox 1903 1721 2048 1808; x_wconf 84' lang='lat' dir='ltr'><strong>utra-</strong></span> 
     </span>
    </p>
   </div>
   <div class='ocr_carea' id='block_1_17' title="bbox 463 1805 2048 1911">
    <p class='ocr_par' dir='ltr' id='par_1_17' title="bbox 463 1805 2048 1911">
     <span class='ocr_line' id='line_1_17' title="bbox 463 1805 2048 1911; baseline -0.025 -16"><span class='ocrx_word' id='word_1_123' title='bbox 463 1859 567 1911; x_wconf 90' lang='lat' dir='ltr'><strong>que</strong></span> <span class='ocrx_word' id='word_1_124' title='bbox 591 1805 863 1910; x_wconf 88' lang='lat' dir='ltr'><strong>peccatum</strong></span> <span class='ocrx_word' id='word_1_125' title='bbox 896 1827 1132 1891; x_wconf 86' lang='lat' dir='ltr'><strong>sustulit,</strong></span> <span class='ocrx_word' id='word_1_126' title='bbox 1167 1831 1220 1877; x_wconf 91' lang='lat' dir='ltr'><strong>et</strong></span> <span class='ocrx_word' id='word_1_127' title='bbox 1251 1837 1280 1873; x_wconf 92' lang='lat' dir='ltr'><strong>a</strong></span> <span class='ocrx_word' id='word_1_128' title='bbox 1326 1817 1448 1871; x_wconf 82' lang='lat' dir='ltr'><strong>ﬁliis</strong></span> <span class='ocrx_word' id='word_1_129' title='bbox 1492 1820 1718 1868; x_wconf 87' lang='lat' dir='ltr'><strong>matrem</strong></span> <span class='ocrx_word' id='word_1_130' title='bbox 1764 1805 1932 1862; x_wconf 88' lang='lat' dir='ltr'><strong>deleri</strong></span> <span class='ocrx_word' id='word_1_131' title='bbox 1956 1819 2048 1858; x_wconf 80' lang='lat' dir='ltr'><strong>cu-</strong></span> 
     </span>
    </p>
   </div>
   <div class='ocr_carea' id='block_1_18' title="bbox 465 1896 2050 1998">
    <p class='ocr_par' dir='ltr' id='par_1_18' title="bbox 465 1896 2050 1998">
     <span class='ocr_line' id='line_1_18' title="bbox 465 1896 2050 1998; baseline -0.026 -9"><span class='ocrx_word' id='word_1_132' title='bbox 465 1896 622 1989; x_wconf 62' lang='lat' dir='ltr'><strong>ravii.</strong></span> <span class='ocrx_word' id='word_1_133' title='bbox 646 1926 798 1998; x_wconf 85' lang='lat' dir='ltr'><strong>Quod</strong></span> <span class='ocrx_word' id='word_1_134' title='bbox 828 1923 971 1980; x_wconf 88' lang='lat' dir='ltr'><strong>enim</strong></span> <span class='ocrx_word' id='word_1_135' title='bbox 1015 1934 1140 1974; x_wconf 84' lang='lat' dir='ltr'><strong>cuni</strong></span> <span class='ocrx_word' id='word_1_136' title='bbox 1187 1911 1399 1967; x_wconf 87' lang='lat' dir='ltr'><strong>tristitia</strong></span> <span class='ocrx_word' id='word_1_137' title='bbox 1454 1920 1597 1961; x_wconf 90' lang='lat' dir='ltr'><strong>mors</strong></span> <span class='ocrx_word' id='word_1_138' title='bbox 1633 1908 1908 1973; x_wconf 87' lang='lat' dir='ltr'><strong>peccatum</strong></span> <span class='ocrx_word' id='word_1_139' title='bbox 1957 1896 2050 1950; x_wconf 92' lang='lat' dir='ltr'><strong>de-</strong></span> 
     </span>
    </p>
   </div>
   <div class='ocr_carea' id='block_1_19' title="bbox 467 1987 2050 2087">
    <p class='ocr_par' dir='ltr' id='par_1_19' title="bbox 467 1987 2050 2087">
     <span class='ocr_line' id='line_1_19' title="bbox 467 1987 2050 2087; baseline -0.028 -5"><span class='ocrx_word' id='word_1_140' title='bbox 467 2035 658 2087; x_wconf 89' lang='lat' dir='ltr'><strong>struat,</strong></span> <span class='ocrx_word' id='word_1_141' title='bbox 689 2017 1024 2075; x_wconf 85' lang='lat' dir='ltr'><strong>manifestum</strong></span> <span class='ocrx_word' id='word_1_142' title='bbox 1045 2007 1258 2078; x_wconf 90' lang='lat' dir='ltr'><strong>quidem</strong></span> <span class='ocrx_word' id='word_1_143' title='bbox 1290 2010 1344 2056; x_wconf 88' lang='lat' dir='ltr'><strong>et</strong></span> <span class='ocrx_word' id='word_1_144' title='bbox 1388 2017 1451 2052; x_wconf 82' lang='lat' dir='ltr'><strong>ex</strong></span> <span class='ocrx_word' id='word_1_145' title='bbox 1498 1992 1853 2065; x_wconf 78' lang='lat' dir='ltr'><strong>martyribus:</strong></span> <span class='ocrx_word' id='word_1_146' title='bbox 1878 1987 2050 2043; x_wconf 84' lang='lat' dir='ltr'><strong>mani-</strong></span> 
     </span>
    </p>
   </div>
   <div class='ocr_carea' id='block_1_20' title="bbox 470 2087 2049 2174">
    <p class='ocr_par' dir='ltr' id='par_1_20' title="bbox 470 2087 2049 2174">
     <span class='ocr_line' id='line_1_20' title="bbox 470 2087 2049 2174; baseline -0.026 0"><span class='ocrx_word' id='word_1_147' title='bbox 470 2119 661 2174; x_wconf 88' lang='lat' dir='ltr'><strong>festum</strong></span> <span class='ocrx_word' id='word_1_148' title='bbox 692 2115 819 2168; x_wconf 91' lang='lat' dir='ltr'><strong>item</strong></span> <span class='ocrx_word' id='word_1_149' title='bbox 845 2124 912 2164; x_wconf 88' lang='lat' dir='ltr'><strong>ex</strong></span> <span class='ocrx_word' id='word_1_150' title='bbox 952 2107 1047 2167; x_wconf 88' lang='lat' dir='ltr'><strong>iis,</strong></span> <span class='ocrx_word' id='word_1_151' title='bbox 1079 2117 1196 2171; x_wconf 67' lang='lat' dir='ltr'><strong>quae</strong></span> <span class='ocrx_word' id='word_1_152' title='bbox 1222 2096 1353 2152; x_wconf 73' lang='lat' dir='ltr'><strong>dixit</strong></span> <span class='ocrx_word' id='word_1_153' title='bbox 1377 2091 1568 2146; x_wconf 63' lang='lat' dir='ltr'><strong>huius</strong></span> <span class='ocrx_word' id='word_1_154' title='bbox 1606 2087 1673 2141; x_wconf 88' lang='lat' dir='ltr'><strong>ad</strong></span> <span class='ocrx_word' id='word_1_155' title='bbox 1704 2092 2012 2155; x_wconf 88' lang='lat' dir='ltr'><strong>peccatores</strong></span> <span class='ocrx_word' id='word_1_156' title='bbox 2035 2122 2049 2144; x_wconf 90' lang='lat'><strong>,</strong></span> 
     </span>
    </p>
   </div>
   <div class='ocr_carea' id='block_1_21' title="bbox 472 2172 2052 2274">
    <p class='ocr_par' dir='ltr' id='par_1_21' title="bbox 472 2172 2052 2274">
     <span class='ocr_line' id='line_1_21' title="bbox 472 2172 2052 2274; baseline -0.026 -10"><span class='ocrx_word' id='word_1_157' title='bbox 577 2204 822 2274; x_wconf 85' lang='lat' dir='ltr'><strong>inquiens</strong></span> <span class='ocrx_word' id='word_1_158' title='bbox 853 2217 866 2253; x_wconf 89' lang='lat'>:</span> <span class='ocrx_word' id='word_1_159' title='bbox 899 2195 1023 2250; x_wconf 89' lang='lat' dir='ltr'><strong>Ideo</strong></span> <span class='ocrx_word' id='word_1_160' title='bbox 1053 2190 1195 2245; x_wconf 81' lang='lat' dir='ltr'><strong>mulli</strong></span> <span class='ocrx_word' id='word_1_161' title='bbox 1230 2189 1280 2240; x_wconf 88' lang='lat' dir='ltr'><strong>in</strong></span> <span class='ocrx_word' id='word_1_162' title='bbox 1309 2185 1445 2238; x_wconf 68' lang='lat' dir='ltr'><strong>vobis</strong></span> <span class='ocrx_word' id='word_1_163' title='bbox 1473 2179 1663 2250; x_wconf 77' lang='lat' dir='ltr'><strong>inﬁrmi</strong></span> <span class='ocrx_word' id='word_1_164' title='bbox 1685 2186 1730 2230; x_wconf 88' lang='lat' dir='ltr'><strong>et</strong></span> <span class='ocrx_word' id='word_1_165' title='bbox 1756 2172 2052 2235; x_wconf 77' lang='lat' dir='ltr'><strong>imbecilles,</strong></span> 
     </span>
    </p>
   </div>
   <div class='ocr_carea' id='block_1_22' title="bbox 467 2262 2056 2354">
    <p class='ocr_par' dir='ltr' id='par_1_22' title="bbox 467 2262 2056 2354">
     <span class='ocr_line' id='line_1_22' title="bbox 467 2262 2056 2354; baseline -0.027 1"><span class='ocrx_word' id='word_1_166' title='bbox 467 2262 516 2354; x_wconf 81' lang='lat' dir='ltr'><strong>et</strong></span> <span class='ocrx_word' id='word_1_167' title='bbox 557 2262 808 2351; x_wconf 68' lang='lat' dir='ltr'><strong>dormiunt</strong></span> <span class='ocrx_word' id='word_1_168' title='bbox 834 2287 978 2342; x_wconf 83' lang='lat' dir='ltr'><strong>multi</strong></span> <span class='ocrx_word' id='word_1_169' title='bbox 1005 2285 1084 2354; x_wconf 94' lang='grc'><strong>(1.</strong></span> <span class='ocrx_word' id='word_1_170' title='bbox 1113 2280 1232 2335; x_wconf 86' lang='lat' dir='ltr'><strong>Cor.</strong></span> <span class='ocrx_word' id='word_1_171' title='bbox 1267 2279 1351 2332; x_wconf 90' lang='grc'><strong>11.</strong></span> <span class='ocrx_word' id='word_1_172' title='bbox 1380 2271 1470 2344; x_wconf 74' lang='grc'><strong>50)</strong></span> <span class='ocrx_word' id='word_1_173' title='bbox 1493 2315 1506 2336; x_wconf 85' lang='grc'>,</span> <span class='ocrx_word' id='word_1_174' title='bbox 1529 2271 1650 2341; x_wconf 88' lang='lat' dir='ltr'><strong>quia</strong></span> <span class='ocrx_word' id='word_1_175' title='bbox 1682 2283 1774 2321; x_wconf 84' lang='lat' dir='ltr'><strong>vos</strong></span> <span class='ocrx_word' id='word_1_176' title='bbox 1805 2262 2056 2335; x_wconf 89' lang='lat' dir='ltr'><strong>peccatis,</strong></span> 
     </span>
    </p>
   </div>
   <div class='ocr_carea' id='block_1_23' title="bbox 473 2355 2061 2460">
    <p class='ocr_par' dir='ltr' id='par_1_23' title="bbox 473 2355 2061 2460">
     <span class='ocr_line' id='line_1_23' title="bbox 473 2355 2061 2460; baseline -0.025 -15"><span class='ocrx_word' id='word_1_177' title='bbox 473 2391 662 2460; x_wconf 75' lang='lat' dir='ltr'><strong>inquit.</strong></span> <span class='ocrx_word' id='word_1_178' title='bbox 683 2379 974 2440; x_wconf 85' lang='lat' dir='ltr'><strong>morimini,</strong></span> <span class='ocrx_word' id='word_1_179' title='bbox 1005 2386 1062 2431; x_wconf 90' lang='lat' dir='ltr'><strong>ut</strong></span> <span class='ocrx_word' id='word_1_180' title='bbox 1090 2383 1263 2429; x_wconf 88' lang='lat' dir='ltr'><strong>morte</strong></span> <span class='ocrx_word' id='word_1_181' title='bbox 1295 2377 1506 2438; x_wconf 79' lang='lat' dir='ltr'><strong>precata</strong></span> <span class='ocrx_word' id='word_1_182' title='bbox 1537 2362 1833 2418; x_wconf 83' lang='lat' dir='ltr'><strong>solvantur.</strong></span> <span class='ocrx_word' id='word_1_183' title='bbox 1881 2355 2061 2410; x_wconf 85' lang='lat' dir='ltr'><strong>Intulit</strong></span> 
     </span>
    </p>
   </div>
   <div class='ocr_carea' id='block_1_24' title="bbox 480 2453 2062 2552">
    <p class='ocr_par' dir='ltr' id='par_1_24' title="bbox 480 2453 2062 2552">
     <span class='ocr_line' id='line_1_24' title="bbox 480 2453 2062 2552; baseline -0.025 -16"><span class='ocrx_word' id='word_1_184' title='bbox 480 2453 640 2552; x_wconf 64' lang='lat' dir='ltr'><strong>igitur</strong></span> <span class='ocrx_word' id='word_1_185' title='bbox 692 2477 914 2538; x_wconf 87' lang='lat' dir='ltr'><strong>dicens,</strong></span> <span class='ocrx_word' id='word_1_186' title='bbox 947 2469 1009 2524; x_wconf 85' lang='lat' dir='ltr'><strong>Si</strong></span> <span class='ocrx_word' id='word_1_187' title='bbox 1062 2465 1194 2519; x_wconf 88' lang='lat' dir='ltr'><strong>enim</strong></span> <span class='ocrx_word' id='word_1_188' title='bbox 1245 2477 1336 2514; x_wconf 85' lang='lat' dir='ltr'><strong>nos</strong></span> <span class='ocrx_word' id='word_1_189' title='bbox 1383 2459 1522 2525; x_wconf 79' lang='lat' dir='ltr'><strong>ipsos</strong></span> <span class='ocrx_word' id='word_1_190' title='bbox 1559 2453 1928 2524; x_wconf 75' lang='lat' dir='ltr'><strong>judicaremns,</strong></span> <span class='ocrx_word' id='word_1_191' title='bbox 1961 2461 2062 2498; x_wconf 87' lang='lat' dir='ltr'><strong>non</strong></span> 
     </span>
    </p>
   </div>
   <div class='ocr_carea' id='block_1_25' title="bbox 475 2539 2059 2640">
    <p class='ocr_par' dir='ltr' id='par_1_25' title="bbox 475 2539 2059 2640">
     <span class='ocr_line' id='line_1_25' title="bbox 475 2539 2059 2640; baseline -0.025 -12"><span class='ocrx_word' id='word_1_192' title='bbox 475 2539 642 2640; x_wconf 54' lang='lat' dir='ltr'><strong>diique</strong></span> <span class='ocrx_word' id='word_1_193' title='bbox 655 2567 1010 2640; x_wconf 85' lang='lat' dir='ltr'><strong>judicarentur</strong></span> <span class='ocrx_word' id='word_1_194' title='bbox 1038 2575 1054 2612; x_wconf 90' lang='lat'><strong><em>:</em></strong></span> <span class='ocrx_word' id='word_1_195' title='bbox 1080 2559 1201 2610; x_wconf 87' lang='lat' dir='ltr'><strong>dum</strong></span> <span class='ocrx_word' id='word_1_196' title='bbox 1230 2552 1527 2624; x_wconf 84' lang='lat' dir='ltr'><strong>judicmnnr</strong></span> <span class='ocrx_word' id='word_1_197' title='bbox 1554 2555 1720 2598; x_wconf 84' lang='lat' dir='ltr'><strong>autem</strong></span> <span class='ocrx_word' id='word_1_198' title='bbox 1745 2559 1776 2595; x_wconf 89' lang='lat' dir='ltr'><strong>a</strong></span> <span class='ocrx_word' id='word_1_199' title='bbox 1805 2539 2026 2594; x_wconf 89' lang='lat' dir='ltr'><strong>Domino</strong></span> <span class='ocrx_word' id='word_1_200' title='bbox 2045 2579 2059 2604; x_wconf 94' lang='lat'><strong>,</strong></span> 
     </span>
    </p>
   </div>
   <div class='ocr_carea' id='block_1_26' title="bbox 478 2628 2060 2727">
    <p class='ocr_par' dir='ltr' id='par_1_26' title="bbox 478 2628 2060 2727">
     <span class='ocr_line' id='line_1_26' title="bbox 478 2628 2060 2727; baseline -0.024 -10"><span class='ocrx_word' id='word_1_201' title='bbox 478 2628 800 2727; x_wconf 73' lang='lat' dir='ltr'><strong>corripiatur,</strong></span> <span class='ocrx_word' id='word_1_202' title='bbox 832 2663 888 2707; x_wconf 85' lang='lat' dir='ltr'><strong>ut</strong></span> <span class='ocrx_word' id='word_1_203' title='bbox 925 2666 1026 2704; x_wconf 89' lang='lat' dir='ltr'><strong>non</strong></span> <span class='ocrx_word' id='word_1_204' title='bbox 1052 2663 1169 2701; x_wconf 88' lang='lat' dir='ltr'><strong>cum</strong></span> <span class='ocrx_word' id='word_1_205' title='bbox 1215 2640 1403 2696; x_wconf 80' lang='lat' dir='ltr'><strong>mundo</strong></span> <span class='ocrx_word' id='word_1_206' title='bbox 1450 2639 1746 2690; x_wconf 76' lang='lat' dir='ltr'><strong>damnentur</strong></span> <span class='ocrx_word' id='word_1_207' title='bbox 1763 2629 1813 2701; x_wconf 82' lang='lat'><strong>(1</strong></span> <span class='ocrx_word' id='word_1_208' title='bbox 1821 2631 1870 2683; x_wconf 86' lang='lat' dir='ltr'><strong>b.</strong></span> <span class='ocrx_word' id='word_1_209' title='bbox 1894 2647 1941 2682; x_wconf 76' lang='grc' dir='ltr'><strong>ν.</strong></span> <span class='ocrx_word' id='word_1_210' title='bbox 1970 2628 2060 2682; x_wconf 80' lang='grc'><strong>⁸51.</strong></span> 
     </span>
    </p>
   </div>
   <div class='ocr_carea' id='block_1_27' title="bbox 481 2719 2063 2824">
    <p class='ocr_par' dir='ltr' id='par_1_27' title="bbox 481 2719 2063 2824">
     <span class='ocr_line' id='line_1_27' title="bbox 481 2719 2063 2824; baseline -0.026 -14"><span class='ocrx_word' id='word_1_211' title='bbox 481 2756 595 2824; x_wconf 69' lang='grc'><strong>52).</strong></span> <span class='ocrx_word' id='word_1_212' title='bbox 617 2719 699 2806; x_wconf 41' lang='lat' dir='ltr'><strong>&#39;Et</strong></span> <span class='ocrx_word' id='word_1_213' title='bbox 727 2719 864 2803; x_wconf 84' lang='lat' dir='ltr'><strong>sicut</strong></span> <span class='ocrx_word' id='word_1_214' title='bbox 891 2741 1086 2797; x_wconf 83' lang='lat' dir='ltr'><strong>vermis</strong></span> <span class='ocrx_word' id='word_1_215' title='bbox 1111 2753 1175 2791; x_wconf 91' lang='lat' dir='ltr'><strong>ex</strong></span> <span class='ocrx_word' id='word_1_216' title='bbox 1209 2735 1348 2803; x_wconf 90' lang='lat' dir='ltr'><strong>ligno</strong></span> <span class='ocrx_word' id='word_1_217' title='bbox 1380 2729 1636 2789; x_wconf 86' lang='lat' dir='ltr'><strong>nascitur,</strong></span> <span class='ocrx_word' id='word_1_218' title='bbox 1658 2735 1712 2778; x_wconf 90' lang='lat' dir='ltr'><strong>et</strong></span> <span class='ocrx_word' id='word_1_219' title='bbox 1737 2721 1862 2776; x_wconf 88' lang='lat' dir='ltr'><strong>illud</strong></span> <span class='ocrx_word' id='word_1_220' title='bbox 1895 2719 2063 2786; x_wconf 52' lang='lat' dir='ltr'><strong>rodit,</strong></span> 
     </span>
    </p>
   </div>
   <div class='ocr_carea' id='block_1_28' title="bbox 485 2809 2069 2900">
    <p class='ocr_par' dir='ltr' id='par_1_28' title="bbox 485 2809 2069 2900">
     <span class='ocr_line' id='line_1_28' title="bbox 485 2809 2069 2900; baseline -0.027 1"><span class='ocrx_word' id='word_1_221' title='bbox 485 2855 538 2900; x_wconf 89' lang='lat' dir='ltr'><strong>et</strong></span> <span class='ocrx_word' id='word_1_222' title='bbox 559 2809 705 2898; x_wconf 68' lang='lat' dir='ltr'><strong>tinea</strong></span> <span class='ocrx_word' id='word_1_223' title='bbox 737 2839 912 2893; x_wconf 88' lang='lat' dir='ltr'><strong>lanam</strong></span> <span class='ocrx_word' id='word_1_224' title='bbox 940 2828 1192 2893; x_wconf 81' lang='lat' dir='ltr'><strong>comedit,</strong></span> <span class='ocrx_word' id='word_1_225' title='bbox 1214 2840 1363 2879; x_wconf 88' lang='lat' dir='ltr'><strong>suam</strong></span> <span class='ocrx_word' id='word_1_226' title='bbox 1409 2821 1476 2873; x_wconf 90' lang='lat' dir='ltr'><strong>ab</strong></span> <span class='ocrx_word' id='word_1_227' title='bbox 1523 2819 1636 2887; x_wconf 89' lang='lat' dir='ltr'><strong>ipsa</strong></span> <span class='ocrx_word' id='word_1_228' title='bbox 1672 2812 1932 2882; x_wconf 74' lang='lat' dir='ltr'><strong>originem</strong></span> <span class='ocrx_word' id='word_1_229' title='bbox 1977 2809 2069 2862; x_wconf 87' lang='lat' dir='ltr'><strong>ba-</strong></span> 
     </span>
    </p>
   </div>
   <div class='ocr_carea' id='block_1_29' title="bbox 485 2909 2071 2992">
    <p class='ocr_par' dir='ltr' id='par_1_29' title="bbox 485 2909 2071 2992">
     <span class='ocr_line' id='line_1_29' title="bbox 485 2909 2071 2992; baseline -0.024 -1"><span class='ocrx_word' id='word_1_230' title='bbox 485 2939 618 2992; x_wconf 84' lang='lat' dir='ltr'><strong>bens</strong></span> <span class='ocrx_word' id='word_1_231' title='bbox 647 2950 660 2984; x_wconf 93' lang='lat'><strong>:</strong></span> <span class='ocrx_word' id='word_1_232' title='bbox 688 2931 766 2984; x_wconf 79' lang='lat' dir='ltr'><strong>sic</strong></span> <span class='ocrx_word' id='word_1_233' title='bbox 793 2937 848 2982; x_wconf 91' lang='lat' dir='ltr'><strong>et</strong></span> <span class='ocrx_word' id='word_1_234' title='bbox 886 2921 1098 2979; x_wconf 88' lang='lat' dir='ltr'><strong>tristitia</strong></span> <span class='ocrx_word' id='word_1_235' title='bbox 1127 2927 1179 2972; x_wconf 94' lang='lat' dir='ltr'><strong>et</strong></span> <span class='ocrx_word' id='word_1_236' title='bbox 1202 2929 1347 2970; x_wconf 83' lang='lat' dir='ltr'><strong>mors</strong></span> <span class='ocrx_word' id='word_1_237' title='bbox 1366 2912 1433 2966; x_wconf 89' lang='lat' dir='ltr'><strong>de</strong></span> <span class='ocrx_word' id='word_1_238' title='bbox 1457 2915 1672 2979; x_wconf 80' lang='lat' dir='ltr'><strong>peccato</strong></span> <span class='ocrx_word' id='word_1_239' title='bbox 1701 2914 1838 2959; x_wconf 88' lang='lat' dir='ltr'><strong>natae</strong></span> <span class='ocrx_word' id='word_1_240' title='bbox 1855 2909 1998 2966; x_wconf 89' lang='lat' dir='ltr'><strong>sunt,</strong></span> <span class='ocrx_word' id='word_1_241' title='bbox 2018 2911 2071 2955; x_wconf 90' lang='lat' dir='ltr'><strong>et</strong></span> 
     </span>
    </p>
   </div>
   <div class='ocr_carea' id='block_1_30' title="bbox 491 2993 2071 3097">
    <p class='ocr_par' dir='ltr' id='par_1_30' title="bbox 491 2993 2071 3097">
     <span class='ocr_line' id='line_1_30' title="bbox 491 2993 2071 3097; baseline -0.021 -18"><span class='ocrx_word' id='word_1_242' title='bbox 491 3033 764 3097; x_wconf 86' lang='lat' dir='ltr'><strong>peccatum</strong></span> <span class='ocrx_word' id='word_1_243' title='bbox 790 3021 1098 3074; x_wconf 87' lang='lat' dir='ltr'><strong>absumunt.</strong></span> <span class='ocrx_word' id='word_1_244' title='bbox 1126 3010 1289 3080; x_wconf 89' lang='lat' dir='ltr'><strong>Igitur</strong></span> <span class='ocrx_word' id='word_1_245' title='bbox 1310 3022 1376 3060; x_wconf 90' lang='lat' dir='ltr'><strong>ne</strong></span> <span class='ocrx_word' id='word_1_246' title='bbox 1402 3005 1682 3058; x_wconf 87' lang='lat' dir='ltr'><strong>timeamus</strong></span> <span class='ocrx_word' id='word_1_247' title='bbox 1711 3006 1957 3059; x_wconf 90' lang='lat' dir='ltr'><strong>mortem,</strong></span> <span class='ocrx_word' id='word_1_248' title='bbox 1977 2993 2071 3048; x_wconf 89' lang='lat' dir='ltr'><strong>sed</strong></span> 
     </span>
    </p>
   </div>
   <div class='ocr_carea' id='block_1_31' title="bbox 489 3087 2076 3190">
    <p class='ocr_par' dir='ltr' id='par_1_31' title="bbox 489 3087 2076 3190">
     <span class='ocr_line' id='line_1_31' title="bbox 489 3087 2076 3190; baseline -0.022 -16"><span class='ocrx_word' id='word_1_249' title='bbox 489 3087 762 3190; x_wconf 80' lang='lat' dir='ltr'><strong>peccatum</strong></span> <span class='ocrx_word' id='word_1_250' title='bbox 793 3113 1074 3166; x_wconf 87' lang='lat' dir='ltr'><strong>timeamus</strong></span> <span class='ocrx_word' id='word_1_251' title='bbox 1099 3103 1392 3163; x_wconf 80' lang='lat' dir='ltr'><strong>dumtaxat,</strong></span> <span class='ocrx_word' id='word_1_252' title='bbox 1424 3104 1478 3151; x_wconf 91' lang='lat' dir='ltr'><strong>et</strong></span> <span class='ocrx_word' id='word_1_253' title='bbox 1503 3101 1719 3164; x_wconf 81' lang='lat' dir='ltr'><strong>prepter</strong></span> <span class='ocrx_word' id='word_1_254' title='bbox 1749 3088 1876 3144; x_wconf 89' lang='lat' dir='ltr'><strong>illud</strong></span> <span class='ocrx_word' id='word_1_255' title='bbox 1893 3087 2076 3142; x_wconf 89' lang='lat' dir='ltr'><strong>dolea-</strong></span> 
     </span>
    </p>
   </div>
   <div class='ocr_carea' id='block_1_32' title="bbox 493 3187 2072 3267">
    <p class='ocr_par' dir='ltr' id='par_1_32' title="bbox 493 3187 2072 3267">
     <span class='ocr_line' id='line_1_32' title="bbox 493 3187 2072 3267; baseline -0.024 1"><span class='ocrx_word' id='word_1_256' title='bbox 493 3187 630 3267; x_wconf 82' lang='lat' dir='ltr'><strong>mus.</strong></span> <span class='ocrx_word' id='word_1_257' title='bbox 659 3208 730 3264; x_wconf 88' lang='lat' dir='ltr'><strong>Et</strong></span> <span class='ocrx_word' id='word_1_258' title='bbox 760 3207 873 3260; x_wconf 70' lang='lat' dir='ltr'><strong>hazc</strong></span> <span class='ocrx_word' id='word_1_259' title='bbox 899 3202 1018 3257; x_wconf 88' lang='lat' dir='ltr'><strong>dico</strong></span> <span class='ocrx_word' id='word_1_260' title='bbox 1053 3212 1156 3252; x_wconf 92' lang='lat' dir='ltr'><strong>non</strong></span> <span class='ocrx_word' id='word_1_261' title='bbox 1202 3207 1363 3265; x_wconf 87' lang='lat' dir='ltr'><strong>grave</strong></span> <span class='ocrx_word' id='word_1_262' title='bbox 1391 3187 1676 3260; x_wconf 83' lang='lat' dir='ltr'><strong>quidquam</strong></span> <span class='ocrx_word' id='word_1_263' title='bbox 1722 3188 2038 3252; x_wconf 84' lang='lat' dir='ltr'><strong>exspectans</strong></span> <span class='ocrx_word' id='word_1_264' title='bbox 2059 3218 2072 3242; x_wconf 90' lang='lat'><strong>,</strong></span> 
     </span>
    </p>
   </div>
   <div class='ocr_carea' id='block_1_33' title="bbox 495 3275 2078 3370">
    <p class='ocr_par' dir='ltr' id='par_1_33' title="bbox 495 3275 2078 3370">
     <span class='ocr_line' id='line_1_33' title="bbox 495 3275 2078 3370; baseline -0.022 -12"><span class='ocrx_word' id='word_1_265' title='bbox 495 3305 654 3370; x_wconf 89' lang='lat' dir='ltr'><strong>absit,</strong></span> <span class='ocrx_word' id='word_1_266' title='bbox 681 3301 776 3356; x_wconf 88' lang='lat' dir='ltr'><strong>sed</strong></span> <span class='ocrx_word' id='word_1_267' title='bbox 813 3300 1061 3352; x_wconf 89' lang='lat' dir='ltr'><strong>timentes</strong></span> <span class='ocrx_word' id='word_1_268' title='bbox 1090 3304 1186 3344; x_wconf 79' lang='lat' dir='ltr'><strong>vos</strong></span> <span class='ocrx_word' id='word_1_269' title='bbox 1230 3287 1307 3341; x_wconf 88' lang='lat' dir='ltr'><strong>sic</strong></span> <span class='ocrx_word' id='word_1_270' title='bbox 1349 3296 1560 3352; x_wconf 87' lang='lat' dir='ltr'><strong>semper</strong></span> <span class='ocrx_word' id='word_1_271' title='bbox 1588 3276 1726 3332; x_wconf 75' lang='lat' dir='ltr'><strong>allici</strong></span> <span class='ocrx_word' id='word_1_272' title='bbox 1755 3275 1979 3337; x_wconf 84' lang='lat' dir='ltr'><strong>volens,</strong></span> <span class='ocrx_word' id='word_1_273' title='bbox 2025 3281 2078 3324; x_wconf 89' lang='lat' dir='ltr'><strong>et</strong></span> 
     </span>
    </p>
   </div>
   <div class='ocr_carea' id='block_1_34' title="bbox 494 3365 2078 3460">
    <p class='ocr_par' dir='ltr' id='par_1_34' title="bbox 494 3365 2078 3460">
     <span class='ocr_line' id='line_1_34' title="bbox 494 3365 2078 3460; baseline -0.023 -12"><span class='ocrx_word' id='word_1_274' title='bbox 494 3365 691 3450; x_wconf 73' lang='lat' dir='ltr'><strong>Christi</strong></span> <span class='ocrx_word' id='word_1_275' title='bbox 721 3391 892 3460; x_wconf 90' lang='lat' dir='ltr'><strong>legem</strong></span> <span class='ocrx_word' id='word_1_276' title='bbox 923 3400 1018 3456; x_wconf 78' lang='lat' dir='ltr'><strong>per</strong></span> <span class='ocrx_word' id='word_1_277' title='bbox 1053 3395 1217 3451; x_wconf 88' lang='lat' dir='ltr'><strong>opera</strong></span> <span class='ocrx_word' id='word_1_278' title='bbox 1247 3374 1471 3446; x_wconf 87' lang='lat' dir='ltr'><strong>implere</strong></span> <span class='ocrx_word' id='word_1_279' title='bbox 1503 3390 1516 3427; x_wconf 89' lang='lat'><strong>:</strong></span> <span class='ocrx_word' id='word_1_280' title='bbox 1550 3369 1610 3424; x_wconf 87' lang='lat' dir='ltr'><strong>Si</strong></span> <span class='ocrx_word' id='word_1_281' title='bbox 1653 3366 1764 3437; x_wconf 77' lang='lat' dir='ltr'><strong>quis</strong></span> <span class='ocrx_word' id='word_1_282' title='bbox 1801 3365 1934 3418; x_wconf 84' lang='lat' dir='ltr'><strong>enim</strong></span> <span class='ocrx_word' id='word_1_283' title='bbox 1978 3377 2078 3414; x_wconf 87' lang='lat' dir='ltr'><strong>non</strong></span> 
     </span>
    </p>
   </div>
   <div class='ocr_carea' id='block_1_35' title="bbox 506 3459 2076 3545">
    <p class='ocr_par' dir='ltr' id='par_1_35' title="bbox 506 3459 2076 3545">
     <span class='ocr_line' id='line_1_35' title="bbox 506 3459 2076 3545; baseline -0.024 0"><span class='ocrx_word' id='word_1_284' title='bbox 506 3489 636 3544; x_wconf 80' lang='lat' dir='ltr'><strong>tollit</strong></span> <span class='ocrx_word' id='word_1_285' title='bbox 663 3459 862 3541; x_wconf 76' lang='lat' dir='ltr'><strong>crucem</strong></span> <span class='ocrx_word' id='word_1_286' title='bbox 891 3496 1058 3545; x_wconf 77' lang='lat' dir='ltr'><strong>suam,</strong></span> <span class='ocrx_word' id='word_1_287' title='bbox 1087 3485 1132 3530; x_wconf 83' lang='lat' dir='ltr'><strong>et</strong></span> <span class='ocrx_word' id='word_1_288' title='bbox 1155 3473 1375 3543; x_wconf 79' lang='lat' dir='ltr'><strong>sequitur</strong></span> <span class='ocrx_word' id='word_1_289' title='bbox 1403 3483 1501 3531; x_wconf 89' lang='lat' dir='ltr'><strong>me,</strong></span> <span class='ocrx_word' id='word_1_290' title='bbox 1531 3481 1629 3519; x_wconf 87' lang='lat' dir='ltr'><strong>non</strong></span> <span class='ocrx_word' id='word_1_291' title='bbox 1659 3471 1729 3517; x_wconf 77' lang='lat' dir='ltr'><strong>est</strong></span> <span class='ocrx_word' id='word_1_292' title='bbox 1755 3478 1833 3515; x_wconf 87' lang='lat' dir='ltr'><strong>me</strong></span> <span class='ocrx_word' id='word_1_293' title='bbox 1856 3459 2038 3529; x_wconf 75' lang='lat' dir='ltr'><strong>dignus</strong></span> <span class='ocrx_word' id='word_1_294' title='bbox 2061 3495 2076 3520; x_wconf 94' lang='lat'><strong>,</strong></span> 
     </span>
    </p>
   </div>
   <div class='ocr_carea' id='block_1_36' title="bbox 497 3554 2084 3651">
    <p class='ocr_par' dir='ltr' id='par_1_36' title="bbox 497 3554 2084 3651">
     <span class='ocr_line' id='line_1_36' title="bbox 497 3554 2084 3651; baseline -0.022 -16"><span class='ocrx_word' id='word_1_295' title='bbox 497 3580 673 3651; x_wconf 90' lang='lat' dir='ltr'><strong>inquit</strong></span> <span class='ocrx_word' id='word_1_296' title='bbox 711 3574 920 3649; x_wconf 80' lang='lat' dir='ltr'><strong>(Matth.</strong></span> <span class='ocrx_word' id='word_1_297' title='bbox 950 3571 1035 3626; x_wconf 89' lang='grc'><strong>10.</strong></span> <span class='ocrx_word' id='word_1_298' title='bbox 1079 3567 1196 3633; x_wconf 80' lang='grc'><strong>58).</strong></span> <span class='ocrx_word' id='word_1_299' title='bbox 1224 3563 1337 3618; x_wconf 84' lang='lat' dir='ltr'><strong>Hoc</strong></span> <span class='ocrx_word' id='word_1_300' title='bbox 1383 3567 1558 3613; x_wconf 88' lang='lat' dir='ltr'><strong>atttem</strong></span> <span class='ocrx_word' id='word_1_301' title='bbox 1599 3554 1840 3613; x_wconf 88' lang='lat' dir='ltr'><strong>dicebat,</strong></span> <span class='ocrx_word' id='word_1_302' title='bbox 1870 3565 1974 3604; x_wconf 85' lang='lat' dir='ltr'><strong>non</strong></span> <span class='ocrx_word' id='word_1_303' title='bbox 2025 3557 2084 3601; x_wconf 89' lang='lat' dir='ltr'><strong>ut</strong></span> 
     </span>
    </p>
   </div>
   <div class='ocr_carea' id='block_1_37' title="bbox 504 3652 2085 3743">
    <p class='ocr_par' dir='ltr' id='par_1_37' title="bbox 504 3652 2085 3743">
     <span class='ocr_line' id='line_1_37' title="bbox 504 3652 2085 3743; baseline -0.022 -15"><span class='ocrx_word' id='word_1_304' title='bbox 504 3676 705 3743; x_wconf 89' lang='lat' dir='ltr'><strong>lignum</strong></span> <span class='ocrx_word' id='word_1_305' title='bbox 751 3665 990 3721; x_wconf 87' lang='lat' dir='ltr'><strong>humeris</strong></span> <span class='ocrx_word' id='word_1_306' title='bbox 1040 3662 1306 3716; x_wconf 84' lang='lat' dir='ltr'><strong>feramus,</strong></span> <span class='ocrx_word' id='word_1_307' title='bbox 1353 3652 1446 3706; x_wconf 84' lang='lat' dir='ltr'><strong>sed</strong></span> <span class='ocrx_word' id='word_1_308' title='bbox 1495 3659 1554 3705; x_wconf 90' lang='lat' dir='ltr'><strong>ut</strong></span> <span class='ocrx_word' id='word_1_309' title='bbox 1601 3657 1822 3702; x_wconf 85' lang='lat' dir='ltr'><strong>mortem</strong></span> <span class='ocrx_word' id='word_1_310' title='bbox 1873 3657 2085 3710; x_wconf 86' lang='lat' dir='ltr'><strong>semper</strong></span> 
     </span>
    </p>
   </div>
   <div class='ocr_carea' id='block_1_38' title="bbox 502 3735 2086 3820">
    <p class='ocr_par' dir='ltr' id='par_1_38' title="bbox 502 3735 2086 3820">
     <span class='ocr_line' id='line_1_38' title="bbox 502 3735 2086 3820; baseline -0.022 0"><span class='ocrx_word' id='word_1_311' title='bbox 502 3735 624 3820; x_wconf 72' lang='lat' dir='ltr'><strong>ante</strong></span> <span class='ocrx_word' id='word_1_312' title='bbox 645 3759 829 3816; x_wconf 91' lang='lat' dir='ltr'><strong>oculos</strong></span> <span class='ocrx_word' id='word_1_313' title='bbox 857 3754 1166 3812; x_wconf 69' lang='lat' dir='ltr'><strong>habeamus,</strong></span> <span class='ocrx_word' id='word_1_314' title='bbox 1186 3749 1320 3802; x_wconf 88' lang='lat' dir='ltr'><strong>sicut</strong></span> <span class='ocrx_word' id='word_1_315' title='bbox 1348 3752 1400 3798; x_wconf 90' lang='lat' dir='ltr'><strong>ct</strong></span> <span class='ocrx_word' id='word_1_316' title='bbox 1422 3740 1615 3797; x_wconf 89' lang='lat' dir='ltr'><strong>Paulus</strong></span> <span class='ocrx_word' id='word_1_317' title='bbox 1637 3737 1872 3808; x_wconf 79' lang='lat' dir='ltr'><strong>quotidie</strong></span> <span class='ocrx_word' id='word_1_318' title='bbox 1894 3735 2086 3789; x_wconf 87' lang='lat' dir='ltr'><strong>morie-</strong></span> 
     </span>
    </p>
   </div>
   <div class='ocr_carea' id='block_1_39' title="bbox 507 3829 2079 3927">
    <p class='ocr_par' dir='ltr' id='par_1_39' title="bbox 507 3829 2079 3927">
     <span class='ocr_line' id='line_1_39' title="bbox 507 3829 2079 3927; baseline -0.022 -15"><span class='ocrx_word' id='word_1_319' title='bbox 507 3860 658 3913; x_wconf 87' lang='lat' dir='ltr'><strong>batur</strong></span> <span class='ocrx_word' id='word_1_320' title='bbox 687 3852 764 3927; x_wconf 92' lang='lat' dir='ltr'><strong>(l.</strong></span> <span class='ocrx_word' id='word_1_321' title='bbox 787 3849 904 3906; x_wconf 89' lang='lat' dir='ltr'><strong>Cor.</strong></span> <span class='ocrx_word' id='word_1_322' title='bbox 939 3847 1024 3902; x_wconf 77' lang='lat' dir='ltr'><strong>lS.</strong></span> <span class='ocrx_word' id='word_1_323' title='bbox 1058 3842 1174 3913; x_wconf 78' lang='grc'><strong>51),</strong></span> <span class='ocrx_word' id='word_1_324' title='bbox 1223 3849 1276 3894; x_wconf 85' lang='lat' dir='ltr'><strong>et</strong></span> <span class='ocrx_word' id='word_1_325' title='bbox 1323 3845 1547 3891; x_wconf 89' lang='lat' dir='ltr'><strong>mortem</strong></span> <span class='ocrx_word' id='word_1_326' title='bbox 1593 3829 1899 3893; x_wconf 80' lang='lat' dir='ltr'><strong>deridebat,</strong></span> <span class='ocrx_word' id='word_1_327' title='bbox 1939 3841 2079 3895; x_wconf 68' lang='lat' dir='ltr'><strong>prte-</strong></span> 
     </span>
    </p>
   </div>
   <div class='ocr_carea' id='block_1_40' title="bbox 508 3919 2090 4014">
    <p class='ocr_par' dir='ltr' id='par_1_40' title="bbox 508 3919 2090 4014">
     <span class='ocr_line' id='line_1_40' title="bbox 508 3919 2090 4014; baseline -0.022 -11"><span class='ocrx_word' id='word_1_328' title='bbox 508 3919 821 4014; x_wconf 78' lang='lat' dir='ltr'><strong>sentetnque</strong></span> <span class='ocrx_word' id='word_1_329' title='bbox 847 3940 1008 3994; x_wconf 88' lang='lat' dir='ltr'><strong>vitam</strong></span> <span class='ocrx_word' id='word_1_330' title='bbox 1038 3929 1440 3990; x_wconf 88' lang='lat' dir='ltr'><strong>contemnebat.</strong></span> <span class='ocrx_word' id='word_1_331' title='bbox 1472 3925 1544 3980; x_wconf 87' lang='lat' dir='ltr'><strong>Es</strong></span> <span class='ocrx_word' id='word_1_332' title='bbox 1577 3921 1720 3977; x_wconf 89' lang='lat' dir='ltr'><strong>enim</strong></span> <span class='ocrx_word' id='word_1_333' title='bbox 1745 3919 1918 3983; x_wconf 84' lang='lat' dir='ltr'><strong>miles,</strong></span> <span class='ocrx_word' id='word_1_334' title='bbox 1950 3931 2090 3971; x_wconf 88' lang='lat' dir='ltr'><strong>sem-</strong></span> 
     </span>
    </p>
   </div>
   <div class='ocr_carea' id='block_1_41' title="bbox 510 4009 2087 4110">
    <p class='ocr_par' dir='ltr' id='par_1_41' title="bbox 510 4009 2087 4110">
     <span class='ocr_line' id='line_1_41' title="bbox 510 4009 2087 4110; baseline -0.025 -14"><span class='ocrx_word' id='word_1_335' title='bbox 510 4055 605 4110; x_wconf 90' lang='lat' dir='ltr'><strong>per</strong></span> <span class='ocrx_word' id='word_1_336' title='bbox 635 4038 687 4092; x_wconf 92' lang='lat' dir='ltr'><strong>in</strong></span> <span class='ocrx_word' id='word_1_337' title='bbox 718 4009 834 4090; x_wconf 80' lang='lat' dir='ltr'><strong>acie</strong></span> <span class='ocrx_word' id='word_1_338' title='bbox 854 4029 1211 4086; x_wconf 88' lang='lat' dir='ltr'><strong>constitutus;</strong></span> <span class='ocrx_word' id='word_1_339' title='bbox 1243 4020 1397 4075; x_wconf 87' lang='lat' dir='ltr'><strong>miles</strong></span> <span class='ocrx_word' id='word_1_340' title='bbox 1432 4030 1561 4071; x_wconf 90' lang='lat' dir='ltr'><strong>vero</strong></span> <span class='ocrx_word' id='word_1_341' title='bbox 1599 4021 1826 4068; x_wconf 89' lang='lat' dir='ltr'><strong>mortem</strong></span> <span class='ocrx_word' id='word_1_342' title='bbox 1858 4009 2052 4062; x_wconf 90' lang='lat' dir='ltr'><strong>timens</strong></span> <span class='ocrx_word' id='word_1_343' title='bbox 2072 4047 2087 4069; x_wconf 91' lang='lat'><strong>,</strong></span> 
     </span>
    </p>
   </div>
   <div class='ocr_carea' id='block_1_42' title="bbox 511 4098 2094 4197">
    <p class='ocr_par' dir='ltr' id='par_1_42' title="bbox 511 4098 2094 4197">
     <span class='ocr_line' id='line_1_42' title="bbox 511 4098 2094 4197; baseline -0.025 -9"><span class='ocrx_word' id='word_1_344' title='bbox 511 4098 798 4197; x_wconf 75' lang='lat' dir='ltr'><strong>numquam</strong></span> <span class='ocrx_word' id='word_1_345' title='bbox 821 4134 1036 4180; x_wconf 89' lang='lat' dir='ltr'><strong>strenue</strong></span> <span class='ocrx_word' id='word_1_346' title='bbox 1065 4133 1122 4173; x_wconf 89' lang='lat' dir='ltr'><strong>se</strong></span> <span class='ocrx_word' id='word_1_347' title='bbox 1142 4121 1293 4186; x_wconf 88' lang='lat' dir='ltr'><strong>geret</strong></span> <span class='ocrx_word' id='word_1_348' title='bbox 1322 4130 1335 4165; x_wconf 92' lang='lat'>:</span> <span class='ocrx_word' id='word_1_349' title='bbox 1358 4111 1441 4165; x_wconf 92' lang='lat' dir='ltr'><strong>sic</strong></span> <span class='ocrx_word' id='word_1_350' title='bbox 1462 4107 1623 4178; x_wconf 85' lang='lat' dir='ltr'><strong>igitur</strong></span> <span class='ocrx_word' id='word_1_351' title='bbox 1649 4116 1822 4172; x_wconf 87' lang='lat' dir='ltr'><strong>neque</strong></span> <span class='ocrx_word' id='word_1_352' title='bbox 1839 4098 2094 4154; x_wconf 87' lang='lat' dir='ltr'><strong>Christia-</strong></span> 
     </span>
    </p>
   </div>
   <div class='ocr_carea' id='block_1_43' title="bbox 511 4189 2092 4284">
    <p class='ocr_par' dir='ltr' id='par_1_43' title="bbox 511 4189 2092 4284">
     <span class='ocr_line' id='line_1_43' title="bbox 511 4189 2092 4284; baseline -0.025 -5"><span class='ocrx_word' id='word_1_353' title='bbox 511 4239 614 4279; x_wconf 90' lang='lat' dir='ltr'><strong>nus</strong></span> <span class='ocrx_word' id='word_1_354' title='bbox 643 4189 802 4274; x_wconf 83' lang='lat' dir='ltr'><strong>homo</strong></span> <span class='ocrx_word' id='word_1_355' title='bbox 831 4211 1066 4284; x_wconf 89' lang='lat' dir='ltr'><strong>pericula</strong></span> <span class='ocrx_word' id='word_1_356' title='bbox 1093 4209 1310 4266; x_wconf 87' lang='lat' dir='ltr'><strong>timens,</strong></span> <span class='ocrx_word' id='word_1_357' title='bbox 1345 4213 1592 4269; x_wconf 87' lang='lat' dir='ltr'><strong>magnum</strong></span> <span class='ocrx_word' id='word_1_358' title='bbox 1632 4194 1756 4263; x_wconf 90' lang='lat' dir='ltr'><strong>quid</strong></span> <span class='ocrx_word' id='word_1_359' title='bbox 1780 4201 1834 4246; x_wconf 90' lang='lat' dir='ltr'><strong>et</strong></span> <span class='ocrx_word' id='word_1_360' title='bbox 1861 4189 2092 4244; x_wconf 82' lang='lat' dir='ltr'><strong>admira-</strong></span> 
     </span>
    </p>
   </div>
   <div class='ocr_carea' id='block_1_44' title="bbox 516 4279 2096 4371">
    <p class='ocr_par' dir='ltr' id='par_1_44' title="bbox 516 4279 2096 4371">
     <span class='ocr_line' id='line_1_44' title="bbox 516 4279 2096 4371; baseline -0.025 -1"><span class='ocrx_word' id='word_1_361' title='bbox 516 4315 622 4370; x_wconf 90' lang='lat' dir='ltr'><strong>bile</strong></span> <span class='ocrx_word' id='word_1_362' title='bbox 649 4279 939 4371; x_wconf 47' lang='lat' dir='ltr'><strong>exhibe-bit,</strong></span> <span class='ocrx_word' id='word_1_363' title='bbox 969 4302 1079 4356; x_wconf 91' lang='lat' dir='ltr'><strong>imo</strong></span> <span class='ocrx_word' id='word_1_364' title='bbox 1113 4296 1268 4352; x_wconf 81' lang='lat' dir='ltr'><strong>facile</strong></span> <span class='ocrx_word' id='word_1_365' title='bbox 1298 4287 1666 4361; x_wconf 80' lang='lat' dir='ltr'><strong>expugnabilis</strong></span> <span class='ocrx_word' id='word_1_366' title='bbox 1701 4285 1843 4346; x_wconf 89' lang='lat' dir='ltr'><strong>erit;</strong></span> <span class='ocrx_word' id='word_1_367' title='bbox 1877 4279 2096 4348; x_wconf 74' lang='lat' dir='ltr'><strong>intrepi-</strong></span> 
     </span>
    </p>
   </div>
   <div class='ocr_carea' id='block_1_45' title="bbox 515 4377 2096 4461">
    <p class='ocr_par' dir='ltr' id='par_1_45' title="bbox 515 4377 2096 4461">
     <span class='ocr_line' id='line_1_45' title="bbox 515 4377 2096 4461; baseline -0.025 0"><span class='ocrx_word' id='word_1_368' title='bbox 515 4407 615 4460; x_wconf 89' lang='lat' dir='ltr'><strong>dus</strong></span> <span class='ocrx_word' id='word_1_369' title='bbox 643 4409 826 4458; x_wconf 90' lang='lat' dir='ltr'><strong>contra</strong></span> <span class='ocrx_word' id='word_1_370' title='bbox 869 4405 924 4452; x_wconf 89' lang='lat' dir='ltr'><strong>et</strong></span> <span class='ocrx_word' id='word_1_371' title='bbox 966 4388 1354 4461; x_wconf 90' lang='lat' dir='ltr'><strong>magnanimus,</strong></span> <span class='ocrx_word' id='word_1_372' title='bbox 1385 4384 1774 4450; x_wconf 87' lang='lat' dir='ltr'><strong>inexpugnatus</strong></span> <span class='ocrx_word' id='word_1_373' title='bbox 1819 4377 1996 4426; x_wconf 85' lang='lat' dir='ltr'><strong>manet</strong></span> <span class='ocrx_word' id='word_1_374' title='bbox 2044 4379 2096 4424; x_wconf 92' lang='lat' dir='ltr'><strong>et</strong></span> 
     </span>
    </p>
   </div>
   <div class='ocr_carea' id='block_1_46' title="bbox 515 4466 2090 4555">
    <p class='ocr_par' dir='ltr' id='par_1_46' title="bbox 515 4466 2090 4555">
     <span class='ocr_line' id='line_1_46' title="bbox 515 4466 2090 4555; baseline -0.025 -1"><span class='ocrx_word' id='word_1_375' title='bbox 515 4496 760 4554; x_wconf 87' lang='lat' dir='ltr'><strong>invictus.</strong></span> <span class='ocrx_word' id='word_1_376' title='bbox 785 4489 930 4545; x_wconf 89' lang='lat' dir='ltr'><strong>Sicut</strong></span> <span class='ocrx_word' id='word_1_377' title='bbox 961 4483 1120 4555; x_wconf 79' lang='lat' dir='ltr'><strong>igitur</strong></span> <span class='ocrx_word' id='word_1_378' title='bbox 1144 4478 1288 4550; x_wconf 91' lang='lat' dir='ltr'><strong>pueri</strong></span> <span class='ocrx_word' id='word_1_379' title='bbox 1320 4487 1444 4539; x_wconf 91' lang='lat' dir='ltr'><strong>tres,</strong></span> <span class='ocrx_word' id='word_1_380' title='bbox 1476 4473 1648 4543; x_wconf 83' lang='lat' dir='ltr'><strong>ignem</strong></span> <span class='ocrx_word' id='word_1_381' title='bbox 1676 4485 1781 4523; x_wconf 83' lang='lat' dir='ltr'><strong>non</strong></span> <span class='ocrx_word' id='word_1_382' title='bbox 1813 4466 2058 4520; x_wconf 83' lang='lat' dir='ltr'><strong>timentes</strong></span> <span class='ocrx_word' id='word_1_383' title='bbox 2077 4503 2090 4526; x_wconf 90' lang='lat'><strong>,</strong></span> 
     </span>
    </p>
   </div>
   <div class='ocr_carea' id='block_1_47' title="bbox 521 4556 2100 4660">
    <p class='ocr_par' dir='ltr' id='par_1_47' title="bbox 521 4556 2100 4660">
     <span class='ocr_line' id='line_1_47' title="bbox 521 4556 2100 4660; baseline -0.025 -15"><span class='ocrx_word' id='word_1_384' title='bbox 521 4592 695 4660; x_wconf 88' lang='lat' dir='ltr'><strong>ignem</strong></span> <span class='ocrx_word' id='word_1_385' title='bbox 717 4581 1016 4652; x_wconf 86' lang='lat' dir='ltr'><strong>effugerunt</strong></span> <span class='ocrx_word' id='word_1_386' title='bbox 1047 4593 1061 4629; x_wconf 90' lang='lat'><strong>:</strong></span> <span class='ocrx_word' id='word_1_387' title='bbox 1095 4573 1174 4629; x_wconf 89' lang='lat' dir='ltr'><strong>sic</strong></span> <span class='ocrx_word' id='word_1_388' title='bbox 1211 4580 1264 4626; x_wconf 88' lang='lat' dir='ltr'><strong>et</strong></span> <span class='ocrx_word' id='word_1_389' title='bbox 1288 4583 1407 4632; x_wconf 86' lang='lat' dir='ltr'><strong>nos,</strong></span> <span class='ocrx_word' id='word_1_390' title='bbox 1438 4566 1480 4619; x_wconf 91' lang='lat' dir='ltr'><strong>si</strong></span> <span class='ocrx_word' id='word_1_391' title='bbox 1513 4571 1737 4617; x_wconf 88' lang='lat' dir='ltr'><strong>mortem</strong></span> <span class='ocrx_word' id='word_1_392' title='bbox 1767 4571 1870 4612; x_wconf 92' lang='lat' dir='ltr'><strong>non</strong></span> <span class='ocrx_word' id='word_1_393' title='bbox 1915 4556 2100 4608; x_wconf 88' lang='lat' dir='ltr'><strong>timea-</strong></span> 
     </span>
    </p>
   </div>
   <div class='ocr_carea' id='block_1_48' title="bbox 523 4645 2098 4743">
    <p class='ocr_par' dir='ltr' id='par_1_48' title="bbox 523 4645 2098 4743">
     <span class='ocr_line' id='line_1_48' title="bbox 523 4645 2098 4743; baseline -0.025 -7"><span class='ocrx_word' id='word_1_394' title='bbox 523 4645 662 4743; x_wconf 69' lang='lat' dir='ltr'><strong>mus,</strong></span> <span class='ocrx_word' id='word_1_395' title='bbox 687 4685 913 4732; x_wconf 91' lang='lat' dir='ltr'><strong>mortem</strong></span> <span class='ocrx_word' id='word_1_396' title='bbox 944 4667 1273 4739; x_wconf 81' lang='lat' dir='ltr'><strong>effugiemus.</strong></span> <span class='ocrx_word' id='word_1_397' title='bbox 1305 4662 1481 4731; x_wconf 90' lang='lat' dir='ltr'><strong>Ignem</strong></span> <span class='ocrx_word' id='word_1_398' title='bbox 1513 4667 1639 4708; x_wconf 77' lang='lat' dir='ltr'><strong>vero</strong></span> <span class='ocrx_word' id='word_1_399' title='bbox 1666 4648 1881 4705; x_wconf 89' lang='lat' dir='ltr'><strong>minime</strong></span> <span class='ocrx_word' id='word_1_400' title='bbox 1907 4645 2098 4700; x_wconf 85' lang='lat' dir='ltr'><strong>timue-</strong></span> 
     </span>
    </p>
   </div>
   <div class='ocr_carea' id='block_1_49' title="bbox 528 4740 2100 4836">
    <p class='ocr_par' dir='ltr' id='par_1_49' title="bbox 528 4740 2100 4836">
     <span class='ocr_line' id='line_1_49' title="bbox 528 4740 2100 4836; baseline -0.027 -9"><span class='ocrx_word' id='word_1_401' title='bbox 528 4782 685 4836; x_wconf 89' lang='lat' dir='ltr'><strong>runt;</strong></span> <span class='ocrx_word' id='word_1_402' title='bbox 715 4784 820 4822; x_wconf 90' lang='lat' dir='ltr'><strong>non</strong></span> <span class='ocrx_word' id='word_1_403' title='bbox 861 4765 1002 4820; x_wconf 89' lang='lat' dir='ltr'><strong>enim</strong></span> <span class='ocrx_word' id='word_1_404' title='bbox 1051 4768 1135 4814; x_wconf 91' lang='lat' dir='ltr'><strong>est</strong></span> <span class='ocrx_word' id='word_1_405' title='bbox 1181 4755 1384 4809; x_wconf 89' lang='lat' dir='ltr'><strong>crimen</strong></span> <span class='ocrx_word' id='word_1_406' title='bbox 1422 4744 1668 4808; x_wconf 86' lang='lat' dir='ltr'><strong>incendi;</strong></span> <span class='ocrx_word' id='word_1_407' title='bbox 1706 4740 1799 4796; x_wconf 89' lang='lat' dir='ltr'><strong>sed</strong></span> <span class='ocrx_word' id='word_1_408' title='bbox 1833 4746 2100 4808; x_wconf 89' lang='lat' dir='ltr'><strong>peccatum</strong></span> 
     </span>
    </p>
   </div>
   <div class='ocr_carea' id='block_1_50' title="bbox 530 4826 2104 4921">
    <p class='ocr_par' dir='ltr' id='par_1_50' title="bbox 530 4826 2104 4921">
     <span class='ocr_line' id='line_1_50' title="bbox 530 4826 2104 4921; baseline -0.028 1"><span class='ocrx_word' id='word_1_409' title='bbox 530 4869 821 4921; x_wconf 90' lang='lat' dir='ltr'><strong>timuerunt</strong></span> <span class='ocrx_word' id='word_1_410' title='bbox 853 4876 866 4910; x_wconf 89' lang='lat'><strong>:</strong></span> <span class='ocrx_word' id='word_1_411' title='bbox 898 4856 1098 4911; x_wconf 88' lang='lat' dir='ltr'><strong>crimen</strong></span> <span class='ocrx_word' id='word_1_412' title='bbox 1129 4847 1270 4903; x_wconf 87' lang='lat' dir='ltr'><strong>enim</strong></span> <span class='ocrx_word' id='word_1_413' title='bbox 1310 4851 1394 4898; x_wconf 89' lang='lat' dir='ltr'><strong>est</strong></span> <span class='ocrx_word' id='word_1_414' title='bbox 1431 4838 1759 4907; x_wconf 89' lang='lat' dir='ltr'><strong>impietatem</strong></span> <span class='ocrx_word' id='word_1_415' title='bbox 1797 4828 1968 4899; x_wconf 83' lang='lat' dir='ltr'><strong>sequi.</strong></span> <span class='ocrx_word' id='word_1_416' title='bbox 2000 4826 2104 4881; x_wconf 84' lang='lat' dir='ltr'><strong>llos</strong></span> 
     </span>
    </p>
   </div>
   <div class='ocr_carea' id='block_1_51' title="bbox 531 4917 2106 5014">
    <p class='ocr_par' dir='ltr' id='par_1_51' title="bbox 531 4917 2106 5014">
     <span class='ocr_line' id='line_1_51' title="bbox 531 4917 2106 5014; baseline -0.027 -1"><span class='ocrx_word' id='word_1_417' title='bbox 531 4966 585 5014; x_wconf 88' lang='lat' dir='ltr'><strong>et</strong></span> <span class='ocrx_word' id='word_1_418' title='bbox 608 4967 707 5012; x_wconf 85' lang='lat' dir='ltr'><strong>nos</strong></span> <span class='ocrx_word' id='word_1_419' title='bbox 737 4950 1024 5008; x_wconf 90' lang='lat' dir='ltr'><strong>imitemur,</strong></span> <span class='ocrx_word' id='word_1_420' title='bbox 1053 4950 1108 4997; x_wconf 92' lang='lat' dir='ltr'><strong>et</strong></span> <span class='ocrx_word' id='word_1_421' title='bbox 1131 4949 1318 4994; x_wconf 90' lang='lat' dir='ltr'><strong>omnes</strong></span> <span class='ocrx_word' id='word_1_422' title='bbox 1357 4931 1464 4986; x_wconf 91' lang='lat' dir='ltr'><strong>illis</strong></span> <span class='ocrx_word' id='word_1_423' title='bbox 1501 4927 1708 4984; x_wconf 87' lang='lat' dir='ltr'><strong>similes</strong></span> <span class='ocrx_word' id='word_1_424' title='bbox 1735 4941 1749 4978; x_wconf 89' lang='lat'><strong>:</strong></span> <span class='ocrx_word' id='word_1_425' title='bbox 1779 4930 1834 4978; x_wconf 89' lang='lat' dir='ltr'><strong>et</strong></span> <span class='ocrx_word' id='word_1_426' title='bbox 1869 4936 1938 4976; x_wconf 91' lang='lat' dir='ltr'><strong>ne</strong></span> <span class='ocrx_word' id='word_1_427' title='bbox 1970 4917 2106 4988; x_wconf 91' lang='lat' dir='ltr'><strong>peri-</strong></span> 
     </span>
    </p>
   </div>
   <div class='ocr_carea' id='block_1_52' title="bbox 530 5020 1662 5104">
    <p class='ocr_par' dir='ltr' id='par_1_52' title="bbox 530 5020 1662 5104">
     <span class='ocr_line' id='line_1_52' title="bbox 530 5020 1662 5104; baseline -0.027 -1"><span class='ocrx_word' id='word_1_428' title='bbox 530 5048 648 5104; x_wconf 80' lang='lat' dir='ltr'><strong>cula</strong></span> <span class='ocrx_word' id='word_1_429' title='bbox 673 5045 972 5104; x_wconf 89' lang='lat' dir='ltr'><strong>timeamus,</strong></span> <span class='ocrx_word' id='word_1_430' title='bbox 999 5044 1056 5090; x_wconf 88' lang='lat' dir='ltr'><strong>et</strong></span> <span class='ocrx_word' id='word_1_431' title='bbox 1077 5029 1388 5100; x_wconf 74' lang='lat' dir='ltr'><strong>effugiemus</strong></span> <span class='ocrx_word' id='word_1_432' title='bbox 1409 5020 1662 5093; x_wconf 91' lang='lat' dir='ltr'><strong>pericula.</strong></span> 
     </span>
    </p>
   </div>
   <div class='ocr_carea' id='block_1_53' title="bbox 606 5104 2110 5195">
    <p class='ocr_par' dir='ltr' id='par_1_53' title="bbox 606 5104 2110 5195">
     <span class='ocr_line' id='line_1_53' title="bbox 606 5104 2110 5195; baseline -0.029 -1"><span class='ocrx_word' id='word_1_433' title='bbox 606 5139 660 5195; x_wconf 83' lang='lat'><strong>5.</strong></span> <span class='ocrx_word' id='word_1_434' title='bbox 703 5133 824 5189; x_wconf 89' lang='lat' dir='ltr'><strong>Non</strong></span> <span class='ocrx_word' id='word_1_435' title='bbox 874 5145 983 5182; x_wconf 82' lang='lat' dir='ltr'><strong>sum</strong></span> <span class='ocrx_word' id='word_1_436' title='bbox 1027 5121 1258 5193; x_wconf 84' lang='lat' dir='ltr'><strong>equidem</strong></span> <span class='ocrx_word' id='word_1_437' title='bbox 1301 5113 1544 5186; x_wconf 81' lang='lat' dir='ltr'><strong>propheta</strong></span> <span class='ocrx_word' id='word_1_438' title='bbox 1567 5151 1582 5176; x_wconf 95' lang='lat'><strong>,</strong></span> <span class='ocrx_word' id='word_1_439' title='bbox 1610 5122 1766 5176; x_wconf 87' lang='lat' dir='ltr'><strong>neque</strong></span> <span class='ocrx_word' id='word_1_440' title='bbox 1809 5104 1948 5195; x_wconf 70' lang='lat' dir='ltr'><strong>ﬁlius</strong></span> <span class='ocrx_word' id='word_1_441' title='bbox 1993 5115 2110 5195; x_wconf 84' lang='lat' dir='ltr'><strong>pro-</strong></span> 
     </span>
    </p>
   </div>
   <div class='ocr_carea' id='block_1_54' title="bbox 535 5193 2108 5302">
    <p class='ocr_par' dir='ltr' id='par_1_54' title="bbox 535 5193 2108 5302">
     <span class='ocr_line' id='line_1_54' title="bbox 535 5193 2108 5302; baseline -0.028 -16"><span class='ocrx_word' id='word_1_442' title='bbox 535 5193 698 5302; x_wconf 77' lang='lat' dir='ltr'><strong>pheta:</strong></span> <span class='ocrx_word' id='word_1_443' title='bbox 721 5225 894 5299; x_wconf 80' lang='lat' dir='ltr'><strong>(Amos</strong></span> <span class='ocrx_word' id='word_1_444' title='bbox 943 5219 995 5271; x_wconf 87' lang='lat'><strong>7.</strong></span> <span class='ocrx_word' id='word_1_445' title='bbox 1033 5213 1153 5284; x_wconf 64' lang='lat' dir='ltr'><strong>li);</strong></span> <span class='ocrx_word' id='word_1_446' title='bbox 1184 5211 1415 5265; x_wconf 87' lang='lat' dir='ltr'><strong>futurum</strong></span> <span class='ocrx_word' id='word_1_447' title='bbox 1455 5215 1629 5257; x_wconf 89' lang='lat' dir='ltr'><strong>tamen</strong></span> <span class='ocrx_word' id='word_1_448' title='bbox 1655 5194 1935 5302; x_wconf 71' lang='lat' dir='ltr'><strong>manifeste</strong></span> <span class='ocrx_word' id='word_1_449' title='bbox 1963 5193 2108 5255; x_wconf 85' lang='lat' dir='ltr'><strong>scio,</strong></span> 
     </span>
    </p>
   </div>
   <div class='ocr_carea' id='block_1_55' title="bbox 534 5288 2108 5388">
    <p class='ocr_par' dir='ltr' id='par_1_55' title="bbox 534 5288 2108 5388">
     <span class='ocr_line' id='line_1_55' title="bbox 534 5288 2108 5388; baseline -0.029 -9"><span class='ocrx_word' id='word_1_450' title='bbox 534 5288 588 5379; x_wconf 69' lang='lat' dir='ltr'><strong>et</strong></span> <span class='ocrx_word' id='word_1_451' title='bbox 619 5288 808 5388; x_wconf 77' lang='lat' dir='ltr'><strong>magna</strong></span> <span class='ocrx_word' id='word_1_452' title='bbox 836 5322 889 5368; x_wconf 90' lang='lat' dir='ltr'><strong>et</strong></span> <span class='ocrx_word' id='word_1_453' title='bbox 921 5310 1062 5364; x_wconf 88' lang='lat' dir='ltr'><strong>clara</strong></span> <span class='ocrx_word' id='word_1_454' title='bbox 1093 5319 1222 5359; x_wconf 84' lang='lat' dir='ltr'><strong>voce</strong></span> <span class='ocrx_word' id='word_1_455' title='bbox 1259 5299 1549 5370; x_wconf 81' lang='lat' dir='ltr'><strong>proclamo,</strong></span> <span class='ocrx_word' id='word_1_456' title='bbox 1580 5289 1722 5361; x_wconf 91' lang='lat' dir='ltr'><strong>quod</strong></span> <span class='ocrx_word' id='word_1_457' title='bbox 1750 5288 1791 5341; x_wconf 94' lang='lat' dir='ltr'><strong>si</strong></span> <span class='ocrx_word' id='word_1_458' title='bbox 1824 5296 2108 5347; x_wconf 91' lang='lat' dir='ltr'><strong>tnutemnr,</strong></span> 
     </span>
    </p>
   </div>
   <div class='ocr_carea' id='block_1_56' title="bbox 535 5373 2117 5480">
    <p class='ocr_par' dir='ltr' id='par_1_56' title="bbox 535 5373 2117 5480">
     <span class='ocr_line' id='line_1_56' title="bbox 535 5373 2117 5480; baseline -0.028 -10"><span class='ocrx_word' id='word_1_459' title='bbox 535 5425 588 5470; x_wconf 89' lang='lat' dir='ltr'><strong>et</strong></span> <span class='ocrx_word' id='word_1_460' title='bbox 638 5373 866 5480; x_wconf 65' lang='lat' dir='ltr'><strong>aliquam</strong></span> <span class='ocrx_word' id='word_1_461' title='bbox 915 5401 1106 5455; x_wconf 64' lang='lat' dir='ltr'><strong>anima:</strong></span> <span class='ocrx_word' id='word_1_462' title='bbox 1165 5402 1361 5450; x_wconf 71' lang='lat' dir='ltr'><strong>nostra:</strong></span> <span class='ocrx_word' id='word_1_463' title='bbox 1413 5400 1595 5442; x_wconf 88' lang='lat' dir='ltr'><strong>curam</strong></span> <span class='ocrx_word' id='word_1_464' title='bbox 1652 5386 1989 5450; x_wconf 86' lang='lat' dir='ltr'><strong>agamus,et</strong></span> <span class='ocrx_word' id='word_1_465' title='bbox 2049 5373 2117 5427; x_wconf 91' lang='lat' dir='ltr'><strong>ab</strong></span> 
     </span>
    </p>
   </div>
   <div class='ocr_carea' id='block_1_57' title="bbox 542 5472 2122 5579">
    <p class='ocr_par' dir='ltr' id='par_1_57' title="bbox 542 5472 2122 5579">
     <span class='ocr_line' id='line_1_57' title="bbox 542 5472 2122 5579; baseline -0.028 -16"><span class='ocrx_word' id='word_1_466' title='bbox 542 5472 879 5579; x_wconf 77' lang='lat' dir='ltr'><strong>improbitate</strong></span> <span class='ocrx_word' id='word_1_467' title='bbox 924 5494 1242 5550; x_wconf 87' lang='lat' dir='ltr'><strong>absistamus</strong></span> <span class='ocrx_word' id='word_1_468' title='bbox 1267 5529 1282 5554; x_wconf 93' lang='lat'><strong>,</strong></span> <span class='ocrx_word' id='word_1_469' title='bbox 1314 5482 1446 5540; x_wconf 84' lang='lat' dir='ltr'><strong>nihil</strong></span> <span class='ocrx_word' id='word_1_470' title='bbox 1499 5477 1792 5579; x_wconf 46' lang='lat' dir='ltr'><strong>mole-stum.</strong></span> <span class='ocrx_word' id='word_1_471' title='bbox 1821 5472 2027 5571; x_wconf 76' lang='lat' dir='ltr'><strong>ingruet</strong></span> <span class='ocrx_word' id='word_1_472' title='bbox 2066 5475 2122 5520; x_wconf 89' lang='lat' dir='ltr'><strong>et</strong></span> 
     </span>
    </p>
   </div>
   <div class='ocr_carea' id='block_1_58' title="bbox 545 5559 2128 5661">
    <p class='ocr_par' dir='ltr' id='par_1_58' title="bbox 545 5559 2128 5661">
     <span class='ocr_line' id='line_1_58' title="bbox 545 5559 2128 5661; baseline -0.025 -10"><span class='ocrx_word' id='word_1_473' title='bbox 545 5559 700 5652; x_wconf 60' lang='lat' dir='ltr'><strong>triste</strong></span> <span class='ocrx_word' id='word_1_474' title='bbox 725 5610 747 5649; x_wconf 79' lang='grc' dir='ltr'><strong><em>τ</em></strong></span> <span class='ocrx_word' id='word_1_475' title='bbox 771 5601 926 5661; x_wconf 90' lang='lat' dir='ltr'><strong>atque</strong></span> <span class='ocrx_word' id='word_1_476' title='bbox 947 5587 1051 5642; x_wconf 85' lang='lat' dir='ltr'><strong>huc</strong></span> <span class='ocrx_word' id='word_1_477' title='bbox 1079 5576 1360 5638; x_wconf 76' lang='lat' dir='ltr'><strong>manifeste</strong></span> <span class='ocrx_word' id='word_1_478' title='bbox 1385 5571 1506 5628; x_wconf 78' lang='lat' dir='ltr'><strong>novi</strong></span> <span class='ocrx_word' id='word_1_479' title='bbox 1532 5584 1600 5623; x_wconf 88' lang='lat' dir='ltr'><strong>ex</strong></span> <span class='ocrx_word' id='word_1_480' title='bbox 1629 5565 1720 5621; x_wconf 88' lang='lat' dir='ltr'><strong>Dei</strong></span> <span class='ocrx_word' id='word_1_481' title='bbox 1747 5559 2050 5622; x_wconf 85' lang='lat' dir='ltr'><strong>clementia.</strong></span> <span class='ocrx_word' id='word_1_482' title='bbox 2072 5567 2128 5613; x_wconf 83' lang='lat' dir='ltr'><strong>et</strong></span> 
     </span>
    </p>
   </div>
   <div class='ocr_carea' id='block_1_59' title="bbox 551 5661 2124 5752">
    <p class='ocr_par' dir='ltr' id='par_1_59' title="bbox 551 5661 2124 5752">
     <span class='ocr_line' id='line_1_59' title="bbox 551 5661 2124 5752; baseline -0.024 -14"><span class='ocrx_word' id='word_1_483' title='bbox 551 5703 614 5740; x_wconf 83' lang='lat' dir='ltr'><strong>ex</strong></span> <span class='ocrx_word' id='word_1_484' title='bbox 641 5685 726 5739; x_wconf 83' lang='lat' dir='ltr'><strong>bis</strong></span> <span class='ocrx_word' id='word_1_485' title='bbox 752 5694 870 5752; x_wconf 70' lang='lat' dir='ltr'><strong>quae</strong></span> <span class='ocrx_word' id='word_1_486' title='bbox 897 5680 952 5733; x_wconf 92' lang='lat' dir='ltr'><strong>in</strong></span> <span class='ocrx_word' id='word_1_487' title='bbox 985 5676 1144 5738; x_wconf 72' lang='lat' dir='ltr'><strong>viros,</strong></span> <span class='ocrx_word' id='word_1_488' title='bbox 1177 5680 1226 5725; x_wconf 90' lang='lat' dir='ltr'><strong>et</strong></span> <span class='ocrx_word' id='word_1_489' title='bbox 1249 5667 1513 5728; x_wconf 76' lang='lat' dir='ltr'><strong>civitates,</strong></span> <span class='ocrx_word' id='word_1_490' title='bbox 1543 5668 1598 5714; x_wconf 88' lang='lat' dir='ltr'><strong>ct</strong></span> <span class='ocrx_word' id='word_1_491' title='bbox 1631 5663 1815 5728; x_wconf 89' lang='lat' dir='ltr'><strong>gentes</strong></span> <span class='ocrx_word' id='word_1_492' title='bbox 1835 5695 1848 5716; x_wconf 88' lang='lat'><strong>,</strong></span> <span class='ocrx_word' id='word_1_493' title='bbox 1878 5661 1931 5706; x_wconf 88' lang='lat' dir='ltr'><strong>et</strong></span> <span class='ocrx_word' id='word_1_494' title='bbox 1956 5664 2124 5721; x_wconf 92' lang='lat' dir='ltr'><strong>popu-</strong></span> 
     </span>
    </p>
   </div>
   <div class='ocr_carea' id='block_1_60' title="bbox 551 5744 2126 5837">
    <p class='ocr_par' dir='ltr' id='par_1_60' title="bbox 551 5744 2126 5837">
     <span class='ocr_line' id='line_1_60' title="bbox 551 5744 2126 5837; baseline -0.022 -5"><span class='ocrx_word' id='word_1_495' title='bbox 551 5779 632 5832; x_wconf 75' lang='lat' dir='ltr'><strong>lus</strong></span> <span class='ocrx_word' id='word_1_496' title='bbox 650 5744 883 5837; x_wconf 63' lang='lat' dir='ltr'><strong>integros</strong></span> <span class='ocrx_word' id='word_1_497' title='bbox 904 5769 1050 5825; x_wconf 88' lang='lat' dir='ltr'><strong>fecit.</strong></span> <span class='ocrx_word' id='word_1_498' title='bbox 1070 5762 1278 5820; x_wconf 85' lang='lat' dir='ltr'><strong>Etenim</strong></span> <span class='ocrx_word' id='word_1_499' title='bbox 1300 5755 1650 5814; x_wconf 79' lang='lat' dir='ltr'><strong>Ninivitarum</strong></span> <span class='ocrx_word' id='word_1_500' title='bbox 1675 5747 1878 5804; x_wconf 80' lang='lat' dir='ltr'><strong>civitati</strong></span> <span class='ocrx_word' id='word_1_501' title='bbox 1897 5744 2126 5800; x_wconf 86' lang='lat' dir='ltr'><strong>minatus</strong></span> 
     </span>
    </p>
   </div>
   <div class='ocr_carea' id='block_1_61' title="bbox 2131 416 3720 495">
    <p class='ocr_par' dir='ltr' id='par_1_61' title="bbox 2131 416 3720 495">
     <span class='ocr_line' id='line_1_61' title="bbox 2131 416 3720 495; baseline -0.011 -10"><span class='ocrx_word' id='word_1_502' title='bbox 2131 439 2213 485; x_wconf 89' lang='lat' dir='ltr'><strong>est</strong></span> <span class='ocrx_word' id='word_1_503' title='bbox 2238 430 2254 460; x_wconf 83' lang='grc'>¹</span> <span class='ocrx_word' id='word_1_504' title='bbox 2283 471 2296 495; x_wconf 92' lang='grc'><em>,</em></span> <span class='ocrx_word' id='word_1_505' title='bbox 2325 437 2379 483; x_wconf 92' lang='lat' dir='ltr'><strong>et</strong></span> <span class='ocrx_word' id='word_1_506' title='bbox 2401 427 2534 482; x_wconf 80' lang='lat' dir='ltr'><strong>dixit</strong></span> <span class='ocrx_word' id='word_1_507' title='bbox 2567 444 2580 480; x_wconf 95' lang='lat'>:</span> <span class='ocrx_word' id='word_1_508' title='bbox 2611 425 2789 479; x_wconf 76' lang='lat' dir='ltr'><strong>Adhuc</strong></span> <span class='ocrx_word' id='word_1_509' title='bbox 2818 436 2914 476; x_wconf 76' lang='lat' dir='ltr'><strong>tres</strong></span> <span class='ocrx_word' id='word_1_510' title='bbox 2941 423 3068 486; x_wconf 75' lang='lat' dir='ltr'><strong>dies,</strong></span> <span class='ocrx_word' id='word_1_511' title='bbox 3107 430 3154 475; x_wconf 88' lang='lat' dir='ltr'><strong>et</strong></span> <span class='ocrx_word' id='word_1_512' title='bbox 3191 417 3376 474; x_wconf 75' lang='lat' dir='ltr'><strong>Ninive</strong></span> <span class='ocrx_word' id='word_1_513' title='bbox 3405 416 3720 472; x_wconf 67' lang='lat' dir='ltr'><strong>subverterat</strong></span> 
     </span>
    </p>
   </div>
   <div class='ocr_carea' id='block_1_62' title="bbox 2131 507 3720 590">
    <p class='ocr_par' dir='ltr' id='par_1_62' title="bbox 2131 507 3720 590">
     <span class='ocr_line' id='line_1_62' title="bbox 2131 507 3720 590; baseline -0.009 -16"><span class='ocrx_word' id='word_1_514' title='bbox 2131 521 2276 590; x_wconf 83' lang='lat' dir='ltr'><strong>(Jon.</strong></span> <span class='ocrx_word' id='word_1_515' title='bbox 2307 521 2360 575; x_wconf 80' lang='grc'><strong>5.</strong></span> <span class='ocrx_word' id='word_1_516' title='bbox 2385 518 2467 590; x_wconf 77' lang='grc'><strong>4).</strong></span> <span class='ocrx_word' id='word_1_517' title='bbox 2495 517 2631 584; x_wconf 81' lang='lat' dir='ltr'><strong>Quid</strong></span> <span class='ocrx_word' id='word_1_518' title='bbox 2678 517 2862 585; x_wconf 83' lang='lat' dir='ltr'><strong>igitur,</strong></span> <span class='ocrx_word' id='word_1_519' title='bbox 2891 514 2978 568; x_wconf 88' lang='lat' dir='ltr'><strong>dic</strong></span> <span class='ocrx_word' id='word_1_520' title='bbox 3022 512 3188 567; x_wconf 85' lang='lat' dir='ltr'><strong>mihi?</strong></span> <span class='ocrx_word' id='word_1_521' title='bbox 3217 509 3404 564; x_wconf 87' lang='lat' dir='ltr'><strong>Ninive</strong></span> <span class='ocrx_word' id='word_1_522' title='bbox 3457 507 3720 563; x_wconf 77' lang='lat' dir='ltr'><strong>subversa</strong></span> 
     </span>
    </p>
   </div>
   <div class='ocr_carea' id='block_1_63' title="bbox 2131 599 3723 678">
    <p class='ocr_par' dir='ltr' id='par_1_63' title="bbox 2131 599 3723 678">
     <span class='ocr_line' id='line_1_63' title="bbox 2131 599 3723 678; baseline -0.011 -9"><span class='ocrx_word' id='word_1_523' title='bbox 2131 623 2240 678; x_wconf 88' lang='lat' dir='ltr'><strong>est,</strong></span> <span class='ocrx_word' id='word_1_524' title='bbox 2269 621 2322 666; x_wconf 92' lang='lat' dir='ltr'><strong>et</strong></span> <span class='ocrx_word' id='word_1_525' title='bbox 2350 611 2476 665; x_wconf 90' lang='lat' dir='ltr'><strong>urbs</strong></span> <span class='ocrx_word' id='word_1_526' title='bbox 2503 611 2771 665; x_wconf 81' lang='lat' dir='ltr'><strong>destructa</strong></span> <span class='ocrx_word' id='word_1_527' title='bbox 2810 607 2948 661; x_wconf 77' lang='lat' dir='ltr'><strong>fuit?</strong></span> <span class='ocrx_word' id='word_1_528' title='bbox 2975 607 3171 658; x_wconf 84' lang='lat' dir='ltr'><strong>Contra</strong></span> <span class='ocrx_word' id='word_1_529' title='bbox 3228 615 3448 673; x_wconf 88' lang='lat' dir='ltr'><strong>prorsus</strong></span> <span class='ocrx_word' id='word_1_530' title='bbox 3489 599 3723 655; x_wconf 81' lang='lat' dir='ltr'><strong>accidit.</strong></span> 
     </span>
    </p>
   </div>
   <div class='ocr_carea' id='block_1_64' title="bbox 2133 697 3727 768">
    <p class='ocr_par' dir='ltr' id='par_1_64' title="bbox 2133 697 3727 768">
     <span class='ocr_line' id='line_1_64' title="bbox 2133 697 3727 768; baseline -0.011 -8"><span class='ocrx_word' id='word_1_531' title='bbox 2133 714 2188 760; x_wconf 89' lang='lat' dir='ltr'><strong>et</strong></span> <span class='ocrx_word' id='word_1_532' title='bbox 2227 704 2478 768; x_wconf 89' lang='lat' dir='ltr'><strong>surrexit,</strong></span> <span class='ocrx_word' id='word_1_533' title='bbox 2511 712 2564 756; x_wconf 91' lang='lat' dir='ltr'><strong>et</strong></span> <span class='ocrx_word' id='word_1_534' title='bbox 2611 701 2806 754; x_wconf 84' lang='lat' dir='ltr'><strong>clarior</strong></span> <span class='ocrx_word' id='word_1_535' title='bbox 2842 697 2977 752; x_wconf 73' lang='lat' dir='ltr'><strong>facta</strong></span> <span class='ocrx_word' id='word_1_536' title='bbox 3031 706 3132 759; x_wconf 89' lang='lat' dir='ltr'><strong>est,</strong></span> <span class='ocrx_word' id='word_1_537' title='bbox 3163 705 3216 749; x_wconf 92' lang='lat' dir='ltr'><strong>et</strong></span> <span class='ocrx_word' id='word_1_538' title='bbox 3268 704 3469 747; x_wconf 89' lang='lat' dir='ltr'><strong>tantum</strong></span> <span class='ocrx_word' id='word_1_539' title='bbox 3515 701 3727 758; x_wconf 81' lang='lat' dir='ltr'><strong>tempus</strong></span> 
     </span>
    </p>
   </div>
   <div class='ocr_carea' id='block_1_65' title="bbox 2135 783 3730 866">
    <p class='ocr_par' dir='ltr' id='par_1_65' title="bbox 2135 783 3730 866">
     <span class='ocr_line' id='line_1_65' title="bbox 2135 783 3730 866; baseline -0.011 -15"><span class='ocrx_word' id='word_1_540' title='bbox 2135 794 2461 866; x_wconf 68' lang='lat' dir='ltr'><strong>prmtcritum</strong></span> <span class='ocrx_word' id='word_1_541' title='bbox 2508 792 2671 861; x_wconf 60' lang='lat' dir='ltr'><strong>ipsius</strong></span> <span class='ocrx_word' id='word_1_542' title='bbox 2698 789 2921 861; x_wconf 87' lang='lat' dir='ltr'><strong>gloriam</strong></span> <span class='ocrx_word' id='word_1_543' title='bbox 2945 803 3046 842; x_wconf 89' lang='lat' dir='ltr'><strong>non</strong></span> <span class='ocrx_word' id='word_1_544' title='bbox 3074 785 3374 850; x_wconf 70' lang='lat' dir='ltr'><strong>destruxit,</strong></span> <span class='ocrx_word' id='word_1_545' title='bbox 3405 783 3497 838; x_wconf 88' lang='lat' dir='ltr'><strong>sed</strong></span> <span class='ocrx_word' id='word_1_546' title='bbox 3533 797 3730 836; x_wconf 83' lang='lat' dir='ltr'><strong>omnes</strong></span> 
     </span>
    </p>
   </div>
   <div class='ocr_carea' id='block_1_66' title="bbox 2139 874 3728 950">
    <p class='ocr_par' dir='ltr' id='par_1_66' title="bbox 2139 874 3728 950">
     <span class='ocr_line' id='line_1_66' title="bbox 2139 874 3728 950; baseline -0.011 -8"><span class='ocrx_word' id='word_1_547' title='bbox 2139 902 2257 942; x_wconf 88' lang='lat' dir='ltr'><strong>eam</strong></span> <span class='ocrx_word' id='word_1_548' title='bbox 2283 886 2614 940; x_wconf 83' lang='lat' dir='ltr'><strong>celebramus</strong></span> <span class='ocrx_word' id='word_1_549' title='bbox 2641 883 2814 936; x_wconf 87' lang='lat' dir='ltr'><strong>adhuc</strong></span> <span class='ocrx_word' id='word_1_550' title='bbox 2842 895 3074 950; x_wconf 89' lang='lat' dir='ltr'><strong>quoque,</strong></span> <span class='ocrx_word' id='word_1_551' title='bbox 3107 887 3162 933; x_wconf 88' lang='lat' dir='ltr'><strong>et</strong></span> <span class='ocrx_word' id='word_1_552' title='bbox 3189 892 3328 930; x_wconf 92' lang='lat' dir='ltr'><strong>nunc</strong></span> <span class='ocrx_word' id='word_1_553' title='bbox 3354 874 3688 929; x_wconf 86' lang='lat' dir='ltr'><strong>admiramur</strong></span> <span class='ocrx_word' id='word_1_554' title='bbox 3711 889 3728 925; x_wconf 90' lang='lat'><strong>:</strong></span> 
     </span>
    </p>
   </div>
   <div class='ocr_carea' id='block_1_67' title="bbox 2140 968 3733 1050">
    <p class='ocr_par' dir='ltr' id='par_1_67' title="bbox 2140 968 3733 1050">
     <span class='ocr_line' id='line_1_67' title="bbox 2140 968 3733 1050; baseline -0.009 -18"><span class='ocrx_word' id='word_1_555' title='bbox 2140 980 2388 1050; x_wconf 90' lang='lat' dir='ltr'><strong>quoniam</strong></span> <span class='ocrx_word' id='word_1_556' title='bbox 2447 985 2629 1047; x_wconf 90' lang='lat' dir='ltr'><strong>portus</strong></span> <span class='ocrx_word' id='word_1_557' title='bbox 2677 973 2891 1044; x_wconf 90' lang='lat' dir='ltr'><strong>quidam</strong></span> <span class='ocrx_word' id='word_1_558' title='bbox 2938 972 3175 1042; x_wconf 77' lang='lat' dir='ltr'><strong>Optimus</strong></span> <span class='ocrx_word' id='word_1_559' title='bbox 3221 985 3287 1024; x_wconf 89' lang='lat' dir='ltr'><strong>ex</strong></span> <span class='ocrx_word' id='word_1_560' title='bbox 3337 968 3429 1022; x_wconf 91' lang='lat' dir='ltr'><strong>illo</strong></span> <span class='ocrx_word' id='word_1_561' title='bbox 3484 975 3733 1034; x_wconf 86' lang='lat' dir='ltr'><strong>tempore</strong></span> 
     </span>
    </p>
   </div>
   <div class='ocr_carea' id='block_1_68' title="bbox 2141 1062 3733 1141">
    <p class='ocr_par' dir='ltr' id='par_1_68' title="bbox 2141 1062 3733 1141">
     <span class='ocr_line' id='line_1_68' title="bbox 2141 1062 3733 1141; baseline -0.009 -15"><span class='ocrx_word' id='word_1_562' title='bbox 2141 1070 2482 1141; x_wconf 80' lang='lat' dir='ltr'><strong>peccantibus</strong></span> <span class='ocrx_word' id='word_1_563' title='bbox 2512 1067 2759 1122; x_wconf 60' lang='lat' dir='ltr'><strong>on&#39;mibus</strong></span> <span class='ocrx_word' id='word_1_564' title='bbox 2798 1067 3022 1132; x_wconf 88' lang='lat' dir='ltr'><strong>exstitit,</strong></span> <span class='ocrx_word' id='word_1_565' title='bbox 3053 1066 3104 1119; x_wconf 90' lang='lat' dir='ltr'><strong>in</strong></span> <span class='ocrx_word' id='word_1_566' title='bbox 3149 1062 3578 1132; x_wconf 70' lang='lat' dir='ltr'><strong>deeperationem</strong></span> <span class='ocrx_word' id='word_1_567' title='bbox 3635 1073 3733 1114; x_wconf 80' lang='lat' dir='ltr'><strong>ea-</strong></span> 
     </span>
    </p>
   </div>
   <div class='ocr_carea' id='block_1_69' title="bbox 2145 1153 3734 1230">
    <p class='ocr_par' dir='ltr' id='par_1_69' title="bbox 2145 1153 3734 1230">
     <span class='ocr_line' id='line_1_69' title="bbox 2145 1153 3734 1230; baseline -0.009 -12"><span class='ocrx_word' id='word_1_568' title='bbox 2145 1164 2271 1218; x_wconf 88' lang='lat' dir='ltr'><strong>dere</strong></span> <span class='ocrx_word' id='word_1_569' title='bbox 2319 1178 2425 1216; x_wconf 91' lang='lat' dir='ltr'><strong>non</strong></span> <span class='ocrx_word' id='word_1_570' title='bbox 2470 1161 2820 1230; x_wconf 88' lang='lat' dir='ltr'><strong>permittens,</strong></span> <span class='ocrx_word' id='word_1_571' title='bbox 2869 1158 2963 1213; x_wconf 91' lang='lat' dir='ltr'><strong>sed</strong></span> <span class='ocrx_word' id='word_1_572' title='bbox 3008 1171 3196 1210; x_wconf 90' lang='lat' dir='ltr'><strong>omnes</strong></span> <span class='ocrx_word' id='word_1_573' title='bbox 3245 1155 3311 1209; x_wconf 92' lang='lat' dir='ltr'><strong>ad</strong></span> <span class='ocrx_word' id='word_1_574' title='bbox 3359 1153 3734 1224; x_wconf 63' lang='lat' dir='ltr'><strong>paenitentiam</strong></span> 
     </span>
    </p>
   </div>
   <div class='ocr_carea' id='block_1_70' title="bbox 2145 1245 3738 1323">
    <p class='ocr_par' dir='ltr' id='par_1_70' title="bbox 2145 1245 3738 1323">
     <span class='ocr_line' id='line_1_70' title="bbox 2145 1245 3738 1323; baseline -0.008 -13"><span class='ocrx_word' id='word_1_575' title='bbox 2145 1270 2377 1322; x_wconf 88' lang='lat' dir='ltr'><strong>vocans,</strong></span> <span class='ocrx_word' id='word_1_576' title='bbox 2432 1264 2485 1310; x_wconf 92' lang='lat' dir='ltr'><strong>et</strong></span> <span class='ocrx_word' id='word_1_577' title='bbox 2518 1269 2614 1323; x_wconf 87' lang='lat' dir='ltr'><strong>per</strong></span> <span class='ocrx_word' id='word_1_578' title='bbox 2658 1268 2719 1307; x_wconf 87' lang='lat' dir='ltr'><strong>ea</strong></span> <span class='ocrx_word' id='word_1_579' title='bbox 2760 1268 2878 1321; x_wconf 67' lang='lat' dir='ltr'><strong>qua:</strong></span> <span class='ocrx_word' id='word_1_580' title='bbox 2909 1250 3053 1316; x_wconf 87' lang='lat' dir='ltr'><strong>fecit,</strong></span> <span class='ocrx_word' id='word_1_581' title='bbox 3083 1259 3136 1302; x_wconf 91' lang='lat' dir='ltr'><strong>et</strong></span> <span class='ocrx_word' id='word_1_582' title='bbox 3180 1263 3274 1317; x_wconf 90' lang='lat' dir='ltr'><strong>per</strong></span> <span class='ocrx_word' id='word_1_583' title='bbox 3313 1263 3430 1317; x_wconf 77' lang='lat' dir='ltr'><strong>qua:</strong></span> <span class='ocrx_word' id='word_1_584' title='bbox 3465 1245 3560 1299; x_wconf 88' lang='lat' dir='ltr'><strong>Dei</strong></span> <span class='ocrx_word' id='word_1_585' title='bbox 3613 1260 3738 1315; x_wconf 87' lang='lat' dir='ltr'><strong>pro-</strong></span> 
     </span>
    </p>
   </div>
   <div class='ocr_carea' id='block_1_71' title="bbox 2143 1336 3738 1413">
    <p class='ocr_par' dir='ltr' id='par_1_71' title="bbox 2143 1336 3738 1413">
     <span class='ocr_line' id='line_1_71' title="bbox 2143 1336 3738 1413; baseline -0.008 -10"><span class='ocrx_word' id='word_1_586' title='bbox 2143 1349 2430 1403; x_wconf 72' lang='lat' dir='ltr'><strong>videntiam</strong></span> <span class='ocrx_word' id='word_1_587' title='bbox 2486 1358 2567 1400; x_wconf 86' lang='lat' dir='ltr'><strong>est</strong></span> <span class='ocrx_word' id='word_1_588' title='bbox 2602 1354 2914 1413; x_wconf 82' lang='lat' dir='ltr'><strong>assequnta,</strong></span> <span class='ocrx_word' id='word_1_589' title='bbox 2961 1341 3286 1412; x_wconf 88' lang='lat' dir='ltr'><strong>persuadens</strong></span> <span class='ocrx_word' id='word_1_590' title='bbox 3329 1353 3620 1406; x_wconf 88' lang='lat' dir='ltr'><strong>numquam</strong></span> <span class='ocrx_word' id='word_1_591' title='bbox 3670 1336 3738 1391; x_wconf 89' lang='lat' dir='ltr'><strong>de</strong></span> 
     </span>
    </p>
   </div>
   <div class='ocr_carea' id='block_1_72' title="bbox 2150 1431 3739 1511">
    <p class='ocr_par' dir='ltr' id='par_1_72' title="bbox 2150 1431 3739 1511">
     <span class='ocr_line' id='line_1_72' title="bbox 2150 1431 3739 1511; baseline -0.009 -15"><span class='ocrx_word' id='word_1_592' title='bbox 2150 1443 2359 1511; x_wconf 90' lang='lat' dir='ltr'><strong>pr0pria</strong></span> <span class='ocrx_word' id='word_1_593' title='bbox 2383 1440 2552 1494; x_wconf 88' lang='lat' dir='ltr'><strong>salute</strong></span> <span class='ocrx_word' id='word_1_594' title='bbox 2577 1438 2882 1507; x_wconf 88' lang='lat' dir='ltr'><strong>desperare.</strong></span> <span class='ocrx_word' id='word_1_595' title='bbox 2909 1436 3002 1490; x_wconf 88' lang='lat' dir='ltr'><strong>sed</strong></span> <span class='ocrx_word' id='word_1_596' title='bbox 3029 1440 3190 1488; x_wconf 87' lang='lat' dir='ltr'><strong>vitam</strong></span> <span class='ocrx_word' id='word_1_597' title='bbox 3227 1439 3474 1502; x_wconf 87' lang='lat' dir='ltr'><strong>gerentes</strong></span> <span class='ocrx_word' id='word_1_598' title='bbox 3503 1431 3700 1484; x_wconf 88' lang='lat' dir='ltr'><strong>bonam</strong></span> <span class='ocrx_word' id='word_1_599' title='bbox 3720 1467 3739 1490; x_wconf 88' lang='lat'><strong>,</strong></span> 
     </span>
    </p>
   </div>
   <div class='ocr_carea' id='block_1_73' title="bbox 2150 1525 3741 1601">
    <p class='ocr_par' dir='ltr' id='par_1_73' title="bbox 2150 1525 3741 1601">
     <span class='ocr_line' id='line_1_73' title="bbox 2150 1525 3741 1601; baseline -0.009 -12"><span class='ocrx_word' id='word_1_600' title='bbox 2150 1543 2207 1589; x_wconf 91' lang='lat' dir='ltr'><strong>et</strong></span> <span class='ocrx_word' id='word_1_601' title='bbox 2231 1534 2486 1601; x_wconf 81' lang='lat' dir='ltr'><strong>Optimam</strong></span> <span class='ocrx_word' id='word_1_602' title='bbox 2529 1545 2677 1600; x_wconf 88' lang='lat' dir='ltr'><strong>spem</strong></span> <span class='ocrx_word' id='word_1_603' title='bbox 2710 1537 3089 1598; x_wconf 86' lang='lat' dir='ltr'><strong>pr0ponentes.</strong></span> <span class='ocrx_word' id='word_1_604' title='bbox 3113 1527 3179 1581; x_wconf 92' lang='lat' dir='ltr'><strong>de</strong></span> <span class='ocrx_word' id='word_1_605' title='bbox 3210 1525 3313 1580; x_wconf 86' lang='lat' dir='ltr'><strong>fine</strong></span> <span class='ocrx_word' id='word_1_606' title='bbox 3343 1533 3614 1593; x_wconf 88' lang='lat' dir='ltr'><strong>tamquam</strong></span> <span class='ocrx_word' id='word_1_607' title='bbox 3649 1537 3741 1591; x_wconf 84' lang='lat' dir='ltr'><strong>pe-</strong></span> 
     </span>
    </p>
   </div>
   <div class='ocr_carea' id='block_1_74' title="bbox 2151 1614 3744 1686">
    <p class='ocr_par' dir='ltr' id='par_1_74' title="bbox 2151 1614 3744 1686">
     <span class='ocr_line' id='line_1_74' title="bbox 2151 1614 3744 1686; baseline -0.009 -6"><span class='ocrx_word' id='word_1_608' title='bbox 2151 1627 2294 1680; x_wconf 91' lang='lat' dir='ltr'><strong>nitus</strong></span> <span class='ocrx_word' id='word_1_609' title='bbox 2318 1623 2458 1678; x_wconf 90' lang='lat' dir='ltr'><strong>bono</strong></span> <span class='ocrx_word' id='word_1_610' title='bbox 2486 1620 2663 1676; x_wconf 89' lang='lat' dir='ltr'><strong>futuro</strong></span> <span class='ocrx_word' id='word_1_611' title='bbox 2690 1619 2981 1676; x_wconf 83' lang='lat' dir='ltr'><strong>conlidere.</strong></span> <span class='ocrx_word' id='word_1_612' title='bbox 3008 1617 3138 1686; x_wconf 85' lang='lat' dir='ltr'><strong>Quis</strong></span> <span class='ocrx_word' id='word_1_613' title='bbox 3175 1616 3316 1672; x_wconf 90' lang='lat' dir='ltr'><strong>enim</strong></span> <span class='ocrx_word' id='word_1_614' title='bbox 3341 1630 3446 1669; x_wconf 92' lang='lat' dir='ltr'><strong>non</strong></span> <span class='ocrx_word' id='word_1_615' title='bbox 3473 1614 3744 1668; x_wconf 88' lang='lat' dir='ltr'><strong>excitetur</strong></span> 
     </span>
    </p>
   </div>
   <div class='ocr_carea' id='block_1_75' title="bbox 2155 1706 3742 1784">
    <p class='ocr_par' dir='ltr' id='par_1_75' title="bbox 2155 1706 3742 1784">
     <span class='ocr_line' id='line_1_75' title="bbox 2155 1706 3742 1784; baseline -0.008 -14"><span class='ocrx_word' id='word_1_616' title='bbox 2155 1718 2366 1772; x_wconf 89' lang='lat' dir='ltr'><strong>illorum</strong></span> <span class='ocrx_word' id='word_1_617' title='bbox 2393 1714 2696 1784; x_wconf 88' lang='lat' dir='ltr'><strong>exemplum</strong></span> <span class='ocrx_word' id='word_1_618' title='bbox 2719 1712 2960 1776; x_wconf 88' lang='lat' dir='ltr'><strong>audiens,</strong></span> <span class='ocrx_word' id='word_1_619' title='bbox 2992 1711 3116 1765; x_wconf 90' lang='lat' dir='ltr'><strong>licet</strong></span> <span class='ocrx_word' id='word_1_620' title='bbox 3141 1709 3376 1762; x_wconf 91' lang='lat' dir='ltr'><strong>omnimn</strong></span> <span class='ocrx_word' id='word_1_621' title='bbox 3411 1707 3483 1761; x_wconf 89' lang='lat' dir='ltr'><strong>sit</strong></span> <span class='ocrx_word' id='word_1_622' title='bbox 3502 1706 3742 1776; x_wconf 85' lang='lat' dir='ltr'><strong>ignavis-</strong></span> 
     </span>
    </p>
   </div>
   <div class='ocr_carea' id='block_1_76' title="bbox 2153 1800 3744 1876">
    <p class='ocr_par' dir='ltr' id='par_1_76' title="bbox 2153 1800 3744 1876">
     <span class='ocr_line' id='line_1_76' title="bbox 2153 1800 3744 1876; baseline -0.008 -15"><span class='ocrx_word' id='word_1_623' title='bbox 2153 1808 2365 1863; x_wconf 85' lang='lat' dir='ltr'><strong>simus?</strong></span> <span class='ocrx_word' id='word_1_624' title='bbox 2392 1805 2566 1876; x_wconf 82' lang='lat' dir='ltr'><strong>Elegit</strong></span> <span class='ocrx_word' id='word_1_625' title='bbox 2597 1805 2772 1872; x_wconf 92' lang='lat' dir='ltr'><strong>itaque</strong></span> <span class='ocrx_word' id='word_1_626' title='bbox 2817 1803 2958 1858; x_wconf 89' lang='lat' dir='ltr'><strong>Deus</strong></span> <span class='ocrx_word' id='word_1_627' title='bbox 2996 1801 3328 1872; x_wconf 90' lang='lat' dir='ltr'><strong>prophetiam</strong></span> <span class='ocrx_word' id='word_1_628' title='bbox 3369 1800 3550 1869; x_wconf 88' lang='lat' dir='ltr'><strong>potius</strong></span> <span class='ocrx_word' id='word_1_629' title='bbox 3589 1810 3744 1851; x_wconf 86' lang='lat' dir='ltr'><strong>suam</strong></span> 
     </span>
    </p>
   </div>
   <div class='ocr_carea' id='block_1_77' title="bbox 2160 1890 3750 1966">
    <p class='ocr_par' dir='ltr' id='par_1_77' title="bbox 2160 1890 3750 1966">
     <span class='ocr_line' id='line_1_77' title="bbox 2160 1890 3750 1966; baseline -0.007 -14"><span class='ocrx_word' id='word_1_630' title='bbox 2160 1901 2362 1954; x_wconf 81' lang='lat' dir='ltr'><strong>irritant</strong></span> <span class='ocrx_word' id='word_1_631' title='bbox 2397 1897 2612 1964; x_wconf 88' lang='lat' dir='ltr'><strong>cadere,</strong></span> <span class='ocrx_word' id='word_1_632' title='bbox 2635 1911 2794 1966; x_wconf 89' lang='lat' dir='ltr'><strong>quam</strong></span> <span class='ocrx_word' id='word_1_633' title='bbox 2842 1895 3109 1949; x_wconf 87' lang='lat' dir='ltr'><strong>civitatem</strong></span> <span class='ocrx_word' id='word_1_634' title='bbox 3154 1906 3407 1947; x_wconf 90' lang='lat' dir='ltr'><strong>corruere</strong></span> <span class='ocrx_word' id='word_1_635' title='bbox 3438 1908 3453 1946; x_wconf 89' lang='lat'><strong>:</strong></span> <span class='ocrx_word' id='word_1_636' title='bbox 3480 1890 3588 1944; x_wconf 89' lang='lat' dir='ltr'><strong>imo</strong></span> <span class='ocrx_word' id='word_1_637' title='bbox 3612 1902 3750 1942; x_wconf 73' lang='lat' dir='ltr'><strong>vero</strong></span> 
     </span>
    </p>
   </div>
   <div class='ocr_carea' id='block_1_78' title="bbox 2159 1981 3746 2060">
    <p class='ocr_par' dir='ltr' id='par_1_78' title="bbox 2159 1981 3746 2060">
     <span class='ocr_line' id='line_1_78' title="bbox 2159 1981 3746 2060; baseline -0.008 -16"><span class='ocrx_word' id='word_1_638' title='bbox 2159 2005 2332 2060; x_wconf 84' lang='lat' dir='ltr'><strong>neque</strong></span> <span class='ocrx_word' id='word_1_639' title='bbox 2357 1988 2629 2059; x_wconf 86' lang='lat' dir='ltr'><strong>praphetia</strong></span> <span class='ocrx_word' id='word_1_640' title='bbox 2655 1985 2864 2042; x_wconf 85' lang='lat' dir='ltr'><strong>cecidit.</strong></span> <span class='ocrx_word' id='word_1_641' title='bbox 2892 1985 2948 2040; x_wconf 91' lang='lat' dir='ltr'><strong>Si</strong></span> <span class='ocrx_word' id='word_1_642' title='bbox 2969 1986 3113 2039; x_wconf 90' lang='lat' dir='ltr'><strong>enim</strong></span> <span class='ocrx_word' id='word_1_643' title='bbox 3144 1982 3445 2036; x_wconf 89' lang='lat' dir='ltr'><strong>hominibus</strong></span> <span class='ocrx_word' id='word_1_644' title='bbox 3472 1981 3524 2034; x_wconf 91' lang='lat' dir='ltr'><strong>in</strong></span> <span class='ocrx_word' id='word_1_645' title='bbox 3556 1984 3746 2034; x_wconf 87' lang='lat' dir='ltr'><strong>eadem</strong></span> 
     </span>
    </p>
   </div>
   <div class='ocr_carea' id='block_1_79' title="bbox 2163 2073 3749 2150">
    <p class='ocr_par' dir='ltr' id='par_1_79' title="bbox 2163 2073 3749 2150">
     <span class='ocr_line' id='line_1_79' title="bbox 2163 2073 3749 2150; baseline -0.006 -16"><span class='ocrx_word' id='word_1_646' title='bbox 2163 2081 2360 2134; x_wconf 88' lang='lat' dir='ltr'><strong>malitia</strong></span> <span class='ocrx_word' id='word_1_647' title='bbox 2390 2079 2828 2150; x_wconf 86' lang='lat' dir='ltr'><strong>permanentibus</strong></span> <span class='ocrx_word' id='word_1_648' title='bbox 2851 2092 2955 2130; x_wconf 89' lang='lat' dir='ltr'><strong>non</strong></span> <span class='ocrx_word' id='word_1_649' title='bbox 2986 2077 3038 2129; x_wconf 91' lang='lat' dir='ltr'><strong>in</strong></span> <span class='ocrx_word' id='word_1_650' title='bbox 3068 2089 3201 2145; x_wconf 89' lang='lat' dir='ltr'><strong>opus</strong></span> <span class='ocrx_word' id='word_1_651' title='bbox 3242 2073 3504 2128; x_wconf 86' lang='lat' dir='ltr'><strong>sententia</strong></span> <span class='ocrx_word' id='word_1_652' title='bbox 3530 2085 3749 2142; x_wconf 79' lang='lat' dir='ltr'><strong>proces-</strong></span> 
     </span>
    </p>
   </div>
   <div class='ocr_carea' id='block_1_80' title="bbox 2166 2164 3753 2245">
    <p class='ocr_par' dir='ltr' id='par_1_80' title="bbox 2166 2164 3753 2245">
     <span class='ocr_line' id='line_1_80' title="bbox 2166 2164 3753 2245; baseline -0.008 -15"><span class='ocrx_word' id='word_1_653' title='bbox 2166 2175 2343 2238; x_wconf 88' lang='lat' dir='ltr'><strong>sisset,</strong></span> <span class='ocrx_word' id='word_1_654' title='bbox 2378 2185 2560 2245; x_wconf 88' lang='lat' dir='ltr'><strong>posset</strong></span> <span class='ocrx_word' id='word_1_655' title='bbox 2605 2173 2724 2244; x_wconf 91' lang='lat' dir='ltr'><strong>quis</strong></span> <span class='ocrx_word' id='word_1_656' title='bbox 2760 2173 2894 2225; x_wconf 87' lang='lat' dir='ltr'><strong>forte</strong></span> <span class='ocrx_word' id='word_1_657' title='bbox 2931 2169 3071 2224; x_wconf 92' lang='lat' dir='ltr'><strong>dicta</strong></span> <span class='ocrx_word' id='word_1_658' title='bbox 3107 2168 3378 2222; x_wconf 88' lang='lat' dir='ltr'><strong>criminari</strong></span> <span class='ocrx_word' id='word_1_659' title='bbox 3409 2184 3420 2219; x_wconf 94' lang='lat'>:</span> <span class='ocrx_word' id='word_1_660' title='bbox 3453 2164 3596 2236; x_wconf 84' lang='lat' dir='ltr'><strong>quod</strong></span> <span class='ocrx_word' id='word_1_661' title='bbox 3624 2179 3753 2218; x_wconf 69' lang='lat' dir='ltr'><strong>vero</strong></span> 
     </span>
    </p>
   </div>
   <div class='ocr_carea' id='block_1_81' title="bbox 2165 2259 3752 2340">
    <p class='ocr_par' dir='ltr' id='par_1_81' title="bbox 2165 2259 3752 2340">
     <span class='ocr_line' id='line_1_81' title="bbox 2165 2259 3752 2340; baseline -0.011 -11"><span class='ocrx_word' id='word_1_662' title='bbox 2165 2273 2380 2329; x_wconf 91' lang='lat' dir='ltr'><strong>mutatis</strong></span> <span class='ocrx_word' id='word_1_663' title='bbox 2405 2270 2554 2340; x_wconf 85' lang='lat' dir='ltr'><strong>ipsis,</strong></span> <span class='ocrx_word' id='word_1_664' title='bbox 2587 2277 2642 2322; x_wconf 88' lang='lat' dir='ltr'><strong>et</strong></span> <span class='ocrx_word' id='word_1_665' title='bbox 2680 2284 2708 2320; x_wconf 91' lang='lat' dir='ltr'><strong>a</strong></span> <span class='ocrx_word' id='word_1_666' title='bbox 2751 2265 2948 2320; x_wconf 89' lang='lat' dir='ltr'><strong>malitia</strong></span> <span class='ocrx_word' id='word_1_667' title='bbox 2995 2261 3405 2326; x_wconf 89' lang='lat' dir='ltr'><strong>desistentibus,</strong></span> <span class='ocrx_word' id='word_1_668' title='bbox 3429 2261 3590 2314; x_wconf 89' lang='lat' dir='ltr'><strong>etiam</strong></span> <span class='ocrx_word' id='word_1_669' title='bbox 3616 2259 3752 2313; x_wconf 90' lang='lat' dir='ltr'><strong>Deus</strong></span> 
     </span>
    </p>
   </div>
   <div class='ocr_carea' id='block_1_82' title="bbox 2165 2351 3755 2429">
    <p class='ocr_par' dir='ltr' id='par_1_82' title="bbox 2165 2351 3755 2429">
     <span class='ocr_line' id='line_1_82' title="bbox 2165 2351 3755 2429; baseline -0.011 -9"><span class='ocrx_word' id='word_1_670' title='bbox 2165 2367 2232 2420; x_wconf 93' lang='lat' dir='ltr'><strong>ab</strong></span> <span class='ocrx_word' id='word_1_671' title='bbox 2272 2366 2346 2419; x_wconf 88' lang='lat' dir='ltr'><strong>ira</strong></span> <span class='ocrx_word' id='word_1_672' title='bbox 2389 2361 2670 2424; x_wconf 81' lang='lat' dir='ltr'><strong>destiterit,</strong></span> <span class='ocrx_word' id='word_1_673' title='bbox 2705 2359 2825 2429; x_wconf 88' lang='lat' dir='ltr'><strong>quis</strong></span> <span class='ocrx_word' id='word_1_674' title='bbox 2869 2356 3098 2425; x_wconf 91' lang='lat' dir='ltr'><strong>amplius</strong></span> <span class='ocrx_word' id='word_1_675' title='bbox 3141 2351 3476 2423; x_wconf 86' lang='lat' dir='ltr'><strong>prephetiam</strong></span> <span class='ocrx_word' id='word_1_676' title='bbox 3526 2365 3755 2419; x_wconf 84' lang='lat' dir='ltr'><strong>carpere</strong></span> 
     </span>
    </p>
   </div>
   <div class='ocr_carea' id='block_1_83' title="bbox 2169 2442 3752 2525">
    <p class='ocr_par' dir='ltr' id='par_1_83' title="bbox 2169 2442 3752 2525">
     <span class='ocr_line' id='line_1_83' title="bbox 2169 2442 3752 2525; baseline -0.008 -19"><span class='ocrx_word' id='word_1_677' title='bbox 2169 2455 2381 2525; x_wconf 83' lang='lat' dir='ltr'><strong>poterit,</strong></span> <span class='ocrx_word' id='word_1_678' title='bbox 2407 2461 2458 2506; x_wconf 91' lang='lat' dir='ltr'><strong>et</strong></span> <span class='ocrx_word' id='word_1_679' title='bbox 2478 2451 2615 2505; x_wconf 89' lang='lat' dir='ltr'><strong>dicta</strong></span> <span class='ocrx_word' id='word_1_680' title='bbox 2640 2447 2902 2503; x_wconf 85' lang='lat' dir='ltr'><strong>mendacii</strong></span> <span class='ocrx_word' id='word_1_681' title='bbox 2919 2444 3313 2501; x_wconf 87' lang='lat' dir='ltr'><strong>condemnare?</strong></span> <span class='ocrx_word' id='word_1_682' title='bbox 3331 2442 3540 2498; x_wconf 82' lang='lat' dir='ltr'><strong>Etenim</strong></span> <span class='ocrx_word' id='word_1_683' title='bbox 3557 2444 3752 2510; x_wconf 86' lang='lat' dir='ltr'><strong>legem,</strong></span> 
     </span>
    </p>
   </div>
   <div class='ocr_carea' id='block_1_84' title="bbox 2168 2533 3761 2616">
    <p class='ocr_par' dir='ltr' id='par_1_84' title="bbox 2168 2533 3761 2616">
     <span class='ocr_line' id='line_1_84' title="bbox 2168 2533 3761 2616; baseline -0.009 -16"><span class='ocrx_word' id='word_1_684' title='bbox 2168 2562 2325 2616; x_wconf 86' lang='lat' dir='ltr'><strong>quam</strong></span> <span class='ocrx_word' id='word_1_685' title='bbox 2344 2546 2410 2598; x_wconf 88' lang='lat' dir='ltr'><strong>ab</strong></span> <span class='ocrx_word' id='word_1_686' title='bbox 2428 2544 2578 2597; x_wconf 90' lang='lat' dir='ltr'><strong>initio</strong></span> <span class='ocrx_word' id='word_1_687' title='bbox 2609 2541 2747 2596; x_wconf 91' lang='lat' dir='ltr'><strong>Deus</strong></span> <span class='ocrx_word' id='word_1_688' title='bbox 2774 2538 2982 2595; x_wconf 89' lang='lat' dir='ltr'><strong>cunctis</strong></span> <span class='ocrx_word' id='word_1_689' title='bbox 3003 2535 3308 2591; x_wconf 88' lang='lat' dir='ltr'><strong>hominibus</strong></span> <span class='ocrx_word' id='word_1_690' title='bbox 3329 2533 3501 2604; x_wconf 89' lang='lat' dir='ltr'><strong>posuit</strong></span> <span class='ocrx_word' id='word_1_691' title='bbox 3523 2548 3620 2602; x_wconf 86' lang='lat' dir='ltr'><strong>per</strong></span> <span class='ocrx_word' id='word_1_692' title='bbox 3639 2547 3761 2601; x_wconf 84' lang='lat' dir='ltr'><strong>pro-</strong></span> 
     </span>
    </p>
   </div>
   <div class='ocr_carea' id='block_1_85' title="bbox 2175 2625 3760 2708">
    <p class='ocr_par' dir='ltr' id='par_1_85' title="bbox 2175 2625 3760 2708">
     <span class='ocr_line' id='line_1_85' title="bbox 2175 2625 3760 2708; baseline -0.009 -16"><span class='ocrx_word' id='word_1_693' title='bbox 2175 2639 2385 2708; x_wconf 79' lang='lat' dir='ltr'><strong>phetam</strong></span> <span class='ocrx_word' id='word_1_694' title='bbox 2411 2636 2654 2704; x_wconf 90' lang='lat' dir='ltr'><strong>loquens,</strong></span> <span class='ocrx_word' id='word_1_695' title='bbox 2689 2633 2823 2687; x_wconf 91' lang='lat' dir='ltr'><strong>hanc</strong></span> <span class='ocrx_word' id='word_1_696' title='bbox 2843 2641 2896 2685; x_wconf 93' lang='lat' dir='ltr'><strong>et</strong></span> <span class='ocrx_word' id='word_1_697' title='bbox 2925 2638 3049 2685; x_wconf 89' lang='lat' dir='ltr'><strong>tunc</strong></span> <span class='ocrx_word' id='word_1_698' title='bbox 3074 2625 3428 2683; x_wconf 68' lang='lat' dir='ltr'><strong>conservavit.</strong></span> <span class='ocrx_word' id='word_1_699' title='bbox 3457 2625 3628 2693; x_wconf 85' lang='lat' dir='ltr'><strong>Quam</strong></span> <span class='ocrx_word' id='word_1_700' title='bbox 3658 2640 3760 2678; x_wconf 78' lang='lat' dir='ltr'><strong>au-</strong></span> 
     </span>
    </p>
   </div>
   <div class='ocr_carea' id='block_1_86' title="bbox 2173 2716 3764 2796">
    <p class='ocr_par' dir='ltr' id='par_1_86' title="bbox 2173 2716 3764 2796">
     <span class='ocr_line' id='line_1_86' title="bbox 2173 2716 3764 2796; baseline -0.009 -15"><span class='ocrx_word' id='word_1_701' title='bbox 2173 2739 2277 2781; x_wconf 89' lang='lat' dir='ltr'><strong>tem</strong></span> <span class='ocrx_word' id='word_1_702' title='bbox 2303 2725 2511 2796; x_wconf 79' lang='lat' dir='ltr'><strong>legem?</strong></span> <span class='ocrx_word' id='word_1_703' title='bbox 2539 2724 2618 2776; x_wconf 79' lang='lat' dir='ltr'><strong>Ad</strong></span> <span class='ocrx_word' id='word_1_704' title='bbox 2637 2738 2886 2776; x_wconf 81' lang='lat' dir='ltr'><strong>summam</strong></span> <span class='ocrx_word' id='word_1_705' title='bbox 2925 2720 3132 2790; x_wconf 84' lang='lat' dir='ltr'><strong>loquar,</strong></span> <span class='ocrx_word' id='word_1_706' title='bbox 3165 2717 3354 2786; x_wconf 86' lang='lat' dir='ltr'><strong>inquit,</strong></span> <span class='ocrx_word' id='word_1_707' title='bbox 3381 2716 3449 2769; x_wconf 82' lang='lat' dir='ltr'><strong>ad</strong></span> <span class='ocrx_word' id='word_1_708' title='bbox 3485 2723 3690 2786; x_wconf 85' lang='lat' dir='ltr'><strong>gentem</strong></span> <span class='ocrx_word' id='word_1_709' title='bbox 3718 2726 3764 2767; x_wconf 85' lang='lat' dir='ltr'><strong>et</strong></span> 
     </span>
    </p>
   </div>
   <div class='ocr_carea' id='block_1_87' title="bbox 2171 2807 3762 2890">
    <p class='ocr_par' dir='ltr' id='par_1_87' title="bbox 2171 2807 3762 2890">
     <span class='ocr_line' id='line_1_87' title="bbox 2171 2807 3762 2890; baseline -0.009 -17"><span class='ocrx_word' id='word_1_710' title='bbox 2171 2836 2404 2890; x_wconf 79' lang='lat' dir='ltr'><strong>regnum,</strong></span> <span class='ocrx_word' id='word_1_711' title='bbox 2434 2827 2488 2871; x_wconf 82' lang='lat' dir='ltr'><strong>ut</strong></span> <span class='ocrx_word' id='word_1_712' title='bbox 2514 2815 2786 2881; x_wconf 82' lang='lat' dir='ltr'><strong>eradicent,</strong></span> <span class='ocrx_word' id='word_1_713' title='bbox 2819 2825 2864 2867; x_wconf 84' lang='lat' dir='ltr'><strong>et</strong></span> <span class='ocrx_word' id='word_1_714' title='bbox 2903 2810 3196 2878; x_wconf 71' lang='lat' dir='ltr'><strong>suﬁ&#39;odiam,</strong></span> <span class='ocrx_word' id='word_1_715' title='bbox 3218 2819 3266 2863; x_wconf 86' lang='lat' dir='ltr'><strong>et</strong></span> <span class='ocrx_word' id='word_1_716' title='bbox 3293 2807 3501 2879; x_wconf 74' lang='lat' dir='ltr'><strong>perdam</strong></span> <span class='ocrx_word' id='word_1_717' title='bbox 3524 2823 3546 2861; x_wconf 90' lang='lat'><strong><em>:</em></strong></span> <span class='ocrx_word' id='word_1_718' title='bbox 3571 2817 3620 2861; x_wconf 79' lang='lat' dir='ltr'><strong>et</strong></span> <span class='ocrx_word' id='word_1_719' title='bbox 3644 2807 3762 2871; x_wconf 80' lang='lat' dir='ltr'><strong>erit,</strong></span> 
     </span>
    </p>
   </div>
   <div class='ocr_carea' id='block_1_88' title="bbox 2174 2897 3766 2982">
    <p class='ocr_par' dir='ltr' id='par_1_88' title="bbox 2174 2897 3766 2982">
     <span class='ocr_line' id='line_1_88' title="bbox 2174 2897 3766 2982; baseline -0.009 -15"><span class='ocrx_word' id='word_1_720' title='bbox 2174 2916 2218 2967; x_wconf 71' lang='lat' dir='ltr'><strong>si</strong></span> <span class='ocrx_word' id='word_1_721' title='bbox 2258 2911 2600 2982; x_wconf 74' lang='lat' dir='ltr'><strong>paenitentiam</strong></span> <span class='ocrx_word' id='word_1_722' title='bbox 2649 2909 2838 2979; x_wconf 80' lang='lat' dir='ltr'><strong>egerint</strong></span> <span class='ocrx_word' id='word_1_723' title='bbox 2884 2906 3123 2967; x_wconf 65' lang='lat' dir='ltr'><strong>malitia,</strong></span> <span class='ocrx_word' id='word_1_724' title='bbox 3146 2919 3224 2956; x_wconf 82' lang='lat' dir='ltr'><strong>me</strong></span> <span class='ocrx_word' id='word_1_725' title='bbox 3265 2917 3460 2973; x_wconf 84' lang='lat' dir='ltr'><strong>quoque</strong></span> <span class='ocrx_word' id='word_1_726' title='bbox 3503 2897 3766 2969; x_wconf 69' lang='lat' dir='ltr'><strong>paenitebit</strong></span> 
     </span>
    </p>
   </div>
   <div class='ocr_carea' id='block_1_89' title="bbox 2154 2989 3770 3073">
    <p class='ocr_par' dir='ltr' id='par_1_89' title="bbox 2154 2989 3770 3073">
     <span class='ocr_line' id='line_1_89' title="bbox 2154 2989 3770 3073; baseline -0.01 -15"><span class='ocrx_word' id='word_1_727' title='bbox 2154 3007 2286 3067; x_wconf 72' lang='lat' dir='ltr'><strong>‘iraz,</strong></span> <span class='ocrx_word' id='word_1_728' title='bbox 2321 3020 2474 3073; x_wconf 82' lang='lat' dir='ltr'><strong>quam</strong></span> <span class='ocrx_word' id='word_1_729' title='bbox 2513 3003 2747 3071; x_wconf 76' lang='lat' dir='ltr'><strong>loquutus</strong></span> <span class='ocrx_word' id='word_1_730' title='bbox 2787 3001 2984 3070; x_wconf 76' lang='lat' dir='ltr'><strong>fuerant</strong></span> <span class='ocrx_word' id='word_1_731' title='bbox 3012 2999 3179 3068; x_wconf 76' lang='lat' dir='ltr'><strong>facere</strong></span> <span class='ocrx_word' id='word_1_732' title='bbox 3208 2993 3314 3046; x_wconf 75' lang='lat' dir='ltr'><strong>illis</strong></span> <span class='ocrx_word' id='word_1_733' title='bbox 3338 2991 3552 3064; x_wconf 83' lang='lat' dir='ltr'><strong>(Jerem.</strong></span> <span class='ocrx_word' id='word_1_734' title='bbox 3590 2989 3680 3044; x_wconf 85' lang='grc'><strong>18.</strong></span> <span class='ocrx_word' id='word_1_735' title='bbox 3711 2990 3770 3043; x_wconf 86' lang='grc'><strong>7..</strong></span> 
     </span>
    </p>
   </div>
   <div class='ocr_carea' id='block_1_90' title="bbox 2181 3083 3768 3170">
    <p class='ocr_par' dir='ltr' id='par_1_90' title="bbox 2181 3083 3768 3170">
     <span class='ocr_line' id='line_1_90' title="bbox 2181 3083 3768 3170; baseline -0.012 -16"><span class='ocrx_word' id='word_1_736' title='bbox 2181 3101 2255 3170; x_wconf 86' lang='grc'><strong>8).</strong></span> <span class='ocrx_word' id='word_1_737' title='bbox 2281 3098 2429 3152; x_wconf 88' lang='lat' dir='ltr'><strong>llanc</strong></span> <span class='ocrx_word' id='word_1_738' title='bbox 2457 3096 2617 3166; x_wconf 89' lang='lat' dir='ltr'><strong>igitur</strong></span> <span class='ocrx_word' id='word_1_739' title='bbox 2645 3095 2813 3163; x_wconf 88' lang='lat' dir='ltr'><strong>legem</strong></span> <span class='ocrx_word' id='word_1_740' title='bbox 2843 3089 3150 3145; x_wconf 88' lang='lat' dir='ltr'><strong>custodiens</strong></span> <span class='ocrx_word' id='word_1_741' title='bbox 3171 3086 3490 3156; x_wconf 75' lang='lat' dir='ltr'><strong>poenitentes</strong></span> <span class='ocrx_word' id='word_1_742' title='bbox 3515 3083 3768 3148; x_wconf 86' lang='lat' dir='ltr'><strong>salvavit,</strong></span> 
     </span>
    </p>
   </div>
   <div class='ocr_carea' id='block_1_91' title="bbox 2181 3175 3772 3246">
    <p class='ocr_par' dir='ltr' id='par_1_91' title="bbox 2181 3175 3772 3246">
     <span class='ocr_line' id='line_1_91' title="bbox 2181 3175 3772 3246; baseline -0.009 -1"><span class='ocrx_word' id='word_1_743' title='bbox 2181 3204 2234 3245; x_wconf 90' lang='lat' dir='ltr'><strong>et</strong></span> <span class='ocrx_word' id='word_1_744' title='bbox 2257 3207 2289 3246; x_wconf 88' lang='lat' dir='ltr'><strong>a</strong></span> <span class='ocrx_word' id='word_1_745' title='bbox 2316 3191 2443 3243; x_wconf 83' lang='lat' dir='ltr'><strong>vitio</strong></span> <span class='ocrx_word' id='word_1_746' title='bbox 2472 3184 2812 3242; x_wconf 85' lang='lat' dir='ltr'><strong>discedentes</strong></span> <span class='ocrx_word' id='word_1_747' title='bbox 2839 3183 2906 3235; x_wconf 91' lang='lat' dir='ltr'><strong>ab</strong></span> <span class='ocrx_word' id='word_1_748' title='bbox 2932 3183 3007 3235; x_wconf 92' lang='lat' dir='ltr'><strong>ira</strong></span> <span class='ocrx_word' id='word_1_749' title='bbox 3037 3179 3301 3235; x_wconf 80' lang='lat' dir='ltr'><strong>liberavit.</strong></span> <span class='ocrx_word' id='word_1_750' title='bbox 3321 3177 3551 3233; x_wconf 86' lang='lat' dir='ltr'><strong>Noverat</strong></span> <span class='ocrx_word' id='word_1_751' title='bbox 3579 3175 3772 3231; x_wconf 78' lang='lat' dir='ltr'><strong>barba—</strong></span> 
     </span>
    </p>
   </div>
   <div class='ocr_carea' id='block_1_92' title="bbox 2183 3269 3772 3344">
    <p class='ocr_par' dir='ltr' id='par_1_92' title="bbox 2183 3269 3772 3344">
     <span class='ocr_line' id='line_1_92' title="bbox 2183 3269 3772 3344; baseline -0.009 -8"><span class='ocrx_word' id='word_1_752' title='bbox 2183 3298 2362 3337; x_wconf 87' lang='lat' dir='ltr'><strong>rorum</strong></span> <span class='ocrx_word' id='word_1_753' title='bbox 2395 3282 2643 3334; x_wconf 89' lang='lat' dir='ltr'><strong>virtutem</strong></span> <span class='ocrx_word' id='word_1_754' title='bbox 2665 3319 2680 3344; x_wconf 94' lang='lat'><strong>,</strong></span> <span class='ocrx_word' id='word_1_755' title='bbox 2712 3285 2767 3330; x_wconf 91' lang='lat' dir='ltr'><strong>ct</strong></span> <span class='ocrx_word' id='word_1_756' title='bbox 2794 3274 2914 3328; x_wconf 91' lang='lat' dir='ltr'><strong>ideo</strong></span> <span class='ocrx_word' id='word_1_757' title='bbox 2945 3272 3258 3343; x_wconf 86' lang='lat' dir='ltr'><strong>prophetam</strong></span> <span class='ocrx_word' id='word_1_758' title='bbox 3307 3269 3576 3339; x_wconf 64' lang='lat' dir='ltr'><strong>urgebat’:</strong></span> <span class='ocrx_word' id='word_1_759' title='bbox 3610 3269 3692 3322; x_wconf 89' lang='lat' dir='ltr'><strong>sic</strong></span> <span class='ocrx_word' id='word_1_760' title='bbox 3718 3276 3772 3323; x_wconf 90' lang='lat' dir='ltr'><strong>et</strong></span> 
     </span>
    </p>
   </div>
   <div class='ocr_carea' id='block_1_93' title="bbox 2185 3359 3771 3442">
    <p class='ocr_par' dir='ltr' id='par_1_93' title="bbox 2185 3359 3771 3442">
     <span class='ocr_line' id='line_1_93' title="bbox 2185 3359 3771 3442; baseline -0.01 -13"><span class='ocrx_word' id='word_1_761' title='bbox 2185 3384 2311 3429; x_wconf 92' lang='lat' dir='ltr'><strong>tunc</strong></span> <span class='ocrx_word' id='word_1_762' title='bbox 2337 3372 2634 3442; x_wconf 87' lang='lat' dir='ltr'><strong>agitabatur</strong></span> <span class='ocrx_word' id='word_1_763' title='bbox 2655 3369 2838 3423; x_wconf 83' lang='lat' dir='ltr'><strong>civitas</strong></span> <span class='ocrx_word' id='word_1_764' title='bbox 2866 3365 3045 3421; x_wconf 88' lang='lat' dir='ltr'><strong>audita</strong></span> <span class='ocrx_word' id='word_1_765' title='bbox 3073 3378 3204 3418; x_wconf 89' lang='lat' dir='ltr'><strong>voce</strong></span> <span class='ocrx_word' id='word_1_766' title='bbox 3231 3361 3562 3433; x_wconf 85' lang='lat' dir='ltr'><strong>prophetica,</strong></span> <span class='ocrx_word' id='word_1_767' title='bbox 3593 3359 3690 3415; x_wconf 82' lang='lat' dir='ltr'><strong>sed</strong></span> <span class='ocrx_word' id='word_1_768' title='bbox 3721 3360 3771 3414; x_wconf 91' lang='lat' dir='ltr'><strong>in</strong></span> 
     </span>
    </p>
   </div>
   <div class='ocr_carea' id='block_1_94' title="bbox 2188 3453 3776 3532">
    <p class='ocr_par' dir='ltr' id='par_1_94' title="bbox 2188 3453 3776 3532">
     <span class='ocr_line' id='line_1_94' title="bbox 2188 3453 3776 3532; baseline -0.009 -11"><span class='ocrx_word' id='word_1_769' title='bbox 2188 3467 2336 3522; x_wconf 89' lang='lat' dir='ltr'><strong>nullo</strong></span> <span class='ocrx_word' id='word_1_770' title='bbox 2367 3466 2488 3519; x_wconf 67' lang='lat'><strong>[21:83</strong></span> <span class='ocrx_word' id='word_1_771' title='bbox 2517 3471 2619 3526; x_wconf 88' lang='lat' dir='ltr'><strong>est,</strong></span> <span class='ocrx_word' id='word_1_772' title='bbox 2648 3461 2774 3532; x_wconf 89' lang='lat' dir='ltr'><strong>quin</strong></span> <span class='ocrx_word' id='word_1_773' title='bbox 2802 3474 2832 3513; x_wconf 93' lang='lat' dir='ltr'><strong>a</strong></span> <span class='ocrx_word' id='word_1_774' title='bbox 2861 3460 3052 3512; x_wconf 91' lang='lat' dir='ltr'><strong>timore</strong></span> <span class='ocrx_word' id='word_1_775' title='bbox 3073 3457 3271 3525; x_wconf 88' lang='lat' dir='ltr'><strong>adjuta.</strong></span> <span class='ocrx_word' id='word_1_776' title='bbox 3304 3455 3488 3510; x_wconf 85' lang='lat' dir='ltr'><strong>Timor</strong></span> <span class='ocrx_word' id='word_1_777' title='bbox 3514 3456 3658 3508; x_wconf 89' lang='lat' dir='ltr'><strong>enim</strong></span> <span class='ocrx_word' id='word_1_778' title='bbox 3688 3453 3776 3507; x_wconf 88' lang='lat' dir='ltr'><strong>ille</strong></span> 
     </span>
    </p>
   </div>
   <div class='ocr_carea' id='block_1_95' title="bbox 2189 3545 3777 3625">
    <p class='ocr_par' dir='ltr' id='par_1_95' title="bbox 2189 3545 3777 3625">
     <span class='ocr_line' id='line_1_95' title="bbox 2189 3545 3777 3625; baseline -0.01 -12"><span class='ocrx_word' id='word_1_779' title='bbox 2189 3559 2411 3612; x_wconf 87' lang='lat' dir='ltr'><strong>salutem</strong></span> <span class='ocrx_word' id='word_1_780' title='bbox 2435 3555 2661 3625; x_wconf 84' lang='lat' dir='ltr'><strong>peperit,</strong></span> <span class='ocrx_word' id='word_1_781' title='bbox 2692 3550 3036 3606; x_wconf 90' lang='lat' dir='ltr'><strong>comminatio</strong></span> <span class='ocrx_word' id='word_1_782' title='bbox 3074 3547 3310 3616; x_wconf 84' lang='lat' dir='ltr'><strong>periculo</strong></span> <span class='ocrx_word' id='word_1_783' title='bbox 3355 3546 3631 3610; x_wconf 81' lang='lat' dir='ltr'><strong>liberavit,</strong></span> <span class='ocrx_word' id='word_1_784' title='bbox 3659 3545 3777 3598; x_wconf 87' lang='lat' dir='ltr'><strong>sub—</strong></span> 
     </span>
    </p>
   </div>
   <div class='ocr_carea' id='block_1_96' title="bbox 2189 3635 3774 3705">
    <p class='ocr_par' dir='ltr' id='par_1_96' title="bbox 2189 3635 3774 3705">
     <span class='ocr_line' id='line_1_96' title="bbox 2189 3635 3774 3705; baseline -0.009 -2"><span class='ocrx_word' id='word_1_785' title='bbox 2189 3651 2448 3705; x_wconf 82' lang='lat' dir='ltr'><strong>versionis</strong></span> <span class='ocrx_word' id='word_1_786' title='bbox 2491 3647 2752 3703; x_wconf 85' lang='lat' dir='ltr'><strong>sententia</strong></span> <span class='ocrx_word' id='word_1_787' title='bbox 2789 3643 3188 3698; x_wconf 85' lang='lat' dir='ltr'><strong>subversionem</strong></span> <span class='ocrx_word' id='word_1_788' title='bbox 3227 3637 3484 3693; x_wconf 85' lang='lat' dir='ltr'><strong>cohibuit.</strong></span> <span class='ocrx_word' id='word_1_789' title='bbox 3509 3635 3556 3692; x_wconf 90' lang='lat'>0</span> <span class='ocrx_word' id='word_1_790' title='bbox 3585 3651 3774 3691; x_wconf 84' lang='lat' dir='ltr'><strong>novam</strong></span> 
     </span>
    </p>
   </div>
   <div class='ocr_carea' id='block_1_97' title="bbox 2194 3726 3779 3798">
    <p class='ocr_par' dir='ltr' id='par_1_97' title="bbox 2194 3726 3779 3798">
     <span class='ocr_line' id='line_1_97' title="bbox 2194 3726 3779 3798; baseline -0.013 0"><span class='ocrx_word' id='word_1_791' title='bbox 2194 3759 2307 3798; x_wconf 91' lang='lat' dir='ltr'><strong>rem</strong></span> <span class='ocrx_word' id='word_1_792' title='bbox 2351 3752 2404 3796; x_wconf 87' lang='lat' dir='ltr'><strong>et</strong></span> <span class='ocrx_word' id='word_1_793' title='bbox 2435 3737 2838 3794; x_wconf 84' lang='lat' dir='ltr'><strong>admirabilem!</strong></span> <span class='ocrx_word' id='word_1_794' title='bbox 2879 3733 3213 3790; x_wconf 87' lang='lat' dir='ltr'><strong>denuntiatio</strong></span> <span class='ocrx_word' id='word_1_795' title='bbox 3253 3741 3481 3786; x_wconf 91' lang='lat' dir='ltr'><strong>mortem</strong></span> <span class='ocrx_word' id='word_1_796' title='bbox 3562 3726 3779 3780; x_wconf 87' lang='lat' dir='ltr'><strong>minans</strong></span> 
     </span>
    </p>
   </div>
   <div class='ocr_carea' id='block_1_98' title="bbox 2195 3823 3782 3901">
    <p class='ocr_par' dir='ltr' id='par_1_98' title="bbox 2195 3823 3782 3901">
     <span class='ocr_line' id='line_1_98' title="bbox 2195 3823 3782 3901; baseline -0.007 -14"><span class='ocrx_word' id='word_1_797' title='bbox 2195 3837 2354 3887; x_wconf 90' lang='lat' dir='ltr'><strong>vitam</strong></span> <span class='ocrx_word' id='word_1_798' title='bbox 2405 3831 2627 3901; x_wconf 90' lang='lat' dir='ltr'><strong>peperit.</strong></span> <span class='ocrx_word' id='word_1_799' title='bbox 2689 3827 2966 3884; x_wconf 89' lang='lat' dir='ltr'><strong>Sententia</strong></span> <span class='ocrx_word' id='word_1_800' title='bbox 3012 3833 3293 3896; x_wconf 84' lang='lat' dir='ltr'><strong>postquam</strong></span> <span class='ocrx_word' id='word_1_801' title='bbox 3339 3823 3444 3877; x_wconf 88' lang='lat' dir='ltr'><strong>lata</strong></span> <span class='ocrx_word' id='word_1_802' title='bbox 3494 3823 3628 3889; x_wconf 86' lang='lat' dir='ltr'><strong>fuit,</strong></span> <span class='ocrx_word' id='word_1_803' title='bbox 3657 3832 3782 3877; x_wconf 86' lang='lat' dir='ltr'><strong>tunc</strong></span> 
     </span>
    </p>
   </div>
   <div class='ocr_carea' id='block_1_99' title="bbox 2197 3910 3784 3985">
    <p class='ocr_par' dir='ltr' id='par_1_99' title="bbox 2197 3910 3784 3985">
     <span class='ocr_line' id='line_1_99' title="bbox 2197 3910 3784 3985; baseline -0.008 -7"><span class='ocrx_word' id='word_1_804' title='bbox 2197 3923 2424 3978; x_wconf 88' lang='lat' dir='ltr'><strong>invalida</strong></span> <span class='ocrx_word' id='word_1_805' title='bbox 2457 3919 2596 3974; x_wconf 86' lang='lat' dir='ltr'><strong>facta</strong></span> <span class='ocrx_word' id='word_1_806' title='bbox 2625 3929 2726 3984; x_wconf 90' lang='lat' dir='ltr'><strong>est,</strong></span> <span class='ocrx_word' id='word_1_807' title='bbox 2758 3926 2942 3972; x_wconf 88' lang='lat' dir='ltr'><strong>contra</strong></span> <span class='ocrx_word' id='word_1_808' title='bbox 2973 3925 3130 3985; x_wconf 92' lang='lat' dir='ltr'><strong>quam</strong></span> <span class='ocrx_word' id='word_1_809' title='bbox 3162 3912 3301 3982; x_wconf 87' lang='lat' dir='ltr'><strong>apud</strong></span> <span class='ocrx_word' id='word_1_810' title='bbox 3331 3912 3621 3967; x_wconf 71' lang='lat' dir='ltr'><strong>saeculares</strong></span> <span class='ocrx_word' id='word_1_811' title='bbox 3643 3910 3784 3982; x_wconf 78' lang='lat' dir='ltr'><strong>judi-</strong></span> 
     </span>
    </p>
   </div>
   <div class='ocr_carea' id='block_1_100' title="bbox 2196 4007 3784 4087">
    <p class='ocr_par' dir='ltr' id='par_1_100' title="bbox 2196 4007 3784 4087">
     <span class='ocr_line' id='line_1_100' title="bbox 2196 4007 3784 4087; baseline -0.009 -14"><span class='ocrx_word' id='word_1_812' title='bbox 2196 4034 2286 4074; x_wconf 90' lang='lat' dir='ltr'><strong>ces</strong></span> <span class='ocrx_word' id='word_1_813' title='bbox 2317 4035 2331 4072; x_wconf 90' lang='lat'><strong>:</strong></span> <span class='ocrx_word' id='word_1_814' title='bbox 2358 4017 2496 4087; x_wconf 91' lang='lat' dir='ltr'><strong>apud</strong></span> <span class='ocrx_word' id='word_1_815' title='bbox 2524 4015 2622 4068; x_wconf 88' lang='lat' dir='ltr'><strong>hos</strong></span> <span class='ocrx_word' id='word_1_816' title='bbox 2645 4015 2787 4068; x_wconf 87' lang='lat' dir='ltr'><strong>enim</strong></span> <span class='ocrx_word' id='word_1_817' title='bbox 2815 4011 2866 4066; x_wconf 91' lang='lat' dir='ltr'><strong>in</strong></span> <span class='ocrx_word' id='word_1_818' title='bbox 2891 4010 3125 4065; x_wconf 89' lang='lat' dir='ltr'><strong>medium</strong></span> <span class='ocrx_word' id='word_1_819' title='bbox 3155 4009 3356 4078; x_wconf 89' lang='lat' dir='ltr'><strong>prolata</strong></span> <span class='ocrx_word' id='word_1_820' title='bbox 3376 4049 3391 4074; x_wconf 96' lang='lat'><strong>,</strong></span> <span class='ocrx_word' id='word_1_821' title='bbox 3427 4016 3542 4061; x_wconf 89' lang='lat' dir='ltr'><strong>rata</strong></span> <span class='ocrx_word' id='word_1_822' title='bbox 3580 4007 3641 4060; x_wconf 84' lang='lat' dir='ltr'><strong>fit</strong></span> <span class='ocrx_word' id='word_1_823' title='bbox 3666 4021 3784 4060; x_wconf 80' lang='lat' dir='ltr'><strong>sen-</strong></span> 
     </span>
    </p>
   </div>
   <div class='ocr_carea' id='block_1_101' title="bbox 2201 4101 3783 4180">
    <p class='ocr_par' dir='ltr' id='par_1_101' title="bbox 2201 4101 3783 4180">
     <span class='ocr_line' id='line_1_101' title="bbox 2201 4101 3783 4180; baseline -0.009 -14"><span class='ocrx_word' id='word_1_824' title='bbox 2201 4112 2398 4172; x_wconf 88' lang='lat' dir='ltr'><strong>tentia;</strong></span> <span class='ocrx_word' id='word_1_825' title='bbox 2427 4107 2566 4180; x_wconf 84' lang='lat' dir='ltr'><strong>apud</strong></span> <span class='ocrx_word' id='word_1_826' title='bbox 2608 4108 2774 4162; x_wconf 91' lang='lat' dir='ltr'><strong>Deum</strong></span> <span class='ocrx_word' id='word_1_827' title='bbox 2799 4113 3004 4171; x_wconf 89' lang='lat' dir='ltr'><strong>contra,</strong></span> <span class='ocrx_word' id='word_1_828' title='bbox 3037 4102 3258 4174; x_wconf 77' lang='lat' dir='ltr'><strong>proferri</strong></span> <span class='ocrx_word' id='word_1_829' title='bbox 3303 4101 3628 4156; x_wconf 89' lang='lat' dir='ltr'><strong>sententiam</strong></span> <span class='ocrx_word' id='word_1_830' title='bbox 3670 4113 3783 4154; x_wconf 89' lang='lat' dir='ltr'><strong>eam</strong></span> 
     </span>
    </p>
   </div>
   <div class='ocr_carea' id='block_1_102' title="bbox 2203 4189 3787 4265">
    <p class='ocr_par' dir='ltr' id='par_1_102' title="bbox 2203 4189 3787 4265">
     <span class='ocr_line' id='line_1_102' title="bbox 2203 4189 3787 4265; baseline -0.009 -8"><span class='ocrx_word' id='word_1_831' title='bbox 2203 4203 2484 4259; x_wconf 80' lang='lat' dir='ltr'><strong>invalidam</strong></span> <span class='ocrx_word' id='word_1_832' title='bbox 2524 4201 2686 4254; x_wconf 90' lang='lat' dir='ltr'><strong>facit:</strong></span> <span class='ocrx_word' id='word_1_833' title='bbox 2715 4199 2816 4252; x_wconf 73' lang='lat' dir='ltr'><strong>nisi</strong></span> <span class='ocrx_word' id='word_1_834' title='bbox 2844 4197 2984 4251; x_wconf 89' lang='lat' dir='ltr'><strong>enim</strong></span> <span class='ocrx_word' id='word_1_835' title='bbox 3030 4193 3237 4265; x_wconf 87' lang='lat' dir='ltr'><strong>prolata</strong></span> <span class='ocrx_word' id='word_1_836' title='bbox 3282 4192 3504 4252; x_wconf 86' lang='lat' dir='ltr'><strong>fuisset,</strong></span> <span class='ocrx_word' id='word_1_837' title='bbox 3534 4205 3648 4244; x_wconf 91' lang='lat' dir='ltr'><strong>non</strong></span> <span class='ocrx_word' id='word_1_838' title='bbox 3689 4189 3787 4244; x_wconf 55' lang='lat' dir='ltr'><strong>uti-</strong></span> 
     </span>
    </p>
   </div>
   <div class='ocr_carea' id='block_1_103' title="bbox 2201 4281 3787 4362">
    <p class='ocr_par' dir='ltr' id='par_1_103' title="bbox 2201 4281 3787 4362">
     <span class='ocr_line' id='line_1_103' title="bbox 2201 4281 3787 4362; baseline -0.008 -16"><span class='ocrx_word' id='word_1_839' title='bbox 2201 4309 2305 4362; x_wconf 89' lang='lat' dir='ltr'><strong>que</strong></span> <span class='ocrx_word' id='word_1_840' title='bbox 2358 4300 2666 4361; x_wconf 88' lang='lat' dir='ltr'><strong>peccatores</strong></span> <span class='ocrx_word' id='word_1_841' title='bbox 2718 4287 3020 4351; x_wconf 87' lang='lat' dir='ltr'><strong>audissent;</strong></span> <span class='ocrx_word' id='word_1_842' title='bbox 3053 4284 3098 4340; x_wconf 94' lang='lat' dir='ltr'><strong>si</strong></span> <span class='ocrx_word' id='word_1_843' title='bbox 3152 4297 3280 4338; x_wconf 91' lang='lat' dir='ltr'><strong>vero</strong></span> <span class='ocrx_word' id='word_1_844' title='bbox 3325 4296 3433 4337; x_wconf 90' lang='lat' dir='ltr'><strong>non</strong></span> <span class='ocrx_word' id='word_1_845' title='bbox 3475 4281 3787 4347; x_wconf 77' lang='lat' dir='ltr'><strong>audissmt,</strong></span> 
     </span>
    </p>
   </div>
   <div class='ocr_carea' id='block_1_104' title="bbox 2205 4380 3793 4456">
    <p class='ocr_par' dir='ltr' id='par_1_104' title="bbox 2205 4380 3793 4456">
     <span class='ocr_line' id='line_1_104' title="bbox 2205 4380 3793 4456; baseline -0.009 -15"><span class='ocrx_word' id='word_1_846' title='bbox 2205 4401 2376 4456; x_wconf 90' lang='lat' dir='ltr'><strong>neque</strong></span> <span class='ocrx_word' id='word_1_847' title='bbox 2422 4385 2653 4454; x_wconf 82' lang='lat' dir='ltr'><strong>egissent</strong></span> <span class='ocrx_word' id='word_1_848' title='bbox 2700 4380 3087 4450; x_wconf 71' lang='lat' dir='ltr'><strong>paenitentiam,</strong></span> <span class='ocrx_word' id='word_1_849' title='bbox 3136 4391 3310 4446; x_wconf 88' lang='lat' dir='ltr'><strong>neque</strong></span> <span class='ocrx_word' id='word_1_850' title='bbox 3350 4388 3565 4445; x_wconf 74' lang='lat' dir='ltr'><strong>pcenam</strong></span> <span class='ocrx_word' id='word_1_851' title='bbox 3635 4390 3793 4444; x_wconf 84' lang='lat' dir='ltr'><strong>repu-</strong></span> 
     </span>
    </p>
   </div>
   <div class='ocr_carea' id='block_1_105' title="bbox 2207 4470 3800 4544">
    <p class='ocr_par' dir='ltr' id='par_1_105' title="bbox 2207 4470 3800 4544">
     <span class='ocr_line' id='line_1_105' title="bbox 2207 4470 3800 4544; baseline -0.01 -6"><span class='ocrx_word' id='word_1_852' title='bbox 2207 4484 2412 4544; x_wconf 91' lang='lat' dir='ltr'><strong>lissent,</strong></span> <span class='ocrx_word' id='word_1_853' title='bbox 2443 4493 2540 4534; x_wconf 90' lang='lat' dir='ltr'><strong>nec</strong></span> <span class='ocrx_word' id='word_1_854' title='bbox 2591 4476 2809 4532; x_wconf 84' lang='lat' dir='ltr'><strong>fuissent</strong></span> <span class='ocrx_word' id='word_1_855' title='bbox 2859 4473 2948 4527; x_wconf 90' lang='lat' dir='ltr'><strong>illa</strong></span> <span class='ocrx_word' id='word_1_856' title='bbox 2980 4470 3208 4526; x_wconf 89' lang='lat' dir='ltr'><strong>mirabili</strong></span> <span class='ocrx_word' id='word_1_857' title='bbox 3236 4471 3408 4527; x_wconf 90' lang='lat' dir='ltr'><strong>salute</strong></span> <span class='ocrx_word' id='word_1_858' title='bbox 3448 4473 3627 4541; x_wconf 89' lang='lat' dir='ltr'><strong>potiti.</strong></span> <span class='ocrx_word' id='word_1_859' title='bbox 3657 4471 3800 4538; x_wconf 83' lang='lat' dir='ltr'><strong>Quo-</strong></span> 
     </span>
    </p>
   </div>
   <div class='ocr_carea' id='block_1_106' title="bbox 2208 4566 3797 4638">
    <p class='ocr_par' dir='ltr' id='par_1_106' title="bbox 2208 4566 3797 4638">
     <span class='ocr_line' id='line_1_106' title="bbox 2208 4566 3797 4638; baseline -0.011 -3"><span class='ocrx_word' id='word_1_860' title='bbox 2208 4580 2369 4635; x_wconf 90' lang='lat' dir='ltr'><strong>modo</strong></span> <span class='ocrx_word' id='word_1_861' title='bbox 2417 4579 2560 4633; x_wconf 91' lang='lat' dir='ltr'><strong>enim</strong></span> <span class='ocrx_word' id='word_1_862' title='bbox 2611 4589 2718 4628; x_wconf 92' lang='lat' dir='ltr'><strong>non</strong></span> <span class='ocrx_word' id='word_1_863' title='bbox 2773 4570 3069 4633; x_wconf 91' lang='lat' dir='ltr'><strong>mirabilis,</strong></span> <span class='ocrx_word' id='word_1_864' title='bbox 3100 4583 3222 4623; x_wconf 92' lang='lat' dir='ltr'><strong>cum</strong></span> <span class='ocrx_word' id='word_1_865' title='bbox 3263 4568 3427 4638; x_wconf 89' lang='lat' dir='ltr'><strong>judex</strong></span> <span class='ocrx_word' id='word_1_866' title='bbox 3472 4566 3797 4621; x_wconf 87' lang='lat' dir='ltr'><strong>sententiam</strong></span> 
     </span>
    </p>
   </div>
   <div class='ocr_carea' id='block_1_107' title="bbox 2210 4657 3802 4736">
    <p class='ocr_par' dir='ltr' id='par_1_107' title="bbox 2210 4657 3802 4736">
     <span class='ocr_line' id='line_1_107' title="bbox 2210 4657 3802 4736; baseline -0.009 -10"><span class='ocrx_word' id='word_1_867' title='bbox 2210 4671 2422 4735; x_wconf 89' lang='lat' dir='ltr'><strong>tulerit,</strong></span> <span class='ocrx_word' id='word_1_868' title='bbox 2461 4669 2536 4722; x_wconf 75' lang='lat' dir='ltr'><strong>rei</strong></span> <span class='ocrx_word' id='word_1_869' title='bbox 2575 4678 2702 4719; x_wconf 88' lang='lat' dir='ltr'><strong>vero</strong></span> <span class='ocrx_word' id='word_1_870' title='bbox 2733 4679 2828 4735; x_wconf 90' lang='lat' dir='ltr'><strong>per</strong></span> <span class='ocrx_word' id='word_1_871' title='bbox 2870 4662 3237 4736; x_wconf 64' lang='lat' dir='ltr'><strong>paenitentiam</strong></span> <span class='ocrx_word' id='word_1_872' title='bbox 3277 4657 3599 4714; x_wconf 90' lang='lat' dir='ltr'><strong>sententiam</strong></span> <span class='ocrx_word' id='word_1_873' title='bbox 3628 4658 3802 4714; x_wconf 76' lang='lat' dir='ltr'><strong>solve-</strong></span> 
     </span>
    </p>
   </div>
   <div class='ocr_carea' id='block_1_108' title="bbox 2213 4751 3802 4823">
    <p class='ocr_par' dir='ltr' id='par_1_108' title="bbox 2213 4751 3802 4823">
     <span class='ocr_line' id='line_1_108' title="bbox 2213 4751 3802 4823; baseline -0.011 -5"><span class='ocrx_word' id='word_1_874' title='bbox 2213 4762 2360 4817; x_wconf 88' lang='lat' dir='ltr'><strong>rint?</strong></span> <span class='ocrx_word' id='word_1_875' title='bbox 2391 4775 2494 4816; x_wconf 93' lang='lat' dir='ltr'><strong>non</strong></span> <span class='ocrx_word' id='word_1_876' title='bbox 2548 4757 2688 4812; x_wconf 89' lang='lat' dir='ltr'><strong>enim</strong></span> <span class='ocrx_word' id='word_1_877' title='bbox 2746 4756 2934 4809; x_wconf 88' lang='lat' dir='ltr'><strong>urbem</strong></span> <span class='ocrx_word' id='word_1_878' title='bbox 2991 4751 3260 4823; x_wconf 89' lang='lat' dir='ltr'><strong>fugerunt,</strong></span> <span class='ocrx_word' id='word_1_879' title='bbox 3293 4757 3436 4805; x_wconf 89' lang='lat' dir='ltr'><strong>sicut</strong></span> <span class='ocrx_word' id='word_1_880' title='bbox 3491 4765 3591 4804; x_wconf 89' lang='lat' dir='ltr'><strong>nos</strong></span> <span class='ocrx_word' id='word_1_881' title='bbox 3640 4764 3802 4813; x_wconf 74' lang='lat' dir='ltr'><strong>nunc,</strong></span> 
     </span>
    </p>
   </div>
   <div class='ocr_carea' id='block_1_109' title="bbox 2213 4840 3807 4916">
    <p class='ocr_par' dir='ltr' id='par_1_109' title="bbox 2213 4840 3807 4916">
     <span class='ocr_line' id='line_1_109' title="bbox 2213 4840 3807 4916; baseline -0.011 -6"><span class='ocrx_word' id='word_1_882' title='bbox 2213 4855 2309 4910; x_wconf 86' lang='lat' dir='ltr'><strong>sed</strong></span> <span class='ocrx_word' id='word_1_883' title='bbox 2358 4859 2668 4914; x_wconf 89' lang='lat' dir='ltr'><strong>manentes,</strong></span> <span class='ocrx_word' id='word_1_884' title='bbox 2698 4849 2866 4916; x_wconf 87' lang='lat' dir='ltr'><strong>ipsam</strong></span> <span class='ocrx_word' id='word_1_885' title='bbox 2909 4853 3184 4901; x_wconf 82' lang='lat' dir='ltr'><strong>nutantem</strong></span> <span class='ocrx_word' id='word_1_886' title='bbox 3212 4842 3514 4897; x_wconf 82' lang='lat' dir='ltr'><strong>firmarunt.</strong></span> <span class='ocrx_word' id='word_1_887' title='bbox 3555 4840 3807 4910; x_wconf 85' lang='lat' dir='ltr'><strong>Laqueus</strong></span> 
     </span>
    </p>
   </div>
   <div class='ocr_carea' id='block_1_110' title="bbox 2215 4938 3807 5016">
    <p class='ocr_par' dir='ltr' id='par_1_110' title="bbox 2215 4938 3807 5016">
     <span class='ocr_line' id='line_1_110' title="bbox 2215 4938 3807 5016; baseline -0.012 -9"><span class='ocrx_word' id='word_1_888' title='bbox 2215 4959 2363 5016; x_wconf 90' lang='lat' dir='ltr'><strong>erat,</strong></span> <span class='ocrx_word' id='word_1_889' title='bbox 2426 4957 2481 5004; x_wconf 89' lang='lat' dir='ltr'><strong>et</strong></span> <span class='ocrx_word' id='word_1_890' title='bbox 2546 4946 2817 5000; x_wconf 91' lang='lat' dir='ltr'><strong>munimen</strong></span> <span class='ocrx_word' id='word_1_891' title='bbox 2902 4941 3072 5012; x_wconf 89' lang='lat' dir='ltr'><strong>ipsam</strong></span> <span class='ocrx_word' id='word_1_892' title='bbox 3145 4938 3490 4995; x_wconf 90' lang='lat' dir='ltr'><strong>reddiderunt</strong></span> <span class='ocrx_word' id='word_1_893' title='bbox 3549 4956 3562 4993; x_wconf 92' lang='lat'><strong>:</strong></span> <span class='ocrx_word' id='word_1_894' title='bbox 3612 4952 3807 5005; x_wconf 76' lang='lat' dir='ltr'><strong>vorago</strong></span> 
     </span>
    </p>
   </div>
   <div class='ocr_carea' id='block_1_111' title="bbox 2217 5029 3810 5111">
    <p class='ocr_par' dir='ltr' id='par_1_111' title="bbox 2217 5029 3810 5111">
     <span class='ocr_line' id='line_1_111' title="bbox 2217 5029 3810 5111; baseline -0.011 -12"><span class='ocrx_word' id='word_1_895' title='bbox 2217 5055 2330 5098; x_wconf 76' lang='lat' dir='ltr'><strong>erat</strong></span> <span class='ocrx_word' id='word_1_896' title='bbox 2359 5050 2413 5098; x_wconf 92' lang='lat' dir='ltr'><strong>et</strong></span> <span class='ocrx_word' id='word_1_897' title='bbox 2442 5038 2818 5111; x_wconf 63' lang='lat' dir='ltr'><strong>praecipitium,</strong></span> <span class='ocrx_word' id='word_1_898' title='bbox 2849 5042 2904 5089; x_wconf 87' lang='lat' dir='ltr'><strong>et</strong></span> <span class='ocrx_word' id='word_1_899' title='bbox 2947 5034 3124 5089; x_wconf 68' lang='lat' dir='ltr'><strong>tutela:</strong></span> <span class='ocrx_word' id='word_1_900' title='bbox 3174 5032 3363 5087; x_wconf 91' lang='lat' dir='ltr'><strong>turrim</strong></span> <span class='ocrx_word' id='word_1_901' title='bbox 3409 5029 3678 5086; x_wconf 86' lang='lat' dir='ltr'><strong>fecerunt.</strong></span> <span class='ocrx_word' id='word_1_902' title='bbox 3703 5031 3810 5083; x_wconf 82' lang='lat' dir='ltr'><strong>Au-</strong></span> 
     </span>
    </p>
   </div>
   <div class='ocr_carea' id='block_1_112' title="bbox 2221 5123 3810 5208">
    <p class='ocr_par' dir='ltr' id='par_1_112' title="bbox 2221 5123 3810 5208">
     <span class='ocr_line' id='line_1_112' title="bbox 2221 5123 3810 5208; baseline -0.013 -13"><span class='ocrx_word' id='word_1_903' title='bbox 2221 5141 2434 5196; x_wconf 88' lang='lat' dir='ltr'><strong>dierunt</strong></span> <span class='ocrx_word' id='word_1_904' title='bbox 2462 5135 2602 5208; x_wconf 89' lang='lat' dir='ltr'><strong>quod</strong></span> <span class='ocrx_word' id='word_1_905' title='bbox 2627 5131 2846 5187; x_wconf 64' lang='lat' dir='ltr'><strong>aadilicia</strong></span> <span class='ocrx_word' id='word_1_906' title='bbox 2875 5138 3128 5185; x_wconf 86' lang='lat' dir='ltr'><strong>corruent</strong></span> <span class='ocrx_word' id='word_1_907' title='bbox 3146 5170 3159 5189; x_wconf 88' lang='lat'><em>.</em></span> <span class='ocrx_word' id='word_1_908' title='bbox 3194 5143 3367 5196; x_wconf 90' lang='lat' dir='ltr'><strong>neque</strong></span> <span class='ocrx_word' id='word_1_909' title='bbox 3392 5125 3646 5196; x_wconf 87' lang='lat' dir='ltr'><strong>fugerunt</strong></span> <span class='ocrx_word' id='word_1_910' title='bbox 3684 5123 3810 5177; x_wconf 71' lang='lat' dir='ltr'><strong>tedi-</strong></span> 
     </span>
    </p>
   </div>
   <div class='ocr_carea' id='block_1_113' title="bbox 2223 5216 3815 5299">
    <p class='ocr_par' dir='ltr' id='par_1_113' title="bbox 2223 5216 3815 5299">
     <span class='ocr_line' id='line_1_113' title="bbox 2223 5216 3815 5299; baseline -0.011 -13"><span class='ocrx_word' id='word_1_911' title='bbox 2223 5232 2362 5297; x_wconf 86' lang='lat' dir='ltr'><strong>ficia,</strong></span> <span class='ocrx_word' id='word_1_912' title='bbox 2387 5230 2479 5286; x_wconf 86' lang='lat' dir='ltr'><strong>sed</strong></span> <span class='ocrx_word' id='word_1_913' title='bbox 2509 5236 2724 5299; x_wconf 88' lang='lat' dir='ltr'><strong>peccata</strong></span> <span class='ocrx_word' id='word_1_914' title='bbox 2746 5224 3032 5294; x_wconf 86' lang='lat' dir='ltr'><strong>fugerunt:</strong></span> <span class='ocrx_word' id='word_1_915' title='bbox 3064 5237 3169 5275; x_wconf 91' lang='lat' dir='ltr'><strong>non</strong></span> <span class='ocrx_word' id='word_1_916' title='bbox 3193 5219 3560 5274; x_wconf 88' lang='lat' dir='ltr'><strong>discesserunt</strong></span> <span class='ocrx_word' id='word_1_917' title='bbox 3586 5216 3815 5285; x_wconf 85' lang='lat' dir='ltr'><strong>quisque</strong></span> 
     </span>
    </p>
   </div>
   <div class='ocr_carea' id='block_1_114' title="bbox 2225 5311 3813 5385">
    <p class='ocr_par' dir='ltr' id='par_1_114' title="bbox 2225 5311 3813 5385">
     <span class='ocr_line' id='line_1_114' title="bbox 2225 5311 3813 5385; baseline -0.014 -3"><span class='ocrx_word' id='word_1_918' title='bbox 2225 5328 2290 5385; x_wconf 89' lang='lat' dir='ltr'><strong>de</strong></span> <span class='ocrx_word' id='word_1_919' title='bbox 2310 5329 2469 5382; x_wconf 90' lang='lat' dir='ltr'><strong>domo</strong></span> <span class='ocrx_word' id='word_1_920' title='bbox 2497 5341 2613 5385; x_wconf 87' lang='lat' dir='ltr'><strong>sua.</strong></span> <span class='ocrx_word' id='word_1_921' title='bbox 2645 5323 2782 5377; x_wconf 91' lang='lat' dir='ltr'><strong>sicut</strong></span> <span class='ocrx_word' id='word_1_922' title='bbox 2805 5334 2945 5374; x_wconf 91' lang='lat' dir='ltr'><strong>nunc</strong></span> <span class='ocrx_word' id='word_1_923' title='bbox 2983 5331 3102 5383; x_wconf 90' lang='lat' dir='ltr'><strong>nos,</strong></span> <span class='ocrx_word' id='word_1_924' title='bbox 3134 5313 3228 5370; x_wconf 92' lang='lat' dir='ltr'><strong>sed</strong></span> <span class='ocrx_word' id='word_1_925' title='bbox 3257 5311 3502 5368; x_wconf 89' lang='lat' dir='ltr'><strong>discessit</strong></span> <span class='ocrx_word' id='word_1_926' title='bbox 3531 5311 3762 5381; x_wconf 87' lang='lat' dir='ltr'><strong>quisque</strong></span> <span class='ocrx_word' id='word_1_927' title='bbox 3786 5324 3813 5359; x_wconf 75' lang='grc' dir='ltr'><strong><em>ει</em></strong></span> 
     </span>
    </p>
   </div>
   <div class='ocr_carea' id='block_1_115' title="bbox 2229 5402 3818 5477">
    <p class='ocr_par' dir='ltr' id='par_1_115' title="bbox 2229 5402 3818 5477">
     <span class='ocr_line' id='line_1_115' title="bbox 2229 5402 3818 5477; baseline -0.018 -2"><span class='ocrx_word' id='word_1_928' title='bbox 2229 5423 2314 5475; x_wconf 91' lang='lat' dir='ltr'><strong>via</strong></span> <span class='ocrx_word' id='word_1_929' title='bbox 2343 5434 2437 5476; x_wconf 88' lang='lat' dir='ltr'><strong>sua</strong></span> <span class='ocrx_word' id='word_1_930' title='bbox 2465 5417 2623 5472; x_wconf 85' lang='lat' dir='ltr'><strong>mala.</strong></span> <span class='ocrx_word' id='word_1_931' title='bbox 2667 5413 2803 5469; x_wconf 81' lang='lat' dir='ltr'><strong>Num</strong></span> <span class='ocrx_word' id='word_1_932' title='bbox 2839 5410 3002 5476; x_wconf 83' lang='lat' dir='ltr'><strong>enim,</strong></span> <span class='ocrx_word' id='word_1_933' title='bbox 3041 5407 3243 5477; x_wconf 88' lang='lat' dir='ltr'><strong>inquit,</strong></span> <span class='ocrx_word' id='word_1_934' title='bbox 3279 5404 3416 5459; x_wconf 91' lang='lat' dir='ltr'><strong>muri</strong></span> <span class='ocrx_word' id='word_1_935' title='bbox 3460 5402 3594 5455; x_wconf 88' lang='lat' dir='ltr'><strong>iram</strong></span> <span class='ocrx_word' id='word_1_936' title='bbox 3654 5415 3818 5470; x_wconf 74' lang='lat' dir='ltr'><strong>pepe.</strong></span> 
     </span>
    </p>
   </div>
   <div class='ocr_carea' id='block_1_116' title="bbox 2292 5534 3822 5616">
    <p class='ocr_par' dir='ltr' id='par_1_116' title="bbox 2292 5534 3822 5616">
     <span class='ocr_line' id='line_1_116' title="bbox 2292 5534 3822 5616; baseline -0.016 -7"><span class='ocrx_word' id='word_1_937' title='bbox 2292 5562 2309 5592; x_wconf 75' lang='grc' dir='ltr'><strong>ι</strong></span> <span class='ocrx_word' id='word_1_938' title='bbox 2346 5564 2452 5608; x_wconf 83' lang='lat' dir='ltr'><strong>sav.</strong></span> <span class='ocrx_word' id='word_1_939' title='bbox 2473 5561 2526 5605; x_wconf 84' lang='lat' dir='ltr'><strong>et</strong></span> <span class='ocrx_word' id='word_1_940' title='bbox 2545 5551 2738 5616; x_wconf 83' lang='lat' dir='ltr'><strong>quidam</strong></span> <span class='ocrx_word' id='word_1_941' title='bbox 2761 5556 2869 5616; x_wconf 67' lang='lat' dir='ltr'><strong>uss.</strong></span> <span class='ocrx_word' id='word_1_942' title='bbox 2896 5561 2910 5597; x_wconf 89' lang='lat'><strong>:</strong></span> <span class='ocrx_word' id='word_1_943' title='bbox 2943 5546 3116 5616; x_wconf 67' lang='lat' dir='ltr'><strong>tfrbem</strong></span> <span class='ocrx_word' id='word_1_944' title='bbox 3136 5539 3457 5616; x_wconf 51' lang='lat' dir='ltr'><strong>est</strong></span> <span class='ocrx_word' id='word_1_945' title='bbox 3475 5534 3822 5616; x_wconf 39' lang='lat' dir='ltr'><strong>matertera}!</strong></span> 
     </span>
    </p>
   </div>
   <div class='ocr_carea' id='block_1_117' title="bbox 2230 5599 3819 5671">
    <p class='ocr_par' dir='ltr' id='par_1_117' title="bbox 2230 5599 3819 5671">
     <span class='ocr_line' id='line_1_117' title="bbox 2230 5599 3819 5671; baseline -0.015 1"><span class='ocrx_word' id='word_1_946' title='bbox 2230 5599 2734 5671; x_wconf 43' lang='lat' dir='ltr'><strong>demi&#39;iaha‘é‘ires</strong></span> <span class='ocrx_word' id='word_1_947' title='bbox 2774 5610 2894 5661; x_wconf 79' lang='lat' dir='ltr'><strong>dies.</strong></span> <span class='ocrx_word' id='word_1_948' title='bbox 2939 5610 3012 5656; x_wconf 73' lang='lat' dir='ltr'><strong>Sic</strong></span> <span class='ocrx_word' id='word_1_949' title='bbox 3032 5615 3244 5671; x_wconf 79' lang='lat' dir='ltr'><strong>semper</strong></span> <span class='ocrx_word' id='word_1_950' title='bbox 3281 5600 3464 5671; x_wconf 77' lang='lat' dir='ltr'><strong>lectum</strong></span> <span class='ocrx_word' id='word_1_951' title='bbox 3497 5607 3583 5671; x_wconf 68' lang='lat' dir='ltr'><strong>est</strong></span> <span class='ocrx_word' id='word_1_952' title='bbox 3619 5599 3671 5648; x_wconf 89' lang='lat' dir='ltr'><strong>in</strong></span> <span class='ocrx_word' id='word_1_953' title='bbox 3713 5599 3819 5649; x_wconf 61' lang='grc' dir='ltr'><strong>ως</strong></span> 
     </span>
    </p>
   </div>
   <div class='ocr_carea' id='block_1_118' title="bbox 2232 5662 3820 5810">
    <p class='ocr_par' dir='ltr' id='par_1_118' title="bbox 2232 5662 3820 5810">
     <span class='ocr_line' id='line_1_118' title="bbox 2232 5662 3820 5810; baseline -0.021 -76"><span class='ocrx_word' id='word_1_954' title='bbox 2232 5662 2589 5810; x_wconf 46' lang='lat' dir='ltr'><strong>intime—tibus</strong></span> <span class='ocrx_word' id='word_1_955' title='bbox 2609 5673 2734 5728; x_wconf 80' lang='lat' dir='ltr'><strong>vela</strong></span> <span class='ocrx_word' id='word_1_956' title='bbox 2755 5674 2920 5736; x_wconf 83' lang='lat' dir='ltr'><strong>primis</strong></span> <span class='ocrx_word' id='word_1_957' title='bbox 2943 5662 3168 5719; x_wconf 63' lang='lat' dir='ltr'><strong>Ecclesiui</strong></span> <span class='ocrx_word' id='word_1_958' title='bbox 3189 5663 3397 5720; x_wconf 59' lang='lat' dir='ltr'><strong>saeculis,</strong></span> <span class='ocrx_word' id='word_1_959' title='bbox 3415 5662 3557 5724; x_wconf 78' lang='grc' dir='ltr'><strong>τρεῖς,</strong></span> <span class='ocrx_word' id='word_1_960' title='bbox 3581 5671 3689 5722; x_wconf 89' lang='lat' dir='ltr'><strong>pro,</strong></span> <span class='ocrx_word' id='word_1_961' title='bbox 3709 5672 3820 5710; x_wconf 74' lang='grc' dir='ltr'><strong>τεσ.</strong></span> 
     </span>
     <span class='ocr_line' id='line_1_119' title="bbox 2232 5761 2499 5795; baseline -0.007 0"><span class='ocrx_word' id='word_1_962' title='bbox 2232 5762 2295 5795; x_wconf 83' lang='grc' dir='ltr'><strong>σα</strong></span> <span class='ocrx_word' id='word_1_963' title='bbox 2355 5761 2499 5795; x_wconf 68' lang='grc' dir='ltr'><strong>κοντα</strong></span> 
     </span>
    </p>
   </div>
   <div class='ocr_carea' id='block_1_119' title="bbox 2232 5761 2499 5795">
    <p class='ocr_par' dir='ltr' id='par_1_119' title="bbox 2232 5761 2499 5795">
     <span class='ocr_line' id='line_1_120' title="bbox 2232 5761 2499 5795; baseline -0.007 0"><span class='ocrx_word' id='word_1_964' title='bbox 2232 5761 2499 5795; x_wconf 69' lang='grc' dir='ltr'><strong>σαοακοντα</strong></span> 
     </span>
    </p>
   </div>
  </div>
