3892 6236
182 282 252 339 τε
1207 283 1297 338 Δί)
1333 282 1664 343 POPULUM
1702 296 1719 342 λ

2109 289 2208 346 UM
2247 289 2485 347 “OMIL.
2531 288 2594 344 ν.
3578 294 3646 350 76

182 394 361 462 ὀδοὺς
388 396 596 451 αὐτοῦ.
632 397 731 451 Διά
762 397 921 452 τοῦτο
947 397 1042 452 καὶ
1069 399 1098 451 6
1122 397 1329 462 Παῦλος
1350 398 1451 470 εφη
1473 413 1488 428 ⁸
1534 399 1596 454 Ἠ
1621 394 1701 452 δὲ’
1718 382 1868 452 κατὰ

182 486 335 540 Θεὸν
383 486 550 553 λύπη
588 503 914 556 μετάνοιαν
953 490 1043 554 εὶς
1087 489 1392 556 σωτηρίαν
1418 488 1869 557 ἀμεταμέλητον

180 570 608 641 κατεργάζεται.
653 573 862 627 Οὐκοῦν
893 573 1081 645 ἐπειδὴ
1105 573 1290 644 σαφῶς
1315 575 1344 627 6
1373 573 1529 642 λόγος
1558 573 1859 642 ἀπέδειξεν,

178 661 264 714 ὅτι
288 659 411 714 οὔτε
442 660 646 733 ζημίαν
678 665 1000 733 χρημάτων,
1045 660 1159 715 οὗθ’
1206 660 1385 732 ὓϐριν,
1425 661 1536 716 οὔτ’
1576 663 1862 733 ἐπήρειαν,

176 748 307 803 οὔτε
343 751 631 821 μάστιγας,
658 749 769 804 οὔτ’
796 750 1131 823 ἀρρωστίαν,
1171 749 1294 804 οὔτε
1322 750 1569 809 θάνατον,
1595 749 1707 803 οὔτ’
1736 749 1866 806 ἀλλο

177 854 232 891 τι
258 837 368 891 τῶν
391 837 650 891 τοιούτων
676 837 1030 910 ἐπενεχθείσα
1061 836 1206 907 λύπη
1231 837 1524 909 διορθῶσαι
1551 837 1751 892 δύναιτ’
1775 838 1863 902 ἂν,

178 921 303 996 [66]
345 924 460 978 ἀλλ’
502 925 780 998 ἁμαρτίαν
810 925 1069 993 ἀφανίσαι
1116 922 1303 995 μόνην,
1340 924 1435 978 καὶ
1467 924 1675 997 ταύτης
1717 927 1865 978 ἐστὶν

176 1018 543 1089 ἀναιρετικὴ,
604 1016 827 1087 εὔδηλον
876 1017 959 1070 ὅτι
1016 1014 1107 1070 διὰ
1155 1017 1361 1086 ταύτην
1398 1016 1615 1085 ἐγένετο
1670 1016 1838 1087 μόνην

181 1106 399 1176 Μηκέτι
425 1101 519 1159 οὖν
538 1106 633 1159 ἐπὶ
659 1104 835 1176 ζημία
884 1105 1182 1177 χρημάτων
1214 1103 1469 1175 ἀλγῶμεν
1488 1143 1504 1164 ,
1576 1104 1691 1158 ἀλλ’
1738 1105 1867 1157 ὅταν

175 1192 608 1264 ἀμαρτάνωμεν,
640 1190 896 1263 ἀλγῶμεν
927 1192 1108 1261 μόνον.
1146 1191 1289 1244 Πολὺ
1321 1191 1430 1263 γὰρ
1463 1193 1525 1244 16
1558 1192 1747 1262 κέρδος
1782 1194 1868 1244 ἐν-

172 1279 353 1334 ταῦθα
388 1279 497 1333 ἀπὸ
526 1279 626 1350 τῆς
654 1278 850 1349 λύπης.
885 1275 1265 1348 Ἐζημιώθης;
1300 1278 1376 1349 μὴ
1403 1276 1724 1350 ἀθυμήσῃς·
1744 1278 1865 1332 οὐδὲ

172 1366 289 1438 γάρ
315 1365 639 1436 ὠφελήσεις.
680 1365 992 1438 Ἤμαρτες;
1026 1364 1320 1436 λυπὴθητι,
1349 1364 1539 1434 ὄφελος
1581 1365 1692 1437 γάρ
1713 1382 1726 1395 ·
1771 1366 1866 1419 καὶ

174 1451 375 1506 σκόπει
407 1450 620 1505 σύνεσιν
638 1449 778 1503 ’Θεοῦ
809 1450 904 1503 καὶ
928 1450 1139 1520 σοφίαν.
1173 1449 1278 1503 Δύο
1308 1449 1483 1505 ταῦτα
1511 1449 1696 1507 ἔτεκεν
1730 1451 1865 1523 ἡμῖν

166 1540 206 1610 ἡ
241 1537 509 1609 ἁμαρτία,
527 1536 703 1607 λύπην
729 1537 825 1591 καὶ
853 1535 1080 1608 θάνατον
1098 1555 1111 1568 ·
1135 1530 1220 1609 ⁷ῌ
1231 1537 1341 1606 γὰρ
1370 1536 1447 1591 ἂν
1470 1536 1658 1606 ἡμέρᾳ
1681 1538 1864 1608 φάγῃ,

168 1625 334 1695 φησὶ,
365 1623 599 1689 θανάτῳ
648 1622 926 1691 ἀποθανῇ
949 1639 963 1651 ·
1016 1623 1111 1678 καὶ
1152 1622 1287 1695 πρὸς
1326 1624 1426 1695 τὴν
1463 1627 1720 1694 γυναῖκα,
1763 1625 1868 1678 Ἐν

169 1715 403 1780 λύπαις
435 1712 578 1781 τέξῃ
627 1712 832 1767 τέκνα.
894 1712 1006 1767 Καὶ
1051 1712 1117 1766 δι’
1145 1711 1474 1786 ἀμφοτέρων
1526 1714 1732 1771 τούτων
1766 1716 1864 1787 τὴν

172 1801 451 1873 ἁμαρτίαν
480 1802 681 1863 ἀνεῖλε,
715 1802 811 1855 καὶ
835 1801 940 1854 ὑπὸ
967 1799 1076 1855 τῶν
1107 1800 1311 1855 τέκνων
1347 1802 1448 1873 τὴν
1513 1802 1726 1874 μητέρα
1765 1804 1865 1857 ἀπ-

169 1887 395 1942 ολέσθαι
425 1887 984 1958 παρεσκεύασεν.”οτι
1018 1888 1127 1961 γὰρ
1149 1887 1287 1960 μετά
1315 1889 1414 1960 τῆς
1440 1888 1618 1961 λύπης
1643 1891 1739 1945 καὶ
1769 1890 1863 1945 θά-

170 1994 337 2041 νατος
378 1978 652 2050 ἁμαρτίαν
699 1977 930 2049 ἀναιρεῖ,
966 1976 1122 2046 δῆλον
1154 1977 1251 2048 μὲν
1292 1978 1387 2031 καὶ
1425 1977 1534 2032 ἀπὸ
1561 1977 1671 2032 τῶν
1722 1997 1865 2052 μαρ-

168 2063 377 2135 τύρων,
410 2065 567 2137 δῆλον
593 2066 649 2119 δὲ
700 2066 793 2119 καὶ
825 2065 885 2130 ἐξ
932 2057 1007 2118 ὧν
1047 2066 1076 2117 6
1107 2063 1319 2130 Παῦλος
1351 2061 1472 2119 εἶπε
1508 2067 1644 2137 πρὸς
1682 2069 1865 2140 ἁμαρ-

167 2155 456 2219 τάνοντας,
483 2154 627 2209 οὕτω
666 2154 838 2222 λέγων
855 2172 869 2186 ο
900 2155 1005 2209 Διά
1025 2155 1202 2209 τοῦτο
1232 2156 1302 2207 ὲν
1327 2157 1472 2226 ὑμῖν
1491 2159 1714 2213 ,πολλοὶ
1763 2159 1862 2214 καί

162 2241 454 2309 ἀσθενεῖς
477 2242 573 2295 καὶ
603 2241 919 2310 ἄρρωστοι,
943 2242 1039 2295 καί
1071 2240 1390 2312 κοιμῶνται
1418 2245 1613 2299 Ικανοί
1632 2262 1644 2274 ·
1671 2246 1859 2319 ἐπειδὴ

159 2332 537 2403 ἁμαρτάνετε,
561 2331 716 2401 φησὶ,
743 2329 1053 2396 τελευτάτε,
1083 2328 1221 2385 ὥστε
1250 2334 1317 2402 τῇ
1337 2330 1562 2404 τελευτῇ
1593 2332 1660 2386 τά
1681 2335 1863 2406 ἀμαρ-

165 2422 397 2490 τήματα
447 2417 820 2473 διαλύσασθαι.
876 2419 1158 2489 Ἐπήγαγε
1194 2418 1326 2489 γοῦν
1367 2419 1567 2489 λέγων’
1625 2424 1699 2477 Εί
1749 2424 1861 2493 γὰρ

167 2506 430 2573 ἑαυτοὺς
459 2506 853 2575 διεκρίνομεν,
878 2509 991 2562 οὐκ
1023 2506 1102 2561 ἂν
1119 2507 1490 2577 ἐκρινόμεθα,
1524 2510 1858 2576 κρινόμενοι

169 2594 244 2648 δὲ
286 2594 408 2649 ὑπὸ
467 2595 574 2649 τοῦ
605 2595 828 2664 Κυρίου
881 2595 1303 2664 παιδευόμεθα,
1351 2597 1453 2650 ἵνα
1473 2595 1559 2665 μὴ
1615 2597 1739 2651 σὺν
1777 2597 1859 2664 τῷ

164 2685 384 2752 κόσμῳ
409 2682 872 2754 κατακριθῶμεν.
904 2686 1016 2739 Καὶ
1044 2685 1295 2754 καθάπερ
1323 2687 1352 2739 6
1389 2684 1604 2757 σκώληξ
1627 2687 1734 2742 ἀπὸ
1764 2686 1856 2742 τοῦ

166 2770 379 2838 ξύλουι
403 2773 662 2835 τίκτεται,
697 2775 792 2827 καὶ
839 2773 1116 2827 κατεσθίει
1145 2774 1207 2827 τὸ
1249 2773 1426 2841 ξύλον,
1459 2773 1554 2828 καὶ
1594 2774 1692 2846 σὴς
1725 2793 1858 2829 κατ⁹

163 2861 346 2915 εσθίει
367 2862 430 2914 16
461 2861 626 2933 ἔριον,
661 2861 792 2933 παρ’
813 2861 979 2916 αὑτοῦ
1008 2861 1105 2932 τὴν
1136 2863 1311 2934 ἀρχὴν
1342 2861 1481 2932 ἔχων
1500 2878 1514 2892 ο
1543 2860 1686 2916 οὕτω
1711 2862 1856 2934 λύπη

163 2949 262 3003 καὶ
291 2947 522 3012 θάνατος
560 2948 860 3020 ἐτέχθησαν
888 2949 996 3002 ἀπὸ
1025 2949 1123 3021 τῆς
1157 2950 1454 3021 ἁμαρτίας.
1487 2950 1581 3003 καὶ
1623 2950 1857 3020 κατέφα-

169 3052 271 3104 γον
305 3035 405 3106 τὴν
438 3036 734 3105 ἁμαρτίαν.
778 3034 870 3106 Μὴ
898 3035 1075 3090 τοίνυν
1104 3035 1397 3107 φοϐώμεθα
1428 3035 1681 3098 θάνατον,
1719 3037 1856 3091 ἀλλά

164 3119 470 3191 φοϐώμεθα
497 3122 771 3193 ἁμαρτίαν
796 3122 976 3192 μόνον,
999 3123 1093 3176 καὶ
1116 3124 1181 3174 δι’
1208 3122 1424 3193 ἐκείνην
1447 3122 1720 3193 ἀλγῶμεν.
1744 3125 1854 3178 Καὶ

163 3208 345 3263 ταῦτα
371 3208 517 3278 λέγω
547 3210 610 3263 ού
642 3209 814 3262 δεινόν
855 3227 908 3262 τι
940 3209 1276 3281 προσδοκῶν,
1330 3211 1403 3281 μὴ
1441 3209 1672 3277 γένοιτο,
1718 3210 1856 3285 ἀλλά

163 3294 543 3367 φοϐουμένους
567 3297 711 3367 ὑμᾶς
742 3294 914 3360 οὕτως
961 3297 1049 3350 ἀεὶ
1089 3296 1391 3350 διακεῖσθαι
1421 3295 1612 3361 θέλων,
1643 3300 1738 3354 καὶ
1764 3300 1855 3354 τὸν

162 3384 261 3439 τοῦ
304 3382 543 3456 Χριστοῦ
578 3383 741 3454 νόμον
776 3383 871 3436 ἐπὶ
901 3383 1008 3436 τῶν
1030 3383 1206 3455 ἔργων
1234 3383 1473 3455 πληροῦν
1497 3402 1510 3415 ·
1572 3386 1708 3443 Ἐὰν
1743 3386 1855 3457 γάρ

161 3488 258 3541 τις
275 3471 368 3541 μὴ
394 3470 507 3540 ἄρῃ
529 3470 638 3525 τὸν
655 3469 921 3538 σταυρὸν
938 3470 1157 3535 αὐτοῦ,
1181 3471 1280 3524 καί
1309 3472 1699 3543 ἀκολουθήσῃ
1726 3493 1850 3544 μοι,

164 3562 361 3630 φησιν,
406 3561 520 3614 οὐκ
570 3559 745 3614 ἐστιν
799 3558 947 3628 ἐμοῦ
999 3558 1190 3623 ἄξιος.
1238 3557 1410 3611 Τοῦτο
1450 3559 1495 3612 δ’
1524 3560 1712 3629 ἔλεγεν
1757 3562 1855 3635 οὐχ

165 3648 257 3703 ἴνα
280 3647 439 3713 ξύλον
459 3646 819 3718 βαστάζωμεν
846 3645 940 3698 ἐπὶ
970 3645 1078 3698 τῶν
1097 3645 1285 3716 ὤμων,
1321 3644 1434 3699 ἀλλ’
1468 3646 1554 3701 ἵνα
1579 3647 1673 3702 τὸν
1695 3648 1856 3704 θάνα-

161 3751 259 3788 τον
289 3735 380 3787 ἀεὶ
400 3734 507 3806 πρὸ
537 3734 645 3788 τῶν
676 3732 969 3805 ὀφθαλμῶν
1015 3733 1246 3805 έχωμεν,
1285 3733 1536 3806 καθάπερ
1564 3730 1659 3789 οὖν
1696 3737 1789 3790 καὶ
1822 3740 1852 3792 6

160 3819 384 3883 Παῦλος
415 3819 536 3872 καθ’
568 3820 781 3890 ἡμέραν
812 3819 1147 3889 ἀπέθνησκε,
1193 3819 1287 3872 καὶ
1325 3820 1594 3889 κατεγέλα
1621 3821 1721 3892 τῆς
1759 3840 1850 3877 τε-

160 3908 385 3979 λευτῆς,
409 3909 504 3962 καὶ
533 3908 627 3961 τοῦ
657 3908 922 3978 παρόντος
944 3905 1232 3979 ὑπερεώρα
1254 3906 1389 3977 βίου.
1425 3908 1534 3973 καὶ
1557 3907 1667 3979 γὰρ
1689 3925 1853 3981 στρα-

160 3995 372 4066 τιώτης
399 3991 467 4062 εἴ,
494 3996 588 4050 καὶ
618 3995 884 4065 διηνεκῶς
928 3995 1019 4049 ἐπὶ
1044 3995 1147 4065 τῆς
1189 3995 1547 4066 παρατάξεως
1575 3996 1812 4069 ἕστηκας
1833 4014 1849 4030 ·

163 4082 514 4154 στρατιώτης
530 4083 587 4136 δὲ
615 4082 845 4138 θάνατον
865 4081 1137 4146 δεδοικὼς,
1167 4083 1320 4136 οὐδὲν
1346 4082 1589 4137 οὐδέποτ’
1620 4085 1852 4156 ἐργάσε-

160 4186 254 4224 ται
277 4171 306 4209 δ
348 4173 593 4239 γενναῖον
618 4186 633 4200 ·
687 4168 878 4241 ὥσπερ
909 4165 1004 4223 οὖν
1047 4169 1168 4223 οὐδὲ
1207 4170 1530 4242 Χριστιανὸς
1563 4170 1850 4243 ἄνθρωπος

161 4256 451 4322 κινδύνους
470 4257 803 4329 φοϐούμενος
827 4257 1121 4331 ἐργάσεταί
1138 4276 1194 4311 τι
1225 4257 1367 4329 μέγα
1393 4259 1487 4312 καὶ
1513 4257 1845 4329 θαυμαστὸν,

160 4343 305 4398 ἀλλὰ
346 4345 485 4416 πρὸς
535 4344 745 4409 τούτοις
786 4345 879 4399 καὶ
929 4346 1252 4417 εὐχείρωτος
1307 4344 1494 4399 ἔσται’
1538 4346 1649 4400 ἀλλ’
1679 4348 1776 4419 οὐχ
1819 4351 1849 4403 6

160 4431 441 4503 τολμητὴς
469 4432 564 4486 καὶ
587 4432 966 4504 μεγαλόφρων,
984 4432 1098 4486 ἀλλ’
1114 4431 1387 4496 ἀνάλωτος
1406 4433 1555 4502 μένει
1574 4434 1664 4487 καὶ
1688 4434 1852 4490 ἀκατ-

159 4516 486 4585 αγώνιστος.
522 4519 791 4590 Καθάπερ
845 4514 940 4573 οὖν
977 4521 1026 4573 οί
1054 4518 1242 4583 παῖδες
1280 4519 1330 4571 οί
1369 4522 1519 4590 τρεῖς
1563 4519 1638 4591 μὴ
1679 4522 1847 4593 φοϐη-

160 4605 353 4670 θέντες
390 4606 452 4660 16
478 4605 610 4677 πῦρ,
644 4606 845 4675 ἔφυγον
875 4606 937 4660 16
974 4605 1118 4678 πῦρ’
1147 4605 1290 4661 οὓτω
1324 4607 1421 4660 καὶ
1454 4608 1637 4678 ἡμεῖς,
1669 4608 1735 4661 ἀν
1770 4608 1846 4680 μὴ

160 4690 494 4762 φοϐηθῶμεν
532 4691 780 4756 θάνατον,
809 4692 1206 4763 διαφευξόμεθα
1232 4692 1478 4748 θάνατον.
1513 4693 1626 4748 Ούκ
1648 4695 1847 4765 εφοϐή-

157 4776 341 4849 θησαν
384 4778 441 4831 δὲ
484 4778 546 4832 16
594 4777 727 4851 πῦρ,
746 4780 820 4843 ,ού
868 4780 979 4851 γὰρ
1020 4780 1271 4852 ἔγκλημα
1314 4779 1375 4834 16
1418 4780 1650 4852 καῆναι·
1709 4782 1846 4836 ἀλλά

157 4863 513 4936 ἐφοϐήθησαν
545 4866 644 4937 τὴν
687 4865 983 4936 ἁμαρτίαν,
1022 4864 1275 4937 ἔγκλημα
1310 4866 1419 4937 γὰρ
1449 4867 1508 4921 τὸ
1550 4867 1840 4938 ἀσεϐῆσαι.

158 4952 401 5015 Τούτους
443 4954 538 5007 καὶ
578 4955 741 5025 ἡμεῖς
768 4952 1103 5024 ζηλώσωμεν
1149 4954 1245 5006 καὶ
1286 4955 1412 5018 τοὺς
1457 4955 1578 5008 κατ’
1603 4956 1841 5021 ἐκείνους

181 5038 459 5105 ἅπαντας,
493 5041 586 5094 καὶ
635 5039 712 5113 μὴ
749 5040 1045 5113 φοϐώμεθα
1083 5040 1380 5106 κινδύνους,
1422 5044 1516 5096 καὶ
1554 5044 1839 5114 δια-,τευξό-

158 5132 306 5203 μεθα
328 5132 627 5197 κινδύνους.

227 5227 291 5273 ε’.
315 5222 439 5274 Οὐκ
463 5220 706 5291 ειμὶμὲν
724 5223 835 5292 γὰρ
855 5219 1190 5290 προφήτης,
1212 5219 1337 5275 οὔθ’
1355 5218 1487 5285 υἱὸς
1502 5222 1832 5289 προφήτου,

153 5306 216 5360 16
248 5306 437 5377 μέντοι
469 5306 662 5378 μέλλον
695 5308 812 5379 μετ’
843 5306 1128 5379 ἀκριϐείας
1153 5306 1470 5377 ἐπίσταμαι,
1495 5309 1591 5360 καὶ
1625 5311 1837 5385 μεγάλῃ

155 5395 253 5448 καὶ
277 5393 510 5466 λαμπρᾷ
537 5394 646 5466 βοῶ
672 5398 740 5467 τῇ
780 5399 954 5467 φωνῇ,
1000 5396 1082 5449 δτι
1112 5393 1162 5449 εί
1198 5393 1690 5465 μεταϐαλλοίμεθα,
1744 5401 1837 5453 καί

151 5498 280 5534 τινα
312 5481 632 5550 ἐπιμέλειαν
669 5482 769 5552 τῆς
795 5483 1076 5555 ἡμετέρας
1118 5479 1301 5552 ψυχῆς
1334 5480 1711 5552 ποιησώμεθα,
1740 5486 1836 5539 καὶ

151 5568 252 5638 τῆς
289 5569 557 5640 πονηρίας
594 5567 942 5639 ἀποστῶμεν,
970 5570 1122 5623 οὐδὲν
1158 5568 1320 5639 ἀηδὲς
1349 5566 1501 5620 ἔσται
1538 5570 1633 5623 καὶ
1664 5569 1836 5642 λυπη-

154 5655 269 5724 ρόν.

212 5799 240 5862 f'
263 5799 418 5862 ﬁam.
443 5806 495 5847 et
518 5800 670 5862 ahqm
693 5800 787 5849 ὕπὸ
817 5817 903 5851 του
937 5800 1091 5856 ξύλου.

208 5860 238 5898 δ
269 5860 405 5925 fmus
415 5860 662 5925 δεδοικώς,
686 5862 912 5925 οὐδέποτέ
928 5880 972 5909 τι
996 5862 1260 5925 ἐργάσεται.
1275 5862 1429 5911 Paulo
1453 5867 1562 5924 post
1580 5866 1682 5910 tres
1703 5876 1818 5912 mss.

150 5922 438 5981 φοϐούμενος
461 5923 738 5974 ἐπιδείξεταί
762 5940 807 5971 τι
832 5926 965 5982 μέγα.

328 5657 440 5710 Καὶ
465 5656 627 5711 τοῦτο
657 5653 775 5711 οἶδα
805 5658 990 5726 σαφῶς
1020 5658 1128 5711 ἀπὸ
1153 5656 1252 5728 τῆς
1281 5655 1374 5709 τοῦ
1400 5656 1537 5711 Θεοῦ
1564 5655 1679 5731 [67]
1715 5661 1833 5729 φιλ-

1975 402 2288 474 ανθρωπίας
2314 406 2409 460 καὶ
2423 397 2605 476 ἀφ’ὧν
2629 404 2723 458 καὶ
2748 405 2828 469 είς
2850 404 3045 477 ἄνδρας
3071 407 3165 460 καὶ
3196 406 3380 472 πόλεις
3402 408 3496 462 καὶ
3515 408 3646 478 ἔθνη

1974 495 2068 547 καὶ
2097 493 2303 564 δήμους
2327 493 2655 564 ὁλοκλήρους
2679 493 2924 565 ἐποίησε.
2963 493 3073 547 Καὶ
3094 493 3204 563 γὰρ
3226 496 3320 549 καὶ
3336 497 3404 567 τῇ
3429 496 3651 550 Νινευῖ-

1967 580 2076 633 τῶν
2099 581 2365 654 ἠπείλησε
2390 580 2565 646 πόλει,
2589 580 2686 635 καὶ
2708 576 2882 634 εἶπεν·
2906 581 3033 635 Ἔτι
3063 581 3217 649 τρεῖς
3243 582 3453 651 ⁴ἡμέραι
3476 594 3525 647 ε,
3547 586 3647 639 καί

1966 669 2173 723 Νινευτ
2189 669 2773 737 καταστραφήσεται.
2793 668 2858 721 Τί
2878 662 2992 730 οὖν,
3010 667 3132 722 εἰπέ
3152 686 3271 739 μοι;
3291 686 3423 723 κατε
3432 672 3649 745 στράφη

1968 759 2001 827 ἡ
2019 756 2224 819 Νινευῖ,
2244 758 2337 810 καὶ
2355 758 2634 828 ἀνετράπη
2656 759 2689 827 ἡ
2708 756 2859 820 πόλις
2875 773 2889 823 ;
2907 756 3228 810 Τούναντίον
3253 756 3352 828 μὲν
3366 753 3460 813 οὖν
3481 759 3649 827 ἅπαν,

1970 847 2061 901 καὶ
2081 845 2303 917 ἀνέστη,
2324 846 2416 898 καὶ
2438 844 2791 916 λαμπροτέρα
2812 845 3026 913 γέγονε,
3058 845 3150 898 καὶ
3180 844 3372 915 χρόνος
3400 847 3652 913 τοσοῦτος

1966 932 2188 987 διελθὼν
2215 934 2315 1004 τὴν
2337 931 2495 998 δόξαν
2525 933 2695 1003 αὐτῆς
2721 933 2822 987 οὐκ
2848 934 3134 1003 ἡφάνισεν,
3173 932 3308 986 ἀλλά
3335 935 3536 999 πάντες
3556 937 3653 991 αύ-

1967 1021 2065 1091 τῆν
2099 1020 2297 1090 ᾄδομεν
2325 1018 2426 1080 ἔτι,
2455 1019 2552 1074 καὶ
2581 1018 2676 1072 νῦν
2705 1019 3082 1091 θαυμάζομεν,
3116 1021 3197 1072 ὅτι
3234 1019 3397 1093 λιμήν
3424 1040 3504 1085 τις
3526 1022 3650 1095 ἀρι-

1970 1123 2094 1170 στος
2136 1107 2195 1172 ἐξ
2241 1108 2450 1160 ἐκείνου
2497 1105 2589 1160 τοῦ
2632 1107 2824 1178 χρόνου
2880 1111 2991 1170 τοῖς
3028 1108 3435 1179 ἁμαρτάνουσιν
3476 1110 3651 1166 ἀπασι

1968 1196 2212 1264 γέγονεν,
2239 1196 2338 1248 οὐκ
2370 1197 2592 1265 ἀφιεῖσα
2627 1197 2703 1259 είς
2730 1195 3040 1263 ἀπόγνωσιν
3072 1198 3355 1264 ἐμπεσεῖν,
3389 1197 3526 1253 ἀλλά
3552 1217 3652 1253 κα-

1968 1282 2134 1336 λοῦσα
2160 1281 2403 1346 ἅπαντας
2427 1283 2506 1346 είς
2538 1282 2846 1352 μετάνοιαν,
2876 1282 2972 1335 καὶ
3010 1282 3078 1335 δι’
3104 1277 3179 1335 ὧν
3202 1270 3553 1354 ἕπραξείκαὶ
3581 1287 3651 1340 δι’

1966 1362 2041 1421 ὧν
2063 1370 2344 1439 ἀπήλαυσε
2369 1369 2471 1438 τῆς
2491 1369 2584 1422 τοῦ
2614 1368 2749 1422 Θεοῦ
2778 1369 3058 1441 προνοίας,
3080 1369 3343 1424 πείθουσα
3376 1372 3650 1443 μηδέποτε

1966 1456 2066 1525 τῆς
2098 1456 2303 1520 οἰκείας
2344 1455 2742 1525 ἀπογινώσκειν
2773 1456 3069 1527 σωτηρίας.
3105 1456 3241 1509 ἀλλά
3277 1456 3389 1526 βίον
3429 1460 3651 1530 ἄριστον

1967 1543 2460 1612 ἐπιδεικνυμένους,
2511 1543 2606 1596 καὶ
2648 1544 2748 1615 τὴν
2798 1543 3009 1615 ἀγαθὴν
3043 1543 3235 1598 ἐλπίδα
3279 1544 3653 1618 προϐαλλομέ.

1968 1646 2094 1693 νους
2144 1629 2365 1702 θαρρεῖν
2416 1632 2543 1701 περὶ
2593 1628 2686 1682 τοῦ
2741 1629 2931 1693 τέλους
2990 1629 3066 1693 ὠς
3117 1631 3376 1701 ἐσομένου
3433 1634 3650 1695 πάντως

1967 1716 2226 1787 χρηστοῦ.
2297 1718 2392 1781 Τίς
2438 1718 2546 1785 γάρ
2587 1717 2687 1769 οὑκ
2734 1717 2801 1770 ἂν
2846 1717 3146 1787 ἀνασταίη,
3217 1719 3280 1771 16
3334 1721 3459 1773 κατ’
3510 1722 3653 1774 ἐκεί-

1968 1820 2088 1868 νους
2123 1803 2471 1876 παράδειγμα
2500 1802 2736 1863 ἀκούων,
2769 1801 2871 1856 κᾶν
2900 1804 3115 1857 πάντων
3145 1804 3485 1874 νωθρότατος
3516 1808 3641 1878 εἴη;
3735 1796 3741 1803 ’

1968 1891 2157 1946 Εἵλετο
2184 1891 2315 1960 γοῦν
2339 1892 2435 1962 τὴν
2458 1889 2652 1944 ἑαυτοῦ
2681 1891 2985 1962 πρόρρησιν
3007 1891 3282 1944 διαπεσεῖν
3306 1895 3336 1946 6
3369 1894 3521 1958 Θεὸς,
3555 1897 3651 1949 καὶ

1970 1977 2045 2049 μὴ
2073 1977 2347 2031 διαπεσεῖν
2375 1977 2471 2049 τὴν
2505 1976 2659 2030 πόλιν
2680 1990 2692 2003 ·
2735 1975 2932 2046 μᾶλλον
2962 1976 3018 2031 δὲ
3055 1977 3175 2030 οὐδὲ
3209 1981 3514 2049 προφητεία
3567 1980 3649 2034 δι-

1967 2065 2183 2121 έπεσεν.
2202 2066 2265 2118 El
2301 2065 2397 2135 μὲν
2428 2064 2536 2136 γὰρ
2560 2063 2653 2116 ἐπὶ
2680 2063 2781 2132 τῆς
2810 2063 2978 2134 αὐτῆς
3010 2065 3275 2135 πονηρίας
3304 2066 3411 2117 τῶν
3440 2066 3650 2138 ἀνθρώ-

1969 2170 2088 2207 πων
2136 2153 2405 2223 μενόντων
2446 2151 2546 2203 ούκ
2577 2146 2739 2219 ἐξέϐη
2773 2151 2852 2212 είς
2874 2149 3032 2218 ἔργον
3057 2150 3125 2203 τά
3168 2152 3265 2222 τῆς
3296 2153 3645 2221 ἀποφάσεως,

1963 2235 2106 2310 εἶχεν
2152 2238 2281 2301 ἴσως
2316 2238 2380 2290 ἄν
2408 2252 2489 2298 τις
2517 2234 2771 2304 ἐγκαλεῖν
2794 2238 2909 2299 τοῖς
2934 2236 3245 2308 είρημένοις
3265 2255 3277 2266 ⁸
3313 2239 3362 2291 εί
3388 2239 3447 2292 δὲ
3481 2257 3650 2310 μετα-

1965 2324 2275 2395 ϐαλομένων
2300 2321 2499 2382 αὐτῶν,
2548 2321 2644 2374 καὶ
2676 2322 2775 2392 τῆς
2800 2322 2981 2384 αἰτίας
3014 2323 3392 2387 ἀποστάντων,
3433 2325 3655 2398 ἀπέστη

1962 2412 2057 2466 καὶ
2080 2411 2180 2479 τῆς
2206 2409 2375 2481 ὀργῆς
2407 2410 2435 2461 6
2455 2407 2609 2474 Θεὸς,
2639 2408 2723 2472 τίς
2751 2407 3038 2479 δυνήσεται
3073 2406 3258 2462 λοιπὸν
3290 2408 3645 2467 ἐπιλαϐέσθαι

1960 2499 2059 2567 τῆς
2082 2494 2436 2567 προφητείας,
2467 2494 2562 2548 καὶ
2589 2492 2930 2561 καταγνῶναι
2952 2491 3149 2562 ψεῦδος
3176 2493 3287 2547 τῶν
3308 2495 3642 2568 είρημένων;

1963 2586 2073 2640 Καὶ
2104 2584 2212 2656 γὰρ
2244 2584 2335 2637 τὸν
2378 2583 2558 2652 νόμον,
2594 2582 2652 2635 ὃν
2693 2582 2753 2648 ἐξ
2780 2581 2960 2652 ἀρχῆς
2989 2581 3183 2652 έθηκεν
3209 2583 3238 2635 6
3270 2583 3399 2648 Θεὸς
3427 2585 3516 2638 διά
3544 2587 3646 2642 τοῦ

1960 2675 2239 2746 προφήτου
2278 2672 2443 2724 πᾶσιν
2478 2667 2789 2742 ἀνθρώποις
2837 2668 3218 2740 διαλεγόμενος
3244 2708 3259 2725 .
3326 2673 3513 2725 τοῦτον
3554 2676 3648 2732 καί¹

1958 2761 2079 2814 τότε
2108 2760 2415 2830 διετήρησε.
2452 2759 2546 2822 Τίς
2574 2755 2668 2812 οὖν
2699 2759 2848 2811 ἐστιν
2872 2759 2900 2821 ὀ
2922 2757 3116 2828 νόμος;
3149 2757 3341 2827 Πέρας
3367 2759 3642 2828 λαλήσω,

1960 2849 2113 2918 φησὶ,
2141 2845 2241 2899 ἐπὶ
2266 2846 2442 2912 ἔθνος
2479 2846 2577 2900 καί
2609 2845 2708 2899 ἐπὶ
2729 2845 3061 2910 ,ϐασιλείαν
3090 2845 3196 2899 τοῦ
3228 2844 3503 2914 ἐκριζοῦν
3536 2853 3644 2906 αὐ·
3684 2908 3699 2915 ί

1957 2935 2119 3001 τοὺς,
2162 2934 2260 2989 καὶ
2288 2932 2734 2988 κατασκάπτειν
2757 2934 2856 2987 καὶ
2894 2933 3263 2988 ἀπολλύεινο
3312 2934 3409 2988 καὶ
3449 2934 3643 2993 ἔσται,

1957 3025 2068 3079 ἐὰν
2091 3022 2560 3094 μετανοήσωσιν
2579 3022 2696 3078 ἀπὸ
2723 3021 2832 3091 τῆς
2859 3021 3090 3087 κακίας.
3107 3020 3461 3091 μετανοήσω
3482 3025 3649 3095 κάγὼ

1957 3112 2076 3167 ἀπὸ
2108 3111 2220 3182 τῆς
2242 3110 2445 3181 ὀργῆς,
2468 3106 2543 3181 ἧς
2571 3109 2852 3177 ἐλάλησα
2882 3107 3131 3177 ποιῆσαι
3156 3109 3385 3177 αὐτοῖς.
3445 3111 3647 3168 Τοῦτον

1957 3201 2136 3255 τοίνυν
2166 3199 2449 3269 φυλάττων
2478 3198 2566 3252 τὸν
2594 3198 2777 3270 νόμον,
2806 3197 3286 3270 μεταϐαλομένους
3315 3198 3510 3263 ἔσωσε,
3543 3205 3644 3257 καὶ

1958 3289 2299 3352 ἀποστάντας
2325 3288 2423 3359 τῆς
2453 3287 2649 3350 κακίας
2677 3285 2953 3358 ἀπήλλαξε
2980 3285 3080 3356 τῆς
3105 3286 3296 3358 ὀργῆς.
3349 3288 3504 3359 ᾜδει
3536 3290 3647 3347 τῶν

1961 3376 2251 3449 βαρϐάρων
2279 3377 2378 3446 τὴν
2397 3374 2723 3447 ἀρετὴν,διὰ
2755 3372 2913 3428 τοῦτο
2941 3372 3032 3427 τὸν
3067 3377 3355 3446 προφήτην
3377 3377 3647 3449 κατήπει.

1957 3483 2080 3535 γεν’
2117 3464 2260 3521 οὕτω
2291 3466 2386 3520 καὶ
2423 3465 2545 3518 τότε
2590 3463 2820 3516 ἐδονεῖτο
2866 3464 2899 3534 ἡ
2935 3462 3110 3526 πόλις,
3148 3464 3245 3534 τῆς
3292 3467 3650 3542 προφητικῆς

1956 3552 2232 3608 ἀκούουσα
2248 3552 2451 3622 φωνῆς,
2468 3551 2580 3603 ἀλλ’
2593 3550 2744 3604 οὐδὲν
2761 3568 2835 3605 πα
2841 3550 3103 3622 ρεϐλάϐη,
3125 3550 3260 3604 ἀλλά
3277 3552 3371 3605 καὶ
3387 3552 3646 3627 ὠφελήθη

1957 3643 2108 3715 παρὰ
2147 3640 2238 3696 τοῦ
2264 3641 2452 3713 φόϐου.
2472 3642 2528 3695 Ὀ
2550 3641 2660 3714 γάρ
2694 3639 2856 3712 φόϐος
2883 3641 3091 3705 ἐκεῖνος
3107 3641 3205 3712 τὴν
3231 3641 3506 3714 σωτηρίαν
3526 3643 3646 3697 ἔτε-

1954 3748 2080 3783 κεν·
2114 3732 2147 3802 ἡ
2177 3730 2372 3801 ἀπειλὴ
2399 3729 2491 3783 16v
2518 3730 2763 3783 κίνδυνον
2784 3728 2971 3782 ἔλυσεν
2989 3745 3003 3760 °
3051 3731 3084 3799 ἡ
3119 3729 3219 3799 τῆς
3251 3732 3650 3804 καταστροφῆς

1953 3816 2227 3885 ἀπόφασις
2240 3817 2338 3887 τὴν
2360 3814 2742 3886 καταστροφὴν
2769 3814 2899 3886 ἔστη
2909 3832 3019 3869 σεν.
3039 3815 3104 3867 Ὢ
3125 3814 3315 3870 καινοῦ
3341 3817 3436 3870 καὶ
3463 3835 3577 3890 παρ
3587 3840 3646 3876 α-

1953 3904 2103 3969 δόξου
2145 3904 2502 3974 πράγματοςο
2559 3903 2835 3970 ἀπόφασις
2878 3901 3106 3956 θάνατον
3136 3901 3454 3972 ἀπειλοῦσα,
3496 3905 3644 3977 ζωὴν

1955 3992 2157 4048 ἔτεκεν.
2179 3991 2478 4060 Ἀπόφασις
2501 3990 2638 4059 μετά
2657 3991 2718 4043 τὸ
2740 3989 3106 4059 ἐξενεχθῆναι,
3125 3989 3246 4041 τότε
3263 3989 3467 4061 ἄκυρος
3487 3992 3644 4061 γέγο-

1953 4096 2040 4131 νεν
2064 4078 2391 4141 ἀπεναντίας
2414 4079 2527 4142 τοῖς
2548 4077 2745 4142 ἔξωθεν
2763 4076 3071 4140 δικάζουσιν
3092 4091 3105 4102 ·
3136 4077 3230 4128 ἐπὶ
3254 4076 3354 4147 μὲν
3377 4078 3487 4151 γάρ
3512 4081 3639 4133 τού-

1951 4182 2058 4219 των
2092 4166 2153 4219 16
2185 4163 2581 4236 προενεχθῆναι
2614 4166 2712 4236 τὴν
2744 4163 2925 4234 ψῆφον
2951 4164 3028 4227 είς
3066 4163 3232 4234 μέσον
3266 4164 3461 4236 κυρίαν
3487 4169 3636 4220 ποιεῖ

1950 4254 2050 4324 τὴν
2071 4252 2250 4323 ψῆφον
2274 4251 2549 4321 γενέσθαι,
2577 4253 2669 4304 ἐπὶ
2696 4251 2753 4305 δὲ
2779 4250 2871 4304 τοῦ
2900 4250 3035 4304 Θεοῦ
3066 4249 3375 4305 τούναντίον
3403 4252 3464 4305 τὸ
3499 4270 3639 4325 προ-

1950 4341 2232 4413 ενεχθῆναι
2248 4342 2347 4413 τὴν
2361 4340 2562 4411 ψῆφον,
2585 4340 2742 4394 τοῦτό
2759 4342 2874 4394 ἐστι
2893 4341 2955 4394 16
2972 4340 3202 4411 ποιῆσαν
3218 4340 3387 4413 αὐτὴν
3410 4343 3634 4415 ἄκυρον.

1949 4433 2013 4486 El
2035 4430 2143 4502 γὰρ
2161 4430 2237 4501 μὴ
2254 4429 2585 4501 προηνέχθη,
2600 4431 2699 4483 οὐκ
2722 4428 3041 4499 ἀνήκουσαν
3063 4431 3112 4482 οί
3137 4430 3518 4502 ἡμαρτηκότες
3537 4448 3553 4463 ο
3583 4436 3633 4487 εξ

1947 4520 2005 4574 δὲ
2033 4520 2106 4592 μὴ
2133 4520 2392 4591 ἡκουσαν,
2418 4522 2518 4572 οὑκ
2551 4518 2617 4573 ἂν
2650 4517 3064 4590 ἀπεκρούσαντο
3084 4518 3183 4589 τὴν
3212 4522 3503 4592 τιμωρίαν,
3533 4521 3635 4576 οὐκ

1946 4610 2013 4664 ἂν
2031 4610 2354 4682 ἀπήλαυσαν
2380 4609 2480 4678 τῆς
2501 4609 2804 4680 παραδόξου
2831 4607 3104 4681 σωτηρίας
3122 4608 3355 4678 ἐκείνης.
3379 4611 3503 4675 Πῶς
3524 4613 3634 4684 γὰρ

1945 4700 2007 4753 οὐ
2047 4695 2367 4771 παράδοξος,
2395 4699 2523 4752 ὅταν
2564 4698 2593 4749 6
2627 4697 2724 4767 μὲν
2764 4695 3025 4766 δικαστὴς
3072 4697 3460 4768 ἀποφαίνηται,
3492 4702 3539 4754 οί
3574 4699 3631 4753 δὲ

1946 4786 2224 4841 κατάδικοι
2242 4786 2341 4857 τὴν
2363 4786 2635 4854 ἀπόφασιν
2659 4784 2827 4837 λύωσι
2849 4783 2937 4837 διὰ
2959 4785 3057 4856 τῆς
3089 4785 3408 4854 μετανοίας;
3434 4787 3496 4841 οὐ
3519 4786 3628 4859 γὰρ

1944 4872 2142 4943 ἔφυγον
2163 4876 2262 4945 τὴν
2290 4873 2444 4927 πόλιν
2478 4872 2730 4942 καθάπερ
2760 4871 2854 4925 καὶ
2880 4873 3040 4942 ἡμεῖς
3062 4871 3176 4935 νῦν,
3210 4872 3344 4927 ἀλλά
3372 4874 3627 4944 μένοντες

1944 4959 2197 5032 ἔστησαν.
2217 4961 2393 5030 Παγὶς
2413 4956 2499 5032 ἦν,
2523 4961 2615 5014 καὶ⁸
2635 4963 2812 5030 τεῖχος
2837 4959 3006 5031 αύτὴν
3021 4959 3285 5031 ἐποίησαν
3302 4978 3315 4991 ο
3349 4960 3623 5033 βάραθρον

1941 5044 2009 5120 ἦν
2043 5049 2138 5103 καὶ
2160 5051 2424 5122 κρημνὸς,
2455 5051 2549 5102 καὶ
2576 5048 2784 5119 πύργον
2814 5046 2983 5119 αὐτὴν
3020 5046 3133 5120 [68]
3166 5048 3467 5118 ἀσφαλείας
3495 5067 3626 5103 κατ-

1943 5135 2265 5190 εσκεύασαν.
2327 5136 2604 5189 Ἤκουσαν
2654 5136 2737 5187 ὃτι
2791 5137 3038 5187 πεσεῖται
3086 5134 3155 5188 τὰ
3191 5135 3621 5207 οἰκοδομήματα,

1941 5222 2036 5274 καὶ
2062 5225 2163 5277 οὐκ
2184 5221 2383 5292 ἔφυγον
2413 5222 2480 5274 τὰ
2503 5220 2934 5291 οἰκοδομήματα,
2976 5214 3090 5273 ἀλλ’
3118 5220 3318 5288 ἔφυγον
3349 5220 3416 5273 10
3443 5221 3623 5292 ἀμαρσ

1938 5312 2184 5382 τὴματαο
2214 5310 2316 5364 οὐκ
2337 5309 2654 5377 ἀπέστησαν
2688 5308 2919 5370 ἕκαστος
2948 5308 3056 5361 0.16
3103 5309 3202 5379 τῆς
3244 5308 3421 5372 οἰκίας
3450 5310 3617 5363 αὐτοῦ

1939 5398 2191 5469 καθάπερ
2239 5399 2397 5469 ἡμεῖς
2434 5397 2554 5462 νῦν,
2592 5395 2708 5449 ἀλλ’
2757 5396 3071 5464 ἀπέστησαν
3109 5397 3344 5459 ἕκαστος
3387 5397 3496 5450 ἀπὸ
3520 5398 3622 5470 τῆς

1936 5486 2057 5540 ὁδοῦ
2098 5486 2266 5540 αὑτοῦ
2295 5486 2398 5557 τῆς
2422 5487 2686 5557 πονηρᾶς.
2739 5484 2829 5555 Μὴ
2874 5484 2981 5552 γάρ
3013 5484 3062 5535 οί
3104 5486 3293 5552 τοῖχοι,
3325 5486 3480 5554 φησὶ,
3525 5487 3622 5557 τὴν

1936 5574 2108 5646 ὀργὴν
2168 5574 2388 5638 έτεκονς
2447 5576 2607 5645 ἡμεῖς
2668 5572 2830 5625 αἴτιοι
2884 5570 2979 5626 τοῦ
3042 5570 3394 5641 τραύματος,
3459 5576 3622 5643 ἡμεῖς

1935 5661 1995 5714 τὸ
2044 5659 2336 5732 φάρμακον
2381 5660 2902 5727 κατασκευάσωμεν.
2964 5656 3064 5709 Διά
3114 5658 3273 5711 τοῦτο
3325 5659 3387 5713 οὐ
3439 5659 3621 5714 τόπων

2000 5803 2021 5827 ⁸⁵
2049 5800 2199 5850 Savil.
2232 5806 2287 5849 el.
2309 5800 2505 5862 quidam
2544 5810 2659 5847 mss.
2697 5798 2929 5856 ἠπείλησε
2971 5799 3105 5845 πόλιν
3152 5797 3512 5860 κατᾳστρέφειν,
3541 5794 3620 5842 καὶ

1935 5862 2078 5911 εἶπεν.
2091 5897 2122 5907 ..
2143 5863 2210 5910 ἔτι
2231 5861 2353 5926 τρεῖς
2372 5862 2561 5923 ἡμέραι.
