3932 6222
264 306 337 361 ’17
880 348 883 349 ν
1051 301 1106 351 S.
1147 296 1437 355 JOANNIS
1474 293 1969 354 CIIRYSOSTOM'I
2006 291 2327 349 ARCIIIEP.
2368 289 2927 349 (IONSTANTINOP.
3657 287 3727 344 78

269 421 610 490 ίναλλαγαῖς,
657 415 796 473 ἀλλά
818 417 1035 489 τρόπων
1082 412 1351 486 μεταϐολῇ
1395 413 1493 486 τήν
1528 410 1803 484 σωτηρίαν
1823 409 1944 464 ἐπί-

271 525 606 659 ιὲῗῗῗάῦτα
622 592 672 646 οί
691 590 975 663 βάρϐαροι,
992 589 1088 642 καὶ
1114 587 1213 641 ούκ
1237 585 1601 657 αἰσχυνόμεθα
1626 585 1747 639 οὐδὲ
1777 585 1941 654 ἐγκα-

262 680 601 753 λυπτόμεθα,
643 680 866 734 ἐκείνων
916 676 1149 747 τρόπους
1194 673 1629 746 μεταϐαλόντων,
1659 676 1823 745 ήμεῖς
1855 674 1943 727 τό·

263 789 403 836 πους
431 769 771 839 ἀμείϐοντες,
786 767 879 820 καὶ
907 763 1213 836 μεθυόντων
1239 760 1544 834 ἀνθρώπων
1563 760 1703 834 ἔργα
1730 760 1947 815 ποιοῦν-

2056 409 2310 480 στήσεται
2336 408 2554 471 πάντως
2580 409 2614 480 ὴ
2635 406 2809 470 πόλις.
2835 406 2999 461 ’Ὥστε
3024 404 3126 476 τῆς
3154 404 3332 475 φυγῆς
3351 402 3503 457 ούδέν
3536 403 3730 473 ὄφελος

2052 498 2219 567 ἡμῖν·
2244 495 2365 550 οὐδὲ
2394 496 2505 567 γάρ
2536 496 2742 549 ἐκεῖνον
2776 493 3059 566 ὠφέλησεν
3123 494 3157 564 ή
3194 493 3373 564 φυγή·
3420 491 3733 545 τούναντίον

2055 584 2158 654 μὲν
2188 579 2283 638 οὖν
2312 584 2407 638 καί⁸
2432 583 2791 653 κατέϐλαψεν.
2836 583 3044 652 Ἔφυτε
3067 581 3200 652 γοῦν
3227 582 3329 653 τὴν
3366 580 3490 653 γῆν,
3517 580 3609 634 καὶ
3629 582 3733 634 οὐκ

2045 670 2216 739 ἔφυγε
2243 669 2342 742 τὴν
2365 669 2535 742 ὀργὴν
2567 669 2662 723 τοῦ
2697 669 2863 724 Θεοῦ·
2895 669 3065 739 έφυγε
3100 669 3200 741 τὴν
3222 668 3350 738 γῆν,
3379 667 3472 721 καὶ
3506 668 3600 721 τὸν
3623 685 3737 738 χει-

2051 759 2206 831 μῶνα
2236 760 2535 831 εἰσήγαγεν
2564 762 2644 824 εἰς
2672 760 2773 833 τὴν
2798 759 3077 814 θάλασσαν
3095 774 3109 788 ·
3148 759 3244 812 καὶ
3272 760 3333 812 οὐ
3370 758 3529 829 μόνον
3570 759 3736 822 αὐτὸς

262 876 381 922 τες,
414 857 510 912 καὶ
549 854 651 918 :6;
692 853 878 917 οὐσίας
912 851 1334 916 ύπεκτιθέντες;
1387 851 1446 903 ’0
1489 848 1769 919 Δεσπότης
1816 849 1948 919 ἡμῖν
2048 847 2200 901 ούδέν
2224 845 2480 901 ἀπώνατο
2514 846 2614 917 τῆς
2642 846 2824 917 φυγῆς
2854 845 3081 916 ἀγαθὸν,
3119 844 3256 899 ἀλλά
3287 846 3382 899 καὶ
3418 846 3544 909 τοῦς
3595 845 3737 898 ὓπο-

270 947 571 1018 ὸργίζεται,
599 946 694 997 καὶ
725 944 888 1014 ἡμεῖς
919 941 1149 1010 ἀφέντες
1194 937 1497 993 καταλῦσαι
1528 937 1628 1009 τὴν
1657 936 1849 1007 ὀργὴν,
1879 934 1949 988 τά
2050 934 2378 1007 δεξαμένους
2423 934 2588 990 αὐτὸν
2614 937 2696 999 εἰς
2730 934 2956 1005 ἔσχατον
2988 933 3209 988 ἐνέϐαλε
3235 932 3499 987 κίνδυνον·
3526 935 3619 988 καὶ
3643 934 3735 987 ὅτε

269 1038 369 1110 τῆς
392 1035 568 1096 οἰκίας
584 1045 611 1074 ι
637 1031 1070 1102 περιστρέφομεν
1095 1030 1186 1083 καί¹
1215 1026 1638 1101 περιερχόμεθα,
1658 1022 1951 1095 ζητοῦντες

271 1124 376 1178 ποῦ
406 1119 773 1192 καταθώμεθα
794 1117 890 1190 τὴν
910 1118 1119 1177 οὐσίαν,
1148 1116 1267 1169 δέον
1294 1118 1476 1185 ζητεῖν
1515 1112 1618 1167 ποῦ
1643 1113 1741 1185 τήν
1772 1110 1951 1181 ψυχὴν

271 1205 819 1283 παρακαταθώμεθα·
856 1203 1056 1275 μᾶλλον
1081 1202 1138 1255 δέ
1160 1202 1280 1255 ούδέ
1303 1200 1410 1273 χρὴ
1445 1198 1650 1270 ζητεῖν,
1681 1198 1798 1252 ἀλλ’
1818 1199 1890 1269 ἀρ
1901 1215 1949 1248 ε-

272 1302 336 1370 τῇ
362 1297 457 1351 καὶ
489 1294 740 1367 ὀρθότητι
772 1292 889 1363 βίου
918 1292 1016 1363 τὴν
1057 1290 1361 1360 ἀσφάλειαν
1401 1287 1570 1357 αὐτῆς
1602 1284 1949 1358 ἐγχειρίζειν.

272 1385 409 1440 υὺδέ
441 1383 550 1455 γάρ
572 1384 619 1435 εί
652 1381 788 1452 1:90;
818 1379 1038 1449 οἰκέτην
1065 1376 1433 1447 ὀργιζομένων
1460 1375 1556 1429 καὶ
1583 1372 1954 1442 ἀγανακτούν-

270 1491 382 1528 των
435 1471 612 1543 ήμῶν,
659 1468 720 1521 τὸ
770 1467 907 1537 πρὸς
952 1466 1051 1536 τήν
1110 1465 1278 1536 ὀργήν
1312 1461 1756 1531 ἀπολογήσασθαι
1796 1460 1954 1529 ἀφεὶς

265 1564 479 1623 ἐκεῖνος
509 1560 587 1620 εἰς
612 1557 700 1609 τὸν
726 1555 966 1608 οἰκίσκον
1005 1552 1096 1605 τὸν
1121 1552 1318 1606 ἐαυτοῦ
1348 1548 1646 1613 κατελθὼν,
1672 1549 1740 1603 τά
1763 1548 1957 1619 ἰμάτια

268 1651 371 1705 καὶ
402 1648 468 1701 τὰ
499 1644 701 1700 έπιπλα
737 1643 916 1696 πάντα
957 1638 1279 1707 συναγαγὼν
1343 1639 1439 1692 καὶ
1467 1638 1809 1709 καταδήσας,
1829 1634 1957 1702 περὶ

278 1737 454 1808 φυγῆς
484 1729 819 1791 ἐϐουλεύετο,
856 1725 1049 1798 πράως
1091 1727 1157 1779 ἂν
1174 1723 1492 1794 ἠνέγκαμεν
1546 1724 1643 1795 τὴν
1685 1720 1961 1792 καταφρό-

276 1842 432 1897 νησιν
463 1820 686 1891 ταύτην.
725 1811 1074 1885 Παυσώμεθα
1120 1811 1300 1865 τοίνυν
1342 1812 1441 1882 τῆς
1494 1810 1724 1881 ἀκαίρου
1753 1809 1959 1880 ταύτης

281 1912 537 1983 σπουδῆς,
570 1907 666 1963 καὶ
696 1904 940 1974 εἴπωμεν
972 1901 1205 1965 ἕκαστος
1233 1901 1371 1971 πρὸς
1390 1900 1483 1953 τὸν
1511 1899 1672 1953 Θεόν·
1703 1897 1826 1953 Ποῦ
1852 1913 1959 1951 πο-

263 1996 467 2071 ρευθῶ
490 1994 609 2052 ἀπὸ
638 1992 748 2047 τοῦ
777 1989 1119 2059 πνεύματός
1146 2001 1265 2041 σου
1284 2027 1298 2050 ,
1340 1986 1437 2040 καί
1489 1985 1609 2041 ἀπὸ
1639 1985 1746 2040 τοῦ
1776 2000 1964 2053 προσ-

276 2088 444 2140 ώπου
474 2099 592 2138 σου
618 2080 736 2135 ποῦ
760 2079 963 2148 φύτως
985 2073 1372 2147 Μιμησώμεθα
1403 2074 1503 2146 τήν
1534 2072 1642 2127 τῶν
1673 2072 1964 2146 βαρϐάρων

268 2170 630 2242 φιλοσοφίαν·
674 2167 891 2219 ἐκεῖνοι
916 2162 1004 2215 ἐπ’
1037 2160 1254 2232 ἀδήλοις
1302 2159 1671 2230 μετενόησαν·
1733 2159 1795 2212 ού
1854 2159 1965 2231 γάρ

280 2258 424 2333 εἶχεν
457 2256 777 2329 ήάπόφασις
802 2250 979 2312 τοῦτο,
997 2251 1079 2303 ὅτι
1118 2248 1244 2301 Ἐἀν
1270 2246 1657 2319 ἐπιστρέψητε,
1683 2248 1778 2300 καὶ
1807 2263 1968 2317 μετα-

270 2352 531 2422 νοήσητε,
575 2346 758 2415 στήσω
821 2340 920 2412 τὴν
968 2338 1144 2403 πόλιν,
1199 2336 1314 2392 ἀλλ’
1368 2334 1595 2399 ἁπλῶς·
1640 2337 1776 2422 ςΕτι
1810 2335 1968 2403 τρεῖς

281 2418 514 2509 ἡμέραι,
544 2433 644 2487 καί
672 2430 879 2486 Νινευῒ
900 2425 1486 2495 καταστραφήσεται.
1512 2422 1578 2476 Τί
1607 2418 1700 2477 οὖν
1734 2424 1965 2509 ἐκεῖνοι;

288 2506 403 2591 ’Ϊίίςί
431 2519 594 2577 οἶδεν
624 2522 676 2573 εἰ
713 2513 1073 2587 μετανοήσει
1104 2515 1136 2569 ὀ
1181 2511 1327 2580 Θεὸς
1347 2511 1467 2567 ἀπὸ
1500 2510 1611 2578 τῆς
1651 2511 1870 2576 κακίας
1892 2506 1968 2580 ἧς

285 2612 553 2679 ἐλάλησε
580 2605 832 2673 ποιῆσαι
852 2602 1030 2671 ἦμῖν;
1063 2599 1161 2663 Τίς
1189 2595 1367 2665 οἷδεν;
1402 2599 1516 2652 Οὐκ
1546 2598 1694 2651 ῐσασι
1725 2598 1786 2651 τὸ
1815 2597 1969 2662 τέλος

286 2700 379 2755 τοῦ
408 2698 755 2771 πράγματος,
796 2691 892 2745 καὶ
934 2690 1035 2742 οὐκ
1080 2686 1343 2758 ἀμελοῦσι
1369 2686 1471 2757 τῆς
1515 2686 1832 2757 μετανοίας·
1869 2685 1969 2738 οὐκ

288 2787 605 2842 ἰπίστανται
639 2781 737 2852 τῆς
770 2776 865 2831 :06
897 2774 1034 2830 Θεοῦ
1072 2772 1484 2845 φιλανθρωπίας
1508 2771 1600 2826 τὸν
1621 2773 1844 2843 τρόπον,
1874 2773 1970 2826 καὶ

290 2877 373 2930 ἐπ’
401 2873 616 2944 ἀδήλοις
649 2864 1102 2940 μεταϐάλλονται·
1135 2861 1257 2915 οὑδὶ
1282 2860 1392 2933 γὰρ
1420 2855 1568 2931 εἰχον
1591 2860 1727 2932 πρὸς
1752 2861 1971 2932 ἐτέρους

289 2962 579 3023 Νινευῖτας
615 2956 744 3011 ἰδεῖν
778 2953 1217 3025 μετανοήσαντας
1254 2949 1346 3003 καὶ
1378 2946 1672 3011 σωθέντας,
1702 2946 1823 3000 οὐδὲ
1871 2948 1969 3002 ἀν-

291 3053 531 3121 έγνωσαν
555 3045 862 3117 προφήτας,
887 3039 1008 3094 οὐδὲ
1026 3040 1271 3111 ήκουσαν
1300 3035 1653 3109 πατριαρχῶν
1673 3075 1687 3100 ,
1718 3035 1817 3089 οὐκ
1837 3037 1968 3121 ζάπ-

290 3119 531 3209 ήλαυσαν
558 3130 889 3204 συμϐουλῆς,
917 3129 976 3183 οὐ
1001 3129 1259 3198 μετέσχον
1275 3124 1662 3197 παραινέσεως,
1693 3123 1813 3177 οὑδέ
1831 3119 1970 3197 ἦσαν

291 3221 615 3284 πεπεικότες
658 3218 905 3281 ἐαυτοὸς,
946 3216 1029 3269 ὅτι
1057 3213 1275 3277 πάντως
1312 3211 1688 3280 ἐξιλεώσονται
1712 3212 1804 3266 τὸν
1838 3212 1971 3266 Θεὸν

290 3317 358 3386 τῇ
385 3308 670 3383 μετανοίᾳ·
701 3304 823 3359 οὐδὲ
881 3303 992 3375 γάρ
1026 3295 1140 3373 εἶχε
1168 3299 1327 3355 τοῦτο
1352 3300 1387 3371 ή
1419 3298 1618 3371 ἀπειλή
1687 3299 1800 3353 ἀλλ’
1826 3300 1974 3372 ἀμφ-

291 3400 514 3456 έϐαλλον
543 3398 639 3451 καὶ
689 3392 1070 3466 ἡμφισϐήτουν
1107 3390 1235 3463 περί
1268 3387 1481 3455 τούτου,
1515 3388 1608 3441 καὶ
1646 3389 1796 3459 ὅμως
1843 3405 1973 3459 μετ-

292 3489 519 3560 ενόησαν
540 3484 655 3556 μετ’
668 3479 954 3554 ἀκριϐείας
976 3477 1212 3550 ἀπάσης.
1238 3476 1336 3541 Τίς
1354 3472 1448 3531 οὖν
1471 3475 1621 3530 ἔσται
1639 3474 1796 3545 λόγος
1819 3478 1972 3547 ἡμῖν,

291 3580 420 3632 ὅταν
445 3578 494 3628 οἰ
524 3575 620 3645 μὲν
638 3571 766 3643 περὶ
779 3568 875 3623 τοῦ
909 3569 1098 3632 τέλους
1126 3567 1350 3640 θαρρεῖν
1377 3566 1479 3620 οὐκ
1507 3565 1743 3637 ἔχοντες,
1775 3567 1972 3621 τοσαύ-

292 3682 392 3735 την
426 3655 904 3728 ἐπιδεδειγμένοιδ
935 3656 1229 3725 φαίνωνται
1254 3652 1352 3725 τήν
1388 3652 1713 3724 μεταϐολὴν,
1754 3655 1817 3707 σὺ
1853 3653 1910 3707 δὲ
1946 3656 1975 3708 6

296 3751 521 3825 θαρρεῖν
541 3747 681 3819 έχων
704 3745 832 3816 περὶ
858 3743 956 3814 τῆς
979 3741 1390 3813 φιλανθρωπίας
1403 3740 1499 3795 τοῦ
1524 3740 1659 3795 Θεοῦ
1682 3743 1775 3795 καὶ
1807 3742 1976 3797 πολλά

296 3838 554 3900 πολλάκις
581 3834 810 3906 ἐνέχυρα
828 3828 1009 3887 λαϐὼν
1031 3830 1196 3885 αύτοῦ
1219 3830 1318 3901 τῆς
1338 3829 1692 3901 κηδεμονίας.
1721 3831 1814 3883 καὶ
1844 3848 1977 3903 προ-

295 3930 481 4003 φητῶν
512 3927 607 3981 καὶ
629 3923 943 3980 ἀποστόλων
964 3921 1223 3985 ἀκούσας,
1244 3920 1338 3973 καὶ
1363 3920 1427 3973 δι’
1459 3918 1637 3974 αὐτῶν
1666 3919 1978 3984 παιδευθεὶς

296 4020 404 4075 τῶν
434 4016 798 4090 πραγμάτων,
829 4011 966 4084 μηδέ
995 4009 1132 4083 πρὸς
1151 4009 1212 4063 τὸ
1243 4008 1374 4062 αὐτὸ
1403 4007 1504 4079 τῆς
1520 4008 1721 4080 ἀρετῆς
1747 4006 1977 4072 ἐκείνοις

300 4089 494 4179 μέτρον
517 4102 718 4173 φθάσαι
733 4110 755 4139 ο
776 4097 1159 4169 φιλονεικήσῃς
1179 4113 1193 4162 ;
1221 4094 1448 4165 Μεγάλη
1471 4094 1570 4166 μὲν
1590 4089 1682 4147 οὖν
1702 4093 1797 4148 καὶ
1817 4096 1849 4165 ή
1867 4093 1976 4147 τῶν

296 4191 600 4264 ἀνθρώπων
618 4188 823 4241 τούτων
839 4186 1031 4259 ἀρετὴ,
1050 4183 1231 4255 πολλῷ
1248 4184 1303 4237 δὲ
1324 4181 1526 4253 μείζων
1543 4183 1575 4253 ή
1592 4181 1685 4235 τοῦ
1701 4180 1835 4235 Θεοῦ
1858 4180 1977 4250 φιλο

296 4278 601 4352 ανθρωπία,
630 4276 727 4329 καὶ
753 4273 955 4343 ταύτην
970 4272 1064 4326 ἀπ’
1080 4271 1244 4327 αὑτοῦ
1267 4270 1362 4325 :06
1395 4269 1659 4341 μεγέθους
1697 4272 1796 4339 τῆς
1814 4271 1974 4322 ἀπει-

295 4366 395 4440 λῆς
415 4368 562 4420 ἐστιν
597 4366 745 4419 ἰδεῖν.
764 4363 863 4416 Διὰ
898 4359 1011 4434 [69]
1043 4361 1152 4433 γὰρ
1170 4360 1330 4414 τοῦτο
1349 4360 1409 4414 οὐ
1429 4358 1737 4431 προσέθηκε
1754 4359 1819 4428 τῇ
1843 4359 1973 4411 61:0-

298 4452 719 4524 φάσει,ὄτιἙάν
748 4450 804 4503 δὲ
831 4449 1221 4520 μετανοήσητε.
1257 4446 1535 4516 φείσομαι,
1563 4444 1649 4498 ἵνα
1677 4445 1975 4516 ἀδιόριστον

299 4546 325 4597 ἐ
334 4540 551 4612 μϐαλὼν
575 4541 673 4611 τὴν
686 4538 887 4610 ψῆφον,
906 4537 1112 4609 αὐξήσῃ
1137 4536 1228 4589 τὸν
1250 4534 1433 4605 φόϐον,
1457 4533 1553 4587 1:61
1575 4532 1665 4586 :0v
1694 4533 1854 4600 φόϐον
1876 4533 1973 4586 αύ-

301 4629 789 4703 ξήσας,ταχύτερον
804 4625 937 4698 πρὸς
952 4625 1049 4695 τὴν
1073 4623 1359 4696 μετάνοιαν
1383 4621 1854 4694 συνωθήσῃ.Καίό
1878 4622 1974 4690 μὲν

300 4719 586 4792 προφήτης
602 4715 938 4786 αἰσχύνεται,
972 4712 1033 4765 τὸ
1057 4710 1247 4782 μέλλον
1271 4707 1553 4783 προειδὼς,
1588 4708 1683 4761 καί
1717 4708 1975 4778 στοχαζό-

304 4822 463 4878 μενος
500 4804 574 4868 ῶς
623 4803 886 4856 ἀτέλεστα
926 4800 1077 4869 μενεῖ
1114 4798 1184 4851 :6
1232 4795 1532 4868 εἰρημένα·
1566 4797 1597 4849 6
1626 4795 1683 4848 δέ
1711 4794 1845 4857 Θεὸς
1875 4795 1975 4849 οὐκ

302 4892 641 4965 αἰσχύνεται,
670 4888 783 4942 ἀλλ’
812 4887 870 4941 ἓν
894 4887 1053 4957 μόνον
1074 4886 1245 4957 ζητεῖ,
1273 4884 1373 4955 τὴν
1402 4882 1510 4937 τῶν
1528 4881 1833 4955 ἀνθρώπων
1869 4900 1975 4937 σω-

300 4980 518 5053 τηρίαν,
554 4979 649 5032 καὶ
679 4976 772 5030 τὸν
811 4975 1030 5046 οἰκέτην
1061 4973 1153 5027 τὸν
1185 4970 1379 5025 ἐαυτοῦ
1416 4969 1741 5042 διορθοῦται.
1797 4970 1976 5023 Ἐπει-

303 5069 368 5142 δή
399 5069 507 5141 γάρ
534 5069 616 5131 εἰς
646 5064 708 5120 τὸ
733 5064 913 5118 πλοῖον
942 5061 1189 5135 εἰσῆλθεν
1215 5063 1441 5125 ἐκεῖνος,
1470 5057 1742 5131 διήγειρεν
1773 5059 1975 5123 εὐθέως

302 5158 401 5229 τὴν
427 5155 729 5218 θάλατταν,
764 5153 852 5206 ἵνα
884 5152 1081 5223 μάθῃς,
1125 5151 1207 5203 ὅτι
1236 5147 1670 5229 ὃπουιάμαρτῖα,
1701 5149 1819 5201 ἐκεῖ
1858 5164 1974 5218 χει-

308 5243 442 5315 μὼν,
485 5242 616 5295 ὅπου
647 5238 920 5312 παρακοὴ,
941 5240 1057 5292 ἐκεῖ
1082 5225 1399 5291 κλυδώνιον·
1433 5236 1527 5288 καὶ
1559 5233 1844 5289 ἐσαλεύετο
1874 5235 1974 5304 μὲν

303 5333 337 5402 ή
370 5330 522 5392 πόλις
554 5328 641 5382 6:6
677 5328 745 5381 :6
774 5328 1145 5398 ἁμαρτήματα
1175 5323 1281 5376 τῶν
1319 5320 1635 5382 Νινευῖτῶν,
1688 5321 1976 5375 ἐσαλεύετο

303 5418 360 5471 δὲ
390 5418 449 5471 τὸ
470 5416 651 5470 πλοῖον
672 5415 762 5469 6:6
788 5414 885 5486 τὴν
917 5415 1201 5485 παρακοήν
1230 5410 1324 5464 τοῦ
1357 5410 1663 5481 προφήτου.
1742 5408 1973 5462 Ἐκεῖνοι

276 5510 279 5515 ⁴
308 5505 408 5574 μὲν
437 5501 527 5557 οὗν
563 5504 653 5557 τὸν
690 5503 874 5557 Ἰωνᾶν
904 5504 984 5565 εἰς
1028 5501 1087 5555 :0
1130 5499 1361 5567 πέλαγος
1412 5494 1669 5567 ἔρριψαν,
1702 5495 1797 5548 καὶ
1843 5494 1974 5565 έστη

304 5594 366 5647 :0
388 5594 570 5646 πλοῖον
588 5612 601 5624 ·
620 5596 781 5664 ἡμεῖς
807 5592 864 5646 δὲ
894 5593 992 5662 τὴν
1027 5589 1301 5661 ἁμαρτίαν
1331 5583 1838 5653 καταποντίσωμεν,
1880 5587 1975 5637 καὶ

366 5718 393 5746 ⁸
418 5718 564 5763 Snvil.
591 5722 643 5763 el
668 5715 867 5775 plurimi
889 5727 1004 5760 mss.
1024 5713 1087 5759 τὰ
1111 5711 1289 5775 ἐπὶμτῇς
1311 5706 1478 5775 οἰκίας.

367 5778 394 5818 b
420 5778 571 5827 εει-11.
597 5784 649 5825 el
666 5766 839 5824 ὸωιιρε
852 5774 1077 5822 feremss.
1104 5770 1485 5831 ἐπιδεδειγμένοι,
1514 5766 1685 5816 Morel.
1712 5767 1974 5816 ἐπιδεικνύ-

308 5858 454 5905 μενοι.

374 5908 395 5932 ο
419 5901 501 5948 Sin
522 5897 677 5947 Savil.
705 5904 755 5945 et
788 5910 903 5943 mse.
930 5894 1144 5956 plurimi,
1169 5892 1340 5942 Morel.
1370 5903 1486 5941 vero
1512 5890 1586 5955 {Lis
1600 5906 1680 5955 ρον
1706 5889 1866 5939 ἐλθεῖν.
1896 5890 1972 5940 ln-

312 5968 379 6017 fra
402 5962 596 6025 quidam
621 5974 719 6008 mss
765 5959 977 6008 ἐκϐαλὼν
1001 5958 1085 6013 τὴν
1108 5959 1279 6017 ‘67.?“-

2055 1030 2152 1099 μὲν
2193 1029 2286 1082 ἐπὶ
2322 1025 2414 1080 :06
2455 1024 2641 1079 πλοίου
2684 1024 3000 1096 καθήμενος
3031 1023 3218 1087 έπλει,
3263 1022 3358 1077 καὶ
3401 1022 3595 1076 ναῦται
3639 1025 3738 1078 καὶ

2053 1115 2382 1190 κυϐερνῆται
2407 1113 2684 1187 παρῆσαν,
2706 1114 2802 1167 καὶ
2828 1112 3018 1167 άπασα
3042 1114 3143 1184 τῆς
3165 1110 3293 1182 νηὸς
3348 1113 3381 1182 ή
3422 1113 3738 1184 κατασκευὴ

2054 1204 2186 1277 περὶ
2213 1202 2322 1259 τῶν
2345 1203 2592 1274 ἐσχάτων
2621 1200 2994 1256 ἐκινδύνευσεν
3015 1217 3031 1232 ·
3067 1199 3256 1271 ἐπειδὴ
3287 1199 3344 1253 δὲ
3373 1200 3455 1263 εἰς
3475 1200 3536 1253 :0
3570 1200 3742 1253 πέλα-

2054 1309 2151 1362 γος
2176 1290 2646 1356 καταποντισθεὶς,
2672 1290 2765 1343 καὶ
2795 1290 2896 1360 τὴν
2921 1287 3197 1360 ἁμαρτίαν
3225 1286 3314 1341 6:6
3340 1287 3442 1357 τῆς
3465 1287 3740 1359 τιμωρίας

2055 1378 2423 1450 ἀποθέμενος,
2453 1379 2534 1441 εἰς
2563 1377 2624 1430 :0
2650 1376 3048 1448 ἀτερμάτιστον
3069 1373 3378 1445 κατηνέχθη
3413 1373 3740 1446 πλοῖον,τὴν

2055 1467 2302 1539 γαστέρα
2326 1466 2470 1539 φημὶ
2495 1465 2589 1519 τοῦ
2616 1465 2839 1538 κήτους,
2863 1463 3065 1535 πολλῆς
3090 1464 3372 1534 ἀπήλαυσε
3394 1466 3494 1534 τῆς
3514 1463 3699 1526 ἀδείας
3719 1480 3736 1493 ·

2058 1555 2145 1610 ἵνα
2180 1554 2378 1627 μάθῃς.
2402 1554 2485 1608 ὅτι
2511 1552 2700 1625 ῶσπερ
2727 1553 2820 1606 τὸν
2841 1554 2899 1606 ἐν
2932 1552 3177 1623 ἁμαρτίᾳ
3197 1550 3377 1615 ζῶντα
3402 1551 3525 1604 οὐδὲ
3551 1551 3740 1604 πλοῖον

2057 1642 2293 1712 ὠφελεῖ,
2342 1641 2487 1697 οῦτω
2532 1641 2625 1696 τὸν
2667 1642 2769 1713 τὴν
2800 1643 3075 1714 ἁμαρτίαν
3119 1639 3458 1712 ἀποθέμενον
3486 1639 3606 1693 οὐδὲ
3638 1639 3742 1701 θά-

2058 1731 2230 1785 λαττα
2272 1728 2590 1796 ἀπόλλυσιν,
2642 1729 2764 1784 οὐδὲ
2814 1729 2979 1801 θηρία
3016 1727 3339 1799 διαφθείρει.
3380 1726 3581 1781 Ἔλαϐε
3606 1725 3743 1796 γοῦδ

2061 1819 2221 1872 αὑτὸν
2253 1819 2322 1872 :6
2353 1818 2593 1889 κύματα,
2626 1818 2723 1871 καὶ
2759 1817 2860 1870 οὐκ
2895 1814 3220 1881 ἀπέπνιξεν·
3267 1814 3426 1868 ἔλαϐε
3458 1814 3520 1868 τὸ
3552 1816 3739 1886 κῆτος,

2063 1905 2157 1959 καὶ
2181 1906 2280 1959 ούκ
2304 1904 2533 1959 ἀνεῖλεν·
2552 1904 2686 1960 ἀλλά
2710 1905 2804 1958 καὶ
2824 1904 2888 1957 τὸ
2907 1902 3066 1969 ζῶον,
3094 1903 3189 1958 1:61
3212 1902 3275 1956 :0
3306 1905 3567 1974 στοιχεῖον
3593 1901 3742 1957 σώαν

2063 1991 2140 2063 τῷ
2158 1991 2277 2063 Θεῷ
2296 1992 2394 2064 τὴν
2429 1991 2900 2064 παρακαταθήκην
2933 1990 3206 2055 ἀπέδωκε,
3245 1989 3339 2044 καὶ
3369 1990 3458 2043 διὰ
3519 1990 3743 2045 πάντων

2064 2081 2335 2153 ἐμάνθανε
2354 2080 2737 2155 φιλάνθρωπος
2756 2082 2851 2135 καὶ
2870 2081 3080 2152 ἥμερος
3108 2073 3247 2133 εἶναι
3267 2081 3296 2133 6
3321 2079 3623 2151 προφήτης,
3645 2079 3741 2132 καί¹

2068 2170 2208 2241 μήτε
2250 2169 2461 2223 ναυτῶν
2493 2170 2736 2241 ἀνοήτων
2760 2209 2775 2235 ,
2813 2170 2950 2240 μήτε
3008 2166 3270 2239 κυμάτων
3313 2166 3553 2239 ἀγρίων,
3601 2167 3741 2239 μήτε

2066 2257 2271 2330 θηρίων
2296 2258 2576 2330 ὠμότερος
2626 2252 2785 2311 εἷναι.
2810 2257 2921 2310 Καὶ
2943 2255 3054 2326 γάρ
3079 2256 3128 2309 οἰ
3155 2253 3347 2310 ναῦται
3370 2255 3472 2307 οὐκ
3500 2257 3563 2308 ἐκ
3594 2254 3746 2326 πρώ-

2064 2362 2165 2415 της
2191 2346 2413 2411 εὐθέως,
2456 2344 2595 2399 άλλά
2643 2344 2780 2417 μετά
2806 2344 3009 2415 πολλὴν
3034 2343 3196 2396 αὐτὸν
3227 2343 3472 2414 ἀνάγκην
3500 2342 3745 2413 1:906:30)-

2067 2451 2192 2499 καν,
2227 2435 2321 2488 καὶ
2342 2436 2376 2506 ή
2418 2434 2656 2488 θάλαττα
2687 2434 2745 2487 δέ
2776 2433 2874 2488 καὶ
2910 2432 2971 2485 :0
3001 2432 3189 2503 θηρίον
3231 2432 3370 2501 μετά
3421 2430 3622 2502 πολλῆς
3643 2431 3742 2503 τῆς

2069 2510 2282 2587 εύνοίας
2307 2522 2602 2591 ἐφύλαξαν,
2649 2520 2745 2575 τοῦ
2777 2519 2915 2574 Θεοῦ
2958 2520 3137 2574 πάντα
3166 2519 3341 2573 ταῦτα
3393 2518 3744 2590 οἰκονομοῦν-

2068 2629 2179 2675 τος.
2225 2611 2528 2682 Ἐπανῆλθε
2564 2610 2765 2675 τοίνυν,
2814 2608 3101 2683 ἐκήρυξεν,
3145 2606 3462 2679 ἠπείλησεν,
3503 2607 3743 2669 ἔπεισεν,

2071 2697 2294 2761 ἔσωσεν,
2316 2697 2573 2768 ἐφόϐησε,
2605 2695 2936 2769 διωρθωσεν,
2968 2696 3198 2766 ἔστησεν
3226 2694 3285 2759 ἐξ
3312 2693 3431 2757 ἐνὸς
3464 2694 3558 2746 καὶ
3593 2694 3747 2763 1:96:-

2068 2803 2164 2839 του
2201 2785 2577 2857 κηρύγματος.
2615 2785 2692 2838 Οὐ
2723 2784 2834 2855 γὰρ
2866 2784 3057 2854 ἐδεήθη
3110 2782 3317 2836 πολλῶν
3366 2780 3587 2852 ήμερῶν
3624 2780 3747 2834 οὐδὲ

2072 2870 2330 2945 συνεχοῦς
2364 2872 2693 2945 συμϐουλῆς,
2711 2872 2847 2927 ἀλλά
2875 2870 2943 2925 :6
2960 2870 3090 2940 ψιλά
3123 2871 3304 2922 ἐκεῖνα
3334 2866 3505 2921 εἰπὼν
3526 2869 3745 2939 ῥήματα

2072 2962 2279 3025 πάντας
2313 2961 2394 3024 εἰς
2424 2960 2708 3032 μετάνοιαν
2736 2959 2932 3031 ήγαγε.
2969 2958 3069 3011 Διὰ
3114 2956 3272 3009 τοῦτο
3303 2955 3467 3009 αὑτὸν
3514 2955 3614 3008 οὐκ
3653 2956 3743 3008 εύ-

2073 3047 2210 3113 θέως
2242 3049 2308 3102 ἐκ
2330 3048 2425 3102 τοῦ
2450 3047 2635 3101 πλοίου
2655 3049 2734 3112 εἰς
2757 3047 2855 3118 τὴν
2889 3046 3043 3098 πόλιν
3068 3042 3508 3115 ἐχειραγώγησεν
3530 3043 3559 3094 6
3591 3041 3745 3105 Θεὸς,

2072 3140 2209 3197 ἀλλά
2240 3140 2561 3213 παρέδωκαν
2596 3139 2647 3192 οί
2678 3136 2868 3191 ναῦται
2905 3139 2972 3206 τῇ
3013 3134 3274 3205 θαλάττῃ.
3297 3134 3332 3203 ἡ
3386 3132 3626 3186 θάλαττα
3670 3132 3748 3204 τῷ

2073 3231 2250 3300 κήτει,
2275 3228 2336 3282 τὸ
2357 3227 2520 3299 κῆτος
2546 3225 2624 3296 τῷ
2650 3223 2791 3295 Θεῷ,
2817 3225 2847 3276 6
2868 3221 3002 3287 Θεὸς
3026 3224 3140 3285 τοῖς
3168 3219 3501 3282 Νινευῖταις,
3537 3220 3631 3272 καὶ⁵
3659 3219 3749 3273 6:6

2078 3317 2296 3388 μακρᾶς
2315 3314 2411 3385 τῆς
2433 3310 2682 3384 περιόδου
2708 3309 2736 3350 δ
2764 3310 2855 3364 τὸν
2878 3308 3092 3381 φυγάδα
3110 3308 3476 3379 ἐπανήγαγεν,
3503 3307 3592 3360 ῖνα
3613 3308 3746 3359 πάν-

2074 3421 2173 3466 τας
2215 3400 2500 3471 παιδεύσῃ,
2548 3399 2631 3453 ὃτι
2674 3396 2810 3451 Θεοῦ
2854 3399 3042 3468 χεῖρας
3080 3398 3270 3466 φυγεῖν
3310 3397 3613 3467 ἀμήχανον,
3662 3396 3751 3449 ὅτι

2074 3492 2318 3561 ὅπουπερ
2349 3488 2415 3542 ἀν
2443 3505 2526 3551 τις
2565 3486 2851 3556 ἀφίκηται,
2882 3485 2981 3555 τὴν
3030 3484 3302 3556 ἁμαρτίαν
3330 3483 3745 3554 ἐπισυρόμενος,

2080 3578 2248 3650 μυρία
2278 3576 2646 3646 ὑποστήσεται
2671 3574 2740 3628 :6
2772 3573 2944 3636 δεινά,
2975 3571 3079 3626 κᾶν
3096 3571 3209 3625 τῶν
3236 3569 3538 3642 ἀνθρώπων
3558 3569 3749 3640 μηδεὶς

2076 3668 2249 3737 παρῇ,
2273 3662 2408 3735 αύτὴ
2429 3660 2763 3732 πανταχόθεν
2782 3662 2816 3732 ή
2846 3659 3022 3723 κτίσις
3035 3659 3417 3729 ἀντιστήσεται
3450 3655 3588 3728 μετά
3614 3657 3747 3710 πολ-

2075 3753 2174 3825 λῆς
2194 3753 2341 3823 αὐτῷ
2362 3751 2463 3821 τῆς
2488 3748 2869 3823 σφοδρότητος.
2897 3746 2989 3818 Μὴ
3012 3747 3191 3799 τοίνυν
3217 3748 3284 3817 τῇ
3319 3747 3463 3817 φυγῇ
3513 3745 3613 3815 τὴν
3640 3761 3749 3799 σω-

2075 3859 2143 3913 τη
2150 3842 2272 3914 ρίαν
2296 3839 2456 3912 ήμῶν
2479 3837 2895 3911 ἐγχειρίσωμεν,
2918 3834 3054 3889 ἀλλὰ
3071 3836 3139 3905 τῇ
3160 3832 3255 3887 τοῦ
3284 3834 3488 3905 τρόπου
3515 3832 3748 3904 μεταϐο-

2076 3931 2161 4001 λῇ.
2183 3930 2296 4004 [701
2322 3928 2414 4000 Μή
2429 3927 2558 4000 γὰρ,
2578 3924 2763 3995 ἐπειδὴ
2782 3924 2963 3995 μένεις
2979 3924 3036 3976 ὲν
3059 3925 3125 3994 τῇ
3143 3921 3321 3983 πόλει,
3346 3920 3432 3975 6:6
3446 3920 3752 3991 :06:01:69-

2079 4015 2323 4083 οξύνεται
2348 4008 2379 4061 ὁ
2408 4014 2560 4077 Θεὸς,
2593 4012 2681 4066 ίνα
2711 4009 2891 4083 φύγῃς
2914 4008 3163 4077 ξἘπειδὴ
3184 4009 3452 4079 ἥμαρτες,
3475 4007 3563 4060 διὰ
3591 4006 3752 4061 τοῦτο

2079 4105 2393 4175 ἀγανακτεῖ.
2419 4101 2628 4155 Οὐκοῦν
2652 4100 2749 4171 τὴν
2778 4096 3052 4169 ἁμαρτίαν
3085 4095 3310 4156 ἀπόθου,
3338 4096 3433 4149 καί
3460 4094 3582 4148 ὃθεν
3604 4097 3638 4165 ή
3661 4096 3750 4149 αἰ-

2074 4193 2167 4247 τία
2184 4193 2262 4264 τῷ
2280 4190 2576 4263 τραύματι,
2605 4186 2813 4241 ἐκεῖθεν
2838 4183 3150 4240 ἀνάστειλον
3191 4181 3285 4236 τοῦ
3315 4182 3487 4236 κακοῦ
3511 4182 3612 4253 τὴν
3643 4201 3753 4254 πη-

2076 4285 2201 4353 γήν⁹
2224 4281 2291 4335 :6
2311 4279 2419 4350 γὰρ
2440 4276 2657 4331 ἐναντία
2671 4277 2784 4339 τοῖς
2804 4272 3067 4336 ἐναντίοις
3088 4269 3411 4342 θεραπεύειν
3428 4271 3521 4325 καὶ
3549 4272 3751 4343 ἰατρῶν

2078 4369 2266 4432 παῖδες
2291 4367 2619 4422 κελεύουσιν.
2663 4362 2752 4429 Ἐξ
2785 4359 3092 4432 ἀδηφαγίας
3122 4354 3215 4413 οῦν
3250 4357 3439 4429 ἐτέχθη
3480 4359 3750 4432 πυρετόςς

2075 4463 2261 4533 ἀσιτίᾳ.
2290 4457 2633 4531 μεθοδεύουσι
2660 4452 2719 4508 τὸ
2751 4453 2984 4523 νόσημα.
3040 4448 3130 4514 Ἐξ
3159 4448 3393 4521 ἀθυμίας
3426 4449 3751 4521 ἡρῤιῦστησέ

2075 4568 2186 4613 τιςς
2213 4547 2477 4619 εὐθυμίαν
2516 4544 2689 4613 τούτῳ
2712 4542 3004 4613 φάρμακον
3050 4538 3355 4609 ἐπιτήδειον
3399 4534 3537 4591 εἷναί
3562 4555 3748 4607 φασιν.

2079 4638 2235 4693 Οὕτω
2269 4638 2366 4690 1:61
2395 4634 2488 4688 ἐπὶ
2534 4633 2642 4686 τῶν
2678 4629 2777 4700 τῆς
2808 4629 2985 4700 ψυχῆς
3027 4627 3349 4698 νοσημάτων
3393 4630 3565 4680 ποιεῖν
3618 4629 3747 4699 χρή.

2088 4720 2357 4796 Ῥᾳθυμία
2382 4721 2481 4792 τὴν
2504 4718 2672 4790 ὀργὴν
2699 4718 2924 4788 ήγειρες
2981 4712 3183 4785 σπουδῇ
3217 4712 3421 4784 ταύτην
3477 4715 3755 4785 ἀποκρου-

2079 4810 2320 4883 σὼμεθα,
2340 4809 2431 4862 καί
2453 4806 2654 4877 πολλὴν
2674 4800 3074 4873 ἐπιδειξώμεθα
3105 4801 3204 4874 τήν
3240 4800 3562 4873 μεταϐολήν.
3590 4803 3755 4871 Ἐχο-

2081 4919 2180 4974 μεν
2212 4899 2403 4971 βοηθὸν
2440 4896 2701 4968 μεγίστην
2734 4895 2828 4949 καί
2875 4894 3165 4965 σύμμαχον
3198 4893 3295 4965 τὴν
3332 4894 3585 4965 νηστείαν
3608 4935 3622 4954 ,
3655 4894 3753 4946 καὶ

2082 4987 2219 5061 μετά
2244 4986 2344 5057 τῆς
2366 4982 2618 5056 νηστείας
2638 4981 2738 5053 τὴν
2764 4981 3126 5051 ἐπικειμένην
3150 4980 3387 5046 ἀγωνίαν
3422 4982 3516 5034 καὶ
3535 4980 3625 5033 τὸν
3653 4979 3751 5032 τοῦ

2077 5074 2323 5132 κινδύνου
2356 5071 2538 5143 φόϐον.
2569 5068 2918 5141 Ἐπιθώμεθα
2948 5068 3125 5123 τοίνυν
3152 5071 3217 5139 τῇ
3240 5068 3385 5139 ψυχῇ
3414 5068 3510 5123 νῦν
3533 5071 3613 5132 εἰς
3628 5085 3753 5121 καί..

2061 5164 2171 5236 ,ρόν
2190 5177 2205 5193 ·
2243 5161 2337 5215 καὶ
2364 5159 2472 5230 γάρ
2500 5156 2736 5220 εὐκόλως
2768 5156 2940 5226 αὐτὴν
2976 5154 3317 5225 δυνησόμεθα
3357 5156 3544 5208 πεῖσαι
3572 5154 3751 5209 πάντα

2076 5252 2178 5305 ὅσα
2208 5248 2273 5304 ἂν
2307 5247 2570 5318 θέλωμεν.
2615 5245 2672 5299 '0
2696 5243 2804 5315 γάρ
2835 5242 3088 5314 περιδεὴς
3115 5242 3209 5295 καὶ
3237 5241 3455 5313 τρέμων
3483 5241 3577 5295 καὶ
3616 5258 3753 5312 τρυ-

2077 5337 2185 5407 φῆς
2222 5335 2440 5405 ἀπάσης
2473 5330 2912 5404 ἀπηλλαγμένος,
2958 5329 3053 5380 καὶ
3081 5326 3229 5398 φόϐῳ
3261 5326 3460 5392 συζῶν,
3512 5326 3752 5391 εὐκόλως

2076 5423 2297 5478 δύναται
2325 5422 2655 5492 φιλοσοφεῖν,
2681 5416 2775 5471 καὶ
2815 5415 2952 5487 μετά
2982 5415 3183 5484 πολλῆς
3217 5415 3315 5486 τῆς
3344 5414 3651 5483 προθυμίας
3681 5416 3753 5471 :6

2076 5513 2177 5580 τῆς
2210 5512 2410 5585 ἀρετῆς
2443 5507 2799 5579 ὑποδέχεσθαι
2823 5505 3133 5577 σπέρματα.

2148 5601 2190 5665 ζ’
2204 5637 2217 5652 .
2242 5599 2525 5669 Πείσωμεν
2548 5595 2728 5650 τοίνυν
2762 5593 2931 5663 αὐτὴν
2977 5593 3083 5645 ἀπὸ
3124 5591 3223 5663 τῆς
3246 5590 3354 5645 τῶν
3370 5592 3548 5662 ὅρκων
3569 5589 3751 5659 φυγῆς

2076 5688 2299 5761 πρώτην
2318 5688 2417 5759 τὴν
2440 5687 2531 5739 ἐπὶ
2547 5685 2607 5738 :0
2630 5684 2837 5755 βέλτιον
2863 5681 3195 5753 ποιήσασθαι
3218 5679 3517 5750 μεταϐολήν
3534 5697 3548 5709 ·
3568 5681 3617 5733 εί
3639 5680 3750 5751 γάρ

2077 5777 2173 5831 καὶ
2228 5776 2354 5847 χθὲς
2382 5775 2475 5827 x61
2517 5772 2624 5851 πρὸ
2663 5771 2877 5841 ἐκείνης
2918 5769 3046 5838 περὶ
3077 5767 3279 5838 ταύτης
3316 5768 3442 5838 ύμῖν
3470 5764 3752 5836 διελέχθην

2143 5949 2169 5990 δ
2194 5950 2286 6001 Alii
2310 5953 2491 6013 μακρᾶς
2512 5953 2596 6007 τῆς
2617 5947 2836 6009 μεθόδου.
