  <div class='ocr_page' id='page_1' title='image "/cluster/home/n/w/nwhite01/storage/ocr_20150623/49/mdp.39015028539461/082.png"; bbox 0 0 3892 6236; ppageno 0'>
   <div class='ocr_carea' id='block_1_1' title="bbox 230 339 3532 414">
    <p class='ocr_par' dir='ltr' id='par_1_1' title="bbox 230 339 3532 414">
     <span class='ocr_line' id='line_1_1' title="bbox 230 339 3532 414; baseline 0.006 -20"><span class='ocrx_word' id='word_1_1' title='bbox 230 339 302 394; x_wconf 79' lang='lat'><strong>77</strong></span> <span class='ocrx_word' id='word_1_2' title='bbox 1197 344 1288 399; x_wconf 80' lang='lat' dir='ltr'><strong>AD</strong></span> <span class='ocrx_word' id='word_1_3' title='bbox 1316 344 1640 404; x_wconf 80' lang='lat' dir='ltr'><strong>POPULUM</strong></span> <span class='ocrx_word' id='word_1_4' title='bbox 1681 347 2170 408; x_wconf 72' lang='lat' dir='ltr'><strong>ANTIOCHENUM</strong></span> <span class='ocrx_word' id='word_1_5' title='bbox 2221 353 2449 410; x_wconf 71' lang='lat' dir='ltr'><strong>IIOMIL.</strong></span> <span class='ocrx_word' id='word_1_6' title='bbox 2496 355 2558 411; x_wconf 70' lang='grc' dir='ltr'><strong>ν.</strong></span> <span class='ocrx_word' id='word_1_7' title='bbox 3455 363 3532 414; x_wconf 59' lang='lat'><strong>78</strong></span> 
     </span>
    </p>
   </div>
   <div class='ocr_carea' id='block_1_2' title="bbox 234 456 1826 527">
    <p class='ocr_par' dir='ltr' id='par_1_2' title="bbox 234 456 1826 527">
     <span class='ocr_line' id='line_1_2' title="bbox 234 456 1826 527; baseline 0.006 -19"><span class='ocrx_word' id='word_1_8' title='bbox 234 456 469 509; x_wconf 82' lang='lat' dir='ltr'><strong>rerum?</strong></span> <span class='ocrx_word' id='word_1_9' title='bbox 501 470 598 511; x_wconf 88' lang='lat' dir='ltr'><strong>nos</strong></span> <span class='ocrx_word' id='word_1_10' title='bbox 638 457 875 512; x_wconf 78' lang='lat' dir='ltr'><strong>vulneris</strong></span> <span class='ocrx_word' id='word_1_11' title='bbox 912 468 1158 514; x_wconf 84' lang='lat' dir='ltr'><strong>auctores</strong></span> <span class='ocrx_word' id='word_1_12' title='bbox 1179 502 1202 527; x_wconf 88' lang='lat'><strong>,</strong></span> <span class='ocrx_word' id='word_1_13' title='bbox 1232 476 1330 516; x_wconf 84' lang='lat' dir='ltr'><strong>nos</strong></span> <span class='ocrx_word' id='word_1_14' title='bbox 1377 463 1826 518; x_wconf 83' lang='lat' dir='ltr'><strong>medicamentum</strong></span> 
     </span>
    </p>
   </div>
   <div class='ocr_carea' id='block_1_3' title="bbox 237 549 1828 623">
    <p class='ocr_par' dir='ltr' id='par_1_3' title="bbox 237 549 1828 623">
     <span class='ocr_line' id='line_1_3' title="bbox 237 549 1828 623; baseline 0.005 -22"><span class='ocrx_word' id='word_1_15' title='bbox 237 561 620 617; x_wconf 70' lang='lat' dir='ltr'><strong>prmparemus.</strong></span> <span class='ocrx_word' id='word_1_16' title='bbox 641 549 927 617; x_wconf 85' lang='lat' dir='ltr'><strong>Pr0pterea</strong></span> <span class='ocrx_word' id='word_1_17' title='bbox 944 564 1049 604; x_wconf 90' lang='lat' dir='ltr'><strong>non</strong></span> <span class='ocrx_word' id='word_1_18' title='bbox 1074 551 1312 607; x_wconf 84' lang='lat' dir='ltr'><strong>locorum</strong></span> <span class='ocrx_word' id='word_1_19' title='bbox 1329 555 1828 623; x_wconf 76' lang='lat' dir='ltr'><strong>permutationibus,</strong></span> 
     </span>
    </p>
   </div>
   <div class='ocr_carea' id='block_1_4' title="bbox 236 640 1580 701">
    <p class='ocr_par' dir='ltr' id='par_1_4' title="bbox 236 640 1580 701">
     <span class='ocr_line' id='line_1_4' title="bbox 236 640 1580 701; baseline 0.005 -7"><span class='ocrx_word' id='word_1_20' title='bbox 236 640 333 695; x_wconf 90' lang='lat' dir='ltr'><strong>sed</strong></span> <span class='ocrx_word' id='word_1_21' title='bbox 360 655 568 694; x_wconf 73' lang='lat' dir='ltr'><strong>nierum</strong></span> <span class='ocrx_word' id='word_1_22' title='bbox 599 643 938 698; x_wconf 77' lang='lat' dir='ltr'><strong>conversioni</strong></span> <span class='ocrx_word' id='word_1_23' title='bbox 965 644 1192 699; x_wconf 85' lang='lat' dir='ltr'><strong>salutem</strong></span> <span class='ocrx_word' id='word_1_24' title='bbox 1221 646 1580 701; x_wconf 88' lang='lat' dir='ltr'><strong>crediderunt.</strong></span> 
     </span>
    </p>
   </div>
   <div class='ocr_carea' id='block_1_5' title="bbox 318 732 1832 812">
    <p class='ocr_par' dir='ltr' id='par_1_5' title="bbox 318 732 1832 812">
     <span class='ocr_line' id='line_1_5' title="bbox 318 732 1832 812; baseline 0.007 -27"><span class='ocrx_word' id='word_1_25' title='bbox 318 732 374 786; x_wconf 83' lang='lat'><strong>6.</strong></span> <span class='ocrx_word' id='word_1_26' title='bbox 417 733 541 787; x_wconf 65' lang='lat' dir='ltr'><strong>Haec</strong></span> <span class='ocrx_word' id='word_1_27' title='bbox 573 733 780 788; x_wconf 79' lang='lat' dir='ltr'><strong>barbari</strong></span> <span class='ocrx_word' id='word_1_28' title='bbox 811 751 824 786; x_wconf 93' lang='lat'>:</span> <span class='ocrx_word' id='word_1_29' title='bbox 856 742 911 789; x_wconf 91' lang='lat' dir='ltr'><strong>et</strong></span> <span class='ocrx_word' id='word_1_30' title='bbox 952 751 1052 790; x_wconf 91' lang='lat' dir='ltr'><strong>nos</strong></span> <span class='ocrx_word' id='word_1_31' title='bbox 1081 752 1185 791; x_wconf 88' lang='lat' dir='ltr'><strong>non</strong></span> <span class='ocrx_word' id='word_1_32' title='bbox 1223 739 1628 807; x_wconf 81' lang='lat' dir='ltr'><strong>confundimur,</strong></span> <span class='ocrx_word' id='word_1_33' title='bbox 1658 757 1832 812; x_wconf 85' lang='lat' dir='ltr'><strong>neque</strong></span> 
     </span>
    </p>
   </div>
   <div class='ocr_carea' id='block_1_6' title="bbox 237 823 1825 898">
    <p class='ocr_par' dir='ltr' id='par_1_6' title="bbox 237 823 1825 898">
     <span class='ocr_line' id='line_1_6' title="bbox 237 823 1825 898; baseline 0.007 -22"><span class='ocrx_word' id='word_1_34' title='bbox 237 838 339 877; x_wconf 84' lang='lat' dir='ltr'><strong>nos</strong></span> <span class='ocrx_word' id='word_1_35' title='bbox 357 823 759 890; x_wconf 70' lang='lat' dir='ltr'><strong>abscondimus,</strong></span> <span class='ocrx_word' id='word_1_36' title='bbox 785 826 1020 895; x_wconf 86' lang='lat' dir='ltr'><strong>quando,</strong></span> <span class='ocrx_word' id='word_1_37' title='bbox 1049 827 1153 882; x_wconf 85' lang='lat' dir='ltr'><strong>illis</strong></span> <span class='ocrx_word' id='word_1_38' title='bbox 1173 843 1350 884; x_wconf 80' lang='lat' dir='ltr'><strong>mores</strong></span> <span class='ocrx_word' id='word_1_39' title='bbox 1370 832 1825 898; x_wconf 88' lang='lat' dir='ltr'><strong>convertentibus,</strong></span> 
     </span>
    </p>
   </div>
   <div class='ocr_carea' id='block_1_7' title="bbox 238 915 1829 993">
    <p class='ocr_par' dir='ltr' id='par_1_7' title="bbox 238 915 1829 993">
     <span class='ocr_line' id='line_1_7' title="bbox 238 915 1829 993; baseline 0.006 -26"><span class='ocrx_word' id='word_1_40' title='bbox 238 929 341 969; x_wconf 87' lang='lat' dir='ltr'><strong>nos</strong></span> <span class='ocrx_word' id='word_1_41' title='bbox 385 915 500 969; x_wconf 87' lang='lat' dir='ltr'><strong>loca</strong></span> <span class='ocrx_word' id='word_1_42' title='bbox 541 926 904 984; x_wconf 74' lang='lat' dir='ltr'><strong>permutamus</strong></span> <span class='ocrx_word' id='word_1_43' title='bbox 924 959 938 982; x_wconf 93' lang='lat'><strong>,</strong></span> <span class='ocrx_word' id='word_1_44' title='bbox 969 924 1026 972; x_wconf 88' lang='lat' dir='ltr'><strong>et</strong></span> <span class='ocrx_word' id='word_1_45' title='bbox 1054 918 1322 974; x_wconf 84' lang='lat' dir='ltr'><strong>ebriorum</strong></span> <span class='ocrx_word' id='word_1_46' title='bbox 1354 921 1629 976; x_wconf 80' lang='lat' dir='ltr'><strong>hominum</strong></span> <span class='ocrx_word' id='word_1_47' title='bbox 1666 937 1829 993; x_wconf 82' lang='lat' dir='ltr'><strong>opera</strong></span> 
     </span>
    </p>
   </div>
   <div class='ocr_carea' id='block_1_8' title="bbox 239 1006 1830 1080">
    <p class='ocr_par' dir='ltr' id='par_1_8' title="bbox 239 1006 1830 1080">
     <span class='ocr_line' id='line_1_8' title="bbox 239 1006 1830 1080; baseline 0.005 -21"><span class='ocrx_word' id='word_1_48' title='bbox 239 1006 485 1072; x_wconf 81' lang='lat' dir='ltr'><strong>facimus,</strong></span> <span class='ocrx_word' id='word_1_49' title='bbox 517 1007 974 1077; x_wconf 86' lang='lat' dir='ltr'><strong>substantiamque</strong></span> <span class='ocrx_word' id='word_1_50' title='bbox 998 1019 1236 1064; x_wconf 89' lang='lat' dir='ltr'><strong>nostram</strong></span> <span class='ocrx_word' id='word_1_51' title='bbox 1263 1012 1621 1080; x_wconf 72' lang='lat' dir='ltr'><strong>exponimus?</strong></span> <span class='ocrx_word' id='word_1_52' title='bbox 1652 1013 1830 1069; x_wconf 90' lang='lat' dir='ltr'><strong>Domi-</strong></span> 
     </span>
    </p>
   </div>
   <div class='ocr_carea' id='block_1_9' title="bbox 245 1098 1826 1170">
    <p class='ocr_par' dir='ltr' id='par_1_9' title="bbox 245 1098 1826 1170">
     <span class='ocr_line' id='line_1_9' title="bbox 245 1098 1826 1170; baseline 0.006 -19"><span class='ocrx_word' id='word_1_53' title='bbox 245 1113 349 1151; x_wconf 88' lang='lat' dir='ltr'><strong>nus</strong></span> <span class='ocrx_word' id='word_1_54' title='bbox 379 1098 533 1151; x_wconf 88' lang='lat' dir='ltr'><strong>nobis</strong></span> <span class='ocrx_word' id='word_1_55' title='bbox 559 1098 833 1162; x_wconf 83' lang='lat' dir='ltr'><strong>irascitur,</strong></span> <span class='ocrx_word' id='word_1_56' title='bbox 867 1108 922 1153; x_wconf 91' lang='lat' dir='ltr'><strong>et</strong></span> <span class='ocrx_word' id='word_1_57' title='bbox 958 1115 1057 1155; x_wconf 92' lang='lat' dir='ltr'><strong>nos</strong></span> <span class='ocrx_word' id='word_1_58' title='bbox 1083 1101 1216 1156; x_wconf 89' lang='lat' dir='ltr'><strong>iram</strong></span> <span class='ocrx_word' id='word_1_59' title='bbox 1249 1103 1456 1158; x_wconf 89' lang='lat' dir='ltr'><strong>solvere</strong></span> <span class='ocrx_word' id='word_1_60' title='bbox 1498 1104 1826 1170; x_wconf 86' lang='lat' dir='ltr'><strong>omittentes,</strong></span> 
     </span>
    </p>
   </div>
   <div class='ocr_carea' id='block_1_10' title="bbox 235 1190 1829 1264">
    <p class='ocr_par' dir='ltr' id='par_1_10' title="bbox 235 1190 1829 1264">
     <span class='ocr_line' id='line_1_10' title="bbox 235 1190 1829 1264; baseline 0.003 -19"><span class='ocrx_word' id='word_1_61' title='bbox 235 1205 361 1258; x_wconf 73' lang='lat' dir='ltr'><strong>quae</strong></span> <span class='ocrx_word' id='word_1_62' title='bbox 389 1190 441 1243; x_wconf 92' lang='lat' dir='ltr'><strong>in</strong></span> <span class='ocrx_word' id='word_1_63' title='bbox 471 1190 634 1244; x_wconf 93' lang='lat' dir='ltr'><strong>domo</strong></span> <span class='ocrx_word' id='word_1_64' title='bbox 662 1200 790 1245; x_wconf 89' lang='lat' dir='ltr'><strong>sunt</strong></span> <span class='ocrx_word' id='word_1_65' title='bbox 815 1191 1260 1260; x_wconf 85' lang='lat' dir='ltr'><strong>eireumferimus,</strong></span> <span class='ocrx_word' id='word_1_66' title='bbox 1290 1205 1346 1250; x_wconf 90' lang='lat' dir='ltr'><strong>et</strong></span> <span class='ocrx_word' id='word_1_67' title='bbox 1371 1195 1656 1250; x_wconf 88' lang='lat' dir='ltr'><strong>circuimus</strong></span> <span class='ocrx_word' id='word_1_68' title='bbox 1682 1212 1829 1264; x_wconf 68' lang='lat' dir='ltr'><strong>qua:-</strong></span> 
     </span>
    </p>
   </div>
   <div class='ocr_carea' id='block_1_11' title="bbox 234 1281 1832 1357">
    <p class='ocr_par' dir='ltr' id='par_1_11' title="bbox 234 1281 1832 1357">
     <span class='ocr_line' id='line_1_11' title="bbox 234 1281 1832 1357; baseline 0.006 -24"><span class='ocrx_word' id='word_1_69' title='bbox 234 1291 422 1335; x_wconf 87' lang='lat' dir='ltr'><strong>rentes</strong></span> <span class='ocrx_word' id='word_1_70' title='bbox 441 1321 458 1347; x_wconf 95' lang='lat'><strong>,</strong></span> <span class='ocrx_word' id='word_1_71' title='bbox 489 1281 576 1335; x_wconf 88' lang='lat' dir='ltr'><strong>ubi</strong></span> <span class='ocrx_word' id='word_1_72' title='bbox 603 1282 958 1337; x_wconf 87' lang='lat' dir='ltr'><strong>substantiam</strong></span> <span class='ocrx_word' id='word_1_73' title='bbox 984 1283 1345 1352; x_wconf 87' lang='lat' dir='ltr'><strong>deponamus,</strong></span> <span class='ocrx_word' id='word_1_74' title='bbox 1376 1300 1496 1340; x_wconf 90' lang='lat' dir='ltr'><strong>cum</strong></span> <span class='ocrx_word' id='word_1_75' title='bbox 1526 1297 1668 1342; x_wconf 86' lang='lat' dir='ltr'><strong>esset</strong></span> <span class='ocrx_word' id='word_1_76' title='bbox 1694 1302 1832 1357; x_wconf 80' lang='lat' dir='ltr'><strong>Opus</strong></span> 
     </span>
    </p>
   </div>
   <div class='ocr_carea' id='block_1_12' title="bbox 234 1376 1832 1447">
    <p class='ocr_par' dir='ltr' id='par_1_12' title="bbox 234 1376 1832 1447">
     <span class='ocr_line' id='line_1_12' title="bbox 234 1376 1832 1447; baseline 0.006 -20"><span class='ocrx_word' id='word_1_77' title='bbox 234 1387 518 1444; x_wconf 71' lang='lat' dir='ltr'><strong>qumrere,</strong></span> <span class='ocrx_word' id='word_1_78' title='bbox 567 1376 657 1430; x_wconf 85' lang='lat' dir='ltr'><strong>ubi</strong></span> <span class='ocrx_word' id='word_1_79' title='bbox 695 1377 926 1430; x_wconf 85' lang='lat' dir='ltr'><strong>animam</strong></span> <span class='ocrx_word' id='word_1_80' title='bbox 972 1377 1362 1447; x_wconf 87' lang='lat' dir='ltr'><strong>deponeremus</strong></span> <span class='ocrx_word' id='word_1_81' title='bbox 1391 1396 1404 1432; x_wconf 91' lang='lat'><strong>:</strong></span> <span class='ocrx_word' id='word_1_82' title='bbox 1437 1379 1546 1432; x_wconf 89' lang='lat' dir='ltr'><strong>imo</strong></span> <span class='ocrx_word' id='word_1_83' title='bbox 1573 1395 1702 1434; x_wconf 89' lang='lat' dir='ltr'><strong>vero</strong></span> <span class='ocrx_word' id='word_1_84' title='bbox 1733 1396 1832 1436; x_wconf 89' lang='lat' dir='ltr'><strong>nec</strong></span> 
     </span>
    </p>
   </div>
   <div class='ocr_carea' id='block_1_13' title="bbox 235 1469 1829 1543">
    <p class='ocr_par' dir='ltr' id='par_1_13' title="bbox 235 1469 1829 1543">
     <span class='ocr_line' id='line_1_13' title="bbox 235 1469 1829 1543; baseline 0.004 -23"><span class='ocrx_word' id='word_1_85' title='bbox 235 1477 452 1537; x_wconf 84' lang='lat' dir='ltr'><strong>oportet</strong></span> <span class='ocrx_word' id='word_1_86' title='bbox 478 1482 754 1538; x_wconf 70' lang='lat' dir='ltr'><strong>qumrere,</strong></span> <span class='ocrx_word' id='word_1_87' title='bbox 786 1469 880 1524; x_wconf 88' lang='lat' dir='ltr'><strong>sed</strong></span> <span class='ocrx_word' id='word_1_88' title='bbox 909 1469 1102 1524; x_wconf 83' lang='lat' dir='ltr'><strong>virtute</strong></span> <span class='ocrx_word' id='word_1_89' title='bbox 1129 1480 1184 1526; x_wconf 92' lang='lat' dir='ltr'><strong>et</strong></span> <span class='ocrx_word' id='word_1_90' title='bbox 1221 1471 1346 1526; x_wconf 75' lang='lat' dir='ltr'><strong>vitae</strong></span> <span class='ocrx_word' id='word_1_91' title='bbox 1386 1472 1701 1527; x_wconf 81' lang='lat' dir='ltr'><strong>rectitudine</strong></span> <span class='ocrx_word' id='word_1_92' title='bbox 1731 1473 1829 1543; x_wconf 86' lang='lat' dir='ltr'><strong>ipsi</strong></span> 
     </span>
    </p>
   </div>
   <div class='ocr_carea' id='block_1_14' title="bbox 235 1561 1832 1633">
    <p class='ocr_par' dir='ltr' id='par_1_14' title="bbox 235 1561 1832 1633">
     <span class='ocr_line' id='line_1_14' title="bbox 235 1561 1832 1633; baseline 0.003 -19"><span class='ocrx_word' id='word_1_93' title='bbox 235 1561 583 1616; x_wconf 88' lang='lat' dir='ltr'><strong>securitatem</strong></span> <span class='ocrx_word' id='word_1_94' title='bbox 613 1563 868 1632; x_wconf 74' lang='lat' dir='ltr'><strong>pra-bere.</strong></span> <span class='ocrx_word' id='word_1_95' title='bbox 899 1562 1081 1633; x_wconf 85' lang='lat' dir='ltr'><strong>Neque</strong></span> <span class='ocrx_word' id='word_1_96' title='bbox 1120 1563 1262 1619; x_wconf 88' lang='lat' dir='ltr'><strong>enim</strong></span> <span class='ocrx_word' id='word_1_97' title='bbox 1303 1563 1349 1619; x_wconf 89' lang='lat' dir='ltr'><strong>si</strong></span> <span class='ocrx_word' id='word_1_98' title='bbox 1375 1579 1532 1619; x_wconf 82' lang='lat' dir='ltr'><strong>servs</strong></span> <span class='ocrx_word' id='word_1_99' title='bbox 1557 1566 1832 1620; x_wconf 79' lang='lat' dir='ltr'><strong>irascenti-</strong></span> 
     </span>
    </p>
   </div>
   <div class='ocr_carea' id='block_1_15' title="bbox 240 1651 1830 1724">
    <p class='ocr_par' dir='ltr' id='par_1_15' title="bbox 240 1651 1830 1724">
     <span class='ocr_line' id='line_1_15' title="bbox 240 1651 1830 1724; baseline 0.004 -19"><span class='ocrx_word' id='word_1_100' title='bbox 240 1651 346 1706; x_wconf 87' lang='lat' dir='ltr'><strong>bus</strong></span> <span class='ocrx_word' id='word_1_101' title='bbox 375 1651 526 1707; x_wconf 89' lang='lat' dir='ltr'><strong>nobis</strong></span> <span class='ocrx_word' id='word_1_102' title='bbox 551 1661 604 1708; x_wconf 91' lang='lat' dir='ltr'><strong>et</strong></span> <span class='ocrx_word' id='word_1_103' title='bbox 630 1653 1022 1724; x_wconf 82' lang='lat' dir='ltr'><strong>indignantibus</strong></span> <span class='ocrx_word' id='word_1_104' title='bbox 1040 1696 1056 1721; x_wconf 95' lang='lat'><strong>,</strong></span> <span class='ocrx_word' id='word_1_105' title='bbox 1090 1656 1182 1710; x_wconf 89' lang='lat' dir='ltr'><strong>ille</strong></span> <span class='ocrx_word' id='word_1_106' title='bbox 1205 1656 1462 1712; x_wconf 89' lang='lat' dir='ltr'><strong>adversus</strong></span> <span class='ocrx_word' id='word_1_107' title='bbox 1487 1659 1618 1712; x_wconf 90' lang='lat' dir='ltr'><strong>iram</strong></span> <span class='ocrx_word' id='word_1_108' title='bbox 1646 1674 1706 1714; x_wconf 90' lang='lat' dir='ltr'><strong>se</strong></span> <span class='ocrx_word' id='word_1_109' title='bbox 1732 1675 1830 1713; x_wconf 79' lang='lat' dir='ltr'><strong>ex-</strong></span> 
     </span>
    </p>
   </div>
   <div class='ocr_carea' id='block_1_16' title="bbox 234 1747 1830 1814">
    <p class='ocr_par' dir='ltr' id='par_1_16' title="bbox 234 1747 1830 1814">
     <span class='ocr_line' id='line_1_16' title="bbox 234 1747 1830 1814; baseline 0.003 -14"><span class='ocrx_word' id='word_1_110' title='bbox 234 1760 432 1800; x_wconf 86' lang='lat' dir='ltr'><strong>cusare</strong></span> <span class='ocrx_word' id='word_1_111' title='bbox 457 1747 730 1812; x_wconf 90' lang='lat' dir='ltr'><strong>omittens,</strong></span> <span class='ocrx_word' id='word_1_112' title='bbox 754 1747 810 1801; x_wconf 93' lang='lat' dir='ltr'><strong>in</strong></span> <span class='ocrx_word' id='word_1_113' title='bbox 835 1747 1080 1802; x_wconf 87' lang='lat' dir='ltr'><strong>cellulam</strong></span> <span class='ocrx_word' id='word_1_114' title='bbox 1109 1763 1260 1803; x_wconf 89' lang='lat' dir='ltr'><strong>suam</strong></span> <span class='ocrx_word' id='word_1_115' title='bbox 1283 1748 1634 1814; x_wconf 81' lang='lat' dir='ltr'><strong>descendens,</strong></span> <span class='ocrx_word' id='word_1_116' title='bbox 1671 1750 1830 1804; x_wconf 86' lang='lat' dir='ltr'><strong>vesti-</strong></span> 
     </span>
    </p>
   </div>
   <div class='ocr_carea' id='block_1_17' title="bbox 237 1841 1830 1914">
    <p class='ocr_par' dir='ltr' id='par_1_17' title="bbox 237 1841 1830 1914">
     <span class='ocr_line' id='line_1_17' title="bbox 237 1841 1830 1914; baseline 0.003 -20"><span class='ocrx_word' id='word_1_117' title='bbox 237 1850 420 1895; x_wconf 82' lang='lat' dir='ltr'><strong>menta</strong></span> <span class='ocrx_word' id='word_1_118' title='bbox 447 1849 500 1896; x_wconf 90' lang='lat' dir='ltr'><strong>et</strong></span> <span class='ocrx_word' id='word_1_119' title='bbox 529 1855 716 1896; x_wconf 87' lang='lat' dir='ltr'><strong>omnes</strong></span> <span class='ocrx_word' id='word_1_120' title='bbox 741 1841 998 1912; x_wconf 79' lang='lat' dir='ltr'><strong>colligens</strong></span> <span class='ocrx_word' id='word_1_121' title='bbox 1036 1842 1331 1898; x_wconf 84' lang='lat' dir='ltr'><strong>sarcinulas</strong></span> <span class='ocrx_word' id='word_1_122' title='bbox 1355 1854 1409 1897; x_wconf 87' lang='lat' dir='ltr'><strong>et</strong></span> <span class='ocrx_word' id='word_1_123' title='bbox 1446 1844 1701 1914; x_wconf 89' lang='lat' dir='ltr'><strong>colligans</strong></span> <span class='ocrx_word' id='word_1_124' title='bbox 1720 1885 1734 1908; x_wconf 92' lang='lat'><strong>,</strong></span> <span class='ocrx_word' id='word_1_125' title='bbox 1763 1843 1830 1898; x_wconf 91' lang='lat' dir='ltr'><strong>de</strong></span> 
     </span>
    </p>
   </div>
   <div class='ocr_carea' id='block_1_18' title="bbox 237 1930 1831 2002">
    <p class='ocr_par' dir='ltr' id='par_1_18' title="bbox 237 1930 1831 2002">
     <span class='ocr_line' id='line_1_18' title="bbox 237 1930 1831 2002; baseline 0.003 -20"><span class='ocrx_word' id='word_1_126' title='bbox 237 1932 362 2001; x_wconf 78' lang='lat' dir='ltr'><strong>fuga</strong></span> <span class='ocrx_word' id='word_1_127' title='bbox 413 1930 800 1996; x_wconf 88' lang='lat' dir='ltr'><strong>meditaretur,</strong></span> <span class='ocrx_word' id='word_1_128' title='bbox 851 1931 996 1986; x_wconf 90' lang='lat' dir='ltr'><strong>hunc</strong></span> <span class='ocrx_word' id='word_1_129' title='bbox 1047 1932 1214 2002; x_wconf 90' lang='lat' dir='ltr'><strong>ipsius</strong></span> <span class='ocrx_word' id='word_1_130' title='bbox 1260 1943 1626 2002; x_wconf 87' lang='lat' dir='ltr'><strong>contemptum</strong></span> <span class='ocrx_word' id='word_1_131' title='bbox 1677 1932 1831 1989; x_wconf 79' lang='lat' dir='ltr'><strong>facile</strong></span> 
     </span>
    </p>
   </div>
   <div class='ocr_carea' id='block_1_19' title="bbox 236 2023 1827 2096">
    <p class='ocr_par' dir='ltr' id='par_1_19' title="bbox 236 2023 1827 2096">
     <span class='ocr_line' id='line_1_19' title="bbox 236 2023 1827 2096; baseline 0.004 -20"><span class='ocrx_word' id='word_1_132' title='bbox 236 2023 526 2078; x_wconf 70' lang='lat' dir='ltr'><strong>ferremus.</strong></span> <span class='ocrx_word' id='word_1_133' title='bbox 561 2024 889 2079; x_wconf 87' lang='lat' dir='ltr'><strong>Desistamus</strong></span> <span class='ocrx_word' id='word_1_134' title='bbox 915 2025 1073 2094; x_wconf 85' lang='lat' dir='ltr'><strong>igitur</strong></span> <span class='ocrx_word' id='word_1_135' title='bbox 1091 2027 1158 2080; x_wconf 88' lang='lat' dir='ltr'><strong>ab</strong></span> <span class='ocrx_word' id='word_1_136' title='bbox 1184 2025 1286 2080; x_wconf 83' lang='lat' dir='ltr'><strong>hoc</strong></span> <span class='ocrx_word' id='word_1_137' title='bbox 1305 2027 1610 2096; x_wconf 87' lang='lat' dir='ltr'><strong>importuno</strong></span> <span class='ocrx_word' id='word_1_138' title='bbox 1629 2028 1827 2094; x_wconf 83' lang='lat' dir='ltr'><strong>studio,</strong></span> 
     </span>
    </p>
   </div>
   <div class='ocr_carea' id='block_1_20' title="bbox 229 2112 1828 2190">
    <p class='ocr_par' dir='ltr' id='par_1_20' title="bbox 229 2112 1828 2190">
     <span class='ocr_line' id='line_1_20' title="bbox 229 2112 1828 2190; baseline 0.001 -18"><span class='ocrx_word' id='word_1_139' title='bbox 229 2125 299 2172; x_wconf 81' lang='lat' dir='ltr'><strong>et</strong></span> <span class='ocrx_word' id='word_1_140' title='bbox 337 2117 578 2172; x_wconf 88' lang='lat' dir='ltr'><strong>dicanms</strong></span> <span class='ocrx_word' id='word_1_141' title='bbox 615 2116 843 2188; x_wconf 84' lang='lat' dir='ltr'><strong>quisque</strong></span> <span class='ocrx_word' id='word_1_142' title='bbox 871 2118 936 2173; x_wconf 87' lang='lat' dir='ltr'><strong>ad</strong></span> <span class='ocrx_word' id='word_1_143' title='bbox 967 2119 1133 2173; x_wconf 88' lang='lat' dir='ltr'><strong>Deum</strong></span> <span class='ocrx_word' id='word_1_144' title='bbox 1165 2112 1322 2185; x_wconf 78' lang='lat' dir='ltr'><strong>:Quo</strong></span> <span class='ocrx_word' id='word_1_145' title='bbox 1351 2120 1430 2173; x_wconf 80' lang='lat' dir='ltr'><strong>ibo</strong></span> <span class='ocrx_word' id='word_1_146' title='bbox 1455 2137 1486 2172; x_wconf 83' lang='grc' dir='ltr'><strong><em>α</em></strong></span> <span class='ocrx_word' id='word_1_147' title='bbox 1515 2121 1696 2190; x_wconf 77' lang='lat' dir='ltr'><strong>spiritu</strong></span> <span class='ocrx_word' id='word_1_148' title='bbox 1721 2130 1828 2187; x_wconf 87' lang='lat' dir='ltr'><strong>tuo,</strong></span> 
     </span>
    </p>
   </div>
   <div class='ocr_carea' id='block_1_21' title="bbox 230 2208 1828 2281">
    <p class='ocr_par' dir='ltr' id='par_1_21' title="bbox 230 2208 1828 2281">
     <span class='ocr_line' id='line_1_21' title="bbox 230 2208 1828 2281; baseline 0.002 -18"><span class='ocrx_word' id='word_1_149' title='bbox 230 2217 293 2263; x_wconf 77' lang='lat' dir='ltr'><strong>et</strong></span> <span class='ocrx_word' id='word_1_150' title='bbox 319 2225 350 2260; x_wconf 82' lang='grc' dir='ltr'><em>α</em></span> <span class='ocrx_word' id='word_1_151' title='bbox 377 2208 507 2277; x_wconf 81' lang='lat' dir='ltr'><strong>facie</strong></span> <span class='ocrx_word' id='word_1_152' title='bbox 535 2218 621 2262; x_wconf 83' lang='lat' dir='ltr'><strong>tua</strong></span> <span class='ocrx_word' id='word_1_153' title='bbox 644 2225 744 2280; x_wconf 81' lang='lat' dir='ltr'><strong>quo</strong></span> <span class='ocrx_word' id='word_1_154' title='bbox 769 2210 963 2281; x_wconf 79' lang='lat' dir='ltr'><strong>fugiam</strong></span> <span class='ocrx_word' id='word_1_155' title='bbox 991 2210 1170 2281; x_wconf 71' lang='lat' dir='ltr'><strong>(Prol.</strong></span> <span class='ocrx_word' id='word_1_156' title='bbox 1198 2212 1319 2267; x_wconf 76' lang='grc'><strong>158.</strong></span> <span class='ocrx_word' id='word_1_157' title='bbox 1343 2213 1451 2280; x_wconf 81' lang='lat'><strong>7)?</strong></span> <span class='ocrx_word' id='word_1_158' title='bbox 1478 2213 1828 2268; x_wconf 87' lang='lat' dir='ltr'><strong>Barbarorum</strong></span> 
     </span>
    </p>
   </div>
   <div class='ocr_carea' id='block_1_22' title="bbox 237 2299 1828 2373">
    <p class='ocr_par' dir='ltr' id='par_1_22' title="bbox 237 2299 1828 2373">
     <span class='ocr_line' id='line_1_22' title="bbox 237 2299 1828 2373; baseline 0.004 -20"><span class='ocrx_word' id='word_1_159' title='bbox 237 2299 635 2370; x_wconf 75' lang='lat' dir='ltr'><strong>philosophiam</strong></span> <span class='ocrx_word' id='word_1_160' title='bbox 680 2302 949 2356; x_wconf 90' lang='lat' dir='ltr'><strong>imitemur</strong></span> <span class='ocrx_word' id='word_1_161' title='bbox 979 2320 994 2354; x_wconf 74' lang='grc' dir='ltr'><strong>ι</strong></span> <span class='ocrx_word' id='word_1_162' title='bbox 1025 2302 1098 2357; x_wconf 93' lang='lat' dir='ltr'><strong>illi</strong></span> <span class='ocrx_word' id='word_1_163' title='bbox 1137 2303 1190 2357; x_wconf 92' lang='lat' dir='ltr'><strong>in</strong></span> <span class='ocrx_word' id='word_1_164' title='bbox 1221 2303 1436 2359; x_wconf 81' lang='lat' dir='ltr'><strong>incertis</strong></span> <span class='ocrx_word' id='word_1_165' title='bbox 1465 2305 1828 2373; x_wconf 73' lang='lat' dir='ltr'><strong>pteniteutiam</strong></span> 
     </span>
    </p>
   </div>
   <div class='ocr_carea' id='block_1_23' title="bbox 229 2392 1830 2460">
    <p class='ocr_par' dir='ltr' id='par_1_23' title="bbox 229 2392 1830 2460">
     <span class='ocr_line' id='line_1_23' title="bbox 229 2392 1830 2460; baseline 0.001 -14"><span class='ocrx_word' id='word_1_166' title='bbox 229 2401 466 2460; x_wconf 82' lang='lat' dir='ltr'><strong>egerunt</strong></span> <span class='ocrx_word' id='word_1_167' title='bbox 496 2408 511 2444; x_wconf 90' lang='lat'><strong><em>:</em></strong></span> <span class='ocrx_word' id='word_1_168' title='bbox 557 2406 661 2445; x_wconf 91' lang='lat' dir='ltr'><strong>non</strong></span> <span class='ocrx_word' id='word_1_169' title='bbox 691 2392 835 2447; x_wconf 89' lang='lat' dir='ltr'><strong>enim</strong></span> <span class='ocrx_word' id='word_1_170' title='bbox 881 2392 982 2447; x_wconf 88' lang='lat' dir='ltr'><strong>hoc</strong></span> <span class='ocrx_word' id='word_1_171' title='bbox 1025 2393 1256 2448; x_wconf 85' lang='lat' dir='ltr'><strong>habebat</strong></span> <span class='ocrx_word' id='word_1_172' title='bbox 1282 2395 1546 2449; x_wconf 86' lang='lat' dir='ltr'><strong>sententia</strong></span> <span class='ocrx_word' id='word_1_173' title='bbox 1577 2411 1592 2448; x_wconf 90' lang='lat'><strong>:</strong></span> <span class='ocrx_word' id='word_1_174' title='bbox 1618 2393 1672 2450; x_wconf 89' lang='lat' dir='ltr'><strong>Si</strong></span> <span class='ocrx_word' id='word_1_175' title='bbox 1702 2409 1830 2449; x_wconf 87' lang='lat' dir='ltr'><strong>con-</strong></span> 
     </span>
    </p>
   </div>
   <div class='ocr_carea' id='block_1_24' title="bbox 229 2484 1826 2554">
    <p class='ocr_par' dir='ltr' id='par_1_24' title="bbox 229 2484 1826 2554">
     <span class='ocr_line' id='line_1_24' title="bbox 229 2484 1826 2554; baseline 0.002 -17"><span class='ocrx_word' id='word_1_176' title='bbox 229 2484 521 2537; x_wconf 83' lang='lat' dir='ltr'><strong>vertamini</strong></span> <span class='ocrx_word' id='word_1_177' title='bbox 564 2492 620 2538; x_wconf 92' lang='lat' dir='ltr'><strong>et</strong></span> <span class='ocrx_word' id='word_1_178' title='bbox 651 2484 1015 2553; x_wconf 66' lang='lat' dir='ltr'><strong>paenitentiam</strong></span> <span class='ocrx_word' id='word_1_179' title='bbox 1045 2485 1234 2554; x_wconf 83' lang='lat' dir='ltr'><strong>agatis,</strong></span> <span class='ocrx_word' id='word_1_180' title='bbox 1262 2485 1530 2540; x_wconf 88' lang='lat' dir='ltr'><strong>civitatem</strong></span> <span class='ocrx_word' id='word_1_181' title='bbox 1561 2485 1826 2553; x_wconf 82' lang='lat' dir='ltr'><strong>ﬁrmabo;</strong></span> 
     </span>
    </p>
   </div>
   <div class='ocr_carea' id='block_1_25' title="bbox 228 2575 1825 2646">
    <p class='ocr_par' dir='ltr' id='par_1_25' title="bbox 228 2575 1825 2646">
     <span class='ocr_line' id='line_1_25' title="bbox 228 2575 1825 2646; baseline 0.002 -17"><span class='ocrx_word' id='word_1_182' title='bbox 228 2575 335 2629; x_wconf 82' lang='lat' dir='ltr'><strong>sed</strong></span> <span class='ocrx_word' id='word_1_183' title='bbox 364 2575 701 2646; x_wconf 85' lang='lat' dir='ltr'><strong>simpliciter,</strong></span> <span class='ocrx_word' id='word_1_184' title='bbox 726 2576 904 2631; x_wconf 81' lang='lat' dir='ltr'><strong>Adhuc</strong></span> <span class='ocrx_word' id='word_1_185' title='bbox 930 2587 1028 2631; x_wconf 78' lang='lat' dir='ltr'><strong>tres</strong></span> <span class='ocrx_word' id='word_1_186' title='bbox 1052 2577 1181 2644; x_wconf 77' lang='lat' dir='ltr'><strong>dies,</strong></span> <span class='ocrx_word' id='word_1_187' title='bbox 1212 2589 1260 2632; x_wconf 83' lang='lat' dir='ltr'><strong>et</strong></span> <span class='ocrx_word' id='word_1_188' title='bbox 1281 2577 1468 2632; x_wconf 82' lang='lat' dir='ltr'><strong>Ninive</strong></span> <span class='ocrx_word' id='word_1_189' title='bbox 1495 2577 1825 2634; x_wconf 81' lang='lat' dir='ltr'><strong>subvertetur.</strong></span> 
     </span>
    </p>
   </div>
   <div class='ocr_carea' id='block_1_26' title="bbox 227 2664 1826 2739">
    <p class='ocr_par' dir='ltr' id='par_1_26' title="bbox 227 2664 1826 2739">
     <span class='ocr_line' id='line_1_26' title="bbox 227 2664 1826 2739; baseline 0.003 -21"><span class='ocrx_word' id='word_1_190' title='bbox 227 2664 376 2732; x_wconf 82' lang='lat' dir='ltr'><strong>Quid</strong></span> <span class='ocrx_word' id='word_1_191' title='bbox 409 2665 570 2735; x_wconf 85' lang='lat' dir='ltr'><strong>igitur</strong></span> <span class='ocrx_word' id='word_1_192' title='bbox 613 2666 731 2720; x_wconf 89' lang='lat' dir='ltr'><strong>illi?</strong></span> <span class='ocrx_word' id='word_1_193' title='bbox 772 2667 899 2734; x_wconf 81' lang='lat' dir='ltr'><strong>Quis</strong></span> <span class='ocrx_word' id='word_1_194' title='bbox 929 2668 1064 2722; x_wconf 82' lang='lat' dir='ltr'><strong>novit</strong></span> <span class='ocrx_word' id='word_1_195' title='bbox 1092 2684 1158 2721; x_wconf 83' lang='lat' dir='ltr'><strong>an</strong></span> <span class='ocrx_word' id='word_1_196' title='bbox 1201 2669 1454 2739; x_wconf 76' lang='lat' dir='ltr'><strong>paenitebit</strong></span> <span class='ocrx_word' id='word_1_197' title='bbox 1481 2668 1644 2724; x_wconf 75' lang='lat' dir='ltr'><strong>Deum</strong></span> <span class='ocrx_word' id='word_1_198' title='bbox 1683 2671 1826 2737; x_wconf 82' lang='lat' dir='ltr'><strong>mali,</strong></span> 
     </span>
    </p>
   </div>
   <div class='ocr_carea' id='block_1_27' title="bbox 229 2758 1830 2832">
    <p class='ocr_par' dir='ltr' id='par_1_27' title="bbox 229 2758 1830 2832">
     <span class='ocr_line' id='line_1_27' title="bbox 229 2758 1830 2832; baseline 0.004 -22"><span class='ocrx_word' id='word_1_199' title='bbox 229 2758 380 2828; x_wconf 69' lang='lat' dir='ltr'><strong>quod</strong></span> <span class='ocrx_word' id='word_1_200' title='bbox 421 2758 660 2828; x_wconf 73' lang='lat' dir='ltr'><strong>loquutus</strong></span> <span class='ocrx_word' id='word_1_201' title='bbox 701 2768 772 2814; x_wconf 74' lang='lat' dir='ltr'><strong>est</strong></span> <span class='ocrx_word' id='word_1_202' title='bbox 810 2760 980 2829; x_wconf 71' lang='lat' dir='ltr'><strong>facere</strong></span> <span class='ocrx_word' id='word_1_203' title='bbox 1019 2761 1161 2814; x_wconf 80' lang='lat' dir='ltr'><strong>nobis</strong></span> <span class='ocrx_word' id='word_1_204' title='bbox 1191 2759 1355 2831; x_wconf 79' lang='lat' dir='ltr'><strong>(Jon.</strong></span> <span class='ocrx_word' id='word_1_205' title='bbox 1379 2763 1432 2817; x_wconf 79' lang='grc'><strong>5.</strong></span> <span class='ocrx_word' id='word_1_206' title='bbox 1459 2762 1512 2816; x_wconf 77' lang='grc'><strong>4.</strong></span> <span class='ocrx_word' id='word_1_207' title='bbox 1543 2761 1576 2816; x_wconf 87' lang='grc'>9</span> <span class='ocrx_word' id='word_1_208' title='bbox 1601 2762 1664 2832; x_wconf 86' lang='lat'><strong>)?</strong></span> <span class='ocrx_word' id='word_1_209' title='bbox 1700 2763 1830 2830; x_wconf 85' lang='lat' dir='ltr'><strong>Quis</strong></span> 
     </span>
    </p>
   </div>
   <div class='ocr_carea' id='block_1_28' title="bbox 229 2851 1828 2926">
    <p class='ocr_par' dir='ltr' id='par_1_28' title="bbox 229 2851 1828 2926">
     <span class='ocr_line' id='line_1_28' title="bbox 229 2851 1828 2926; baseline 0.001 -20"><span class='ocrx_word' id='word_1_210' title='bbox 229 2851 432 2906; x_wconf 83' lang='lat' dir='ltr'><strong>novit?</strong></span> <span class='ocrx_word' id='word_1_211' title='bbox 475 2851 730 2906; x_wconf 85' lang='lat' dir='ltr'><strong>Nesciunt</strong></span> <span class='ocrx_word' id='word_1_212' title='bbox 767 2853 843 2906; x_wconf 88' lang='lat' dir='ltr'><strong>rei</strong></span> <span class='ocrx_word' id='word_1_213' title='bbox 883 2852 1078 2917; x_wconf 87' lang='lat' dir='ltr'><strong>linem,</strong></span> <span class='ocrx_word' id='word_1_214' title='bbox 1117 2869 1214 2907; x_wconf 91' lang='lat' dir='ltr'><strong>nec</strong></span> <span class='ocrx_word' id='word_1_215' title='bbox 1260 2852 1624 2923; x_wconf 69' lang='lat' dir='ltr'><strong>pmnitentiam</strong></span> <span class='ocrx_word' id='word_1_216' title='bbox 1655 2855 1828 2926; x_wconf 83' lang='lat' dir='ltr'><strong>negli-</strong></span> 
     </span>
    </p>
   </div>
   <div class='ocr_carea' id='block_1_29' title="bbox 225 2943 1826 3016">
    <p class='ocr_par' dir='ltr' id='par_1_29' title="bbox 225 2943 1826 3016">
     <span class='ocr_line' id='line_1_29' title="bbox 225 2943 1826 3016; baseline 0.002 -20"><span class='ocrx_word' id='word_1_217' title='bbox 225 2952 369 3011; x_wconf 83' lang='lat' dir='ltr'><strong>gunt</strong></span> <span class='ocrx_word' id='word_1_218' title='bbox 399 2958 413 2994; x_wconf 86' lang='lat'>:</span> <span class='ocrx_word' id='word_1_219' title='bbox 445 2943 687 2997; x_wconf 87' lang='lat' dir='ltr'><strong>nesciunt</strong></span> <span class='ocrx_word' id='word_1_220' title='bbox 717 2944 808 2998; x_wconf 89' lang='lat' dir='ltr'><strong>Dei</strong></span> <span class='ocrx_word' id='word_1_221' title='bbox 839 2943 1177 3016; x_wconf 73' lang='lat' dir='ltr'><strong>benignitatis</strong></span> <span class='ocrx_word' id='word_1_222' title='bbox 1204 2945 1663 3008; x_wconf 90' lang='lat' dir='ltr'><strong>consuetudinem,</strong></span> <span class='ocrx_word' id='word_1_223' title='bbox 1694 2957 1747 3000; x_wconf 90' lang='lat' dir='ltr'><strong>et</strong></span> <span class='ocrx_word' id='word_1_224' title='bbox 1773 2946 1826 3000; x_wconf 92' lang='lat' dir='ltr'><strong>in</strong></span> 
     </span>
    </p>
   </div>
   <div class='ocr_carea' id='block_1_30' title="bbox 226 3033 1827 3093">
    <p class='ocr_par' dir='ltr' id='par_1_30' title="bbox 226 3033 1827 3093">
     <span class='ocr_line' id='line_1_30' title="bbox 226 3033 1827 3093; baseline 0.004 -7"><span class='ocrx_word' id='word_1_225' title='bbox 226 3033 460 3088; x_wconf 87' lang='lat' dir='ltr'><strong>incertis</strong></span> <span class='ocrx_word' id='word_1_226' title='bbox 484 3044 755 3089; x_wconf 84' lang='lat' dir='ltr'><strong>mutantur</strong></span> <span class='ocrx_word' id='word_1_227' title='bbox 783 3054 797 3091; x_wconf 88' lang='lat'><strong>:</strong></span> <span class='ocrx_word' id='word_1_228' title='bbox 825 3051 925 3092; x_wconf 87' lang='lat' dir='ltr'><strong>nec</strong></span> <span class='ocrx_word' id='word_1_229' title='bbox 948 3037 1089 3092; x_wconf 91' lang='lat' dir='ltr'><strong>enim</strong></span> <span class='ocrx_word' id='word_1_230' title='bbox 1118 3036 1385 3091; x_wconf 86' lang='lat' dir='ltr'><strong>habebant</strong></span> <span class='ocrx_word' id='word_1_231' title='bbox 1409 3037 1543 3092; x_wconf 90' lang='lat' dir='ltr'><strong>alios</strong></span> <span class='ocrx_word' id='word_1_232' title='bbox 1564 3037 1827 3093; x_wconf 87' lang='lat' dir='ltr'><strong>Ninivitas</strong></span> 
     </span>
    </p>
   </div>
   <div class='ocr_carea' id='block_1_31' title="bbox 223 3127 1829 3197">
    <p class='ocr_par' dir='ltr' id='par_1_31' title="bbox 223 3127 1829 3197">
     <span class='ocr_line' id='line_1_31' title="bbox 223 3127 1829 3197; baseline 0.004 -17"><span class='ocrx_word' id='word_1_233' title='bbox 223 3127 302 3181; x_wconf 89' lang='lat' dir='ltr'><strong>ad</strong></span> <span class='ocrx_word' id='word_1_234' title='bbox 349 3142 487 3196; x_wconf 91' lang='lat' dir='ltr'><strong>quos</strong></span> <span class='ocrx_word' id='word_1_235' title='bbox 528 3129 859 3197; x_wconf 83' lang='lat' dir='ltr'><strong>respicerent</strong></span> <span class='ocrx_word' id='word_1_236' title='bbox 905 3129 1214 3189; x_wconf 70' lang='lat' dir='ltr'><strong>paenitentia</strong></span> <span class='ocrx_word' id='word_1_237' title='bbox 1259 3139 1376 3185; x_wconf 89' lang='lat' dir='ltr'><strong>acta</strong></span> <span class='ocrx_word' id='word_1_238' title='bbox 1420 3140 1678 3196; x_wconf 87' lang='lat' dir='ltr'><strong>servatos,</strong></span> <span class='ocrx_word' id='word_1_239' title='bbox 1729 3146 1829 3186; x_wconf 87' lang='lat' dir='ltr'><strong>nec</strong></span> 
     </span>
    </p>
   </div>
   <div class='ocr_carea' id='block_1_32' title="bbox 226 3220 1830 3292">
    <p class='ocr_par' dir='ltr' id='par_1_32' title="bbox 226 3220 1830 3292">
     <span class='ocr_line' id='line_1_32' title="bbox 226 3220 1830 3292; baseline 0.002 -17"><span class='ocrx_word' id='word_1_240' title='bbox 226 3220 529 3290; x_wconf 86' lang='lat' dir='ltr'><strong>prophetas</strong></span> <span class='ocrx_word' id='word_1_241' title='bbox 572 3221 842 3292; x_wconf 87' lang='lat' dir='ltr'><strong>legerant,</strong></span> <span class='ocrx_word' id='word_1_242' title='bbox 889 3237 988 3277; x_wconf 91' lang='lat' dir='ltr'><strong>nec</strong></span> <span class='ocrx_word' id='word_1_243' title='bbox 1017 3223 1344 3292; x_wconf 84' lang='lat' dir='ltr'><strong>patriarchas</strong></span> <span class='ocrx_word' id='word_1_244' title='bbox 1382 3223 1695 3288; x_wconf 86' lang='lat' dir='ltr'><strong>audierant,</strong></span> <span class='ocrx_word' id='word_1_245' title='bbox 1730 3239 1830 3278; x_wconf 89' lang='lat' dir='ltr'><strong>nec</strong></span> 
     </span>
    </p>
   </div>
   <div class='ocr_carea' id='block_1_33' title="bbox 225 3312 1829 3386">
    <p class='ocr_par' dir='ltr' id='par_1_33' title="bbox 225 3312 1829 3386">
     <span class='ocr_line' id='line_1_33' title="bbox 225 3312 1829 3386; baseline 0.004 -20"><span class='ocrx_word' id='word_1_246' title='bbox 225 3312 318 3366; x_wconf 87' lang='lat' dir='ltr'><strong>usi</strong></span> <span class='ocrx_word' id='word_1_247' title='bbox 341 3321 468 3366; x_wconf 90' lang='lat' dir='ltr'><strong>sunt</strong></span> <span class='ocrx_word' id='word_1_248' title='bbox 492 3312 738 3380; x_wconf 86' lang='lat' dir='ltr'><strong>consilio,</strong></span> <span class='ocrx_word' id='word_1_249' title='bbox 762 3329 866 3369; x_wconf 91' lang='lat' dir='ltr'><strong>non</strong></span> <span class='ocrx_word' id='word_1_250' title='bbox 892 3313 1308 3369; x_wconf 90' lang='lat' dir='ltr'><strong>admonitionem</strong></span> <span class='ocrx_word' id='word_1_251' title='bbox 1330 3315 1468 3370; x_wconf 91' lang='lat' dir='ltr'><strong>nacti</strong></span> <span class='ocrx_word' id='word_1_252' title='bbox 1489 3325 1632 3379; x_wconf 92' lang='lat' dir='ltr'><strong>sunt,</strong></span> <span class='ocrx_word' id='word_1_253' title='bbox 1656 3332 1829 3386; x_wconf 90' lang='lat' dir='ltr'><strong>neque</strong></span> 
     </span>
    </p>
   </div>
   <div class='ocr_carea' id='block_1_34' title="bbox 221 3403 1826 3478">
    <p class='ocr_par' dir='ltr' id='par_1_34' title="bbox 221 3403 1826 3478">
     <span class='ocr_line' id='line_1_34' title="bbox 221 3403 1826 3478; baseline 0.002 -19"><span class='ocrx_word' id='word_1_254' title='bbox 221 3403 339 3459; x_wconf 80' lang='lat' dir='ltr'><strong>sibi</strong></span> <span class='ocrx_word' id='word_1_255' title='bbox 368 3415 766 3473; x_wconf 87' lang='lat' dir='ltr'><strong>persuaserant,</strong></span> <span class='ocrx_word' id='word_1_256' title='bbox 811 3405 1031 3460; x_wconf 89' lang='lat' dir='ltr'><strong>omnino</strong></span> <span class='ocrx_word' id='word_1_257' title='bbox 1056 3405 1222 3460; x_wconf 89' lang='lat' dir='ltr'><strong>Deum</strong></span> <span class='ocrx_word' id='word_1_258' title='bbox 1263 3407 1570 3475; x_wconf 68' lang='lat' dir='ltr'><strong>paenitentia</strong></span> <span class='ocrx_word' id='word_1_259' title='bbox 1611 3408 1826 3478; x_wconf 81' lang='lat' dir='ltr'><strong>placan-</strong></span> 
     </span>
    </p>
   </div>
   <div class='ocr_carea' id='block_1_35' title="bbox 220 3494 1826 3568">
    <p class='ocr_par' dir='ltr' id='par_1_35' title="bbox 220 3494 1826 3568">
     <span class='ocr_line' id='line_1_35' title="bbox 220 3494 1826 3568; baseline 0.003 -18"><span class='ocrx_word' id='word_1_260' title='bbox 220 3495 364 3550; x_wconf 91' lang='lat' dir='ltr'><strong>dum</strong></span> <span class='ocrx_word' id='word_1_261' title='bbox 393 3509 531 3551; x_wconf 90' lang='lat' dir='ltr'><strong>esse.</strong></span> <span class='ocrx_word' id='word_1_262' title='bbox 560 3494 745 3564; x_wconf 81' lang='lat' dir='ltr'><strong>Neque</strong></span> <span class='ocrx_word' id='word_1_263' title='bbox 768 3496 910 3552; x_wconf 92' lang='lat' dir='ltr'><strong>enim</strong></span> <span class='ocrx_word' id='word_1_264' title='bbox 940 3496 1042 3552; x_wconf 88' lang='lat' dir='ltr'><strong>hoc</strong></span> <span class='ocrx_word' id='word_1_265' title='bbox 1073 3497 1302 3553; x_wconf 87' lang='lat' dir='ltr'><strong>habebat</strong></span> <span class='ocrx_word' id='word_1_266' title='bbox 1325 3499 1667 3555; x_wconf 89' lang='lat' dir='ltr'><strong>comminatio</strong></span> <span class='ocrx_word' id='word_1_267' title='bbox 1686 3542 1702 3568; x_wconf 93' lang='lat'><strong>,</strong></span> <span class='ocrx_word' id='word_1_268' title='bbox 1730 3500 1826 3555; x_wconf 86' lang='lat' dir='ltr'><strong>sed</strong></span> 
     </span>
    </p>
   </div>
   <div class='ocr_carea' id='block_1_36' title="bbox 220 3584 1823 3657">
    <p class='ocr_par' dir='ltr' id='par_1_36' title="bbox 220 3584 1823 3657">
     <span class='ocr_line' id='line_1_36' title="bbox 220 3584 1823 3657; baseline 0.004 -18"><span class='ocrx_word' id='word_1_269' title='bbox 220 3584 553 3639; x_wconf 87' lang='lat' dir='ltr'><strong>dubitabant</strong></span> <span class='ocrx_word' id='word_1_270' title='bbox 592 3585 1006 3657; x_wconf 77' lang='lat' dir='ltr'><strong>luerebantque,</strong></span> <span class='ocrx_word' id='word_1_271' title='bbox 1053 3595 1108 3642; x_wconf 91' lang='lat' dir='ltr'><strong>et</strong></span> <span class='ocrx_word' id='word_1_272' title='bbox 1145 3597 1323 3643; x_wconf 90' lang='lat' dir='ltr'><strong>tamen</strong></span> <span class='ocrx_word' id='word_1_273' title='bbox 1365 3605 1486 3644; x_wconf 93' lang='lat' dir='ltr'><strong>cum</strong></span> <span class='ocrx_word' id='word_1_274' title='bbox 1517 3594 1661 3644; x_wconf 90' lang='lat' dir='ltr'><strong>omni</strong></span> <span class='ocrx_word' id='word_1_275' title='bbox 1707 3591 1823 3646; x_wconf 84' lang='lat' dir='ltr'><strong>diii-</strong></span> 
     </span>
    </p>
   </div>
   <div class='ocr_carea' id='block_1_37' title="bbox 217 3677 1826 3750">
    <p class='ocr_par' dir='ltr' id='par_1_37' title="bbox 217 3677 1826 3750">
     <span class='ocr_line' id='line_1_37' title="bbox 217 3677 1826 3750; baseline 0.005 -20"><span class='ocrx_word' id='word_1_276' title='bbox 217 3677 414 3748; x_wconf 79' lang='lat' dir='ltr'><strong>gentia</strong></span> <span class='ocrx_word' id='word_1_277' title='bbox 445 3677 810 3746; x_wconf 74' lang='lat' dir='ltr'><strong>ptenitentiam</strong></span> <span class='ocrx_word' id='word_1_278' title='bbox 836 3688 1078 3748; x_wconf 85' lang='lat' dir='ltr'><strong>egerunt.</strong></span> <span class='ocrx_word' id='word_1_279' title='bbox 1123 3678 1252 3747; x_wconf 62' lang='lat' dir='ltr'><strong>Quae</strong></span> <span class='ocrx_word' id='word_1_280' title='bbox 1297 3679 1456 3750; x_wconf 77' lang='lat' dir='ltr'><strong>igitur</strong></span> <span class='ocrx_word' id='word_1_281' title='bbox 1493 3681 1629 3735; x_wconf 86' lang='lat' dir='ltr'><strong>ratio</strong></span> <span class='ocrx_word' id='word_1_282' title='bbox 1672 3682 1826 3738; x_wconf 88' lang='lat' dir='ltr'><strong>nobis</strong></span> 
     </span>
    </p>
   </div>
   <div class='ocr_carea' id='block_1_38' title="bbox 217 3769 1828 3839">
    <p class='ocr_par' dir='ltr' id='par_1_38' title="bbox 217 3769 1828 3839">
     <span class='ocr_line' id='line_1_38' title="bbox 217 3769 1828 3839; baseline 0.005 -17"><span class='ocrx_word' id='word_1_283' title='bbox 217 3769 360 3833; x_wconf 85' lang='lat' dir='ltr'><strong>erit,</strong></span> <span class='ocrx_word' id='word_1_284' title='bbox 406 3783 528 3823; x_wconf 87' lang='lat' dir='ltr'><strong>cum</strong></span> <span class='ocrx_word' id='word_1_285' title='bbox 571 3769 646 3823; x_wconf 89' lang='lat' dir='ltr'><strong>illi</strong></span> <span class='ocrx_word' id='word_1_286' title='bbox 674 3769 885 3839; x_wconf 89' lang='lat' dir='ltr'><strong>quidem</strong></span> <span class='ocrx_word' id='word_1_287' title='bbox 905 3811 920 3835; x_wconf 91' lang='lat'><strong>,</strong></span> <span class='ocrx_word' id='word_1_288' title='bbox 967 3787 1064 3826; x_wconf 82' lang='lat' dir='ltr'><strong>nec</strong></span> <span class='ocrx_word' id='word_1_289' title='bbox 1092 3771 1232 3826; x_wconf 91' lang='lat' dir='ltr'><strong>unde</strong></span> <span class='ocrx_word' id='word_1_290' title='bbox 1257 3771 1325 3828; x_wconf 90' lang='lat' dir='ltr'><strong>de</strong></span> <span class='ocrx_word' id='word_1_291' title='bbox 1363 3772 1468 3827; x_wconf 84' lang='lat' dir='ltr'><strong>fine</strong></span> <span class='ocrx_word' id='word_1_292' title='bbox 1496 3773 1828 3830; x_wconf 84' lang='lat' dir='ltr'><strong>conﬁderent</strong></span> 
     </span>
    </p>
   </div>
   <div class='ocr_carea' id='block_1_39' title="bbox 217 3860 1824 3925">
    <p class='ocr_par' dir='ltr' id='par_1_39' title="bbox 217 3860 1824 3925">
     <span class='ocr_line' id='line_1_39' title="bbox 217 3860 1824 3925; baseline 0.004 -10"><span class='ocrx_word' id='word_1_293' title='bbox 217 3860 533 3925; x_wconf 82' lang='lat' dir='ltr'><strong>habentes,</strong></span> <span class='ocrx_word' id='word_1_294' title='bbox 582 3871 784 3917; x_wconf 87' lang='lat' dir='ltr'><strong>tantam</strong></span> <span class='ocrx_word' id='word_1_295' title='bbox 829 3862 1116 3919; x_wconf 80' lang='lat' dir='ltr'><strong>exhibeant</strong></span> <span class='ocrx_word' id='word_1_296' title='bbox 1163 3866 1510 3922; x_wconf 90' lang='lat' dir='ltr'><strong>mutationem</strong></span> <span class='ocrx_word' id='word_1_297' title='bbox 1551 3885 1564 3921; x_wconf 89' lang='lat'><strong>:</strong></span> <span class='ocrx_word' id='word_1_298' title='bbox 1613 3875 1665 3922; x_wconf 90' lang='lat' dir='ltr'><strong>tu</strong></span> <span class='ocrx_word' id='word_1_299' title='bbox 1695 3883 1824 3923; x_wconf 88' lang='lat' dir='ltr'><strong>vero</strong></span> 
     </span>
    </p>
   </div>
   <div class='ocr_carea' id='block_1_40' title="bbox 217 3951 1823 4030">
    <p class='ocr_par' dir='ltr' id='par_1_40' title="bbox 217 3951 1823 4030">
     <span class='ocr_line' id='line_1_40' title="bbox 217 3951 1823 4030; baseline 0.006 -23"><span class='ocrx_word' id='word_1_300' title='bbox 217 3951 324 4024; x_wconf 88' lang='lat' dir='ltr'><strong>qui</strong></span> <span class='ocrx_word' id='word_1_301' title='bbox 352 3953 419 4006; x_wconf 90' lang='lat' dir='ltr'><strong>de</strong></span> <span class='ocrx_word' id='word_1_302' title='bbox 439 3953 624 4008; x_wconf 84' lang='lat' dir='ltr'><strong>divina</strong></span> <span class='ocrx_word' id='word_1_303' title='bbox 640 3954 964 4025; x_wconf 79' lang='lat' dir='ltr'><strong>benignitate</strong></span> <span class='ocrx_word' id='word_1_304' title='bbox 983 3955 1252 4012; x_wconf 88' lang='lat' dir='ltr'><strong>confidere</strong></span> <span class='ocrx_word' id='word_1_305' title='bbox 1278 3967 1448 4027; x_wconf 90' lang='lat' dir='ltr'><strong>potes,</strong></span> <span class='ocrx_word' id='word_1_306' title='bbox 1471 3969 1524 4014; x_wconf 90' lang='lat' dir='ltr'><strong>et</strong></span> <span class='ocrx_word' id='word_1_307' title='bbox 1543 3961 1632 4030; x_wconf 88' lang='lat' dir='ltr'><strong>qui</strong></span> <span class='ocrx_word' id='word_1_308' title='bbox 1659 3963 1823 4016; x_wconf 88' lang='lat' dir='ltr'><strong>multa</strong></span> 
     </span>
    </p>
   </div>
   <div class='ocr_carea' id='block_1_41' title="bbox 216 4043 1825 4121">
    <p class='ocr_par' dir='ltr' id='par_1_41' title="bbox 216 4043 1825 4121">
     <span class='ocr_line' id='line_1_41' title="bbox 216 4043 1825 4121; baseline 0.006 -23"><span class='ocrx_word' id='word_1_309' title='bbox 216 4043 436 4114; x_wconf 64' lang='lat' dir='ltr'><strong>saepius</strong></span> <span class='ocrx_word' id='word_1_310' title='bbox 463 4043 685 4113; x_wconf 81' lang='lat' dir='ltr'><strong>pignora</strong></span> <span class='ocrx_word' id='word_1_311' title='bbox 712 4045 895 4115; x_wconf 87' lang='lat' dir='ltr'><strong>cepisti</strong></span> <span class='ocrx_word' id='word_1_312' title='bbox 922 4045 1038 4115; x_wconf 83' lang='lat' dir='ltr'><strong>ejus</strong></span> <span class='ocrx_word' id='word_1_313' title='bbox 1065 4046 1205 4101; x_wconf 91' lang='lat' dir='ltr'><strong>circa</strong></span> <span class='ocrx_word' id='word_1_314' title='bbox 1238 4056 1289 4100; x_wconf 83' lang='lat' dir='ltr'><strong>te</strong></span> <span class='ocrx_word' id='word_1_315' title='bbox 1313 4062 1486 4113; x_wconf 69' lang='lat' dir='ltr'><strong>curre,</strong></span> <span class='ocrx_word' id='word_1_316' title='bbox 1514 4061 1567 4104; x_wconf 91' lang='lat' dir='ltr'><strong>et</strong></span> <span class='ocrx_word' id='word_1_317' title='bbox 1596 4052 1825 4121; x_wconf 89' lang='lat' dir='ltr'><strong>prophe-</strong></span> 
     </span>
    </p>
   </div>
   <div class='ocr_carea' id='block_1_42' title="bbox 218 4136 1822 4207">
    <p class='ocr_par' dir='ltr' id='par_1_42' title="bbox 218 4136 1822 4207">
     <span class='ocr_line' id='line_1_42' title="bbox 218 4136 1822 4207; baseline 0.005 -17"><span class='ocrx_word' id='word_1_318' title='bbox 218 4145 315 4190; x_wconf 85' lang='lat' dir='ltr'><strong>tas</strong></span> <span class='ocrx_word' id='word_1_319' title='bbox 345 4139 402 4190; x_wconf 89' lang='lat' dir='ltr'><strong>et</strong></span> <span class='ocrx_word' id='word_1_320' title='bbox 427 4136 696 4204; x_wconf 89' lang='lat' dir='ltr'><strong>apostolos</strong></span> <span class='ocrx_word' id='word_1_321' title='bbox 723 4136 938 4202; x_wconf 87' lang='lat' dir='ltr'><strong>audisti,</strong></span> <span class='ocrx_word' id='word_1_322' title='bbox 981 4145 1038 4192; x_wconf 86' lang='lat' dir='ltr'><strong>et</strong></span> <span class='ocrx_word' id='word_1_323' title='bbox 1074 4152 1171 4207; x_wconf 89' lang='lat' dir='ltr'><strong>per</strong></span> <span class='ocrx_word' id='word_1_324' title='bbox 1215 4139 1356 4207; x_wconf 89' lang='lat' dir='ltr'><strong>ipsas</strong></span> <span class='ocrx_word' id='word_1_325' title='bbox 1396 4155 1483 4195; x_wconf 91' lang='lat' dir='ltr'><strong>res</strong></span> <span class='ocrx_word' id='word_1_326' title='bbox 1533 4141 1822 4198; x_wconf 89' lang='lat' dir='ltr'><strong>instructus</strong></span> 
     </span>
    </p>
   </div>
   <div class='ocr_carea' id='block_1_43' title="bbox 214 4228 1824 4304">
    <p class='ocr_par' dir='ltr' id='par_1_43' title="bbox 214 4228 1824 4304">
     <span class='ocr_line' id='line_1_43' title="bbox 214 4228 1824 4304; baseline 0.004 -20"><span class='ocrx_word' id='word_1_327' title='bbox 214 4245 310 4296; x_wconf 86' lang='lat' dir='ltr'><strong>es,</strong></span> <span class='ocrx_word' id='word_1_328' title='bbox 344 4243 448 4284; x_wconf 88' lang='lat' dir='ltr'><strong>nec</strong></span> <span class='ocrx_word' id='word_1_329' title='bbox 471 4228 539 4283; x_wconf 89' lang='lat' dir='ltr'><strong>ad</strong></span> <span class='ocrx_word' id='word_1_330' title='bbox 567 4229 808 4284; x_wconf 89' lang='lat' dir='ltr'><strong>eamdem</strong></span> <span class='ocrx_word' id='word_1_331' title='bbox 837 4245 958 4284; x_wconf 92' lang='lat' dir='ltr'><strong>cum</strong></span> <span class='ocrx_word' id='word_1_332' title='bbox 988 4229 1116 4299; x_wconf 89' lang='lat' dir='ltr'><strong>ipsis</strong></span> <span class='ocrx_word' id='word_1_333' title='bbox 1143 4247 1446 4286; x_wconf 87' lang='lat' dir='ltr'><strong>mensuram</strong></span> <span class='ocrx_word' id='word_1_334' title='bbox 1468 4233 1675 4288; x_wconf 91' lang='lat' dir='ltr'><strong>virtutis</strong></span> <span class='ocrx_word' id='word_1_335' title='bbox 1704 4251 1824 4304; x_wconf 85' lang='lat' dir='ltr'><strong>per-</strong></span> 
     </span>
    </p>
   </div>
   <div class='ocr_carea' id='block_1_44' title="bbox 212 4319 1819 4390">
    <p class='ocr_par' dir='ltr' id='par_1_44' title="bbox 212 4319 1819 4390">
     <span class='ocr_line' id='line_1_44' title="bbox 212 4319 1819 4390; baseline 0.005 -18"><span class='ocrx_word' id='word_1_336' title='bbox 212 4321 420 4374; x_wconf 78' lang='lat' dir='ltr'><strong>venire</strong></span> <span class='ocrx_word' id='word_1_337' title='bbox 468 4319 803 4375; x_wconf 87' lang='lat' dir='ltr'><strong>contendas?</strong></span> <span class='ocrx_word' id='word_1_338' title='bbox 855 4320 1039 4390; x_wconf 87' lang='lat' dir='ltr'><strong>Magna</strong></span> <span class='ocrx_word' id='word_1_339' title='bbox 1095 4320 1253 4390; x_wconf 78' lang='lat' dir='ltr'><strong>igitur</strong></span> <span class='ocrx_word' id='word_1_340' title='bbox 1305 4321 1495 4377; x_wconf 90' lang='lat' dir='ltr'><strong>horum</strong></span> <span class='ocrx_word' id='word_1_341' title='bbox 1547 4325 1819 4380; x_wconf 88' lang='lat' dir='ltr'><strong>hominum</strong></span> 
     </span>
    </p>
   </div>
   <div class='ocr_carea' id='block_1_45' title="bbox 214 4403 1819 4482">
    <p class='ocr_par' dir='ltr' id='par_1_45' title="bbox 214 4403 1819 4482">
     <span class='ocr_line' id='line_1_45' title="bbox 214 4403 1819 4482; baseline 0.005 -19"><span class='ocrx_word' id='word_1_342' title='bbox 214 4403 427 4476; x_wconf 86' lang='lat' dir='ltr'><strong>virtus,</strong></span> <span class='ocrx_word' id='word_1_343' title='bbox 459 4411 628 4464; x_wconf 84' lang='lat' dir='ltr'><strong>multo</strong></span> <span class='ocrx_word' id='word_1_344' title='bbox 652 4420 832 4466; x_wconf 83' lang='lat' dir='ltr'><strong>autem</strong></span> <span class='ocrx_word' id='word_1_345' title='bbox 857 4411 1029 4481; x_wconf 86' lang='lat' dir='ltr'><strong>major</strong></span> <span class='ocrx_word' id='word_1_346' title='bbox 1053 4411 1146 4466; x_wconf 83' lang='lat' dir='ltr'><strong>Dei</strong></span> <span class='ocrx_word' id='word_1_347' title='bbox 1171 4411 1474 4482; x_wconf 89' lang='lat' dir='ltr'><strong>clementia,</strong></span> <span class='ocrx_word' id='word_1_348' title='bbox 1506 4425 1560 4470; x_wconf 90' lang='lat' dir='ltr'><strong>et</strong></span> <span class='ocrx_word' id='word_1_349' title='bbox 1590 4415 1727 4470; x_wconf 88' lang='lat' dir='ltr'><strong>hanc</strong></span> <span class='ocrx_word' id='word_1_350' title='bbox 1755 4432 1819 4471; x_wconf 87' lang='lat' dir='ltr'><strong>ex</strong></span> 
     </span>
    </p>
   </div>
   <div class='ocr_carea' id='block_1_46' title="bbox 213 4501 1822 4573">
    <p class='ocr_par' dir='ltr' id='par_1_46' title="bbox 213 4501 1822 4573">
     <span class='ocr_line' id='line_1_46' title="bbox 213 4501 1822 4573; baseline 0.006 -18"><span class='ocrx_word' id='word_1_351' title='bbox 213 4503 348 4572; x_wconf 85' lang='lat' dir='ltr'><strong>ipsa</strong></span> <span class='ocrx_word' id='word_1_352' title='bbox 395 4501 660 4556; x_wconf 90' lang='lat' dir='ltr'><strong>minarum</strong></span> <span class='ocrx_word' id='word_1_353' title='bbox 692 4503 1052 4573; x_wconf 78' lang='lat' dir='ltr'><strong>magnitudine</strong></span> <span class='ocrx_word' id='word_1_354' title='bbox 1081 4505 1392 4572; x_wconf 88' lang='lat' dir='ltr'><strong>conspicere</strong></span> <span class='ocrx_word' id='word_1_355' title='bbox 1418 4506 1561 4561; x_wconf 89' lang='lat' dir='ltr'><strong>licet.</strong></span> <span class='ocrx_word' id='word_1_356' title='bbox 1614 4507 1693 4562; x_wconf 90' lang='lat' dir='ltr'><strong>Ob</strong></span> <span class='ocrx_word' id='word_1_357' title='bbox 1723 4509 1822 4566; x_wconf 90' lang='lat' dir='ltr'><strong>hoc</strong></span> 
     </span>
    </p>
   </div>
   <div class='ocr_carea' id='block_1_47' title="bbox 210 4594 1818 4668">
    <p class='ocr_par' dir='ltr' id='par_1_47' title="bbox 210 4594 1818 4668">
     <span class='ocr_line' id='line_1_47' title="bbox 210 4594 1818 4668; baseline 0.004 -18"><span class='ocrx_word' id='word_1_358' title='bbox 210 4594 377 4650; x_wconf 85' lang='lat' dir='ltr'><strong>enim</strong></span> <span class='ocrx_word' id='word_1_359' title='bbox 423 4596 702 4650; x_wconf 68' lang='lat' dir='ltr'><strong>sententiae</strong></span> <span class='ocrx_word' id='word_1_360' title='bbox 750 4611 854 4651; x_wconf 93' lang='lat' dir='ltr'><strong>non</strong></span> <span class='ocrx_word' id='word_1_361' title='bbox 899 4595 1152 4652; x_wconf 89' lang='lat' dir='ltr'><strong>addidit:</strong></span> <span class='ocrx_word' id='word_1_362' title='bbox 1187 4596 1242 4652; x_wconf 90' lang='lat' dir='ltr'><strong>Si</strong></span> <span class='ocrx_word' id='word_1_363' title='bbox 1284 4614 1409 4652; x_wconf 90' lang='lat' dir='ltr'><strong>vero</strong></span> <span class='ocrx_word' id='word_1_364' title='bbox 1457 4600 1818 4668; x_wconf 65' lang='lat' dir='ltr'><strong>paenitentiam</strong></span> 
     </span>
    </p>
   </div>
   <div class='ocr_carea' id='block_1_48' title="bbox 208 4684 1817 4758">
    <p class='ocr_par' dir='ltr' id='par_1_48' title="bbox 208 4684 1817 4758">
     <span class='ocr_line' id='line_1_48' title="bbox 208 4684 1817 4758; baseline 0.006 -19"><span class='ocrx_word' id='word_1_365' title='bbox 208 4685 473 4757; x_wconf 80' lang='lat' dir='ltr'><strong>egeritis,</strong></span> <span class='ocrx_word' id='word_1_366' title='bbox 505 4701 742 4756; x_wconf 86' lang='lat' dir='ltr'><strong>parcam,</strong></span> <span class='ocrx_word' id='word_1_367' title='bbox 776 4696 832 4742; x_wconf 91' lang='lat' dir='ltr'><strong>ut</strong></span> <span class='ocrx_word' id='word_1_368' title='bbox 859 4684 1186 4742; x_wconf 82' lang='lat' dir='ltr'><strong>indefinitam</strong></span> <span class='ocrx_word' id='word_1_369' title='bbox 1218 4688 1450 4744; x_wconf 79' lang='lat' dir='ltr'><strong>inferens</strong></span> <span class='ocrx_word' id='word_1_370' title='bbox 1477 4695 1817 4758; x_wconf 88' lang='lat' dir='ltr'><strong>sententiam,</strong></span> 
     </span>
    </p>
   </div>
   <div class='ocr_carea' id='block_1_49' title="bbox 211 4780 1819 4852">
    <p class='ocr_par' dir='ltr' id='par_1_49' title="bbox 211 4780 1819 4852">
     <span class='ocr_line' id='line_1_49' title="bbox 211 4780 1819 4852; baseline 0.004 -20"><span class='ocrx_word' id='word_1_371' title='bbox 211 4786 438 4832; x_wconf 86' lang='lat' dir='ltr'><strong>metum</strong></span> <span class='ocrx_word' id='word_1_372' title='bbox 469 4786 688 4849; x_wconf 85' lang='lat' dir='ltr'><strong>augeret</strong></span> <span class='ocrx_word' id='word_1_373' title='bbox 707 4818 722 4843; x_wconf 98' lang='lat'><strong>,</strong></span> <span class='ocrx_word' id='word_1_374' title='bbox 765 4793 828 4833; x_wconf 86' lang='lat' dir='ltr'><strong>ac</strong></span> <span class='ocrx_word' id='word_1_375' title='bbox 853 4789 996 4834; x_wconf 90' lang='lat' dir='ltr'><strong>metu</strong></span> <span class='ocrx_word' id='word_1_376' title='bbox 1021 4787 1180 4835; x_wconf 87' lang='lat' dir='ltr'><strong>aucto</strong></span> <span class='ocrx_word' id='word_1_377' title='bbox 1205 4780 1430 4836; x_wconf 89' lang='lat' dir='ltr'><strong>celerius</strong></span> <span class='ocrx_word' id='word_1_378' title='bbox 1453 4782 1519 4837; x_wconf 87' lang='lat' dir='ltr'><strong>ad</strong></span> <span class='ocrx_word' id='word_1_379' title='bbox 1551 4784 1819 4852; x_wconf 65' lang='lat' dir='ltr'><strong>paeniten-</strong></span> 
     </span>
    </p>
   </div>
   <div class='ocr_carea' id='block_1_50' title="bbox 208 4869 1820 4942">
    <p class='ocr_par' dir='ltr' id='par_1_50' title="bbox 208 4869 1820 4942">
     <span class='ocr_line' id='line_1_50' title="bbox 208 4869 1820 4942; baseline 0.006 -19"><span class='ocrx_word' id='word_1_380' title='bbox 208 4870 362 4924; x_wconf 87' lang='lat' dir='ltr'><strong>tiam</strong></span> <span class='ocrx_word' id='word_1_381' title='bbox 388 4869 753 4938; x_wconf 84' lang='lat' dir='ltr'><strong>compelleret.</strong></span> <span class='ocrx_word' id='word_1_382' title='bbox 785 4870 847 4925; x_wconf 89' lang='lat' dir='ltr'><strong>Et</strong></span> <span class='ocrx_word' id='word_1_383' title='bbox 873 4870 1132 4942; x_wconf 88' lang='lat' dir='ltr'><strong>propheta</strong></span> <span class='ocrx_word' id='word_1_384' title='bbox 1159 4871 1370 4941; x_wconf 90' lang='lat' dir='ltr'><strong>quidem</strong></span> <span class='ocrx_word' id='word_1_385' title='bbox 1395 4875 1660 4932; x_wconf 87' lang='lat' dir='ltr'><strong>erubescit</strong></span> <span class='ocrx_word' id='word_1_386' title='bbox 1683 4877 1820 4932; x_wconf 86' lang='lat' dir='ltr'><strong>futu-</strong></span> 
     </span>
    </p>
   </div>
   <div class='ocr_carea' id='block_1_51' title="bbox 207 4961 1822 5035">
    <p class='ocr_par' dir='ltr' id='par_1_51' title="bbox 207 4961 1822 5035">
     <span class='ocr_line' id='line_1_51' title="bbox 207 4961 1822 5035; baseline 0.005 -19"><span class='ocrx_word' id='word_1_387' title='bbox 207 4975 350 5016; x_wconf 84' lang='lat' dir='ltr'><strong>rum</strong></span> <span class='ocrx_word' id='word_1_388' title='bbox 395 4961 573 5016; x_wconf 89' lang='lat' dir='ltr'><strong>sciens</strong></span> <span class='ocrx_word' id='word_1_389' title='bbox 616 4970 672 5017; x_wconf 91' lang='lat' dir='ltr'><strong>et</strong></span> <span class='ocrx_word' id='word_1_390' title='bbox 712 4963 1058 5033; x_wconf 90' lang='lat' dir='ltr'><strong>conjectans,</strong></span> <span class='ocrx_word' id='word_1_391' title='bbox 1105 4965 1247 5035; x_wconf 92' lang='lat' dir='ltr'><strong>quod</strong></span> <span class='ocrx_word' id='word_1_392' title='bbox 1291 4966 1484 5021; x_wconf 89' lang='lat' dir='ltr'><strong>infecta</strong></span> <span class='ocrx_word' id='word_1_393' title='bbox 1533 4969 1822 5026; x_wconf 89' lang='lat' dir='ltr'><strong>manebunt</strong></span> 
     </span>
    </p>
   </div>
   <div class='ocr_carea' id='block_1_52' title="bbox 202 5052 1820 5122">
    <p class='ocr_par' dir='ltr' id='par_1_52' title="bbox 202 5052 1820 5122">
     <span class='ocr_line' id='line_1_52' title="bbox 202 5052 1820 5122; baseline 0.004 -13"><span class='ocrx_word' id='word_1_394' title='bbox 202 5053 413 5118; x_wconf 87' lang='lat' dir='ltr'><strong>dicta;</strong></span> <span class='ocrx_word' id='word_1_395' title='bbox 460 5052 599 5108; x_wconf 89' lang='lat' dir='ltr'><strong>Deus</strong></span> <span class='ocrx_word' id='word_1_396' title='bbox 638 5057 950 5110; x_wconf 85' lang='lat' dir='ltr'><strong>autemnon</strong></span> <span class='ocrx_word' id='word_1_397' title='bbox 997 5057 1302 5122; x_wconf 88' lang='lat' dir='ltr'><strong>erubescit,</strong></span> <span class='ocrx_word' id='word_1_398' title='bbox 1348 5059 1442 5114; x_wconf 89' lang='lat' dir='ltr'><strong>sed</strong></span> <span class='ocrx_word' id='word_1_399' title='bbox 1470 5077 1630 5114; x_wconf 92' lang='lat' dir='ltr'><strong>unum</strong></span> <span class='ocrx_word' id='word_1_400' title='bbox 1662 5062 1820 5118; x_wconf 85' lang='lat' dir='ltr'><strong>dum-</strong></span> 
     </span>
    </p>
   </div>
   <div class='ocr_carea' id='block_1_53' title="bbox 205 5143 1817 5220">
    <p class='ocr_par' dir='ltr' id='par_1_53' title="bbox 205 5143 1817 5220">
     <span class='ocr_line' id='line_1_53' title="bbox 205 5143 1817 5220; baseline 0.004 -19"><span class='ocrx_word' id='word_1_401' title='bbox 205 5153 407 5210; x_wconf 80' lang='lat' dir='ltr'><strong>taxat,</strong></span> <span class='ocrx_word' id='word_1_402' title='bbox 440 5143 716 5200; x_wconf 86' lang='lat' dir='ltr'><strong>hominum</strong></span> <span class='ocrx_word' id='word_1_403' title='bbox 753 5147 955 5202; x_wconf 88' lang='lat' dir='ltr'><strong>scilicet</strong></span> <span class='ocrx_word' id='word_1_404' title='bbox 981 5147 1204 5204; x_wconf 87' lang='lat' dir='ltr'><strong>salutem</strong></span> <span class='ocrx_word' id='word_1_405' title='bbox 1225 5190 1240 5214; x_wconf 89' lang='lat'><strong>,</strong></span> <span class='ocrx_word' id='word_1_406' title='bbox 1272 5150 1491 5220; x_wconf 72' lang='lat' dir='ltr'><strong>qumrit,</strong></span> <span class='ocrx_word' id='word_1_407' title='bbox 1525 5162 1580 5206; x_wconf 91' lang='lat' dir='ltr'><strong>et</strong></span> <span class='ocrx_word' id='word_1_408' title='bbox 1607 5167 1817 5208; x_wconf 61' lang='lat' dir='ltr'><strong>servum</strong></span> 
     </span>
    </p>
   </div>
   <div class='ocr_carea' id='block_1_54' title="bbox 201 5238 1821 5316">
    <p class='ocr_par' dir='ltr' id='par_1_54' title="bbox 201 5238 1821 5316">
     <span class='ocr_line' id='line_1_54' title="bbox 201 5238 1821 5316; baseline 0.004 -21"><span class='ocrx_word' id='word_1_409' title='bbox 201 5255 386 5296; x_wconf 87' lang='lat' dir='ltr'><strong>suum</strong></span> <span class='ocrx_word' id='word_1_410' title='bbox 417 5238 688 5294; x_wconf 89' lang='lat' dir='ltr'><strong>emendat.</strong></span> <span class='ocrx_word' id='word_1_411' title='bbox 723 5239 1008 5311; x_wconf 87' lang='lat' dir='ltr'><strong>Postquam</strong></span> <span class='ocrx_word' id='word_1_412' title='bbox 1033 5241 1176 5298; x_wconf 89' lang='lat' dir='ltr'><strong>enim</strong></span> <span class='ocrx_word' id='word_1_413' title='bbox 1203 5243 1466 5313; x_wconf 82' lang='lat' dir='ltr'><strong>navigium</strong></span> <span class='ocrx_word' id='word_1_414' title='bbox 1497 5245 1587 5299; x_wconf 83' lang='lat' dir='ltr'><strong>ille</strong></span> <span class='ocrx_word' id='word_1_415' title='bbox 1617 5245 1821 5316; x_wconf 88' lang='lat' dir='ltr'><strong>ingres-</strong></span> 
     </span>
    </p>
   </div>
   <div class='ocr_carea' id='block_1_55' title="bbox 199 5331 1817 5407">
    <p class='ocr_par' dir='ltr' id='par_1_55' title="bbox 199 5331 1817 5407">
     <span class='ocr_line' id='line_1_55' title="bbox 199 5331 1817 5407; baseline 0.004 -20"><span class='ocrx_word' id='word_1_416' title='bbox 199 5345 310 5388; x_wconf 78' lang='lat' dir='ltr'><strong>sus</strong></span> <span class='ocrx_word' id='word_1_417' title='bbox 344 5340 475 5394; x_wconf 84' lang='lat' dir='ltr'><strong>est,</strong></span> <span class='ocrx_word' id='word_1_418' title='bbox 521 5331 698 5384; x_wconf 80' lang='lat' dir='ltr'><strong>statim</strong></span> <span class='ocrx_word' id='word_1_419' title='bbox 742 5333 990 5388; x_wconf 82' lang='lat' dir='ltr'><strong>excitavit</strong></span> <span class='ocrx_word' id='word_1_420' title='bbox 1033 5349 1202 5400; x_wconf 89' lang='lat' dir='ltr'><strong>mare,</strong></span> <span class='ocrx_word' id='word_1_421' title='bbox 1244 5342 1303 5388; x_wconf 89' lang='lat' dir='ltr'><strong>ut</strong></span> <span class='ocrx_word' id='word_1_422' title='bbox 1343 5335 1517 5390; x_wconf 90' lang='lat' dir='ltr'><strong>discas</strong></span> <span class='ocrx_word' id='word_1_423' title='bbox 1560 5339 1699 5407; x_wconf 91' lang='lat' dir='ltr'><strong>quod</strong></span> <span class='ocrx_word' id='word_1_424' title='bbox 1727 5339 1817 5394; x_wconf 89' lang='lat' dir='ltr'><strong>ubi</strong></span> 
     </span>
    </p>
   </div>
   <div class='ocr_carea' id='block_1_56' title="bbox 201 5419 1819 5491">
    <p class='ocr_par' dir='ltr' id='par_1_56' title="bbox 201 5419 1819 5491">
     <span class='ocr_line' id='line_1_56' title="bbox 201 5419 1819 5491; baseline 0.006 -18"><span class='ocrx_word' id='word_1_425' title='bbox 201 5429 510 5491; x_wconf 85' lang='lat' dir='ltr'><strong>peccatum</strong></span> <span class='ocrx_word' id='word_1_426' title='bbox 533 5461 548 5487; x_wconf 93' lang='lat'><strong>,</strong></span> <span class='ocrx_word' id='word_1_427' title='bbox 580 5419 653 5476; x_wconf 89' lang='lat' dir='ltr'><strong>ibi</strong></span> <span class='ocrx_word' id='word_1_428' title='bbox 683 5422 938 5491; x_wconf 88' lang='lat' dir='ltr'><strong>procella,</strong></span> <span class='ocrx_word' id='word_1_429' title='bbox 969 5423 1058 5479; x_wconf 89' lang='lat' dir='ltr'><strong>ubi</strong></span> <span class='ocrx_word' id='word_1_430' title='bbox 1087 5424 1468 5488; x_wconf 87' lang='lat' dir='ltr'><strong>inobedientia,</strong></span> <span class='ocrx_word' id='word_1_431' title='bbox 1499 5427 1567 5482; x_wconf 92' lang='lat' dir='ltr'><strong>ibi</strong></span> <span class='ocrx_word' id='word_1_432' title='bbox 1597 5427 1819 5483; x_wconf 59' lang='lat' dir='ltr'><strong>ﬂuctuao</strong></span> 
     </span>
    </p>
   </div>
   <div class='ocr_carea' id='block_1_57' title="bbox 199 5511 1817 5590">
    <p class='ocr_par' dir='ltr' id='par_1_57' title="bbox 199 5511 1817 5590">
     <span class='ocr_line' id='line_1_57' title="bbox 199 5511 1817 5590; baseline 0.006 -24"><span class='ocrx_word' id='word_1_433' title='bbox 199 5513 287 5566; x_wconf 90' lang='lat' dir='ltr'><strong>tio</strong></span> <span class='ocrx_word' id='word_1_434' title='bbox 322 5527 340 5563; x_wconf 90' lang='lat'><strong>:</strong></span> <span class='ocrx_word' id='word_1_435' title='bbox 379 5517 440 5565; x_wconf 85' lang='lat' dir='ltr'><strong>et</strong></span> <span class='ocrx_word' id='word_1_436' title='bbox 482 5511 822 5581; x_wconf 87' lang='lat' dir='ltr'><strong>quatiebatur</strong></span> <span class='ocrx_word' id='word_1_437' title='bbox 861 5513 1074 5584; x_wconf 89' lang='lat' dir='ltr'><strong>quidem</strong></span> <span class='ocrx_word' id='word_1_438' title='bbox 1116 5515 1301 5571; x_wconf 86' lang='lat' dir='ltr'><strong>civitas</strong></span> <span class='ocrx_word' id='word_1_439' title='bbox 1343 5529 1560 5589; x_wconf 87' lang='lat' dir='ltr'><strong>propler</strong></span> <span class='ocrx_word' id='word_1_440' title='bbox 1599 5530 1817 5590; x_wconf 85' lang='lat' dir='ltr'><strong>peccata</strong></span> 
     </span>
    </p>
   </div>
   <div class='ocr_carea' id='block_1_58' title="bbox 196 5601 1819 5682">
    <p class='ocr_par' dir='ltr' id='par_1_58' title="bbox 196 5601 1819 5682">
     <span class='ocr_line' id='line_1_58' title="bbox 196 5601 1819 5682; baseline 0.004 -20"><span class='ocrx_word' id='word_1_441' title='bbox 196 5601 605 5670; x_wconf 75' lang='lat' dir='ltr'><strong>Ninivitarum,</strong></span> <span class='ocrx_word' id='word_1_442' title='bbox 650 5605 988 5676; x_wconf 89' lang='lat' dir='ltr'><strong>quatiebatur</strong></span> <span class='ocrx_word' id='word_1_443' title='bbox 1023 5617 1198 5664; x_wconf 90' lang='lat' dir='ltr'><strong>autem</strong></span> <span class='ocrx_word' id='word_1_444' title='bbox 1230 5617 1284 5664; x_wconf 88' lang='lat' dir='ltr'><strong>et</strong></span> <span class='ocrx_word' id='word_1_445' title='bbox 1309 5609 1574 5680; x_wconf 82' lang='lat' dir='ltr'><strong>navigium</strong></span> <span class='ocrx_word' id='word_1_446' title='bbox 1603 5620 1819 5682; x_wconf 88' lang='lat' dir='ltr'><strong>propter</strong></span> 
     </span>
    </p>
   </div>
   <div class='ocr_carea' id='block_1_59' title="bbox 199 5697 1818 5770">
    <p class='ocr_par' dir='ltr' id='par_1_59' title="bbox 199 5697 1818 5770">
     <span class='ocr_line' id='line_1_59' title="bbox 199 5697 1818 5770; baseline 0.005 -18"><span class='ocrx_word' id='word_1_447' title='bbox 199 5697 509 5768; x_wconf 71' lang='lat' dir='ltr'><strong>propinata:</strong></span> <span class='ocrx_word' id='word_1_448' title='bbox 553 5698 989 5755; x_wconf 90' lang='lat' dir='ltr'><strong>inobedientiam.</strong></span> <span class='ocrx_word' id='word_1_449' title='bbox 1037 5699 1117 5755; x_wconf 91' lang='lat' dir='ltr'><strong>llli</strong></span> <span class='ocrx_word' id='word_1_450' title='bbox 1161 5701 1318 5770; x_wconf 89' lang='lat' dir='ltr'><strong>igitur</strong></span> <span class='ocrx_word' id='word_1_451' title='bbox 1343 5700 1530 5756; x_wconf 85' lang='lat' dir='ltr'><strong>Jonam</strong></span> <span class='ocrx_word' id='word_1_452' title='bbox 1574 5704 1624 5758; x_wconf 91' lang='lat' dir='ltr'><strong>in</strong></span> <span class='ocrx_word' id='word_1_453' title='bbox 1671 5719 1818 5760; x_wconf 86' lang='lat' dir='ltr'><strong>mare</strong></span> 
     </span>
    </p>
   </div>
   <div class='ocr_carea' id='block_1_60' title="bbox 201 5791 1815 5866">
    <p class='ocr_par' dir='ltr' id='par_1_60' title="bbox 201 5791 1815 5866">
     <span class='ocr_line' id='line_1_60' title="bbox 201 5791 1815 5866; baseline 0.002 -19"><span class='ocrx_word' id='word_1_454' title='bbox 201 5791 541 5863; x_wconf 72' lang='lat' dir='ltr'><strong>dejeccrunt</strong></span> <span class='ocrx_word' id='word_1_455' title='bbox 565 5831 579 5857; x_wconf 95' lang='lat'><strong>,</strong></span> <span class='ocrx_word' id='word_1_456' title='bbox 620 5802 672 5845; x_wconf 86' lang='lat' dir='ltr'><strong>et</strong></span> <span class='ocrx_word' id='word_1_457' title='bbox 715 5791 860 5847; x_wconf 82' lang='lat' dir='ltr'><strong>stetit</strong></span> <span class='ocrx_word' id='word_1_458' title='bbox 889 5792 1152 5864; x_wconf 84' lang='lat' dir='ltr'><strong>navigium</strong></span> <span class='ocrx_word' id='word_1_459' title='bbox 1184 5811 1195 5847; x_wconf 93' lang='lat'><strong>:</strong></span> <span class='ocrx_word' id='word_1_460' title='bbox 1226 5808 1323 5849; x_wconf 90' lang='lat' dir='ltr'><strong>nos</strong></span> <span class='ocrx_word' id='word_1_461' title='bbox 1351 5810 1563 5866; x_wconf 86' lang='lat' dir='ltr'><strong>quoque</strong></span> <span class='ocrx_word' id='word_1_462' title='bbox 1604 5808 1815 5866; x_wconf 82' lang='lat' dir='ltr'><strong>peccata</strong></span> 
     </span>
    </p>
   </div>
   <div class='ocr_carea' id='block_1_61' title="bbox 1940 464 3521 545">
    <p class='ocr_par' dir='ltr' id='par_1_61' title="bbox 1940 464 3521 545">
     <span class='ocr_line' id='line_1_61' title="bbox 1940 464 3521 545; baseline 0.005 -27"><span class='ocrx_word' id='word_1_463' title='bbox 1940 464 2345 537; x_wconf 87' lang='lat' dir='ltr'><strong>submergamus</strong></span> <span class='ocrx_word' id='word_1_464' title='bbox 2363 511 2378 535; x_wconf 95' lang='lat'><strong>,</strong></span> <span class='ocrx_word' id='word_1_465' title='bbox 2410 480 2463 525; x_wconf 89' lang='lat' dir='ltr'><strong>et</strong></span> <span class='ocrx_word' id='word_1_466' title='bbox 2490 471 2676 528; x_wconf 76' lang='lat' dir='ltr'><strong>civitas</strong></span> <span class='ocrx_word' id='word_1_467' title='bbox 2701 473 2920 528; x_wconf 82' lang='lat' dir='ltr'><strong>omn-lno</strong></span> <span class='ocrx_word' id='word_1_468' title='bbox 2947 471 3127 530; x_wconf 82' lang='lat' dir='ltr'><strong>stabit.</strong></span> <span class='ocrx_word' id='word_1_469' title='bbox 3181 473 3358 544; x_wconf 80' lang='lat' dir='ltr'><strong>Itaque</strong></span> <span class='ocrx_word' id='word_1_470' title='bbox 3387 475 3521 545; x_wconf 79' lang='lat' dir='ltr'><strong>fuga-</strong></span> 
     </span>
    </p>
   </div>
   <div class='ocr_carea' id='block_1_62' title="bbox 1937 557 3520 637">
    <p class='ocr_par' dir='ltr' id='par_1_62' title="bbox 1937 557 3520 637">
     <span class='ocr_line' id='line_1_62' title="bbox 1937 557 3520 637; baseline 0.005 -27"><span class='ocrx_word' id='word_1_471' title='bbox 1937 557 2079 611; x_wconf 91' lang='lat' dir='ltr'><strong>nulla</strong></span> <span class='ocrx_word' id='word_1_472' title='bbox 2109 558 2262 614; x_wconf 81' lang='lat' dir='ltr'><strong>nobis</strong></span> <span class='ocrx_word' id='word_1_473' title='bbox 2288 561 2522 624; x_wconf 89' lang='lat' dir='ltr'><strong>utilitas,</strong></span> <span class='ocrx_word' id='word_1_474' title='bbox 2559 563 2698 618; x_wconf 89' lang='lat' dir='ltr'><strong>sicut</strong></span> <span class='ocrx_word' id='word_1_475' title='bbox 2743 579 2842 619; x_wconf 90' lang='lat' dir='ltr'><strong>nec</strong></span> <span class='ocrx_word' id='word_1_476' title='bbox 2877 564 3024 619; x_wconf 74' lang='lat' dir='ltr'><strong>illum</strong></span> <span class='ocrx_word' id='word_1_477' title='bbox 3071 566 3189 637; x_wconf 86' lang='lat' dir='ltr'><strong>fuga</strong></span> <span class='ocrx_word' id='word_1_478' title='bbox 3235 566 3520 636; x_wconf 76' lang='lat' dir='ltr'><strong>quidquam</strong></span> 
     </span>
    </p>
   </div>
   <div class='ocr_carea' id='block_1_63' title="bbox 1933 648 3540 727">
    <p class='ocr_par' dir='ltr' id='par_1_63' title="bbox 1933 648 3540 727">
     <span class='ocr_line' id='line_1_63' title="bbox 1933 648 3540 727; baseline 0.003 -26"><span class='ocrx_word' id='word_1_479' title='bbox 1933 648 2164 717; x_wconf 81' lang='lat' dir='ltr'><strong>adjuvit,</strong></span> <span class='ocrx_word' id='word_1_480' title='bbox 2209 650 2452 719; x_wconf 86' lang='lat' dir='ltr'><strong>quinimo</strong></span> <span class='ocrx_word' id='word_1_481' title='bbox 2480 661 2535 707; x_wconf 90' lang='lat' dir='ltr'><strong>et</strong></span> <span class='ocrx_word' id='word_1_482' title='bbox 2562 653 2698 708; x_wconf 62' lang='lat' dir='ltr'><strong>trusit</strong></span> <span class='ocrx_word' id='word_1_483' title='bbox 2735 671 2749 708; x_wconf 92' lang='lat'><strong>:</strong></span> <span class='ocrx_word' id='word_1_484' title='bbox 2781 655 3014 727; x_wconf 84' lang='lat' dir='ltr'><strong>fugiebat</strong></span> <span class='ocrx_word' id='word_1_485' title='bbox 3057 672 3187 726; x_wconf 89' lang='lat' dir='ltr'><strong>ergo</strong></span> <span class='ocrx_word' id='word_1_486' title='bbox 3215 668 3442 723; x_wconf 86' lang='lat' dir='ltr'><strong>terram,</strong></span> <span class='ocrx_word' id='word_1_487' title='bbox 3471 670 3540 709; x_wconf 81' lang='lat' dir='ltr'><strong>t-t.</strong></span> 
     </span>
    </p>
   </div>
   <div class='ocr_carea' id='block_1_64' title="bbox 1937 741 3515 818">
    <p class='ocr_par' dir='ltr' id='par_1_64' title="bbox 1937 741 3515 818">
     <span class='ocr_line' id='line_1_64' title="bbox 1937 741 3515 818; baseline 0.003 -22"><span class='ocrx_word' id='word_1_488' title='bbox 1937 741 2027 796; x_wconf 88' lang='lat' dir='ltr'><strong>Dei</strong></span> <span class='ocrx_word' id='word_1_489' title='bbox 2057 742 2190 796; x_wconf 89' lang='lat' dir='ltr'><strong>iram</strong></span> <span class='ocrx_word' id='word_1_490' title='bbox 2217 744 2652 814; x_wconf 61' lang='lat' dir='ltr'><strong>noneﬂ&#39;ugiebat.</strong></span> <span class='ocrx_word' id='word_1_491' title='bbox 2684 747 2938 818; x_wconf 88' lang='lat' dir='ltr'><strong>Fogiebat</strong></span> <span class='ocrx_word' id='word_1_492' title='bbox 2966 761 3189 815; x_wconf 89' lang='lat' dir='ltr'><strong>terram,</strong></span> <span class='ocrx_word' id='word_1_493' title='bbox 3213 760 3270 805; x_wconf 90' lang='lat' dir='ltr'><strong>et</strong></span> <span class='ocrx_word' id='word_1_494' title='bbox 3293 750 3344 803; x_wconf 88' lang='lat' dir='ltr'><strong>in</strong></span> <span class='ocrx_word' id='word_1_495' title='bbox 3369 766 3515 803; x_wconf 88' lang='lat' dir='ltr'><strong>mare</strong></span> 
     </span>
    </p>
   </div>
   <div class='ocr_carea' id='block_1_65' title="bbox 1934 835 3538 909">
    <p class='ocr_par' dir='ltr' id='par_1_65' title="bbox 1934 835 3538 909">
     <span class='ocr_line' id='line_1_65' title="bbox 1934 835 3538 909; baseline 0.004 -23"><span class='ocrx_word' id='word_1_496' title='bbox 1934 840 2306 902; x_wconf 77' lang='lat' dir='ltr'><strong>tetnpestatem</strong></span> <span class='ocrx_word' id='word_1_497' title='bbox 2351 835 2558 890; x_wconf 76' lang='lat' dir='ltr'><strong>induxit</strong></span> <span class='ocrx_word' id='word_1_498' title='bbox 2601 855 2614 892; x_wconf 92' lang='lat'><strong>:</strong></span> <span class='ocrx_word' id='word_1_499' title='bbox 2662 854 2760 894; x_wconf 85' lang='lat' dir='ltr'><strong>nee</strong></span> <span class='ocrx_word' id='word_1_500' title='bbox 2804 847 3007 894; x_wconf 87' lang='lat' dir='ltr'><strong>tantum</strong></span> <span class='ocrx_word' id='word_1_501' title='bbox 3046 839 3248 895; x_wconf 91' lang='lat' dir='ltr'><strong>nullum</strong></span> <span class='ocrx_word' id='word_1_502' title='bbox 3291 856 3356 895; x_wconf 80' lang='lat' dir='ltr'><strong>ex</strong></span> <span class='ocrx_word' id='word_1_503' title='bbox 3403 840 3538 909; x_wconf 83' lang='lat' dir='ltr'><strong>fuga-</strong></span> 
     </span>
    </p>
   </div>
   <div class='ocr_carea' id='block_1_66' title="bbox 1934 924 3521 1003">
    <p class='ocr_par' dir='ltr' id='par_1_66' title="bbox 1934 924 3521 1003">
     <span class='ocr_line' id='line_1_66' title="bbox 1934 924 3521 1003; baseline 0.004 -23"><span class='ocrx_word' id='word_1_504' title='bbox 1934 924 2129 980; x_wconf 90' lang='lat' dir='ltr'><strong>bonum</strong></span> <span class='ocrx_word' id='word_1_505' title='bbox 2161 935 2349 982; x_wconf 89' lang='lat' dir='ltr'><strong>nactus</strong></span> <span class='ocrx_word' id='word_1_506' title='bbox 2377 941 2481 995; x_wconf 84' lang='lat' dir='ltr'><strong>est,</strong></span> <span class='ocrx_word' id='word_1_507' title='bbox 2514 929 2608 984; x_wconf 89' lang='lat' dir='ltr'><strong>sed</strong></span> <span class='ocrx_word' id='word_1_508' title='bbox 2634 931 2792 986; x_wconf 87' lang='lat' dir='ltr'><strong>etiam</strong></span> <span class='ocrx_word' id='word_1_509' title='bbox 2819 947 2913 988; x_wconf 90' lang='lat' dir='ltr'><strong>eos</strong></span> <span class='ocrx_word' id='word_1_510' title='bbox 2939 934 3028 1003; x_wconf 88' lang='lat' dir='ltr'><strong>qui</strong></span> <span class='ocrx_word' id='word_1_511' title='bbox 3057 948 3117 988; x_wconf 89' lang='lat' dir='ltr'><strong>se</strong></span> <span class='ocrx_word' id='word_1_512' title='bbox 3146 944 3521 1003; x_wconf 56' lang='lat' dir='ltr'><strong>susceperunt;</strong></span> 
     </span>
    </p>
   </div>
   <div class='ocr_carea' id='block_1_67' title="bbox 1935 1017 3524 1096">
    <p class='ocr_par' dir='ltr' id='par_1_67' title="bbox 1935 1017 3524 1096">
     <span class='ocr_line' id='line_1_67' title="bbox 1935 1017 3524 1096; baseline 0.006 -27"><span class='ocrx_word' id='word_1_513' title='bbox 1935 1017 1985 1069; x_wconf 91' lang='lat' dir='ltr'><strong>in</strong></span> <span class='ocrx_word' id='word_1_514' title='bbox 2011 1026 2308 1072; x_wconf 81' lang='lat' dir='ltr'><strong>extremum</strong></span> <span class='ocrx_word' id='word_1_515' title='bbox 2340 1020 2632 1088; x_wconf 91' lang='lat' dir='ltr'><strong>perieulum</strong></span> <span class='ocrx_word' id='word_1_516' title='bbox 2659 1022 2913 1088; x_wconf 67' lang='lat' dir='ltr'><strong>adduxit»,</strong></span> <span class='ocrx_word' id='word_1_517' title='bbox 2953 1033 3009 1078; x_wconf 90' lang='lat' dir='ltr'><strong>et</strong></span> <span class='ocrx_word' id='word_1_518' title='bbox 3034 1025 3248 1094; x_wconf 77' lang='lat' dir='ltr'><strong>quando</strong></span> <span class='ocrx_word' id='word_1_519' title='bbox 3269 1026 3524 1096; x_wconf 75' lang='lat' dir='ltr'><strong>navigans</strong></span> 
     </span>
    </p>
   </div>
   <div class='ocr_carea' id='block_1_68' title="bbox 1935 1106 3520 1185">
    <p class='ocr_par' dir='ltr' id='par_1_68' title="bbox 1935 1106 3520 1185">
     <span class='ocr_line' id='line_1_68' title="bbox 1935 1106 3520 1185; baseline 0.008 -26"><span class='ocrx_word' id='word_1_520' title='bbox 1935 1106 1986 1160; x_wconf 90' lang='lat' dir='ltr'><strong>in</strong></span> <span class='ocrx_word' id='word_1_521' title='bbox 2014 1108 2224 1177; x_wconf 87' lang='lat' dir='ltr'><strong>navigio</strong></span> <span class='ocrx_word' id='word_1_522' title='bbox 2251 1109 2492 1176; x_wconf 88' lang='lat' dir='ltr'><strong>sedebat,</strong></span> <span class='ocrx_word' id='word_1_523' title='bbox 2517 1120 2570 1165; x_wconf 90' lang='lat' dir='ltr'><strong>et</strong></span> <span class='ocrx_word' id='word_1_524' title='bbox 2592 1121 2768 1166; x_wconf 72' lang='lat' dir='ltr'><strong>nauta:</strong></span> <span class='ocrx_word' id='word_1_525' title='bbox 2796 1123 2850 1168; x_wconf 92' lang='lat' dir='ltr'><strong>et</strong></span> <span class='ocrx_word' id='word_1_526' title='bbox 2869 1114 3263 1185; x_wconf 83' lang='lat' dir='ltr'><strong>gubernatores</strong></span> <span class='ocrx_word' id='word_1_527' title='bbox 3276 1114 3520 1182; x_wconf 80' lang='lat' dir='ltr'><strong>aderant,</strong></span> 
     </span>
    </p>
   </div>
   <div class='ocr_carea' id='block_1_69' title="bbox 1933 1199 3523 1276">
    <p class='ocr_par' dir='ltr' id='par_1_69' title="bbox 1933 1199 3523 1276">
     <span class='ocr_line' id='line_1_69' title="bbox 1933 1199 3523 1276; baseline 0.007 -26"><span class='ocrx_word' id='word_1_528' title='bbox 1933 1199 2212 1269; x_wconf 69' lang='lat' dir='ltr'><strong>nuntiisque</strong></span> <span class='ocrx_word' id='word_1_529' title='bbox 2250 1202 2492 1256; x_wconf 86' lang='lat' dir='ltr'><strong>nauticus</strong></span> <span class='ocrx_word' id='word_1_530' title='bbox 2519 1213 2806 1273; x_wconf 87' lang='lat' dir='ltr'><strong>apparatus</strong></span> <span class='ocrx_word' id='word_1_531' title='bbox 2830 1247 2845 1271; x_wconf 97' lang='lat'><strong>,</strong></span> <span class='ocrx_word' id='word_1_532' title='bbox 2879 1205 2948 1261; x_wconf 89' lang='lat' dir='ltr'><strong>de</strong></span> <span class='ocrx_word' id='word_1_533' title='bbox 2975 1207 3230 1261; x_wconf 79' lang='lat' dir='ltr'><strong>extremis</strong></span> <span class='ocrx_word' id='word_1_534' title='bbox 3260 1208 3523 1276; x_wconf 86' lang='lat' dir='ltr'><strong>periclita-</strong></span> 
     </span>
    </p>
   </div>
   <div class='ocr_carea' id='block_1_70' title="bbox 1935 1291 3522 1368">
    <p class='ocr_par' dir='ltr' id='par_1_70' title="bbox 1935 1291 3522 1368">
     <span class='ocr_line' id='line_1_70' title="bbox 1935 1291 3522 1368; baseline 0.006 -24"><span class='ocrx_word' id='word_1_535' title='bbox 1935 1291 2089 1345; x_wconf 88' lang='lat' dir='ltr'><strong>batur</strong></span> <span class='ocrx_word' id='word_1_536' title='bbox 2121 1309 2134 1346; x_wconf 89' lang='lat'>:</span> <span class='ocrx_word' id='word_1_537' title='bbox 2170 1306 2448 1364; x_wconf 87' lang='lat' dir='ltr'><strong>postquam</strong></span> <span class='ocrx_word' id='word_1_538' title='bbox 2491 1304 2670 1351; x_wconf 90' lang='lat' dir='ltr'><strong>autem</strong></span> <span class='ocrx_word' id='word_1_539' title='bbox 2716 1297 2768 1352; x_wconf 91' lang='lat' dir='ltr'><strong>in</strong></span> <span class='ocrx_word' id='word_1_540' title='bbox 2817 1314 2964 1353; x_wconf 87' lang='lat' dir='ltr'><strong>mare</strong></span> <span class='ocrx_word' id='word_1_541' title='bbox 2995 1299 3284 1368; x_wconf 89' lang='lat' dir='ltr'><strong>projectus,</strong></span> <span class='ocrx_word' id='word_1_542' title='bbox 3315 1306 3374 1353; x_wconf 89' lang='lat' dir='ltr'><strong>et</strong></span> <span class='ocrx_word' id='word_1_543' title='bbox 3400 1314 3522 1368; x_wconf 81' lang='lat' dir='ltr'><strong>pec-</strong></span> 
     </span>
    </p>
   </div>
   <div class='ocr_carea' id='block_1_71' title="bbox 1933 1385 3524 1457">
    <p class='ocr_par' dir='ltr' id='par_1_71' title="bbox 1933 1385 3524 1457">
     <span class='ocr_line' id='line_1_71' title="bbox 1933 1385 3524 1457; baseline 0.006 -22"><span class='ocrx_word' id='word_1_544' title='bbox 1933 1391 2109 1436; x_wconf 88' lang='lat' dir='ltr'><strong>catum</strong></span> <span class='ocrx_word' id='word_1_545' title='bbox 2135 1398 2230 1453; x_wconf 84' lang='lat' dir='ltr'><strong>per</strong></span> <span class='ocrx_word' id='word_1_546' title='bbox 2255 1385 2571 1454; x_wconf 84' lang='lat' dir='ltr'><strong>supplicium</strong></span> <span class='ocrx_word' id='word_1_547' title='bbox 2597 1387 2894 1457; x_wconf 90' lang='lat' dir='ltr'><strong>deponens,</strong></span> <span class='ocrx_word' id='word_1_548' title='bbox 2928 1390 2978 1443; x_wconf 92' lang='lat' dir='ltr'><strong>in</strong></span> <span class='ocrx_word' id='word_1_549' title='bbox 3011 1390 3328 1445; x_wconf 86' lang='lat' dir='ltr'><strong>immensum</strong></span> <span class='ocrx_word' id='word_1_550' title='bbox 3354 1390 3524 1445; x_wconf 89' lang='lat' dir='ltr'><strong>dedu-</strong></span> 
     </span>
    </p>
   </div>
   <div class='ocr_carea' id='block_1_72' title="bbox 1933 1479 3525 1553">
    <p class='ocr_par' dir='ltr' id='par_1_72' title="bbox 1933 1479 3525 1553">
     <span class='ocr_line' id='line_1_72' title="bbox 1933 1479 3525 1553; baseline 0.006 -24"><span class='ocrx_word' id='word_1_551' title='bbox 1933 1484 2049 1529; x_wconf 88' lang='lat' dir='ltr'><strong>ctus</strong></span> <span class='ocrx_word' id='word_1_552' title='bbox 2071 1485 2155 1531; x_wconf 89' lang='lat' dir='ltr'><strong>est</strong></span> <span class='ocrx_word' id='word_1_553' title='bbox 2181 1479 2468 1548; x_wconf 86' lang='lat' dir='ltr'><strong>navigium,</strong></span> <span class='ocrx_word' id='word_1_554' title='bbox 2499 1481 2602 1535; x_wconf 88' lang='lat' dir='ltr'><strong>ceti</strong></span> <span class='ocrx_word' id='word_1_555' title='bbox 2630 1481 2833 1536; x_wconf 88' lang='lat' dir='ltr'><strong>scilicet</strong></span> <span class='ocrx_word' id='word_1_556' title='bbox 2864 1493 3126 1549; x_wconf 83' lang='lat' dir='ltr'><strong>ventrem,</strong></span> <span class='ocrx_word' id='word_1_557' title='bbox 3161 1486 3327 1538; x_wconf 89' lang='lat' dir='ltr'><strong>multa</strong></span> <span class='ocrx_word' id='word_1_558' title='bbox 3357 1485 3525 1553; x_wconf 85' lang='lat' dir='ltr'><strong>potie-</strong></span> 
     </span>
    </p>
   </div>
   <div class='ocr_carea' id='block_1_73' title="bbox 1933 1565 3540 1644">
    <p class='ocr_par' dir='ltr' id='par_1_73' title="bbox 1933 1565 3540 1644">
     <span class='ocr_line' id='line_1_73' title="bbox 1933 1565 3540 1644; baseline 0.006 -25"><span class='ocrx_word' id='word_1_559' title='bbox 1933 1565 2090 1621; x_wconf 89' lang='lat' dir='ltr'><strong>batur</strong></span> <span class='ocrx_word' id='word_1_560' title='bbox 2132 1568 2394 1634; x_wconf 82' lang='lat' dir='ltr'><strong>libertate,</strong></span> <span class='ocrx_word' id='word_1_561' title='bbox 2445 1582 2500 1625; x_wconf 94' lang='lat' dir='ltr'><strong>ut</strong></span> <span class='ocrx_word' id='word_1_562' title='bbox 2543 1572 2737 1640; x_wconf 90' lang='lat' dir='ltr'><strong>discas,</strong></span> <span class='ocrx_word' id='word_1_563' title='bbox 2787 1574 2926 1628; x_wconf 89' lang='lat' dir='ltr'><strong>sicut</strong></span> <span class='ocrx_word' id='word_1_564' title='bbox 2967 1575 3019 1628; x_wconf 93' lang='lat' dir='ltr'><strong>in</strong></span> <span class='ocrx_word' id='word_1_565' title='bbox 3067 1576 3298 1644; x_wconf 78' lang='lat' dir='ltr'><strong>peccatis</strong></span> <span class='ocrx_word' id='word_1_566' title='bbox 3326 1577 3540 1631; x_wconf 22' lang='lat' dir='ltr'><strong>viventis</strong></span> 
     </span>
    </p>
   </div>
   <div class='ocr_carea' id='block_1_74' title="bbox 1935 1665 3536 1739">
    <p class='ocr_par' dir='ltr' id='par_1_74' title="bbox 1935 1665 3536 1739">
     <span class='ocr_line' id='line_1_74' title="bbox 1935 1665 3536 1739; baseline 0.006 -25"><span class='ocrx_word' id='word_1_567' title='bbox 1935 1677 2109 1731; x_wconf 83' lang='lat' dir='ltr'><strong>neque</strong></span> <span class='ocrx_word' id='word_1_568' title='bbox 2138 1665 2404 1733; x_wconf 86' lang='lat' dir='ltr'><strong>navigium</strong></span> <span class='ocrx_word' id='word_1_569' title='bbox 2438 1666 2695 1735; x_wconf 86' lang='lat' dir='ltr'><strong>prodest,</strong></span> <span class='ocrx_word' id='word_1_570' title='bbox 2740 1669 2819 1722; x_wconf 90' lang='lat' dir='ltr'><strong>sic</strong></span> <span class='ocrx_word' id='word_1_571' title='bbox 2850 1677 3068 1738; x_wconf 80' lang='lat' dir='ltr'><strong>peccato</strong></span> <span class='ocrx_word' id='word_1_572' title='bbox 3105 1679 3320 1724; x_wconf 81' lang='lat' dir='ltr'><strong>exutum</strong></span> <span class='ocrx_word' id='word_1_573' title='bbox 3353 1686 3536 1739; x_wconf 70' lang='lat' dir='ltr'><strong>neque</strong></span> 
     </span>
    </p>
   </div>
   <div class='ocr_carea' id='block_1_75' title="bbox 1933 1753 3521 1828">
    <p class='ocr_par' dir='ltr' id='par_1_75' title="bbox 1933 1753 3521 1828">
     <span class='ocr_line' id='line_1_75' title="bbox 1933 1753 3521 1828; baseline 0.004 -23"><span class='ocrx_word' id='word_1_574' title='bbox 1933 1767 2080 1806; x_wconf 89' lang='lat' dir='ltr'><strong>mare</strong></span> <span class='ocrx_word' id='word_1_575' title='bbox 2105 1753 2370 1824; x_wconf 78' lang='lat' dir='ltr'><strong>perdere,</strong></span> <span class='ocrx_word' id='word_1_576' title='bbox 2404 1770 2579 1826; x_wconf 91' lang='lat' dir='ltr'><strong>neque</strong></span> <span class='ocrx_word' id='word_1_577' title='bbox 2607 1756 3110 1812; x_wconf 82' lang='lat' dir='ltr'><strong>bestiasdevorare.</strong></span> <span class='ocrx_word' id='word_1_578' title='bbox 3142 1759 3320 1828; x_wconf 84' lang='lat' dir='ltr'><strong>Ipsum</strong></span> <span class='ocrx_word' id='word_1_579' title='bbox 3361 1759 3521 1828; x_wconf 89' lang='lat' dir='ltr'><strong>igitur</strong></span> 
     </span>
    </p>
   </div>
   <div class='ocr_carea' id='block_1_76' title="bbox 1934 1842 3515 1918">
    <p class='ocr_par' dir='ltr' id='par_1_76' title="bbox 1934 1842 3515 1918">
     <span class='ocr_line' id='line_1_76' title="bbox 1934 1842 3515 1918; baseline 0.004 -24"><span class='ocrx_word' id='word_1_580' title='bbox 1934 1842 2091 1896; x_wconf 73' lang='lat' dir='ltr'><strong>unda:</strong></span> <span class='ocrx_word' id='word_1_581' title='bbox 2115 1855 2489 1913; x_wconf 86' lang='lat' dir='ltr'><strong>susceperunt,</strong></span> <span class='ocrx_word' id='word_1_582' title='bbox 2506 1861 2607 1902; x_wconf 89' lang='lat' dir='ltr'><strong>nec</strong></span> <span class='ocrx_word' id='word_1_583' title='bbox 2631 1847 3025 1904; x_wconf 64' lang='lat' dir='ltr'><strong>sumicaverunt</strong></span> <span class='ocrx_word' id='word_1_584' title='bbox 3047 1865 3060 1901; x_wconf 92' lang='lat'><strong>:</strong></span> <span class='ocrx_word' id='word_1_585' title='bbox 3084 1861 3235 1904; x_wconf 88' lang='lat' dir='ltr'><strong>cetus</strong></span> <span class='ocrx_word' id='word_1_586' title='bbox 3260 1849 3515 1918; x_wconf 85' lang='lat' dir='ltr'><strong>suscepit,</strong></span> 
     </span>
    </p>
   </div>
   <div class='ocr_carea' id='block_1_77' title="bbox 1933 1934 3537 2005">
    <p class='ocr_par' dir='ltr' id='par_1_77' title="bbox 1933 1934 3537 2005">
     <span class='ocr_line' id='line_1_77' title="bbox 1933 1934 3537 2005; baseline 0.005 -20"><span class='ocrx_word' id='word_1_587' title='bbox 1933 1941 1986 1986; x_wconf 91' lang='lat' dir='ltr'><strong>et</strong></span> <span class='ocrx_word' id='word_1_588' title='bbox 2029 1949 2134 1987; x_wconf 89' lang='lat' dir='ltr'><strong>non</strong></span> <span class='ocrx_word' id='word_1_589' title='bbox 2181 1934 2491 2001; x_wconf 89' lang='lat' dir='ltr'><strong>interemit;</strong></span> <span class='ocrx_word' id='word_1_590' title='bbox 2524 1953 2707 1992; x_wconf 89' lang='lat' dir='ltr'><strong>verum</strong></span> <span class='ocrx_word' id='word_1_591' title='bbox 2738 1947 2793 1992; x_wconf 90' lang='lat' dir='ltr'><strong>et</strong></span> <span class='ocrx_word' id='word_1_592' title='bbox 2838 1939 3032 1993; x_wconf 90' lang='lat' dir='ltr'><strong>animal</strong></span> <span class='ocrx_word' id='word_1_593' title='bbox 3049 1975 3072 2005; x_wconf 93' lang='lat'><strong>-,</strong></span> <span class='ocrx_word' id='word_1_594' title='bbox 3115 1950 3169 1995; x_wconf 90' lang='lat' dir='ltr'><strong>et</strong></span> <span class='ocrx_word' id='word_1_595' title='bbox 3197 1940 3537 1996; x_wconf 78' lang='lat' dir='ltr'><strong>elementqu</strong></span> 
     </span>
    </p>
   </div>
   <div class='ocr_carea' id='block_1_78' title="bbox 1935 2023 3537 2102">
    <p class='ocr_par' dir='ltr' id='par_1_78' title="bbox 1935 2023 3537 2102">
     <span class='ocr_line' id='line_1_78' title="bbox 1935 2023 3537 2102; baseline 0.007 -26"><span class='ocrx_word' id='word_1_596' title='bbox 1935 2023 2202 2080; x_wconf 84' lang='lat' dir='ltr'><strong>incolume</strong></span> <span class='ocrx_word' id='word_1_597' title='bbox 2225 2025 2524 2095; x_wconf 91' lang='lat' dir='ltr'><strong>depositum</strong></span> <span class='ocrx_word' id='word_1_598' title='bbox 2567 2029 2676 2083; x_wconf 91' lang='lat' dir='ltr'><strong>Deo</strong></span> <span class='ocrx_word' id='word_1_599' title='bbox 2705 2030 3094 2096; x_wconf 81' lang='lat' dir='ltr'><strong>reddiderunt;</strong></span> <span class='ocrx_word' id='word_1_600' title='bbox 3133 2042 3188 2086; x_wconf 83' lang='lat' dir='ltr'><strong>et</strong></span> <span class='ocrx_word' id='word_1_601' title='bbox 3223 2048 3317 2102; x_wconf 82' lang='lat' dir='ltr'><strong>per</strong></span> <span class='ocrx_word' id='word_1_602' title='bbox 3347 2034 3537 2087; x_wconf 67' lang='lat' dir='ltr'><strong>antnizv</strong></span> 
     </span>
    </p>
   </div>
   <div class='ocr_carea' id='block_1_79' title="bbox 1935 2115 3522 2188">
    <p class='ocr_par' dir='ltr' id='par_1_79' title="bbox 1935 2115 3522 2188">
     <span class='ocr_line' id='line_1_79' title="bbox 1935 2115 3522 2188; baseline 0.005 -20"><span class='ocrx_word' id='word_1_603' title='bbox 1935 2115 2308 2172; x_wconf 85' lang='lat' dir='ltr'><strong>instituebatur</strong></span> <span class='ocrx_word' id='word_1_604' title='bbox 2336 2119 2617 2188; x_wconf 84' lang='lat' dir='ltr'><strong>propheta,</strong></span> <span class='ocrx_word' id='word_1_605' title='bbox 2646 2128 2706 2174; x_wconf 85' lang='lat' dir='ltr'><strong>ut</strong></span> <span class='ocrx_word' id='word_1_606' title='bbox 2731 2131 2874 2176; x_wconf 88' lang='lat' dir='ltr'><strong>esset</strong></span> <span class='ocrx_word' id='word_1_607' title='bbox 2914 2135 3221 2177; x_wconf 83' lang='lat' dir='ltr'><strong>mansuetus</strong></span> <span class='ocrx_word' id='word_1_608' title='bbox 3249 2133 3302 2178; x_wconf 87' lang='lat' dir='ltr'><strong>et</strong></span> <span class='ocrx_word' id='word_1_609' title='bbox 3333 2123 3522 2178; x_wconf 85' lang='lat' dir='ltr'><strong>huma-</strong></span> 
     </span>
    </p>
   </div>
   <div class='ocr_carea' id='block_1_80' title="bbox 1934 2210 3526 2284">
    <p class='ocr_par' dir='ltr' id='par_1_80' title="bbox 1934 2210 3526 2284">
     <span class='ocr_line' id='line_1_80' title="bbox 1934 2210 3526 2284; baseline 0.004 -23"><span class='ocrx_word' id='word_1_610' title='bbox 1934 2222 2054 2274; x_wconf 88' lang='lat' dir='ltr'><strong>nus,</strong></span> <span class='ocrx_word' id='word_1_611' title='bbox 2087 2217 2142 2262; x_wconf 89' lang='lat' dir='ltr'><strong>et</strong></span> <span class='ocrx_word' id='word_1_612' title='bbox 2166 2224 2337 2277; x_wconf 87' lang='lat' dir='ltr'><strong>neque</strong></span> <span class='ocrx_word' id='word_1_613' title='bbox 2361 2210 2540 2264; x_wconf 91' lang='lat' dir='ltr'><strong>stultis</strong></span> <span class='ocrx_word' id='word_1_614' title='bbox 2570 2212 2764 2275; x_wconf 90' lang='lat' dir='ltr'><strong>nautis,</strong></span> <span class='ocrx_word' id='word_1_615' title='bbox 2794 2228 2968 2280; x_wconf 87' lang='lat' dir='ltr'><strong>neque</strong></span> <span class='ocrx_word' id='word_1_616' title='bbox 2996 2212 3124 2268; x_wconf 86' lang='lat' dir='ltr'><strong>feris</strong></span> <span class='ocrx_word' id='word_1_617' title='bbox 3151 2213 3325 2278; x_wconf 89' lang='lat' dir='ltr'><strong>undis,</strong></span> <span class='ocrx_word' id='word_1_618' title='bbox 3354 2230 3526 2284; x_wconf 80' lang='lat' dir='ltr'><strong>neque</strong></span> 
     </span>
    </p>
   </div>
   <div class='ocr_carea' id='block_1_81' title="bbox 1933 2299 3523 2373">
    <p class='ocr_par' dir='ltr' id='par_1_81' title="bbox 1933 2299 3523 2373">
     <span class='ocr_line' id='line_1_81' title="bbox 1933 2299 3523 2373; baseline 0.004 -21"><span class='ocrx_word' id='word_1_619' title='bbox 1933 2299 2118 2352; x_wconf 89' lang='lat' dir='ltr'><strong>bestiis</strong></span> <span class='ocrx_word' id='word_1_620' title='bbox 2146 2299 2418 2354; x_wconf 83' lang='lat' dir='ltr'><strong>crudelior</strong></span> <span class='ocrx_word' id='word_1_621' title='bbox 2444 2311 2604 2356; x_wconf 87' lang='lat' dir='ltr'><strong>esset.</strong></span> <span class='ocrx_word' id='word_1_622' title='bbox 2647 2302 2857 2356; x_wconf 85' lang='lat' dir='ltr'><strong>Etenim</strong></span> <span class='ocrx_word' id='word_1_623' title='bbox 2886 2314 3060 2358; x_wconf 62' lang='lat' dir='ltr'><strong>nauta:</strong></span> <span class='ocrx_word' id='word_1_624' title='bbox 3099 2320 3202 2358; x_wconf 89' lang='lat' dir='ltr'><strong>non</strong></span> <span class='ocrx_word' id='word_1_625' title='bbox 3245 2305 3296 2358; x_wconf 92' lang='lat' dir='ltr'><strong>in</strong></span> <span class='ocrx_word' id='word_1_626' title='bbox 3327 2305 3523 2373; x_wconf 83' lang='lat' dir='ltr'><strong>princi-</strong></span> 
     </span>
    </p>
   </div>
   <div class='ocr_carea' id='block_1_82' title="bbox 1932 2391 3521 2465">
    <p class='ocr_par' dir='ltr' id='par_1_82' title="bbox 1932 2391 3521 2465">
     <span class='ocr_line' id='line_1_82' title="bbox 1932 2391 3521 2465; baseline 0.005 -24"><span class='ocrx_word' id='word_1_627' title='bbox 1932 2391 2021 2460; x_wconf 86' lang='lat' dir='ltr'><strong>pio</strong></span> <span class='ocrx_word' id='word_1_628' title='bbox 2047 2391 2248 2454; x_wconf 88' lang='lat' dir='ltr'><strong>statim,</strong></span> <span class='ocrx_word' id='word_1_629' title='bbox 2278 2391 2374 2446; x_wconf 90' lang='lat' dir='ltr'><strong>sed</strong></span> <span class='ocrx_word' id='word_1_630' title='bbox 2407 2402 2523 2461; x_wconf 92' lang='lat' dir='ltr'><strong>post</strong></span> <span class='ocrx_word' id='word_1_631' title='bbox 2552 2393 2774 2447; x_wconf 88' lang='lat' dir='ltr'><strong>multam</strong></span> <span class='ocrx_word' id='word_1_632' title='bbox 2804 2395 3176 2449; x_wconf 86' lang='lat' dir='ltr'><strong>necessitatem</strong></span> <span class='ocrx_word' id='word_1_633' title='bbox 3204 2395 3375 2465; x_wconf 90' lang='lat' dir='ltr'><strong>ipsum</strong></span> <span class='ocrx_word' id='word_1_634' title='bbox 3401 2411 3521 2464; x_wconf 90' lang='lat' dir='ltr'><strong>pro-</strong></span> 
     </span>
    </p>
   </div>
   <div class='ocr_carea' id='block_1_83' title="bbox 1931 2483 3520 2548">
    <p class='ocr_par' dir='ltr' id='par_1_83' title="bbox 1931 2483 3520 2548">
     <span class='ocr_line' id='line_1_83' title="bbox 1931 2483 3520 2548; baseline 0.001 -11"><span class='ocrx_word' id='word_1_635' title='bbox 1931 2483 2224 2548; x_wconf 86' lang='lat' dir='ltr'><strong>diderunt;</strong></span> <span class='ocrx_word' id='word_1_636' title='bbox 2268 2499 2414 2538; x_wconf 89' lang='lat' dir='ltr'><strong>mare</strong></span> <span class='ocrx_word' id='word_1_637' title='bbox 2444 2501 2571 2539; x_wconf 84' lang='lat' dir='ltr'><strong>vero</strong></span> <span class='ocrx_word' id='word_1_638' title='bbox 2617 2494 2674 2540; x_wconf 89' lang='lat' dir='ltr'><strong>et</strong></span> <span class='ocrx_word' id='word_1_639' title='bbox 2721 2485 2889 2540; x_wconf 90' lang='lat' dir='ltr'><strong>bestia</strong></span> <span class='ocrx_word' id='word_1_640' title='bbox 2917 2501 3039 2540; x_wconf 91' lang='lat' dir='ltr'><strong>cum</strong></span> <span class='ocrx_word' id='word_1_641' title='bbox 3089 2487 3252 2541; x_wconf 88' lang='lat' dir='ltr'><strong>multa</strong></span> <span class='ocrx_word' id='word_1_642' title='bbox 3283 2487 3520 2542; x_wconf 88' lang='lat' dir='ltr'><strong>benevo-</strong></span> 
     </span>
    </p>
   </div>
   <div class='ocr_carea' id='block_1_84' title="bbox 1935 2573 3516 2649">
    <p class='ocr_par' dir='ltr' id='par_1_84' title="bbox 1935 2573 3516 2649">
     <span class='ocr_line' id='line_1_84' title="bbox 1935 2573 3516 2649; baseline 0.002 -21"><span class='ocrx_word' id='word_1_643' title='bbox 1935 2573 2095 2629; x_wconf 88' lang='lat' dir='ltr'><strong>lentia</strong></span> <span class='ocrx_word' id='word_1_644' title='bbox 2148 2575 2558 2642; x_wconf 89' lang='lat' dir='ltr'><strong>custodierunt,</strong></span> <span class='ocrx_word' id='word_1_645' title='bbox 2607 2575 2718 2629; x_wconf 90' lang='lat' dir='ltr'><strong>Deo</strong></span> <span class='ocrx_word' id='word_1_646' title='bbox 2770 2577 2884 2630; x_wconf 69' lang='lat' dir='ltr'><strong>lucc</strong></span> <span class='ocrx_word' id='word_1_647' title='bbox 2928 2577 3108 2631; x_wconf 89' lang='lat' dir='ltr'><strong>omnia</strong></span> <span class='ocrx_word' id='word_1_648' title='bbox 3155 2577 3516 2649; x_wconf 85' lang='lat' dir='ltr'><strong>dispensante.</strong></span> 
     </span>
    </p>
   </div>
   <div class='ocr_carea' id='block_1_85' title="bbox 1934 2663 3515 2738">
    <p class='ocr_par' dir='ltr' id='par_1_85' title="bbox 1934 2663 3515 2738">
     <span class='ocr_line' id='line_1_85' title="bbox 1934 2663 3515 2738; baseline 0.003 -22"><span class='ocrx_word' id='word_1_649' title='bbox 1934 2663 2112 2718; x_wconf 81' lang='lat' dir='ltr'><strong>Rediit</strong></span> <span class='ocrx_word' id='word_1_650' title='bbox 2155 2664 2351 2734; x_wconf 81' lang='lat' dir='ltr'><strong>igitur,</strong></span> <span class='ocrx_word' id='word_1_651' title='bbox 2400 2665 2740 2736; x_wconf 67' lang='lat' dir='ltr'><strong>prtedicavit,</strong></span> <span class='ocrx_word' id='word_1_652' title='bbox 2790 2667 3022 2721; x_wconf 88' lang='lat' dir='ltr'><strong>minatus</strong></span> <span class='ocrx_word' id='word_1_653' title='bbox 3069 2677 3181 2733; x_wconf 89' lang='lat' dir='ltr'><strong>est,</strong></span> <span class='ocrx_word' id='word_1_654' title='bbox 3233 2669 3515 2738; x_wconf 87' lang='lat' dir='ltr'><strong>persuasit,</strong></span> 
     </span>
    </p>
   </div>
   <div class='ocr_carea' id='block_1_86' title="bbox 1933 2755 3522 2828">
    <p class='ocr_par' dir='ltr' id='par_1_86' title="bbox 1933 2755 3522 2828">
     <span class='ocr_line' id='line_1_86' title="bbox 1933 2755 3522 2828; baseline 0.002 -20"><span class='ocrx_word' id='word_1_655' title='bbox 1933 2755 2177 2818; x_wconf 83' lang='lat' dir='ltr'><strong>Salvavit,</strong></span> <span class='ocrx_word' id='word_1_656' title='bbox 2210 2755 2420 2816; x_wconf 89' lang='lat' dir='ltr'><strong>terruit,</strong></span> <span class='ocrx_word' id='word_1_657' title='bbox 2449 2755 2706 2820; x_wconf 77' lang='lat' dir='ltr'><strong>correxit,</strong></span> <span class='ocrx_word' id='word_1_658' title='bbox 2739 2765 2794 2809; x_wconf 89' lang='lat' dir='ltr'><strong>et</strong></span> <span class='ocrx_word' id='word_1_659' title='bbox 2828 2772 2931 2810; x_wconf 88' lang='lat' dir='ltr'><strong>una</strong></span> <span class='ocrx_word' id='word_1_660' title='bbox 2960 2759 3238 2827; x_wconf 88' lang='lat' dir='ltr'><strong>primaque</strong></span> <span class='ocrx_word' id='word_1_661' title='bbox 3267 2759 3522 2828; x_wconf 58' lang='grc' dir='ltr'>ιιι-παίω.</span> 
     </span>
    </p>
   </div>
   <div class='ocr_carea' id='block_1_87' title="bbox 1933 2845 3521 2916">
    <p class='ocr_par' dir='ltr' id='par_1_87' title="bbox 1933 2845 3521 2916">
     <span class='ocr_line' id='line_1_87' title="bbox 1933 2845 3521 2916; baseline 0.003 -17"><span class='ocrx_word' id='word_1_662' title='bbox 1933 2845 2078 2900; x_wconf 85' lang='lat' dir='ltr'><strong>tione</strong></span> <span class='ocrx_word' id='word_1_663' title='bbox 2104 2846 2334 2900; x_wconf 85' lang='lat' dir='ltr'><strong>firmavit</strong></span> <span class='ocrx_word' id='word_1_664' title='bbox 2367 2865 2380 2898; x_wconf 90' lang='lat'><strong>:</strong></span> <span class='ocrx_word' id='word_1_665' title='bbox 2415 2862 2587 2916; x_wconf 89' lang='lat' dir='ltr'><strong>neque</strong></span> <span class='ocrx_word' id='word_1_666' title='bbox 2613 2847 2754 2902; x_wconf 90' lang='lat' dir='ltr'><strong>enim</strong></span> <span class='ocrx_word' id='word_1_667' title='bbox 2796 2848 3084 2902; x_wconf 88' lang='lat' dir='ltr'><strong>multorum</strong></span> <span class='ocrx_word' id='word_1_668' title='bbox 3129 2849 3336 2904; x_wconf 88' lang='lat' dir='ltr'><strong>dierum</strong></span> <span class='ocrx_word' id='word_1_669' title='bbox 3383 2850 3521 2903; x_wconf 50' lang='lat' dir='ltr'><strong>indi:</strong></span> 
     </span>
    </p>
   </div>
   <div class='ocr_carea' id='block_1_88' title="bbox 1932 2937 3524 3011">
    <p class='ocr_par' dir='ltr' id='par_1_88' title="bbox 1932 2937 3524 3011">
     <span class='ocr_line' id='line_1_88' title="bbox 1932 2937 3524 3011; baseline 0.003 -20"><span class='ocrx_word' id='word_1_670' title='bbox 1932 2937 2076 3006; x_wconf 88' lang='lat' dir='ltr'><strong>guit,</strong></span> <span class='ocrx_word' id='word_1_671' title='bbox 2115 2953 2286 3007; x_wconf 88' lang='lat' dir='ltr'><strong>neque</strong></span> <span class='ocrx_word' id='word_1_672' title='bbox 2313 2938 2551 2993; x_wconf 90' lang='lat' dir='ltr'><strong>continui</strong></span> <span class='ocrx_word' id='word_1_673' title='bbox 2579 2940 2826 3004; x_wconf 90' lang='lat' dir='ltr'><strong>consilii,</strong></span> <span class='ocrx_word' id='word_1_674' title='bbox 2860 2940 2952 2995; x_wconf 90' lang='lat' dir='ltr'><strong>sed</strong></span> <span class='ocrx_word' id='word_1_675' title='bbox 2987 2940 3243 2996; x_wconf 85' lang='lat' dir='ltr'><strong>nudailia</strong></span> <span class='ocrx_word' id='word_1_676' title='bbox 3273 2942 3524 3011; x_wconf 76' lang='lat' dir='ltr'><strong>loquutus</strong></span> 
     </span>
    </p>
   </div>
   <div class='ocr_carea' id='block_1_89' title="bbox 1934 3030 3528 3104">
    <p class='ocr_par' dir='ltr' id='par_1_89' title="bbox 1934 3030 3528 3104">
     <span class='ocr_line' id='line_1_89' title="bbox 1934 3030 3528 3104; baseline 0.004 -22"><span class='ocrx_word' id='word_1_677' title='bbox 1934 3030 2092 3084; x_wconf 88' lang='lat' dir='ltr'><strong>verba</strong></span> <span class='ocrx_word' id='word_1_678' title='bbox 2118 3071 2134 3094; x_wconf 92' lang='lat'><strong>,</strong></span> <span class='ocrx_word' id='word_1_679' title='bbox 2178 3045 2367 3084; x_wconf 88' lang='lat' dir='ltr'><strong>omnes</strong></span> <span class='ocrx_word' id='word_1_680' title='bbox 2397 3030 2449 3084; x_wconf 90' lang='lat' dir='ltr'><strong>in</strong></span> <span class='ocrx_word' id='word_1_681' title='bbox 2480 3032 2848 3102; x_wconf 65' lang='lat' dir='ltr'><strong>paenitentiam</strong></span> <span class='ocrx_word' id='word_1_682' title='bbox 2894 3033 3133 3088; x_wconf 81' lang='lat' dir='ltr'><strong>deduxit.</strong></span> <span class='ocrx_word' id='word_1_683' title='bbox 3183 3033 3306 3089; x_wconf 86' lang='lat' dir='ltr'><strong>Ideo</strong></span> <span class='ocrx_word' id='word_1_684' title='bbox 3345 3036 3528 3104; x_wconf 86' lang='lat' dir='ltr'><strong>ipsum</strong></span> 
     </span>
    </p>
   </div>
   <div class='ocr_carea' id='block_1_90' title="bbox 1934 3122 3524 3194">
    <p class='ocr_par' dir='ltr' id='par_1_90' title="bbox 1934 3122 3524 3194">
     <span class='ocr_line' id='line_1_90' title="bbox 1934 3122 3524 3194; baseline 0.003 -19"><span class='ocrx_word' id='word_1_685' title='bbox 1934 3137 2036 3176; x_wconf 90' lang='lat' dir='ltr'><strong>non</strong></span> <span class='ocrx_word' id='word_1_686' title='bbox 2083 3122 2263 3177; x_wconf 89' lang='lat' dir='ltr'><strong>statim</strong></span> <span class='ocrx_word' id='word_1_687' title='bbox 2310 3123 2380 3178; x_wconf 91' lang='lat' dir='ltr'><strong>de</strong></span> <span class='ocrx_word' id='word_1_688' title='bbox 2418 3124 2627 3194; x_wconf 87' lang='lat' dir='ltr'><strong>navigio</strong></span> <span class='ocrx_word' id='word_1_689' title='bbox 2677 3125 2817 3180; x_wconf 80' lang='lat' dir='ltr'><strong>Deus</strong></span> <span class='ocrx_word' id='word_1_690' title='bbox 2857 3125 2924 3179; x_wconf 89' lang='lat' dir='ltr'><strong>ad</strong></span> <span class='ocrx_word' id='word_1_691' title='bbox 2976 3127 3159 3181; x_wconf 89' lang='lat' dir='ltr'><strong>urbem</strong></span> <span class='ocrx_word' id='word_1_692' title='bbox 3201 3127 3385 3191; x_wconf 75' lang='lat' dir='ltr'><strong>duxit,</strong></span> <span class='ocrx_word' id='word_1_693' title='bbox 3424 3129 3524 3180; x_wconf 83' lang='lat' dir='ltr'><strong>sed</strong></span> 
     </span>
    </p>
   </div>
   <div class='ocr_carea' id='block_1_91' title="bbox 1933 3215 3522 3286">
    <p class='ocr_par' dir='ltr' id='par_1_91' title="bbox 1933 3215 3522 3286">
     <span class='ocr_line' id='line_1_91' title="bbox 1933 3215 3522 3286; baseline 0.004 -19"><span class='ocrx_word' id='word_1_694' title='bbox 1933 3223 2110 3267; x_wconf 76' lang='lat' dir='ltr'><strong>nauta:</strong></span> <span class='ocrx_word' id='word_1_695' title='bbox 2138 3215 2268 3268; x_wconf 87' lang='lat' dir='ltr'><strong>mari</strong></span> <span class='ocrx_word' id='word_1_696' title='bbox 2300 3215 2651 3281; x_wconf 87' lang='lat' dir='ltr'><strong>tradiderunt,</strong></span> <span class='ocrx_word' id='word_1_697' title='bbox 2686 3233 2834 3272; x_wconf 89' lang='lat' dir='ltr'><strong>mare</strong></span> <span class='ocrx_word' id='word_1_698' title='bbox 2861 3228 3010 3284; x_wconf 90' lang='lat' dir='ltr'><strong>ceto,</strong></span> <span class='ocrx_word' id='word_1_699' title='bbox 3039 3229 3191 3274; x_wconf 86' lang='lat' dir='ltr'><strong>cetus</strong></span> <span class='ocrx_word' id='word_1_700' title='bbox 3224 3221 3351 3286; x_wconf 91' lang='lat' dir='ltr'><strong>Deo,</strong></span> <span class='ocrx_word' id='word_1_701' title='bbox 3383 3221 3522 3274; x_wconf 86' lang='lat' dir='ltr'><strong>Deus</strong></span> 
     </span>
    </p>
   </div>
   <div class='ocr_carea' id='block_1_92' title="bbox 1931 3305 3520 3380">
    <p class='ocr_par' dir='ltr' id='par_1_92' title="bbox 1931 3305 3520 3380">
     <span class='ocr_line' id='line_1_92' title="bbox 1931 3305 3520 3380; baseline 0.003 -20"><span class='ocrx_word' id='word_1_702' title='bbox 1931 3305 2199 3373; x_wconf 89' lang='lat' dir='ltr'><strong>Ninivitis,</strong></span> <span class='ocrx_word' id='word_1_703' title='bbox 2245 3317 2300 3363; x_wconf 86' lang='lat' dir='ltr'><strong>et</strong></span> <span class='ocrx_word' id='word_1_704' title='bbox 2341 3323 2436 3377; x_wconf 89' lang='lat' dir='ltr'><strong>per</strong></span> <span class='ocrx_word' id='word_1_705' title='bbox 2465 3309 2676 3378; x_wconf 89' lang='lat' dir='ltr'><strong>longum</strong></span> <span class='ocrx_word' id='word_1_706' title='bbox 2721 3311 3002 3364; x_wconf 88' lang='lat' dir='ltr'><strong>circuitqu</strong></span> <span class='ocrx_word' id='word_1_707' title='bbox 3053 3309 3329 3380; x_wconf 87' lang='lat' dir='ltr'><strong>profugum</strong></span> <span class='ocrx_word' id='word_1_708' title='bbox 3363 3312 3520 3366; x_wconf 88' lang='lat' dir='ltr'><strong>resti-</strong></span> 
     </span>
    </p>
   </div>
   <div class='ocr_carea' id='block_1_93' title="bbox 1934 3399 3517 3473">
    <p class='ocr_par' dir='ltr' id='par_1_93' title="bbox 1934 3399 3517 3473">
     <span class='ocr_line' id='line_1_93' title="bbox 1934 3399 3517 3473; baseline 0.004 -21"><span class='ocrx_word' id='word_1_709' title='bbox 1934 3399 2054 3465; x_wconf 92' lang='lat' dir='ltr'><strong>tuit,</strong></span> <span class='ocrx_word' id='word_1_710' title='bbox 2099 3411 2155 3452; x_wconf 89' lang='lat' dir='ltr'><strong>ut</strong></span> <span class='ocrx_word' id='word_1_711' title='bbox 2185 3416 2374 3455; x_wconf 79' lang='lat' dir='ltr'><strong>()llllICS</strong></span> <span class='ocrx_word' id='word_1_712' title='bbox 2414 3401 2622 3467; x_wconf 87' lang='lat' dir='ltr'><strong>doceat,</strong></span> <span class='ocrx_word' id='word_1_713' title='bbox 2668 3402 2760 3457; x_wconf 92' lang='lat' dir='ltr'><strong>Dei</strong></span> <span class='ocrx_word' id='word_1_714' title='bbox 2805 3417 2994 3457; x_wconf 89' lang='lat' dir='ltr'><strong>manus</strong></span> <span class='ocrx_word' id='word_1_715' title='bbox 3035 3403 3270 3473; x_wconf 77' lang='lat' dir='ltr'><strong>effugere</strong></span> <span class='ocrx_word' id='word_1_716' title='bbox 3317 3405 3517 3473; x_wconf 85' lang='lat' dir='ltr'><strong>impos-</strong></span> 
     </span>
    </p>
   </div>
   <div class='ocr_carea' id='block_1_94' title="bbox 1931 3489 3516 3564">
    <p class='ocr_par' dir='ltr' id='par_1_94' title="bbox 1931 3489 3516 3564">
     <span class='ocr_line' id='line_1_94' title="bbox 1931 3489 3516 3564; baseline 0.004 -20"><span class='ocrx_word' id='word_1_717' title='bbox 1931 3489 2086 3546; x_wconf 90' lang='lat' dir='ltr'><strong>sibile</strong></span> <span class='ocrx_word' id='word_1_718' title='bbox 2115 3506 2255 3546; x_wconf 85' lang='lat' dir='ltr'><strong>esse.</strong></span> <span class='ocrx_word' id='word_1_719' title='bbox 2287 3490 2420 3545; x_wconf 88' lang='lat' dir='ltr'><strong>Nam</strong></span> <span class='ocrx_word' id='word_1_720' title='bbox 2445 3508 2784 3564; x_wconf 80' lang='lat' dir='ltr'><strong>quocumque</strong></span> <span class='ocrx_word' id='word_1_721' title='bbox 2808 3494 2927 3564; x_wconf 89' lang='lat' dir='ltr'><strong>quis</strong></span> <span class='ocrx_word' id='word_1_722' title='bbox 2955 3494 3324 3564; x_wconf 84' lang='lat' dir='ltr'><strong>proficiscatur</strong></span> <span class='ocrx_word' id='word_1_723' title='bbox 3343 3535 3356 3557; x_wconf 90' lang='lat'><strong>,</strong></span> <span class='ocrx_word' id='word_1_724' title='bbox 3392 3511 3516 3564; x_wconf 76' lang='lat' dir='ltr'><strong>pec-</strong></span> 
     </span>
    </p>
   </div>
   <div class='ocr_carea' id='block_1_95' title="bbox 1931 3582 3520 3652">
    <p class='ocr_par' dir='ltr' id='par_1_95' title="bbox 1931 3582 3520 3652">
     <span class='ocr_line' id='line_1_95' title="bbox 1931 3582 3520 3652; baseline 0.003 -16"><span class='ocrx_word' id='word_1_725' title='bbox 1931 3590 2105 3636; x_wconf 88' lang='lat' dir='ltr'><strong>catum</strong></span> <span class='ocrx_word' id='word_1_726' title='bbox 2137 3582 2483 3652; x_wconf 80' lang='lat' dir='ltr'><strong>pertrahens,</strong></span> <span class='ocrx_word' id='word_1_727' title='bbox 2513 3582 2716 3639; x_wconf 87' lang='lat' dir='ltr'><strong>infinita</strong></span> <span class='ocrx_word' id='word_1_728' title='bbox 2747 3584 3030 3639; x_wconf 90' lang='lat' dir='ltr'><strong>sustinebit</strong></span> <span class='ocrx_word' id='word_1_729' title='bbox 3067 3584 3384 3641; x_wconf 90' lang='lat' dir='ltr'><strong>detrimenta</strong></span> <span class='ocrx_word' id='word_1_730' title='bbox 3419 3604 3434 3640; x_wconf 85' lang='lat'><strong>:</strong></span> <span class='ocrx_word' id='word_1_731' title='bbox 3465 3595 3520 3641; x_wconf 90' lang='lat' dir='ltr'><strong>et</strong></span> 
     </span>
    </p>
   </div>
   <div class='ocr_carea' id='block_1_96' title="bbox 1930 3674 3522 3748">
    <p class='ocr_par' dir='ltr' id='par_1_96' title="bbox 1930 3674 3522 3748">
     <span class='ocr_line' id='line_1_96' title="bbox 1930 3674 3522 3748; baseline 0.003 -21"><span class='ocrx_word' id='word_1_732' title='bbox 1930 3674 1974 3728; x_wconf 92' lang='lat' dir='ltr'><strong>si</strong></span> <span class='ocrx_word' id='word_1_733' title='bbox 2005 3674 2278 3729; x_wconf 92' lang='lat' dir='ltr'><strong>hominum</strong></span> <span class='ocrx_word' id='word_1_734' title='bbox 2311 3691 2468 3730; x_wconf 89' lang='lat' dir='ltr'><strong>nemo</strong></span> <span class='ocrx_word' id='word_1_735' title='bbox 2497 3675 2673 3744; x_wconf 87' lang='lat' dir='ltr'><strong>adsit,</strong></span> <span class='ocrx_word' id='word_1_736' title='bbox 2721 3677 2832 3747; x_wconf 88' lang='lat' dir='ltr'><strong>ipsa</strong></span> <span class='ocrx_word' id='word_1_737' title='bbox 2871 3675 3246 3748; x_wconf 85' lang='lat' dir='ltr'><strong>undecumque</strong></span> <span class='ocrx_word' id='word_1_738' title='bbox 3276 3687 3522 3733; x_wconf 82' lang='lat' dir='ltr'><strong>creatura</strong></span> 
     </span>
    </p>
   </div>
   <div class='ocr_carea' id='block_1_97' title="bbox 1929 3765 3520 3840">
    <p class='ocr_par' dir='ltr' id='par_1_97' title="bbox 1929 3765 3520 3840">
     <span class='ocr_line' id='line_1_97' title="bbox 1929 3765 3520 3840; baseline 0.003 -21"><span class='ocrx_word' id='word_1_739' title='bbox 1929 3779 2050 3819; x_wconf 89' lang='lat' dir='ltr'><strong>cum</strong></span> <span class='ocrx_word' id='word_1_740' title='bbox 2082 3765 2246 3820; x_wconf 91' lang='lat' dir='ltr'><strong>multa</strong></span> <span class='ocrx_word' id='word_1_741' title='bbox 2294 3766 2372 3821; x_wconf 86' lang='lat' dir='ltr'><strong>illi</strong></span> <span class='ocrx_word' id='word_1_742' title='bbox 2415 3767 2628 3822; x_wconf 90' lang='lat' dir='ltr'><strong>resistet</strong></span> <span class='ocrx_word' id='word_1_743' title='bbox 2659 3767 3015 3824; x_wconf 85' lang='lat' dir='ltr'><strong>vehementia.</strong></span> <span class='ocrx_word' id='word_1_744' title='bbox 3059 3767 3138 3824; x_wconf 90' lang='lat' dir='ltr'><strong>Ne</strong></span> <span class='ocrx_word' id='word_1_745' title='bbox 3184 3770 3340 3840; x_wconf 85' lang='lat' dir='ltr'><strong>igitur</strong></span> <span class='ocrx_word' id='word_1_746' title='bbox 3383 3767 3520 3840; x_wconf 81' lang='lat' dir='ltr'><strong>fugae</strong></span> 
     </span>
    </p>
   </div>
   <div class='ocr_carea' id='block_1_98' title="bbox 1929 3857 3514 3924">
    <p class='ocr_par' dir='ltr' id='par_1_98' title="bbox 1929 3857 3514 3924">
     <span class='ocr_line' id='line_1_98' title="bbox 1929 3857 3514 3924; baseline 0.003 -14"><span class='ocrx_word' id='word_1_747' title='bbox 1929 3857 2151 3912; x_wconf 90' lang='lat' dir='ltr'><strong>salutem</strong></span> <span class='ocrx_word' id='word_1_748' title='bbox 2185 3867 2419 3912; x_wconf 82' lang='lat' dir='ltr'><strong>nostram</strong></span> <span class='ocrx_word' id='word_1_749' title='bbox 2463 3859 2778 3924; x_wconf 83' lang='lat' dir='ltr'><strong>credamus,</strong></span> <span class='ocrx_word' id='word_1_750' title='bbox 2824 3861 2919 3914; x_wconf 89' lang='lat' dir='ltr'><strong>sed</strong></span> <span class='ocrx_word' id='word_1_751' title='bbox 2963 3875 3173 3915; x_wconf 85' lang='lat' dir='ltr'><strong>tuorum</strong></span> <span class='ocrx_word' id='word_1_752' title='bbox 3217 3862 3514 3916; x_wconf 91' lang='lat' dir='ltr'><strong>mutationi.</strong></span> 
     </span>
    </p>
   </div>
   <div class='ocr_carea' id='block_1_99' title="bbox 1928 3945 3517 4020">
    <p class='ocr_par' dir='ltr' id='par_1_99' title="bbox 1928 3945 3517 4020">
     <span class='ocr_line' id='line_1_99' title="bbox 1928 3945 3517 4020; baseline 0.004 -20"><span class='ocrx_word' id='word_1_753' title='bbox 1928 3945 2062 4001; x_wconf 91' lang='lat' dir='ltr'><strong>Num</strong></span> <span class='ocrx_word' id='word_1_754' title='bbox 2093 3948 2236 4002; x_wconf 88' lang='lat' dir='ltr'><strong>enim</strong></span> <span class='ocrx_word' id='word_1_755' title='bbox 2275 3950 2399 4017; x_wconf 85' lang='lat' dir='ltr'><strong>quia</strong></span> <span class='ocrx_word' id='word_1_756' title='bbox 2443 3950 2495 4003; x_wconf 90' lang='lat' dir='ltr'><strong>in</strong></span> <span class='ocrx_word' id='word_1_757' title='bbox 2539 3950 2752 4005; x_wconf 87' lang='lat' dir='ltr'><strong>civitate</strong></span> <span class='ocrx_word' id='word_1_758' title='bbox 2799 3965 3020 4012; x_wconf 87' lang='lat' dir='ltr'><strong>manes,</strong></span> <span class='ocrx_word' id='word_1_759' title='bbox 3067 3958 3347 4020; x_wconf 85' lang='lat' dir='ltr'><strong>propterea</strong></span> <span class='ocrx_word' id='word_1_760' title='bbox 3380 3953 3517 4006; x_wconf 87' lang='lat' dir='ltr'><strong>Deus</strong></span> 
     </span>
    </p>
   </div>
   <div class='ocr_carea' id='block_1_100' title="bbox 1931 4040 3516 4112">
    <p class='ocr_par' dir='ltr' id='par_1_100' title="bbox 1931 4040 3516 4112">
     <span class='ocr_line' id='line_1_100' title="bbox 1931 4040 3516 4112; baseline 0.002 -20"><span class='ocrx_word' id='word_1_761' title='bbox 1931 4040 2198 4104; x_wconf 85' lang='lat' dir='ltr'><strong>irritatur,</strong></span> <span class='ocrx_word' id='word_1_762' title='bbox 2230 4051 2286 4094; x_wconf 92' lang='lat' dir='ltr'><strong>ut</strong></span> <span class='ocrx_word' id='word_1_763' title='bbox 2313 4042 2523 4111; x_wconf 73' lang='lat' dir='ltr'><strong>fugias?</strong></span> <span class='ocrx_word' id='word_1_764' title='bbox 2549 4042 2811 4108; x_wconf 86' lang='lat' dir='ltr'><strong>Quoniam</strong></span> <span class='ocrx_word' id='word_1_765' title='bbox 2843 4043 3093 4112; x_wconf 82' lang='lat' dir='ltr'><strong>peccasti,</strong></span> <span class='ocrx_word' id='word_1_766' title='bbox 3123 4054 3403 4112; x_wconf 78' lang='lat' dir='ltr'><strong>propterea</strong></span> <span class='ocrx_word' id='word_1_767' title='bbox 3433 4043 3516 4097; x_wconf 85' lang='lat' dir='ltr'><strong>in-</strong></span> 
     </span>
    </p>
   </div>
   <div class='ocr_carea' id='block_1_101' title="bbox 1927 4130 3514 4203">
    <p class='ocr_par' dir='ltr' id='par_1_101' title="bbox 1927 4130 3514 4203">
     <span class='ocr_line' id='line_1_101' title="bbox 1927 4130 3514 4203; baseline 0.003 -19"><span class='ocrx_word' id='word_1_768' title='bbox 1927 4130 2199 4200; x_wconf 86' lang='lat' dir='ltr'><strong>dignatur.</strong></span> <span class='ocrx_word' id='word_1_769' title='bbox 2247 4131 2410 4202; x_wconf 86' lang='lat' dir='ltr'><strong>Igitur</strong></span> <span class='ocrx_word' id='word_1_770' title='bbox 2440 4142 2713 4202; x_wconf 89' lang='lat' dir='ltr'><strong>peccatum</strong></span> <span class='ocrx_word' id='word_1_771' title='bbox 2757 4133 2996 4203; x_wconf 91' lang='lat' dir='ltr'><strong>depone,</strong></span> <span class='ocrx_word' id='word_1_772' title='bbox 3043 4144 3099 4190; x_wconf 90' lang='lat' dir='ltr'><strong>et</strong></span> <span class='ocrx_word' id='word_1_773' title='bbox 3139 4134 3280 4190; x_wconf 85' lang='lat' dir='ltr'><strong>unde</strong></span> <span class='ocrx_word' id='word_1_774' title='bbox 3307 4134 3514 4191; x_wconf 89' lang='lat' dir='ltr'><strong>vulneri</strong></span> 
     </span>
    </p>
   </div>
   <div class='ocr_carea' id='block_1_102' title="bbox 1927 4226 3514 4297">
    <p class='ocr_par' dir='ltr' id='par_1_102' title="bbox 1927 4226 3514 4297">
     <span class='ocr_line' id='line_1_102' title="bbox 1927 4226 3514 4297; baseline 0.003 -19"><span class='ocrx_word' id='word_1_775' title='bbox 1927 4240 2085 4279; x_wconf 87' lang='lat' dir='ltr'><strong>causa</strong></span> <span class='ocrx_word' id='word_1_776' title='bbox 2112 4267 2126 4292; x_wconf 86' lang='lat'><strong>,</strong></span> <span class='ocrx_word' id='word_1_777' title='bbox 2174 4226 2296 4280; x_wconf 88' lang='lat' dir='ltr'><strong>inde</strong></span> <span class='ocrx_word' id='word_1_778' title='bbox 2341 4227 2468 4280; x_wconf 90' lang='lat' dir='ltr'><strong>mali</strong></span> <span class='ocrx_word' id='word_1_779' title='bbox 2509 4227 2708 4281; x_wconf 90' lang='lat' dir='ltr'><strong>fontem</strong></span> <span class='ocrx_word' id='word_1_780' title='bbox 2755 4227 3325 4297; x_wconf 79' lang='lat' dir='ltr'><strong>reprimezcontraria</strong></span> <span class='ocrx_word' id='word_1_781' title='bbox 3372 4229 3514 4283; x_wconf 91' lang='lat' dir='ltr'><strong>enim</strong></span> 
     </span>
    </p>
   </div>
   <div class='ocr_carea' id='block_1_103' title="bbox 1926 4316 3517 4389">
    <p class='ocr_par' dir='ltr' id='par_1_103' title="bbox 1926 4316 3517 4389">
     <span class='ocr_line' id='line_1_103' title="bbox 1926 4316 3517 4389; baseline 0.004 -20"><span class='ocrx_word' id='word_1_782' title='bbox 1926 4316 2209 4370; x_wconf 83' lang='lat' dir='ltr'><strong>contrariis</strong></span> <span class='ocrx_word' id='word_1_783' title='bbox 2236 4331 2431 4371; x_wconf 88' lang='lat' dir='ltr'><strong>curare</strong></span> <span class='ocrx_word' id='word_1_784' title='bbox 2457 4326 2513 4371; x_wconf 90' lang='lat' dir='ltr'><strong>et</strong></span> <span class='ocrx_word' id='word_1_785' title='bbox 2542 4317 2732 4370; x_wconf 88' lang='lat' dir='ltr'><strong>medici</strong></span> <span class='ocrx_word' id='word_1_786' title='bbox 2769 4316 2978 4386; x_wconf 89' lang='lat' dir='ltr'><strong>jubent.</strong></span> <span class='ocrx_word' id='word_1_787' title='bbox 3018 4317 3096 4372; x_wconf 84' lang='lat' dir='ltr'><strong>Ex</strong></span> <span class='ocrx_word' id='word_1_788' title='bbox 3135 4319 3348 4387; x_wconf 90' lang='lat' dir='ltr'><strong>crapula</strong></span> <span class='ocrx_word' id='word_1_789' title='bbox 3389 4334 3517 4389; x_wconf 86' lang='lat' dir='ltr'><strong>ergo</strong></span> 
     </span>
    </p>
   </div>
   <div class='ocr_carea' id='block_1_104' title="bbox 1927 4407 3516 4478">
    <p class='ocr_par' dir='ltr' id='par_1_104' title="bbox 1927 4407 3516 4478">
     <span class='ocr_line' id='line_1_104' title="bbox 1927 4407 3516 4478; baseline 0.002 -17"><span class='ocrx_word' id='word_1_790' title='bbox 1927 4415 2050 4461; x_wconf 89' lang='lat' dir='ltr'><strong>nata</strong></span> <span class='ocrx_word' id='word_1_791' title='bbox 2075 4415 2158 4462; x_wconf 89' lang='lat' dir='ltr'><strong>est</strong></span> <span class='ocrx_word' id='word_1_792' title='bbox 2181 4407 2380 4462; x_wconf 84' lang='lat' dir='ltr'><strong>febris?</strong></span> <span class='ocrx_word' id='word_1_793' title='bbox 2406 4407 2580 4462; x_wconf 90' lang='lat' dir='ltr'><strong>inedia</strong></span> <span class='ocrx_word' id='word_1_794' title='bbox 2606 4408 2852 4462; x_wconf 90' lang='lat' dir='ltr'><strong>morbum</strong></span> <span class='ocrx_word' id='word_1_795' title='bbox 2878 4409 3172 4478; x_wconf 86' lang='lat' dir='ltr'><strong>corrigunt.</strong></span> <span class='ocrx_word' id='word_1_796' title='bbox 3202 4411 3277 4462; x_wconf 73' lang='lat' dir='ltr'><strong>Ex</strong></span> <span class='ocrx_word' id='word_1_797' title='bbox 3307 4409 3516 4464; x_wconf 88' lang='lat' dir='ltr'><strong>tristitia</strong></span> 
     </span>
    </p>
   </div>
   <div class='ocr_carea' id='block_1_105' title="bbox 1926 4499 3515 4570">
    <p class='ocr_par' dir='ltr' id='par_1_105' title="bbox 1926 4499 3515 4570">
     <span class='ocr_line' id='line_1_105' title="bbox 1926 4499 3515 4570; baseline 0.002 -18"><span class='ocrx_word' id='word_1_798' title='bbox 1926 4499 2046 4569; x_wconf 90' lang='lat' dir='ltr'><strong>quis</strong></span> <span class='ocrx_word' id='word_1_799' title='bbox 2076 4499 2374 4554; x_wconf 85' lang='lat' dir='ltr'><strong>infirmatus</strong></span> <span class='ocrx_word' id='word_1_800' title='bbox 2401 4499 2527 4555; x_wconf 89' lang='lat' dir='ltr'><strong>est?</strong></span> <span class='ocrx_word' id='word_1_801' title='bbox 2569 4499 2808 4554; x_wconf 79' lang='lat' dir='ltr'><strong>laetitiam</strong></span> <span class='ocrx_word' id='word_1_802' title='bbox 2838 4499 2961 4554; x_wconf 91' lang='lat' dir='ltr'><strong>huic</strong></span> <span class='ocrx_word' id='word_1_803' title='bbox 2989 4509 3166 4570; x_wconf 88' lang='lat' dir='ltr'><strong>aptam</strong></span> <span class='ocrx_word' id='word_1_804' title='bbox 3198 4499 3515 4555; x_wconf 81' lang='lat' dir='ltr'><strong>medicinam</strong></span> 
     </span>
    </p>
   </div>
   <div class='ocr_carea' id='block_1_106' title="bbox 1925 4591 3518 4662">
    <p class='ocr_par' dir='ltr' id='par_1_106' title="bbox 1925 4591 3518 4662">
     <span class='ocr_line' id='line_1_106' title="bbox 1925 4591 3518 4662; baseline 0 -16"><span class='ocrx_word' id='word_1_805' title='bbox 1925 4605 2047 4646; x_wconf 89' lang='lat' dir='ltr'><strong>esse</strong></span> <span class='ocrx_word' id='word_1_806' title='bbox 2086 4591 2291 4645; x_wconf 87' lang='lat' dir='ltr'><strong>dicunt.</strong></span> <span class='ocrx_word' id='word_1_807' title='bbox 2342 4591 2431 4646; x_wconf 92' lang='lat' dir='ltr'><strong>Sic</strong></span> <span class='ocrx_word' id='word_1_808' title='bbox 2461 4601 2517 4646; x_wconf 90' lang='lat' dir='ltr'><strong>et</strong></span> <span class='ocrx_word' id='word_1_809' title='bbox 2548 4591 2600 4644; x_wconf 92' lang='lat' dir='ltr'><strong>in</strong></span> <span class='ocrx_word' id='word_1_810' title='bbox 2649 4591 2844 4646; x_wconf 73' lang='lat' dir='ltr'><strong>animae</strong></span> <span class='ocrx_word' id='word_1_811' title='bbox 2887 4592 3290 4662; x_wconf 69' lang='lat' dir='ltr'><strong>tegritudinibus</strong></span> <span class='ocrx_word' id='word_1_812' title='bbox 3337 4593 3518 4646; x_wconf 81' lang='lat' dir='ltr'><strong>facere</strong></span> 
     </span>
    </p>
   </div>
   <div class='ocr_carea' id='block_1_107' title="bbox 1836 4666 3516 4754">
    <p class='ocr_par' dir='ltr' id='par_1_107' title="bbox 1836 4666 3516 4754">
     <span class='ocr_line' id='line_1_107' title="bbox 1836 4666 3516 4754; baseline 0.002 -20"><span class='ocrx_word' id='word_1_813' title='bbox 1836 4666 1898 4710; x_wconf 75' lang='grc'><em>⁴⁹</em></span> <span class='ocrx_word' id='word_1_814' title='bbox 1926 4691 2160 4750; x_wconf 88' lang='lat' dir='ltr'><strong>oportet.</strong></span> <span class='ocrx_word' id='word_1_815' title='bbox 2195 4681 2334 4736; x_wconf 80' lang='lat' dir='ltr'><strong>iram</strong></span> <span class='ocrx_word' id='word_1_816' title='bbox 2359 4690 2544 4752; x_wconf 89' lang='lat' dir='ltr'><strong>torpor</strong></span> <span class='ocrx_word' id='word_1_817' title='bbox 2568 4682 2862 4737; x_wconf 79' lang='lat' dir='ltr'><strong>excitavit?</strong></span> <span class='ocrx_word' id='word_1_818' title='bbox 2893 4682 3152 4737; x_wconf 89' lang='lat' dir='ltr'><strong>industria</strong></span> <span class='ocrx_word' id='word_1_819' title='bbox 3177 4681 3314 4736; x_wconf 86' lang='lat' dir='ltr'><strong>hanc</strong></span> <span class='ocrx_word' id='word_1_820' title='bbox 3340 4685 3516 4754; x_wconf 82' lang='lat' dir='ltr'><strong>repel-</strong></span> 
     </span>
    </p>
   </div>
   <div class='ocr_carea' id='block_1_108' title="bbox 1926 4773 3513 4845">
    <p class='ocr_par' dir='ltr' id='par_1_108' title="bbox 1926 4773 3513 4845">
     <span class='ocr_line' id='line_1_108' title="bbox 1926 4773 3513 4845; baseline 0.003 -18"><span class='ocrx_word' id='word_1_821' title='bbox 1926 4773 2132 4840; x_wconf 90' lang='lat' dir='ltr'><strong>lamus,</strong></span> <span class='ocrx_word' id='word_1_822' title='bbox 2164 4774 2493 4845; x_wconf 89' lang='lat' dir='ltr'><strong>multamque</strong></span> <span class='ocrx_word' id='word_1_823' title='bbox 2535 4791 2644 4845; x_wconf 68' lang='lat' dir='ltr'><strong>prre</strong></span> <span class='ocrx_word' id='word_1_824' title='bbox 2686 4775 2841 4831; x_wconf 90' lang='lat' dir='ltr'><strong>nobis</strong></span> <span class='ocrx_word' id='word_1_825' title='bbox 2882 4773 3116 4831; x_wconf 85' lang='lat' dir='ltr'><strong>feramus</strong></span> <span class='ocrx_word' id='word_1_826' title='bbox 3142 4776 3513 4832; x_wconf 86' lang='lat' dir='ltr'><strong>mutationem.</strong></span> 
     </span>
    </p>
   </div>
   <div class='ocr_carea' id='block_1_109' title="bbox 1925 4865 3516 4936">
    <p class='ocr_par' dir='ltr' id='par_1_109' title="bbox 1925 4865 3516 4936">
     <span class='ocr_line' id='line_1_109' title="bbox 1925 4865 3516 4936; baseline 0.003 -15"><span class='ocrx_word' id='word_1_827' title='bbox 1925 4865 2195 4936; x_wconf 81' lang='lat' dir='ltr'><strong>Jejunium</strong></span> <span class='ocrx_word' id='word_1_828' title='bbox 2242 4867 2499 4922; x_wconf 88' lang='lat' dir='ltr'><strong>habemus</strong></span> <span class='ocrx_word' id='word_1_829' title='bbox 2543 4869 2954 4935; x_wconf 75' lang='lat' dir='ltr'><strong>auxiliatorem,</strong></span> <span class='ocrx_word' id='word_1_830' title='bbox 3002 4879 3058 4923; x_wconf 90' lang='lat' dir='ltr'><strong>et</strong></span> <span class='ocrx_word' id='word_1_831' title='bbox 3097 4868 3516 4925; x_wconf 80' lang='lat' dir='ltr'><strong>commilitonem</strong></span> 
     </span>
    </p>
   </div>
   <div class='ocr_carea' id='block_1_110' title="bbox 1927 4960 3514 5035">
    <p class='ocr_par' dir='ltr' id='par_1_110' title="bbox 1927 4960 3514 5035">
     <span class='ocr_line' id='line_1_110' title="bbox 1927 4960 3514 5035; baseline 0.003 -22"><span class='ocrx_word' id='word_1_832' title='bbox 1927 4960 2218 5014; x_wconf 75' lang='lat' dir='ltr'><strong>maximum</strong></span> <span class='ocrx_word' id='word_1_833' title='bbox 2240 4970 2344 5025; x_wconf 89' lang='lat' dir='ltr'><strong>,.ct</strong></span> <span class='ocrx_word' id='word_1_834' title='bbox 2373 4971 2568 5031; x_wconf 69' lang='lat' dir='ltr'><strong>pra-ter</strong></span> <span class='ocrx_word' id='word_1_835' title='bbox 2601 4961 2862 5032; x_wconf 77' lang='lat' dir='ltr'><strong>jejunium</strong></span> <span class='ocrx_word' id='word_1_836' title='bbox 2895 4963 3178 5019; x_wconf 88' lang='lat' dir='ltr'><strong>instantem</strong></span> <span class='ocrx_word' id='word_1_837' title='bbox 3217 4965 3514 5035; x_wconf 76' lang='lat' dir='ltr'><strong>angustiam</strong></span> 
     </span>
    </p>
   </div>
   <div class='ocr_carea' id='block_1_111' title="bbox 1925 5057 3517 5130">
    <p class='ocr_par' dir='ltr' id='par_1_111' title="bbox 1925 5057 3517 5130">
     <span class='ocr_line' id='line_1_111' title="bbox 1925 5057 3517 5130; baseline 0.001 -20"><span class='ocrx_word' id='word_1_838' title='bbox 1925 5066 1980 5111; x_wconf 91' lang='lat' dir='ltr'><strong>et</strong></span> <span class='ocrx_word' id='word_1_839' title='bbox 2005 5057 2227 5127; x_wconf 88' lang='lat' dir='ltr'><strong>periculi</strong></span> <span class='ocrx_word' id='word_1_840' title='bbox 2261 5058 2528 5114; x_wconf 86' lang='lat' dir='ltr'><strong>timorem.</strong></span> <span class='ocrx_word' id='word_1_841' title='bbox 2557 5057 2819 5114; x_wconf 80' lang='lat' dir='ltr'><strong>instemus</strong></span> <span class='ocrx_word' id='word_1_842' title='bbox 2846 5058 3005 5130; x_wconf 87' lang='lat' dir='ltr'><strong>igitur</strong></span> <span class='ocrx_word' id='word_1_843' title='bbox 3033 5059 3224 5113; x_wconf 79' lang='lat' dir='ltr'><strong>anima:</strong></span> <span class='ocrx_word' id='word_1_844' title='bbox 3252 5059 3354 5113; x_wconf 83' lang='lat' dir='ltr'><strong>hoc</strong></span> <span class='ocrx_word' id='word_1_845' title='bbox 3385 5067 3517 5112; x_wconf 82' lang='lat' dir='ltr'><strong>tem-</strong></span> 
     </span>
    </p>
   </div>
   <div class='ocr_carea' id='block_1_112' title="bbox 1927 5149 3517 5222">
    <p class='ocr_par' dir='ltr' id='par_1_112' title="bbox 1927 5149 3517 5222">
     <span class='ocr_line' id='line_1_112' title="bbox 1927 5149 3517 5222; baseline 0.003 -20"><span class='ocrx_word' id='word_1_846' title='bbox 1927 5165 2057 5218; x_wconf 88' lang='lat' dir='ltr'><strong>pore</strong></span> <span class='ocrx_word' id='word_1_847' title='bbox 2099 5168 2113 5204; x_wconf 89' lang='lat'><strong>:</strong></span> <span class='ocrx_word' id='word_1_848' title='bbox 2158 5151 2358 5205; x_wconf 86' lang='lat' dir='ltr'><strong>etenim</strong></span> <span class='ocrx_word' id='word_1_849' title='bbox 2405 5151 2503 5219; x_wconf 90' lang='lat' dir='ltr'><strong>ipsi</strong></span> <span class='ocrx_word' id='word_1_850' title='bbox 2552 5151 2731 5205; x_wconf 90' lang='lat' dir='ltr'><strong>omnia</strong></span> <span class='ocrx_word' id='word_1_851' title='bbox 2780 5167 3128 5222; x_wconf 67' lang='lat' dir='ltr'><strong>quaecumque</strong></span> <span class='ocrx_word' id='word_1_852' title='bbox 3165 5149 3517 5216; x_wconf 81' lang='lat' dir='ltr'><strong>voluerimus,</strong></span> 
     </span>
    </p>
   </div>
   <div class='ocr_carea' id='block_1_113' title="bbox 1926 5239 3517 5313">
    <p class='ocr_par' dir='ltr' id='par_1_113' title="bbox 1926 5239 3517 5313">
     <span class='ocr_line' id='line_1_113' title="bbox 1926 5239 3517 5313; baseline 0.001 -20"><span class='ocrx_word' id='word_1_853' title='bbox 1926 5239 2080 5296; x_wconf 87' lang='lat' dir='ltr'><strong>facile</strong></span> <span class='ocrx_word' id='word_1_854' title='bbox 2123 5241 2444 5311; x_wconf 82' lang='lat' dir='ltr'><strong>persuadere</strong></span> <span class='ocrx_word' id='word_1_855' title='bbox 2490 5243 2802 5313; x_wconf 89' lang='lat' dir='ltr'><strong>poterimus.</strong></span> <span class='ocrx_word' id='word_1_856' title='bbox 2853 5243 3083 5299; x_wconf 81' lang='lat' dir='ltr'><strong>Pavidus</strong></span> <span class='ocrx_word' id='word_1_857' title='bbox 3128 5243 3268 5298; x_wconf 86' lang='lat' dir='ltr'><strong>enim</strong></span> <span class='ocrx_word' id='word_1_858' title='bbox 3308 5250 3364 5297; x_wconf 91' lang='lat' dir='ltr'><strong>et</strong></span> <span class='ocrx_word' id='word_1_859' title='bbox 3412 5251 3517 5296; x_wconf 89' lang='lat' dir='ltr'><strong>tre-</strong></span> 
     </span>
    </p>
   </div>
   <div class='ocr_carea' id='block_1_114' title="bbox 1927 5334 3516 5407">
    <p class='ocr_par' dir='ltr' id='par_1_114' title="bbox 1927 5334 3516 5407">
     <span class='ocr_line' id='line_1_114' title="bbox 1927 5334 3516 5407; baseline 0.001 -20"><span class='ocrx_word' id='word_1_860' title='bbox 1927 5347 2120 5400; x_wconf 88' lang='lat' dir='ltr'><strong>mens,</strong></span> <span class='ocrx_word' id='word_1_861' title='bbox 2165 5342 2222 5388; x_wconf 86' lang='lat' dir='ltr'><strong>et</strong></span> <span class='ocrx_word' id='word_1_862' title='bbox 2266 5349 2298 5388; x_wconf 90' lang='lat' dir='ltr'><strong>a</strong></span> <span class='ocrx_word' id='word_1_863' title='bbox 2342 5334 2547 5390; x_wconf 87' lang='lat' dir='ltr'><strong>deliciis</strong></span> <span class='ocrx_word' id='word_1_864' title='bbox 2592 5335 2842 5392; x_wconf 87' lang='lat' dir='ltr'><strong>omnibus</strong></span> <span class='ocrx_word' id='word_1_865' title='bbox 2889 5335 3201 5407; x_wconf 81' lang='lat' dir='ltr'><strong>expeditus,</strong></span> <span class='ocrx_word' id='word_1_866' title='bbox 3251 5342 3411 5401; x_wconf 85' lang='lat' dir='ltr'><strong>atque</strong></span> <span class='ocrx_word' id='word_1_867' title='bbox 3466 5334 3516 5388; x_wconf 86' lang='lat' dir='ltr'><strong>in</strong></span> 
     </span>
    </p>
   </div>
   <div class='ocr_carea' id='block_1_115' title="bbox 1927 5425 3517 5496">
    <p class='ocr_par' dir='ltr' id='par_1_115' title="bbox 1927 5425 3517 5496">
     <span class='ocr_line' id='line_1_115' title="bbox 1927 5425 3517 5496; baseline 0.002 -20"><span class='ocrx_word' id='word_1_868' title='bbox 1927 5426 2119 5479; x_wconf 91' lang='lat' dir='ltr'><strong>timore</strong></span> <span class='ocrx_word' id='word_1_869' title='bbox 2147 5425 2370 5490; x_wconf 84' lang='lat' dir='ltr'><strong>vivens,</strong></span> <span class='ocrx_word' id='word_1_870' title='bbox 2425 5427 2576 5481; x_wconf 85' lang='lat' dir='ltr'><strong>facile</strong></span> <span class='ocrx_word' id='word_1_871' title='bbox 2621 5427 2982 5496; x_wconf 87' lang='lat' dir='ltr'><strong>philosophari</strong></span> <span class='ocrx_word' id='word_1_872' title='bbox 3033 5435 3244 5495; x_wconf 87' lang='lat' dir='ltr'><strong>potest,</strong></span> <span class='ocrx_word' id='word_1_873' title='bbox 3292 5434 3346 5479; x_wconf 90' lang='lat' dir='ltr'><strong>ct</strong></span> <span class='ocrx_word' id='word_1_874' title='bbox 3397 5441 3517 5479; x_wconf 88' lang='lat' dir='ltr'><strong>eum</strong></span> 
     </span>
    </p>
   </div>
   <div class='ocr_carea' id='block_1_116' title="bbox 1925 5517 3188 5588">
    <p class='ocr_par' dir='ltr' id='par_1_116' title="bbox 1925 5517 3188 5588">
     <span class='ocr_line' id='line_1_116' title="bbox 1925 5517 3188 5588; baseline -0.003 -16"><span class='ocrx_word' id='word_1_875' title='bbox 1925 5518 2086 5572; x_wconf 88' lang='lat' dir='ltr'><strong>multa</strong></span> <span class='ocrx_word' id='word_1_876' title='bbox 2115 5517 2389 5574; x_wconf 78' lang='lat' dir='ltr'><strong>alacritate</strong></span> <span class='ocrx_word' id='word_1_877' title='bbox 2419 5520 2630 5574; x_wconf 88' lang='lat' dir='ltr'><strong>virtutis</strong></span> <span class='ocrx_word' id='word_1_878' title='bbox 2654 5521 2857 5574; x_wconf 88' lang='lat' dir='ltr'><strong>semina</strong></span> <span class='ocrx_word' id='word_1_879' title='bbox 2897 5518 3188 5588; x_wconf 88' lang='lat' dir='ltr'><strong>suscipere.</strong></span> 
     </span>
    </p>
   </div>
   <div class='ocr_carea' id='block_1_117' title="bbox 1998 5609 3511 5680">
    <p class='ocr_par' dir='ltr' id='par_1_117' title="bbox 1998 5609 3511 5680">
     <span class='ocr_line' id='line_1_117' title="bbox 1998 5609 3511 5680; baseline -0.003 -17"><span class='ocrx_word' id='word_1_880' title='bbox 1998 5611 2050 5663; x_wconf 90' lang='lat'><strong>7.</strong></span> <span class='ocrx_word' id='word_1_881' title='bbox 2081 5610 2385 5665; x_wconf 79' lang='lat' dir='ltr'><strong>Jurameuta</strong></span> <span class='ocrx_word' id='word_1_882' title='bbox 2411 5612 2637 5666; x_wconf 79' lang='lat' dir='ltr'><strong>vitanda.</strong></span> <span class='ocrx_word' id='word_1_883' title='bbox 2665 5641 2736 5651; x_wconf 95' lang='lat'><strong>—</strong></span> <span class='ocrx_word' id='word_1_884' title='bbox 2765 5611 3000 5665; x_wconf 87' lang='lat' dir='ltr'><strong>Primum</strong></span> <span class='ocrx_word' id='word_1_885' title='bbox 3038 5610 3196 5679; x_wconf 87' lang='lat' dir='ltr'><strong>igitur</strong></span> <span class='ocrx_word' id='word_1_886' title='bbox 3217 5609 3264 5663; x_wconf 93' lang='lat' dir='ltr'><strong>ei</strong></span> <span class='ocrx_word' id='word_1_887' title='bbox 3297 5623 3511 5680; x_wconf 76' lang='lat' dir='ltr'><strong>persua-</strong></span> 
     </span>
    </p>
   </div>
   <div class='ocr_carea' id='block_1_118' title="bbox 1924 5701 3509 5776">
    <p class='ocr_par' dir='ltr' id='par_1_118' title="bbox 1924 5701 3509 5776">
     <span class='ocr_line' id='line_1_118' title="bbox 1924 5701 3509 5776; baseline -0.003 -17"><span class='ocrx_word' id='word_1_888' title='bbox 1924 5705 2181 5769; x_wconf 71' lang='lat' dir='ltr'><strong>deamus,</strong></span> <span class='ocrx_word' id='word_1_889' title='bbox 2228 5713 2285 5759; x_wconf 92' lang='lat' dir='ltr'><strong>ut</strong></span> <span class='ocrx_word' id='word_1_890' title='bbox 2323 5721 2352 5759; x_wconf 88' lang='lat' dir='ltr'><strong>a</strong></span> <span class='ocrx_word' id='word_1_891' title='bbox 2392 5705 2815 5776; x_wconf 88' lang='lat' dir='ltr'><strong>juramentorum</strong></span> <span class='ocrx_word' id='word_1_892' title='bbox 2848 5701 3509 5773; x_wconf 79' lang='lat' dir='ltr'><strong>fugamutationem-inei-</strong></span> 
     </span>
    </p>
   </div>
   <div class='ocr_carea' id='block_1_119' title="bbox 1925 5791 3510 5868">
    <p class='ocr_par' dir='ltr' id='par_1_119' title="bbox 1925 5791 3510 5868">
     <span class='ocr_line' id='line_1_119' title="bbox 1925 5791 3510 5868; baseline -0.002 -18"><span class='ocrx_word' id='word_1_893' title='bbox 1925 5799 2077 5868; x_wconf 86' lang='lat' dir='ltr'><strong>piat:</strong></span> <span class='ocrx_word' id='word_1_894' title='bbox 2111 5799 2210 5853; x_wconf 86' lang='lat' dir='ltr'><strong>etsi</strong></span> <span class='ocrx_word' id='word_1_895' title='bbox 2255 5798 2397 5853; x_wconf 91' lang='lat' dir='ltr'><strong>enim</strong></span> <span class='ocrx_word' id='word_1_896' title='bbox 2442 5797 2553 5853; x_wconf 82' lang='lat' dir='ltr'><strong>heri</strong></span> <span class='ocrx_word' id='word_1_897' title='bbox 2600 5805 2662 5852; x_wconf 79' lang='lat' dir='ltr'><strong>et</strong></span> <span class='ocrx_word' id='word_1_898' title='bbox 2698 5794 3085 5852; x_wconf 79' lang='lat' dir='ltr'><strong>nudiustertius</strong></span> <span class='ocrx_word' id='word_1_899' title='bbox 3113 5793 3180 5850; x_wconf 85' lang='lat' dir='ltr'><strong>de</strong></span> <span class='ocrx_word' id='word_1_900' title='bbox 3225 5793 3323 5849; x_wconf 82' lang='lat' dir='ltr'><strong>hac</strong></span> <span class='ocrx_word' id='word_1_901' title='bbox 3363 5791 3510 5848; x_wconf 76' lang='lat' dir='ltr'><strong>vobis</strong></span> 
     </span>
    </p>
   </div>
  </div>
