3892 6236
349 310 417 363 79
1088 309 1145 364 S.
1176 308 1450 364 JOANNIS
1489 308 1958 364 CllRYSOSTOMl
1999 308 2310 365 ARCIIIEP.
2349 308 2877 369 CONSTANTINOP.
3557 316 3625 372 80

353 419 608 490 loquutus
632 435 749 476 sum
780 421 999 476 materia
1022 463 1036 488 ,
1065 435 1237 490 neque
1262 430 1435 474 tamen
1464 420 1621 475 hodie
1647 419 1925 486 desistam,

353 524 527 579 neque
553 526 702 574 cras,
735 525 907 582 neque
935 512 1183 582 perendie
1211 511 1396 566 eadem
1427 526 1664 566 mouere.
1715 512 1782 565 Et
1807 513 1931 581 quid

355 603 478 658 dico
505 606 791 658 crastinam
831 613 922 659 aut
965 605 1172 660 tertiam
1203 605 1388 660 diem?
1429 606 1603 660 Donec
1630 621 1727 659 vos
1754 621 1934 661 corre-

354 704 468 750 ctos
495 695 722 762 videam,
765 712 870 751 non
898 696 1150 751 absistam
1180 715 1192 748 :
1231 697 1276 751 si
1305 698 1446 752 enim
1477 697 1646 766 legem
1679 698 1900 767 praet-ari
1920 727 1933 738 -

354 797 538 841 cantes
569 803 673 841 non
701 789 1020 842 erubescunt
1038 829 1052 853 ,
1087 789 1254 842 multo
1281 789 1449 858 magis
1478 804 1575 844 nos
1596 789 1842 859 jubentes
1868 804 1934 844 ne

352 879 765 944 pnevaricemini
785 922 800 944 ,
829 880 896 934 de
925 879 1189 951 frequenti
1220 880 1584 936 admonitione
1613 897 1716 934 non
1745 881 1935 936 erube-

350 986 500 1026 scere
544 987 638 1040 par
673 981 773 1026 est.
827 972 902 1026 De
945 971 1135 1026 iisdem
1161 973 1304 1026 enim
1342 973 1595 1038 continue
1623 985 1933 1026 commone—

351 1060 562 1127 facere,
611 1079 716 1118 non
759 1063 1026 1130 dicentis,
1073 1063 1167 1118 sed
1212 1063 1539 1117 audientium
1583 1072 1666 1118 est
1710 1063 1932 1126 crimen,

349 1155 596 1208 diuturna
637 1169 801 1224 super
833 1155 1165 1224 simplicibus
1191 1163 1247 1210 et
1277 1154 1519 1209 facilibus
1547 1155 1826 1224 praeceptis
1857 1153 1936 1206 iu-

347 1244 638 1314 digentium
680 1246 979 1316 disciplina.
1019 1246 1155 1313 Quid
1184 1247 1327 1302 enim
1375 1246 1578 1300 facilius
1623 1261 1781 1314 quam
1827 1261 1933 1299 non

345 1339 571 1406 jurare?
615 1337 1032 1395 Consuetudinis
1082 1351 1282 1394 tantum
1335 1355 1470 1410 opus
1516 1350 1598 1394 est
1639 1357 1655 1394 :
1700 1356 1804 1393 non
1853 1350 1937 1394 est

351 1431 594 1499 corporis
622 1431 774 1486 labor
795 1473 810 1496 ,
844 1448 950 1486 non
977 1442 1058 1487 est
1087 1433 1429 1503 pecuniarum
1464 1432 1809 1502 impendium.
1846 1432 1934 1488 Vis

350 1521 561 1577 discere
603 1524 870 1594 quomodo
905 1525 1089 1578 vitium
1138 1525 1376 1594 soporari
1414 1525 1628 1593 possit?
1669 1525 1936 1595 quomodo

351 1613 419 1666 ab
471 1615 710 1683 improba
770 1615 1156 1670 consuetudine
1211 1616 1425 1670 liberari
1477 1616 1675 1670 liceat?
1723 1615 1834 1678 Ego
1885 1625 1936 1668 te

352 1704 637 1771 quemdam
663 1706 866 1761 docebo
893 1707 1130 1773 modum,
1159 1723 1318 1776 quem
1345 1707 1389 1761 si
1419 1707 1683 1772 tenueris,
1715 1721 1935 1776 supera-

356 1794 436 1850 bis
464 1796 706 1850 omnino.
751 1797 884 1851 Cum
913 1798 1110 1853 videris
1157 1801 1382 1867 teipsnm
1402 1840 1418 1865 ,
1447 1799 1530 1852 vel
1557 1799 1720 1851 alium
1747 1814 1937 1867 quem-

353 1901 495 1954 que,
522 1889 604 1941 vel
636 1902 883 1955 servum,
915 1890 1000 1944 vel
1029 1889 1192 1944 ﬁlium
1214 1931 1228 1954 ,
1259 1890 1344 1944 vel
1389 1905 1606 1945 uxorem
1653 1890 1752 1945 hoc
1797 1892 1937 1946 malo

304 2019 313 2034 .
353 1986 558 2044 captos,
589 1989 642 2032 et
666 1985 914 2033 continue
943 1981 1411 2048 commonefactos,
1443 1997 1615 2050 neque
1643 1991 1932 2045 correctos,

351 2067 480 2138 jube
524 2084 629 2123 non
668 2080 908 2126 cinnatos
948 2071 1164 2137 cubare,
1215 2081 1271 2126 et
1311 2071 1449 2127 hanc
1493 2073 1692 2142 tibique
1733 2081 1789 2127 et
1831 2073 1937 2128 illis

353 2157 749 2214 damnationem
799 2160 1015 2228 impone
1037 2201 1053 2225 ,
1085 2162 1480 2216 damnationem
1525 2179 1630 2216 non
1660 2163 1934 2230 damnum,

352 2250 447 2304 sed
479 2251 680 2304 lucrum
709 2250 990 2307 ferentem.
1017 2252 1165 2306 Talia
1195 2252 1339 2307 enim
1368 2262 1491 2308 sunt
1519 2254 1809 2322 spiritualia
1841 2272 1854 2308 :
1885 2263 1939 2308 et

357 2342 558 2396 lucrum
588 2341 799 2409 ferunt,
837 2352 890 2398 et
918 2344 1254 2400 celerrimam
1295 2347 1683 2400 correctionem
1714 2365 1728 2401 :
1761 2347 1936 2416 lingua

354 2435 496 2489 enim
524 2435 740 2491 assidue
769 2439 1001 2493 cruciata
1026 2479 1042 2504 ,
1074 2438 1158 2492 vel
1187 2440 1402 2494 nemine
1427 2450 1798 2496 commonente
1823 2442 1938 2496 suf-

357 2526 622 2582 ﬁcientem
643 2529 1212 2597 capitadmonitiohem
1237 2545 1266 2583 a
1291 2531 1376 2584 siti
1393 2545 1720 2600 compressa,
1743 2548 1772 2586 a
1799 2532 1937 2587 fame

356 2616 692 2686 angustiata;
746 2629 795 2671 ιιι
825 2619 950 2674 licet
976 2621 1212 2674 omnium
1243 2622 1410 2676 simus
1437 2621 1761 2678 stolidissimi
1785 2665 1799 2686 ,
1831 2633 1937 2678 tota

359 2707 447 2762 die
475 2707 632 2778 hujus
658 2711 907 2765 tormenti
937 2712 1298 2782 magnitudine
1322 2713 1649 2778 commoniti,
1680 2714 1785 2768 alio
1810 2729 1938 2769 con-

358 2799 478 2853 silio
505 2809 559 2855 et
586 2801 948 2855 admonitione
983 2818 1087 2856 non
1133 2802 1506 2872 indigebimus.
1541 2804 1816 2860 Laudastis
1854 2807 1934 2859 di-

357 2900 441 2944 cta
464 2933 478 2956 ,
503 2906 686 2945 verum
713 2902 767 2946 et
792 2891 947 2947 lactis
973 2893 1180 2948 laudem
1211 2894 1588 2949 demonstrate.
1618 2895 1768 2962 Quod
1795 2897 1936 2951 enim

357 2981 552 3050 alioqui
601 2981 757 3051 hujus
804 2983 1075 3036 couciouis
1105 2985 1566 3039 emolumentum?
1608 2985 1662 3040 Si
1704 2986 1939 3055 quotidie

361 3072 612 3142 puerulus
638 3072 702 3126 ad
745 3073 979 3127 scholam
1012 3083 1221 3143 pergat,
1257 3083 1438 3143 postea
1468 3076 1543 3129 nil
1577 3075 1747 3131 discat
1767 3117 1782 3140 ,
1813 3093 1937 3130 num

359 3165 427 3218 ad
456 3167 848 3219 excusationem
881 3164 1107 3220 sufﬁciat
1132 3168 1303 3232 nobis,
1338 3171 1510 3237 ipsum
1554 3169 1681 3223 illuc
1704 3169 1939 3238 quotidie

361 3256 625 3324 pergere?
656 3269 758 3309 non
789 3255 888 3310 hoc
915 3258 1086 3324 ipsum
1117 3257 1407 3311 maximum
1433 3257 1689 3314 ducemus
1715 3260 1936 3325 crimen,

359 3348 499 3414 quod
542 3363 635 3415 per
675 3347 910 3418 singulos
955 3348 1072 3404 dies
1115 3349 1240 3404 illuc
1287 3365 1551 3420 pergens,
1598 3351 1699 3406 hoc
1747 3351 1937 3406 frustra

363 3438 561 3491 iaciat?
591 3437 702 3491 l‘loe
731 3447 785 3492 et
813 3437 865 3492 in
898 3439 1052 3494 nobis
1082 3440 1210 3508 ipsis
1239 3441 1530 3509 cogitemus
1551 3483 1565 3506 ,
1599 3450 1653 3495 et
1679 3443 1812 3496 intra
1843 3457 1940 3496 nos

363 3526 506 3596 ipsus
526 3528 767 3582 dicamus
792 3546 804 3582 :
828 3529 1056 3583 Tantum
1087 3533 1340 3600 temporis
1359 3532 1425 3586 ad
1449 3534 1728 3587 ecclesiam
1754 3549 1940 3589 occur-

363 3628 544 3671 rentes
563 3657 577 3680 ,
627 3619 1014 3674 terribilissima
1046 3623 1276 3676 fruentes
1306 3623 1521 3693 synaxi,
1554 3625 1772 3693 ipsaque
1800 3626 1940 3679 mul-

365 3718 473 3762 tum
518 3711 720 3762 lucrum
769 3711 1035 3776 habente,
1079 3712 1124 3766 si
1171 3713 1302 3767 tales
1343 3728 1552 3766 rursum
1582 3713 1936 3780 discedamus,

363 3801 548 3869 quales
573 3799 904 3867 advenimus,
941 3803 1139 3856 nullum
1167 3803 1466 3857 defectuum
1495 3815 1795 3860 nostrorum
1824 3821 1944 3858 eor-

364 3893 600 3962 rigentes
619 3933 634 3956 ,
663 3907 783 3962 qua:
809 3892 963 3948 nobis
993 3894 1095 3947 erit
1133 3893 1290 3962 hujus
1331 3894 1671 3963 profectionis
1698 3895 1894 3950 utilitas
1919 3896 1942 3950 ’ἔ

365 3985 570 4040 Etenim
615 3986 778 4039 multa
810 4001 913 4040 non
958 3999 1173 4057 propter
1202 4003 1261 4042 se
1306 3988 1436 4041 ﬁunt
1456 4030 1470 4054 ,
1511 3989 1606 4044 sed
1637 4000 1850 4058 propter
1878 4007 1941 4045 ea

361 4093 481 4145 qua:
524 4091 593 4130 ex
635 4076 764 4144 ipsis
809 4079 1079 4132 eveniunt.
1129 4079 1296 4145 Quale
1344 4081 1468 4134 illud
1517 4091 1596 4136 est
1630 4099 1642 4136 :
1672 4083 1942 4138 seminans

365 4184 470 4219 non
500 4166 622 4221 ideo
651 4168 910 4234 seminat,
956 4181 1012 4222 ut
1040 4179 1240 4224 tantum
1268 4173 1516 4237 seminet,
1545 4173 1636 4227 sed
1668 4186 1722 4228 ut
1751 4184 1805 4228 et
1832 4191 1938 4229 me-

365 4268 441 4311 tat
470 4273 484 4310 :
514 4258 655 4326 quod
683 4257 784 4312 nisi
815 4261 914 4313 hoc
942 4260 1124 4327 ﬁeret,
1162 4272 1216 4316 et
1238 4263 1489 4316 damnum
1516 4266 1770 4319 sementis
1798 4276 1944 4335 pate-

365 4364 540 4416 retur,
569 4352 864 4410 seminibus
901 4355 1162 4410 ineassum
1197 4359 1522 4425 putrefactis.
1552 4359 1810 4413 Mercator
1837 4377 1940 4414 non

367 4452 582 4512 propter
607 4444 708 4497 hoc
733 4445 974 4513 navigat,
1007 4456 1059 4498 ut
1087 4454 1290 4501 tantum
1321 4449 1546 4518 naviget,
1577 4449 1672 4503 sed
1703 4457 1760 4501 ut
1786 4466 1942 4517 pcre-

362 4533 623 4600 grinando
646 4535 940 4589 auctiorem
972 4534 1128 4590 faciat
1169 4554 1281 4592 rem
1315 4556 1330 4592 :
1359 4541 1500 4609 quod
1530 4541 1626 4594 nisi
1657 4542 1757 4596 hoc
1781 4541 1939 4606 adsit,

365 4635 419 4676 et
444 4622 695 4678 damnum
725 4626 931 4681 accidet
956 4638 1273 4694 extremum,
1307 4646 1359 4686 et
1385 4634 1639 4688 damnosa
1684 4649 1942 4689 mercato-

368 4730 484 4767 rum
515 4717 886 4784 peregrinatio.
914 4718 1027 4772 Hoc
1063 4719 1200 4774 idem
1231 4734 1284 4774 et
1313 4723 1364 4775 in
1396 4725 1546 4778 nobis
1574 4725 1700 4794 ipsis
1729 4726 1942 4779 ratioci-

366 4823 556 4860 nemur
581 4825 595 4862 :
622 4810 817 4862 etenim
847 4820 901 4865 et
927 4827 1023 4866 nos
1049 4813 1102 4866 in
1134 4815 1410 4868 ecclesiam
1440 4819 1804 4883 convenimus,
1835 4833 1940 4872 non

368 4907 588 4967 propter
613 4901 714 4954 hoc
741 4901 910 4968 ipsum
939 4904 1131 4967 solum,
1163 4912 1218 4958 ut
1243 4905 1328 4960 hic
1353 4909 1726 4976 immoremnr,
1761 4912 1854 4966 sed
1888 4924 1944 4966 ut

365 4989 563 5059 aliquid
592 5007 838 5062 maguum
869 5003 921 5050 et
960 4997 1232 5065 spirituale
1273 4998 1458 5055 lucrati
1489 5001 1841 5056 discedamus.
1886 5003 1942 5058 Si

366 5081 526 5153 igitur
562 5084 746 5139 inanes
771 5095 828 5140 et
855 5087 988 5142 nihil
1027 5088 1204 5158 adepti
1233 5092 1505 5154 abeamus,
1536 5092 1942 5148 condemnatio-

365 5192 484 5230 nem
518 5177 672 5232 nobis
701 5177 800 5234 hoc
824 5181 1055 5236 studium
1081 5193 1337 5238 aecerset.
1369 5185 1519 5252 Quod
1548 5202 1615 5240 ne
1647 5187 1754 5251 tiat,
1784 5196 1944 5255 utque

368 5275 570 5322 tantum
597 5269 848 5326 damnum
878 5275 1162 5342 evitemus,
1191 5275 1450 5331 abeuntes
1483 5277 1625 5342 hinc,
1657 5278 1795 5330 inter
1823 5293 1942 5333 sese

365 5364 521 5416 amici
551 5380 670 5418 cum
703 5365 823 5419 ﬁliis
854 5375 1030 5435 patres
1051 5409 1064 5431 ,
1105 5385 1225 5423 cum
1256 5371 1424 5423 servis
1452 5369 1684 5433 domini,
1717 5370 1941 5424 medita-

369 5458 533 5524 mini,
565 5467 619 5513 et
647 5459 881 5513 laborata
905 5462 1174 5530 quomodo
1203 5463 1514 5531 imperatum
1544 5463 1858 5530 expediatis,
1888 5473 1944 5520 ut

365 5558 644 5618 postquam
677 5549 866 5604 iterum
909 5553 1108 5608 reversi
1147 5553 1352 5608 {ueritis
1375 5595 1390 5618 ,
1442 5565 1496 5608 et
1535 5555 1602 5609 de
1632 5554 1816 5610 iisdem
1845 5571 1943 5611 nos

361 5638 650 5695 suadentes
690 5643 997 5710 audieritis,
1037 5660 1140 5698 non
1175 5644 1374 5714 pudore
1417 5646 1716 5703 al'tieiamini
1741 5689 1757 5707 .
1800 5664 1945 5703 mor-

363 5731 524 5786 dente
552 5746 645 5785 vos
671 5734 1017 5803 conscientia,
1045 5736 1137 5792 sed
1165 5736 1461 5806 gaudeatis,
1488 5748 1540 5792 et
1572 5739 1821 5796 laetemini
1847 5742 1940 5797 ad-

2046 421 2352 476 monitionis
2391 422 2646 492 majorem
2681 423 2835 479 vobis
2874 425 3079 496 partem
3107 426 3370 496 expletam
3407 429 3624 498 conspi-

2036 521 2256 565 cnentes.
2301 511 2425 566 [hec
2465 529 2570 568 non
2617 523 2820 569 tantum
2873 517 2958 572 hic
3002 516 3436 587 philosophemur
3468 537 3481 571 :
3514 536 3621 573 non

2035 607 2176 660 enim
2225 608 2338 662 haec
2380 620 2752 663 momentanea
2797 609 3091 666 admonitio
3137 619 3304 665 totum
3345 611 3614 668 eradiearr

2036 706 2245 765 potest,
2280 713 2464 752 verum
2491 707 2547 754 et
2574 699 2718 753 domi
2761 700 2840 754 vir
2866 701 2933 754 ah
2960 715 3126 755 uxore
3148 700 3264 756 haec
3295 701 3509 766 audiat,
3559 715 3614 757 et

2037 802 2170 841 uxor
2196 803 2223 840 a
2255 789 2478 858 conjuge
2511 807 2524 842 :
2565 800 2618 844 et
2656 790 2926 845 aemulatio
2953 791 3195 861 quaedam
3239 793 3333 846 ﬁat
3367 794 3617 848 omribus

2035 878 2100 932 ad
2129 878 2283 947 hujus
2315 879 2447 949 legis
2477 881 2842 950 impletionem
2867 882 3148 952 pervenire
3171 881 3536 950 studentibus,
3563 897 3622 939 et

2035 969 2122 1036 qui
2171 970 2315 1037 prius
2357 970 2658 1040 impleverit
2683 971 2950 1026 deﬁcienti
2985 974 3310 1042 exprobret,
3357 981 3418 1028 ut
3442 975 3617 1044 ipsum

2034 1059 2204 1127 magis
2225 1060 2420 1116 excitet
2450 1079 2464 1115 :
2490 1063 2582 1131 qui
2607 1062 2806 1126 deﬁcit,
2853 1072 2908 1117 et
2933 1064 3168 1118 nondum
3196 1066 3454 1134 implevit,
3484 1081 3622 1135 prte-

2035 1160 2337 1205 venientem
2381 1163 2624 1222 spectet,
2669 1162 2727 1209 et
2751 1153 2818 1208 ad
2868 1155 3037 1224 ipsum
3066 1156 3311 1211 celeriter
3339 1158 3622 1226 pervenire

2035 1241 2340 1295 contendat.
2368 1243 2424 1297 Si
2449 1243 2563 1298 haec
2593 1243 2929 1308 meditemur,
2956 1247 3002 1299 si
3030 1246 3146 1300 haec
3169 1261 3438 1310 curemus,
3467 1247 3620 1302 brevi

2037 1336 2189 1389 nobis
2217 1345 2270 1389 et
2315 1337 2416 1390 alia
2455 1353 2710 1406 prospere
2753 1339 2964 1409 negotia
3004 1338 3322 1409 dirigentur.
3373 1340 3452 1395 Tu
3498 1355 3622 1410 quae

2039 1424 2128 1480 Dei
2157 1435 2278 1479 sunt
2306 1427 2562 1482 meditare
2582 1469 2598 1494 ,
2627 1438 2682 1483 et
2711 1428 2826 1498 ipse
2866 1430 2972 1484 tuis
3009 1430 3323 1497 providebit.
3352 1430 3461 1486 Nec
3487 1431 3620 1485 mihi

2036 1515 2181 1570 dicas
2209 1535 2223 1572 :
2251 1516 2388 1584 Quid
2415 1534 2542 1572 vero
2561 1560 2576 1584 ,
2603 1519 2648 1572 si
2675 1521 2792 1589 quis
2828 1520 3040 1590 jurandi
3069 1523 3437 1578 necessitatem
3465 1525 3623 1578 nobis

2037 1605 2315 1674 imponat?
2358 1607 2485 1676 quid
2517 1609 2560 1662 si
2609 1624 2712 1663 non
2753 1611 2980 1665 credat?
3024 1609 3165 1666 Sane
3189 1628 3356 1678 vero,
3399 1613 3490 1668 ubi
3535 1615 3619 1668 lex

2038 1699 2311 1763 violanda,
2345 1701 2676 1755 necessitatis
2722 1701 3031 1758 meminisse
3074 1718 3178 1757 non
3222 1713 3452 1772 oportet.
3505 1704 3621 1760 Una

2037 1798 2120 1841 est
2147 1788 2288 1842 enim
2317 1790 2634 1845 inevitabilis
2661 1791 2974 1857 necessitas,
3002 1793 3163 1846 Deum
3190 1810 3294 1848 non
3322 1793 3619 1851 oﬁ'endere.

2040 1876 2418 1934 Verumtamen
2454 1879 2668 1934 interim
2710 1881 2838 1934 illud
2867 1891 3091 1950 praesta,
3133 1883 3405 1953 superﬂua
3443 1885 3626 1940 recide

2034 1965 2367 2036 juramenta,
2402 1978 2604 2024 temere
2641 1979 2696 2026 et
2737 1972 2853 2026 sine
2896 1973 3248 2040 necessitate,
3290 1973 3457 2041 domi,
3498 1991 3622 2030 cum

2039 2062 2242 2128 amicis,
2269 2077 2390 2118 cum
2417 2063 2594 2118 servis
2624 2063 2824 2132 prolata
2857 2081 2870 2118 :
2896 2067 2939 2118 si
2970 2063 3086 2120 lucc
3109 2065 3408 2129 sustuleris,
3441 2067 3494 2120 in
3518 2067 3626 2123 illis

2040 2154 2144 2207 mei
2185 2153 2316 2208 nihil
2357 2154 2584 2222 amplius
2615 2155 2872 2225 indigebis
2904 2173 2918 2208 :
2948 2157 3119 2225 ipsum
3164 2157 3308 2210 enim
3337 2171 3399 2212 os
3437 2158 3488 2211 in
3523 2159 3627 2212 hoc

2039 2247 2414 2311 exercitatum,
2442 2253 2500 2300 ut
2520 2246 2733 2315 jurandi
2761 2245 3114 2315 frequentiam
3148 2247 3333 2302 timeat
3358 2255 3412 2303 et
3438 2247 3621 2318 fugiat,

2041 2351 2213 2406 neque
2234 2337 2276 2390 si
2303 2338 2422 2407 quis
2444 2338 2635 2392 millies
2654 2338 2910 2407 coegerit,
2933 2337 2988 2392 in
3014 2337 3154 2391 illam
3177 2338 3407 2408 amplius
3429 2338 3625 2395 cadere

2038 2429 2474 2483 consuetudinem
2515 2429 2776 2484 admittet.
2825 2429 2932 2486 Sed
2962 2439 3021 2484 ut
3049 2445 3190 2486 nunc
3229 2431 3400 2484 multo
3442 2431 3627 2486 labore

2040 2529 2094 2572 et
2120 2518 2323 2574 inﬁnita
2350 2520 2790 2576 interturbatione
2813 2563 2829 2588 ,
2861 2531 3122 2577 terrentes
3145 2563 3159 2584 ,
3194 2523 3494 2589 minantes,
3524 2523 3625 2576 ad-

2041 2619 2343 2677 monentes,
2374 2612 2744 2698 consulpntes,
2772 2615 2860 2666 vix
2890 2617 3160 2682 potuimus
3184 2614 3236 2668 in
3263 2614 3419 2668 aliam
3452 2615 3626 2684 ipsum

2041 2703 2478 2758 consuetudinem
2531 2713 2889 2760 tranSmutare
2937 2722 2950 2759 :
2998 2705 3076 2760 sic
3121 2715 3174 2760 et
3217 2715 3343 2760 tunc
3385 2706 3626 2774 quidem,

2042 2796 2165 2850 licet
2193 2795 2450 2850 inﬁnitam
2482 2796 2598 2865 quis
2627 2796 2819 2851 inferat
2847 2797 3220 2852 necessitatem
3242 2837 3257 2860 ,
3291 2797 3427 2852 hanc
3452 2807 3629 2852 trans-

2039 2887 2188 2956 gredi
2215 2887 2383 2956 legem
2408 2902 2515 2940 non
2554 2887 2747 2956 poterit
2773 2888 3099 2958 persuadere
3125 2904 3139 2953 ;
3175 2888 3269 2942 sed
3297 2889 3435 2944 sicut
3462 2905 3630 2944 vene-

2041 2995 2167 3032 num
2194 2978 2476 3047 quodpiam
2508 2995 2793 3048 numquam
2831 2988 3048 3049 gustare
3078 2980 3198 3050 quis
3227 2981 3420 3048 vellet,
3463 2982 3628 3037 etiam

2043 3069 2274 3124 instante
2301 3070 2651 3136 necessitate,
2683 3071 2761 3125 sic
2787 3085 2957 3140 neque
2988 3070 3290 3140 jurameuta
3318 3073 3629 3128 admittere.

2041 3162 2154 3216 Hoc
2190 3173 2367 3218 autem
2395 3163 2440 3217 si
2485 3165 2593 3225 tiat,
2639 3162 2790 3217 vobis
2813 3163 3051 3217 solamen
3081 3164 3205 3228 erit,
3238 3172 3292 3217 et
3321 3166 3630 3219 hortamen-

2046 3264 2153 3307 tum
2185 3253 2253 3307 ad
2281 3254 2512 3322 reliquas
2537 3250 2746 3308 virtutis
2776 3263 2953 3324 partes
2976 3254 3328 3324 attingendus.
3358 3255 3459 3324 Qui
3484 3259 3629 3312 enim

2046 3345 2176 3398 nihil
2207 3346 2466 3414 przestitit,
2505 3349 2758 3414 torpescit
2781 3356 2836 3400 et
2880 3346 2986 3400 cito
3025 3347 3258 3400 concidit
3285 3348 3493 3410 animo,
3537 3350 3630 3417 qui

2043 3451 2171 3489 vero
2216 3435 2314 3489 sibi
2358 3437 2601 3490 conscius
2644 3443 2762 3502 est,
2809 3436 2950 3506 quod
2987 3437 3070 3490 vel
3114 3453 3280 3491 unum
3325 3439 3632 3508 expleverit

2044 3526 2370 3588 mandatum,
2398 3542 2465 3581 ex
2494 3528 2596 3582 hoc
2621 3528 2758 3582 bene
2793 3542 3009 3597 sperare
3032 3527 3242 3595 doctus,
3283 3530 3474 3602 majori
3503 3547 3628 3586 cum

2044 3617 2221 3670 studio
2249 3617 2315 3671 ad
2354 3617 2554 3688 reliqua
2581 3618 2832 3686 procedet
2862 3635 2875 3671 :
2904 3629 3089 3690 postea
3121 3620 3263 3674 aliud
3286 3621 3534 3690 capiens,
3561 3623 3632 3677 ad

2045 3709 2187 3763 aliud
2224 3710 2469 3765 celeriter
2497 3711 2708 3774 veniet,
2741 3725 2840 3765 nec
2883 3711 3028 3780 prius
3071 3711 3332 3780 desistet,
3375 3729 3534 3784 quam
3561 3716 3630 3769 ad

2045 3801 2216 3871 ipsum
2247 3801 2457 3855 culmen
2487 3801 2782 3870 perveniat.
2816 3801 2868 3856 Si
2900 3803 3042 3857 enim
3076 3805 3128 3856 in
3161 3806 3400 3873 pecuniis
3427 3816 3632 3874 quanto

2045 3895 2162 3962 quis
2187 3894 2364 3962 plures
2390 3895 2776 3961 eoniparaverit
2798 3936 2813 3958 ,
2844 3903 2990 3948 tanto
3031 3896 3211 3964 plures
3235 3897 3385 3966 cupit
3414 3915 3427 3951 :
3461 3900 3631 3954 multo

2047 3985 2213 4052 magis
2249 3986 2298 4038 iu
2328 3984 2517 4038 ofﬁciis
2559 3984 2918 4052 spiritualibus
2947 3985 3049 4039 hoc
3087 3986 3397 4057 contingere
3422 3989 3628 4045 videas.

2046 4078 2329 4144 Proliterea
2364 4077 2554 4130 festino
2585 4089 2639 4131 et
2669 4093 2852 4143 urgeo,
2888 4087 2942 4130 ut
2973 4093 3060 4132 res
3088 4080 3401 4148 principium
3429 4082 3627 4149 capiat,

2047 4178 2101 4221 et
2141 4169 2190 4221 in
2233 4167 2422 4221 animis
2454 4169 2644 4221 vestris
2688 4167 2896 4221 virtutis
2940 4169 3338 4224 l’tmdatnentum
3376 4171 3631 4238 jaciatur,

2047 4268 2101 4313 et
2145 4274 2425 4327 precamur
2469 4268 2523 4312 et
2561 4259 2956 4328 supplicamus,
3006 4270 3065 4314 ut
3105 4275 3213 4314 non
3254 4269 3455 4316 tantum
3500 4263 3632 4317 hora

2051 4350 2295 4418 pnesenti
2340 4351 2526 4402 horum
2557 4350 2673 4403 sitis
2702 4350 2984 4403 verborum
3027 4366 3292 4406 memores
3313 4392 3330 4414 ,
3363 4368 3547 4406 verum
3579 4364 3636 4409 et

2049 4440 2189 4494 domi
2211 4480 2226 4505 ,
2257 4450 2310 4494 et
2338 4442 2390 4493 in
2433 4439 2576 4504 loro,
2607 4450 2659 4494 et
2690 4439 3015 4510 ubicumque
3053 4442 3480 4496 commoremini.
3517 4443 3635 4507 Uti-

2047 4549 2166 4586 nam
2196 4534 2322 4585 mihi
2350 4533 2461 4585 dari
2495 4542 2691 4600 posset,
2718 4539 2776 4584 ut
2797 4531 3068 4586 vobiscum
3095 4547 3444 4588 conversarer
3475 4535 3488 4588 !
3523 4551 3631 4589 non

2050 4625 2150 4678 hoc
2178 4625 2333 4694 longo
2358 4623 2488 4676 mihi
2511 4638 2759 4677 sermone
2785 4621 2975 4678 fuisset
2995 4637 3129 4693 opus
3152 4639 3167 4678 :
3192 4640 3334 4680 nunc
3355 4641 3486 4681 vero
3508 4645 3633 4683 cum

2051 4718 2149 4770 hoc
2178 4732 2279 4769 non
2325 4717 2482 4770 liceat
2503 4757 2517 4780 ,
2546 4730 2638 4768 vos
2671 4731 2755 4768 me
2796 4716 3017 4770 absente
3049 4716 3332 4772 verborum
3359 4735 3638 4778 memores

2049 4819 2218 4862 estote
2242 4824 2504 4873 meorum,
2545 4817 2600 4863 et
2638 4807 2704 4862 ad
2733 4822 2969 4863 mensam
3009 4809 3259 4867 sedentes
3298 4812 3502 4882 ingredi
3546 4831 3638 4870 me

2051 4911 2247 4971 putate,
2271 4909 2325 4955 et
2349 4900 2581 4964 adstare,
2610 4908 2664 4955 et
2687 4900 2865 4954 omnia
2891 4915 3010 4969 qua:
3038 4917 3176 4958 nunc
3201 4902 3351 4956 vobis
3373 4903 3459 4957 hic
3485 4905 3634 4969 dico,

2050 4994 2296 5048 insonare
2323 5008 2336 5045 :
2375 5002 2430 5046 et
2460 4992 2775 5060 ubicumque
2804 4993 2954 5046 vobis
2997 4992 3063 5046 de
3092 5008 3178 5048 me
3209 4993 3488 5050 habebitur
3513 5015 3636 5051 ser-

2049 5103 2158 5149 mo,
2194 5102 2300 5155 pra:
2326 5085 2571 5139 omnibus
2597 5084 2751 5153 hujus
2776 5091 3103 5140 mementote
3127 5085 3382 5144 mandati.
3413 5097 3467 5142 et
3494 5088 3637 5144 hanc

2050 5181 2180 5236 mihi
2225 5180 2421 5234 amoris
2465 5179 2518 5232 in
2559 5195 2652 5232 vos
2700 5178 2802 5232 mei
2849 5178 3250 5246 retributionem
3303 5179 3554 5234 reddite:
3590 5184 3640 5237 si

2050 5274 2151 5328 hoc
2179 5290 2270 5327 vos
2299 5274 2544 5342 implesse
2573 5271 2773 5333 videro,
2817 5279 2985 5324 totum
3012 5271 3212 5339 recepi,
3241 5271 3455 5341 dignam
3487 5274 3640 5328 labo-

2052 5382 2167 5422 rum
2196 5367 2312 5436 cepi
2342 5362 2664 5418 mercedem.
2695 5361 2766 5416 Ut
2803 5363 2960 5431 igitur
2987 5375 3038 5416 et
3065 5378 3162 5416 nos
3187 5363 3421 5419 reddatis
3452 5380 3639 5434 prum-

2051 5459 2269 5528 ptiores.
2309 5465 2363 5510 et
2385 5470 2480 5509 vos
2518 5454 2669 5508 bona:
2694 5452 2806 5521 spei
2841 5453 3168 5516 elﬁciamini,
3195 5466 3250 5508 et
3277 5455 3535 5522 majorem
3566 5458 3638 5511 ad

2053 5553 2253 5619 reliqua
2274 5547 2519 5603 mandata
2543 5546 2845 5600 facilitatem
2872 5545 3086 5614 paretis,
3113 5547 3279 5598 multo
3301 5545 3436 5600 hanc
3462 5546 3637 5616 legem

2051 5645 2227 5700 studio
2255 5642 2305 5695 in
2333 5641 2523 5694 animis
2549 5639 2736 5696 vestris
2763 5651 3032 5705 reponite,
3073 5646 3127 5691 et
3153 5647 3279 5691 tunc
3303 5637 3637 5694 admonitio-

2054 5738 2137 5794 nis
2167 5735 2440 5791 utilitatem
2473 5733 2668 5785 scietts.
2715 5730 2972 5798 Quoniam
3003 5739 3057 5785 et
3084 5743 3304 5784 aureum
3339 5729 3636 5795 vestimen-
