3892 6236
104 322 174 376 79
1101 315 1192 370 AD
1229 315 1565 374 POPULUM
1602 311 2108 370 ANTIOCIIENUM
2149 312 2388 370 IIOMIL.
2435 314 2500 370 ν.

98 415 202 484 τῆς
242 410 577 476 ὑποθέσεως,
621 409 738 465 ἀλλ’
774 408 898 464 οὑδὲ
950 408 1190 480 σήμερον
1223 410 1622 481 ἀποστήσομαι,
1660 409 1783 462 οὐδὲ

98 500 202 570 τὴν
239 500 523 562 ἐπιοῦσαν,
549 498 669 552 οὐδὲ
705 497 804 568 τὴν
837 498 952 568 μετ’
984 495 1200 567 ἐκείνην
1234 495 1302 549 τά
1334 495 1472 550 αὑτά
1493 507 1518 536 ι
1549 495 1786 565 συμϐου-

100 589 297 644 λεύων.
328 591 439 643 Καὶ
475 588 535 640 τί.
564 587 707 657 λέγω
734 586 832 658 τὴν
864 583 1075 658 αῦριον,
1109 585 1204 638 καὶ
1248 584 1345 656 τὴν
1385 584 1502 655 μετ’
1531 584 1782 653 ἐκείνηνς

97 677 253 744 Ἕως
270 680 336 734 ἂν
357 680 502 750 ὑμᾶς
528 677 629 731 ίδω
644 674 1042 746 κατορθοῦντας
1060 677 1134 736 ι’,
1157 673 1258 726 οὑκ
1275 670 1570 742 ἀφέξομαι.
1591 671 1654 723 El
1674 669 1783 741 γάρ

95 770 150 822 οῖ
201 768 632 840 παραϐαίνοντες
677 765 770 819 τὸν
821 764 984 835 νόμον
1034 764 1136 817 οὐκ
1187 762 1556 832 αἰσχύνονται,
1605 758 1786 830 πολλῷ

99 857 308 927 μᾶλλον
331 858 478 929 ήμᾶς
500 857 628 919 τοὺς
653 853 975 916 κελεύοντας
1012 851 1087 923 μὴ
1115 851 1494 922 παραϐαίνειν,
1522 850 1622 904 οὐκ
1637 849 1787 915 ἀξιον

96 944 454 1017 αἰσχύνεσθαι
479 947 546 1015 τῇ
579 942 828 1014 συνεχείᾳ
853 941 957 1012 τῆς
996 939 1390 1012 παραινέσεως.
1423 939 1496 992 Τὺ
1523 938 1631 1008 γὰρ
1659 953 1785 990 συν-

99 1022 244 1101 εχῶς
285 1032 411 1102 περὶ
447 1031 560 1086 τῶν
604 1029 782 1084 αὐτῶν
838 1028 1300 1099 ὑπομιμνήσκειν,
1355 1028 1416 1080 οὑ
1459 1025 1555 1080 τοῦ
1606 1026 1788 1094 λέγον·

97 1135 215 1183 τος,
244 1120 387 1174 ἀλλά
414 1119 523 1173 τῶν
553 1117 858 1173 ἀκουόντων
896 1117 1043 1170 ἐστὶν
1082 1115 1335 1186 ἔγκλημα
1360 1114 1640 1186 διηνεκοῦς
1667 1115 1785 1168 δεο-

100 1207 286 1278 μένων
308 1206 653 1270 διδασκαλίας
689 1205 829 1276 ὑπὲρ
857 1204 1029 1274 ψιλῶν
1059 1205 1150 1258 καὶ
1184 1201 1606 1274 εύκατορθώτων
1645 1219 1786 1273 πραο

95 1295 351 1366 γμάτων.
378 1295 442 1346 Τί
469 1294 579 1365 γὰρ
598 1290 961 1364 εὐκολώτερον
985 1289 1077 1345 τοῦ
1102 1290 1176 1361 μὴ
1197 1288 1458 1361 όμνύναι;
1488 1288 1787 1360 Συνηθείας

97 1381 220 1435 ἐστὶ
249 1381 313 1433 τὸ
339 1379 669 1452 κατόρθωμα
705 1380 883 1449 μόνον,
914 1378 1015 1431 οὑκ
1049 1377 1162 1430 ἔστι
1193 1377 1352 1438 πόνος
1389 1375 1659 1446 σώματος,
1685 1376 1785 1428 οὑκ

94 1469 220 1523 ἔστι
272 1468 488 1539 δαπάνη
538 1467 858 1538 χρημάτων.
905 1465 1093 1519 Βούλει
1150 1464 1340 1535 μαθεῖν
1385 1463 1506 1527 πῶς
1559 1463 1784 1516 δυνατὸν

95 1557 492 1629 περιγενέσθαι
533 1557 626 1610 τοῦ
671 1556 1008 1627 νοσήματος;
1048 1553 1166 1617 πῶς
1207 1553 1428 1607 δυνατὸν
1465 1550 1789 1622 ἀπαλλαγῆ-

91 1663 193 1701 ναι
234 1645 336 1717 τῆς
390 1646 631 1717 πονηρᾶς
678 1642 996 1714 συνηθείας;
1044 1640 1185 1711 Ἐγώ
1225 1659 1286 1694 σε
1341 1639 1540 1705 διδάξω
1583 1639 1784 1710 τρόπον

89 1733 245 1795 τινά,
302 1733 363 1786 ὃν
392 1732 458 1786 ἂν
509 1733 762 1804 ποιήσῃς,
812 1731 1046 1804 περιέσῃ
1094 1731 1331 1793 πάντως.
1369 1729 1536 1784 Ὅταν
1581 1728 1697 1799 ῖδῃς
1747 1727 1782 1798 ἢ

91 1820 366 1892 σαυτὺνῆ
409 1819 596 1891 ἕτερόν
643 1836 764 1873 τινα
811 1819 845 1889 ἢ
884 1819 994 1871 τῶν
1031 1816 1257 1871 οίκετῶν
1303 1815 1336 1888 ἢ
1369 1816 1481 1870 τῶν
1513 1813 1780 1884 παίδωνῆ

87 1911 198 1982 τὴν
225 1914 462 1980 γυναῖκα
492 1909 716 1973 ἁλόντας
735 1909 813 1981 τῷ
845 1906 1003 1981 κακῷ
1026 1906 1221 1979 τούτῳ,
1247 1907 1340 1961 καὶ
1375 1905 1619 1977 συνεχῶς
1651 1904 1784 1956 ὑπο-

91 1999 444 2071 μνησθέντας
465 2003 559 2052 καλ¹
574 1999 634 2053 οὐ
653 1996 1063 2070 διορθωθέντας,
1093 1995 1346 2050 κέλευσον
1370 1994 1443 2066 μὴ
1463 1994 1775 2066 δειπνήσαν-

87 2107 200 2154 τας
239 2089 607 2160 καθευδῆσαι,
660 2089 755 2142 καὶ
795 2086 999 2159 ταύτην
1032 2086 1124 2140 καὶ
1154 2084 1336 2156 σαυτῷ
1380 2083 1654 2146 κάκείνοις
1683 2081 1782 2152 τήν

90 2178 403 2247 καταδίκην
447 2175 654 2241 ἐπίθες,
697 2172 998 2245 καταδίκην
1023 2173 1144 2244 οὑχῖ
1171 2172 1396 2244 ζημίαν,
1433 2170 1568 2226 ἀλλά
1593 2170 1783 2242 κέρδος

91 2269 398 2340 φέρουσαν.
433 2264 671 2318 Τοιαῦτα
713 2262 818 2334 γὰρ
846 2261 914 2315 τά
945 2261 1308 2331 πνευματικάο
1346 2260 1440 2314 καὶ
1464 2258 1655 2328 κέρδος
1681 2258 1780 2328 φέ-

92 2373 206 2427 ρει.
235 2355 332 2408 καὶ
359 2353 621 2423 ταχίστην
643 2349 740 2422 τὴν
765 2349 1069 2420 διόρθωσιν.
1115 2348 1179 2400 Ἦ
1209 2347 1318 2420 γὰρ
1351 2347 1574 2416 γλῶσσα
1615 2345 1782 2416 βασα-

75 2441 356 2516 Δνιξομένη
402 2439 687 2512 διηνεκῶς.
727 2439 822 2492 καὶ
858 2439 1088 2510 μηδενὸς
1127 2437 1638 2508 ὑπομιμνήσκοντος
1671 2437 1782 2488 ﬁxa—

85 2535 195 2605 νὴν
214 2531 484 2603 λαμϐάνει
502 2547 578 2584 πα
587 2528 759 2598 ράκλη
768 2546 870 2589 σιν,
891 2528 996 2580 ὑπὸ
1013 2526 1106 2580 τοῦ
1127 2526 1315 2596 δίψους
1330 2523 1777 2595 κατατεινομένη,

87 2614 202 2675 ὑπὸ
227 2621 331 2691 τῆς
359 2619 550 2690 πείνης
581 2617 882 2688 ἀγχομένη’
920 2614 1024 2669 κᾶν
1057 2614 1311 2669 ἁπάντων
1335 2607 1484 2684 ὦμεν
1515 2610 1780 2682 ἀναισθη-

84 2711 329 2780 τότεροι.
378 2708 465 2761 διά
518 2706 698 2776 πάσης
744 2703 958 2775 ἡμέρας
1000 2701 1080 2773 τῷ
1117 2701 1339 2774 μεγέθει
1390 2700 1491 2771 τῆς
1541 2699 1777 2771 βασάνου

84 2796 303 2866 ταύτης
353 2792 926 2865 ὑπομιμνησκόμενοι,
981 2791 1040 2844 οὑ
1102 2789 1407 2861 δεησόμεθα
1465 2788 1779 2860 συμϐουλῆς

84 2885 291 2956 ἐτέρας
321 2885 416 2937 καὶ
443 2882 836 2954 παραινέσεως.
875 2879 1204 2952 Ἐπῃνέσατε
1227 2878 1286 2931 τὸ
1319 2876 1631 2950 εἰρημένον,
1661 2875 1775 2929 ἀλλ’

76 2957 244 3044 δμως
276 2973 374 3026 καὶ
406 2972 499 3025 ἐπὶ
525 2971 633 3023 τῶν
666 2969 838 3038 ἐργων
881 2967 1091 3032 δείξατε
1127 2967 1219 3019 τὸν
1248 2967 1488 3020 ἔπαινον.
1539 2965 1692 3017 Ἐπεὶ
1723 2963 1777 3017 τί

81 3059 147 3114 τό
178 3061 380 3132 κέρδος
414 3058 515 3128 τῆς
545 3056 777 3110 ἐνταῦθα
806 3055 1104 3124 συ)λογῆς;
1129 3056 1189 3107 El
1227 3054 1346 3108 καθ’
1379 3054 1616 3124 ἑκάστην
1642 3053 1777 3124 ἡμέ-

85 3165 193 3218 ραν
233 3148 301 3199 τὸ
353 3145 564 3199 παιδίον
611 3146 692 3207 είς
739 3142 1107 3196 διδασκαλεῖον
1164 3142 1388 3211 βαδίζοι,
1441 3137 1561 3194 εἶτα
1612 3141 1774 3211 μηδὲν

85 3235 359 3306 μανθάνοι
407 3234 589 3297 πλέον,
647 3229 756 3302 ἆρα
811 3231 1034 3302 ἀρκέσει
1076 3232 1154 3294 είς
1204 3229 1500 3298 ἀπολογίαν
1545 3221 1677 3299 ἡμῖν
1715 3228 1775 3282 τὸ

83 3325 213 3378 καθ’
244 3324 490 3395 ἑκάστην
528 3321 744 3393 ἡμέραν
779 3322 895 3373 ἐκεῖ
927 3318 1162 3390 βαδίζειν
1191 3320 1360 3383 αὑτό;
1390 3319 1491 3370 οὑκ
1518 3317 1649 3370 αὐτὸ
1676 3317 1774 3388 μὲν

81 3410 181 3467 οὖν
211 3411 374 3465 τοῦτο
415 3412 669 3483 μέγιστον
709 3408 1050 3480 ποιησόμεθα
1085 3407 1359 3479 ἔγκλημα,
1393 3405 1506 3479 [71]
1529 3407 1610 3460 ὅτι
1650 3407 1773 3460 καθ’

83 3502 334 3573 ἑκάστην
352 3499 567 3572 ἡμέραν
597 3501 713 3552 ἐκεῖ
734 3497 974 3568 βαδίζον,
999 3497 1176 3568 μάτην
1204 3495 1364 3550 τοῦτο
1395 3499 1568 3561 ποιεῖ;
1603 3497 1774 3549 Τοῦτο

83 3591 147 3664 δὴ
178 3592 281 3644 καὶ
309 3591 396 3661 ἐφ’
431 3589 586 3662 ἡμῶν
629 3587 807 3642 αὐτῶν
841 3585 1207 3658 λογιζώμεθα,
1239 3585 1333 3640 καὶ
1376 3586 1514 3657 πρὸς
1547 3587 1774 3650 ἑαυτοὺς

81 3678 368 3750 λέγωμεν·
405 3677 611 3749 Χρόνον
654 3674 905 3730 τοσοῦτον
950 3676 1028 3738 είς
1065 3674 1360 3746 ἐκκλησίαν
1403 3674 1770 3740 ἀπαντῶντες,

87 3765 370 3831 συνάξεως
404 3762 764 3826 ἀπολαύοντες
795 3762 1236 3834 φρικωδεστάτης
1266 3761 1362 3814 καὶ
1390 3761 1523 3815 πολὺ
1561 3761 1622 3814 τὺ
1653 3760 1774 3833 κέρ-

83 3854 172 3918 δος
216 3853 474 3924 ἐχούσης,
515 3852 580 3905 ἂν
622 3849 852 3905 τοιοῦτοι
893 3849 1055 3903 πάλιν
1103 3850 1450 3920 ἀπέλθωμεν,
1485 3847 1588 3903 οἶοι
1632 3868 1775 3922 παρ-

82 3939 415 4012 ἐγενόμεθα,
451 3938 614 4009 μηδὲν
633 3939 741 3991 τῶν
762 3938 1046 4010 ἡμετέρων
1071 3937 1518 4009 κατορθώσαντες
1542 3938 1775 3990 ἐλαττωο

89 4029 305 4099 μάτων,
336 4025 388 4080 τί
416 4025 479 4078 τὸ
512 4026 701 4095 ὄφελος
738 4025 891 4079 ἐσται
931 4027 1061 4097 ἡμῖν
1097 4026 1197 4096 τῆς
1230 4025 1464 4079 ἐνταῦθα
1504 4025 1770 4096 ἀφίξεως;

87 4119 199 4170 Καὶ
227 4116 341 4187 γάρ
374 4114 440 4169 τά
477 4115 645 4168 πολλὰ
675 4113 782 4169 τῶν
811 4116 1154 4186 πραγμάτων
1185 4115 1245 4169 οὐ
1275 4115 1342 4169 δι’
1375 4115 1514 4169 αὐτά
1541 4115 1773 4185 γίνεται,

85 4205 224 4259 ἀλλὰ
253 4203 348 4258 διά
385 4203 455 4256 τά
491 4203 852 4275 συμϐαίνοντα
905 4203 964 4268 ἐξ
1013 4203 1214 4258 αὑτῶν.
1262 4199 1387 4257 υἶόν
1431 4222 1485 4257 τι
1513 4204 1676 4273 λέγω·
1717 4205 1775 4258 Ὀ

88 4294 337 4364 σπείρων
367 4293 428 4346 οὐ
467 4292 556 4346 διὰ
597 4291 754 4346 τοῦτο
792 4293 1026 4364 σπείρει,
1068 4293 1154 4346 ἵνα
1197 4294 1396 4366 σπείρῃ
1443 4293 1622 4363 μόνον,
1656 4293 1772 4346 ἀλλ’

86 4382 173 4435 ῖνα
200 4383 298 4435 καὶ
333 4379 543 4452 θερίζῃ,
594 4380 670 4443 ῶς
710 4382 759 4433 εί
802 4381 876 4450 μὴ
924 4380 1084 4434 τοῦτο
1113 4381 1343 4449 γένοιτο,
1377 4381 1472 4434 καὶ
1508 4379 1713 4450 ζημίαν
1746 4382 1774 4435 ὁ

88 4472 295 4543 σπόρος
338 4472 495 4531 οἴσει,
535 4468 644 4522 τῶν
684 4470 1012 4541 σπερμάτων
1043 4472 1468 4525 κατασαπέντων
1515 4472 1638 4543 εἰκῆ
1680 4473 1774 4527 καὶ

85 4559 293 4630 μάτην.
354 4558 413 4611 Ὀ
457 4556 694 4628 ἔμπορος
733 4559 790 4611 ού
827 4558 915 4612 διὰ
951 4559 1109 4612 τοῦτο
1149 4563 1294 4625 πλεῖ,
1349 4561 1435 4614 ἵνα
1469 4561 1574 4632 πλῇ
1615 4562 1642 4602 b
1673 4562 1772 4633 μό-

84 4663 199 4708 νον,
247 4645 366 4698 ἀλλ’
415 4645 503 4700 ἵνα
553 4644 643 4699 διά
682 4647 780 4718 τῆς
826 4646 1137 4718 ἀποδημίας
1186 4647 1356 4702 πλείω
1405 4649 1611 4721 ποιήσῃ
1673 4650 1772 4720 τὴν

80 4735 298 4800 οὐσίαν,
348 4733 425 4798 ὡς
472 4735 522 4787 εί
569 4735 644 4808 μὴ
683 4733 841 4788 τοῦτο
874 4735 1252 4807 προσγένοιτο,
1277 4735 1372 4788 καὶ
1415 4734 1588 4808 ζημία
1628 4754 1772 4808 συμ-

82 4825 316 4895 ϐήσεται
346 4823 574 4896 ἐσχάτη,
610 4824 705 4878 καὶ
747 4823 1046 4894 ἐπιϐλαϐἡς
1077 4825 1110 4894 ἡ
1143 4825 1250 4876 τῶν
1278 4824 1536 4898 ἐμπόρων
1567 4826 1772 4897 ἀποδη-

80 4913 205 4981 μία.
239 4909 414 4964 Τοῦτο
439 4913 502 4981 δὴ
527 4913 618 4966 καὶ
647 4913 733 4982 ἐφ’
763 4912 920 4983 ἡμῶν
948 4912 1130 4966 αὑτῶν
1148 4913 1510 4984 λογιζώμεθαο
1545 4915 1638 4968 καὶ
1661 4917 1769 4988 γὰρ

78 5002 248 5071 ἡμεῖς
272 4999 356 5062 είς
382 4999 679 5071 ἐκκλησίαν
707 5001 1063 5071 ἀπαντῶμεν,
1086 5001 1146 5054 οὑ
1170 5001 1239 5054 δι’
1261 5003 1394 5056 αὑτὸ
1416 5002 1574 5056 τοῦτο
1607 5005 1769 5074 μόνον

79 5089 168 5142 ’ἕνα
192 5086 437 5150 ἐνταῦθα
463 5087 849 5160 διατρίϐωμεν,
883 5088 998 5142 ἀλλ’
1023 5089 1111 5144 ῖνα
1141 5107 1194 5143 τι
1222 5091 1583 5162 κερδάναντες
1624 5091 1766 5161 μέγα

83 5176 176 5229 καὶ
205 5175 579 5246 πνευματικὸν
619 5177 812 5248 κέρδος
856 5176 1203 5248 ἀπέλθωμεν.
1241 5178 1338 5230 Ἂν
1384 5178 1562 5230 τοίνυν
1619 5180 1764 5232 κενοὶ

80 5266 176 5318 καὶ
203 5264 377 5335 μηδὲν
405 5262 663 5326 λαϐόντες
701 5264 976 5334 ἀπίωμεν,
1013 5265 1106 5317 καὶ
1139 5265 1465 5335 κατάκρισις
1499 5266 1532 5336 ἡ
1559 5266 1763 5337 σπουδὴ

82 5353 309 5418 γίνεται.
339 5352 530 5414 Ὅπως
551 5350 616 5404 ἂν
637 5350 794 5405 τοῦτο
825 5353 900 5425 μὴ
923 5351 1149 5423 γένηται
1180 5353 1272 5406 καὶ
1299 5353 1468 5424 ζημία
1495 5352 1698 5424 ἐσχάτη
1715 5364 1763 5417 ο,

79 5441 338 5505 ἀπιόντες
391 5438 663 5506 ἐντεῦθεν,
717 5441 837 5512 μετ’
883 5439 1128 5511 ἀλλήλων
1183 5442 1232 5494 οί
1272 5441 1436 5510 φίλοι,
1485 5442 1624 5511 μετά
1654 5443 1764 5494 τῶν

81 5530 284 5582 τέκνων
311 5531 363 5582 οῖ
401 5530 663 5602 πατέρες,
710 5531 849 5602 μετά
874 5531 982 5586 τῶν
1011 5531 1241 5585 οἰκετῶν
1279 5534 1328 5584 οἱ
1356 5532 1632 5594 δεσπόται,
1669 5553 1765 5604 με-

84 5616 264 5670 λετᾶτε
299 5617 400 5672 καὶ
421 5618 768 5688 γυμνάζεσθε
803 5619 951 5682 ὅπως
972 5619 1032 5672 τὸ
1057 5619 1347 5689 ἐπιταχθὲν
1376 5620 1632 5692 ἀνύσητε.
1676 5622 1761 5674 ἵνα

140 5778 156 5831 '_
183 5770 261 5814 εἰσ·
283 5769 441 5819 Savil.
471 5770 660 5818 rectius
681 5784 826 5831 quam
853 5769 1022 5819 Monlf.
1045 5769 1213 5818 ταῦτα.
1246 5769 1382 5821 Εοιτ.

143 5829 194 5869 ⁸*
208 5834 306 5887 Alii
326 5829 749 5900 κατορθώσαντας.

138 5900 171 5932 δ
203 5904 353 5948 δυτίι.
381 5906 433 5945 el.
461 5899 700 5960 ilsoimss.
721 5899 861 5960 πλέῃ.

143 5961 162 5984 ε
190 5962 334 6008 Savil.
357 5961 440 6007 καὶ
476 5959 618 6018 ζημία
643 5961 800 6022 συμϐῇ
823 5957 1030 6020 ἐσχάτη.
1065 5957 1234 6007 Mnrel.
1267 5961 1343 6007 καὶ
1377 5959 1517 6020 ζημία
1555 5960 1753 6021 ἐσχάτη.

80 6034 202 6066 σιΓνις
222 6033 372 6066 m-wx
399 6024 479 6076 7:!)
514 6022 655 6067 ζημία
673 6024 850 6079 γένοιτ’
877 6028 930 6070 ἀν
963 6022 1134 6080 ἔσχάτη

3499 328 3582 376 80⁴

1889 406 2076 478 ἐπειδὴ
2100 407 2432 481 ἐπανέλθητε
2463 407 2646 470 πάλιν,
2680 409 2774 463 καὶ
2805 411 2932 482 περὶ
2960 407 3068 464 τῶν
3092 411 3270 468 αὑτῶν
3296 415 3568 487 ἀκούσητε

1894 489 2367 558 συμϐουλευόντων
2397 489 2574 560 ἡμῶν,
2620 489 2694 562 μὴ
2734 491 3172 565 καταισχύνησθε
3209 495 3304 548 τοῦ
3337 498 3568 552 συνειδό-

1889 588 1982 634 τος
2009 572 2163 643 ὑμῶν
2203 572 2736 644 ἐπιλαμϐανομένου,
2779 573 2916 628 ἀλλά
2945 577 3175 647 χαίρητε
3206 580 3302 632 καὶ
3339 580 3576 650 εὐφραίεη

1888 653 2052 724 νησθε
2087 655 2421 726 συνορῶντες
2453 655 2514 709 τὸ
2540 655 2701 710 πλέον
2723 659 2823 727 τῆς
2857 659 3232 728 παραινέσεως
3274 662 3400 732 ὑμῖν
3430 680 3567 717 κατ-

1885 733 2144 805 ορθωθέν.
2199 735 2386 789 Ταῦτα
2435 737 2512 808 μὴ
2558 737 2717 807 μόνον
2765 738 2997 792 ἐνταῦθα
3045 740 3459 815 φιλοσοφῶμεν·
3504 747 3564 798 οὐ

1886 817 1995 888 γὰρ
2025 818 2187 888 ἀρκεῖ
2223 819 2284 872 τὸ
2326 821 2434 872 πᾶν
2482 822 2514 891 ἡ
2558 821 2892 893 πρόσκαιρος
2932 821 3070 896 αῦτη
3115 827 3440 896 παραίνεσις
3476 829 3563 894 ἐξ-

1885 897 2046 960 ελεῖν,
2062 899 2200 954 ἀλλά
2219 902 2314 954 καὶ
2337 902 2431 954 ἐπὶ
2454 903 2553 972 τῆς
2575 903 2753 967 οἰκίας
2781 905 2920 976 ἀνὴρ
2943 906 3093 977 παρά
3116 910 3372 976 γυναικὸς
3393 911 3567 966 ταῦτα

1885 983 2149 1049 ἀκουέτω,
2183 985 2277 1038 καὶ
2297 987 2435 1058 γυνὴ
2467 987 2595 1057 παρ’
2626 987 2840 1058 ἀνδρὸς,
2873 989 3201 1060 κα“ι.ἆμιλλά
3222 1009 3309 1056 τις
3333 993 3566 1061 γινέσθω

1888 1067 2295 1150 σπουδαζόντων
2339 1070 2592 1124 ἀπάντων
2643 1070 2934 1142 προλαϐεῖν
2982 1076 3062 1136 είς
3110 1075 3210 1146 τὴν
3260 1077 3354 1130 τοῦ
3399 1079 3574 1150 νόμου.

1883 1148 2072 1204 τούτου
2115 1153 2527 1225 συμπλήρωσιν,
2588 1154 2684 1207 καὶ
2731 1155 2762 1206 ὁ
2807 1155 3094 1228 προλαϐὼν
3147 1161 3242 1212 καὶ
3295 1148 3567 1234 κατορθώ-

1886 1251 1984 1298 σας
2028 1234 2331 1301 όνειδιζέτω
2383 1236 2463 1306 τῷ
2513 1237 2842 1309 λειπομένῳ,
2889 1238 2976 1292 ἵνα
3030 1241 3192 1295 αὑτὸν
3235 1246 3347 1308 τοῖς
3382 1245 3568 1316 σκώμ-

1887 1335 2020 1390 μασι
2076 1317 2319 1394 διεγείρῃ
2369 1320 2552 1374 πλέον’
2593 1323 2622 1374 ό
2670 1323 2974 1393 ὑστερήσας
3015 1324 3111 1376 καὶ
3152 1325 3384 1395 μηδέπω
3438 1345 3564 1382 κατ-

1883 1400 2157 1472 ωρθωκὼς
2197 1402 2442 1474 βλεπέτω
2481 1404 2572 1458 τὸν
2624 1405 2987 1477 προλαϐόντα,
3043 1409 3140 1462 καὶ⁹
3191 1410 3567 1480 φιλονεικείτω

1885 1484 2090 1554 φθάσαι
2124 1489 2260 1560 πρὸς
2292 1489 2498 1543 ἐκεῖνον
2531 1489 2754 1560 ταχέως.
2800 1490 2926 1543 Ἐἀν
2956 1491 3130 1546 ταῦτα
3159 1492 3566 1567 βουλευώμεθα,

1884 1575 1978 1628 ἐὰν
2019 1575 2194 1630 ταῦτα
2239 1577 2616 1649 μεριμνῶμεν,
2659 1578 2871 1649 ταχέως
2905 1579 2971 1633 ἂν
3014 1583 3149 1651 ἡμῖν
3192 1582 3286 1636 καὶ
3329 1585 3399 1636 τὰ
3432 1583 3565 1638 ἀλλα

1885 1657 2391 1734 κατευοδωθήσεται
2443 1659 2769 1730 πράγματα.
2829 1660 2901 1712 Σὺ
2958 1662 3292 1734 μερίμνησον
3345 1664 3413 1717 τά
3469 1665 3563 1717 τοῦ

1884 1733 2041 1814 θεοῦ,
2074 1739 2168 1792 καὶ
2195 1737 2354 1801 αὑτὸς
2381 1739 2743 1809 προνοήσεται
2770 1738 2880 1791 τῶν
2905 1739 3032 1793 σῶν.
3061 1742 3171 1794 Καὶ
3185 1733 3267 1813 μή
3299 1761 3387 1814 μοι
3417 1743 3563 1812 λέγε·

1885 1813 1951 1865 Τί
1973 1814 2049 1872 δὲ,
2067 1815 2176 1896 γέἀν
2205 1817 2457 1887 ἀνάγκην.
2479 1816 2657 1887 ὅρκων
2684 1833 2768 1880 τις
2802 1818 3155 1891 ἡμῖνρέπιθῇς
3183 1823 3236 1875 τί
3259 1813 3338 1886 δέ,
3367 1823 3464 1876 ἐὰν
3492 1826 3569 1896 μή

1884 1895 2149 1969 πιστεύῃ;
2192 1896 2447 1950 Μάλιστα
2475 1896 2573 1966 μέν
2603 1896 2735 1968 γὰρ,
2772 1897 2907 1949 ὅπου
2944 1899 3339 1968 παραϐαίνεται
3379 1895 3564 1972 νόμος,

1883 1974 2130 2045 ἀνάγκης
2148 1976 2459 2047 μεμνῆσθαι
2483 1977 2543 2030 οὑ
2569 1979 2696 2047 χρή.
2713 1977 2831 2031 Μία
2852 1977 2960 2047 γάρ
2986 1980 3132 2031 ἐστιν
3153 1981 3364 2053 ἀνάγκη
3390 1984 3563 2055 ἀπαρ-

1883 2055 2131 2125 αίτητος,
2183 2056 2245 2109 τὸ
2281 2057 2354 2126 μὴ
2402 2055 2774 2128 προσκροῦσαι
2827 2057 2963 2128 Θεῷ.
3018 2058 3161 2130 Πλὴν
3207 2059 3344 2114 ἀλλὰ
3391 2063 3586 2116 ἐκεῖνοι

1881 2133 2045 2203 λέγω,
2100 2135 2239 2198 τέως
2291 2136 2417 2198 τοὺς
2473 2135 2761 2206 περιττοὺς
2808 2137 3106 2206 περίκοψον
3162 2139 3378 2210 ὅρκους,
3431 2142 3564 2208 τοὺς

1881 2212 2068 2276 ἁπλῶς
2113 2214 2205 2266 καὶ
2244 2213 2416 2284 χωρὶς
2462 2214 2730 2283 ἀνάγκης,
2763 2216 2890 2277 τοὺς
2933 2215 3024 2269 ἐπὶ
3052 2220 3150 2286 τῆς
3195 2219 3395 2283 οἰκίας,
3437 2223 3566 2284 τοὺς

1882 2294 1974 2346 ἐπὶ
2005 2292 2111 2345 τῶν
2143 2292 2334 2361 φίλων,
2371 2292 2498 2356 τοὺς
2534 2293 2625 2346 ἐπὶ
2663 2291 2772 2344 τῶν
2813 2293 3061 2347 οἰκετῶν
3105 2295 3171 2350 ἂν
3210 2298 3434 2362 τούτους
3471 2301 3566 2354 ἀνο

1881 2370 2026 2452 έλῃς,
2061 2372 2120 2424 ἐν
2145 2372 2380 2452 ἐκείνοις
2409 2371 2561 2452 οὐδὲν
2608 2370 2744 2442 ἐμοῦ
2773 2371 2938 2444 δεήσῃ
2970 2373 3173 2428 λοιπόν·
3205 2376 3339 2431 αὐτὸ
3366 2379 3474 2452 γάρ
3503 2381 3565 2435 τὸ

1881 2451 2056 2521 στόμα
2075 2451 2376 2521 μελετῆσαν
2405 2451 2701 2504 δεδοικέναι
2724 2453 2819 2504 καὶ
2843 2452 3069 2522 φεύγειν
3085 2453 3186 2518 τὰς
3209 2451 3562 2528 πολυορκίας,

1878 2528 1987 2582 οὐδ’
2020 2529 2086 2584 ἀν
2122 2530 2382 2600 μυριάκις
2413 2547 2498 2594 τις
2536 2531 2846 2602 ἀναγκάσῃ,
2878 2533 3232 2598 καταδέξεται
3262 2535 3452 2592 λοιπὸν
3481 2541 3564 2604 είς

1880 2606 2096 2689 ἐκείνην
2117 2612 2376 2689 ἐμπεσεῖν
2417 2611 2516 2681 τὴν
2545 2610 2853 2681 συνήθειαν.
2895 2612 3034 2664 Ἀλλ’
3069 2612 3259 2686 ῶσπερ
3295 2616 3390 2671 νῦν
3423 2621 3562 2689 μετά

1881 2687 2076 2740 πολλοῦ
2112 2687 2205 2742 τοῦ
2245 2688 2410 2766 πόνου
2451 2689 2546 2742 καὶ
2581 2690 2782 2762 μυρίας
2825 2691 2924 2762 τῆς
2958 2693 3292 2764 ἐνοχλήσεως
3331 2687 3562 2766 φοϐοῦν-

1877 2782 1992 2847 τες,
2027 2765 2400 2830 ἀπειλοῦντες,
2447 2769 2858 2839 παραινοῦντες,
2882 2765 3362 2842 συμϐουλεύοντες,
3405 2778 3561 2847 μόλις

1881 2845 1998 2920 [72]
2036 2847 2333 2920 ἰσχύσαμεν
2357 2849 2437 2911 εἰς
2469 2849 2662 2920 ἑτέραν
2687 2849 2817 2902 αὑτὸ
2862 2849 3177 2921 μεταθεῖναι
3227 2845 3520 2927 συνήθειαν
3546 2876 3562 2889 ·

1877 2928 2020 2982 οὕτω
2059 2930 2124 3001 δὴ
2167 2929 2264 2984 καὶ
2305 2930 2452 2990 τότε,
2501 2930 2603 2983 κᾶν
2651 2931 2851 3002 μυρίαν
2881 2931 3127 3005 ἀνάγκην
3164 2935 3325 3007 ἐπιθῇ
3367 2955 3473 3000 τις,
3499 2940 3561 2992 ού

1877 3010 2165 3082 δυνήσεται
2208 3015 2392 3065 πεῖσαι
2423 3011 2610 3064 τοῦτον
2635 3011 3054 3082 παρασαλεῦσαι
3085 3015 3177 3068 τὸν
3213 3016 3374 3088 νόμον
3397 3034 3409 3047 ·
3447 3019 3562 3072 ἀλλ’

1877 3089 2065 3160 ὥσπερ
2091 3090 2415 3162 δηλητηρίου
2441 3091 2585 3154 τινὸς
2616 3092 2718 3144 οὑκ
2750 3091 2816 3144 ἂν
2854 3092 3028 3147 ἐλοιτό
3066 3112 3196 3148 ποτε
3225 3096 3348 3150 οὐδὲ
3392 3099 3555 3168 ἀνάγ-

1877 3170 2377 3250 κηςγέπικειμένης
2423 3170 2831 3239 ἀπογεύσασθαι
2862 3189 2969 3238 τις,
3018 3173 3192 3238 οὕτως
3235 3175 3355 3229 οὐδὲ
3401 3179 3562 3250 ὅρκον

1877 3249 2163 3316 προέσθαι.
2191 3250 2361 3303 Τοῦτο
2387 3250 2444 3304 δέ
2475 3252 2602 3322 ὑμῖν
2645 3251 2994 3323 κατορθωθέν
3022 3255 3372 3326 παράκλησις
3411 3249 3563 3314 ἔσται

1877 3331 1971 3383 καὶ
2003 3331 2306 3402 προτροπὴ,
2341 3331 2479 3402 πρὸς
2522 3330 2584 3383 τὸ
2626 3332 2720 3384 καὶ
2772 3331 2882 3385 τῶν
2941 3330 3143 3387 λοιπῶν
3196 3335 3297 3404 τῆς
3356 3339 3560 3409 ἀρετῆς

1877 3411 2186 3481 ἐφάψασθαι
2249 3411 2450 3483 μερῶν.
2513 3412 2569 3465 Ὀ
2618 3412 2720 3482 μὲν
2779 3412 2888 3482 γὰρ
2959 3411 3127 3485 μηδὲν
3183 3416 3560 3487 κατωρθωκὼς

1875 3491 2032 3555 ὅλως,
2079 3490 2316 3562 ῥαθυμεῖ
2362 3492 2460 3545 καὶ
2511 3492 2805 3546 άναπίπτει
2846 3493 3076 3563 ταχέως·
3127 3496 3156 3547 ό
3206 3494 3263 3548 δέ
3308 3497 3560 3564 συνειδὼς

1875 3571 2056 3643 ἐαυτῷ
2100 3572 2183 3626 ὅτι
2246 3571 2374 3644 μίαν
2414 3572 2545 3640 γοῦν
2592 3590 2712 3627 τινα
2754 3572 2974 3645 ἐντολὴν
3021 3572 3374 3645 ἐπλήρωσεν,
3411 3577 3548 3633 εῦελο

1876 3671 1968 3717 πις
2006 3653 2114 3706 ἀπὸ
2146 3651 2352 3722 ταύτης
2384 3655 2694 3724 γενόμενος,
2738 3653 2876 3724 μετά
2915 3653 3162 3718 πλείονος
3207 3657 3446 3728 σπουδῆς
3468 3659 3558 3714 ἐπὶ

1874 3732 1973 3796 τάς
2021 3732 2213 3795 λοιπὰς
2258 3731 2522 3802 βαδιεῖται
2565 3733 2748 3798 πάλιν,
2792 3728 2912 3786 εἶτα
2965 3733 3162 3806 ἐτέραν
3215 3735 3557 3807 προσλαϐὼν,

1877 3813 1960 3878 ἐφ’
1995 3811 2188 3884 ἑτέραν
2226 3811 2346 3882 ἥξει
2387 3813 2620 3882 ταχέως,
2652 3813 2748 3866 καὶ
2776 3813 2835 3868 οὐ
2866 3813 3135 3886 πρότερον
3166 3816 3558 3888 ἀποστήσεται,

1876 3889 1980 3956 ’ἐως
2015 3890 2082 3945 ἂν
2115 3893 2202 3944 ἐπ’
2245 3892 2416 3964 αὑτὴν
2449 3891 2576 3964 ἔλθῃ
2605 3892 2704 3964 τὴν
2735 3893 2977 3965 κεφαλήν
2998 3893 3044 3947 ἀ.
3081 3895 3144 3948 Εἰ
3179 3895 3288 3968 γάρ
3321 3899 3414 3950 ἐπὶ
3454 3901 3562 3955 τῶν

1877 3971 2198 4051 χρημάτων,
2215 3974 2436 4044 ὅσῳπερ
2461 3971 2528 4025 ἄν
2552 3990 2637 4036 τις
2659 3973 2879 4026 πλείονα
2901 3973 3289 4046 περιϐάληται,
3319 3978 3560 4051 τοσούτῳ

1878 4048 2138 4104 πλειόνων
2171 4052 2402 4122 ἐφίεται,
2453 4051 2636 4122 πολλῷ
2676 4052 2875 4122 μᾶλλον
2917 4053 3008 4105 ἐπὶ
3046 4052 3155 4106 τῶν
3194 4048 3558 4128 κατορθωμά-

1875 4145 1984 4182 των
2024 4129 2134 4183 τῶν
2164 4131 2552 4202 πνευματικῶν
2579 4130 2734 4185 τοῦτο
2765 4132 3059 4202 συμϐαῖνον
3097 4132 3195 4185 ῐδοι
3225 4150 3310 4197 τις
3338 4136 3423 4190 ἄν.
3460 4141 3559 4194 Διά

1876 4207 2036 4262 τοῦτο
2077 4210 2291 4264 σπεύδω
2321 4212 2415 4264 καὶ
2458 4211 2748 4282 ἐπείγομαι
2781 4211 2955 4288 ἀρχὴν
2989 4212 3052 4264 τὸ
3082 4213 3317 4284 πρᾶγμα
3350 4213 3554 4280 λαϐεῖν,

1878 4288 1972 4368 καὶ
2001 4289 2286 4361 προοίμιον
2306 4291 2406 4362 τῆς
2433 4290 2634 4362 ἀρετῆς
2669 4291 2996 4344 καταϐαλεῖν
3029 4293 3087 4344 ἐν
3111 4294 3234 4356 ταῖς
3262 4293 3558 4368 ὑμετέραις

1875 4367 2095 4440 ψυχαῖς,
2121 4370 2216 4424 καὶ
2242 4369 2474 4438 δεόμεθα
2501 4370 2596 4424 καὶ
2630 4370 3016 4442 ἀντιϐολοῦμεν
3043 4382 3067 4412 ο
3092 4371 3298 4426 τούτων
3321 4367 3446 4428 τῶν
3461 4379 3558 4448 ρη-

1880 4450 2066 4520 μάτων
2099 4449 2172 4521 μὴ
2212 4450 2355 4504 κατὰ
2392 4449 2488 4522 τὴν
2529 4450 2810 4522 παροῦσαν
2843 4450 2994 4520 ῶραν
3023 4452 3333 4522 μεμνῆσθαι
3373 4456 3553 4526 μόνον,

1875 4529 2010 4584 ἀλλά
2043 4531 2136 4582 καὶ
2168 4530 2260 4584 ἐπὶ
2292 4530 2394 4600 τῆς
2427 4530 2624 4595 οἰκίας,
2656 4530 2750 4584 καὶ⁹
2769 4531 2861 4583 ἐπὶ
2893 4531 2993 4601 τῆς
3018 4531 3244 4602 ἀγορᾶς,
3270 4536 3366 4588 καὶ
3386 4537 3553 4591 ὅπου-

1877 4625 1980 4682 περ
2002 4608 2068 4663 ἂν
2092 4609 2422 4679 διατρίϐητε.
2460 4607 2585 4662 Εἴθε
2633 4626 2721 4679 μοι
2755 4610 2979 4663 δυνατὸν
3011 4604 3079 4682 ἦν
3127 4612 3254 4681 ὑμῖν
3291 4623 3555 4683 συγγενεξ⁴

1877 4689 2020 4752 σθαι,
2059 4690 2150 4742 καὶ
2196 4690 2297 4742 οὐκ
2338 4689 2404 4743 άν
2448 4707 2539 4758 μοι
2577 4690 2680 4760 τῆς
2718 4691 2936 4760 μακρᾶς
2987 4689 3192 4762 ταύτης
3217 4692 3405 4763 ἐδέησε
3445 4715 3551 4768 μα·

1874 4769 2198 4840 κρηγορίας·
2231 4768 2324 4822 νῦν
2358 4769 2402 4822 δ)
2439 4768 2625 4839 ἐπειδὴ
2655 4769 2812 4822 τοῦτο
2851 4770 2952 4823 οὐκ
2986 4770 3086 4834 ἐνι,
3121 4770 3236 4824 ἀντ’
3265 4771 3400 4844 ἐμοῦ
3442 4776 3550 4829 τῶν

1871 4848 2022 4917 ἐμῶν
2057 4849 2334 4919 μέμνησθε
2368 4850 2652 4920 ῥημάτων,
2686 4850 2777 4902 καὶ
2820 4851 2911 4904 ἐπὶ
2937 4851 3220 4923 τραπέζης
3249 4853 3550 4926 καθήμενοι

1871 4928 2169 4982 ἐπεισιέναι
2223 4946 2288 4998 με
2339 4929 2585 4999 νομίζετε
2642 4930 2737 4982 καὶ
2803 4931 3181 5001 παρεστάναι,
3239 4934 3334 4986 καὶ
3381 4937 3550 4990 ταῦτα

1869 5010 2084 5076 ἐνηχεῖν
2121 5006 2266 5079 άπερ
2301 5010 2430 5081 ὑμῖν
2466 5008 2698 5062 ἐνταῦθα
2740 5010 2881 5078 λέγω
2915 5011 3030 5065 νῦν.
3075 5012 3457 5088 Καὶϐπουπερ
3483 5017 3548 5069 ἂν

1870 5089 1996 5157 περὶ
2027 5087 2158 5158 ἐμοῦ
2192 5089 2350 5156 λόγος
2385 5091 2514 5160 ὑμῖν
2538 5091 2772 5161 γίνηται,
2809 5091 2930 5144 ἀντὶ
2963 5093 3411 5165 πάντων.ταύτης
3448 5098 3548 5167 μέ-

1872 5184 1974 5236 μνη
1984 5167 2076 5219 σθε
2093 5168 2189 5237 τῆς
2205 5169 2444 5239 ἐντολῆς,
2464 5172 2558 5223 καὶ
2574 5171 2777 5241 ταύτην
2797 5187 2887 5241 μοι
2901 5171 2999 5242 τῆς
3015 5173 3145 5242 περὶ
3162 5174 3305 5244 ὑμᾶς
3325 5175 3549 5247 ἀγάπης

1868 5247 2098 5300 ἀπόδοτε
2127 5250 2224 5318 τὴν
2250 5249 2505 5320 ἀμοιϐήν.
2547 5249 2673 5305 ’κάν
2702 5251 2798 5304 ίδω
2820 5251 3274 5322 κατορθώσαντας
3301 5254 3467 5324 ὑμᾶς,
3486 5259 3547 5312 τὸ

1869 5329 1977 5381 πᾶν
2006 5328 2306 5400 άπείληφα,
2343 5329 2533 5401 ἱκανὴν
2568 5331 2676 5385 τῶν
2701 5331 2880 5386 πόνων
2905 5333 3256 5404 ἀπεδεξάμην
3287 5333 3304 5373 ί
3328 5334 3426 5406 τὴν
3450 5336 3546 5390 ἀν-

1867 5408 2084 5461 τίδοσιν.
2115 5412 2230 5464 ’Ίνα
2258 5409 2350 5467 οὖν
2375 5413 2468 5466 καὶ
2488 5415 2636 5482 ἡμᾶς
2661 5413 3102 5484 προθυμοτέρους
3129 5414 3414 5486 ποιήσητε,
3453 5422 3546 5474 καὶ

1869 5487 2023 5556 ὑμεῖς
2057 5489 2331 5556 εὐέλπιδες
2364 5491 2607 5561 γίνησθε,
2641 5492 2734 5545 καὶ
2760 5491 2978 5546 πλείονα
3005 5495 3124 5556 ταῖς
3150 5492 3362 5559 λοιπαῖς
3396 5497 3533 5550 ἐντο-

1866 5566 1984 5629 λαῖς
2006 5569 2141 5640 πρὸς
2162 5570 2221 5622 τὸ
2243 5571 2635 5643 κατορθοῦσθαι
2661 5572 3123 5642 παρασκευάσητε
3151 5572 3250 5644 τὴν
3270 5574 3542 5639 εὐκολίαν,

1869 5645 2005 5728 μετὰ
2031 5648 2230 5720 πολλῆς
2259 5651 2446 5705 τοῦτον
2481 5652 2570 5704 τὸν
2599 5651 2760 5722 νόμον
2789 5651 2887 5720 τῆς
2916 5652 3151 5723 σπουδῆς
3181 5654 3239 5707 ἐν
3261 5659 3382 5720 ταῖς
3404 5656 3541 5728 ὑμε-

1865 5723 2048 5796 τέραις
2076 5729 2401 5783 ἐναπόθεσθε
2430 5733 2453 5769 ε
2479 5729 2695 5800 ψυχαῖς,
2724 5733 2817 5784 καὶ
2840 5731 2959 5785 τότε
2981 5731 3191 5786 εἴσεσθε
3220 5734 3316 5805 τῆς
3351 5723 3513 5807 παραι

1925 5832 1953 5872 δ
1977 5834 2126 5900 Ξςὶῖίι.
2152 5838 2236 5894 τήν
2257 5840 2480 5900 κορυφήν.

1929 5901 1946 5922 ⁸
1975 5897 2069 5944 Mii
2095 5899 2261 5957 δέομαι
2286 5897 2364 5946 καὶ
2387 5897 2642 5948 ἀντιϐολῶ.

1929 5961 1942 5996 ί
1983 5962 2006 6005 -ὶ
2022 5962 2068 6007 lii
2095 5961 2337 6018 ἐδεξάμην.

1928 6025 1948 6058 ε
1973 6023 2051 6059 εει·
2076 6023 2220 6067 Sa‘ril.
2249 6037 2292 6069 l'l
2327 6022 2520 6080 quidam
2551 6041 2659 6071 mw.
2682 6027 2876 6075 lfdilnm
2906 6036 3004 6075 nm!
3035 6033 3278 6077 ᾇττνῖατυτηῖ.
3308 6029 3438 6075 Hm.
