3932 6222
355 318 415 371 8|
1174 324 1230 381 S.
1268 322 1345 380 JO
1362 324 1556 380 \NNlS
1593 323 2090 382 CIIRYSOSTOMI
2132 321 2451 378 ARCIIIEP.
2496 321 3053 381 CONSTANTINOP.
3735 322 3812 380 82

348 433 545 495 νέσεως
578 433 675 506 τὴν
708 433 994 504 ὠφέλειαν.
1048 437 1200 491 Ἐπεὶ
1239 440 1330 493 καὶ
1365 440 1577 510 ἱμάτιον
1599 439 1834 512 χρυσοῦν
1859 438 2023 494 καλὸν

350 519 450 589 μὲν
483 519 599 574 ἐστι
626 523 717 574 καὶ
746 522 1047 595 ὁρώμενον,
1095 524 1274 597 πολλῷ
1320 526 1377 579 δέ
1412 527 1572 581 πλέον
1605 530 1737 599 ἡμῖν
1779 531 2024 599 φανεῖται

349 609 728 681 περικείμενον
756 612 911 682 ἡμῶν
936 612 1013 683 τῷ
1039 611 1273 683 σώματι·
1300 614 1442 669 οὕτω
1464 616 1562 669 καὶ
1584 617 1641 670 αί
1667 617 1757 670 τοῦ
1780 616 1913 670 Θεοῦ
1940 619 2025 669 ἐν-

345 697 495 748 τολαὶ
538 695 703 751 καλαὶ
740 697 839 767 μὲν
868 699 975 751 εἰσὶ
1005 698 1098 753 καὶ
1129 700 1543 772 ἐπαινούμεναι,
1582 702 1762 773 πολλῴ
1802 702 1859 756 δὲ
1890 703 2022 757 καλ-

344 780 490 845 λίους
509 782 793 852 φαίνονται
814 785 1266 858 κατορθούμεναι.
1296 789 1411 842 Νῦν
1442 788 1540 859 μέν
1578 789 1686 862 γάρ
1714 791 1772 842 ἐν
1797 788 2025 860 βραχείᾳ

344 869 536 941 καιροῦ
567 873 707 943 ῥοπῇ
730 872 796 925 τά
813 872 1080 944 λεγόμενα
1101 876 1396 938 ἐπαινεῖτε,
1419 877 1514 930 ἐὰν
1530 878 1587 931 δέ
1609 877 2016 948 κατορθώσητε,

341 957 432 1012 διὰ
463 954 644 1030 πάσης
677 961 776 1031 τῆς
805 961 1041 1033 ἡμέρας,
1079 963 1173 1017 καὶ
1199 963 1289 1018 διὰ
1315 965 1515 1030 παντὸς
1544 965 1639 1019 τοῦ
1678 965 1891 1037 χρόνου,
1924 966 2020 1020 καὶ

341 1047 490 1117 ἡμᾶς
506 1048 602 1102 καὶ
632 1049 778 1120 ὑμᾶς
809 1050 1007 1115 αὐτοὺς
1028 1052 1408 1107 ἐπαινέσεσθε·
1437 1054 1531 1108 καὶ
1551 1054 1613 1107 οὐ
1638 1054 1798 1107 τοῦτό
1822 1056 1937 1108 ἐστι
1960 1054 2023 1107 τὸ

452 1161 735 1175 0—..—

2130 440 2296 510 μέγα,
2342 440 2424 492 ὅτι
2465 438 2728 510 ἀλλήλους
2771 438 3205 511 ἐπαινεσόμεθα,
3247 437 3362 493 ἀλλ’
3390 438 3474 493 δτι
3508 437 3602 492 καὶ
3633 440 3662 493 6
3689 442 3824 503 Θεος

2128 527 2276 597 ἡμᾶς
2315 526 2657 591 ἀποδέξεται,
2708 526 2802 580 καὶ
2852 527 2951 581 οὐκ
2984 526 3307 592 ἀποδέξεται
3351 526 3535 599 μόνον,
3565 526 3701 581 ἀλλά
3730 527 3823 581 καὶ

2129 612 2422 684 ἀμείψεται
2464 615 2583 676 ταῖς
2629 613 2893 684 μεγάλαις
2929 613 3168 678 ἐκείναις
3212 614 3307 668 καῖ
3338 614 3679 687 ἀπορρήτοις
3715 613 3824 666 δω-

2132 701 2299 769 ρεαῖς,
2330 693 2404 753 ὧν
2435 699 2644 767 γένοιτο
2678 700 2885 765 πάντας
2925 701 3073 772 ἡμᾶς
3104 701 3420 774 ἀξιωἿῆναι,
3455 704 3638 774 χάριτι
3673 713 3699 741 ι
3730 700 3827 755 καὶ

2126 785 2508 857 φιλανθρωπίᾳ
2542 787 2633 840 τοῦ
2678 786 2879 860 Κυρίου
2918 789 3075 860 ἡμῶν
3130 789 3305 860 Ἰησοῦ
3350 787 3611 861 Χριστοῦ,
3649 787 3721 842 δι’
3759 782 3825 841 οὗ

2127 875 2220 928 καὶ
2260 875 2380 946 μεθ’
2402 868 2464 928 οὗ
2505 874 2584 946 τῷ
2612 875 2790 949 Πατρὶ
2825 878 2859 948 ἡ
2900 875 3047 941 δόξα,
3084 876 3201 947 ἄμα
3227 876 3306 948 τῷ
3346 878 3486 949 ἁγίῳ
3519 876 3826 948 Πνεύματι.

2126 962 2225 1016 νῦν
2257 963 2351 1016 καὶ
2393 963 2500 1027 ἀεὶ,
2545 964 2640 1025 καὶ
2684 966 2762 1027 είς
2801 965 2931 1029 τοὺς
2974 963 3179 1028 αίῶνας
3208 965 3319 1018 τῶν
3351 963 3583 1020 αἰώνων.
3625 965 3825 1036 Ἀμήν.

2193 1063 2220 1092 ⁸
2247 1061 2396 1112 Savil.
2427 1069 2482 1112 et
2498 1063 2697 1125 quidam
2727 1076 2846 1113 mss.
2867 1066 2994 1127 ἡμᾶς
3016 1064 3253 1129 ἐπιτυχεῖν
3274 1065 3449 1130 χάριτι.

339 1242 458 1318 [73]
486 1244 607 1298 ’Ότι
635 1242 934 1316 χρήσιμος
966 1247 1001 1299 ό
1032 1244 1151 1299 τῶν
1181 1246 1491 1315 ἀρχόντων
1520 1247 1723 1316 φόϐος,
1751 1246 1850 1300 καὶ
1880 1244 2162 1317 διήγησις
2186 1244 2304 1301 τῶν
2332 1245 2483 1300 κατὰ
2511 1244 2628 1315 τὴν
2651 1244 2799 1300 ὁδὸν
2828 1243 3192 1316 συμϐάντων
3232 1246 3358 1313 τοῖς
3393 1247 3509 1317 τὴν
3528 1248 3827 1321 ἀγγελίαν

409 1336 519 1405 τῆς
553 1336 827 1405 στάσεως
855 1336 935 1403 τῷ
986 1338 1244 1403 ,βασιλεῖ
1285 1339 1680 1409 ἀναφέρουσι,
1716 1339 1814 1393 καί
1852 1339 1941 1393 ὅτι
2005 1341 2040 1394 ὁ
2079 1337 2302 1403 ἀδίκως
2354 1354 2411 1392 τι
2468 1336 2725 1408 πάσχων
2758 1337 2857 1393 καὶ
2884 1337 3261 1408 εὐχαριστῶν
3287 1338 3368 1406 τῷ
3398 1343 3821 1412 συγχωροῦντι

409 1429 551 1496 Θεῷ,
587 1431 723 1496 ἴσος
754 1429 886 1483 ἐστὶ
918 1430 1023 1484 τοῦ
1055 1429 1153 1486 διὰ
1179 1431 1287 1485 τόν
1321 1430 1471 1485 Θεὸν
1498 1431 1571 1485 τὰ
1602 1432 1755 1486 αὐτὰ
1787 1431 2163 1501 πάσχοντος·
2203 1429 2301 1484 καί
2337 1431 2407 1485 τὰ
2435 1429 2880 1502 παραδείγματα
2908 1429 3096 1485 πάλιν
3121 1430 3191 1501 ἐκ
3219 1428 3338 1486 τῶν
3373 1431 3552 1502 τριῶν
3584 1435 3823 1492 παίδων

406 1522 508 1578 καὶ
544 1522 656 1592 τῆς
693 1524 1081 1590 Βαϐυλωνίας
1120 1525 1402 1593 καμίνου,
1438 1525 1537 1579 καὶ
1572 1523 1707 1593 περὶ
1744 1522 1854 1593 τῆς
1895 1522 2009 1577 τῶν
2039 1523 2234 1593 ὅρκων
2264 1520 2525 1592 ἀποχῆς.

1017 1710 1240 1780 Ὀμιλία
1272 1717 1347 1776 ς’.

406 1806 475 1855 α’.
516 1797 728 1862 Πολλὰς
773 1798 873 1869 μὲν
918 1797 1279 1871 ἀνηλώσαμεν
1311 1798 1528 1870 ἡμέρας
1573 1797 2018 1871 παρακαλοῦντες

339 1886 495 1958 ὑμῶν
518 1887 620 1957 τὴν
648 1884 891 1957 ἀγάπην·
926 1887 988 1939 οὐ
1014 1887 1120 1957 μὴν
1152 1887 1242 1941 διὰ
1273 1886 1432 1940 τοῦτο
1469 1887 1891 1958 ἀποστησόμεθα
1919 1887 2019 1959 τῆς

338 1973 647 2038 ὑποθέσεως
662 1973 887 2045 ταύτης,
903 1973 1016 2027 ἀλλ’
1029 1974 1135 2037 ἕως
1151 1973 1217 2028 ἀν
1236 1973 1374 2048 μένῃ
1389 1974 1451 2028 τὸ
1466 1974 1625 2039 ἐλκος
1639 1974 1741 2045 τῆς
1758 1973 2015 2046 ἀθυμίας,

339 2062 432 2116 καὶ
454 2060 517 2115 τὸ
538 2061 831 2133 φάρμακον
854 2060 953 2132 τῆς
970 2060 1327 2133 παραμυθίας
1347 2061 1699 2133 ἐπιθήσομεν.
1725 2062 1786 2115 El
1801 2061 1910 2134 7&9
1924 2063 2018 2116 ἐπὶ

337 2148 444 2202 τῶν
472 2146 566 2201 τοῦ
599 2146 853 2218 σώματος
879 2149 1209 2219 τραυμάτων
1237 2150 1297 2203 οὐ
1329 2148 1596 2203 παύονται
1624 2143 2018 2215 ἐπαντλοῦντες

336 2234 536 2305 ίατρῶν
550 2232 761 2298 παῖδες,
785 2234 891 2298 ἐως
915 2233 980 2287 ἀν
1008 2234 1160 2288 ἴδωσι
1187 2234 1355 2306 λῆξαν
1377 2235 1438 2289 τὸ
1459 2234 1654 2301 πάθος,
1674 2233 1855 2306 πολλῷ
1882 2236 2019 2306 μᾶλ-

338 2335 424 2377 ιιον
454 2322 549 2377 ἐπὶ
575 2323 676 2394 τῆς
704 2321 882 2394 ψυχῆς
908 2322 1066 2376 τοῦτο
1091 2326 1264 2377 ποιεῖν
1292 2325 1421 2397 χρή.
1453 2325 1562 2377 Καὶ
1593 2325 1704 2395 γὰρ
1734 2323 1887 2388 ἕλκος
1914 2324 2017 2395 ψυ-

330 2409 436 2482 χῆς
462 2412 497 2482 ἡ
528 2410 755 2482 ἀθυμία,
794 2410 889 2464 καὶ
926 2409 1008 2463 δεῖ
1045 2411 1287 2482 συνεχῶς
1319 2410 1490 2483 αὐτὴν
1521 2411 1807 2465 ἐπαντλείν
1842 2428 2014 2485 προσ-

335 2498 487 2570 ηνέσι
526 2499 789 2569 ῥήμασιν.
826 2497 962 2551 Οὐδὲ
1003 2496 1115 2569 γὰρ
1145 2497 1320 2562 οὕτως
1358 2500 1562 2570 οἴδημα
1606 2500 1811 2571 σαρκὸς
1846 2499 2017 2573 χαλᾷν

333 2585 492 2641 είωθε
526 2584 749 2657 θερμῶν
777 2584 985 2639 ὑδάτων
1018 2585 1200 2655 φύσις,
1227 2585 1303 2650 ὡς
1328 2587 1505 2659 ψυχῆς
1525 2587 1698 2651 πάθος
1719 2589 2017 2644 καταστέλ-

332 2682 448 2729 λειν
493 2673 706 2743 πέφυκε
752 2673 1179 2745 παρακλητικῶν
1223 2674 1399 2745 λόγων
1452 2676 1699 2748 δύναμις·
1744 2678 1807 2730 οὐ
1856 2676 2016 2749 χρεία

333 2761 603 2831 σπογγιᾶς
640 2760 897 2823 ἐνταῦθα,
938 2761 1193 2835 καθάπερ
1222 2765 1315 2817 ἐπὶ
1347 2762 1457 2817 τῶν
1487 2764 1707 2835 ίατρῶν,
1747 2764 1863 2819 ἀλλ’
1895 2767 2018 2821 ἀντὶ

335 2850 577 2919 σπόγγου
611 2848 711 2921 τὴν
740 2849 986 2919 γλῶτταν
1022 2851 1532 2924 μεταχειρισάμεθα·
1562 2853 1625 2906 ού
1658 2853 1816 2925 χρεία
1846 2855 2017 2928 πυρὸς

334 2938 594 3001 ἐνταῦθα,
633 2938 723 2992 ῖνα
764 2936 1147 3010 θερμαίνωμεν
1189 2938 1381 3005 ὕδατα,
1427 2941 1543 2995 ἀλλ’
1581 2943 1703 2996 ἀντὶ
1737 2943 1907 3014 πυρὸς
1945 2947 2012 3016 τῇ

335 3025 427 3078 τοῦ
456 3024 771 3097 Πνεύματος
796 3024 1115 3097 χρησόμεθα
1144 3026 1344 3097 χάριτι.
1377 3027 1513 3099 Φέρε
1534 3023 1627 3082 οὖν
1654 3029 1748 3082 καὶ
1772 3030 2015 3102 τήμερον

334 3112 395 3166 τὸ
422 3112 553 3166 αὐτὸ
580 3112 740 3167 τοῦτο
772 3111 1090 3185 πράξωμεν.
1119 3115 1183 3169 Et
1207 3115 1316 3188 γὰρ
1350 3115 1423 3187 μὴ
1456 3118 1618 3188 ἡμεῖς
1650 3117 1797 3188 ὑμᾶς
1832 3134 2015 3190 παρα-

334 3202 673 3275 καλέσωμεν,
705 3203 871 3257 πόθεν
908 3203 1175 3277 ἑτέρωθεν
1206 3205 1549 3277 παράκλησιν
1576 3205 1824 3273 δέξεσθες
1854 3211 2017 3262 Δικα-

334 3295 458 3347 σταὶ
486 3292 761 3362 φοϐοῦσιν·
797 3293 994 3349 οὐκοῦν
1029 3295 1194 3367 ίερεῖς
1217 3296 1727 3369 παρακαλείτωσαν·
1753 3299 2016 3371 ἄρχοντες

332 3380 667 3436 ἀπειλοῦσιν·
691 3380 888 3461 οὐκοῦν
908 3384 941 3452 ἡ
977 3382 1278 3457 Ἐκκλησία
1297 3384 1752 3458 παραμυθείσθω.
1775 3388 1887 3443 Καὶ
1904 3388 2016 3461 γὰρ

332 3471 427 3523 ἐπὶ
464 3470 574 3524 τῶν
606 3470 834 3525 παιδίων
862 3460 974 3524 τῶν
1006 3474 1218 3543 μικρῶν
1263 3473 1408 3528 οὕτω
1447 3473 1676 3543 γίνεται·
1705 3460 2017 3531 διδάσκαλοι

331 3559 400 3611 τὰ
432 3558 622 3612 παιδία
655 3558 882 3628 φοϐοῦσι
912 3561 1008 3613 κα)⁵
1036 3559 1323 3625 τύπτουσι,
1356 3562 1450 3616 καὶ
1472 3561 1853 3634 δεδακρυμένα
1877 3564 2016 3638 πρὸς

332 3645 432 3709 τὰς
470 3645 714 3716 μητέρας
758 3647 1241 3717 παραπέμπουσιν*
1283 3648 1342 3701 αί
1373 3647 1431 3702 δέ
1471 3649 1706 3722 μητέρες
1749 3650 2012 3717 ὑποδεξά-

239 3750 243 3754 ·
337 3750 498 3804 μεναι
527 3734 641 3795 τοῖς
665 3730 889 3797 κόλποις
906 3736 1020 3797 τοῖς
1043 3733 1252 3788 ἑαυτῶν
1280 3735 1573 3807 κατέχουσι
1603 3739 1698 3792 καὶ
1721 3740 2007 3811 περισφίγ-

333 3833 490 3887 γουσι
514 3829 565 3879 ι,
597 3819 691 3872 καὶ
722 3819 792 3872 τά
816 3818 1026 3892 δάκρυα
1065 3819 1453 3893 καταψήσασαι
1499 3822 1879 3894 καταφιλοῦσι,
1920 3827 2016 3880 καὶ

331 3907 431 3976 τὴν
478 3905 824 3979 όδυνωμένην
872 3906 1053 3962 αὐτῶν
1096 3908 1438 3964 ἀνακτῶνται
1490 3910 1690 3984 ψυχὴν,
1732 3912 2015 3968 πείθουσαι

332 3994 402 4049 δι’
434 3987 509 4050 ὧν
547 3994 816 4065 λέγουσιν,
847 3996 929 4051 ὃτι
960 3996 1229 4070 χρήσιμος
1263 3999 1291 4051 6
1319 3997 1427 4051 τῶν
1455 3998 1792 4054 διδασκάλων
1830 4001 2015 4065 αὐτοῖς

416 4169 572 4223 Ἐπεὶ
598 4164 693 4223 οῦν
723 4171 819 4224 καὶ
845 4170 991 4243 ὑμᾶς
1023 4172 1301 4244 ἐφόϐησαν
1340 4175 1623 4243 ἄρχοντες,
1675 4175 1768 4229 καὶ
1802 4178 2013 4245 ἐναγω-

332 4256 479 4320 νίους
509 4257 791 4328 ἐποίησαν,
819 4260 854 4331 ἡ
899 4259 1218 4331 Ἐκκλησία,
1241 4264 1274 4332 ἡ
1301 4262 1455 4333 κοινὴ
1486 4262 1705 4316 πάντων
1727 4263 1883 4335 ἡμῶν
1906 4267 2010 4337 μή·

330 4361 461 4416 τηρ,
496 4346 622 4409 τοὺς
650 4345 883 4410 κόλπους
909 4346 1230 4413 ἀπλώσασα,
1263 4352 1358 4404 καὶ
1386 4350 1607 4415 ὑπτίαις
1631 4351 2006 4425 ὑποδεξαμένη

332 4432 512 4504 χερσὶ,
536 4432 658 4486 καθ’
681 4433 920 4505 ἑκάστην
939 4436 1249 4506 παρακαλεῖ
1271 4438 1370 4510 τὴν
1393 4439 1626 4510 ἡμέραν,
1651 4437 1902 4507 λέγουσα,
1925 4441 2008 4494 ὅτι

333 4520 603 4591 χρήσιμος
630 4520 724 4576 καὶ
754 4523 784 4575 6
821 4520 931 4577 τῶν
969 4524 1246 4596 ἀρχόντων
1277 4526 1444 4596 φόϐος
1476 4527 1615 4593 ἐστὶ,
1644 4528 1739 4580 καλ⁸
1765 4526 1848 4580 ὅτι
1874 4544 2009 4599 χρη-

335 4608 468 4678 σίμη
511 4608 607 4661 καὶ
637 4610 672 4680 ἡ
718 4608 968 4664 ἐντεῦθεν
1009 4611 1374 4683 παράκλησις.
1415 4614 1672 4669 Ἐκείνων
1713 4614 1814 4686 μὲν
1843 4615 1953 4689 γάρ
1981 4618 2011 4670 6

334 4693 498 4762 φόϐος
522 4696 624 4749 οὐκ
652 4696 878 4768 ἀφίησιν
908 4697 1012 4752 ὑπὸ
1042 4701 1142 4769 τῆς
1169 4699 1443 4772 ῥᾳθυμίας
1469 4701 1780 4758 ἐκλύεσθαι·
1805 4703 2009 4776 ταύτης

330 4781 388 4835 δὲ
414 4783 447 4852 ἡ
479 4782 824 4855 παράκλησις
851 4785 950 4839 οὐκ
977 4786 1204 4857 ἀφίησιν
1229 4790 1279 4828 ι’
1308 4788 1412 4842 ὑπὸ
1442 4790 1540 4860 τῆς
1565 4790 1801 4864 ἀθυμίας
1834 4810 2005 4846 κατα-

333 4874 574 4928 πίπτειν·
622 4877 717 4930 καί¹
760 4877 827 4931 δι’
863 4877 1188 4951 ἀμφοτέρων
1221 4881 1249 4933 6
1281 4879 1413 4945 Θεὸς
1450 4882 1550 4953 τὴν
1586 4882 1864 4956 ἡμετέραν
1904 4900 2009 4937 σω-

330 4962 528 5036 τηρίαν
552 4965 845 5035 οἰκονομεῖ.
863 4967 974 5020 Καὶ
994 4968 1103 5039 7&9
1118 4969 1245 5031 τοὺς
1259 4969 1527 5041 ἄρχοντας
1548 4970 1713 5034 αὐτὸς
1740 4970 2003 5033 ὥπλισεν,

333 5050 421 5104 ἵνα
461 5051 666 5120 φοϐῶσι
705 5054 831 5116 τοὺς
866 5054 1307 5126 ἀσελγαίνοντας·
1349 5058 1442 5111 καὶ
1470 5060 1596 5124 τοὺς
1628 5059 1810 5132 ἱερέας
1843 5059 2007 5123 αὐτὸς

331 5138 756 5211 ἐχειροτόνησεν,
801 5141 887 5195 ἴνα
928 5144 1288 5215 παρακαλῶσι
1322 5145 1449 5207 τοὺς
1486 5145 1877 5216 όδυνωμένους·
1914 5147 2008 5200 καὶ

329 5225 502 5279 ταῦτα
523 5227 828 5301 ἀμφότερα,
865 5229 1007 5300 μετά
1026 5229 1134 5283 τῶν
1159 5220 1410 5301 Γραφῶν,
1443 5233 1538 5285 καὶ
1559 5232 1699 5305 αὑτὴ
1729 5232 1840 5287 τῶν
1867 5249 2009 5303 πραο

330 5314 557 5384 γμάτων
582 5318 617 5388 ἡ
641 5320 805 5390 πεῖρα
830 5317 1089 5373 διδάσκει.
1125 5319 1189 5372 EE
1215 5317 1324 5391 7&9
1344 5319 1373 5359 ιδ
1394 5320 1673 5391 ἀρχόντων
1692 5319 1883 5385 ὄντων,
1914 5322 2009 5374 καί¹

333 5404 675 5473 στρατιωτῶν
706 5405 920 5471 ζώντων
957 5407 1015 5460 ἐν
1052 5407 1258 5470 ὅπλοις,
1301 5407 1464 5478 μανία
1489 5407 1793 5479 ἀνθρώπων
1821 5408 2009 5481 εὐαρι-

331 5487 575 5558 θμὴτων,
597 5491 839 5562 μιγάδων
854 5493 948 5547 καὶ
969 5492 1273 5564 ἐπηλύδων,
1305 5495 1364 5546 ἐν
1392 5492 1625 5565 βραχείᾳ
1644 5493 1839 5565 καιροῦ
1862 5496 2004 5566 ῥοπῇ

330 5574 601 5646 τοσαύτην
623 5580 755 5649 ἡμῖν
784 5578 957 5651 ἀνῆψε
987 5579 1186 5652 πυράν,
1224 5581 1319 5633 καὶ
1348 5580 1595 5651 χειμῶνα
1612 5579 1867 5633 τοσοῦτον
1885 5578 2006 5654 [74]

330 5659 543 5731 ἤγειρε,
568 5664 661 5716 καὶ
684 5667 812 5737 περὶ
831 5666 1096 5736 ναυαγίας
1127 5664 1421 5721 δεδοικέναι
1452 5667 1710 5739 ἐποίησεν
1740 5666 2004 5731 ἅπαντας·

330 5747 382 5800 εί
414 5748 644 5803 καθόλου
672 5752 779 5805 τῶν
818 5753 1095 5824 ἀρχόντων
1127 5756 1156 5808 6
1183 5753 1347 5822 φόϐος
1380 5755 1642 5827 ἀνῄρητο,
1685 5755 1785 5808 ποῦ
1815 5755 1914 5809 οὐκ
1941 5755 2007 5809 ἂν

396 5854 527 5928 :_Si_c
545 5855 704 5928 S_gvil._
723 5865 778 5906 et
803 5858 1013 5928 maxinja
1044 5872 1155 5921 pars
1175 5861 1413 5911 codicum.
1446 5860 1616 5913 Morel.
1648 5863 2005 5928 περιϐάλλουσι.

393 5917 442 5979 β’
470 5919 618 5967 Savil.
656 5919 711 5966 οὐ
742 5919 994 5979 συγχωρεῖ.

395 5976 424 6018 ³»
448 5980 645 6041 Aliquot
672 5994 784 6028 mss.
807 5976 838 6036 ἦ
853 5976 995 6043 πείρα
1018 5984 1131 6049 βοᾷ·
1156 5983 1194 6031 εἰ
1218 5982 1323 6047 γάρ.

2043 1646 2112 1660 —

2118 1704 2285 1779 ἦλθον
2312 1698 2459 1760 οὗτοι
2491 1707 2719 1776 μανίας;
2745 1702 2857 1779 ἆρα
2883 1708 2983 1762 οὐκ
3013 1708 3079 1762 ἂν
3106 1709 3172 1763 ἐκ
3201 1709 3417 1784 βάθρων
3443 1712 3577 1783 ἡμῖν
3596 1713 3698 1785 τὴν
3721 1716 3823 1770 πός

2117 1791 2200 1845 λιν
2241 1792 2567 1865 ἀνέτρεψαν,
2618 1794 2713 1847 καὶ
2750 1795 2931 1849 πάντα
2974 1795 3085 1850 ἀνω
3125 1798 3219 1852 καὶ
3264 1799 3414 1853 κάτω
3462 1801 3818 1873 ποιήσαντες,

2116 1880 2290 1944 αὺτάς
2320 1880 2387 1934 ἂν
2418 1879 2577 1952 ἡμῶν
2610 1880 2894 1950 ἀφείλοντο
2918 1882 3019 1947 τάς
3045 1883 3258 1956 ψυχάς;
3298 1884 3425 1940 Ἐἀν
3444 1886 3555 1960 7&9
3576 1888 3644 1943 τά
3662 1889 3820 1945 δικα-

2122 1968 2320 2039 στήρια
2349 1967 2569 2041 ἀνέλῃς,
2601 1969 2783 2024 πᾶσαν
2806 1969 2906 2041 τῆς
2928 1967 3076 2041 ζωῆς
3101 1973 3263 2049 ἡμῶν
3285 1972 3493 2039 ἀνεῖλες
3518 1974 3618 2046 τὴν
3649 1976 3817 2031 εὐτα-

2117 2056 2258 2124 ξίαν·
2295 2057 2387 2111 καὶ
2423 2055 2614 2131 ὥσπερ
2647 2058 2777 2129 νηὸς
2806 2058 2898 2113 τὸν
2944 2059 3288 2134 κυϐερνήτην
3330 2064 3425 2118 ἐὰν
3471 2064 3817 2139 ἀποπήσῃς.

2116 2144 2514 2208 κατεπόντισας
2536 2146 2597 2200 τὸ
2624 2146 2854 2216 σκάφος,
2882 2147 2975 2200 καὶ
2997 2146 3089 2201 τὸν
3111 2150 3420 2221 στρατηγὸν
3434 2150 3502 2205 ἀν
3515 2153 3817 2226 ἀπαγάγῃς

2115 2232 2210 2287 τοῦ
2252 2233 2642 2306 στρατοπέδου,
2685 2235 3005 2308 δεδεμένους
3035 2238 3150 2302 τοῖς
3185 2237 3465 2310 πολεμίοις
3491 2242 3816 2315 παρέδωκας

2115 2323 2244 2385 τοὺς
2289 2322 2657 2392 στρατιώτας·
2700 2322 2845 2377 οὕτω
2888 2324 2998 2378 τῶν
3030 2324 3242 2380 πόλεων
3277 2328 3406 2392 τοὺς
3438 2329 3702 2401 ἄρχοντας
3745 2332 3813 2386 ἂν

2115 2408 2333 2481 ἀνέλῃς,
2366 2408 2573 2480 θηρίων
2602 2409 2812 2479 ἀλόγων
2836 2410 3174 2485 ἀλογώτερον
3211 2412 3520 2486 βιωσόμεθα
3547 2415 3683 2486 βίον,
3712 2418 3835 2472 δά·-

2116 2510 2335 2560 κνοντες
2387 2493 2652 2566 ἀλλήλους
2692 2497 2787 2549 καὶ
2824 2496 3223 2563 κατεσθίοντες,
3263 2499 3356 2552 τὸν
3395 2500 3721 2574 πενέστερον
3782 2506 3813 2557 ὀ

2117 2580 2392 2648 πλούσιος,
2430 2582 2524 2636 τὸν
2557 2582 2950 2654 ἀσθενέστερον
2972 2586 3001 2638 6
3019 2585 3408 2658 δυνατώτερος,
3440 2589 3532 2644 τὸν
3559 2592 3817 2646 ἐπιεικέ-

2118 2686 2311 2741 στερον
2347 2672 2376 2724 6
2415 2670 2770 2743 θρασύτερος.
2816 2672 2979 2727 Ἀλλά
3009 2672 3105 2727 νῦν
3134 2673 3339 2729 τούτων
3378 2677 3534 2731 οὐδέν
3569 2679 3687 2734 ἐστι
3720 2680 3815 2733 διὰ

2114 2760 2216 2831 τὴν
2238 2757 2398 2829 χάριν
2426 2759 2522 2813 τοῦ
2545 2757 2701 2813 Θεοῦ·
2728 2761 2779 2814 οί
2804 2760 2903 2832 μὲν
2922 2760 3033 2834 7&9
3060 2762 3315 2835 εὐλαϐείᾳ
3346 2763 3617 2830 συζῶντες
3644 2769 3806 2823 οὐδὲν

2115 2847 2326 2902 δέονται
2349 2847 2451 2917 τῆς
2474 2847 2678 2901 τούτων
2701 2848 3100 2920 παιδαγωγίας·
3128 2853 3343 2918 Δικαίῳ
3374 2855 3487 2922 γὰρ
3516 2856 3705 2925 νόμος
3735 2862 3812 2913 οὐ

2117 2933 2325 2997 κεῖται,
2354 2933 2539 3003 φησίν.
2566 2936 2632 2988 Ol
2666 2934 2727 2988 δὲ
2760 2934 2949 2990 πολλοὶ
2980 2937 3120 3009 πρὸς
3150 2939 3350 2993 κακίαν
3393 2938 3704 3010 βλέποντες,
3747 2947 3802 2998 εί

2121 3020 2197 3093 μὴ
2226 3021 2318 3074 τὸν
2348 3022 2458 3076 ἀπὸ
2481 3020 2688 3076 τούτων
2717 3022 2882 3092 φόϐον
2907 3019 3053 3095 εἶχον
3084 3024 3267 3089 αὐτοῖς
3296 3027 3671 3100 ἐπικείμενον,
3703 3050 3813 3104 μυ-

2121 3107 2251 3179 ρίων
2281 3107 2348 3162 ἂν
2386 3108 2573 3163 κακῶν
2612 3109 2712 3175 τάς
2749 3109 2937 3176 πόλεις
2975 3113 3301 3185 ἐνέπλησαν,
3348 3115 3493 3188 ἅπερ
3524 3112 3619 3171 οὖν
3658 3121 3753 3173 καὶ
3780 3123 3811 3175 ό

2117 3194 2328 3259 Παῦλος
2369 3194 2598 3253 συνιδὼν
2626 3196 2832 3267 ἔλεγεν·
2878 3200 2960 3253 Οὐ
3009 3199 3121 3271 γάρ
3149 3201 3323 3256 ἐστιν
3346 3201 3601 3267 ἐξουσία
3634 3209 3689 3260 εί
3715 3209 3807 3278 μὴ

2116 3284 2237 3338 ὑπὸ
2273 3284 2444 3348 Θεοῦ,
2487 3286 2587 3340 καί
2617 3290 2677 3340 αι
2707 3283 2889 3344 οὖσαι
2912 3289 3189 3355 ἐξουσίαι
3242 3292 3362 3348 ὑπὸ
3391 3294 3499 3348 τοῦ
3532 3295 3682 3350 Θεοῦ
3714 3315 3808 3353 τε-

2116 3370 2400 3441 ταγμέναι
2440 3373 2618 3426 εὶσίν.
2668 3372 2846 3446 Ὅπερ
2883 3375 2992 3448 γάρ
3027 3379 3166 3431 εἰσιν
3210 3378 3269 3431 ἐν
3303 3381 3424 3443 ταῖς
3454 3379 3658 3446 οἰκίαις
3694 3383 3808 3437 τῶν

2118 3455 2289 3522 ξύλων
2312 3460 2368 3512 αί
2394 3459 2744 3530 ίμαντώσεις,
2777 3462 2938 3517 τοῦτο
2970 3465 3064 3519 καὶ
3095 3467 3145 3519 οἱ
3171 3465 3432 3538 ἄρχοντες
3462 3469 3522 3522 ἐν
3552 3473 3673 3535 ταῖς
3699 3472 3803 3525 πό·-

2115 3545 2283 3599 λεσιν·
2316 3548 2410 3601 καὶ
2447 3547 2699 3622 καθάπερ
2727 3548 2794 3604 ἂν
2842 3551 3057 3618 ἐκείνας
3099 3554 3318 3627 ἀνέλῃς,
3362 3555 3710 3624 διαλυθέντες
3753 3561 3807 3615 οί

2114 3635 2281 3705 τοῖχοι
2317 3635 2726 3707 συμπίπτουσιν
2767 3638 3020 3712 ἀλλήλοις
3061 3643 3383 3714 αὐτόματοι·
3420 3644 3561 3698 οὕτω
3590 3646 3689 3718 τῆς
3721 3649 3803 3703 ol-

2117 3722 2389 3795 κουμένης
2433 3722 2500 3777 ἂν
2542 3722 2748 3798 ἀφέλῃς
2777 3728 2904 3791 τοὺς
2935 3728 3202 3801 ἄρχοντας
3235 3732 3330 3786 καὶ
3366 3732 3459 3786 τὸν
3500 3735 3565 3788 ἐκ
3598 3737 3806 3790 τούτων

2118 3807 2305 3878 φόϐον,
2340 3808 2435 3862 καὶ
2471 3808 2639 3863 οίκίαι
2668 3811 2763 3863 καὶ
2796 3813 2978 3878 πόλεις
3010 3816 3104 3869 καὶ
3137 3815 3264 3888 ἔθνη
3301 3818 3442 3888 μετὰ
3472 3819 3676 3892 πολλῆς
3704 3823 3804 3876 ἀλα

2116 3894 2297 3967 λὴλοις
2322 3896 2737 3967 συμπεσοῦνται
2759 3898 2861 3971 τῆς
2891 3900 3096 3966 ἀδείας,
3134 3904 3347 3968 οὐδενὸς
3376 3904 3528 3971 ὄντος
3550 3907 3644 3961 τοῦ
3673 3926 3807 3964 κατ-

2117 3982 2334 4052 έχοντος
2362 3983 2455 4038 καὶ
2492 3984 2954 4057 ἀνακρουομένου,
2986 3991 3080 4043 καὶ
3106 3988 3186 4062 τῷ
3220 3991 3369 4062 φόϐῳ
3393 3992 3492 4064 τῆς
3525 3996 3806 4062 κολάσεως

2118 4070 2511 4137 ἀναπείθοντος
2535 4071 2853 4144 ἡσυχάζειν.

2189 4159 2282 4231 Μὴ
2310 4158 2490 4212 τοίνυν
2523 4160 2799 4230 ἀλγῶμεν,
2845 4163 3141 4235 ἀγαπητοὶ,
3181 4165 3270 4219 διά
3298 4166 3388 4219 τὸν
3420 4167 3530 4221 ἀπὸ
3565 4170 3676 4223 τῶν
3702 4174 3806 4245 ἀρ.

2116 4244 2320 4334 χόντων
2351 4245 2539 4334 φόϐον,
2568 4246 2704 4334 ἀλλά
2738 4250 3275 4334 καῖεύχαριστῶμεν
3311 4254 3391 4325 τῷ
3426 4255 3565 4329 Θεῷ,
3594 4260 3678 4314 ὅτι
3704 4244 3805 4334 τήν

2115 4330 2391 4403 ρᾳθυμίαν
2422 4332 2582 4403 ἡμῶν
2628 4333 2922 4394 ἀνέστειλε.
2976 4336 3068 4388 καί⁸
3115 4336 3569 4411 σπουδαιοτέρους
3610 4330 3807 4418 εἰργά-

2115 4434 2264 4471 σατο.
2284 4418 2349 4471 Τί
2365 4418 2501 4489 γάρ,
2526 4420 2646 4473 εἰπέ
2672 4437 2792 4492 μοι,
2816 4422 3005 4490 γέγονε
3034 4421 3232 4493 βλάϐος
3255 4425 3366 4480 ἀπὸ
3386 4427 3486 4498 τῆς
3519 4433 3803 4502 φροντίδος

2110 4503 2334 4575 ταύτης,
2376 4508 2470 4560 καὶ
2510 4507 2609 4578 τῆς
2653 4508 2962 4581 μερίμνηςς
3007 4511 3089 4563 ὅτι
3126 4511 3445 4586 σεμνότεροι
3489 4519 3805 4590 γεγόναμεν

2114 4593 2208 4645 καὶ
2239 4594 2663 4666 ἐπιεικέστεροι;
2688 4596 2770 4649 ὅτι
2805 4597 3209 4671 σπουδαιότεροι
3239 4604 3335 4654 καὶ
3364 4606 3805 4674 προσεκτικώτεο

2118 4695 2228 4749 ροις
2270 4681 2351 4734 ὅτι
2396 4681 2663 4752 μεθύοντα
2706 4682 2800 4734 καὶ
2832 4681 3027 4755 ᾅδοντα
3073 4688 3309 4758 πορνικά
3345 4689 3567 4761 ᾄσματα
3607 4694 3804 4751 οὐδένα

2114 4762 2386 4837 βλέπομεν
2408 4783 2424 4833 ;
2444 4767 2559 4821 ἀλλ’
2588 4768 2670 4821 ὅτι
2696 4768 2839 4822 λιταὶ
2858 4770 3128 4842 διηνεκεῖς
3145 4813 3160 4838 ,
3192 4774 3287 4827 καὶ
3313 4774 3524 4848 δάκρυα
3543 4817 3559 4841 ,
3585 4779 3680 4832 καὶ
3704 4781 3801 4833 εὑ-

2106 4852 2231 4923 χαί;
2254 4854 2336 4908 ὅτι
2357 4854 2532 4923 γέλως
2554 4856 2781 4929 ἄκαιρος
2811 4858 2905 4911 καὶ
2924 4859 3128 4932 αίσχρά
3149 4863 3215 4933 ρή
3226 4879 3371 4933 ματα
3389 4906 3404 4930 ,
3438 4866 3531 4919 καὶ
3551 4865 3802 4939 διάχυσις

2107 4938 2294 5026 ἀπασα
2310 4940 2650 5013 ἀπελήλαται
2666 4983 2680 5006 ,
2697 4944 2792 4997 καὶ
2807 4949 3043 5014 γυναῖκα
3058 4949 3225 5020 εὐσχὴ
3236 4966 3373 5020 μονα
3388 4952 3484 5004 καὶ
3503 4952 3802 5026 ἐλευθέραν

2108 5024 2141 5093 ἠ
2168 5026 2323 5091 πόλις
2354 5030 2486 5100 ἡμῖν
2525 5040 2547 5068 ο
2587 5029 2775 5084 ἅπασα
2813 5036 3063 5104 μιμεῖται
3091 5034 3221 5097 νῦν;
3259 5036 3349 5091 διά
3381 5038 3555 5094 ταῦτα
3586 5024 3799 5110 ἀλγεῖς,

2109 5115 2228 5167 εἰπέ
2255 5133 2372 5187 μοι;
2409 5117 2511 5171 Διά
2535 5119 2711 5175 ταῦτα
2739 5121 2837 5192 μὲν
2860 5116 2953 5175 οὖν
2976 5123 3186 5196 χαίρειν
3217 5124 3428 5181 δίκαιον
3458 5130 3552 5182 καὶ
3575 5130 3802 5202 εὐχαρι-

2110 5206 2255 5255 στεῖν
2295 5203 2373 5275 τῷ
2413 5204 2553 5277 Θεῷ,
2596 5208 2681 5261 ὅτι
2721 5209 2995 5281 τοσαύτην
3032 5211 3290 5282 βλακείαν
3327 5215 3525 5286 ὀλίγων
3573 5218 3800 5289 ἡμερῶν

2109 5290 2259 5362 φόϐῳ
2286 5291 2312 5331 ά
2351 5293 2637 5349 κατέλυσε.
2675 5294 2805 5358 Ναὶ,
2847 5299 3035 5370 φησιν,
3067 5296 3183 5354 ἀλλ’
3212 5304 3260 5355 εί
3294 5304 3394 5375 μὲν
3430 5304 3592 5377 μέχρι
3626 5309 3801 5377 φόϐου

2112 5378 2270 5449 μόνον
2296 5380 2708 5453 ἐκινδυνεύομεν
2730 5426 2744 5448 ,
2770 5384 2961 5457 ἱκανὴν
2979 5386 3045 5440 ἂν
3065 5389 3514 5463 ἐκαρπωσάμεθα
3530 5393 3628 5466 τὴν
3648 5395 3798 5466 ὠφέ-

2109 5467 2275 5521 λειαν·
2309 5472 2426 5557 νυνὶ
2449 5470 2506 5523 δὲ
2534 5470 2848 5543 δεδοίκαμεν
2880 5473 2956 5545 μὴ
2990 5478 3300 5550 περαιτέρω
3331 5481 3571 5557 προέλθῃ
3605 5484 3667 5537 τὸ
3693 5484 3801 5539 δει-

2107 5554 2219 5617 νδν,
2241 5556 2335 5609 καὶ
2357 5559 2484 5629 περὶ
2500 5558 2606 5612 τῶν
2626 5559 2869 5629 ἐσχάτων
2891 5562 3329 5636 κινδυνεύσωμεν
3352 5554 3609 5634 ἅπαντες.
3632 5572 3795 5630 Ἀλλά

2113 5642 2186 5714 μὴ
2232 5642 2472 5715 δείσητε,
2524 5645 2735 5710 Παῦλος
2785 5648 2929 5719 ὑμᾶς
2982 5655 3385 5723 παραμυθεῖται
3438 5654 3613 5726 λέγων
3644 5698 3659 5719 ,
3708 5661 3796 5715 ὅτι

2109 5731 2332 5818 Πιστὸς
2358 5735 2392 5786 ὁ
2415 5733 2581 5800 Θεὸς,
2608 5732 2678 5799 ὃς
2704 5735 2816 5790 οὐκ
2840 5735 3008 5791 ἐάσει
3033 5738 3190 5806 ὑμᾶς
3217 5743 3612 5813 πειρασθῆναι
3638 5748 3796 5818 ὑπὲρ

2110 5818 2142 5871 ὃ
2172 5817 2456 5884 δύνασθε,
2492 5820 2653 5875 ἀλλὰ
2673 5821 2911 5891 ποιήσει
2944 5826 3066 5881 σὺν
3094 5827 3172 5893 τῷ
3200 5831 3509 5903 πειρασμῷ
3543 5840 3645 5895 καὶ
3671 5817 3787 5905 τὴν

2178 5927 2199 5987 ἒ
2228 5924 2324 5975 Αιὶἰ
2350 5929 2504 5987 ἡμῶν.

2177 5985 2203 6025 ἀ
2226 5988 2326 6038 Alii
2353 5985 2496 6051 φόϐος
