3932 6222
292 343 354 399 81
1274 359 1368 414 AD
1398 359 1713 416 PUPlI-LUM
1756 365 2236 428 ANTIOCHENUM
2302 373 2530 430 HOMIL.
2575 375 2658 430 Vl.
3518 392 3586 446 82

295 474 408 514 tum
442 480 506 518 ex
535 481 592 519 se
618 467 900 536 pulchrum
928 469 1136 526 videtur
1155 514 1170 538 ,
1201 474 1366 528 multo
1397 477 1666 545 pulchrius
1707 489 1884 534 autem

296 554 455 608 nobis
485 557 748 611 videbitur
778 571 961 614 nostro
984 563 1416 634 circumpositum
1444 571 1653 638 corpori
1688 585 1704 634 ;
1734 572 1810 624 sic
1833 581 1887 627 et

296 644 392 699 Dei
424 647 670 701 mandata
698 651 913 718 pulchra
938 653 1148 722 quidem
1174 665 1314 718 sunt.
1340 659 1497 712 etiam
1521 677 1640 714 cum
1670 663 1888 716 laudau-

290 742 420 798 tur;
463 739 628 791 multo
669 751 844 794 autem
910 744 1253 812 pulchriora,
1299 763 1419 803 eum
1483 760 1536 805 et
1578 754 1880 822 explentur,

289 841 575 898 apparent.
606 831 815 886 Etenim
844 850 986 890 nunc
1028 838 1170 891 brevi
1205 843 1458 908 tetnporis
1489 857 1761 899 momento
1798 848 1882 901 di-

285 929 376 972 cta
406 933 586 974 nostra
612 922 836 978 laudatis
859 942 874 991 ;
903 928 946 979 si
974 943 1102 982 vero
1130 946 1216 984 res
1243 931 1529 1000 impleatis,
1556 951 1648 1004 per
1668 951 1882 991 onmem

288 1011 460 1080 diem,
486 1025 541 1068 et
569 1030 663 1083 per
687 1032 846 1071 omne
870 1029 1096 1088 tempus,
1128 1032 1181 1075 et
1207 1038 1305 1077 nos
1330 1037 1384 1078 et
1414 1041 1507 1078 vos
1533 1027 1675 1096 ipsos
1705 1029 1886 1082 lauda-

1993 482 2136 540 bitis.
2170 485 2279 541 Nec
2310 487 2410 543 hoc
2434 501 2517 544 est
2542 507 2811 562 magnum,
2841 495 2982 565 quod
3005 497 3226 554 invicem
3259 517 3355 556 nos
3384 501 3569 558 lauda-

1995 576 2170 633 bimus
2191 621 2206 645 ,
2236 579 2329 634 sed
2356 582 2495 650 quod
2527 593 2578 636 et
2613 585 2750 638 Deus
2787 602 2882 640 nos
2922 591 3175 658 suscipiet
3205 608 3217 644 :
3248 608 3344 646 nec
3377 603 3578 649 tantmn

1991 670 2284 740 suscipiet,
2327 672 2422 726 sed
2453 683 2507 728 et
2551 677 2756 746 magnis
2787 678 2890 732 illis
2933 683 3361 740 remunerabitur
3401 695 3455 740 et
3491 686 3570 740 in-

1992 761 2290 817 eﬂ'abilibus
2315 764 2469 818 donis
2503 783 2515 818 :
2543 784 2659 835 qua:
2693 785 2790 823 nos
2818 787 3005 825 omnes
3044 777 3252 844 assequi
3283 779 3575 847 centingat,

1990 852 2157 919 gratia
2188 853 2397 907 Domini
2429 858 2595 910 nostri
2623 857 2748 913 Jesu
2777 859 3012 929 Christi,
3065 879 3158 932 per
3192 882 3348 935 quem
3379 878 3432 922 et
3456 883 3578 922 cum

1991 957 2096 1010 quo
2128 943 2268 997 Patri
2314 946 2483 1014 gloria
2533 963 2635 1001 una
2681 965 2802 1004 cum
2849 965 3034 1007 sancto
3079 957 3298 1025 Spiritu,
3349 975 3488 1015 nunc
3525 970 3580 1014 et

1993 1049 2223 1102 semper,
2253 1047 2300 1089 et
2332 1036 2383 1088 in
2413 1041 2608 1094 smcula
2633 1043 2970 1098 seculorum.
3012 1049 3200 1100 Amen.

289 1146 3586 1196 MM

279 1245 462 1298 (μοι)
509 1247 712 1290 υτιιιε
753 1249 865 1291 EST
909 1251 1408 1296 MAGISTRATUUM
1453 1254 1678 1309 TIMOR,
1725 1257 1806 1298 ET
1850 1258 2171 1302 NARRATIO
2215 1262 2457 1316 EOBUM,
2505 1263 2646 1317 QUE
2692 1267 2810 1309 PER
2857 1269 3010 1312 VIAM
3056 1272 3457 1318 ACCIDERUNT
3501 1275 3580 1317 IIS

367 1346 480 1398 QUI
524 1348 813 1392 NUNTIUM
859 1351 1212 1395 SEDITIONIS
1255 1353 1646 1397 IMPERATORI
1680 1357 2100 1401 AFFEREBANT
2148 1363 2162 1401 ε

2212 1362 2291 1403 ΕΤ
2335 1362 2504 1414 QUOD
2534 1364 2640 1416 ρι’]
2677 1366 2937 1411 INDIGNA
2977 1370 3251 1414 PATITUR
3310 1375 3387 1416 ET
3415 1375 3582 1418 ΕΒΔ·-

367 1446 509 1488 τιΑδ
555 1448 702 1489 AGIT
746 1449 1371 1506 PERMITTENTI'DEO,
1421 1453 1541 1496 PAR
1579 1454 1680 1497 SIT
1725 1456 1785 1496 ΕΙ
1831 1455 1940 1508 QUI
1966 1458 2154 1502 TALIA
2186 1461 2470 1504 PROPTER
2498 1465 2675 1509 DEUM
2715 1469 3011 1512 PATITUB.
3055 1473 3351 1518 EXEMPIA
3407 1477 3563 1520 BUR'

367 1547 488 1589 SUM
523 1550 558 1589 Δ
605 1549 830 1591 ἰἰιωυε
874 1551 1095 1594 PUEBIS
1143 1552 1221 1594 ET
1265 1553 1550 1596 FOBNACE
1595 1554 1986 1600 BABYLONICA
2033 1561 2048 1597 2

2098 1560 2176 1601 ET
2221 1561 2302 1602 DE
2345 1563 2764 1611 ABSTINENTIA
2809 1572 2846 1612 Δ
2888 1571 3308 1616 JURAMFNTIS.

1577 1672 2300 1720 marmummvm

933 1825 1152 1866 HOIELIA
1190 1828 1261 1866 Vl.

364 1945 417 2000 1.
459 1944 648 2000 Multos
672 1946 886 2016 quidem
933 1947 1288 2016 impendimus
1321 1948 1764 2012 diescharitatem
1786 1967 1880 2008 ve-

281 2049 454 2094 Stram
487 2038 865 2093 consolantes:
899 2052 1003 2095 non
1027 2049 1306 2108 propterea
1341 2053 1517 2096 tamen
1561 2045 1627 2098 ab
1654 2044 1754 2098 hac
1781 2044 1878 2099 de-

284 2128 545 2183 sistemus
569 2130 821 2192 materia;
852 2129 944 2184 sed
968 2130 1138 2184 donec
1167 2133 1395 2187 tristitia:
1427 2133 1617 2188 vulnus
1663 2152 1878 2189 reman-

282 2221 437 2283 serit,
485 2221 868 2278 consolationis
922 2221 1370 2278 medicamentum
1419 2226 1773 2295 imponemus.
1822 2228 1875 2283 Si

280 2312 433 2366 enim
464 2313 702 2382 Corporis
728 2314 948 2368 vulnera
975 2329 1163 2369 curare
1212 2332 1317 2369 non
1360 2316 1610 2372 desinunt
1661 2320 1874 2387 medici,

279 2400 456 2454 donec
477 2401 734 2458 desivisse
770 2405 1008 2458 dolorem
1043 2405 1306 2460 viderint:
1359 2408 1525 2462 nmlto
1565 2411 1732 2479 magis
1776 2410 1877 2465 hoc

283 2493 549 2547 inanima
588 2493 700 2547 ﬁeri
733 2496 1003 2549 convenit.
1053 2496 1263 2551 Etenim
1315 2500 1508 2553 anima:
1557 2503 1747 2555 vulnus
1794 2514 1876 2556 est

282 2585 523 2650 tristitia,
581 2595 638 2640 et
680 2587 848 2656 ipsam
898 2589 1150 2643 continue
1202 2589 1412 2644 lenibus
1459 2591 1641 2646 fovere
1695 2594 1874 2649 verbis

278 2686 537 2744 oportet:
589 2694 688 2733 nec
727 2681 867 2734 enim
920 2683 987 2735 ita
1042 2683 1220 2736 carnis
1270 2693 1530 2740 tumorem
1580 2686 1870 2742 calidarum

277 2768 421 2822 solet
463 2784 717 2839 aquarum
773 2782 958 2826 natura
1008 2775 1300 2842 remittere,
1355 2786 1411 2831 ut
1453 2780 1644 2833 anima:
1683 2790 1870 2834 a:stum

276 2861 672 2915 consolantium
702 2863 853 2933 Copia
883 2880 1190 2919 sermonum
1219 2867 1406 2923 sedare
1425 2871 1721 2925 consuevit.
1754 2871 1869 2926 Non

277 2947 368 3004 hic
396 2966 530 3020 opus
572 2955 812 3024 spongia,
865 2956 1001 3010 sicut
1057 2957 1297 3024 medicis,
1347 2959 1440 3014 sed
1498 2976 1595 3032 pro
1645 2964 1867 3033 spongia

275 3040 514 3109 linguam
547 3046 931 3102 tractabimus:
963 3063 1066 3100 non
1100 3048 1186 3103 hic
1211 3065 1346 3118 opus
1377 3051 1518 3120 igne,
1554 3069 1659 3123 quo
1701 3069 1868 3123 aquas

271 3131 672 3200 ealefaciamus,
697 3137 790 3190 sed
818 3153 914 3206 pro
969 3137 1089 3208 igne
1136 3138 1362 3210 Spiritus
1408 3144 1576 3212 gratia
1635 3153 1866 3200 utemur.

270 3227 389 3294 Age
420 3226 576 3295 igitur
605 3235 658 3280 el.
698 3227 858 3282 hodie
886 3228 989 3284 hoc
1025 3230 1198 3300 ipsum
1233 3231 1506 3287 faciamus.
1557 3232 1666 3288 Nisi
1721 3235 1864 3289 enim

271 3333 373 3372 nos
400 3319 818 3376 consolationem
840 3323 990 3377 vobis
1036 3324 1391 3390 attulerimus,
1445 3327 1584 3382 unde
1623 3329 1860 3383 solamen

268 3410 486 3466 abunde
539 3413 814 3482 capietis?
859 3415 1075 3471 Judices
1123 3427 1343 3485 terrent,
1394 3419 1514 3476 ideo
1556 3424 1863 3478 sacerdotes

267 3501 666 3560 consolentur:
713 3508 1055 3576 magistratus
1098 3508 1399 3576 minantur,
1450 3511 1570 3567 ideo
1623 3513 1861 3570 Ecclesia

267 3595 576 3649 conﬁrmet.
593 3597 801 3651 Etenim
827 3601 930 3655 hoc
951 3600 1000 3654 in
1017 3601 1252 3671 parvulis
1271 3604 1449 3658 evenit
1468 3621 1482 3668 ;
1507 3617 1861 3677 prmeeptores

269 3694 498 3750 terrent,
527 3696 579 3740 et
610 3689 914 3757 verberant,
941 3701 996 3746 et
1025 3693 1381 3765 lacrymantes
1409 3695 1478 3750 ad
1527 3708 1723 3753 matres
1769 3716 1857 3754 re-

264 3779 744 3837 mittunt:matres
764 3798 890 3838 vero
913 3784 1034 3839 sinu
1078 3787 1432 3856 suscipientes
1482 3791 1763 3846 continent
1804 3802 1858 3848 et

262 3872 801 3940 circumplectuntur,
830 3886 885 3931 et
914 3877 1177 3949 lacrymas
1222 3879 1564 3951 detergentes
1601 3886 1855 3938 osculan-

265 3975 376 4030 tur,
406 3973 459 4020 et
503 3965 772 4022 dolentem
803 3969 1040 4038 ipsorum
1085 3970 1317 4025 animam
1369 3974 1628 4039 relevant,
1679 3978 1856 4031 verbis

263 4058 670 4125 persuadentes,
693 4059 862 4128 ipsius
885 4061 1065 4115 utilem
1089 4077 1207 4116 esse
1225 4075 1612 4134 praeceptorum
1631 4077 1852 4124 metum.

337 4147 732 4219 Magistratuum
760 4153 910 4206 timor
935 4155 1095 4208 utilis.
1125 4184 1198 4195 —-
1221 4155 1482 4222 Quoniam
1509 4159 1667 4228 igitur
1687 4169 1740 4214 et
1760 4175 1853 4216 vos

263 4249 571 4298 terruerunt
598 4245 958 4315 magistratus,
1006 4256 1062 4303 et
1112 4248 1302 4304 anxios
1357 4251 1719 4318 reddiderunt,
1751 4253 1853 4309 Ec-

258 4332 425 4386 clesia
455 4335 755 4389 Communis
783 4337 1020 4392 omnium
1038 4349 1209 4394 mater
1220 4349 1399 4395 nostra
1415 4342 1565 4397 sinus
1581 4344 1846 4413 aperiens,

259 4436 319 4480 et
343 4428 547 4496 supinis
592 4430 894 4500 suscipiens
935 4433 1183 4488 manibus
1231 4435 1469 4506 quotidie
1518 4438 1846 4505 consolatur,

257 4519 448 4574 dicens
463 4522 646 4576 utilem
667 4538 788 4578 esse
813 4525 1216 4595 magistratuum
1241 4539 1463 4594 metum,
1479 4531 1662 4588 utilem
1687 4534 1846 4589 etiam

258 4609 388 4666 hinc
414 4611 700 4681 profectam
730 4616 1177 4673 consolationem.
1223 4619 1438 4674 Illorum
1480 4622 1622 4676 enim
1671 4632 1847 4680 metus

259 4721 366 4759 non
416 4705 540 4760 sinit
563 4721 660 4763 nos
688 4715 906 4778 torpore
929 4709 1179 4776 dissolvi;
1211 4710 1366 4781 hujus
1387 4723 1564 4768 autem
1595 4718 1844 4771 consola-

261 4797 338 4850 tio
381 4797 482 4851 sub
513 4797 727 4853 tristitia
771 4800 1124 4857 succumbere
1163 4819 1269 4858 non
1316 4806 1610 4874 permittit:
1654 4817 1708 4863 et
1752 4826 1846 4880 per

259 4900 485 4958 utraque
513 4889 650 4946 Deus
671 4893 896 4946 salutem
929 4903 1166 4948 nostram
1195 4895 1449 4965 disponit.
1471 4896 1605 4953 Nam
1649 4913 1705 4955 et
1733 4917 1847 4956 ma-

253 4983 514 5049 gistratus
547 4983 662 5052 ipse
703 4986 952 5051 armavit,
1003 4995 1060 5041 ut
1111 4988 1448 5044 lascivientes
1494 5001 1764 5049 terreant:
1791 5007 1845 5051 et

253 5073 564 5128 sacerdotes
591 5075 704 5144 ipse
732 5075 913 5146 elegit,
969 5086 1026 5131 ut
1079 5077 1324 5134 dolentes
1365 5083 1754 5138 consolentur:
1789 5097 1844 5142 et

255 5162 374 5226 hzeg
392 5173 619 5234 utraque
649 5175 769 5234 post
789 5167 1114 5236 Scripturas,
1141 5169 1254 5241 ipsa
1277 5172 1440 5226 etiam
1469 5190 1647 5228 rerum
1672 5193 1838 5246 expe-

253 5255 447 5310 rientia
473 5255 632 5311 docet
656 5257 702 5308 ί.
734 5257 791 5312 Si
821 5259 963 5314 enim
988 5275 1109 5314 cum
1135 5277 1244 5316 non
1265 5262 1518 5318 deessent
1556 5271 1839 5338 magistra-

250 5358 362 5415 tus,
391 5359 443 5404 et
470 5351 668 5406 milites
695 5351 744 5405 in
763 5353 930 5408 armis
949 5365 1147 5424 prtcsto
1162 5367 1361 5420 essent,
1387 5359 1532 5414 furor
1550 5378 1838 5432 paucorum

247 5442 530 5497 hominum
561 5445 984 5513 promiscuorum
1006 5458 1060 5504 et
1087 5449 1413 5506 advenarum
1456 5454 1600 5510 brevi
1629 5464 1837 5528 tempo-

247 5540 325 5591 ris
353 5547 631 5593 momento
659 5549 863 5595 tantum
883 5542 1358 5602 nobisincendium
1383 5549 1525 5617 fecit,
1554 5560 1609 5606 et
1637 5562 1833 5608 tantam

247 5628 497 5684 excitavit
527 5631 834 5699 procellam,
862 5641 917 5687 et
937 5633 1004 5689 de
1031 5636 1309 5708 naufragio
1337 5651 1561 5698 cunctos
1595 5653 1834 5700 metuere

312 5784 327 5815 ⁸
367 5783 556 5845 Aliquot
716 5800 729 5836 :
759 5789 1064 5850 Experith
1087 5792 1276 5845 clanmt.

1989 1827 2284 1894 compulit:
2316 1827 2360 1882 si
2393 1830 2799 1899 magistratuum
2843 1845 3017 1888 metus
3061 1836 3282 1890 omnino
3331 1837 3573 1894 sublatus

1988 1917 2172 1972 fuisset
2191 1959 2206 1983 ,
2235 1918 2300 1974 ad
2327 1921 2450 1989 quid
2479 1921 2672 1977 furoris
2702 1924 2788 1978 isti
2819 1941 2922 1979 non
2965 1927 3282 1982 venissent?
3321 1945 3499 1984 nonne
3542 1949 3572 1984 a

1990 2011 2352 2067 fundamentis
2376 2012 2513 2069 hanc
2535 2017 2691 2071 nobis
2718 2018 2902 2072 urbem
2935 2021 3280 2084 evertissent,
3315 2032 3369 2078 et
3395 2025 3573 2077 omnia

1985 2100 2392 2168 confundentes,
2431 2106 2574 2176 ipsas
2599 2107 2813 2162 demum
2839 2110 3047 2164 animas
3071 2124 3281 2166 nostras
3308 2115 3562 2170 abstulis-

1983 2192 2140 2245 sent?
2166 2191 2220 2247 Si
2244 2195 2386 2248 enim
2411 2195 2682 2264 judicialia
2707 2200 2988 2254 StiStuleris
3011 2200 3314 2267 tribunalia,
3348 2219 3564 2260 onmem

1981 2282 2104 2335 vitae
2132 2294 2329 2338 nostrae
2358 2286 2600 2340 ordinem
2624 2289 2907 2343 sustuleris
2932 2305 2946 2341 :
2979 2299 3033 2344 et
3067 2291 3205 2344 sicut
3224 2292 3266 2345 si
3297 2293 3560 2362 guberna-

1985 2379 2151 2428 torem
2185 2392 2212 2428 a
2241 2377 2360 2429 navi
2394 2379 2752 2447 separavcris.
2781 2381 3035 2447 scapham
3089 2381 3466 2448 submerseris,
3515 2395 3568 2439 et

1980 2465 2022 2518 si
2051 2465 2332 2521 duccmab
2361 2471 2601 2523 exercitu
2630 2470 2938 2538 abduxeris,
2963 2473 3171 2526 vinctos
3198 2475 3436 2529 hostibus
3464 2487 3570 2529 tra-

1978 2558 2176 2613 dideris
2207 2561 2406 2615 milites
2431 2579 2442 2614 :
2473 2562 2544 2615 ita
2572 2563 2614 2616 si
2641 2565 2982 2633 magistratus
3007 2565 3073 2619 de
3093 2567 3397 2622 civitatibus
3447 2570 3568 2624 ζώει

1980 2653 2186 2718 tuleris,
2243 2652 2372 2708 feris
2414 2655 2871 2711 irrationabilibns
2924 2659 3093 2727 magis
3140 2659 3562 2713 irrationabilem

1976 2745 2231 2817 degemus
2257 2747 2436 2810 vitam,
2475 2749 2617 2804 inter
2643 2765 2739 2803 nos
2766 2750 3072 2805 mordentes
3097 2761 3154 2805 et
3179 2766 3274 2804 nos
3301 2752 3562 2807 devoran—

1976 2849 2076 2903 tes,
2100 2841 2471 2910 pauperiorem
2491 2841 2661 2906 dives,
2695 2841 3046 2897 inﬁrmiorem
3079 2841 3368 2911 potentior,
3404 2859 3558 2896 man-

1973 2932 2264 2986 suetiorem
2297 2933 2573 2987 audacior.
2608 2933 2712 2989 Sed
2747 2934 2935 2989 horum
2967 2934 3100 2990 nihil
3146 2950 3288 2989 mine
3332 2945 3415 2988 est
3459 2951 3556 3005 per

1977 3023 2066 3077 Dei
2096 3025 2318 3093 gratiam
2345 3042 2358 3078 :
2390 3025 2442 3078 in
2473 3024 2733 3096 religione
2762 3026 2905 3081 enim
2953 3027 3194 3081 viventes
3249 3025 3377 3080 nihil
3424 3041 3558 3096 epos

1973 3113 2163 3168 horum
2193 3114 2388 3170 habent
2413 3119 2792 3172 correctione:
2841 3115 2991 3172 Iusto
3026 3122 3169 3175 enim
3208 3118 3290 3172 lea:
3333 3136 3432 3172 non
3485 3129 3557 3172 cst

1972 3207 2154 3275 posita,
2188 3206 2470 3278 inquit“.
2495 3207 2629 3261 Tim.
2662 3209 2711 3262 1.
2740 3208 2817 3280 9).
2874 3209 3020 3263 Multi
3075 3224 3205 3263 vero
3252 3209 3318 3262 ad
3365 3209 3554 3263 vitium

1969 3308 2294 3366 spectantes,
2327 3299 2427 3353 nisi
2448 3303 2587 3353 hunc
2612 3300 2980 3356 imminentem
3004 3300 3249 3355 timorem
3270 3302 3552 3361 haberent.

1970 3389 2190 3444 infinitis
2262 3390 2444 3460 utique
2503 3391 2655 3445 malls
2724 3393 2966 3446 civitates
3022 3393 3379 3461 implessent,
3434 3407 3553 3462 quae

1968 3479 2162 3534 Paulus
2184 3497 2394 3551 quoque
2418 3498 2742 3552 cognoscens
2765 3483 2974 3538 dicebat
2999 3501 3010 3536 :
3051 3482 3168 3537 Non
3190 3484 3323 3536 enim
3351 3492 3421 3537 est
3450 3500 3548 3552 po-

1965 3581 2134 3636 testas,
2166 3574 2260 3626 nisi
2281 3591 2311 3625 a
2337 3573 2440 3626 Deo
2462 3592 2480 3627 :
2504 3585 2548 3628 et
2577 3592 2689 3644 qutc
2713 3585 2828 3628 sunt
2858 3585 3140 3643 potestates,
3190 3591 3221 3627 a
3248 3575 3356 3628 Deo
3410 3573 3551 3628 ordi-

1965 3679 2098 3720 nutw
2121 3667 2441 3735 sunt(Rom.
2480 3670 2564 3724 13.
2599 3670 2671 3740 1).
2701 3670 2850 3736 Quod
2881 3669 3024 3724 enim
3072 3671 3124 3723 in
3173 3669 3420 3723 domibus
3473 3667 3547 3720 fa-

1962 3759 2107 3814 ciunt
2152 3761 2413 3829 lignorum
2465 3762 2906 3832 contignatiotn-s,
2959 3762 3060 3815 hoc
3115 3762 3450 3831 magistratus
3495 3760 3548 3814 in

1961 3851 2262 3906 civitatibus
2288 3871 2301 3906 :
2335 3865 2387 3907 et
2413 3854 2544 3907 sient
2575 3856 2618 3907 si
2649 3855 2765 3908 illas
2786 3855 3085 3920 sustuleris,
3118 3853 3356 3906 dissoluti
3377 3852 3550 3922 pario.

1963 3952 2041 3996 tes
2065 3960 2157 4013 per
2178 3961 2296 3999 sese
2323 3957 2580 3999 corruunt
2611 3964 2623 3998 :
2657 3945 2727 3998 ita
2777 3946 2818 4000 si
2870 3961 2933 3999 ex
2985 3945 3182 3998 mundo
3208 3945 3548 4012 magistratus

1962 4035 2114 4090 tollas
2131 4045 2184 4090 et
2206 4037 2392 4090 horum
2424 4049 2644 4102 uictum,
2674 4046 2728 4090 et
2751 4037 2941 4090 domus
2965 4046 3017 4089 et
3044 4036 3287 4089 civitates
3314 4042 3368 4088 et
3408 4050 3542 4103 gen-

1960 4136 2037 4179 tes
2059 4142 2179 4181 cum
2209 4128 2371 4182 inulta
2401 4129 2540 4182 inter
2564 4143 2622 4182 se
2645 4128 2854 4182 licentia
2879 4135 3153 4190 corruent,
3191 4126 3405 4180 nemine
3426 4125 3542 4179 exi-

1957 4228 2130 4273 stente
2159 4219 2246 4290 qui
2274 4221 2546 4275 contineat
2569 4233 2621 4276 et
2652 4221 2894 4289 repellat,
2925 4230 2980 4274 et
3011 4235 3182 4290 poma:
3213 4220 3402 4274 timore
3445 4234 3540 4274 eos

1956 4310 2239 4378 quiescere
2264 4312 2600 4382 persuadeat.

2025 4400 2394 4455 Erumnarum
2422 4403 2628 4457 utilitas.
2654 4402 2802 4456 —Ne
2827 4402 2985 4473 igitur
3003 4401 3299 4470 doleamus,
3341 4402 3540 4467 dilecti,

1955 4505 2168 4564 propter
2188 4495 2588 4565 magistratuum
2619 4504 2847 4559 metum;
2876 4511 3058 4549 verum
3098 4504 3153 4548 et
3198 4495 3304 4549 Dco
3341 4495 3539 4564 gratias

1953 4602 2173 4656 agamus
2198 4588 2337 4657 quod
2363 4599 2628 4656 torporem
2653 4597 2892 4641 nostrum
2934 4587 3285 4656 corripuerit,
3337 4597 3390 4642 et
3443 4603 3540 4642 nos

1951 4679 2316 4748 diligentiores
2367 4679 2620 4735 effecerit.
2668 4680 2818 4746 Quod
2876 4681 3016 4734 enim
3047 4721 3063 4744 ,
3119 4695 3332 4750 qua-so,
3381 4681 3532 4733 dam-

1953 4785 2077 4823 mun
2103 4769 2295 4824 factum
2320 4781 2398 4825 est
2429 4787 2494 4824 ex
2539 4787 2667 4825 cura
2699 4781 2753 4826 et
2802 4771 3161 4826 sollicitudine
3217 4771 3356 4825 ista?
3395 4773 3534 4841 qum]

1951 4861 2282 4914 honestiores
2308 4862 2428 4916 facti
2475 4862 2643 4917 simus
2684 4872 2738 4916 et
2774 4864 3195 4917 mansuetiores?
3225 4862 3364 4932 quod
3411 4863 3535 4918 dili-

1948 4954 2220 5022 gentiores
2250 4965 2302 5008 et
2328 4957 2642 5010 attention-es
2662 4956 2686 5010 ?
2710 4957 2848 5025 quod
2877 4957 3082 5010 ebrium
3130 4966 3183 5010 et
3233 4957 3534 5012 meretricia

1947 5057 2226 5100 canentem
2254 5049 2459 5102 cantica
2512 5048 2786 5103 videamus
2817 5050 3124 5104 neminem?
3153 5051 3296 5118 quod
3336 5049 3534 5118 suppli-

1946 5139 2187 5194 cationes
2215 5141 2502 5207 continuw,
2534 5153 2582 5196 et
2613 5143 2863 5214 lacryma:
2891 5152 2946 5196 et
2968 5144 3194 5212 preces?
3225 5144 3366 5213 quod
3391 5146 3531 5197 risns

1947 5233 2300 5301 importunus,
2325 5244 2378 5288 et
2404 5235 2575 5304 turpia
2598 5235 2778 5301 verba,
2802 5245 2854 5288 et
2880 5236 3052 5288 omnis
3076 5236 3287 5288 lascivia
3311 5235 3528 5304 expulsa

1945 5325 2034 5390 sit,
2058 5334 2110 5378 et
2139 5326 2415 5380 mulierem
2443 5327 2739 5382 modestam
2789 5337 2842 5382 et
2871 5315 3090 5382 liberam
3118 5328 3305 5380 civitas
3348 5335 3529 5381 nostra

1945 5429 2053 5473 tota
2085 5437 2225 5475 nunc
2244 5420 2517 5475 imitetur?
2548 5430 2765 5491 propter
2787 5421 2901 5475 hzec
2923 5419 3111 5475 doles?
3140 5419 3276 5487 Quin
3299 5418 3530 5488 gaudere

1945 5521 2160 5582 propter
2186 5511 2300 5568 ha'e
2324 5523 2377 5566 et
2405 5513 2514 5568 Deo
2533 5514 2733 5584 gratias
2759 5529 2918 5584 agere
2945 5513 3110 5581 magis
3128 5519 3359 5580 oportet,
3387 5511 3526 5582 quod

1945 5612 2143 5657 tantam
2171 5605 2446 5658 mollitiem
2481 5620 2767 5674 paucorum
2796 5604 3001 5658 dierum
3031 5601 3315 5658 formidine
3351 5603 3527 5658 resol.

1943 5697 2098 5751 \erit.
2130 5696 2244 5753 Non
2270 5715 2426 5767 nego,
2457 5698 2659 5770 inquit;
2692 5696 2786 5751 sed
2831 5696 2874 5750 si
2904 5695 2968 5749 ad
2998 5705 3193 5749 metmn
3218 5712 3384 5766 usque
3406 5708 3524 5750 tanc

1942 5801 2048 5844 tum
2078 5792 2517 5861 periclitaremur,
2571 5791 2698 5846 satis
2727 5805 2968 5846 essemus
2992 5789 3232 5845 utilitatis
3285 5789 3470 5844 lucrati
3503 5805 3518 5845 :
