3892 6236
369 305 436 360 85
1088 303 1142 361 S.
1185 302 1461 363 JOANNIS
1494 294 1968 364 CIIRYSOSTDMI
2006 311 2320 369 ARCIIIEP.
2359 313 2886 373 CONSTANTINOP.
3564 321 3634 376 SI

368 428 512 467 nunc
541 427 671 467 vero
698 412 947 468 timemus
977 429 1044 468 ne
1081 416 1304 470 ulterius
1325 416 1520 470 malum
1551 417 1839 488 procedat,
1893 429 1948 477 et

368 504 437 558 tle
468 504 669 558 ultimis
696 503 1060 572 periclitemur
1084 520 1288 560 omnes.
1313 505 1416 560 Sed
1448 523 1515 562 ne
1538 509 1787 576 timeatis,
1814 511 1949 566 Pau-

372 595 456 649 lus
475 613 567 648 vos
598 597 904 650 οοιιευιτιιιιιδ
929 596 1112 651 dicens
1139 615 1152 652 :
1185 596 1379 652 Fidelis
1401 609 1473 652 est
1515 599 1672 668 Deus,
1721 603 1808 672 qui
1850 620 1953 657 non

369 688 496 740 sinet
523 702 606 740 vos
632 688 810 740 tentari
837 690 947 755 plus
969 704 1117 758 quant
1144 690 1366 757 potestis,
1417 690 1507 743 sed
1551 693 1696 762 faciet
1749 703 1796 748 et
1839 711 1954 748 cum

375 779 647 830 trutatioue
675 788 984 846 proventum,
1015 787 1067 829 ut
1112 780 1312 848 possitis
1337 779 1550 846 stt/ferre
1578 781 1654 852 (I.
1679 781 1796 836 Cor.
1858 783 1946 838 10.

375 870 483 935 15).
519 866 543 918 Ι
553 885 638 936 pse
663 868 791 920 enim
816 869 962 930 dixit,
997 866 1119 921 Non
1141 878 1186 922 te
1213 871 1482 936 dimittam,
1503 888 1657 942 neque
1673 883 1719 927 te
1739 873 1956 928 derelin-

374 974 524 1026 quant
549 957 566 1028 (
596 955 752 1009 Hetr.
789 957 877 1010 15.
901 957 960 1019 5;
1001 955 1156 1011 Deut.
1188 959 1276 1015 51.
1306 959 1370 1025 6;
1402 960 1516 1014 Jos.
1550 963 1600 1016 I.
1628 963 1702 1034 5).
1733 965 1788 1017 Si
1814 966 1954 1018 enim

377 1048 535 1100 rebus
568 1047 696 1116 ipsis
723 1047 986 1117 castigare
1012 1049 1196 1112 vellet,
1227 1058 1280 1102 et
1307 1051 1566 1106 malorum
1589 1054 1916 1123 experientia
1941 1097 1954 1116 ,

373 1155 480 1196 ron
508 1148 586 1192 tot
613 1139 802 1194 diebus
835 1154 931 1192 nos
956 1141 1132 1194 timori
1163 1141 1505 1198 tradidisset:
1535 1160 1654 1198 cum
1685 1147 1826 1201 enim
1858 1165 1956 1216 pu-

378 1232 495 1285 tire
544 1231 792 1292 noluerit,
826 1240 1020 1297 terret;
1052 1233 1303 1302 quoniam
1357 1235 1401 1288 si
1451 1236 1728 1304 puniturus
1780 1245 1958 1300 esset,

380 1325 540 1378 timor
566 1333 710 1379 esset
738 1323 1059 1393 superﬂuus,
1090 1324 1374 1395 superﬂua:
1405 1328 1584 1381 minae.
1631 1327 1782 1382 Nunc
1833 1346 1963 1384 vero

381 1416 675 1471 innumeris
704 1416 967 1470 mortibus
990 1417 1289 1486 graviorem
1314 1419 1473 1472 vitam
1497 1420 1866 1487 sustinuimus,
1889 1429 1966 1475 tot

376 1507 569 1560 «heluus
591 1506 914 1576 trepidantes
940 1517 995 1560 et
1027 1517 1336 1570 trementes,
1380 1519 1435 1564 et
1462 1510 1603 1581 ipsas
1629 1511 1845 1565 umbras
1875 1527 1962 1566 re-

381 1596 754 1662 formidantes,
783 1607 941 1666 alque
969 1597 1134 1666 ipsius
1155 1597 1282 1652 Cain
1306 1614 1518 1669 poenam
1550 1600 1777 1666 luentes,
1829 1610 1884 1654 ct
1935 1614 1966 1655 e

385 1689 563 1743 medio
586 1705 776 1744 somno
807 1705 915 1758 pra:
944 1692 1196 1744 continua
1225 1693 1494 1745 anxietate
1513 1691 1846 1757 exsilientes,
1896 1691 1966 1744 ita

386 1781 510 1834 utsi
539 1781 698 1835 etiam
733 1782 895 1836 Demn
947 1782 1326 1846 irritassemus,
1385 1797 1526 1837 nunc
1573 1792 1772 1836 tantam
1829 1782 1967 1851 νειεεί

386 1887 622 1942 pinnam,
676 1872 1094 1928 reddidissemus
1143 1875 1450 1944 propitium.
1509 1875 1618 1928 Etsi
1663 1875 1804 1929 enim
1864 1891 1968 1928 non

387 1965 602 2034 digmnn
628 1974 846 2034 peccato
875 1967 1192 2035 supplicium
1221 1965 1487 2034 dedimus,
1524 1968 1613 2021 Dei
1643 1977 1821 2023 tamen
1863 1967 1972 2022 cle-

393 2054 607 2107 mentia.-
634 2054 846 2108 sufficit.
1333 2071 1338 2077 λ

459 2146 514 2198 9..
561 2145 611 2199 Ν
617 2147 744 2199 untii
764 2145 1020 2201 seditionis
1048 2146 1373 2201 Antiocheam
1397 2148 1450 2201 iu
1474 2147 1554 2202 via
1575 2164 1742 2201 moras
1771 2148 1973 2200 trahere

389 2246 653 2306 coguntur.
686 2266 756 2276 --
781 2236 896 2292 Non
927 2246 1128 2291 tantum
1150 2248 1326 2293 autem
1355 2254 1419 2292 ex
1450 2238 1568 2303 hoc,
1601 2237 1695 2293 sed
1723 2239 1881 2292 etiam
1907 2253 1972 2291 ex

390 2326 512 2380 aliis
562 2327 741 2381 multis
791 2328 1060 2384 confidere
1106 2340 1316 2399 oportet
1356 2345 1369 2380 :
1422 2345 1525 2383 non
1575 2328 1716 2383 enim
1766 2327 1972 2382 modica

389 2419 544 2473 nobis
575 2420 727 2474 bona!
752 2421 865 2490 spei
888 2421 1106 2492 pignora
1132 2421 1240 2490 jam
1266 2421 1406 2475 Deus
1432 2420 1598 2475 dedit.
1630 2421 1696 2474 Et
1719 2420 1858 2490 quod
1891 2428 1974 2474 est

390 2513 629 2566 omnium
661 2514 916 2580 primmn,
949 2514 1039 2583 qui
1067 2514 1266 2568 malum
1293 2514 1522 2567 attulere
1544 2511 1811 2576 nuntium,
1849 2511 1973 2565 hinc

393 2605 538 2660 velut
553 2604 935 2674 alatidigressi,
964 2615 1017 2658 et
1035 2604 1234 2658 dudmu
1263 2604 1328 2658 ad
1352 2614 1524 2658 castra
1547 2618 1605 2659 se
1630 2611 1976 2674 perventuros

391 2711 514 2750 esse
553 2703 819 2765 putantes,
872 2695 1012 2749 circa
1043 2695 1274 2749 medium
1306 2695 1481 2749 adhuc
1534 2696 1634 2749 iter
1663 2705 1972 2758 morantur;

395 2799 474 2844 tot
500 2789 770 2844 obstacula
801 2796 856 2844 et
903 2787 1279 2857 impedimenta
1336 2789 1466 2857 ipsis
1520 2788 1871 2853 acciderunt,
1922 2795 1978 2842 et

393 2894 562 2950 equos
587 2879 936 2943 dimitteutcs,
961 2894 1101 2932 nunc
1124 2879 1362 2934 vehicula
1381 2888 1576 2948 agunt:
1603 2878 1742 2932 unde
1761 2892 1978 2932 necesse

393 2981 478 3026 est
496 2987 591 3028 eos
622 2972 745 3026 illuc
763 2971 965 3026 tardius
989 2981 1338 3041 perventuros
1356 2987 1494 3026 esse.
1521 2971 1808 3040 Postquam
1833 2971 1974 3024 enim

393 3064 686 3118 antistitem
715 3071 954 3117 nostrum
978 3071 1034 3117 et
1055 3076 1392 3117 communem
1424 3070 1629 3132 patrem
1660 3062 1799 3115 Deus
1852 3059 1977 3113 hinc

393 3155 693 3217 suscitavit,
722 3163 776 3209 et
821 3154 1089 3224 persuasit
1135 3155 1305 3220 abire,
1359 3162 1410 3208 et
1460 3153 1611 3208 obire
1664 3153 1977 3223 legationem

400 3247 554 3310 hanc,
589 3260 714 3298 mox
753 3245 869 3298 illos
907 3245 1046 3300 circa
1095 3244 1326 3298 medium
1371 3243 1575 3298 itineris
1621 3250 1980 3312 consequutus

395 3343 498 3402 est,
531 3351 599 3388 ne
625 3335 1008 3404 praevenientes
1032 3335 1204 3404 ignem
1235 3333 1643 3398 succenderent,
1685 3343 1738 3386 et
1761 3334 1812 3385 in
1858 3333 1982 3386 rcli-

396 3444 557 3499 quum
582 3427 967 3482 correctionem
989 3426 1194 3482 doctori
1228 3426 1466 3480 inutilem
1494 3425 1798 3491 redderent,
1819 3423 1982 3493 regiis

398 3519 619 3573 auribus
649 3519 1008 3573 inflammatis.
1033 3518 1185 3586 Quod
1213 3518 1355 3573 enim
1388 3532 1491 3570 non
1522 3516 1636 3572 sine
1656 3516 1768 3570 Deo
1785 3514 1979 3569 factmn

399 3614 470 3666 sit
507 3612 610 3668 hoc
650 3612 1105 3682 impedimentum,
1151 3611 1275 3665 inde
1327 3611 1664 3664 manifestum
1695 3627 1706 3661 :
1736 3609 1983 3665 homines

405 3712 573 3758 totum
621 3712 833 3772 tempus
861 3703 914 3756 in
945 3703 1139 3757 talibus
1201 3701 1716 3772 peregrinationibus
1771 3701 1979 3770 impen-

400 3795 622 3860 dentes,
675 3802 724 3849 el
758 3793 860 3848 hoc
907 3792 1138 3848 officium
1170 3794 1444 3858 habentes,
1493 3807 1659 3860 equos
1733 3793 1983 3846 continue

399 3886 611 3957 agendi,
642 3900 781 3940 nunc
805 3887 873 3939 ab
900 3885 1009 3954 ipsa
1039 3884 1364 3954 equitatione
1389 3881 1599 3936 contriti
1627 3881 1937 3935 defecerunt
1965 3923 1980 3944 ,

402 3989 456 4035 et
482 3995 600 4051 qua:
642 3994 784 4034 nunc
825 3979 1086 4046 accidere,
1136 3976 1288 4032 Iona:
1337 3977 1494 4031 rebus
1541 3974 1806 4030 contraria
1849 3974 1983 4028 facta

405 4080 530 4126 stmt
554 4070 738 4142 (Iona:
767 4069 842 4140 I).
872 4070 1020 4123 Illum
1047 4069 1189 4123 enim
1221 4067 1444 4137 urgebat
1473 4068 1609 4122 Deus
1630 4066 1778 4120 abire
1801 4066 1985 4119 uolen-

405 4174 533 4227 tem,
560 4161 658 4215 hos
688 4161 924 4215 volentes
947 4163 1130 4215 vetuit.
1163 4159 1206 4214 Ο
1233 4175 1425 4213 novum
1449 4167 1502 4213 et
1535 4159 1849 4212 admirabile
1887 4175 1983 4210 ue-

403 4253 638 4322 gotium!
672 4252 758 4306 ille
779 4252 1184 4306 subversionem
1213 4251 1503 4320 pra-dieare
1535 4249 1767 4315 nolebat,
1796 4259 1849 4302 et
1907 4250 1985 4301 in-

407 4345 573 4398 vitum
593 4358 712 4396 eum
742 4343 993 4397 excitavit
1023 4359 1035 4394 :
1071 4343 1122 4395 bi
1150 4358 1270 4396 cum
1294 4342 1566 4396 celeritate
1583 4341 1983 4394 subversioncm

405 4435 724 4492 annuntiare
749 4433 1021 4499 festinant,
1055 4443 1109 4488 et
1133 4435 1325 4489 invitos
1356 4435 1499 4503 ipsos
1547 4448 1755 4486 rursum
1807 4433 1986 4502 prohi-

406 4525 538 4580 buit.
568 4525 681 4592 Qua
709 4525 920 4578 tandem
969 4524 1036 4579 de
1084 4527 1284 4580 causa?
1328 4525 1590 4592 Quoniam
1638 4523 1722 4577 hic
1771 4523 1984 4593 quidem

406 4618 656 4672 celeritas
684 4617 958 4683 damnum,
987 4617 1093 4670 illic
1117 4633 1240 4671 vero
1266 4619 1509 4672 celeritas
1531 4618 1735 4670 lucrum
1757 4615 1983 4670 ferebat:

410 4709 531 4763 ideo
551 4717 606 4761 et
635 4709 782 4762 ἱιιιιιιι
816 4724 909 4776 per
932 4717 1106 4762 cetum
1159 4708 1412 4763 festinare
1463 4709 1605 4775 fecit,
1652 4717 1707 4762 et
1756 4708 1851 4762 hos
1892 4725 1990 4778 per

407 4779 576 4868 eqttos
604 4797 897 4867 impedivit.
957 4798 1117 4853 Vides
1170 4799 1264 4852 Dei
1321 4799 1672 4867 sapientiam?
1727 4815 1822 4870 per
1871 4815 1988 4868 qua:

407 4889 633 4959 quisque
659 4889 800 4958 quod
831 4890 1173 4960 eXSpectabat
1213 4905 1271 4944 se
1315 4891 1685 4960 expediturum
1732 4890 1986 4962 speravit,

410 5000 505 5054 per
535 4983 651 5038 haec
676 4985 898 5054 quisque
921 4986 1205 5055 impeditus
1233 4994 1333 5038 est.
1365 4984 1469 5039 Per
1495 4985 1761 5054 navigium
1797 4985 1884 5037 ille
1929 4999 1987 5038 se

406 5091 694 5132 evasurmn
725 5077 943 5146 putavit,
969 5086 1022 5131 et
1055 5077 1320 5146 navigium
1371 5076 1440 5129 illi
1491 5076 1756 5129 vinculum
1794 5077 1987 5128 factum

419 5170 653 5246 estzisti
685 5185 782 5239 per
810 5184 975 5238 equos
1028 5183 1193 5240 ocyus
1239 5182 1297 5222 se
1350 5167 1726 5236 Imperatorem
1779 5165 1989 5220 visuros

407 5269 779 5333 speraverunt,
809 5269 858 5314 et
891 5261 1011 5330 equi
1041 5259 1253 5314 fuerunt
1282 5259 1693 5331 impedimento:
1727 5259 1832 5310 imo
1863 5271 1990 5310 vero

411 5372 516 5410 non
543 5355 688 5426 equi,
722 5355 857 5408 sicut
885 5369 983 5408 nec
1009 5353 1081 5406 illi
1117 5352 1403 5422 navigium,
1427 5349 1520 5405 sed
1542 5350 1633 5403 Dei
1660 5347 1988 5418 providentia

412 5448 603 5518 ubique
631 5445 809 5501 omnia
837 5443 1049 5514 pr0pria
1077 5443 1391 5512 dispensans
1418 5441 1695 5510 sapientia.
1718 5441 1784 5494 Et
1806 5439 1984 5494 consi-

410 5538 538 5592 dera
553 5539 899 5608 providentiae
919 5537 1154 5600 modum,
1177 5535 1441 5604 quomodo
1459 5536 1710 5589 etterruit
1725 5544 1779 5589 et
1797 5549 1986 5588 conso-

413 5630 547 5684 latus
563 5642 661 5684 est.
682 5631 799 5699 Ipso
821 5632 962 5687 enim
981 5631 1068 5686 die
1083 5646 1186 5699 quo
1201 5629 1376 5682 omnia
1393 5629 1474 5682 illa
1494 5639 1694 5698 patrata
1710 5636 1833 5683 sunt
1858 5626 1954 5682 faci
1968 5653 1986 5666 ο

416 5736 567 5788 nera,
596 5720 736 5790 ipsos
765 5723 977 5792 quidem
1005 5722 1176 5790 evire,
1209 5729 1477 5791 tamquam
1500 5720 1674 5776 omnia
1708 5735 1826 5792 qua:
1852 5718 1990 5774 acci-

2057 424 2247 481 derant
2275 426 2586 498 Imperatori
2629 431 2962 488 nuntiaturos
3008 434 3358 503 permittens,
3405 439 3635 494 exeundi

2056 516 2332 574 celeritate
2356 534 2544 574 omnes
2566 523 2888 590 perterruit;
2919 533 3198 594 postquam
3218 541 3346 582 vero
3365 526 3636 597 abierunt,

2056 609 2260 664 etduos
2282 619 2456 667 tresve
2507 613 2621 668 dies
2665 616 3048 682 contriverunt,
3093 632 3218 672 cum
3265 619 3374 688 jam
3421 621 3636 676 inanem

2059 714 2181 755 esse
2209 703 2460 756 antistitis
2485 707 2649 758 nostri
2682 705 3066 775 profectionem
3098 710 3436 778 putabamus,
3456 721 3642 781 utpote

2061 791 2152 860 qui
2185 795 2447 861 posterior
2467 807 2608 849 esset
2632 796 2838 851 futurus
2862 814 2875 848 :
2905 808 3028 852 tunc
3069 813 3268 854 metum
3297 801 3560 867 dissolvit,
3589 814 3646 857 et

2064 897 2160 938 nos
2185 886 2486 940 consiliatus
2511 896 2612 952 est,
2646 887 2781 951 illos,
2820 889 2959 944 sicut
3004 889 3144 954 dixi,
3175 891 3349 946 media
3394 890 3648 948 detinens

2062 974 2167 1040 via,
2199 974 2542 1046 efficiensque
2564 987 2621 1030 ut
2650 978 2683 1031 ii
2724 977 2814 1047 qui
2839 979 2984 1034 illinc
3011 979 3076 1033 ad
3107 995 3202 1035 nos
3234 982 3649 1050 proficisceban-

2065 1075 2170 1132 tur,
2197 1067 2406 1121 iIlorum
2440 1083 2534 1137 per
2555 1069 2692 1122 viam
2731 1085 3000 1125 mrumnas
3041 1072 3196 1128 nobis
3240 1077 3645 1137 annuntiarent,

2067 1169 2122 1210 ut
2145 1173 2432 1228 parumper
2459 1161 2888 1230 respiraremus:
2919 1162 3064 1231 quod
3095 1173 3149 1217 ct
3189 1164 3382 1218 factum
3429 1174 3549 1230 est,
3595 1175 3651 1218 et

2067 1263 2311 1318 magnam
2333 1251 2658 1305 anxietatum
2685 1261 2890 1321 partem
2917 1253 3285 1322 deposuimus.
3313 1255 3407 1310 His
3425 1256 3649 1319 auditis,

2069 1341 2260 1395 horum
2289 1352 2561 1397 auctorem
2592 1345 2931 1400 adoravimus
2957 1346 3146 1408 Deum,
3175 1347 3266 1417 qui
3295 1357 3443 1416 patre
3458 1349 3654 1417 quovis

2073 1435 2379 1506 diligentius
2410 1450 2599 1491 omnes
2620 1452 2707 1491 res
2727 1448 2939 1492 nostras
2964 1455 3103 1493 nunc
3129 1439 3414 1510 disposuit,
3468 1440 3658 1495 invisi-

2071 1528 2162 1584 bili
2202 1526 2416 1594 quidem
2450 1528 2501 1582 vi
2543 1530 2813 1598 improbos
2845 1532 2973 1586 istos
2997 1532 3257 1588 cohibens
3284 1535 3495 1589 nuntios
3517 1576 3533 1601 ,
3576 1543 3638 1590 et

2075 1626 2279 1672 tantmn
2332 1635 2438 1672 non
2492 1619 2695 1685 dicens,
2726 1620 2864 1687 Quid
2919 1621 3220 1678 festinatis?
3245 1625 3438 1693 quidve
3463 1639 3660 1694 prope-

2073 1711 2201 1761 ratis
2227 1708 2498 1764 civitatem
2527 1710 2682 1764 talem
2701 1712 3013 1766 subvertere
3041 1714 3318 1768 volentes?
3362 1731 3487 1768 num
3516 1715 3659 1769 bona

2074 1799 2181 1868 regi
2205 1801 2385 1853 nuntia
2401 1800 2638 1856 affertis?
2667 1803 2877 1859 Manete
2895 1804 3033 1869 istic,
3047 1805 3218 1860 donec
3235 1821 3448 1860 servum
3476 1822 3658 1860 meum

2075 1898 2340 1959 tamquam
2365 1891 2626 1946 medicum
2649 1895 2906 1962 Optimum
2941 1898 3267 1965 przcvenire,
3321 1906 3376 1951 et
3419 1905 3662 1952 vestrum

2075 1989 2395 2062 praevertere
2422 1997 2634 2037 cursum
2655 1983 2862 2038 faciam.
2892 1985 2945 2040 Si
2979 2001 3107 2039 vero
3153 1996 3406 2040 nascente
3452 2003 3664 2056 prama-

2076 2072 2352 2126 ricatiouis
2396 2073 2608 2140 ulcere,
2663 2083 2805 2129 tanta
2862 2076 3192 2144 providentia
3247 2077 3488 2131 exhibita
3536 2088 3660 2132 est:

2079 2165 2435 2234 multomagis
2459 2176 2577 2235 post
2622 2168 3050 2235 conversionem,
3105 2179 3222 2237 post
3269 2169 3660 2236 paenitentiam,

2079 2264 2198 2324 post
2241 2266 2443 2310 tantum
2484 2257 2751 2322 timorem,
2789 2269 2906 2328 post
2932 2259 3194 2330 Iacrymas
3223 2267 3279 2314 et
3309 2274 3515 2329 preces,
3545 2276 3661 2312 ma-

2075 2346 2247 2415 jorem
2281 2347 2581 2402 libertatem
2604 2365 3015 2419 consequemur.
3046 2351 3212 2404 Jonas
3251 2353 3392 2404 enim
3422 2368 3664 2422 congrue

2082 2437 2395 2508 pellebatur,
2426 2451 2482 2492 ut
2509 2439 2576 2493 ad
2603 2441 2973 2510 pmniteutiam
3022 2441 3337 2507 induceret;
3390 2459 3485 2497 vos
3533 2459 3667 2496 vero

2077 2531 2184 2598 jam
2210 2529 2525 2584 exbibuistis
2560 2533 2926 2601 paenitentiam
2974 2543 3027 2587 et
3066 2549 3309 2603 magnam
3346 2536 3664 2588 conversio-

2081 2637 2223 2683 nem.
2257 2621 2482 2692 ideoque
2521 2625 2886 2680 consolatione
2929 2624 3183 2695 deinceps
3221 2636 3303 2681 est
3346 2641 3501 2696 opus,
3553 2641 3664 2681 non

2082 2713 2269 2767 nuntio
2300 2716 2472 2767 minas
2503 2713 2723 2769 ferente.
2747 2714 3035 2785 Propterea
3067 2730 3408 2772 communem
3439 2729 3493 2772 et
3538 2717 3668 2771 hinc

2083 2813 2290 2873 patrem
2317 2805 2611 2871 suscitavit,
2643 2815 2699 2862 et
2721 2807 2935 2877 quidem
2963 2823 3084 2862 cum
3113 2808 3278 2862 multa
3313 2819 3494 2864 essent
3545 2825 3671 2879 qua:

2085 2895 2464 2964 prohiberent;
2498 2899 2543 2952 si
2568 2913 2696 2953 vero
2719 2914 2825 2953 non
2857 2901 3188 2970 pepercisset
3215 2901 3230 2930 ¹
3259 2899 3418 2954 saluti
3442 2910 3669 2963 nostrae.

2084 3003 2192 3042 non
2222 2988 2294 3042 illi
2326 2989 2699 3058 persuasisset,
2731 2989 2823 3045 sed
2841 2998 2896 3046 et
2917 2991 3180 3045 volentem
3211 2991 3362 3046 exire
3385 2991 3669 3045 vetuisset.

2154 3081 2206 3135 5.
2237 3079 2508 3134 Theodosii
2533 3081 2585 3134 in
2608 3079 2857 3136 Paschate
2875 3081 3232 3136 clementia.-—
3255 3080 3493 3136 Tertium
3513 3081 3674 3150 quid-

2084 3174 2223 3244 piam
2243 3173 2794 3244 suppetitdicendum,
2823 3173 2966 3244 quod
2997 3174 3240 3228 ﬁduciam
3271 3174 3423 3228 vobis
3457 3173 3670 3244 pariat,

2087 3279 2324 3334 prmsens
2363 3280 2558 3334 nempe
2586 3265 2930 3331 solemnitas,
2980 3279 3136 3334 quam
3166 3272 3222 3318 et
3263 3263 3507 3318 infideles
3559 3263 3673 3317 fere

2085 3369 2272 3409 omnes
2294 3364 2629 3416 reverentur,
2657 3363 2712 3409 et
2735 3355 2819 3410 hic
2841 3355 2952 3424 ipse
2974 3355 3253 3425 religiosus
3279 3355 3572 3424 Imperator
3591 3355 3674 3408 sic

2086 3445 2326 3514 suspexit
2353 3454 2407 3498 et
2439 3444 2739 3509 honoravit,
2791 3455 2848 3499 ut
2874 3459 3060 3500 onmes
3086 3453 3210 3499 ante
3236 3458 3296 3498 se
3321 3459 3440 3498 cum
3472 3443 3674 3513 pietate

2088 3538 2411 3606 imperantes
2433 3538 2781 3607 superaverit.
2816 3537 3034 3591 Talibus
3066 3551 3295 3607 namque
3321 3535 3508 3592 diebus
3548 3551 3674 3590 cum

2087 3628 2362 3695 epistolam
2399 3628 2464 3681 ad
2492 3629 2845 3682 solemuitatis
2877 3626 3132 3682 honorem
3173 3627 3434 3690 misisset,
3480 3639 3678 3680 omnes

2090 3717 2200 3773 fere
2218 3734 2486 3772 carcerem
2531 3719 2832 3772 habitantes
2853 3717 3072 3773 dimisit.
3105 3717 3173 3772 Et
3222 3717 3362 3772 hanc
3388 3715 3677 3786 epistolam

2087 3809 2352 3864 admissus
2383 3810 2603 3863 antistes
2633 3818 2815 3864 noster
2844 3824 3024 3863 coram
3054 3808 3379 3878 Imperatore
3407 3808 3580 3878 leget,
3617 3817 3678 3862 et

2089 3899 2420 3969 propriarum
2442 3899 2618 3970 legum
2645 3898 3106 3961 commonefaciet.
3130 3907 3183 3952 et
3200 3896 3344 3953 dicet
3368 3897 3432 3952 ad
3461 3898 3674 3967 ipsum:

2089 3993 2166 4047 Tu
2190 3993 2418 4061 teipsum
2447 3993 2751 4058 exliortare,
2776 4001 2830 4048 et
2860 3992 2932 4046 tui
2967 3990 3248 4046 recordare
3281 4007 3304 4058 :_
3319 3989 3678 4044 domesticum

2089 4082 2254 4137 habes
2285 4083 2627 4138 humanitatis
2643 4083 2943 4152 exemplum
2972 4101 2984 4136 :
3009 4083 3206 4152 justam
3231 4080 3443 4136 noluisti
3469 4080 3680 4135 credens

2090 4175 2446 4241 committere,
2480 4183 2534 4230 et
2555 4175 2804 4243 injustam
2840 4183 3051 4244 patrare
3115 4172 3445 4228 sustinebis?
3483 4173 3677 4227 convi-

2090 4277 2209 4320 ctos
2235 4275 2289 4322 et
2314 4267 2698 4321 condemnatos
2729 4265 3032 4322 feStivitatis
3073 4267 3370 4320 reverentia
3401 4264 3680 4332 dimisisti,

2090 4369 2145 4414 ct
2193 4359 2432 4412 insontes
2463 4359 2697 4427 nihilque
2726 4373 2884 4412 ausos
2917 4356 3298 4411 eondemnabis
3321 4396 3336 4420 ,
3380 4355 3681 4424 przesertim

2091 4448 2428 4504 solemnitate
2474 4447 2779 4518 praesente?
2823 4447 3186 4518 Nequaquam,
3231 4445 3545 4515 Imperator.
3596 4446 3680 4501 Tu

2094 4543 2231 4596 hanc
2251 4541 2530 4611 epistolam
2557 4540 2859 4594 civitatibus
2883 4539 3130 4593 omnibus
3157 4538 3372 4592 mittens
3389 4578 3403 4599 .
3459 4537 3642 4593 aiebas
3665 4557 3682 4594 :

2094 4633 2305 4689 Utinam
2332 4643 2386 4688 et
2420 4632 2695 4687 defunctos
2741 4632 3062 4686 resuscitare
3100 4645 3330 4698 possem.
3381 4628 3493 4684 IIac
3543 4644 3691 4698 Opus

2095 4726 2350 4781 habemus
2376 4726 2726 4792 humanitate,
2774 4723 2856 4779 his
2886 4739 3027 4779 nunc
3045 4739 3264 4794 egemus
3287 4722 3464 4777 verbis
3485 4723 3529 4775 ‘.
3563 4722 3684 4778 Non

2093 4825 2200 4874 tam
2228 4819 2399 4872 eiaros
2423 4817 2544 4872 facit
2571 4831 2732 4887 reges,
2760 4814 2942 4870 hostes
2967 4816 3207 4879 vincere,
3248 4829 3405 4883 quam
3439 4813 3690 4868 animum

2095 4918 2147 4964 et
2177 4910 2307 4962 iram
2349 4923 2648 4976 superare:
2688 4906 2796 4960 illic
2843 4904 2987 4960 enim
3039 4919 3311 4958 armorum
3359 4913 3414 4957 et
3450 4903 3688 4957 militum

2094 5015 2228 5069 opus
2244 5000 2464 5070 geritur,
2486 4999 2570 5053 hic
2587 5014 2712 5052 vero
2730 5008 2874 5052 tuum
2887 4997 3052 5052 solius
3068 4997 3378 5065 simpliciter
3389 5005 3686 5064 tr0pteum,

2096 5100 2149 5145 et
2178 5090 2341 5145 habes
2373 5091 2660 5154 neminem,
2685 5089 2772 5159 qui
2807 5099 2978 5142 tecum
3001 5087 3276 5156 sapientia:
3300 5086 3526 5157 gloriam
3556 5102 3685 5155 par-

2099 5184 2274 5236 tiatur.
2319 5181 2591 5250 Snperasti
2649 5181 2932 5233 tumultum
2963 5178 3322 5241 barbaricum,
3373 5191 3573 5245 supera
3628 5185 3687 5230 et

2097 5274 2328 5326 animmn
2355 5272 2557 5340 regium
2586 5288 2600 5326 :
2626 5271 2831 5325 discant
2859 5283 3048 5325 omnes
3061 5268 3322 5331 infideles,
3360 5267 3504 5337 quod
3523 5265 3687 5321 Chri-

2096 5365 2163 5417 sti
2197 5366 2353 5417 timor
2373 5378 2586 5416 omuem
2619 5361 2907 5431 potentiam
2936 5360 3206 5414 refrenare
3233 5355 3689 5426 possit.Gloritica

2101 5455 2380 5510 Dominum
2411 5463 2578 5517 tuum,
2606 5453 2882 5508 conservis
2906 5460 3122 5521 peccata
3144 5449 3440 5511 dimittens,
3467 5457 3525 5501 ut
3567 5448 3688 5517 ipse

2097 5563 2309 5617 quoque
2341 5556 2390 5601 te
2429 5546 2596 5616 magis
2623 5544 2903 5614 glorificet,
2933 5552 2992 5597 ut
3017 5541 3306 5611 benignum
3331 5539 3428 5594 tibi
3454 5548 3510 5594 et
3538 5547 3688 5594 tran-

2163 5662 2178 5691 ι
2217 5659 2317 5718 Alii,
2342 5659 2384 5710 si
2406 5671 2515 5709 vero
2531 5672 2624 5708 non
2645 5654 2971 5708 consuluisset.

2165 5724 2185 5754 ³
2217 5717 2336 5773 Alii:
2365 5720 2560 5773 tuorum
2575 5733 2698 5772 nunc
2723 5719 2972 5771 verborum
2996 5717 3148 5770 locus.
