3892 6236
31 347 106 411 85
1067 358 1163 417 AD
1191 360 1522 420 POPULUM
1563 355 2065 420 ANTIOCHENUM
2106 363 2342 427 HOMIL.
2381 367 2473 427 Vl.
3438 369 3508 427 84

28 473 287 529 ἔκϐασιν
314 475 427 530 τοῦ
455 475 751 533 δύνασθαι
790 474 949 546 ὑμᾶς
980 477 1355 548 ὑπενεγκεῖν.
1386 477 1578 542 Αὐτὸς
1610 475 1717 547 γὰρ

1825 476 1991 547 φόϐον
2023 478 2244 545 ἐξέλυσε
2278 484 2374 538 καὶ
2409 484 2859 557 παρεμυθήσατο,
2907 484 3150 550 ἐκείνους
3194 501 3276 549 τε,
3316 483 3506 556 ὥσπερ

26 556 324 617 εἶπεν·οὐ
347 564 435 633 μή
466 579 542 617 σε
569 563 715 629 ἀνῶ,
742 565 870 619 οὐδ’
901 567 974 620 οὐ
999 566 1084 635 μή
1119 583 1194 620 σε
1216 566 1611 636 ἐγκαταλίπω.
1647 564 1710 618 Et
1817 564 1974 635 ἔφην,
2003 569 2145 624 κατά
2182 572 2357 642 μέσην
2392 556 2804 643 κατασχὼντὴν
2837 571 2977 640 ὁδὸν,
3021 572 3115 626 καὶ
3144 574 3270 636 τοὺς
3296 571 3508 626 ἐκεῖθεν

27 647 143 720 γὰρ
162 649 234 704 δι’
256 649 433 722 ἐργων
463 651 717 706 ἐϐούλετο
753 652 984 707 κολάσαι
1019 655 1115 708 καὶ
1143 653 1232 707 διὰ
1268 655 1366 725 τῆς
1394 653 1588 725 πείρας
1613 653 1714 705 αὑ-

22 736 150 807 τῆς.
185 739 290 793 οὐκ
322 738 391 793 ἀν
421 739 691 794 τοσούτων
729 740 955 811 ἡμερῶν
998 743 1317 812 παρέδωκεν
1358 742 1504 812 ἡμᾶς
1545 740 1713 809 φόϐῳ·

24 824 161 879 ὃταν
177 826 290 896 γάρ
314 829 388 900 μὴ
413 827 671 900 βούληται
690 828 962 894 κολάζειν,
987 829 1162 900 φοϐεῖ·
1184 829 1306 883 ἐπεὶ
1331 830 1380 881 εί
1404 826 1586 898 μέλλοι
1601 825 1718 898 [Ἱὸι

29 912 303 979 κολάζειν,
329 916 584 987 περιττὸς
604 918 633 970 ό
654 915 837 985 φόϐος,
860 915 1090 989 περιττὴ
1115 919 1148 989 ἡ
1178 916 1398 987 ἀπειλή·
1423 912 1518 968 νῦν
1540 914 1596 967 δέ
1621 931 1722 984 μυ-

30 1002 167 1072 ρίων
196 1003 594 1075 χαλεπωτέραν
628 1004 877 1059 θανάτων
905 1004 1225 1075 ὑπέστημεν
1254 1001 1420 1074 ζωὴν,
1446 1004 1504 1056 ἐν
1526 999 1723 1055 τοσαύ-

25 1106 152 1154 ταις
178 1092 418 1164 ἡμέραις
433 1092 730 1157 δεδοικότες
751 1093 847 1147 καὶ
867 1092 1187 1165 τρέμοντες,
1214 1090 1429 1154 καὶτὰς
1447 1088 1607 1151 σκιὰς
1625 1087 1725 1141 αὑ-

27 1179 128 1242 τὰς
157 1179 582 1246 ὑποπτεύοντες,
616 1181 710 1235 καὶ
737 1180 837 1253 τὴν
863 1180 958 1234 τοῦ
990 1181 1131 1234 Κάῖν
1159 1178 1398 1242 τίνοντες
1422 1177 1599 1247 δίκην,
1630 1175 1722 1229 καὶ

29 1265 95 1319 ἐκ
126 1267 305 1335 μέσου
333 1269 445 1322 τῶν
479 1267 665 1323 ὕπνων
693 1268 1076 1341 ἀναπηδῶντες
1104 1280 1130 1309 ο
1168 1267 1277 1322 ἀπὸ
1309 1266 1408 1338 τῆς
1440 1260 1722 1335 διηνεκοῦς

29 1353 295 1422 ἀγωνίας·
319 1355 459 1409 ὥστε
482 1358 531 1410 εί
551 1359 646 1411 καὶ
678 1356 1113 1429 παρωργίσαμεν
1134 1356 1227 1411 τὸν
1254 1355 1406 1417 Θεὸν,
1431 1350 1723 1417 ἐξιλεωσά-

32 1441 172 1510 μεθα
191 1442 293 1496 νῦν
315 1443 587 1515 τοσαύτην
616 1444 1011 1515 ὑπομείναντες
1038 1443 1136 1515 τὴν
1158 1442 1448 1515 τιμωρίαν.
1476 1437 1586 1494 Καὶ
1612 1436 1721 1508 γὰρ

27 1529 77 1581 εί
110 1529 211 1583 καὶ
244 1531 320 1602 μὴ
364 1531 475 1585 τῶν
514 1531 930 1603 ἁμαρτημάτων
966 1531 1124 1598 ἀξίαν
1150 1530 1434 1601 ἐδώκαμεν
1464 1531 1516 1569 δ’
1543 1528 1719 1598 δίκην,

26 1616 144 1669 ἀλλ’
170 1617 457 1687 ἀρκοῦσαν
481 1622 550 1691 τῇ
583 1620 675 1673 τοῦ
698 1620 834 1674 Θεοῦ
861 1619 1259 1691 φιλανθρωπίᾳ.

97 1702 163 1774 β’.
183 1706 305 1760 Οὐκ
320 1706 638 1760 ἐντεῦθενδέ
656 1707 836 1779 μόνον,
852 1706 986 1761 ἀλλά
1002 1708 1096 1761 καὶ
1111 1704 1377 1779 ἑτέρωθεν
1393 1702 1721 1775 πολλαχόθεν

24 1791 263 1865 θαρῤεἶν
292 1795 421 1866 χρή·
459 1794 580 1847 οὑδέ
600 1794 710 1867 γὰρ
741 1795 899 1864 ὀλίγα
926 1796 1058 1865 ἡμῖν
1086 1795 1318 1865 ἐνέχυρα
1341 1794 1448 1847 τῶν
1471 1791 1724 1865 χρηστῶν

21 1880 270 1934 ἐλπίδων
296 1882 495 1937 ἔδωκεν
516 1885 546 1937 ό
567 1883 701 1949 Θεὸς
723 1885 847 1956 ἢδη.
879 1886 989 1938 Καὶ
1018 1884 1235 1956 πρῶτον
1263 1886 1362 1957 μὲν
1388 1885 1649 1938 ἀπάντων
1673 1887 1722 1939 οί

20 1969 122 2041 τὴν
163 1972 419 2044 πονηρὰν
450 1974 771 2045 κομίζοντες
800 1974 1063 2044 ἀγγελίαν
1085 2014 1099 2039 ,
1136 1973 1444 2041 ἐξελθόντες
1473 1974 1721 2029 ἐντεῦθεν

23 2057 245 2112 καθάπε
254 2076 289 2130 ρ
302 2059 447 2125 τινές
463 2061 762 2134 ὑπόπτεροι
783 2063 876 2116 καὶ
888 2062 1056 2117 πάλαι
1074 2062 1484 2135 καταλήψεσθαι
1504 2063 1727 2136 προσδο-

23 2149 305 2216 κήσαντες
318 2147 381 2200 τὸ
401 2149 786 2220 στρατόπεδον,
811 2150 953 2203 κατά
973 2149 1146 2221 μέσην
1166 2150 1248 2203 ἐτι
1267 2150 1604 2222 διατρίϐουσι
1626 2151 1724 2223 τὴν

22 2232 168 2286 ὁδόν·
196 2233 445 2289 τοσαῦτα
465 2237 652 2301 αὑτοῖς
678 2236 980 2309 κωλύματα
1006 2239 1101 2290 καὶ
1121 2238 1354 2309 ἐμπόδια
1382 2238 1572 2306 γέγονε
1592 2279 1607 2301 ,
1632 2241 1725 2293 καὶ

22 2322 151 2385 τοὺς
171 2321 383 2388 ῖππους
402 2322 635 2393 ἀφέντες
652 2325 905 2396 ὀχήματα
926 2325 1207 2379 ἐλαύνουσι
1228 2323 1344 2388 νῦν,
1369 2324 1491 2377 ὅθεν
1511 2324 1724 2397 ἀνάγκη

27 2410 181 2463 πᾶσα
230 2408 574 2482 βραδυτέραν
614 2413 800 2477 αὑτοῖς
847 2412 1102 2481 γενέσθαι
1146 2411 1243 2482 τὴν
1292 2412 1471 2464 ἐκεῖσε
1520 2410 1723 2481 ἄφιξιν.

27 2497 254 2569 Ἐπειδὴ
290 2498 401 2569 γάρ
430 2499 527 2553 τὸν
563 2501 713 2570 ίερέα
748 2500 842 2555 τὸν
881 2500 1149 2572 ήμέτερον
1183 2500 1279 2554 καὶ
1307 2501 1485 2554 κοινὸν
1514 2503 1726 2573 πατέρα

24 2585 333 2657 ἀνέστησεν
351 2589 381 2640 δ
398 2587 531 2651 Θεὸς
550 2588 823 2651 ἐντεῦθεν,
847 2589 943 2642 καὶ
967 2589 1186 2642 ἔπεισεν
1210 2588 1487 2652 ἀπελθεῖν,
1512 2591 1726 2661 καὶτῆς

25 2673 332 2741 πρεσϐείας
378 2676 790 2746 συνεφάψασθαι
824 2676 1031 2749 ταύτης
1056 2719 1070 2743 ,
1103 2678 1333 2748 κατέσχε
1363 2676 1551 2732 λοιπὸν
1581 2677 1726 2732 ἐκεί-

22 2778 148 2826 νους
193 2764 343 2818 κατά
386 2764 562 2836 μέσην
604 2765 702 2836 τὴν
747 2764 886 2827 ὁδὸν,
935 2766 1023 2819 ἴνα
1072 2765 1147 2838 μὴ
1187 2765 1492 2836 φθάσαντες
1524 2766 1586 2819 τὸ
1614 2766 1727 2837 πῦρ

23 2849 302 2919 ἀνάψωσι.
345 2852 440 2906 καὶ
470 2852 549 2924 τῷ
590 2853 900 2924 διδασκάλῳ
940 2853 1128 2907 λοιπὸν
1161 2855 1420 2925 ἀνόνητον
1460 2855 1726 2924 ποιήσωσι

22 2939 121 3009 τὴν
148 2940 470 3012 διόρθωσιν.
511 2941 610 3004 τάς
647 2941 935 3011 βασιλικὰς
967 2944 1353 3016 ἐμπρήσαντες
1383 2943 1571 3008 ἀκοάς.
1607 2945 1726 2997 ’Ότι

19 3028 131 3099 γὰρ
166 3029 276 3084 οὑκ
314 3028 444 3082 ἀνευ
479 3027 615 3083 Θεοῦ
660 3030 723 3084 τὸ
767 3029 999 3102 κώλυμα
1039 3031 1254 3100 γέγονε,
1294 3030 1454 3103 δῆλον
1488 3030 1721 3085 ἐκεῖθεν·

23 3117 351 3190 ’Ἄνθρωποι
397 3119 494 3174 τὸν
533 3119 752 3175 ἅπαντα
788 3122 981 3193 χρόνον
1017 3121 1297 3186 τοιαύταις
1330 3121 1729 3194 συντραφέντες

28 3206 365 3276 ἀποδημίαις
385 3247 401 3270 ,
439 3208 532 3263 καὶ
559 3210 720 3263 τοῦτο
754 3212 782 3251 Β
817 3209 979 3282 ἔργον
1011 3210 1228 3281 ἔχοντες
1256 3210 1455 3273 ἵππους
1481 3209 1726 3264 ἐλαύνειν

25 3292 330 3363 διηνεκῶς,
374 3294 473 3349 νῦν
513 3297 606 3350 ὑπ’
650 3297 822 3369 αὑτῆς
874 3298 975 3368 τῆς
1020 3298 1287 3361 ἱππασίας
1350 3296 1726 3368 συντριδέντες

27 3381 377 3454 ὑστέρησαν,
420 3385 517 3437 καὶ
551 3384 777 3454 γέγονεν
822 3387 918 3439 ἀπ’
973 3386 1222 3450 ἐναντίας
1266 3388 1379 3450 τοῖς
1435 3384 1530 3438 τοῦ
1573 3385 1729 3440 Ἰωνᾶ

30 3470 327 3541 πράγμασι
353 3470 426 3524 τά
454 3472 739 3542 συμϐάντα
763 3471 879 3527 νῦν.
907 3473 1145 3527 Ἐκεῖνον
1167 3474 1267 3545 μὲν
1289 3473 1399 3545 γὰρ
1434 3472 1509 3545 μὴ
1541 3472 1728 3544 βουλό-

33 3575 193 3627 μενον
221 3559 485 3613 ἀπελθεῖν
511 3560 730 3630 ἧπειγε·
757 3563 978 3625 τούτους
1004 3561 1060 3615 δέ
1083 3560 1442 3632 βουλομένους
1473 3561 1728 3615 ἀπελθεῖν

30 3644 330 3700 ἐκώλυσεν.
366 3648 431 3700 Ὢ
459 3647 650 3701 καινοῦ
675 3648 769 3701 καὶ
797 3648 1101 3719 παραδόξου
1131 3649 1484 3719 πράγματοςί
1519 3650 1728 3713 ἐκεῖνος

29 3734 128 3786 οὑκ
148 3733 412 3788 ἐϐούλετο
443 3734 680 3806 κηρῦξαι
713 3737 1129 3806 καταστροφὴν,
1192 3737 1287 3789 καὶ
1327 3736 1529 3791 ἄκοντα
1564 3735 1727 3791 αὑτὸν

30 3821 354 3890 ἀνέστησεν·
393 3813 540 3875 οὗτοι
592 3821 731 3894 μετὰ
781 3822 975 3877 πολλοῦ
1022 3822 1118 3876 τοῦ
1161 3825 1360 3893 τάχους
1407 3821 1728 3876 σπεύδουσιν

31 3906 373 3975 ἀπαγγεῖλαι
429 3912 836 3981 καταστροφὴν,
887 3912 983 3963 καὶ
1032 3910 1266 3973 ἀκοντας
1316 3910 1515 3973 αὑτοὺς
1568 3907 1730 3961 πάλιν

32 3995 298 4051 ἐκώλυσε.
333 3998 399 4050 Τί
428 3998 664 4070 δήποτε;
693 4001 816 4055 Ὅτι
844 4000 1080 4054 ἐνταῦθα
1112 3999 1212 4070 μὲν
1243 3999 1305 4052 τὸ
1323 3999 1489 4069 τάχος
1511 3997 1725 4069 βλάϐος,

34 4085 149 4137 ἐκεῖ
174 4084 234 4138 δέ
261 4085 326 4139 τὸ
349 4085 517 4157 τάχος
540 4087 731 4158 κέρδος
750 4086 933 4159 ἔφερε·
960 4087 1046 4141 διὰ
1071 4086 1230 4141 τοῦτο
1261 4086 1513 4141 κάκεῖνον
1539 4085 1729 4156 ήπειξε

33 4173 119 4227 διὰ
147 4172 244 4227 τοῦ
270 4174 495 4247 κήτους,
519 4176 617 4229 καὶ
640 4175 730 4230 διά
750 4175 862 4231 τῶν
891 4177 1076 4239 ῖππων
1099 4175 1327 4239 τούτους
1355 4173 1725 4228 συνεπόδισεν.

47 4260 209 4332 Ὁρᾷς
260 4260 402 4314 Θεοῦ
449 4263 674 4332 σοφίαν;
721 4263 812 4317 διά
853 4263 963 4318 τῶν
1013 4264 1357 4335 πραγμάτων
1403 4261 1604 4321 αὑτῶν,
1654 4254 1730 4314 ὧν

36 4347 267 4413 ἕκαστος
308 4349 541 4420 ἤλπισεν
588 4350 772 4405 ἀνύειν
810 4351 872 4405 τὸ
919 4352 1280 4423 προκείμενον
1304 4363 1353 4417 ο,
1398 4349 1491 4403 διά
1528 4348 1731 4402 τούτων

40 4436 505 4509 συνεποδίσθησαν
530 4437 777 4504 ἕκαστος.
814 4441 1053 4503 Ἐκεῖνος
1080 4439 1170 4493 διὰ
1196 4439 1291 4492 τοῦ
1335 4438 1520 4493 πλοίου
1555 4453 1727 4509 προσ-

38 4525 267 4599 εδόκησε
306 4526 633 4597 πτήσεσθαι,
654 4527 832 4581 καὶτὸ
865 4527 1048 4581 πλοῖον
1082 4527 1232 4600 αὑτῷ
1263 4526 1462 4598 δεσμὸς
1491 4526 1729 4594 ἐγένετο·

36 4612 122 4665 διὰ.
150 4614 265 4667 τῶν
300 4614 485 4667 ἵππων
529 4609 674 4670 οὗτοι
713 4615 1122 4687 προσεδόκησαν
1166 4614 1465 4686 ταχύτερον
1502 4615 1730 4685 δψεσθαι

32 4700 127 4754 τὸν
166 4700 422 4771 βασιλέα,
457 4702 555 4756 καὶ⁵
581 4705 635 4756 οἱ
664 4703 819 4757 ἵπποι
844 4703 1133 4772 γεγόνασιν
1156 4703 1405 4774 κώλυμα·
1442 4702 1644 4774 μᾶλλον
1675 4704 1733 4757 δὲ

32 4786 131 4857 οὑχ
163 4790 215 4841 οί
245 4789 428 4851 ίπτοοι,
458 4790 650 4862 ὥσπερ
679 4787 773 4845 οὖν
814 4791 923 4845 οὐδ’
969 4791 1164 4862 ἐκείνῳ
1200 4791 1263 4845 τὸ
1304 4791 1506 4857 πλοῖον,
1544 4791 1659 4846 ἀλλ’
1700 4793 1733 4864 ή

32 4877 268 4947 «mu
295 4877 394 4931 τοῦ
423 4877 560 4931 Θεοῦ
590 4879 867 4951 πανταχοῦ
902 4880 1080 4933 πάντα
1111 4880 1249 4950 μετά
1278 4881 1378 4950 τῆς
1415 4879 1622 4943 οἰκείας
1653 4882 1733 4933 οἱ·

35 4966 353 5035 κονομοῦσα
380 4966 595 5037 σοφίας.
620 4967 733 5022 Καὶ
756 4968 948 5021 σκόπει
972 4968 1321 5040 κηδεμονίαν,
1346 4968 1465 5032 πῶς
1490 4969 1584 5022 καὶ
1610 4968 1738 5037 ἐφό-

34 5055 168 5127 ϐησε
196 5059 297 5110 καὶ
326 5057 690 5129 παρεκάλεσε.
725 5059 886 5133 Παρά
919 5059 1017 5131 μὲν
1039 5058 1149 5130 γάρ
1172 5058 1344 5130 αὑτὴν
1368 5057 1469 5130 τὴν
1497 5057 1736 5129 ἡμέραν,

35 5145 122 5197 ὅτε
147 5145 219 5199 τά
252 5144 553 5217 παράνομα
594 5146 865 5219 ἐτολμήθη
897 5146 1075 5200 πάντα
1110 5149 1311 5212 ἐκεῖνα,
1346 5148 1505 5215 ἀφεὶς
1536 5149 1735 5210 αὑτοὺς

38 5229 274 5297 ἐξελθεῖν
302 5233 383 5295 ὡς
411 5232 860 5303 ἀπαγγελοῦντας
889 5234 969 5306 τῷ
1004 5234 1215 5305 βασιλεῖ
1244 5234 1312 5288 τά
1349 5235 1735 5306 συμϐεϐηκότα

40 5318 276 5377 ᾶπαντα.
306 5320 391 5391 τῷ
422 5322 580 5392 τάχει
623 5323 724 5394 τῆς
759 5322 942 5387 ἐξόδου
985 5323 1194 5387 πάντας
1228 5321 1515 5394 ἐφόϐησεν·
1549 5323 1734 5396 ἐπειδὴ

40 5406 95 5459 ἢ
117 5408 385 5480 ἀπῆλθον,
417 5410 512 5464 καὶ
536 5408 629 5463 δύο
649 5411 744 5465 καὶ
762 5413 913 5482 τρεῖς
932 5410 1218 5483 ἀνήλωσαν
1241 5412 1475 5482 ἡμέρας.
1503 5412 1598 5465 καὶ
1624 5412 1736 5465 λοι-

50 5495 141 5548 τεὸν
175 5497 418 5567 ματαίαν
448 5493 586 5552 εἶναι
622 5497 946 5569 ἐνομίζομεν
980 5497 1074 5553 τοῦ
1113 5500 1305 5572 ἱερέως
1335 5498 1431 5553 τοῦ
1463 5499 1732 5573 ἡμετέρου

52 5581 141 5653 τὴν
166 5584 510 5658 ἀποδημίαν,
546 5583 686 5659 [76]
713 5586 790 5650 ώς
819 5584 1124 5657 ὑστερίζειν
1149 5585 1436 5658 μέλλοντος
1453 5626 1467 5649 ,
1497 5586 1619 5640 τότε
1640 5588 1732 5643 τὸν

108 5757 239 5823 {Sic
261 5759 581 5823 δενιιΝυιε.
607 5760 756 5809 ἀποπ-
788 5760 922 5810 Eon.

114 5820 159 5885 ξ’
171 5822 326 5885 Savll.
366 5820 554 5885 ἐδομενζ

110 5882 554 5952 ξ-Δηὶχρδνοντῆς
571 5887 698 5952 ζωῆς
720 5884 1117 5952 αὑτῶνλτοιαῦτα,
1141 5886 1384 5952 καὶτοῦτο
1410 5888 1585 5952 μόνοις.
1617 5887 1731 5940 κοι

110 5900 139 5922 υ
160 5900 253 5932 mn
292 5900 444 5948 _90vov
465 5900 554 5943 της
577 5900 698 5943 ςωης
720 5900 877 5934 αὑτων
898 5901 1117 5945 τοιαυτα,
1141 5900 1222 5937 και
1239 5904 1382 5937 τουτο

60 5943 239 6009 qv)th
261 5900 413 6007 ἆγον,
439 5953 494 5996 et
510 5945 636 5995 infra
660 5945 855 6002 τούτους
883 5946 932 5994 δὲ
956 5948 1280 6009 ἐπειγομένους
1297 5950 1382 5999 ἀπ.

117 6005 143 6038 ⁸
164 6005 337 6057 sane.
350 6009 776 6076 προσδοκώμενον,
791 6016 842 6059 ει
860 6024 929 6059 διε
942 6005 1126 6072 ιι-ειδὲε
1144 6005 1616 6077 videiurlnterpres.
1631 6011 1720 6065 En.

8 6124 33 6167 ι

1821 652 2251 724 ἀφικνουμένους
2277 658 2410 728 πρὸς
2434 660 2578 730 ἡμᾶς
2596 659 2684 714 διὰ
2704 660 2804 732 τῆς
2833 660 3006 730 αὐτῆς
3030 658 3151 714 ὁδοῦ
3185 659 3256 713 τὰ
3281 657 3509 713 ἐκείνων

1821 738 1970 810 πάθη
1997 743 2161 795 πᾶσιν
2189 744 2320 813 ἡμῖν
2354 745 2671 814 ἀναγγεῖλαι
2699 747 3156 818 παρασκευάσας,
3185 747 3275 801 ῖνα
3312 744 3510 818 μικρὸν

1820 825 2270 899 ἀναπνεύσωμεν·
2289 831 2427 902 ὅπερ
2445 828 2539 887 οὖν
2568 834 2663 887 καὶ
2682 833 2922 903 ἐγένετο,
2951 834 3047 888 καὶ
3069 833 3205 888 πολὺ
3236 833 3338 903 τῆς
3360 834 3511 902 ἀγω-

1820 912 1940 977 νίας
1981 914 2297 986 ἀπεθέμεθα
2346 917 2535 990 μέρος.
2573 919 2761 975 Ταῦτα
2801 921 3153 985 ἀκούσαντες,
3201 921 3293 976 τὸν
3333 919 3510 975 ταῦτα

1823 1000 2127 1072 ποιήσαντα
2168 1007 2658 1078 προσεκυνήσαμεν
2701 1007 2835 1062 Θεὸν
2872 1009 2949 1072 ὡς
2991 1009 3246 1081 πατέρων
3288 1008 3510 1064 πάντων

1794 1088 2321 1170 φιλοστοργότερον·
2353 1094 2449 1147 καὶ
2473 1094 2567 1148 νῦν
2594 1095 2664 1149 τά
2685 1094 2806 1149 καθ’
2826 1097 2975 1167 ἡμᾶς
2992 1097 3242 1168 διέθηκεν
3271 1095 3507 1158 ἅπαντα.

1821 1176 2040 1249 ἀοράτῳ
2070 1181 2176 1232 τινὶ
2207 1180 2434 1253 δυνάμει
2467 1185 2595 1246 τοὺς
2651 1185 2914 1253 πονηροὺς
2955 1183 3179 1248 τούτους
3222 1182 3513 1255 κατασχὼν

1822 1265 2110 1333 ἀγγέλους,
2146 1268 2238 1321 καὶ
2276 1271 2556 1342 μονονουχὶ
2579 1269 2779 1340 λέγων·
2812 1273 2878 1325 Τί
2899 1271 3263 1338 σπεύδετε;τί
3284 1272 3339 1325 δέ
3361 1272 3495 1325 ἐπεί-

1823 1353 1987 1421 γεσθε
2018 1353 2171 1409 πόλιν
2199 1355 2455 1429 τοιαύτην
2491 1358 2908 1424 καταποντίζειν
2948 1361 3269 1431 μέλλοντες;
3303 1360 3377 1433 μὴ
3402 1360 3511 1434 γὰρ

1823 1440 2118 1509 εὐαγγέλια
2148 1443 2406 1515 κομίζετε
2447 1445 2526 1517 τῷ
2564 1446 2805 1517 βασιλεῖς
2850 1448 3058 1502 Μένετε
3086 1448 3275 1511 αὑτοῦ,
3314 1447 3422 1512 ἕως
3448 1441 3512 1500 οῦ

1822 1526 1916 1580 τὸν
1945 1526 1975 1564 ά
2008 1527 2315 1600 θεράποντα
2340 1531 2433 1585 τὸν
2456 1533 2610 1601 ἐμὸν,
2633 1533 2886 1606 καθάπερ
2916 1534 3101 1605 ίατρὸν
3129 1534 3373 1606 ἄριστον,
3400 1550 3512 1588 πα-

1827 1615 2151 1686 ρασκευάσω
2178 1616 2382 1686 φθάσαι
2414 1619 2619 1672 καὶτὸν
2643 1621 2906 1692 ὑμέτερον
2928 1620 3369 1692 προκαταλαϐεῖν
3386 1620 3512 1692 δρό-

1828 1717 1948 1771 μον.
1981 1701 2046 1757 Εί
2073 1702 2130 1756 δέ
2157 1705 2215 1757 ἐν
2243 1706 2387 1778 ἀρχῇ
2425 1706 2533 1779 τοῦ.
2552 1707 2653 1778 τῆς
2685 1709 3034 1780 παρανομίας
3058 1707 3250 1774 ἐλκους
3278 1706 3513 1779 τοσαύτη

1827 1786 2057 1855 πρόνοια
2097 1788 2312 1857 γέγονε,
2356 1791 2538 1863 πολλῷ
2571 1793 2787 1864 ⁴μᾶλλον
2840 1795 2981 1865 μετά
3029 1794 3127 1866 τὴν
3158 1794 3513 1866 ἐπιστροφὴν,

1828 1874 1968 1944 μετά
2002 1875 2102 1945 τὴν
2134 1878 2444 1947 μετάνοιαν,
2476 1880 2616 1950 μετά
2641 1881 2733 1935 τὸν
2762 1882 3016 1935 τοσοῦτον
3048 1881 3234 1951 φόϐον,
3270 1880 3410 1952 μετά
3447 1884 3513 1934 τά

1824 1963 2037 2036 δάκρυα
2062 1966 2271 2031 καὶτὰς
2290 1968 2458 2039 εὑχάς
2481 1970 2725 2036 πλείονος
2747 1971 3171 2043 ἀπολαυσόμεθα
3190 1971 3290 2041 τῆς
3310 1970 3513 2032 ἀδείας.

1839 2051 1897 2105 ὐ
1927 2053 2026 2123 μὲν
2058 2054 2169 2125 γὰρ
2197 2055 2382 2120 Ἰωνᾶς
2422 2059 2648 2122 είκύτως
2688 2057 3071 2130 συνηλαύνετο,
3113 2059 3201 2113 ἵνα
3236 2061 3319 2123 είς
3355 2059 3506 2129 μετά-

1825 2157 1976 2194 νοιαν
2000 2141 2237 2215 ἐμϐάλῃ,
2271 2145 2432 2215 ὑμεῖς
2468 2146 2526 2199 δέ
2558 2146 2660 2218 ἥδη
2702 2146 2801 2218 τὴν
2843 2147 3133 2218 μετάνοιαν
3166 2146 3518 2212 ἐπεδείξασθε

1826 2229 1922 2283 καὶ⁵
1949 2231 2153 2303 πολλὴν
2190 2232 2294 2304 τὴν
2334 2235 2693 2306 ἐπιστροφήν·
2739 2236 2821 2290 διὸ
2862 2236 2958 2290 καὶ
2999 2235 3402 2306 παρακλήσεως
3435 2234 3519 2288 δεῖ

1825 2317 2032 2383 λοιπὸν,
2061 2321 2161 2373 οὑκ
2186 2320 2447 2390 ἀγγελίας
2469 2322 2699 2394 ἀπειλὴν
2721 2323 2973 2396 ἐχούσης.
3002 2322 3104 2378 Διά
3121 2321 3283 2377 τοῦτο
3304 2324 3399 2378 καὶ
3424 2324 3519 2377 τὸν

1828 2405 2007 2459 κοινὸν
2041 2406 2297 2460 ἐντεῦθεν
2330 2408 2596 2482 ἀνέστησε
2625 2410 2858 2482 πατέρα,
2896 2410 3076 2466 καίτοι
3108 2409 3321 2464 πολλῶν
3348 2410 3519 2464 όντων

1825 2492 1936 2544 τῶν
1971 2493 2310 2548 κωλυόντων·
2341 2498 2391 2549 εί
2418 2496 2477 2549 δὲ
2510 2495 2584 2569 μὴ
2611 2499 2855 2569 ἐφείδετο
2896 2500 2996 2570 τῆς
3032 2509 3058 2538 ⁸
3097 2498 3376 2570 σωτηρίας
3418 2497 3518 2570 τῆς

1825 2581 2123 2653 ἡμετέρας,
2157 2582 2258 2635 οὑκ
2292 2584 2359 2636 ἂν
2390 2584 2597 2638 ἐκεῖνον
2621 2584 2863 2653 ἔπεισεν,
2899 2584 3037 2641 ἀλλά
3068 2586 3164 2639 κα)⁸
3196 2584 3520 2657 βουλόμενον

1826 2670 2062 2737 ἐξελθεῖν
2095 2671 2368 2727 ἐκώλυσεν
2398 2674 2483 2729 ἀν.

1901 2766 1967 2829 γ.
2007 2762 2155 2831 Ἔχω
2184 2778 2237 2815 τι
2263 2763 2358 2816 καὶ
2406 2763 2590 2835 τρίτον
2622 2766 2796 2819 εἰπεῖν
2831 2765 3130 2837 δυνάμενον
3153 2766 3298 2838 ὑμᾶς
3334 2767 3520 2822 πεῖσαι

1828 2847 2071 2921 θαρρεῖν,
2091 2851 2191 2922 τὴν
2214 2853 2496 2923 παροῦσαν
2518 2853 2734 2924 ἑορτὴν,
2760 2854 2827 2925 ἢν
2853 2855 2946 2907 καὶ
2979 2853 3200 2909 ἄπιστοι
3242 2854 3520 2909 αἰδοῦνται

1828 2937 2014 3008 σχεδὸν
2045 2939 2266 3003 πάντες,
2289 2942 2356 3010 ἣν
2381 2940 2477 2994 καὶ
2510 2941 2672 3005 αὑτὸς
2696 2944 2725 2996 ὁ
2757 2941 3011 3015 θεοφιλὴς
3058 2944 3311 3014 βασιλεὺς
3343 2943 3519 3008 οὑτως

1825 3026 2024 3098 ᾐδέσθη
2061 3029 2155 3082 καὶ
2181 3028 2461 3100 ἐτίμησεν,
2489 3029 2567 3093 ὼς
2589 3029 2835 3095 ἅπαντας
2878 3033 3005 3095 τοὺς
3042 3033 3150 3105 πρὸ
3189 3032 3355 3086 αὑτοῦ
3400 3034 3520 3104 μετ’

1826 3115 2110 3180 εὐσεϐείας
2163 3118 2544 3188 κρατήσαντας
2598 3118 3002 3189 ὑπερϐαλέσθαι
3067 3120 3356 3190 βασιλέας.
3427 3120 3520 3174 Ἐν

1825 3203 2053 3269 ταύταις
2081 3203 2213 3274 γοῦν
2240 3208 2361 3269 ταῖς
2389 3206 2625 3277 ἡμέραις
2665 3206 2888 3278 πέμψας
2932 3208 3221 3279 ἐπιστολὴν
3249 3210 3328 3272 είς
3353 3208 3521 3279 τιμὴν

1825 3291 1926 3361 τῆς
1984 3293 2200 3364 ἑορτῆς.
2250 3295 2378 3357 τοὺς
2443 3294 2504 3347 τὸ
2557 3294 2933 3366 δεσμωτήριον
2991 3296 3278 3360 οἰκοῦντας
3330 3296 3519 3366 σχεδὸν

1828 3380 2041 3451 ἀφῆκεν
2082 3379 2382 3444 ἀπαντας··
2410 3382 2504 3435 καὶ
2565 3381 2769 3453 ταύτην
2828 3385 2857 3436 ό
2923 3385 3101 3453 ἱερεὺς
3159 3386 3188 3437 ὁ
3248 3383 3518 3455 ἡμέτερος

1826 3466 2087 3521 εἰσελθὼν
2114 3468 2485 3537 ἀναγνώσεται
2518 3470 2618 3538 τὴν
2648 3470 2938 3541 ἐπιστολὴν
2972 3471 3109 3541 πρὸς
3140 3472 3232 3523 τὸν
3264 3469 3515 3541 βασιλέα,

1827 3555 1924 3608 καὶ
1948 3555 2057 3609 τῶν
2083 3557 2298 3610 οἰκείων
2327 3558 2489 3611 αὑτὸν
2530 3559 2837 3630 ἀναμνήσει
2877 3559 3080 3631 νόμιον,
3112 3563 3205 3613 καὶ
3236 3561 3355 3631 ἐρεῖ
3381 3560 3519 3631 πρὸς

1827 3645 2012 3708 αὑτὸν,
2071 3647 2153 3699 ὅτι
2210 3647 2284 3699 Σὺ
2338 3647 2533 3700 σαυτὸν
2580 3646 2995 3719 παρακάλεσον,
3054 3651 3148 3702 καὶ
3195 3646 3265 3701 τά
3318 3647 3517 3702 σαυτοῦ

1832 3731 2109 3805 μέμνησο·
2150 3732 2363 3788 οίκοθεν
2398 3732 2543 3804 ἔχεις
2575 3734 2635 3787 τὸ
2675 3735 3027 3806 παράδειγμα
3068 3733 3172 3805 τῆς
3210 3733 3518 3807 φιλανθρω-

1829 3821 1991 3884 πίας·
2026 3820 2234 3875 δίκαιον
2262 3822 2360 3892 οὑχ
2389 3822 2534 3874 εἵλου
2561 3821 2785 3893 ποιῆσαι
2819 3822 2999 3890 φόνον,
3035 3822 3130 3874 καὶ
3163 3821 3347 3875 ἄδικον
3380 3824 3512 3875 ὑπο-

1830 3910 2015 3978 μενεῖς
2071 3908 2448 3979 ἐργάσασθαι;
2512 3909 2638 3972 τοὺς
2695 3908 3092 3980 ἐληλεγμένους
3158 3909 3252 3962 καὶ
3300 3909 3519 3962 καταδι-

1829 3995 2132 4060 κασθέντας
2180 3997 2280 4068 τὴν
2335 3997 2528 4069 ἑορτὴν
2588 3996 2859 4061 αἰδεσθεὶς
2915 3997 3169 4067 ἀφῆκας,
3232 3999 3325 4051 καὶ
3388 3999 3518 4062 τοὺς

1829 4082 2155 4147 ἀνευθύνους
2192 4085 2286 4137 καὶ
2318 4084 2484 4155 μηδὲν
2526 4084 2931 4156 τετολμηκότας
2978 4088 3350 4156 κατακρινεῖς,
3388 4086 3516 4139 είπέ

1834 4188 1945 4242 μοι,
1975 4170 2266 4225 καὶταῦτα
2299 4172 2397 4242 τῆς
2430 4173 2624 4243 ἐορτῆς
2664 4172 2975 4243 παρούσης;
3019 4173 3321 4243 Μηδαμῶς.
3357 4173 3517 4245 βασι·

1830 4260 1944 4313 λεῦ.
1981 4262 2053 4314 Σὺ
2099 4260 2188 4314 διά
2223 4261 2324 4330 τῆς
2365 4260 2654 4331 ἐπιστολῆς
2702 4260 2906 4332 ταύτης
2956 4260 3341 4332 διαλεγόμενος
3394 4266 3517 4327 ταῖς

1832 4347 2021 4401 πόλεσι
2066 4348 2266 4412 πάσαις
2295 4348 2481 4418 ἔλεγες
2509 4365 2524 4379 ·
2576 4347 2703 4401 Εῖθε
2760 4365 2850 4420 μοι
2901 4347 3127 4403 δυνατὸν
3158 4345 3227 4421 ἦν
3268 4350 3362 4404 καὶ
3388 4350 3517 4415 τοὺς

1831 4436 2061 4508 νεκροὺς
2091 4436 2395 4505 ἀναστῆσαι
2438 4435 2483 4490 τ.
2537 4435 2753 4507 Ταύτης
2799 4437 3031 4508 δεόμεθα
3073 4438 3170 4509 τῆς
3212 4438 3518 4509 φιλανθρω-

1834 4527 1984 4591 πίας,
2024 4526 2229 4580 τούτων
2255 4525 2487 4596 δεόμεθα
2516 4526 2626 4579 τῶν
2666 4524 2927 4597 ῥημάτων
2967 4525 3082 4581 νῦν.
3124 4527 3236 4596 Οὑχ
3269 4526 3414 4581 οὕτω
3453 4528 3517 4581 τὸ

1834 4616 2110 4687 κρατῆσαι
2143 4614 2418 4684 πολεμίων
2446 4613 2733 4685 λαμπροὺς
2771 4617 2917 4667 ποιεῖ
2946 4615 3072 4677 τοὺς
3107 4614 3515 4683 βασιλεύοντας,

1835 4704 1911 4767 ώς
1951 4703 2011 4756 τὸ
2058 4703 2329 4774 κρατῆσαι
2367 4701 2540 4773 θυμοῦ
2578 4703 2674 4756 καί
2716 4702 2913 4774 ὀργῆς·
2959 4705 3074 4755 ἐκεῖ
3114 4702 3213 4773 μὲν
3254 4703 3364 4776 γάρ
3407 4704 3517 4757 τῶν

1835 4792 2016 4846 ὅπλων
2048 4793 2140 4845 καὶ
2170 4792 2278 4846 τῶν
2310 4790 2659 4863 στρατιωτῶν
2691 4791 2754 4844 τὸ
2796 4791 3127 4864 κατόρθωμα
3158 4792 3389 4861 γίνεται,
3424 4794 3516 4846 ἐν·

1836 4881 2010 4935 ταὺθα
2045 4882 2103 4935 δὲ
2131 4881 2336 4952 γυμνὸν
2362 4881 2453 4935 σόν
2475 4883 2592 4935 ἐστι
2619 4881 2683 4934 τὸ
2704 4881 2983 4952 τρόπαιον,
3021 4882 3113 4934 καὶ
3144 4881 3336 4936 οὐδένα
3371 4881 3517 4953 ἐχεις

1837 4970 1929 5023 τὸν
1961 4968 2316 5041 μεριζόμενον
2365 4969 2503 5040 μετά
2549 4967 2644 5022 σοῦ
2687 4967 2788 5040 τὴν
2828 4969 2926 5039 τῆς
2974 4968 3293 5040 φιλοσοφίας
3333 4969 3512 5036 δόξαν.

1850 5058 2190 5130 Ἐκράτησας
2221 5055 2462 5128 πολέμου
2512 5055 2871 5129 βαρϐαρικοῦ,
2904 5057 3179 5128 κράτησον
3218 5059 3313 5112 καὶ
3341 5057 3515 5129 θυμοῦ

1840 5146 2119 5218 βασιλικοῦ
2141 5163 2154 5177 ·
2195 5144 2515 5217 μαθέτωσαν
2541 5148 2591 5199 οἱ
2631 5147 2850 5201 ἄπιστοι
2882 5147 3084 5211 πάντες
3110 5147 3194 5200 ὅτι
3220 5149 3249 5200 ό
3268 5145 3362 5200 τοῦ
3387 5147 3518 5218 Χρι-

1838 5236 1967 5290 στοῦ
1994 5237 2158 5306 φόϐος
2177 5237 2360 5290 πᾶσαν
2380 5236 2628 5302 ἐξουσίαν
2648 5235 2871 5290 δύναται
2908 5235 3159 5307 χαλινοῦν
3175 5254 3186 5264 ·
3221 5236 3336 5308 [77]
3366 5233 3517 5300 δόξα-

1838 5326 1932 5380 σόν
1957 5343 2049 5379 σου
2080 5327 2173 5380 τὸν
2201 5326 2630 5397 Δεσπότην,τοῖς
2650 5324 2954 5389 συνδούλοις
2985 5325 3147 5394 ἀφεὶς
3175 5326 3241 5378 τά
3271 5325 3516 5397 ἁμαρτή-

1841 5431 2004 5486 ματα.
2036 5414 2124 5468 ῖνα
2154 5415 2248 5470 καὶ
2272 5414 2435 5478 αὑτός
2467 5430 2527 5467 σε
2553 5411 2753 5487 δοξάσῃ
2780 5412 3061 5485 μειζόνως,
3090 5412 3176 5466 ἵνα
3196 5412 3407 5483 ἥμερόν
3429 5429 3515 5468 σοι

1835 5504 1980 5557 κατὰ
2005 5504 2104 5573 τὴν
2132 5503 2230 5574 τῆς
2252 5502 2486 5574 κρίσεως
2518 5501 2730 5573 ἡμέραν
2760 5500 2906 5573 δείξῃ
2940 5500 3001 5554 τὸ
3024 5499 3179 5570 ὄμμα
3208 5500 3306 5554 καὶ
3339 5501 3513 5574 γαλη-

1832 5593 1945 5657 νὸν,
1985 5592 2189 5661 ταύτης
2215 5591 2563 5662 μεμνημένος
2604 5607 2698 5642 σου
2735 5588 2838 5659 τῆς
2870 5586 3300 5659 φιλανθρωπίας.
3326 5589 3514 5644 Ταῦτα

1834 5683 1930 5737 καὶ
1963 5679 2184 5735 πλείονα
2215 5678 2421 5733 τούτων
2447 5679 2581 5749 ἐρεῖ,
2610 5678 2705 5730 καὶ
2737 5677 2954 5740 πάντως
2991 5677 3139 5748 ἡμᾶς
3168 5676 3512 5751 ἐξαιρήσεται

1897 5817 1924 5857 ά
1949 5820 2048 5870 Alii
2070 5820 2161 5876 ἔως
2180 5819 2237 5866 ἂν
2256 5817 2354 5865 τόν.

1906 5884 1924 5943 ῗ
1947 5882 2047 5932 Alii
2070 5883 2111 5930 εἰ
2135 5882 2187 5931 δέ
2211 5881 2274 5941 μή
2300 5878 2495 5936 ἐκήδετο
2522 5883 2621 5936 τῆς·
2960 5942 2963 5943 ν
3281 5937 3316 5943 ,-
3440 5935 3469 5943 ..

1901 5942 1919 6009 ί
1948 5943 2100 5992 Savil.
2126 5948 2181 6009 εί
2201 5936 2374 6009 inagna
2395 5951 2504 6009 pays
2528 5952 2641 6009 mss:
2667 5943 2775 6002 τοὺς
2795 5942 3077 5999 ἀπελθόντας
3097 5943 3261 5991 ἀναστ.
3278 5937 3386 5988 Mox
3407 5936 3491 5987 alii

1836 6005 2017 6057 τούτων
2041 6003 2203 6068 καιρὸς
2222 6001 2317 6051 τῶν
2352 6001 2572 6066 ῥημάτων
2592 6001 2689 6050 νῦν.
