3932 6222
402 328 472 384 85
1228 329 1287 384 S.
1327 326 1616 384 JOANNIS
1653 327 2144 386 CIIIWSOSTOMI
2183 331 2508 388 ARCHIEP.
2550 325 3104 387 CONSTANTINOP.
3789 327 3858 382 86

408 446 496 515 τῆς
515 445 703 516 ὀργῆς.
728 445 841 498 Οὐκ
873 447 954 508 εἰς
988 445 1047 497 τὸ
1089 444 1272 497 πεῖσαι
1305 443 1364 496 δέ
1405 443 1562 514 μόνον
1597 443 1686 496 τὸν
1722 443 1942 514 βασιλέα
1974 462 2071 515 με-

399 533 558 601 γίστη
589 533 738 604 παρά
758 533 858 602 τῆς
880 532 1132 605 νηστείας
1153 530 1356 602 ταύτης
1382 533 1514 601 ἡμῖν
1545 533 1576 601 ἡ
1606 532 1911 602 συμμαχία,
1938 531 2074 585 ἀλλά

400 619 492 672 καὶ
529 621 609 684 εἰς
647 621 704 672 τὸ
737 621 996 687 γενναίως
1026 621 1266 686 ἐνεγκεῖν
1300 617 1369 670 τά
1399 619 1762 688 συμϐαίνοντα
1787 635 1800 648 ·
1840 619 1932 673 καὶ
1965 619 2073 691 γάρ

400 707 744 778 παράκλησιν
771 707 832 758 οὑ
851 707 950 775 τὴν
972 706 1241 775 τυχοῦσαν
1267 705 1374 757 ἀπὸ
1394 705 1489 758 τοῦ
1512 706 1706 776 καιροῦ
1732 706 1922 760 τούτου
1947 724 2074 777 καρ-

399 794 666 864 πούμεθα,
708 793 847 846 Αὐτὸ
887 793 994 864 γὰρ
1029 793 1089 845 τὸ
1125 793 1248 846 καθ’
1296 794 1531 862 ἐκάστην
1575 794 1788 864 ἡμέραν
1822 793 2073 862 συλλέγε-

398 882 542 946 σθαι,
573 884 664 935 καὶ
692 884 788 952 τῆς
812 882 918 934 τῶν
959 882 1117 934 θείων
1156 881 1384 952 Γραφῶν
1416 881 1731 951 ἀκροάσεως
1756 881 2068 947 ἀπολαύειν,

396 972 489 1024 καὶ
537 971 798 1041 ἀλλήλους
849 970 1095 1040 βλέπειν,
1138 971 1232 1024 καὶ
1273 969 1410 1040 πρὸς
1456 970 1719 1039 ἀλλήλους
1761 969 2068 1042 ὀδύρεσθαι,

396 1059 487 1110 καὶ
516 1059 840 1128 εὐχομένους
871 1060 966 1111 καὶ
999 1057 1250 1126 εὐλογίας
1291 1057 1634 1129 δεχομένους.
1676 1058 1849 1122 οὑτως
1886 1058 2070 1112 οἶκαδε

391 1145 634 1212 ἀπιέναι,
681 1147 743 1198 τὸ
781 1147 940 1200 πλέον
980 1149 1114 1217 ἡμῖν
1161 1147 1526 1216 ὑποτέμνεται
1573 1148 1673 1216 τῆς
1725 1146 1937 1217 ὀδύνης.
1978 1145 2070 1217 Μὴ

390 1233 568 1286 τοίνυν
604 1236 1026 1304 καταπέσωμεν,
1067 1234 1202 1304 μηδέ
1242 1233 1528 1304 προδῶμεν
1562 1235 1788 1296 ἑαυτοὺς
1831 1233 1937 1287 ὑπὸ
1971 1234 2071 1305 τῆς

390 1322 651 1388 ἀγωνίας,
695 1321 832 1375 ἀλλά
877 1323 1128 1392 μένωμεν
1161 1321 1229 1374 τὰ
1259 1320 1474 1392 χρηστά
1515 1320 1939 1393 προσδοκῶντες,
1976 1321 2066 1374 καὶ

391 1409 749 1480 προσέχωμεν
781 1411 894 1471 τοῖς
928 1409 1261 1478 ῥηθήσεσθαι
1295 1407 1568 1478 μέλλουσι.
1601 1411 1710 1462 Καὶ
1742 1410 1852 1479 γὰρ
1885 1408 2071 1478 βούλο-

393 1513 491 1566 μαι
517 1498 754 1568 σήμερον
788 1497 917 1568 περὶ
944 1496 1244 1568 ὑπεροψίας
1273 1497 1503 1550 θανάτου
1532 1497 1881 1568 διαλεχθῆναι
1906 1510 1932 1538 ι
1967 1497 2070 1551 πά-

390 1583 490 1638 λιν.
539 1581 707 1638 Εἶπον
739 1586 866 1656 χθὲς
908 1587 1035 1656 ὑμῖν
1075 1586 1157 1638 ὃτι
1193 1585 1285 1638 τὸν
1332 1586 1560 1640 θάνατον
1592 1587 1932 1658 δεδοίκαμεν,
1967 1588 2068 1640 οὐκ

389 1674 574 1743 ἐπειδὴ
606 1673 834 1744 φοϐερός
865 1676 1011 1726 ἐστιν
1033 1674 1264 1736 ἐκεῖνος,
1290 1673 1404 1726 ἀλλ’
1438 1675 1626 1744 ἐπειδὴ
1651 1673 1761 1727 οὔθ’
1783 1676 1812 1727 6
1839 1675 1936 1743 τῆς
1973 1674 2068 1745 βα-

390 1759 590 1823 σιλείας
615 1761 760 1830 ἡμᾶς
791 1759 930 1830 ἔρως
956 1759 1181 1829 ἀνῆψεν,
1206 1759 1329 1813 οὔτε
1350 1763 1377 1815 6
1395 1761 1496 1832 τῆς
1515 1761 1739 1832 γεέννης
1755 1761 1918 1831 φόϐος
1938 1779 2069 1814 κατ-

386 1847 565 1917 έσχεν,
609 1850 702 1900 καὶ
737 1848 876 1918 πρὸς
921 1847 1155 1911 τούτοις,
1191 1849 1273 1900 ὅτι
1317 1848 1380 1901 τὸ
1421 1849 1659 1911 συνειδὸς
1723 1849 1825 1902 οὑκ
1871 1848 2066 1918 έχομεν

387 1934 612 2002 ἀγαθόν.
639 1936 903 1989 Βούλεσθε
931 1936 1026 1990 καὶ
1052 1936 1319 2008 τετάρτην
1347 1936 1488 1990 είπω
1510 1937 1688 1991 αίτίαν
1715 1937 1813 2008 τῆς
1837 1938 2065 2008 ἀκαίρου

385 2022 586 2094 ταύτης
616 2023 854 2092 ἀγωνίας
891 2025 991 2077 οὐκ
1021 2024 1299 2086 ἐλάττονα,
1333 2025 1442 2078 τῶν
1471 2025 1752 2096 προτέρων
1773 2024 2066 2096 ἀληθεστέ-

390 2127 520 2180 ρανς
560 2112 634 2165 Οὐ
666 2112 848 2182 ζῶμεν
885 2113 1023 2182 μετά
1049 2113 1151 2182 τῆς
1173 2113 1558 2184 προσηκούσης
1586 2117 1700 2177 τοῖς
1721 2115 2067 2186 Χριστιανοῖς

386 2199 832 2268 σκληραγωγίας,
866 2200 1004 2254 ἀλλά
1035 2199 1126 2252 τὸν
1159 2201 1326 2271 ὑγρὸν
1354 2200 1544 2254 τοῦτον
1565 2203 1657 2255 καὶ
1683 2201 2066 2272 διαλελυμένον

385 2288 476 2339 καὶ
504 2287 699 2356 χαῦνον
725 2285 1077 2358 ἐζηλὼσαμεν
1115 2287 1259 2358 βίον
1287 2288 1366 2342 6:6
1393 2289 1488 2342 καὶ
1516 2290 1744 2354 εἰκότως
1770 2293 1884 2355 τοῖς
1921 2308 2065 2362 παρ-

379 2372 532 2427 οῦσιν
564 2374 1049 2447 ἐμφιλοχωροῦμεν
1073 2375 1418 2446 πράγμασιν.

462 2462 550 2524 Ὠς
589 2464 648 2516 εἴ
685 2479 749 2531 γε
794 2464 852 2514 ἐν
893 2464 1168 2532 νηστείαις
1208 2463 1304 2516 καὶ
1353 2464 1643 2535 παννυχίσι
1697 2466 1792 2518 καὶ
1820 2464 2066 2538 εὐτελείᾳ

377 2550 590 2621 διαίτης
618 2553 717 2622 τὴν
744 2552 888 2622 ζωήν
907 2551 1197 2622 διηνύομεν
1218 2551 1445 2622 ταύτην,
1468 2553 1566 2615 τὰς
1590 2541 1884 2622 ἐπιθυμίας
1905 2555 1937 2618 ἡ
1947 2553 2065 2623 μῶν

380 2639 739 2702 ἐκκόπτοντες
778 2639 876 2702 τάς
911 2638 1165 2704 ἀτόπους,
1205 2638 1304 2702 τὰς
1336 2637 1530 2708 ἡδονὰς
1581 2639 1898 2704 κωλύοντες,
1938 2640 2066 2703 τούς

383 2725 613 2796 ἱδρῶτας
645 2727 746 2796 τῆς
780 2727 981 2797 ἀρετῆς
1010 2726 1398 2797 ὑπομένοντες,
1439 2727 1581 2781 κατά
1607 2727 1697 2780 τὸν
1725 2729 1936 2782 Παύλου
1973 2729 2064 2780 λό-

384 2831 480 2883 γον
515 2819 562 2855 ι⁹
600 2815 988 2878 ὑποπιέζοντες
1015 2815 1075 2868 τὸ
1111 2814 1271 2885 σῶμα
1313 2815 1407 2868 καὶ
1445 2814 1938 2883 δουλαγωγοῦντες,
1964 2818 2064 2886 τῆς

380 2903 582 2974 σαρκὸς
608 2903 862 2973 πρόνοιαν
897 2904 970 2975 μὴ
997 2901 1308 2973 ποιούμενοι
1349 2905 1428 2966 εἰς
1461 2902 1782 2973 ἐπιθυμίας,
1810 2903 1908 2974 τὴν
1942 2922 2065 2957 στε-

379 2990 475 3061 νὴν
515 2991 610 3044 καὶ
655 2991 1026 3062 τεθλιμμένην
1081 2991 1199 3045 ὁδὸν
1246 2989 1544 3055 ὁδεύοντες,
1592 2991 1805 3062 ταχέως
1853 2991 1920 3045 ἂν
1955 2993 2064 3046 τῶν

381 3078 682 3148 μελλόντων
715 3077 1165 3149 ἐπεθυμήσαμεν,
1197 3076 1306 3130 τῶν
1339 3076 1624 3149 παρόντων
1674 3077 1852 3132 πόνων
1888 3079 2063 3133 ἀπαλ-

377 3165 610 3237 λαγῆναι
638 3167 978 3230 σπεύδοντες.
1011 3166 1118 3219 Καὶ
1143 3167 1225 3219 ὄτι
1259 3166 1317 3218 οὑ
1355 3165 1554 3237 ψευδὴς
1583 3169 1610 3220 6
1631 3167 1787 3234 λόγος
1814 3168 1842 3219 6
1865 3168 2064 3238 ἡμέτε-

381 3270 492 3324 ρος,
523 3253 754 3324 ἀνάϐηθι
789 3253 926 3324 πρὸς
962 3253 1060 3316 τὰς
1098 3253 1344 3322 κορυφάς
1379 3254 1487 3308 τῶν
1518 3255 1713 3326 ὀρέων,
1760 3255 1857 3309 καὶ
1890 3257 2062 3310 κατά-

379 3343 522 3413 μαθε
579 3343 707 3405 τοὺς
765 3343 881 3394 ἐκεῖ
936 3342 1229 3412 μοειαχοὺς,
1289 3341 1417 3404 τοὺς
1461 3343 1519 3394 ἐν
1565 3342 1774 3413 σάκκῳ,
1825 3343 1952 3407 τούς
2003 3345 2062 3397 ἐν

375 3429 613 3500 δεσμοῖς,
658 3431 782 3492 τοὺς
825 3430 883 3481 ἐν
931 3428 1228 3500 νηστείαις,
1278 3428 1407 3490 τους
1465 3431 1522 3481 ἐν
1584 3429 1763 3500 σκότῳ
1825 3448 2062 3485 κατακε-

376 3516 748 3587 κλεισμένους,
779 3515 872 3568 καλ⁵
896 3515 1015 3586 ὄψει
1047 3515 1250 3577 πάντας
1283 3515 1481 3579 αὐτοὺς
1517 3517 1616 3586 τῆς
1645 3516 1907 3586 τελευτῆς
1941 3518 2061 3571 ἐπι-

375 3603 704 3667 θυμοῦντας,
725 3605 820 3656 καὶ
837 3603 1145 3656 ἀνάπαυσιν
1173 3602 1234 3653 τὸ
1259 3603 1493 3673 πρᾶγμα
1521 3603 1839 3668 καλοῦντας.
1871 3606 2058 3660 Καθά-

376 3707 482 3762 περ
529 3691 639 3761 γάρ
683 3689 711 3740 6
756 3689 1042 3742 πυκτεύων
1090 3689 1372 3756 ἐπείγεται
1421 3690 1514 3743 τοῦ
1551 3691 1764 3744 σταδίου
1798 3692 2057 3762 ἐξελθεῖν,

378 3781 465 3833 ἵνα
492 3780 780 3849 ἀπαλλαγῇ
813 3779 921 3831 τῶν
940 3779 1285 3850 τραυμάτων
1309 3779 1402 3832 καὶ
1437 3781 1464 3831 6
1501 3779 1739 3852 ἀθλητὴς
1765 3783 2060 3855 ἀναστῆναι

373 3869 434 3922 τὸ
459 3869 684 3939 θέατρον
707 3868 987 3937 ἐπιθυμεῖ,
1022 3868 1110 3920 ἵνα
1147 3867 1483 3938 ἐλευθερωθῇ
1525 3868 1635 3921 τῶν
1675 3870 1882 3924 πόνων·
1917 3871 2059 3926 οὑτω

374 3959 466 4011 καλ.
492 3960 519 4011 6
548 3959 605 4010 ἐν
641 3956 863 4030 σκληρῷ
893 3957 986 4009 καὶ
1018 3957 1342 4028 τραχυτάτῳ
1381 3956 1482 4028 βίῳ
1522 3956 1629 4020 ζῶν
1681 3961 1799 4030 μετ’
1833 3961 2054 4032 ἀρετῆς,

372 4048 631 4116 ἐπιθυμεῖ
657 4048 759 4117 τῆς
784 4048 1064 4117 τελευτῆς,
1113 4048 1201 4101 ἵνα
1245 4048 1339 4100 καὶ
1381 4047 1491 4101 τῶν
1542 4048 1722 4101 πόνων
1766 4050 2056 4123 ἀπαλλαγῇ

371 4137 482 4189 τῶν
517 4137 821 4207 παρόντων,
851 4137 944 4188 καὶ
978 4135 1121 4207 ὑπὲρ
1151 4134 1260 4188 τῶν
1294 4137 1674 4207 ἀποκειμένων
1714 4137 1811 4210 ἔχῃ
1861 4141 2058 4208 στεφά-

371 4244 478 4279 νων
518 4227 738 4296 θαρῥείν
772 4225 905 4296 πρὸς
942 4224 1031 4277 τὸν
1066 4223 1241 4279 εὐδιον
1288 4224 1670 4288 καταπλεύσας
1698 4225 1911 4296 λιμένα,
1961 4230 2056 4281 καὶ

372 4315 490 4366 ἐκεῖ
517 4312 810 4382 μεταστάς,
851 4311 979 4364 ἔνθα
1013 4311 1198 4364 λοιπὸν
1235 4311 1336 4364 οὐκ
1372 4311 1518 4364 ἐστιν
1560 4313 1898 4366 ὑποπτεῦσαι
1930 4331 2056 4367 ναυ-

371 4401 546 4468 άγιον.
577 4401 674 4454 Διά
698 4400 856 4453 τοῦτο
887 4401 981 4454 καὶ
1004 4402 1032 4454 6
1057 4400 1190 4463 Θεὸς
1219 4399 1475 4454 ἐπίπονον
1517 4400 1678 4470 φύσει
1716 4403 1811 4455 καὶ
1846 4403 2054 4474 μοχθη-

372 4490 466 4560 ρὸν
497 4490 588 4542 τὸν
625 4489 739 4558 βίον
776 4489 934 4560 ἡμῶν
962 4488 1385 4552 κατεσκεύασεν,
1423 4489 1510 4542 ἵνα
1537 4490 1642 4543 ὑπὸ
1683 4491 1784 4562 τῆς
1819 4491 2054 4546 ἐνταῦθα

373 4578 775 4648 συνωθούμενοι
798 4578 1054 4648 θλίψεως,
1088 4577 1386 4648 ἐπιθυμίαν
1409 4577 1518 4630 τῶν
1551 4577 1852 4647 μελλόντων
1879 4579 2056 4634 λάϐω-

373 4681 492 4734 μεν.
529 4667 586 4717 Εἰ
616 4666 723 4735 γὰρ
751 4664 847 4717 νῦν
875 4665 1147 4718 τοσούτων
1169 4665 1338 4718 όντων
1364 4665 1472 4718 τῶν
1505 4665 1788 4737 λυπηρῶν,
1822 4668 1916 4720 καὶ
1945 4685 2056 4721 κιν-

369 4751 562 4814 δύνων,
599 4754 692 4808 καὶ
731 4753 912 4822 φόϐων
949 4755 1044 4806 καὶ
1076 4753 1371 4824 φροντίδων
1407 4753 1672 4806 πάντοθεν
1716 4755 1865 4824 ἡμᾶς
1900 4772 2055 4826 περι-

372 4841 824 4912 στοιχιζομένων,
877 4840 1050 4905 οὑτως
1103 4840 1590 4911 ἐμφιλοχωροῦμεν
1657 4846 1724 4914 τῇ
1801 4844 2051 4916 παρούσῃ

371 4931 504 5001 ζωῇ,
532 4927 644 5000 [78]
677 4931 724 4982 εἰ
764 4929 929 5000 μηδὲν
959 4929 1160 4983 τούτων
1185 4926 1272 5000 ἦν,
1303 4929 1416 4983 ἀλλ’
1441 4929 1645 4993 ἄλυπός
1672 4949 1757 4990 τις
1789 4934 1884 4986 καὶ
1917 4935 2052 4987 ἀτα-

371 5019 643 5090 λαίπωρος
674 5021 703 5072 6
738 5017 850 5088 βίος
883 5021 1012 5090 ἡμῖν
1051 5018 1197 5082 ἀπας
1227 5018 1458 5087 ἐγίνετο,
1500 5018 1630 5072 πότε
1669 5019 1734 5072 ἂν
1773 5021 2054 5094 ἐπεθυμή-

373 5124 543 5178 σαμεν
574 5107 682 5159 τῶν
719 5106 1021 5177 μελλόντων
1043 5123 1058 5173 ;

441 5194 502 5250 δ’.
532 5195 686 5250 Οὖτω
715 5196 809 5250 καὶ
849 5195 1117 5259 Ἰουδαίοις
1141 5194 1392 5267 ἐποίησεν
1419 5195 1593 5258 ὁΘεός
1610 5214 1623 5226 ο
1649 5197 1744 5250 καὶ
1774 5196 1882 5269 γάρ
1909 5197 2051 5249 ἐκεί-

369 5302 494 5350 νους
530 5284 852 5354 βουλόμενος
883 5286 964 5346 είς
997 5283 1290 5354 ἐπιθυμίαν
1334 5284 1592 5354 ἐμϐαλεῖν
1632 5285 1733 5356 τῆς
1767 5285 2050 5349 ἐπανόδου,

371 5374 463 5426 καὶ
498 5375 680 5426 πεῖσαι
715 5373 942 5445 μισῆσαι
971 5371 1070 5442 τὴν
1099 5372 1392 5440 Αἴγυπτον,
1421 5372 1765 5445 συνεχώρησε
1791 5373 1870 5444 τῷ
1897 5373 2053 5444 πηλῷ

370 5461 466 5514 καὶ
498 5464 562 5531 τῇ
606 5462 856 5533 πλινθείᾳ
901 5461 1389 5532 ταλαιπωρεῖσθαι,
1429 5461 1514 5515 ἵνα
1557 5461 1636 5531 τῷ
1671 5463 1893 5532 μεγέθει
1942 5463 2052 5516 τῶν

369 5549 549 5602 πόνων
571 5551 790 5620 καὶτῆς
822 5549 1198 5617 ταλαιπωρίας
1231 5549 1446 5620 ἐκείνης
1482 5550 1776 5619 ἀγχόμενοι
1811 5551 2050 5620 βοὴσωσι

369 5635 509 5707 πρὸς
546 5636 636 5690 τὸν
671 5639 805 5690 Θεὸν
849 5637 978 5708 περὶ
1023 5637 1124 5708 τῆς
1160 5636 1442 5690 ἐπανόδου.
1483 5638 1546 5690 Εἰ
1590 5638 1697 5709 γὰρ
1735 5637 1800 5708 δὴ
1845 5639 2050 5692 τούτων

367 5723 676 5796 γενομένων
710 5724 1016 5790 ἐξελθόντες
1061 5724 1221 5778 πάλιν
1270 5725 1576 5797 ἐμέμνηντο
1613 5726 1710 5796 τῆς
1750 5725 2047 5795 Αἰγύπτου,

434 5880 741 5946 θεῇς-ξενίη
768 5879 1124 5946 τη-ριι-ιιεηιιιιαιη
1140 5884 1272 5946 ψιβ.
1299 5885 1396 5931 δια)
1409 5886 1633 5946 exeam.
1661 5885 1796 5935 Enn.

435 5944 486 5974 δ’
509 5940 606 5993 Alii
631 5943 752 5989 κατά
777 5942 854 5988 τὸν
879 5941 1082 5989 Παῦλον.
1113 5940 1236 5992 Ibid;
1260 5946 1342 5994 Sa‘
1360 5948 1408 5996 ll.
1433 5940 1796 6005 ἷπι-ίτιιαξοντες.

2183 448 2276 501 καὶ
2301 447 2398 516 τῆς
2423 445 2665 516 χαλεπῆς
2684 444 2926 507 δουλείας
2951 445 3044 497 καὶ
3069 444 3206 513 πρὸς
3229 445 3324 516 τήν
3356 443 3629 515 προτέραν
3657 459 3862 514 τυραν-

2181 533 2300 588 νίδα
2332 535 2692 605 ὑποστρέφειν
2724 533 3031 603 ⁴ἡπείγοντο.
3068 535 3116 585 εί
3159 534 3234 602 μὴ
3272 533 3525 584 τοιούτιον
3561 531 3862 600 ἐπειράθη-

2183 633 2284 674 σαν
2317 621 2428 674 τῶν
2483 621 2793 692 βαρϐάρων,
2852 621 2984 672 πότε
3033 619 3100 673 ἀν
3155 622 3370 689 ἀφεῖναι
3423 619 3519 692 τὴν
3568 620 3860 690 ἀλλοτρίαν

2181 707 2484 779 ἡθέλησαν;
2521 710 2636 762 Ἵνα
2679 705 2771 762 οὖν
2805 708 2900 761 καὶ
2934 709 3095 777 ἡμεῖς
3129 707 3201 779 μὴ
3233 710 3297 778 τῇ
3328 710 3396 778 γῇ
3442 707 3861 778 προσηλωμένοι

2179 796 2436 866 καὶπρὸς
2466 795 2534 849 τά
2566 797 2808 866 παρόντα
2848 796 3134 865 κεχηνότες
3175 794 3458 864 ἀλγῶμεν,
3494 795 3585 848 καὶ
3629 793 3859 847 ἐπιλαν-

2180 879 2470 954 θανώμεθα
2521 883 2632 936 τῶν
2682 881 3016 952 μελλόντων,
3081 882 3354 953 μοχθηρὸν
3410 883 3540 953 ἡμῖν
3598 882 3691 934 τὸν
3743 881 3859 950 βίον

2178 969 2436 1039 ἐποίησεν
2468 971 2496 1022 6
2533 969 2685 1032 Θεὸς.
2736 967 2827 1040 Μὴ
2865 968 3041 1022 τοίνυν
3095 969 3478 1040 περιεχώμεθα
3517 970 3546 1010 b
3581 969 3728 1041 πέρα
3761 967 3858 1022 τοῦ

2176 1057 2386 1121 δέοντος
2411 1060 2509 1130 τῆς
2534 1059 2816 1130 παρούσης
2844 1057 3010 1126 ζωῆς.
3038 1057 3102 1111 Τί
3135 1059 3254 1128 γὰρ
3273 1058 3465 1126 ὄφελος
3488 1059 3656 1128 ἡμῖνς
3699 1059 3858 1110 ποῖον

2175 1145 2233 1199 δέ
2274 1147 2465 1218 κέρδος
2508 1149 2572 1200 ἐκ
2607 1147 2700 1200 τοῦ
2733 1145 3116 1218 προσηλῶσθαι
3158 1148 3276 1217 μεθ’
3305 1147 3611 1217 ὑπερϐολῆς
3651 1150 3719 1216 τῇ
3760 1146 3862 1198 τοῦ

2178 1233 2445 1302 παρόντος
2477 1234 2592 1301 βίου
2633 1232 2927 1306 ἐπιθυμίᾳ;
2969 1234 3157 1288 Βούλει
3198 1234 3388 1304 μαθεῖν
3414 1235 3502 1288 διὰ
3536 1235 3588 1286 τί
3631 1233 3798 1286 καλὸν
3826 1236 3862 1302 ἡ

2185 1320 2430 1392 παροῦσα
2465 1321 2612 1392 ζωὴς
2646 1323 2770 1376 ’Ότι
2794 1323 2891 1394 τῆς
2925 1322 3226 1394 μελλούσης
3265 1322 3410 1393 ζωῆς
3436 1324 3570 1392 ἡμῖν
3599 1320 3862 1380 ὑπόθεσις

2177 1407 2387 1475 γίνεται
2420 1410 2514 1462 καὶ
2543 1409 2786 1480 ἀφορμὴ,
2817 1411 2908 1464 καὶ
2945 1411 3178 1481 σκάμμα
3207 1411 3303 1464 καὶ⁵
3349 1410 3559 1464 στάδιον
3590 1410 3699 1462 τῶν
3739 1410 3862 1460 ἐκεῖ

2178 1496 2456 1565 στεφάνων
2497 1497 2672 1549 ἐστίν·
2717 1499 2794 1561 ὡς
2840 1500 2888 1551 εί
2935 1497 3012 1568 μὴ
3047 1497 3204 1552 τοῦτο
3244 1499 3515 1569 παράσχοι
3559 1499 3714 1566 ἡμῖν,
3751 1515 3859 1567 μυ-

2178 1584 2308 1654 ρίων
2347 1584 2592 1637 θανάτων
2639 1585 2786 1637 ἐστὶν
2812 1585 3169 1656 ἐλεεινοτέρα.
3208 1584 3271 1637 El
3313 1584 3420 1655 γάιρ
3469 1583 3542 1654 μὴ
3587 1584 3857 1654 μέλλομεν

2176 1671 2378 1736 ζῶντες
2409 1672 2664 1743 ἀρέσκειν
2695 1671 2835 1743 Θεῷ,
2877 1672 3088 1742 βέλτιον
3115 1672 3409 1726 ἀποθανεῖν
3453 1683 3501 1726 ο.
3542 1671 3607 1724 Τί
3648 1671 3758 1743 γὰρ
3791 1671 3858 1723 τό

2176 1760 2368 1826 πλέον;
2409 1761 2462 1813 τί
2495 1761 2556 1814 τὸ
2605 1762 2894 1832 περιττόν;
2932 1762 3068 1831 Οὐχὶ
3101 1761 3192 1814 τὸν
3231 1760 3393 1814 αὑτὸν
3430 1760 3582 1830 ἡλιον
3618 1761 3711 1812 καὶ
3753 1759 3855 1829 τὴν

2175 1848 2345 1920 αὐτὴν
2377 1850 2608 1922 σελήνην
2650 1850 2772 1904 ναθ’
2807 1851 3042 1920 ἐκάστην
3069 1850 3282 1920 ’ἡμέραν
3309 1849 3558 1920 ὁρῶμενς
3603 1848 3723 1919 οὐχὶ
3762 1850 3858 1901 τὸν

2175 1937 2336 1992 αὑτὸν
2368 1939 2614 2009 χειμῶνα
2639 1957 2652 2004 ;
2689 1939 2810 2009 οὐχὶ
2834 1939 2893 1991 τὸ
2926 1939 3058 1992 αὐτὸ
3083 1938 3268 2009 θέρος;
3297 1938 3418 2007 οὐχὶ
3451 1939 3518 1990 τά
3542 1937 3682 1990 αὐτά
3711 1938 3858 2008 πρά-

2173 2041 2395 2095 γματα;
2446 2028 2508 2081 Τί
2545 2027 2611 2080 τὸ
2653 2027 2938 2096 γεγονόςξ
2981 2025 3128 2079 αὐτὸ
3184 2026 3249 2079 τὸ
3300 2026 3726 2095 γενησόμενον.
3790 2027 3852 2079 Τί

2173 2111 2240 2165 τὸ
2269 2113 2710 2183 πεποιημένον;
2739 2113 2886 2168 αὐτὸ
2916 2113 2983 2166 τὸ
3017 2113 3520 2182 ποιηθησόμενον.
3551 2112 3642 2181 Μὴ
3672 2111 3854 2164 τοίνυν

2177 2203 2314 2270 μήτε
2361 2203 2484 2265 τοὺς
2534 2202 2741 2268 ζῶντας
2796 2201 2983 2265 ἀπλῶς
3048 2202 3471 2273 μακαρίζωμεν,
3533 2202 3671 2271 μήτε
3727 2202 3855 2263 τοὺς

2173 2289 2616 2361 ἀποθνήσκοντας
2651 2289 2958 2361 θρηνῶμεν·
2993 2289 3130 2342 ἀλλά
3161 2291 3288 2352 τοὺς
3329 2289 3428 2360 μὲν
3459 2289 3519 2340 ἐν
3557 2287 3854 2360 ἁμαρτίαις

2172 2374 2351 2439 ὄντας,
2390 2376 2493 2430 κᾶν
2527 2376 2658 2439 ζῶσι
2698 2377 2724 2417 ά
2748 2418 2762 2441 ,
2813 2377 2918 2431 κᾶν
2960 2377 3405 2448 τετελευτηκότες
3441 2370 3608 2444 ὦσιν,
3651 2375 3856 2446 ὀδυρῶ-

2176 2463 2317 2534 μεθα
2336 2482 2349 2495 ·
2379 2467 2506 2528 τοὺς
2533 2465 2590 2518 δὲ
2621 2468 2678 2518 ἐν
2709 2465 3022 2539 δικαιοσύνῃ
3057 2464 3446 2536 μακαρίζωμεν
3478 2464 3658 2523 πάλιν,
3690 2465 3857 2516 ὅπου·

2175 2567 2280 2622 περ
2311 2549 2378 2604 ἂν
2406 2549 2641 2621 τύχωσιν
2666 2552 2840 2614 ὄντες.
2864 2553 2935 2606 Σὺ
2968 2553 3066 2624 μὲν
3092 2548 3184 2606 οὖν
3212 2553 3308 2606 ’ένα
3326 2552 3569 2616 δέδοικας
3600 2551 3856 2614 θάνατον,

2175 2637 2268 2689 καὶ
2299 2638 2537 2708 θρηνεῖς⁶
2563 2640 2591 2692 6
2616 2638 2828 2703 Παῦλος
2856 2638 2913 2692 δέ
2939 2639 3060 2694 καθ’
3097 2641 3332 2710 ἐκάστην
3363 2639 3578 2710 ἡμέραν
3609 2638 3855 2708 ἀποθνή-

2175 2743 2319 2778 σκων
2347 2726 2408 2778 οὐ
2443 2725 2600 2796 μόνον
2632 2726 2733 2779 οὑκ
2767 2726 2997 2798 ἐδάκρυε
3036 2726 3127 2780 διὰ
3161 2726 3338 2789 τοῦτο,
3374 2726 3512 2780 ἀλλά
3540 2727 3635 2780 καλ⁷
3663 2726 3855 2797 ἔχαιρε
3908 2765 3914 2776 .

2174 2814 2264 2866 καὶ
2291 2814 2575 2884 ἠγάλλετο.
2601 2815 2726 2868 Εἴθε
2749 2815 2904 2884 κάγὼ
2929 2817 3017 2869 διά
3043 2815 3133 2870 τὸν
3153 2815 3286 2868 Θεὸν
3307 2815 3663 2877 ἐκινδύνευον,
3693 2817 3857 2884 φησὶ,

2173 2901 2266 2953 καλ⁵
2295 2902 2395 2955 οὐκ
2423 2902 2489 2956 ἂν
2517 2903 2831 2974 ἐφρόντισα.
2887 2903 3048 2957 Ἀλλὰ
3070 2904 3203 2976 μηδὲ
3223 2904 3316 2958 νῦν
3355 2903 3670 2975 καταπέσῃς
3689 2921 3703 2933 ο
3731 2904 3856 2956 οὐδὲ

2172 2988 2281 3060 γὰρ
2321 2989 2480 3058 μόνον
2511 2991 2541 3043 ὁ
2572 2991 2660 3045 διὰ
2705 2991 2796 3044 τὸν
2844 2991 2977 3045 Θεόν
3013 3009 3068 3045 τι
3115 2993 3341 3063 πάσχων
3381 2993 3678 3063 εὐδοκιμεῖ,
3715 2992 3856 3045 ἀλλὰ

2173 3076 2265 3130 καὶ
2295 3079 2323 3131 6
2351 3077 2550 3142 ἀδίκως
2584 3097 2637 3133 τι
2683 3080 2931 3149 πάσχων.
2963 3081 3059 3134 καὶ
3103 3080 3284 3153 φέρων
3310 3081 3593 3150 γενναίως,
3626 3080 3721 3134 καὶ
3765 3080 3857 3132 εὑ·
3909 3149 3911 3152 φ

2170 3165 2444 3236 χαριστῶν
2467 3166 2544 3238 τῷ
2576 3168 2948 3240 συγχωροῦντι
2981 3169 3121 3240 Θεῷ,
3145 3171 3246 3222 οὐκ
3268 3170 3504 3224 ἐλάττων
3529 3169 3623 3222 τοῦ
3649 3169 3735 3222 διὰ
3761 3169 3856 3221 τὸν

2171 3253 2302 3306 Θεὸν
2344 3254 2520 3310 ταῦτα
2555 3255 2858 3327 πάσχοντός
2878 3259 3046 3311 ἐστιν.
3081 3258 3232 3310 Ἐπεὶ
3249 3257 3388 3311 καὶὸ
3425 3257 3694 3328 μακάριος
3729 3256 3854 3309 Ἰὼϐ

2169 3343 2268 3403 τὰς
2288 3343 2491 3407 πολλὰς
2523 3345 2617 3398 καὶ
2641 3345 2949 3416 ἀφορήτους
2973 3344 3190 3409 ἐκείνας
3242 3346 3458 3418 πληγάς
3485 3345 3725 3410 ἐδέξατο,
3751 3335 3852 3398 τοῦ

2169 3430 2414 3486 διαϐόλου
2445 3431 2621 3503 μάτην
2648 3433 2742 3486 καὶ
2760 3432 2883 3503 εἰκῆ
2914 3431 3009 3486 καὶ
3036 3433 3222 3492 ἀπλῶς
3249 3433 3710 3498 ἐπιϐουλεύοντος,
3734 3432 3851 3486 ἀλλ’

2169 3521 2320 3591 ὅμως
2337 3520 2525 3592 ἐπειδὴ
2551 3520 2813 3589 γενναίως
2828 3521 3050 3592 ἡνεγκε,
3081 3523 3176 3575 καὶ
3197 3522 3570 3595 ηὐχαρίστησε
3584 3521 3662 3591 τῷ
3678 3521 3853 3575 ταῦτα

2170 3607 2542 3680 συγχωροῦντι
2578 3607 2718 3678 Θεῷ,
2754 3608 3050 3681 ὁλόκληρον
3081 3610 3174 3664 τὸν
3221 3610 3484 3680 στέφανον
3527 3609 3848 3681 ἀνεδήσατο.

2240 3696 2331 3766 Μὴ
2359 3696 2541 3750 τοίνυν
2569 3694 2740 3748 λυποῦ
2770 3695 2862 3748 διά
2901 3695 2994 3749 τὸν
3021 3695 3279 3751 θάνατον·
3319 3696 3534 3766 φύσεως
3565 3697 3674 3768 γάρ
3699 3698 3853 3749 ἐστι’

2167 3780 2340 3834 λυποῦ
2377 3780 2444 3834 δι’
2480 3782 2787 3853 ἁμαρτίαν·
2832 3783 3205 3855 προαιρέσεως
3240 3785 3350 3856 γὰρ
3380 3785 3442 3838 τὸ
3473 3784 3747 3855 ἔγκλημα.
3785 3785 3849 3837 Εἰ

2166 3869 2224 3922 δέ
2249 3867 2393 3940 λυπῇ
2427 3868 2515 3922 διὰ
2546 3869 2673 3932 τοὺς
2703 3867 3096 3936 ἀποθανόντας,
3139 3871 3295 3941 ἄλγει
3329 3872 3424 3926 καὶ
3460 3871 3547 3927 διὰ
3577 3872 3700 3934 τοὺς
3732 3888 3851 3939 γεν·

2167 3958 2468 4027 νωμένους·
2499 3957 2690 4029 ὥσπερ
2717 3958 2824 4030 γὰρ
2857 3958 3017 4013 τοῦτο
3047 3960 3283 4030 φύσεως,
3313 3961 3457 4013 οὑτω
3487 3963 3708 4013 κάκεῖνο
3742 3959 3849 4029 φύ-

2169 4062 2327 4110 σεως.
2362 4048 2460 4100 Ἂν
2488 4045 2666 4100 τοίνυν
2711 4046 2984 4122 ἀπειλὴσῃ
3019 4067 3103 4113 τις
3143 4047 3393 4113 θάνατον,
3439 4049 3560 4102 είπέ
3595 4048 3732 4119 πρὸς
3754 4049 3850 4102 αὐ-

2165 4133 2277 4186 τόν·
2328 4133 2682 4202 Ἐπαιδεύθην
2721 4136 2871 4209 παρά
2891 4135 2986 4188 τοῦ
3026 4135 3264 4210 Χριστοῦ
3307 4138 3381 4207 μή
3423 4136 3707 4204 φοϐεῖσθαι
3739 4137 3848 4188 ἀπὸ
3900 4124 3908 4146 ¹

2165 4221 2273 4273 τῶν
2297 4223 2724 4276 ἀποκτεινόντων
2739 4223 2801 4276 τὸ
2826 4223 3006 4294 σῶμα,
3035 4223 3134 4294 τὴν
3155 4224 3211 4276 δέ
3232 4223 3410 4295 ψυχὴν
3439 4223 3514 4295 μὴ
3533 4223 3848 4294 δυναμένων

2165 4308 2502 4362 ἀποκτεῖναι.
2534 4309 2648 4381 [79]
2682 4312 2777 4364 ‘Av
2800 4311 2993 4382 ἀπειλῇ
3021 4311 3288 4381 δήμευσιν
3317 4311 3526 4374 οὐσίας,
3555 4311 3678 4364 είπέ
3711 4311 3847 4383 πρὸς

2165 4397 2328 4451 αὐτόν
2352 4415 2364 4429 ο
2428 4399 2672 4467 Γυμνὸς
2719 4399 2986 4465 ἐξῆλθον
3029 4400 3097 4453 ἐκ
3147 4401 3380 4466 κοιλίας
3420 4399 3648 4468 μητρός
3686 4417 3843 4468 μου,

2164 4487 2389 4555 γυμνὸς
2428 4486 2527 4540 καὶ
2572 4486 3001 4556 ἀπελεύσομαι·
3067 4488 3260 4541 Οὐδὲν
3299 4471 3737 4558 εἰσηνέγκαμεν
3760 4492 3846 4554 εἰς

2165 4573 2270 4628 τὸν
2307 4575 2540 4645 κόσμον
2581 4577 2816 4641 τοῦτον,
2861 4575 3055 4644 δῆλον
3103 4577 3192 4630 ὅτι
3235 4576 3377 4631 οὐδὲ
3422 4576 3764 4646 ἐξενεγκεῖν
3793 4597 3845 4632 τι

2161 4661 2582 4733 δυνησόμεθαο
2641 4664 2741 4718 κᾶν
2797 4664 2875 4736 μὴ
2939 4666 3002 4718 σὺ
3061 4664 3254 4739 λάϐῃς,
3313 4667 3543 4733 θάνατος
3596 4671 3844 4726 ἐπελθὼν

2163 4753 2422 4824 λήψεται·
2481 4753 2584 4806 κᾶν
2641 4755 2714 4826 μὴ
2759 4754 2822 4806 σὺ
2864 4754 3111 4825 σφάξῃς,
3169 4757 3193 4808 6
3258 4757 3356 4829 τῆς
3409 4758 3626 4826 φύσεως
3689 4761 3845 4814 ἐπελ-

2164 4839 2270 4895 θὼν
2299 4843 2462 4912 νόμος
2503 4843 2637 4895 οἴσει
2671 4843 2768 4912 τὴν
2796 4842 3072 4915 τελευτήν.
3114 4845 3299 4914 Μηδὲν
3333 4846 3512 4900 τοίνυν
3547 4847 3845 4920 φοϐώμεθα

2161 4929 2272 4981 τῶν
2299 4929 2408 4985 ἀπὸ
2451 4931 2550 4999 τῆς
2582 4929 2794 4997 φύσεως
2829 4932 2959 5000 ἡμῖν
2990 4931 3366 5002 ἐπαγομένων,
3407 4933 3522 4986 ἀλλ’
3561 4937 3748 4991 ἐκεῖνα
3775 4940 3845 4991 τά

2163 5021 2226 5071 ἐκ
2253 5019 2498 5088 πονηρᾶς
2531 5021 2662 5089 ἡμῖν
2698 5020 3024 5090 ἐγγινόμενα
3061 5022 3461 5093 προαιρέσεως·
3510 5024 3698 5079 ἐκεῖνα
3734 5029 3844 5098 γάρ

2162 5107 2294 5176 ἡμῖν
2317 5106 2490 5158 τίκτει
2511 5106 2608 5177 τὴν
2637 5107 2882 5160 κόλασιν.
2915 5107 3086 5161 Τοῦτο
3109 5109 3165 5162 δέ
3195 5109 3542 5182 λογιζώμεθα
3575 5115 3844 5184 διηνεκῶς

2161 5193 2254 5244 ἐπὶ
2289 5193 2396 5246 τῶν
2443 5194 2848 5265 συμϐαινόντων
2888 5197 3024 5267 ἡμῖν
3064 5197 3365 5268 ἀδοκήτως,
3403 5201 3484 5253 ὅτι
3518 5201 3579 5253 οὑ
3618 5200 3844 5274 διορθῶ-

2162 5296 2327 5350 σομεν
2360 5282 2495 5335 αὑτά
2543 5281 2852 5350 ἀλγοῦντες,
2888 5283 2981 5336 καὶ
3022 5283 3342 5355 παυσόμεθα
3377 5285 3697 5355 ἀλγοῦντες
3743 5293 3844 5344 κά-
3892 5307 3902 5332 ε

2161 5370 2308 5420 κεῖνο
2347 5368 2486 5438 μετά
2523 5369 2712 5423 τούτω
2755 5369 2948 5434 πάλιν,
2999 5373 3082 5424 δτι
3124 5371 3218 5425 ἐὰν
3260 5371 3522 5444 πάθωμέν
3562 5391 3616 5428 τι
3666 5375 3843 5431 δεινὸν

2159 5455 2300 5509 κατά
2344 5457 2433 5509 τὸν
2473 5457 2714 5528 παρόντα
2749 5459 2864 5529 βίον
2907 5459 3127 5523 ἀδίκως,
3179 5459 3470 5531 διαλύομεν
3512 5462 3686 5516 πολλὰ
3731 5465 3842 5517 τῶν

2159 5543 2591 5617 ἁμαρτημάτων.
2649 5547 2740 5600 Διὸ
2798 5547 2940 5618 μέγα
2996 5549 3202 5617 ἀγαθὸν
3253 5549 3490 5604 ἐνταῦθα
3538 5553 3842 5608 ἀπολαϐεῖν

2160 5633 2551 5705 ἁμαρτήματα,
2583 5636 2678 5689 καὶ
2711 5635 2786 5707 μὴ
2819 5639 2954 5690 ἐκεῖ·
2979 5639 3072 5692 καὶ
3096 5638 3204 5711 γὰρ
3231 5641 3259 5692 6
3283 5639 3536 5704 πλούσιος
3568 5641 3723 5694 οὐδὲν
3753 5645 3841 5695 ἐν-

2158 5719 2331 5774 ταῦθα
2355 5721 2524 5775 δεινὸν
2545 5721 2804 5788 ἀπέλαϐε,
2829 5725 2923 5777 καὶ
2947 5724 3036 5778 διά
3055 5727 3214 5781 τοῦτο
3237 5729 3354 5782 ἐκεῖ
3381 5729 3836 5800 ἀπετηγανίξετο.

2222 5825 2249 5890 1⁵
2275 5826 2368 5890 Alii
2380 5828 2620 5890 ἐχώμεθα.

2222 5889 2246 5958 ξ
2277 5887 2718 5958 Asiyilieﬂguidam
2741 5891 2824 5945 alii
2843 5893 3076 5944 ἀπελθεῖν.

2220 5946 2248 5990 ἀ
2267 5946 2366 6002 Alii
2389 5950 2474 5998 κᾶν
2499 5946 2679 6012 ζῶντες.
