3892 6236
134 283 207 340 ss
1079 291 1173 347 AD
1210 290 1529 352 POPULUM
1569 297 2057 359 ANTIOCHENUM
2122 305 2346 364 nomn.
2390 307 2476 364 vr.
3331 277 3415 385 ﬁse.

137 401 364 472 quillum
399 402 610 458 oculum
633 401 685 456 in
709 400 892 471 judicii
918 403 1004 458 die
1028 404 1330 462 clementire
1353 416 1453 463 tum
1480 409 1727 465 recorda-

139 505 228 547 tus
255 493 528 549 exhibeat.
567 493 690 548 ll:rc
725 503 780 548 et
809 494 892 548 his
933 496 1082 564 plura
1117 497 1280 564 dicet,
1321 509 1373 553 et
1403 515 1500 555 nos
1544 502 1612 556 ab
1650 503 1725 557 ira

137 589 354 654 penitus
379 586 588 656 eripiet.
617 586 731 640 Non
757 595 958 640 tantum
981 597 1158 643 autem
1186 591 1252 643 ad
1279 591 1587 661 Imperatori
1613 610 1728 664 pcr-

133 678 466 732 suadendum
487 678 777 732 maximum
807 693 872 734 ex
901 679 1003 733 hoc
1027 679 1235 750 jejunio
1266 682 1421 737 nobis
1461 695 1541 739 est
1569 686 1725 739 auxi-

131 772 290 834 lium,
319 768 414 825 sed
454 770 612 825 etiam
641 769 706 823 ad
738 784 894 824 casus
913 786 1174 840 generose
1201 771 1452 829 ferendos
1483 793 1497 830 :
1528 777 1724 832 etenim

129 859 559 914 consolationem
581 875 687 914 non
711 860 986 915 minimam
998 877 1064 916 ex
1087 862 1189 918 hoc
1209 873 1449 934 tempore
1461 868 1720 935 capimus.

131 951 240 1005 l’er
267 950 508 1019 singulos
531 950 674 1004 enim
703 949 820 1006 dies
841 953 1175 1022 congregari,
1213 963 1268 1009 et
1301 955 1599 1011 divinarum
1626 973 1724 1012 au-

127 1044 248 1097 ditu
288 1043 682 1113 Scripturarum
715 1043 838 1109 frui,
859 1053 914 1099 et
953 1046 1179 1102 invicem
1207 1063 1304 1102 nos
1323 1050 1636 1120 conspicere
1670 1061 1725 1106 et

129 1135 438 1202 lamentari,
465 1143 520 1190 et
538 1147 772 1198 orantes,
813 1151 876 1191 ac
909 1137 1332 1198 benedictionem
1362 1143 1684 1212 accipientes
1704 1185 1718 1207 ,

129 1227 210 1280 sic
241 1225 464 1280 donmm
492 1226 660 1289 abire,
694 1226 745 1280 id
775 1226 979 1282 doloris
1007 1229 1296 1298 plurimum
1328 1232 1482 1286 nobis
1523 1231 1714 1288 aufert.

127 1315 208 1370 Ne
229 1316 392 1384 igitur
417 1331 750 1383 corruamus,
777 1333 950 1388 neque
997 1336 1092 1375 nos
1120 1322 1265 1392 ipsos
1299 1339 1409 1392 pra:
1449 1325 1720 1380 anxietate

126 1407 448 1474 prodamus,
481 1408 575 1463 sed
605 1425 914 1465 maneamus
936 1421 1311 1480 exspectantes
1333 1414 1472 1469 bona
1494 1455 1509 1480 ,
1553 1426 1606 1470 et
1635 1417 1719 1471 di-

125 1499 323 1552 cendis
349 1509 584 1554 mentem
613 1500 959 1558 adhibeamus
985 1505 1217 1560 :etenim
1241 1507 1360 1560 volo
1389 1517 1444 1562 et
1467 1509 1623 1563 hodie
1653 1511 1720 1566 de

125 1594 324 1646 mortis
351 1603 660 1664 contemptu
692 1594 884 1650 iterum
910 1597 1176 1653 disserere
1200 1601 1239 1652 ί.
1263 1600 1376 1654 Dixi
1404 1601 1554 1656 vobis
1581 1603 1713 1666 heri,

129 1699 232 1739 nos
270 1692 499 1739 mortem
529 1686 748 1753 timere,
793 1701 898 1741 non
926 1688 1140 1758 quidem
1169 1691 1294 1760 quia
1319 1692 1570 1747 terribilis
1609 1702 1713 1758 est,

126 1776 225 1829 sed
255 1777 509 1846 quoniam
540 1793 711 1847 neque
734 1779 962 1834 caelestis
988 1781 1138 1851 regni
1175 1797 1328 1836 amor
1371 1798 1469 1838 nos
1496 1799 1717 1838 succen-

122 1869 226 1932 dit,
272 1882 446 1938 neque
471 1867 727 1939 gehennze
755 1871 914 1926 timor
942 1886 1040 1926 nos
1064 1875 1341 1944 occupavit
1365 1893 1378 1929 :
1406 1886 1459 1931 et
1482 1876 1548 1931 ad
1578 1877 1712 1944 bzec,

122 1959 383 2026 quoniam
411 1960 792 2015 conscientiam
821 1977 929 2018 non
955 1961 1212 2019 habemus
1233 1965 1447 2021 bonam.
1468 1967 1636 2022 Vultis
1660 1977 1717 2024 et

121 2061 372 2119 quartam
400 2050 559 2122 hujus
585 2054 902 2123 importuna:
921 2056 1205 2111 anxietatis
1233 2072 1448 2113 causam
1477 2074 1716 2116 comme-

123 2157 354 2206 morem,
388 2157 493 2196 non
516 2144 692 2199 minus
713 2146 1078 2215 superioribus
1100 2149 1319 2202 veram?
1347 2149 1460 2203 Non
1487 2151 1715 2207 vivimus

123 2237 176 2289 in
206 2237 501 2306 asperitate
527 2237 850 2293 Christianis
888 2255 1121 2310 congrua
1142 2282 1156 2306 ,
1189 2241 1285 2296 sed
1325 2241 1534 2300 facilem
1577 2243 1714 2299 hanc

120 2337 173 2382 et
199 2327 433 2382 solutam
463 2338 515 2382 et
541 2328 755 2383 mollem
785 2345 1027 2385 amamus
1057 2332 1216 2386 vitam
1248 2351 1261 2387 :
1287 2334 1485 2390 idcirco
1523 2335 1714 2391 verisi-

121 2417 322 2472 militer
359 2427 413 2472 et
445 2419 794 2488 praesentibus
819 2419 1151 2476 oblectamur
1178 2422 1360 2478 rebus.

193 2506 282 2564 Ea;
333 2509 672 2563 maceratione
715 2511 986 2566 sestertium
1025 2512 1326 2568 desiderium
1373 2516 1617 2571 nascitur.
1642 2547 1713 2559 —

117 2601 272 2668 Quod
316 2601 363 2656 si
406 2601 586 2672 utique
633 2603 683 2656 iu
720 2602 935 2673 jejuniis
961 2615 1014 2660 et
1041 2607 1528 2675 pernoctationibus
1548 2617 1603 2664 et
1629 2608 1712 2664 vi-

119 2703 237 2748 ctus
269 2693 551 2762 tenuitate,
585 2693 722 2749 hanc
744 2696 908 2750 vitam
945 2697 1377 2768 transigeremns,
1397 2701 1714 2770 cupiditates

123 2796 334 2840 nostras
351 2787 698 2856 praecidentes
717 2789 996 2855 absurdas,
1020 2792 1323 2862 voluptates
1339 2805 1606 2864 arcentes,
1623 2812 1714 2851 su-

123 2875 283 2931 dores
313 2879 524 2932 virtutis
551 2879 899 2947 sustinentes,
948 2883 1242 2938 secundum
1274 2885 1495 2940 Paulum
1517 2901 1712 2956 corpus

121 2968 450 3037 castigantes
475 2969 604 3023 etin
626 2970 936 3026 servitutem
967 2973 1269 3044 redigentes
1299 2975 1346 3046 (l
1375 2975 1491 3031 Cor.
1520 2977 1572 3032 9.
1591 2976 1708 3049 27),

121 3058 297 3112 carnis
315 3058 710 3127 providentiam
725 3060 789 3116 ad
806 3059 1068 3118 desideria
1095 3080 1202 3120 non
1225 3064 1502 3134 facientes,
1547 3083 1711 3140 angu-

120 3163 253 3203 Slttm
280 3161 333 3204 et
351 3149 718 3222 confragosam
746 3161 986 3207 tenentes
1007 3154 1168 3218 viam,
1192 3157 1298 3210 cito
1319 3157 1489 3212 futura
1508 3173 1707 3215 concu-

123 3241 471 3309 pisceremus,
486 3243 835 3310 praesentibus
854 3243 1066 3299 liberari
1087 3247 1356 3303 laboribus
1375 3249 1706 3306 festinantes.

124 3329 188 3382 Et
211 3330 355 3400 quod
378 3347 484 3386 non
509 3331 673 3386 falsus
698 3334 765 3388 sit
789 3348 968 3388 sermo
989 3345 1189 3403 noster,
1208 3338 1274 3393 ad
1302 3342 1558 3395 montium
1591 3357 1709 3398 ver-

126 3422 254 3477 tices
278 3423 532 3486 ascende.
557 3425 838 3480 considera
887 3427 999 3482 illic
1035 3440 1306 3486 morantes
1336 3434 1628 3489 monachos
1655 3435 1708 3490 in

123 3530 296 3581 sacro,
332 3515 388 3570 in
420 3517 669 3584 vinculis,
703 3519 753 3572 in
779 3518 1020 3588 jejuniis,
1052 3523 1102 3576 in
1131 3525 1367 3578 tenebris
1402 3528 1704 3594 conclusos,

121 3616 172 3657 rt
199 3621 392 3661 omnes
421 3607 624 3662 videbis
653 3622 877 3665 mortem
905 3623 1296 3681 exoptantes,et
1327 3632 1439 3672 rem
1463 3619 1606 3674 illam
1620 3636 1707 3675 re-

127 3700 300 3767 quiem
330 3701 685 3769 appellantes.
715 3702 864 3758 Sicut
889 3705 1029 3759 enim
1054 3708 1304 3763 aestibus
1332 3727 1568 3782 pugnans
1597 3722 1708 3768 sta-

123 3791 208 3843 dio
233 3793 385 3847 exire
419 3791 652 3861 festinat,
688 3804 743 3848 ut
781 3796 1088 3851 vulneribus
1127 3799 1401 3870 liberetul,
1424 3812 1478 3859 et
1506 3804 1708 3860 athleta

122 3891 451 3948 Spectatores
467 3897 754 3954 exsurgere
773 3888 1181 3955 concupiscit,ut
1193 3889 1460 3945 laboribus
1476 3894 1710 3948 absolva-

125 3979 206 4024 tur
234 3990 248 4021 :
279 3976 360 4027 sic
404 3982 460 4027 et
505 3975 593 4044 qui
636 3975 688 4028 in
731 3976 899 4046 rigida
926 3988 979 4031 et
1013 3993 1202 4046 aspera
1230 3980 1332 4034 vita
1369 3996 1489 4036 cum
1517 3985 1708 4040 virtute

123 4063 264 4130 vivit,
298 4062 462 4117 ﬁnem
493 4064 792 4131 desiderat,
823 4075 877 4120 ut
903 4070 1253 4136 praesentibus
1278 4071 1530 4141 eripiatur
1560 4073 1708 4129 labo-

124 4153 286 4216 ribus,
315 4163 370 4208 et
423 4169 519 4223 pro
558 4156 806 4223 repositis
838 4158 1010 4211 valeat
1049 4162 1261 4215 coronis
1305 4163 1597 4228 confidere,
1637 4166 1705 4221 ad

124 4245 466 4313 tranquillum
519 4247 777 4316 navigans
822 4257 1059 4317 portum,
1087 4263 1140 4305 et
1169 4252 1260 4306 illo
1290 4257 1703 4327 tt‘ansmigrans,

124 4337 205 4389 ubi
234 4353 340 4389 non
364 4348 452 4390 est
480 4338 707 4406 amplius
739 4339 1028 4394 timendum
1055 4343 1406 4414 naufragium.
1454 4347 1704 4417 Propter-

121 4441 178 4480 ea
230 4428 371 4482 Deus
413 4438 596 4481 natura
631 4429 952 4484 laboriosam
1001 4439 1056 4485 et
1103 4449 1318 4497 gravem
1361 4425 1514 4491 nobis
1545 4440 1704 4494 vitam

122 4520 340 4586 paravit,
374 4528 432 4572 ut
453 4521 701 4588 praesenti
735 4521 1077 4576 tribulatione
1099 4526 1378 4594 compulsi,
1408 4528 1704 4586 futurorum

123 4609 446 4664 desiderium
478 4611 769 4680 capiamus.
803 4612 860 4667 Si
887 4614 1028 4668 enim
1049 4628 1169 4668 cum
1193 4619 1300 4672 sint
1328 4628 1404 4673 tot
1425 4622 1624 4688 tristia,
1651 4634 1706 4679 et

127 4699 354 4766 pericula
378 4713 431 4754 et
456 4703 707 4768 timores,
757 4711 812 4757 et
855 4718 998 4759 cura:
1026 4721 1124 4762 nos
1181 4709 1410 4780 undique
1471 4715 1702 4770 circurn-

120 4798 319 4852 euntes,
380 4802 488 4844 tam
534 4793 762 4848 libenter
806 4798 1053 4863 praesenti
1083 4797 1428 4857 immoramur
1452 4805 1604 4872 vitae;
1659 4812 1701 4864 si

124 4880 245 4932 nihil
270 4880 462 4933 horum
481 4893 642 4948 esset,
667 4891 720 4937 et
740 4884 940 4954 absque
958 4888 1166 4941 tristitia
1219 4900 1272 4944 et
1317 4896 1569 4950 aerumnis
1597 4909 1701 4953 tota

122 4969 248 5023 foret
291 4973 395 5024 vita
435 4981 648 5040 nostra,
689 4975 901 5044 quando
930 4993 1178 5049 umquam
1212 4981 1383 5038 futura
1427 4987 1700 5046 desidera-

121 5077 288 5116 remus
307 5065 332 5116 ?
911 5134 915 5138 η

187 5153 239 5208 4.
260 5155 348 5210 Sic
375 5165 432 5210 et
457 5155 657 5212 Judzeis
687 5157 822 5214 Deus
849 5160 992 5216 fecit.
1025 5163 1222 5221 Volens
1251 5169 1391 5224 enim
1421 5179 1476 5226 et
1502 5174 1619 5230 illos
1645 5176 1698 5232 in

127 5245 312 5301 reditus
334 5247 972 5319 eupiditateminducere,
1004 5265 1057 5309 et
1078 5256 1437 5329 utIEgyptum
1461 5264 1700 5325 odissent

126 5338 455 5404 persuadere,
490 5341 730 5408 permisit
751 5357 846 5397 eos
887 5345 1118 5402 lateritio
1147 5363 1308 5418 opere
1335 5362 1389 5406 et
1416 5353 1526 5410 luto
1551 5357 1699 5412 labo-

127 5444 230 5483 rare
251 5427 451 5500 (Exod.
482 5431 532 5484 1.
562 5431 672 5504 li),
703 5441 759 5486 ut
780 5433 1020 5490 laborum
1042 5446 1096 5492 et
1132 5455 1383 5497 aerumuze
1411 5444 1552 5502 illius
1584 5464 1700 5503 ma-

126 5520 382 5586 gnitudine
408 5521 656 5589 cruciati,
684 5525 748 5578 ad
768 5524 932 5580 Deum
953 5530 1277 5587 reversionis
1319 5549 1478 5590 causa
1499 5537 1695 5595 clama-

181 5635 197 5710 :
222 5634 432 5710 {lor-el“
442 5632 640 5710 omissis
663 5637 893 5710 multis...
917 5642 1004 5710 sed
1028 5646 1090 5710 de
1113 5646 1283 5696 mortis
1307 5653 1572 5710 contemptu
1595 5652 1702 5704 dis-

133 5704 330 5744 ‘eramm
357 5697 508 5760 (ἀλλὰ
531 5699 636 5760 περὶ
657 5700 916 5764 ὑπεροψίας
941 5705 1138 5754 Θανάτου
1163 5697 1514 5773 διαὶεχθῶμέῦἷ

1834 423 1972 468 rent.
1993 415 2047 470 Si
2065 419 2204 473 enim
2222 421 2442 491 egressi,
2459 423 2702 492 quamvis
2718 423 2830 479 hmc
2846 427 2993 482 aceiil
3001 429 3182 496 issent,
3199 433 3415 506 Adgypti

1835 505 2024 561 iterum
2043 512 2462 568 memineruntet
2484 515 2715 584 pristina:
2731 521 3022 587 servitutis,
3042 532 3095 576 et
3110 524 3175 578 ad
3200 538 3414 596 gravem

1834 596 2164 665 tyrannidem
2193 601 2369 656 redire
2392 602 2712 660 festinabant
2739 605 2930 677 (Exod.
2959 611 3042 665 16.
3076 611 3132 683 3)
3161 632 3176 668 :
3204 615 3301 669 nisi
3335 627 3416 671 ta-

1833 685 1912 740 les
1947 686 2171 744 fuissent
2203 695 2403 760 experti
2443 695 2726 761 barharos,
2756 699 2970 766 quando
3004 719 3254 773 umquam
3286 708 3418 762 alie-

1822 792 1953 831 nam
1994 778 2260 836 dimittere
2312 793 2508 838 terram
2539 786 2870 842 voluissent?
2908 789 2984 844 Ne
3026 791 3184 861 igitur
3220 805 3275 850 et
3322 813 3420 852 nos

1831 879 1987 924 terrae
2017 872 2183 933 affixi,
2207 883 2262 928 et
2293 876 2641 944 presentibus
2669 878 2932 935 inhiantes
2982 892 3308 953 torpeamus.
3365 899 3422 943 et

1829 960 2126 1016 futurorum
2155 963 2558 1029 obliviscamur,
2589 969 2749 1023 vitam
2776 971 2931 1027 nobis
2957 973 3081 1028 fecit
3108 975 3248 1031 Deus
3271 978 3417 1033 labo-

1828 1044 2044 1099 riosam.
2099 1046 2213 1100 Non
2263 1048 2424 1117 igitur
2456 1049 2594 1104 ultra
2623 1067 2783 1122 quam
2814 1064 2895 1108 est
2920 1070 3053 1126 opus
3099 1071 3416 1128 prtesentem

1827 1136 1988 1191 vitam
2040 1139 2442 1207 amplectamur.
2469 1142 2600 1210 Quae
2623 1144 2779 1199 nobis
2808 1145 3046 1202 utilitas?
3094 1149 3236 1218 quod
3285 1167 3415 1207 vero

1823 1226 2241 1283 emolumentum
2291 1245 2356 1284 ex
2402 1230 2563 1286 nimia
2595 1234 2874 1302 praesentis
2924 1237 3044 1292 vitae
3091 1239 3416 1307 cupiditate!

1831 1317 1918 1371 Vis
1938 1318 2146 1375 discere
2165 1336 2333 1390 quare
2347 1322 2542 1377 bonum
2562 1324 2629 1378 sit
2649 1339 2886 1394 praesens
2906 1328 3048 1384 vita?
3069 1329 3202 1397 Quia
3225 1332 3413 1388 futurae

1825 1410 1979 1465 nobis
2003 1415 2124 1467 vita:
2149 1415 2368 1469 materia
2399 1416 2646 1486 efficitur,
2675 1427 2730 1472 et
2757 1421 2968 1475 occasio
2988 1431 3042 1477 et
3067 1424 3296 1480 stadium
3327 1437 3413 1482 est

1827 1516 1924 1569 pro
1951 1505 2166 1559 eoronis
2211 1505 2319 1560 illic
2353 1507 2709 1576 adipiscendis
2741 1527 2754 1564 :
2787 1513 2928 1581 quod
2958 1514 3058 1568 nisi
3104 1514 3208 1571 hoc
3255 1518 3409 1572 nobis

1824 1595 2104 1662 pmberet,
2142 1597 2434 1653 innumeris
2455 1601 2712 1656 mortibus
2736 1613 2877 1658 esset
2897 1605 3272 1662 miserabilior.
3298 1609 3408 1663 Nisi

1821 1686 1964 1739 enim
1991 1688 2231 1743 viventes
2261 1689 2374 1745 Deo
2398 1691 2566 1745 simus
2589 1694 2854 1762 placituri,
2889 1697 3082 1753 melius
3110 1709 3194 1754 est
3237 1701 3406 1756 obire.

1820 1775 1956 1842 Quid
1983 1778 2122 1833 enim
2149 1788 2232 1834 est
2258 1781 2669 1852 amplius?quid
2698 1785 2996 1855 reliquum?
3025 1803 3130 1844 non
3159 1791 3404 1846 eumdem

1819 1867 1987 1922 solem
2042 1877 2098 1924 et
2136 1869 2380 1925 eamdem
2429 1871 2608 1927 lunam
2652 1875 2886 1943 quotidie
2937 1880 3242 1936 cernimus?
3293 1897 3400 1936 non

1819 1957 2060 2011 eamdem
2101 1952 2411 2026 biemem,et
2431 1977 2535 2016 non
2561 1964 2801 2019 eamdem
2815 1970 3084 2024 aestatem?
3101 1984 3205 2025 non
3223 1972 3408 2026 eadem

1821 2048 2069 2118 negotia?
2098 2051 2234 2117 Quid
2283 2063 2353 2107 est
2391 2055 2528 2123 quod
2553 2056 2691 2125 fuit?
2737 2057 2792 2110 id
2818 2059 2952 2128 quod
2989 2061 3098 2114 erit.
3157 2061 3295 2126 Quid
3333 2073 3406 2116 est

1818 2139 1952 2208 quod
1973 2150 2044 2193 est
2072 2143 2299 2211 factum?
2316 2144 2479 2212 ipsum
2496 2146 2633 2216 quod
2659 2147 2886 2214 futurum
2909 2159 2979 2202 est
3008 2149 3226 2222 (Eccles.
3252 2153 3303 2206 1.
3326 2151 3402 2221 9).

1818 2229 1895 2284 Ne
1926 2231 2084 2300 igitur
2124 2232 2307 2287 beatos
2336 2241 2582 2303 putemus
2611 2237 2868 2305 viventes,
2895 2255 3068 2310 neque
3119 2245 3407 2298 morientes

1817 2320 2122 2393 lugeamus;
2154 2323 2250 2379 sed
2277 2325 2328 2378 in
2354 2329 2587 2395 peccatis
2622 2328 2961 2397 constitutos,
3003 2332 3121 2387 sive
3148 2333 3405 2394 viventes.

1817 2412 1932 2467 sive
1953 2421 2188 2468 mortuos
2214 2412 2594 2484 deplorentus;
2629 2417 2681 2470 in
2708 2417 2914 2487 justitia
2936 2435 3065 2476 vero
3091 2421 3408 2492 ubicumque

1817 2504 1953 2570 sint,
1997 2504 2184 2561 beatos
2212 2507 2596 2563 existimemus.
2627 2510 2707 2564 Tu
2735 2511 2949 2581 quidem
2989 2529 3147 2568 unam
3179 2527 3406 2570 mortem

1818 2595 2074 2652 formidas
2103 2607 2160 2653 et
2184 2599 2369 2669 luges;
2402 2608 2460 2654 at
2488 2600 2682 2656 Paulus
2707 2617 2803 2672 per
2845 2604 3082 2674 singulos
3128 2607 3244 2661 dies
3292 2623 3406 2663 mo-

1817 2687 1981 2755 riens,
2010 2705 2112 2743 non
2137 2699 2338 2744 tantum
2371 2706 2478 2746 non
2528 2692 2876 2763 lacrymabat,
2928 2695 3022 2750 sed
3042 2706 3097 2751 et
3128 2697 3408 2753 [artabatur

1815 2790 1868 2834 et
1887 2781 2202 2836 exsultabat.
2236 2781 2448 2838 Utinam
2474 2791 2530 2838 et
2547 2799 2652 2854 ego
2681 2795 2899 2854 prepter
2925 2787 3089 2841 Deum
3131 2789 3399 2858 periclita-

1815 2889 1922 2935 rer,
1952 2873 2142 2942 inquit,
2162 2883 2215 2929 et
2233 2874 2363 2928 nihil
2383 2890 2653 2931 curarem.
2682 2876 2788 2931 Sed
2811 2894 2984 2948 neque
3004 2895 3143 2934 nunc
3161 2889 3404 2936 conster-

1816 2965 2132 3019 nerisznon
2179 2965 2322 3020 enim
2372 2974 2574 3020 tantum
2621 2966 2708 3036 qui
2737 2977 2953 3037 propter
2998 2970 3160 3024 Deum
3191 2971 3404 3040 patitur,

1815 3055 2024 3110 laudem
2053 3065 2323 3122 meretur;
2347 3057 2440 3112 sed
2463 3066 2520 3112 et
2537 3059 2625 3128 qui
2655 3059 2850 3128 injuste
2869 3061 3155 3132 quidquam
3186 3063 3402 3132 patitur,

1815 3157 1870 3200 et
1895 3162 2154 3217 generose
2185 3147 2307 3213 fert,
2334 3157 2388 3202 et
2419 3150 2527 3203 Deo
2556 3150 2883 3218 permittenti
2912 3153 3106 3222 gratias
3131 3155 3272 3224 agit,
3295 3155 3402 3210 alio

1815 3237 1930 3292 haec
1959 3247 2175 3307 propter
2196 3237 2361 3292 Deum
2381 3239 2612 3307 patiente
2642 3255 2746 3293 non
2768 3250 2852 3295 est
2873 3241 3113 3296 inferior.
3142 3244 3400 3309 Quoniam

1815 3340 1868 3382 et
1920 3328 2108 3383 beatus
2147 3327 2249 3384 Job
2300 3328 2494 3382 multas
2535 3337 2592 3384 et
2619 3330 2978 3386 intolerabiles
3025 3332 3142 3386 illas
3169 3334 3401 3406 plagasa

1812 3419 2027 3474 diabolo
2052 3419 2245 3473 frustra
2274 3427 2328 3472 et
2352 3427 2554 3474 temere
2579 3429 2634 3474 et
2659 3421 2774 3476 sine
2799 3436 2956 3476 causa
2987 3423 3269 3480 insidiante
3297 3441 3393 3479 ex—

1812 3510 1984 3580 cepit;
2017 3509 2111 3563 sed
2137 3518 2314 3563 tamen
2351 3510 2600 3578 qut-niam
2628 3525 2888 3581 generose
2910 3512 3047 3578 tulit,
3077 3521 3132 3567 et
3158 3514 3266 3568 Deo
3284 3514 3400 3569 haec

1816 3601 2138 3669 permittenti
2159 3601 2355 3670 gratias
2375 3601 2500 3670 egit,
2532 3600 2790 3671 integram
2807 3604 3099 3672 reportavit
3117 3619 3394 3660 coronam.

1877 3690 2016 3744 More
2045 3707 2144 3744 non
2172 3691 2490 3745 timenda.——
2533 3691 2610 3746 Ne
2633 3693 2792 3761 igitur
2807 3704 3020 3764 propter
3045 3704 3269 3749 mortem
3298 3701 3397 3749 tri-

1813 3785 1992 3846 steris,
2043 3794 2246 3838 natura:
2276 3785 2417 3839 enim
2445 3793 2528 3840 est
2562 3803 2576 3840 :
2609 3786 2818 3841 tristare
2850 3796 3064 3857 propter
3088 3798 3360 3857 peccatum
3380 3831 3394 3853 ,

1812 3877 2096 3931 voluntatis
2124 3877 2264 3931 enim
2295 3886 2380 3932 est
2403 3878 2580 3948 culpa.
2607 3878 2661 3934 Si
2699 3895 2826 3934 vero
2864 3890 3080 3950 propter
3114 3881 3393 3937 defunctos

1820 3967 2069 4032 tristaris,
2100 3977 2152 4021 et
2181 3977 2400 4036 propter
2429 3979 2708 4024 nascentes
2734 3969 2855 4024 dole
2886 3987 2899 4022 :
2934 3972 3067 4024 sicut
3107 3957 3249 4026 enim
3301 3972 3400 4027 hoc

1812 4067 1895 4113 est
1925 4069 2147 4124 naturm,
2176 4060 2253 4114 sic
2279 4070 2331 4114 et
2361 4059 2508 4114 illud.
2541 4060 2596 4115 Si
2621 4061 2738 4129 quis
2773 4061 2934 4131 igitur
2959 4069 3184 4116 mortem
3221 4063 3396 4117 mine-

1815 4160 1918 4217 tur,
1947 4151 2032 4205 dic
2059 4152 2158 4220 ipsi
2185 4168 2198 4205 :
2218 4150 2492 4206 institutus
2508 4167 2623 4206 sum
2641 4167 2672 4206 a
2693 4151 2904 4207 Christo
2925 4169 3028 4207 non
3051 4154 3167 4209 illos
3180 4155 3396 4222 timere,

1811 4242 1899 4308 qui
1921 4256 2118 4310 corpus
2159 4241 2506 4304 interimunt,
2553 4243 2784 4296 animam
2833 4259 2964 4298 vero
3013 4245 3259 4300 occidere
3305 4261 3399 4300 ne-

1809 4340 2013 4400 queunt
2063 4331 2275 4399 (Matth.
2311 4333 2397 4386 10.
2441 4333 2555 4402 28).
2607 4331 2662 4387 Si
2686 4333 2761 4387 rei
2782 4332 3055 4389 familiaris
3078 4337 3396 4404 publicatio-

1811 4439 1933 4477 nem
1988 4425 2238 4491 minetur,
2266 4425 2531 4497 responde
2560 4444 2572 4478 :
2601 4424 2785 4479 Nudae
2811 4427 2939 4480 exivi
2969 4429 3032 4481 de
3053 4439 3194 4482 utero
3220 4431 3399 4484 matris

1809 4530 1953 4579 aute,
2008 4528 2054 4570 et
2096 4517 2264 4570 nudus
2318 4527 2537 4569 revertor
2574 4517 2695 4569 illuc
2734 4515 2855 4587 (Job
2889 4519 2941 4571 1.
2971 4517 3032 4572 2|
3068 4517 3302 4590 )zNihil
3342 4522 3394 4574 in

1809 4605 1942 4657 hunc
1967 4606 2208 4658 mundum
2229 4608 2527 4672 intulimus;
2548 4608 2720 4677 palam
2747 4618 2820 4662 est
2849 4610 2986 4679 quod
3016 4627 3106 4664 nec
3127 4621 3396 4682 exportare

1807 4697 2078 4765 quidquam
2105 4699 2374 4765 poterimus
2415 4698 2489 4767 (1.
2509 4697 2644 4751 Tim.
2670 4701 2722 4754 6.
2747 4698 2802 4769 7)
2833 4717 2845 4752 :
2879 4709 2932 4754 et
2957 4701 3000 4754 si
3035 4713 3088 4754 tu
3119 4718 3222 4756 non
3263 4703 3390 4758 abs-

1809 4790 2016 4850 tuleris,
2073 4804 2218 4842 mors
2261 4792 2643 4858 superveniens
2677 4791 2901 4858 auferet,
2930 4794 3044 4846 etsi
3077 4803 3129 4848 tu
3156 4811 3260 4848 non
3301 4795 3392 4864 ju-

1805 4881 2090 4949 gulaveris,
2116 4889 2316 4935 natura:
2338 4883 2421 4936 lex
2449 4881 2609 4936 finem
2635 4882 2845 4937 afferet.
2870 4884 3007 4938 Nihil
3027 4885 3183 4954 igitur
3205 4901 3388 4941 eorum

1809 4973 2108 5038 timeamus,
2133 4990 2252 5042 qua)
2282 4975 2436 5029 nobis
2462 4985 2650 5028 natura
2689 4975 3007 5041 afferuntur,
3039 4977 3133 5032 sed
3154 4978 3241 5032 illa
3270 4993 3386 5048 qua:

1804 5081 1868 5120 ex
1899 5067 2034 5120 mala
2075 5068 2226 5121 nobis
2265 5070 2581 5137 proveniunt
2605 5068 2873 5122 voluntate
2902 5068 3026 5124 :illa
3065 5071 3206 5125 enim
3236 5073 3390 5128 nobis

1805 5175 2016 5229 [arenam
2040 5161 2249 5230 pariunt
2273 5178 2288 5215 :
2311 5160 2518 5230 hocque
2544 5160 2836 5230 cogitemus
2851 5162 3102 5216 continue
3117 5162 3168 5216 in
3184 5163 3248 5216 iis
3267 5179 3385 5232 quia:

1805 5253 1955 5305 nobis
1983 5253 2336 5321 inexspectata
2364 5252 2626 5318 accidunt,
2655 5251 2794 5321 quod
2825 5268 2930 5308 non
2955 5255 3383 5325 corrigemusilla

1802 5343 2076 5410 dolentes,
2107 5353 2161 5398 et
2185 5344 2369 5399 dolere
2411 5345 2715 5400 desinemus
2745 5361 2760 5397 ι
2793 5355 2846 5398 et
2897 5357 3086 5411 prmter
3115 5349 3214 5402 hoc
3251 5348 3381 5402 illud

1800 5451 2032 5505 quoque,
2065 5452 2161 5490 nos
2182 5437 2226 5491 si
2255 5438 2378 5508 quid
2405 5437 2596 5507 injuste
2623 5438 2672 5491 in
2707 5440 2952 5507 prtesenti
3002 5443 3223 5507 patimur
3249 5441 3378 5503 vita,

1800 5528 1962 5579 multa
1987 5539 2200 5596 peccata
2238 5527 2547 5583 dissolvere.
2576 5528 2774 5582 Idcirco
2799 5543 3048 5598 magnum
3078 5529 3273 5584 bonum
3299 5541 3381 5584 est

1799 5619 1885 5672 hic
1915 5618 2062 5674 luere
2088 5629 2324 5688 peccata,
2355 5631 2407 5674 et
2434 5635 2537 5674 non
2559 5619 2666 5674 illic
2691 5618 2918 5672 :etenim
2945 5617 3092 5673 dives
3109 5619 3198 5676 ille
3217 5635 3378 5692 grave

1803 5710 1930 5764 nihil
1949 5713 2167 5779 recepit,
2198 5719 2248 5764 et
2279 5720 2556 5780 propterea
2605 5709 2710 5764 illic
2739 5708 3098 5781 torquebatur.
3139 5707 3204 5765 Et
3238 5716 3385 5782 quod
