1966 3111
247 148 279 174 8¹⁷
613 142 641 171 S.
661 140 799 169 JOANNlS
810 134 1046 167 CllleSOSTOMI
1061 134 1220 162 ARCHIEI‘.
1234 131 1497 161 CONSTANTINOP.

248 203 298 229 hoc
310 205 380 228 esset
393 200 417 227 in
429 207 507 227 causa
522 205 555 226 ne
567 198 616 225 ulla
632 197 686 224 illic
701 196 832 223 frueretur
842 192 1032 224 consolatione,

247 248 308 275 audi
324 246 385 282 quid
399 246 469 273 dicat
485 244 615 271 Abraham
633 251 640 270 :
659 242 710 269 Fili
722 263 729 274 ,
747 240 861 275 recepisti
884 239 949 266 bona
969 243 1012 265 tua
1026 245 1036 265 :

249 299 380 328 propterea
387 291 506 318 cruciaris
516 290 590 325 (Luc.
606 289 648 316 l6.
662 287 719 323 9.5).
731 286 807 320 Quod
817 291 905 313 autem
916 284 976 311 ideo
984 283 1036 310 La-

249 347 312 366 zaro
327 339 394 365 bona
403 337 462 364 data
475 337 537 368 sint,
546 337 606 369 qttia
617 334 661 361 hic
670 341 730 361 cum
743 333 839 359 virtute
849 330 964 358 infinitas
974 337 1036 364 pas-

249 392 294 411 sus
303 388 358 410 crat
368 382 513 414 molestias,
526 379 700 415 patriarchatn
710 384 737 406 et
750 379 802 405 hoc
816 377 946 405 dicentem
964 375 1035 402 attdi.

250 430 315 457 Cum
330 428 400 456 enim
414 427 523 454 dixisset
535 425 609 453 diviti
626 434 632 452 :
649 424 775 457 Recepisti
786 424 850 450 bona
858 428 921 449 tua:
939 420 1035 452 intulit,

252 475 285 501 Et
297 474 409 500 Lazarus
416 473 493 504 male,
507 476 531 499 et
543 476 674 507 propterea
685 469 879 496 consolationem
889 468 964 501 capit.
977 467 1037 494 Sic-

251 523 280 545 ut
295 519 366 546 enim
387 518 412 544 in
433 518 529 543 virtute
545 516 664 543 viventes
675 519 702 542 et
717 513 831 541 tribulati
843 512 939 547 duplex
953 520 967 538 a
984 512 1038 537 Deo

251 564 563 592 habentemolumentum
579 570 586 588 :
599 562 638 588 sic
645 565 671 588 et
684 562 710 587 itt
723 561 786 588 vitio
797 560 887 586 virens
900 563 926 585 et
937 557 1038 585 deliciis

250 611 341 638 fruens
361 610 492 643 duplicem
508 608 615 636 habebit
635 614 751 642 pinnam.
773 606 888 633 Rursum
911 604 971 631 dico
985 611 1037 630 non

251 656 381 690 fugientes
391 662 518 681 accusans
532 662 539 680 :
551 653 666 680 Animam
680 653 750 679 enim
763 651 920 677 humilialam
935 658 966 676 ne
979 658 1038 684 per-

254 701 337 727 turbes
346 700 439 734 (Eccli.
449 700 473 726 Δ.
481 699 519 734 5),
529 699 626 733 inquit;
638 706 690 725 non
699 698 836 730 increpare
846 697 947 728 volens,
954 702 1039 729 aegro-

253 752 312 774 laus
328 747 398 773 enim
412 745 601 772 consolationis
624 744 723 778 indiget
737 752 744 769 :
758 744 806 770 sed
826 742 959 777 corrigere
981 747 1039 769 stu-

252 792 318 819 dens
334 801 340 818 :
355 799 388 818 ne
407 791 465 825 fuga
479 791 591 816 salutem
605 794 722 816 nostram
735 793 871 823 petamus;
888 787 935 814 sed
953 786 1039 822 fugia—

253 844 312 864 mus
320 841 435 870 peccata,
443 840 469 862 et
478 844 492 862 a
499 835 539 861 via
546 834 612 861 mala
620 834 783 862 recedamus.
794 833 822 860 Si
828 833 885 860 hzec
896 832 1049 867 fugerimus,

253 882 358 909 etiamsi
374 883 443 909 inter
453 882 605 908 innumeros
628 880 754 908 fuerimus
769 880 875 911 milites,
895 887 973 906 nemo
991 885 1039 905 nos

254 927 350 954 laedere
362 927 471 961 poterit;
485 927 507 954 si
524 926 580 953 lucc
594 934 648 953 non
667 925 822 960 ingerimus,
838 925 887 952 etsi
907 926 940 951 ad
953 924 1038 959 ipsum

254 972 383 1000 montium
395 973 520 999 verticem
532 971 741 1003 ascenderimus,
757 971 847 998 hostes
859 975 885 997 et
896 970 948 996 illic
959 976 1038 1003 repe-

255 1018 352 1045 riemus
372 1017 586 1044 innumerabiles.
607 1016 762 1043 Recorderis
781 1016 859 1050 igitur
871 1015 966 1042 iterum
980 1015 1039 1041 illo-

254 1072 312 1091 rum
323 1065 400 1090 trium
408 1071 562 1098 puerorum,
572 1063 615 1097 qui
624 1067 699 1089 erant
709 1063 775 1089 intra
784 1062 927 1093 fomacem,
940 1064 966 1087 et
975 1060 1040 1087 nihil

255 1116 333 1142 grave
349 1109 515 1142 patiebantur
531 1113 576 1135 :et
589 1115 681 1135 eorum
694 1107 738 1141 qui
757 1107 828 1141 ipsos
850 1107 997 1140 injecerant
1014 1110 1042 1133 et

253 1159 328 1181 extra
349 1154 483 1181 fornacem
498 1155 653 1185 manebant,
668 1157 797 1187 quotquot
816 1152 1039 1185 circumstabant,

256 1208 349 1227 omnes
371 1200 519 1234 consumpti
535 1205 605 1226 sunt.
624 1199 692 1233 Quid
713 1199 764 1226 hoc
788 1199 949 1225 mirabilius?
969 1198 1042 1231 Quos

254 1244 408 1272 continebat
416 1244 491 1279 ignis,
499 1244 610 1272 exsolvit
620 1253 627 1271 :
636 1251 702 1279 quos
711 1251 762 1271 non
770 1244 932 1275 continebat,
939 1244 1040 1278 rapuit:

257 1295 284 1317 ιιι
301 1290 388 1317 discas
405 1298 458 1317 non
472 1291 570 1321 locum,
584 1290 630 1317 scd
644 1298 747 1316 tuorum
762 1290 915 1324 qualitatem
931 1289 1041 1317 salutem

256 1341 283 1363 et
296 1343 398 1370 pamam
413 1335 511 1362 afferre
524 1344 530 1362 :
545 1336 683 1362 interiores
704 1334 851 1369 effugerunt
865 1355 872 1367 ,
897 1335 1042 1362 exteriores

258 1382 388 1417 absumpti
397 1386 466 1409 sunt.
477 1382 574 1409 Eadem
583 1389 694 1415 corpora
704 1386 730 1408 et
740 1381 781 1408 his
791 1388 850 1415 quae
862 1381 922 1413 illis,
935 1380 981 1407 sed
990 1388 1042 1407 non

258 1429 336 1456 iidem
346 1436 441 1456 sensus
452 1432 604 1462 :proptcrca
613 1435 661 1454 nec
670 1427 769 1454 eaedem
779 1427 922 1461 passiones.
932 1425 1043 1453 anum

257 1475 327 1501 enini
336 1475 384 1501 etsi
393 1473 561 1508 circumjacet
569 1477 654 1505 extra,
664 1472 786 1499 celeriter
800 1471 967 1499 accenditur:
977 1471 1045 1498 sicut

257 1524 349 1547 contra
360 1527 464 1551 aurum,
476 1519 536 1546 licet
555 1519 624 1545 intus
648 1522 764 1550 maneat,
778 1517 861 1552 magis
874 1516 1044 1552 splendescit.

295 1567 321 1593 5.
337 1566 385 1593 Ubi
402 1573 472 1592 nunc
492 1569 554 1592 sunt
568 1565 612 1599 qui
633 1564 735 1595 dicunt,
751 1563 845 1597 Capiat
858 1563 946 1590 omnia
961 1563 1046 1596 Impe-

260 1616 342 1643 rator,
353 1616 491 1644 eteorpus
512 1615 631 1637 nostrum
646 1610 690 1637 det
707 1609 836 1636 liberum?
850 1608 918 1641 Quid
937 1607 1045 1635 tandem

260 1657 304 1688 sit,
318 1664 377 1683 esse
391 1663 504 1690 corpore
519 1656 642 1687 liberum,
654 1654 767 1682 discant.
783 1653 842 1681 Non
859 1654 929 1680 enim
949 1653 1046 1680 immu-

260 1703 328 1729 nitas
339 1710 354 1729 a
368 1702 497 1736 supplicio
514 1709 611 1735 corpus
635 1701 696 1728 facit
719 1701 842 1731 liberum,
864 1699 910 1727 sed
926 1700 952 1726 in
970 1698 1047 1733 justi-

261 1749 294 1774 tia
310 1748 435 1775 continue
453 1747 664 1774 vivere..llorum
685 1747 764 1781 igitur
776 1753 918 1781 puerorum
937 1752 1048 1779 corpora

261 1792 344 1820 libera
353 1797 438 1825 erant,
450 1793 529 1819 etiam
547 1792 645 1819 fornaci
661 1791 756 1818 tradita
774 1800 780 1818 :
799 1792 897 1824 peccati
912 1791 981 1817 enim
993 1797 1050 1817 ser-

262 1839 371 1864 vitutem
388 1838 442 1872 jam
465 1837 566 1871 pridem
585 1837 772 1871 deposuerant.
793 1837 895 1863 Etenim
916 1836 974 1863 inec
994 1836 1049 1863 sola

264 1889 305 1910 cst
318 1883 437 1915 libertas,
454 1891 505 1909 non
520 1882 675 1916 supplicium
688 1881 813 1916 effugere,
832 1890 880 1908 nec
892 1889 971 1916 grave
985 1881 1048 1908 nihil

264 1928 327 1962 pati.
343 1928 382 1955 Tu
398 1935 461 1954 vero
472 1927 604 1955 fornacem
621 1927 742 1959 audiens,
758 1927 899 1954 recordare
912 1926 1049 1953 fluviorum

265 1974 333 2009 ignis
347 1974 390 2001 die
414 1974 460 2001 illo
483 1974 630 2001 tremendo.
647 1973 721 2000 Sicut
743 1972 813 2000 enim
828 1972 870 1999 hic
885 1972 933 1999 hos
943 1972 1050 2007 qttidem

265 2022 352 2056 rapuit
370 2022 447 2057 ignis,
461 2021 520 2048 illos
537 2025 624 2047 autem
645 2020 774 2047 reveritus
789 2024 830 2046 est
844 2028 851 2046 :
867 2019 906 2046 sic
919 2019 983 2045 etin
1000 2019 1052 2046 illis

265 2068 316 2094 erit
329 2067 415 2094 fluviis
431 2076 437 2093 :
452 2066 514 2094 etsi
528 2067 587 2101 quis
599 2066 693 2093 habeat
713 2066 793 2100 ligna,
810 2065 908 2091 ftenntn
920 2069 947 2091 et
968 2065 1052 2098 stipu-

266 2113 328 2144 lam,
352 2113 373 2138 is
395 2113 480 2147 ignem
504 2112 623 2139 accendit
639 2120 645 2137 :
661 2111 683 2138 si
705 2118 768 2137 vero
788 2111 848 2145 quis
868 2110 947 2136 habet
959 2117 1051 2136 aurum

268 2163 295 2184 et
312 2162 460 2192 argentum,
482 2157 511 2183 fit
524 2156 695 2191 splendidior.
723 2156 796 2182 llanc
818 2155 895 2189 igitur
916 2157 1052 2181 materiam

268 2209 468 2236 congregemus,
479 2206 505 2228 et
516 2201 653 2235 prtesentia
663 2207 791 2235 generose
800 2199 925 2231 feramus,
939 2199 1053 2226 scientes

269 2247 339 2281 quod
353 2247 387 2274 ab
402 2247 444 2273 illa
461 2253 538 2280 pmna
553 2253 670 2280 prtescns
682 2253 731 2272 nos
747 2244 878 2272 tribulatio
891 2243 1022 2276 liberavit,
1032 2244 1055 2270 si

271 2291 449 2327 philosophari
463 2291 588 2323 sciamus,
600 2295 627 2318 et
641 2291 684 2317 hic
694 2290 816 2317 meliores
826 2289 931 2321 efficiet,
946 2296 995 2316 nec
1008 2296 1056 2315 nos

270 2342 383 2368 tantum,
397 2336 442 2363 sed
453 2339 479 2362 et
493 2343 539 2363 eos
553 2342 633 2369 sape,
652 2335 695 2369 qui
719 2341 768 2361 nos
787 2334 914 2364 cruciant.
929 2334 950 2361 si
964 2333 1055 2367 vigile-

272 2390 348 2414 mus;
364 2386 434 2408 tanta
449 2381 489 2408 vis
503 2386 544 2408 est
564 2381 641 2415 hujus
663 2380 834 2415 philosophia:
855 2379 925 2414 quod
939 2383 966 2405 et
977 2379 1003 2405 in
1017 2383 1057 2414 ty-

274 2435 358 2455 ranno
382 2432 445 2455 tunc
466 2427 562 2454 factum
582 2432 633 2454 est.
644 2427 783 2461 Postquam
812 2426 884 2453 enim
906 2425 971 2452 vidit
993 2424 1057 2451 nihil

272 2481 352 2508 grave
363 2480 464 2508 passos,
478 2472 537 2499 audi
551 2471 684 2506 quomodo
703 2475 818 2498 mutatus
841 2475 882 2498 est
899 2479 905 2497 :
921 2469 993 2497 Servi
1011 2469 1058 2496 Dei

273 2519 399 2551 altissimi,
415 2520 487 2551 exite,
503 2518 598 2553 inquit,
609 2523 631 2545 et
644 2518 733 2545 venite.
748 2518 843 2544 Annon
859 2517 936 2552 paulo
948 2521 1009 2544 ante
1018 2516 1059 2542 di-

273 2565 363 2598 cebas,
377 2565 410 2591 Et
420 2565 475 2599 quis
487 2569 522 2591 est
539 2564 600 2591 deus
617 2564 657 2599 qui
669 2572 710 2590 vos
722 2572 753 2590 ea:
765 2564 878 2590 manibus
893 2563 953 2589 meis
966 2562 1061 2596 eripere

276 2611 352 2646 possit
361 2610 442 2645 (Dan.
454 2611 480 2637 5.
493 2610 537 2638 93.
551 2609 613 2644 f5)?
626 2601 695 2643 Quid
708 2609 803 2636 factum
818 2609 877 2636 est?
891 2608 959 2635 unde
973 2612 1060 2635 muta-

276 2657 331 2684 tio?
349 2656 465 2684 exterius
485 2656 586 2691 positos
608 2655 763 2688 absumptos
786 2653 882 2685 vidisti,
902 2657 928 2679 et
951 2652 1061 2679 interius

276 2707 376 2730 stantes
398 2701 496 2729 vocas?
521 2701 590 2727 unde
614 2700 660 2727 tibi
680 2699 768 2726 evcnit
791 2699 850 2726 talia
869 2697 1006 2725 meditari?
1019 2696 1063 2723 Vi-

277 2748 338 2775 disti
350 2752 447 2782 quanta
460 2745 514 2781 regi
527 2746 637 2773 mutatio
661 2744 728 2772 facta
750 2744 806 2772 est!
820 2742 925 2778 quando
946 2741 1062 2769 nondum

278 2794 349 2828 ipsos
362 2797 492 2824 tenuerat,
499 2791 709 2826 blasphemabat;
720 2794 857 2825 postquam
868 2795 933 2816 vero
943 2790 968 2815 lu
977 2788 1064 2823 ignem

281 2838 353 2872 ἱρεοδ
371 2838 495 2874 coniecit,
517 2836 761 2872 philosophabatur.
788 2836 928 2871 Propterea
950 2838 976 2862 et
996 2833 1065 2861 Deus

1844 130 1880 157 88

1093 188 1213 224 permisit
1226 188 1313 215 omnia
1328 188 1394 219 ficri,
1409 194 1581 223 qua‘cumque
1594 191 1721 222 tyrannus
1742 186 1835 218 voluit,
1849 193 1878 213 ιιι

1090 233 1284 261 demousxraret
1297 240 1311 259 a
1325 241 1354 259 se
1371 233 1517 259 custoditos
1540 231 1675 259 offendere
1697 239 1775 266 posse
1791 231 1877 259 nemi-

1091 287 1150 306 nent
1164 287 1171 305 :
1183 282 1213 306 et
1222 278 1291 313 quod
1307 278 1332 304 in
1347 278 1396 305 Job
1411 278 1482 310 fecit,
1505 278 1555 304 hoc
1568 282 1595 304 et
1619 277 1660 304 hic
1678 282 1803 311 operatus
1825 283 1877 307 est,

1092 324 1195 351 Etenim
1209 323 1264 351 illic
1279 323 1397 357 permisit
1410 323 1543 350 diabolum
1559 330 1664 349 otnnem
1687 329 1761 349 suam
1782 327 1876 356 poten-

1091 370 1153 397 tiam
1176 370 1315 397 ostendere
1329 378 1335 396 :
1350 374 1376 396 et
1390 373 1527 403 postquam
1549 375 1642 395 omnes
1657 368 1744 395 hausit
1757 370 1877 403 sagittas,

1091 422 1117 444 et
1131 416 1217 443 nullus
1229 416 1380 443 insidiarum
1396 415 1489 441 modus
1502 414 1618 449 reliquus
1640 414 1723 440 factus
1742 419 1793 445 est,
1818 419 1879 440 tunc

1092 471 1107 490 e
1119 463 1204 490 stadio
1222 462 1335 496 pugilem
1355 461 1456 492 eduxit.
1472 465 1499 487 ut
1513 461 1584 488 clara
1598 465 1625 487 et
1639 459 1783 487 indubitata
1805 459 1880 486 fieret

1092 508 1201 535 victoria
1214 517 1220 534 :
1233 511 1260 535 et
1269 507 1311 533 hic
1322 506 1371 533 hoc
1380 507 1464 541 ipsuut
1477 505 1547 533 fecit.
1562 505 1651 532 Voluit
1659 505 1775 539 ipsorum
1784 504 1880 531 urbem

1092 559 1227 586 evertere,
1244 557 1271 580 et
1292 560 1344 579 non
1365 551 1500 586 prohibuit
1515 560 1521 577 :
1536 550 1618 577 voluit
1632 550 1749 584 captivos
1769 549 1880 583 ducere,

1092 603 1118 624 et
1131 605 1182 624 non
1197 597 1333 632 impedivit
1347 605 1354 623 :
1369 595 1451 622 voluit
1472 595 1562 629 ligare,
1576 594 1708 621 concessit
1722 603 1730 621 :
1745 595 1770 620 in
1791 593 1883 620 forna-

1092 650 1150 669 cem
1164 642 1282 677 injicere,
1294 642 1433 676 permisit:
1449 640 1581 667 flamutam
1604 640 1673 666 ultra
1692 639 1798 666 modum
1821 646 1881 666 suo-

1093 688 1216 721 cendere,
1233 692 1260 714 et
1273 687 1324 714 hoc
1336 686 1456 721 permisit
1471 695 1476 712 :
1492 690 1520 712 et
1541 684 1646 719 quando
1667 683 1731 711 nihil
1751 684 1882 718 reliquum

1093 733 1187 766 fuerat,
1201 733 1246 760 sed
1262 740 1368 760 onmem
1388 732 1441 758 vim
1464 739 1537 758 suam
1561 735 1689 766 tyrannus
1710 730 1881 762 exhauserat,

1094 784 1157 807 tunc
1178 786 1252 805 suam
1278 778 1346 805 Deus
1358 777 1482 804 virtutem
1501 776 1691 803 demonstravit
1704 780 1729 801 et
1741 783 1882 809 puerorum

1094 824 1258 858 patientiam.
1273 822 1352 850 Vides
1372 822 1469 850 idcirco
1493 822 1575 849 Deum
1595 828 1679 854 usque
1692 820 1717 847 in
1735 820 1812 847 finem
1834 820 1883 847 tri-

1094 870 1243 897 bulationes
1255 869 1417 903 permisisse,
1430 871 1458 895 ut
1470 866 1654 894 insidiantibus
1674 871 1701 893 et
1715 866 1883 893 circumven-

1094 919 1179 942 torunt
1203 913 1412 948 philosophiam,
1435 917 1463 941 et
1484 920 1557 940 suam
1581 912 1774 939 demonstraret
1795 911 1884 945 provi-

1094 960 1229 987 dentiam?
1243 959 1308 993 Qua:
1322 965 1433 994 utraque
1446 963 1473 986 et
1485 959 1529 985 ille
1540 963 1602 985 tunc
1609 957 1714 984 discens
1728 957 1858 984 clamabat
1875 965 1881 982 :

1095 1006 1165 1033 Servi
1180 1005 1227 1032 Dei
1246 1005 1371 1038 altissimi,
1386 1005 1460 1037 exite,
1477 1009 1499 1030 et
1513 1006 1592 1030 venite
1611 1003 1669 1029 huc.
1683 1003 1722 1029 Tu
1736 1010 1799 1030 vero
1820 1002 1883 1029 mihi

1094 1051 1231 1078 considera
1261 1058 1401 1085 puerorum
1423 1049 1664 1084 magnanimitatem
1679 1056 1687 1074 :
1702 1055 1789 1082 neque
1811 1048 1885 1075 enim

1095 1101 1156 1123 ante
1170 1103 1260 1123 vocem
1274 1095 1442 1126 exsilierunt,
1457 1102 1489 1120 ne
1503 1094 1560 1128 quis
1581 1098 1685 1127 putaret
1707 1093 1778 1127 ipsos
1798 1093 1886 1127 ignem

1097 1142 1215 1169 tintuissc
1232 1150 1238 1169 :
1254 1149 1338 1175 neque
1361 1140 1446 1168 vocati
1467 1139 1537 1166 intus
1558 1143 1726 1170 manserunt,
1748 1145 1781 1165 ne
1801 1137 1887 1164 ambi-

1096 1187 1156 1214 tiosi
1170 1194 1230 1214 esse
1243 1191 1269 1213 et
1282 1185 1439 1213 contentiosi
1453 1184 1615 1211 viderentur.
1632 1184 1773 1218 Postquam
1792 1182 1887 1210 didici-

1096 1233 1141 1265 sti,
1154 1231 1285 1266 iuqztiunt,
1297 1230 1370 1265 cujus
1386 1237 1477 1257 smnus
1491 1229 1570 1259 servi,
1593 1234 1730 1263 postquam
1745 1227 1885 1255 Dominum

1098 1281 1216 1304 nostrum
1230 1276 1370 1311 agnovisti,
1379 1279 1441 1302 tunc
1451 1275 1564 1306 eximus,
1577 1271 1895 1308 pra'senlibusomnibus,

1097 1322 1175 1349 futuri
1188 1321 1284 1348 divina:
1309 1320 1431 1354 potentia:
1447 1325 1592 1353 prtcc0nes.
1610 1318 1665 1344 lmo
1686 1325 1749 1344 vero
1772 1325 1823 1343 non
1838 1318 1888 1351 ipsi

1099 1374 1211 1402 tantum,
1222 1368 1267 1396 sed
1276 1372 1302 1395 et
1313 1367 1395 1395 hostis
1407 1366 1509 1401 propria
1521 1373 1584 1393 voce
1593 1370 1619 1392 et
1630 1365 1716 1399 lingua
1723 1368 1750 1391 et
1761 1372 1806 1398 per
1817 1364 1889 1391 litte-

1098 1422 1141 1441 ras
1153 1414 1275 1441 omnihus
1292 1418 1347 1440 tum
1363 1412 1477 1447 pugilum
1497 1410 1683 1442 constantiam,
1706 1415 1761 1436 ttun
1788 1417 1889 1443 agono-

1100 1460 1180 1487 tbette
1202 1453 1324 1486 virtutem
1340 1457 1508 1492 prtedicabat.
1527 1456 1559 1483 Et
1573 1456 1640 1482 sicut
1655 1462 1791 1490 prmcones
1804 1455 1891 1481 athle-

1101 1510 1141 1532 tas
1155 1506 1269 1531 victores
1284 1504 1310 1531 in
1324 1503 1412 1530 medio
1426 1502 1528 1529 theatro
1541 1501 1753 1536 pr0nuntiautes,
1768 1500 1888 1534 ipsorum

1100 1558 1204 1585 quoque
1216 1550 1336 1578 civitates
1347 1549 1447 1579 dicunt,
1461 1547 1505 1574 Ille
1515 1547 1549 1574 de
1560 1546 1603 1573 tali
1617 1546 1739 1573 civitate:
1750 1545 1784 1571 ita
1795 1549 1822 1571 et
1833 1544 1888 1576 hic,

1100 1595 1213 1623 civitatis
1222 1594 1289 1625 loco,
1303 1596 1420 1629 ipsorum
1435 1593 1573 1619 Dominum
1587 1590 1748 1626 praedicavit,
1764 1590 1891 1622 Sedrach,

1102 1641 1212 1673 Hisaclt,
1227 1646 1250 1668 et
1265 1640 1410 1675 Abdenago,
1424 1640 1487 1666 servi
1500 1638 1549 1665 Dei
1559 1638 1685 1671 altissimi,
1697 1638 1796 1669 exite,et
1811 1638 1893 1664 venite

1102 1688 1161 1714 huc.
1173 1686 1240 1720 Quid
1261 1690 1347 1712 actum
1369 1689 1420 1717 est,
1443 1684 1512 1718 quod
1537 1684 1608 1718 ipsos
1622 1683 1669 1710 Dei
1688 1690 1779 1710 servos
1793 1682 1892 1709 vocas?

1103 1741 1190 1760 nonne
1213 1732 1249 1759 tui
1269 1736 1345 1759 erant
1365 1729 1519 1758 servi?Scd
1543 1737 1663 1764 regnum,
1687 1729 1780 1763 inquit,
1802 1736 1890 1755 meum

1103 1778 1290 1809 dissolverttut,
1300 1776 1450 1811 superbiam
1461 1782 1548 1802 meam
1559 1774 1788 1804 conculcavernnt,
1798 1781 1891 1800 verum

1104 1833 1151 1859 per
1162 1831 1243 1859 opera
1267 1831 1342 1850 suum
1365 1822 1580 1849 demonstravere
1599 1820 1748 1847 Dominum.
1762 1819 1790 1846 Si
1806 1819 1893 1846 homi-

1104 1878 1167 1898 num
1183 1870 1293 1897 fnissent
1307 1868 1387 1900 servi,
1397 1875 1448 1894 non
1458 1867 1608 1901 expavisset
1618 1866 1693 1901 ignis,
1708 1873 1759 1892 non
1767 1866 1894 1892 cessisset

1108 1915 1212 1942 ﬂamma
1227 1923 1233 1941 :
1249 1913 1384 1940 hominum
1397 1912 1468 1940 enim
1482 1919 1574 1938 servos
1592 1915 1713 1937 creatura
1735 1911 1852 1937 revereri
1866 1916 1894 1938 et

1106 1961 1236 1988 honorare
1251 1967 1303 1987 non
1320 1959 1400 1985 novit.
1416 1959 1557 1992 Propterea
1568 1957 1751 1991 rursusinquit
1763 1966 1769 1983 :
1782 1956 1894 1983 Benedi-

1105 2011 1159 2033 ctus
1167 2006 1236 2033 Deus
1244 2005 1368 2037 Sedrach,
1377 2004 1485 2037 Misce/1,
1493 2008 1514 2029 et
1524 2003 1657 2037 Abdermga
1667 2002 1747 2037 (Dan.
1755 2003 1781 2029 5.
1790 2002 1846 2037 95).
1854 2002 1894 2028 Tu

1106 2059 1193 2079 autent
1207 2052 1271 2079 mihi
1294 2051 1474 2085 contemplare
1495 2049 1628 2084 qttomodo
1643 2049 1755 2084 pritnttm
1772 2056 1896 2075 remune-

1107 2103 1220 2125 ratorem
1244 2097 1367 2132 prmdicat
1382 2106 1389 2124 :
1403 2097 1552 2123 Benedictus
1568 2095 1633 2122 Deus
1648 2096 1690 2129 qui
1701 2096 1766 2121 misit
1777 2095 1896 2130 angelum

1107 2152 1190 2175 suum,
1203 2149 1226 2171 et
1240 2144 1303 2170 eruit
1328 2151 1417 2178 pueros
1430 2150 1489 2169 suos
1500 2141 1605 2176 (Ibid.).
1620 2142 1675 2168 Hoc
1689 2142 1812 2175 potentia:
1825 2141 1871 2168 Dei
1887 2150 1895 2168 ε

1108 2189 1150 2216 dic
1162 2194 1188 2215 et
1209 2188 1366 2215 athletarum
1391 2188 1513 2214 virtutem
1531 2196 1537 2214 :
1555 2187 1679 2219 Quoniam
1698 2186 1855 2220 conﬁderunt
1870 2186 1897 2212 in

1109 2243 1148 2266 eo,
1161 2240 1183 2261 et
1196 2234 1294 2261 verbum
1309 2234 1373 2269 regis
1390 2234 1593 2265 immutaverunt,
1614 2238 1638 2258 et
1660 2233 1819 2259 tradiderunt
1837 2240 1897 2259 cor-

1110 2288 1172 2315 pora
1184 2288 1240 2312 sua,
1250 2288 1280 2306 ne
1294 2280 1411 2306 servirent
1426 2279 1474 2305 diis
1484 2278 1572 2305 alienis
1585 2277 1688 2313 (Ibid.).
1700 2277 1753 2304 Sed
1766 2277 1827 2311 quid
1841 2277 1897 2303 vir-

1112 2325 1160 2352 tuti
1183 2333 1230 2360 par
1253 2332 1312 2352 esse
1331 2325 1437 2359 posset?
1450 2325 1533 2350 Antea
1556 2322 1662 2357 quando
1684 2323 1821 2355 dixerunt,
1843 2322 1899 2348 Diis

1111 2372 1159 2398 tuis
1172 2379 1221 2398 non
1232 2371 1353 2397 servimus
1368 2369 1421 2405 (Ib.
1436 2377 1462 2396 v.
1478 2368 1643 2403 l8).fornace
1657 2368 1755 2394 suavius
1768 2375 1898 2395 accensus

1111 2421 1151 2444 cst
1167 2426 1173 2443 :
1189 2421 1325 2450 postquam
1342 2423 1406 2441 vero
1424 2422 1470 2449 per
1483 2414 1538 2448 ipsa
1555 2421 1634 2447 opera
1650 2412 1700 2439 ltoc
1714 2412 1899 2445 ostenderunt,

1112 2472 1164 2491 non
1187 2468 1287 2490 tantum
1308 2470 1361 2489 non
1382 2462 1530 2496 indignatus
1544 2464 1594 2493 est,
1605 2460 1651 2487 sed
1674 2459 1788 2486 laudavit
1802 2463 1829 2485 et
1853 2458 1902 2485 ad-

1114 2511 1224 2538 miratus
1239 2515 1291 2543 est,
1302 2510 1372 2545 quod
1388 2509 1438 2536 sibi
1451 2516 1503 2535 non
1517 2508 1679 2535 obedissent.
1690 2506 1801 2533 Tantum
1817 2505 1903 2532 virtus

1114 2557 1227 2588 bonum,
1255 2561 1283 2583 ut
1305 2560 1333 2583 et
1354 2555 1426 2589 ipsos
1448 2554 1539 2581 bOSIes
1561 2553 1658 2580 habeat
1681 2552 1855 2579 admiratores
1874 2555 1902 2578 et

1115 2602 1273 2630 laudatores.
1288 2601 1325 2628 llli
1342 2604 1532 2635 pugnaverunt,
1544 2602 1745 2632 superaverunt,
1756 2600 1783 2623 et
1797 2596 1853 2630 ipse
1864 2596 1903 2622 vi.-

1114 2653 1173 2675 ctus
1185 2647 1282 2682 gratias
1295 2646 1396 2681 agebat,
1410 2645 1479 2680 quod
1492 2652 1543 2671 non
1557 2644 1628 2677 ipsos
1640 2642 1776 2670 terruisset
1789 2640 1903 2667 fiatnma:

1115 2699 1248 2729 aSpectns,
1272 2692 1318 2720 sed
1342 2699 1402 2726 Spes
1417 2692 1441 2718 in
1458 2691 1596 2717 Dominum
1617 2688 1751 2716 consolata
1775 2691 1857 2718 esset,
1877 2692 1906 2714 et

1117 2740 1256 2767 Dominum
1271 2738 1344 2767 orbis
1357 2742 1486 2765 terrarum
1498 2743 1530 2763 ex
1543 2735 1627 2762 tribus
1638 2733 1727 2767 pueris
1741 2737 1835 2763 vocat,
1850 2739 1904 2759 non

1118 2786 1199 2821 ipsius
1211 2784 1351 2819 imperium
1367 2783 1419 2811 fine
1432 2783 1486 2809 ullo
1500 2780 1671 2811 concludens,
1681 2778 1727 2806 sed
1741 2775 1811 2812 quod
1821 2777 1905 2804 instar

1118 2832 1191 2860 orbis
1214 2836 1342 2860 terrarum
1358 2829 1433 2865 pueri
1457 2833 1511 2856 tres
1529 2830 1639 2855 essent:
1657 2828 1795 2862 propterea
1811 2826 1849 2850 tot
1860 2827 1905 2858 ty-
