3932 6222
201 329 266 382 87
1189 321 1282 376 AD
1315 319 1642 378 POPULUM
1688 320 2190 376 ANTIOCHENUM
2235 315 2467 376 HOMIL.
2507 318 2594 376 Vl.
3582 323 3652 376 88

194 435 313 489 Καὶ
337 435 419 490 ὅτι
445 433 600 488 τοῦτο
624 430 693 506 ἦν
733 433 903 489 αἴτιον
931 436 1023 488 τοῦ
1065 436 1334 507 μηδεμιᾶς
1367 437 1528 489 αὑτὸν
1570 435 1876 490 ἀπολαῦσαι

192 523 590 594 παραμυθίας,
628 523 861 580 ἄκουσον
912 525 965 576 τί
1005 542 1169 594 φησιν
1203 527 1231 576 6
1282 523 1568 595 θΑϐραάμ·
1625 523 1878 586 Τέκνον,

1984 435 2163 487 αὐτῶν
2183 437 2509 506 ἐκράτησεν,
2533 432 2868 504 ἐϐλασφήμει
2896 449 2910 465 ο
2937 431 3124 504 ἐπειδὴ
3147 432 3194 486 δί
3233 432 3428 498 αὐτοὺς
3461 433 3650 487 ἐνέϐα-

1987 522 2077 574 λεν
2110 524 2190 586 είς
2219 525 2279 576 τὸ
2307 521 2437 594 πῦρ,
2467 520 2794 590 ἐφιλοσόφει.
2829 519 2928 573 Διὰ
2961 519 3120 572 τοῦτο
3143 532 3237 573 και
3282 521 3313 573 6
3357 519 3490 584 Θεὸς
3528 537 3651 572 συν-

193 603 498 678 ἁπέλαϐες
528 613 599 665 τὰ
625 610 820 680 ἀγαθά
852 626 990 671 σου,
1029 611 1125 666 διὰ
1155 612 1326 665 τοῦτο
1357 611 1653 666 ὀδυνᾶσαι
1676 629 1690 644 ο
1719 612 1800 664 ὅτι
1825 611 1882 664 δέ
1988 607 2234 680 εχώρησε
2269 609 2448 663 πάντα
2478 606 2750 676 γενέσθαι,
2775 607 2874 660 ὅσα
2901 607 2930 659 6
2960 605 3222 678 τύραννος
3255 606 3530 676 ήθέλησεν,
3564 608 3651 661 ἵνα

195 697 296 750 κα)⁸
333 697 410 768 τῷ
433 697 664 769 Λαζάρῳ
691 699 759 751 τὰ
781 697 960 767 ἀγαθά
994 699 1131 769 μετά
1160 700 1256 771 τῆς
1288 699 1486 770 αρετῆς
1508 699 1600 752 καὶ
1622 699 1682 752 τὸ
1710 697 1877 770 μυρία

194 784 437 839 ἐνταῦθα
473 786 665 840 παθεῖν
707 785 857 840 δεινά
892 787 1240 857 προεξένησε,
1276 787 1368 839 τοῦ
1412 786 1748 858 πατριάρχου
1785 786 1878 840 καὶ

191 871 372 926 ταῦτα
395 873 644 941 λέγοντος
669 873 921 928 άκουσον.
950 870 1132 927 Εἰπὼν
1165 874 1274 944 γὰρ
1313 873 1390 943 τῷ
1445 873 1700 943 πλουσίῳ,
1750 874 1877 927 Ἁπ-

191 957 410 1025 ἐλασες
437 960 510 1014 τὰ
549 959 740 1029 ἀγαθά
766 976 904 1022 σου,
950 961 1250 1030 ἐπήγαγεν,
1290 961 1372 1012 ὃτι
1405 962 1514 1014 Καὶ
1545 965 1578 1015 ὀ
1618 959 1877 1028 Λάζαρος

193 1044 271 1098 τὰ
305 1045 461 1098 κακά
488 1062 503 1078 ο
542 1045 640 1099 καὶ
681 1045 780 1099 διὰ
816 1047 992 1100 τοῦτο
1037 1048 1481 1113 παρακαλεῖται.
1521 1049 1729 1119 Ὠσπερ
1768 1047 1876 1121 γὰρ

193 1135 248 1185 οἱ
285 1134 345 1186 ἐν
381 1133 548 1207 ἀρετῇ
586 1131 790 1196 ζῶντες
835 1135 932 1187 καὶ
967 1134 1272 1205 θλιϐόμενοι
1299 1135 1520 1188 διπλοῦν
1548 1136 1606 1188 τὸ
1636 1136 1824 1208 κέρδος
1846 1149 1871 1177 ι

195 1221 351 1292 παρά
377 1222 472 1274 τοῦ
502 1220 637 1274 Θεοῦ
671 1220 1061 1292 λαμϐάνουσιν,
1091 1222 1265 1286 οὕτως
1292 1225 1322 1276 6
1355 1224 1413 1277 ἐν
1442 1224 1612 1296 κακίᾳ⁵
1645 1223 1753 1288 ζῶν
1783 1227 1874 1278 καὶ

192 1307 419 1378 τρυφῶν
442 1307 637 1378 διπλῆν
664 1308 776 1373 ἐξει
809 1309 910 1378 τὴν
946 1309 1187 1363 κόλασιν.
1234 1311 1400 1364 Πάλιν
1431 1310 1573 1379 λέγω
1607 1311 1729 1382 οὐχὶ
1765 1313 1874 1365 τῶν

193 1397 507 1464 φευγόντων
555 1398 878 1468 κατηγορῶν
925 1397 1180 1467 (Ψυχὴν
1213 1397 1319 1470 γάρ
1360 1400 1873 1466 τεταπεινωμένην

184 1483 278 1552 μὴ
311 1484 750 1553 προσταρὰξῃς,
780 1484 977 1556 φησὶν)
999 1525 1013 1549 ,
1043 1485 1164 1538 οὐδὲ
1196 1487 1522 1558 ἐπιτιμῆσαι
1552 1486 1872 1557 βουλόμενος

192 1575 256 1639 (6
290 1573 399 1643 γὰρ
449 1573 620 1626 νοσῶν
674 1574 1073 1645 παρακλήσεως
1125 1575 1354 1645 δεῖται),
1399 1575 1535 1629 ἀλλά
1581 1574 1870 1647 διορθῶσαι

191 1659 534 1724 σπουδάζων,
573 1659 647 1731 μὴ
686 1663 752 1731 τῇ
794 1663 940 1731 φυγῇ
989 1663 1091 1732 τὴν
1135 1662 1408 1733 σωτηρίαν
1445 1663 1604 1734 ήμῶν
1637 1662 1870 1734 ἐγχειρί-

189 1746 400 1816 ζωμεν,
435 1746 570 1800 ἀλλά
600 1747 862 1818 φύγωμεν
907 1749 1204 1819 ἁμαρτίας,
1251 1749 1576 1819 ἀποστῶμεν
1620 1749 1726 1801 ἀπὸ
1768 1749 1868 1818 τῆς

185 1832 315 1884 ὀδοῦ
349 1833 449 1904 τῆς
485 1836 748 1906 πονηρᾶς.
794 1834 920 1888 Ἐάν
952 1833 1148 1898 ταύτας
1187 1835 1468 1906 φύγωμεν,
1509 1835 1610 1888 κᾶν
1664 1835 1866 1901 μεταξὺ

191 1920 406 1990 μυρίων
437 1915 585 1992 ῶμεν
616 1921 983 1993 στρατιωτῶν,
1018 1922 1193 1984 οὐδεὶς
1226 1924 1373 1993 ήμᾶς
1414 1922 1614 1994 πλῆξαι
1644 1924 1864 1994 δυνήσει

183 2022 313 2058 ται·
350 2007 445 2060 ἐὰν
468 2007 670 2072 ταύτας
705 2007 778 2079 μὴ
806 2008 1088 2079 φύγωμεν,
1117 2009 1219 2063 κᾶν
1247 2011 1327 2072 είς
1360 2011 1531 2080 αὐτὴν
1559 2009 1666 2063 τῶν
1697 2011 1867 2081 ὀρέων

182 2092 289 2163 τὴν
324 2095 569 2165 κορυφὴν
611 2095 919 2166 ἀναδῶμεν,
957 2095 1248 2166 πολεμίους
1273 2097 1391 2149 ἐκεῖ
1429 2097 1731 2168 εὑρήσομεν
1767 2116 1867 2168 μυ-

189 2181 365 2250 ρίους.
425 2181 828 2253 Ἀναμνήσθητι
875 2182 1006 2250 γοῦν
1045 2183 1154 2235 τῶν
1193 2183 1359 2254 τριῶν
1395 2185 1600 2237 παίδων
1644 2185 1866 2238 ἐκείνων

184 2267 378 2332 πάλιν,
413 2267 463 2320 οἳ
502 2268 648 2322 ἔνδον
671 2264 812 2341 ἦσαν
853 2272 910 2322 ἐν
938 2273 1004 2340 τῇ
1051 2270 1289 2340 καμίνῳ,
1334 2271 1429 2323 καὶ
1475 2271 1628 2324 οὐδὲν
1667 2271 1866 2324 ἔπαθον

183 2354 396 2409 δεινόν’
436 2356 529 2409 καὶ
561 2357 670 2411 τῶν
697 2357 1040 2428 ἐμϐαλόντων
1081 2361 1279 2422 αὐτοὺς
1329 2359 1526 2426 ἔξωθεν
1566 2361 1666 2431 τῆς
1698 2363 1865 2432 καμί-

183 2459 302 2503 νου,
337 2443 452 2496 δσοι
480 2445 893 2518 περιεκάθηντο,
938 2447 1139 2511 πάντες
1180 2447 1611 2520 ἐδαπανήθησαν.
1653 2449 1720 2501 Τί
1749 2449 1866 2502 τού-

181 2547 280 2582 του
324 2531 785 2604 παραδοξότερον;
834 2532 941 2597 Οὓς
989 2537 1240 2606 κατεῖχεν
1284 2535 1441 2588 ἔλυσε
1481 2535 1546 2588 16
1587 2535 1718 2608 πῦρ,
1770 2537 1865 2590 καὶ

182 2617 281 2680 οὓς
310 2619 372 2670 ού
415 2623 666 2690 κατεῖχεν
706 2621 990 2691 ἥρπασεν·
1028 2623 1114 2676 ἵνα
1159 2623 1356 2694 μάθῃς,
1387 2624 1468 2677 ὅτι
1513 2624 1632 2694 οὐχ).
1676 2623 1860 2688 τόπος,

181 2705 324 2759 ἀλλά
356 2707 553 2776 τρόπος
593 2709 866 2780 σωτηρίαν
904 2711 1060 2781 φέρει
1096 2711 1190 2764 καὶ⁸
1216 2713 1468 2774 κόλασιν,
1511 2713 1560 2765 οἰ
1601 2711 1748 2766 ἔνδον
1788 2712 1862 2765 δι-

179 2794 420 2863 έφυγον,
461 2796 510 2848 οἰ
542 2795 646 2860 ἔξω
688 2796 1074 2869 διεφθάρησαν.
1108 2799 1190 2852 Τά
1229 2799 1368 2854 αὐτὰ
1410 2800 1636 2871 σώματα
1678 2802 1863 2853 κάκεί-

179 2897 299 2944 νοις
322 2881 417 2934 καὶ
444 2883 673 2947 τούτοις,
707 2884 821 2939 ἀλλ’
850 2886 910 2938 ού
941 2886 1009 2940 τὰ
1027 2885 1168 2940 αύτά
1195 2890 1549 2958 φρονήματα*
1583 2888 1670 2941 διὰ
1703 2885 1862 2941 τοῦτο

178 2967 306 3021 οὐδὲ
326 2968 397 3021 τὰ
420 2969 560 3022 αύτά
593 2969 764 3040 πάθη.
798 2972 910 3025 Καὶ
945 2971 1053 3043 γὰρ
1090 2974 1120 3026 6
1162 2973 1352 3043 χόρτος
1399 2972 1499 3026 κᾶν
1549 2973 1654 3038 ἔξω
1701 2991 1857 3045 περι-

180 3052 405 3122 κέηται,
434 3055 646 3126 ταχέως
677 3057 1006 3111 ἀνάπτεται·
1039 3057 1228 3131 ὥσπερ
1272 3055 1366 3114 οὖν
1402 3060 1462 3113 τὸ
1503 3062 1724 3132 χρυσίον
1756 3063 1859 3116 κᾶν

179 3140 334 3194 ἔνδον
369 3142 525 3216 μένῃ.
561 3141 823 3212 μειζόνως
855 3145 1224 3216 φαιδρύνεται.

251 3225 317 3280 ε’.
337 3228 448 3281 Ποῦ
463 3229 558 3282 νῦν
573 3231 709 3285 εἰσιν
727 3232 776 3284 οἰ
805 3230 1072 3301 λέγοντες·
1093 3233 1277 3288 Πάντα
1301 3233 1512 3288 λαϐέτω
1537 3234 1566 3286 ό
1587 3229 1856 3305 βασιλεὺς,

177 3314 280 3366 καὶ
306 3314 370 3368 16
397 3314 556 3385 σῶμα
589 3317 720 3386 ἡμῖν
749 3317 1032 3390 ἐλεύθερον
1061 3320 1228 3387 δότω;
1259 3321 1324 3374 Τί
1365 3321 1494 3374 ποτέ
1523 3323 1660 3388 ἐστι,
1698 3321 1858 3393 σῶμα

179 3402 471 3475 ἐλεύθερον
505 3399 665 3467 εἶναι,
703 3406 1140 3476 μανθανέτωσαν.
1179 3411 1253 3462 Οὐ
1286 3409 1395 3481 γὰρ
1423 3409 1486 3462 τὸ
1518 3410 1591 3482 μὴ
1636 3410 1857 3474 κολάζε-

179 3489 311 3544 σθαι
336 3490 495 3544 τοῦτο
516 3492 796 3566 ἐλεύθερον
825 3498 970 3548 ποιεῖ
991 3495 1170 3566 σῶμα,
1198 3497 1332 3549 ἀλλὰ
1359 3497 1420 3550 τὸ
1446 3498 1545 3568 ζῇν
1577 3499 1632 3551 ἐν
1658 3499 1858 3552 δικαιο-

181 3577 322 3652 σύνῃ
368 3579 650 3650 διηνεκῶς.
701 3581 919 3636 Τούτων
961 3583 1092 3652 γοῦν
1132 3583 1236 3639 τῶν
1281 3583 1484 3638 παίδων
1523 3584 1593 3638 τά
1631 3585 1857 3657 σώματα

179 3667 447 3737 ἐλεύθερα
494 3664 562 3739 ῆν
596 3671 691 3724 καὶ
739 3669 954 3741 καμίνῳ
1001 3669 1403 3742 παραδοθένταο
1458 3671 1557 3743 τὴν
1603 3673 1712 3744 γὰρ
1757 3674 1857 3745 τῆς

177 3754 458 3826 ἁμαρτίας
489 3755 731 3808 δουλείαν
763 3756 1024 3810 ἀπέθεντο
1051 3758 1248 3812 πάλαιο
1282 3759 1375 3813 καί
1397 3759 1505 3832 γὰρ
1527 3760 1686 3814 τοῦτό
1709 3765 1857 3816 ἐστιν

177 3841 467 3912 ἐλευθερία
509 3842 687 3912 μόνον,
718 3844 779 3897 οὐ
804 3845 865 3897 τὸ
898 3844 972 3916 μὴ
997 3846 1336 3912 κολάζεσθαι,
1369 3847 1505 3918 μηδέ
1539 3849 1770 3919 πάσχειν
1802 3868 1855 3904 τι

175 3929 351 3982 δεινόν
374 3930 422 3983 δ.
451 3930 522 3982 Σὺ
551 3930 606 3984 δὲ
628 3930 782 3996 είδὼς
807 3931 921 4005 [80]
949 3932 1050 4003 τὴν
1073 3934 1322 4004 κάμινον,
1355 3935 1729 4008 ἀναμνήσθητι
1749 3935 1857 3990 τῶν

176 4015 276 4070 τοῦ
309 4018 483 4088 πυρὸς
509 4018 788 4089 ποταμῶν,
816 4020 923 4072 τῶν
957 4020 1098 4073 κατά
1125 4021 1225 4090 τὴν
1254 4021 1468 4092 ἡμέραν
1496 4023 1594 4094 τὴν
1620 4022 1856 4094 φοϐερὰν

177 4104 418 4175 ἐκείνην.
456 4104 722 4176 Καθάπερ
753 4106 862 4177 γὰρ
899 4106 1132 4160 ἐνταῦθα
1161 4109 1288 4170 τοὺς
1319 4109 1417 4177 μὲν
1443 4109 1659 4180 ἥρπασε
1679 4151 1693 4173 ,
1729 4113 1856 4176 τοὺς

175 4191 233 4244 δὲ
260 4191 462 4263 ήδέσθη
497 4193 559 4245 16
593 4192 724 4265 πῦρ,
757 4192 900 4247 οὕτω
942 4194 1036 4247 καὶ
1083 4196 1176 4247 ἐπὶ
1207 4195 1314 4247 τῶν
1345 4197 1603 4267 ποταμῶν
1631 4199 1854 4253 ἐκείνων

179 4279 376 4333 ἔσται’
400 4279 502 4333 κᾶν
531 4280 630 4350 μέν
652 4298 736 4345 τις
763 4281 863 4353 ἔχῃ
891 4281 1102 4353 χόρτον,
1132 4281 1290 4348 ξύλα,
1320 4283 1594 4354 καλάμην,
1625 4285 1853 4341 ἀνάπτει

177 4367 238 4419 τὺ
269 4366 385 4437 πῦρ
402 4380 420 4398 ⁸
447 4366 511 4420 ἂν
543 4367 598 4420 δέ
623 4384 707 4431 τις
734 4367 831 4438 ἔχῃ
855 4369 1075 4439 χρυσὸν,
1112 4368 1372 4440 ἄργυρον,
1404 4372 1752 4444 φαιδρότερος
1771 4375 1854 4444 γί-

174 4472 348 4509 νεται.
366 4454 583 4526 Ταύτην
606 4455 785 4509 τοίνυν
803 4456 904 4527 τὴν
922 4455 1052 4526 ὓλην
1072 4458 1488 4528 συναγάγωμεν,
1517 4461 1609 4514 καὶ
1625 4462 1691 4516 τὰ
1714 4480 1849 4534 παρ-

173 4542 304 4606 όντα
339 4542 596 4612 φέρωμεν
624 4544 907 4610 γενναίως,
941 4543 1143 4605 εἰδότες
1202 4544 1284 4598 ὅτι
1317 4546 1409 4598 καὶ
1451 4546 1666 4619 ἐκείνης
1704 4550 1854 4620 ἡμᾶς

172 4628 275 4700 τῆς
302 4627 577 4691 κολάσεως
599 4629 633 4698 ή
662 4626 911 4700 παροῦσα
945 4629 1241 4696 ἀπαλλάξει
1268 4630 1475 4700 θλῖψις,
1507 4632 1600 4687 ἐὰν
1623 4633 1852 4705 εἰδῶμεν

173 4716 514 4784 φιλοσοφεῖν,
535 4715 630 4768 καὶ
649 4714 885 4770 ἐνταῦθα
905 4716 1147 4787 βελτίους
1168 4716 1481 4788 ἐργάσεται,
1509 4720 1606 4791 οὐχ
1631 4721 1777 4792 ἡμᾶς
1793 4724 1852 4778 δὲ

175 4804 362 4874 μόνον,
412 4801 546 4857 ἀλλά
576 4803 669 4857 καὶ
703 4804 830 4869 τοὺς
867 4804 1207 4875 ἐμϐαλόντας
1236 4807 1386 4876 ἡμᾶς
1433 4807 1711 4874 πολλάκις,
1755 4813 1852 4865 ἐὰν

170 4892 470 4960 νήφωμεν·
510 4890 746 4961 τοσαύτη
784 4890 884 4962 τῆς
927 4891 1245 4960 φιλοσοφίας
1289 4891 1322 4963 ή
1362 4895 1680 4964 περιουσία·
1718 4896 1747 4949 6
1786 4897 1851 4967 δὴ

173 4977 269 5030 καὶ
307 4977 404 5030 ἐπὶ
443 4977 536 5031 τοῦ
581 4977 846 5047 τυράννου
890 4978 1011 5031 τότε
1047 4978 1289 5047 γέγονεν.
1343 4980 1558 5052 Ἐπειδὴ
1591 4982 1701 5055 γὰρ
1744 4981 1851 5038 εἰδε

173 5063 346 5133 μηδὲν
395 5064 670 5128 παθόντας
709 5063 902 5128 δεινὸν,
935 5063 1167 5119 ἄκουσον
1209 5064 1329 5129 πῶς
1384 5068 1709 5138 μετεϐάλετο
1731 5087 1746 5102 θ
1786 5074 1851 5125 Ol

171 5149 384 5204 δοῦλοι
401 5151 506 5205 τοῦ
529 5151 675 5205 Θεοῦ
692 5152 800 5206 τοῦ
814 5153 1102 5220 ὑψίστου,
1119 5153 1395 5218 ἐξέλθετε
1417 5156 1514 5209 καί
1537 5156 1731 5222 δεῦτε,
1755 5175 1852 5230 φη-

172 5236 276 5288 σίν.
297 5237 372 5288 Ού
396 5236 499 5307 πρὸ
525 5237 722 5308 μικροῦ
745 5236 931 5306 ἔλεγες
950 5249 996 5300 α,
1027 5238 1132 5292 Καὶ
1151 5238 1239 5304 τίς
1256 5239 1387 5292 ἐστι
1409 5240 1563 5306 θεὸς,
1583 5240 1652 5308 ὃς
1666 5242 1850 5310 6121-71-

170 5339 341 5376 σεται
368 5323 682 5388 ἐξελέσθαι
709 5323 866 5394 ὑμᾶς
890 5325 958 5378 ἐκ
986 5325 1103 5379 τῶν
1124 5326 1339 5396 χειρῶν
1353 5344 1510 5395 μου;
1540 5329 1604 5382 Τί
1626 5330 1845 5400 γέγονε;

169 5409 338 5464 πόθεν
370 5412 405 5481 ή
439 5410 746 5484 μεταϐολή;
797 5412 922 5476 τοὺς
966 5411 1067 5480 ἔξω
1103 5412 1498 5484 διαφθαρέντας
1544 5411 1703 5482 εἶδες,
1753 5422 1847 5474 καὶ

167 5500 298 5561 τοὺς
324 5497 475 5551 ἔνδον
500 5498 714 5564 καλεῖς;
746 5499 907 5553 πόθεν
928 5500 1128 5570 ἐπῆλθέ
1160 5517 1243 5553 σοι
1266 5500 1488 5556 τοιαῦτα
1511 5503 1844 5576 φιλοσοφεῖν;

169 5581 324 5648 Εἶδες
378 5585 522 5656 πόση
575 5586 846 5658 μεταϐολὴ
894 5588 972 5659 τῷ
1017 5589 1229 5656 βασιλεῖ
1264 5590 1518 5658 γέγονεν;
1559 5585 1649 5645 ὅτε
1696 5593 1847 5650 οὔπω

233 5706 260 5773 _‘
289 5703 793 5773 ἑίίίδιπλοῦν-ξχουσι
817 5708 874 5757 τὸ
894 5710 1073 5773 κέρδος.

232 5767 260 5838 ξι
287 5766 441 5840 δεινῇ.
467 5774 529 5838 εξ
539 5766 736 5840 (ιυίεξιὶηι
757 5783 872 5818 mss.
898 5766 1059 5840 τιξτῶν
1075 5773 1262 5840 ῥανῶν.
1289 5772 1398 5840 Μοι
1418 5775 1505 5840 ξιὶί
1519 5773 1608 5825 τοῦ
1624 5779 1844 5840 ποταμοῦ

173 5827 258 5876 τοῦ
278 5829 426 5898 πυρὸς
442 5827 664 5898 τοῦ,σίἱί
683 5831 765 5878 τὸν
783 5833 996 5892 ποταμὸν
1017 5831 1104 5881 τοῦ
1133 5836 1278 5898 πυρὸς
1303 5835 1402 5884 τόν.
1427 5835 1555 5888 Infra
1592 5840 1691 5890 duo
1731 5827 1846 5891 ἇνάξ

173 5906 282 5936 mu.
300 5891 388 5952 τήν
409 5890 578 5952 φλόγα,
603 5891 676 5940 ἄν.

235 5952 261 5982 ι
290 5950 426 5998 Sam
470 5959 524 6000 et
542 5953 724 6014 aliquot
748 5967 862 6004 mss.
885 5955 976 6014 πρὸ
999 5956 1198 6020 βραχέος
1222 5957 1393 6019 ἔλεγες·

1982 694 2152 766 δείξῃ,
2213 695 2294 748 ὅτι
2323 696 2448 759 τοὺς
2485 696 2576 747 ὑπ’
2604 694 2771 747 αὑτοῦ
2807 693 3240 764 φυλαττομένους
3271 693 3446 760 οὐδεὶς
3468 711 3649 764 παρα·-

1977 780 2181 851 ϐλάψαι
2210 782 2497 853 δυνήσεται
2517 799 2531 812 ο
2557 783 2651 835 καὶ
2682 783 2818 852 ὅπερ
2845 781 2936 834 ἐπὶ
2962 781 3056 833 τοῦ
3091 780 3210 833 Ἰὼϐ
3234 781 3477 851 ἐποίησε,
3493 782 3652 835 τοῦτο

1979 869 2074 922 καὶ
2105 869 2342 922 ἐνταῦθα
2379 869 2695 940 εἰργάσατο.
2728 869 2837 922 Καὶ
2864 868 2972 939 γὰρ
3003 869 3118 922 ἐκεῖ
3151 869 3328 938 ἀφῆκε
3359 869 3451 921 τὸν
3471 868 3650 923 διάϐο-

1978 956 2068 1008 λον
2095 958 2275 1010 πᾶσαν
2309 956 2474 1010 αὐτοῦ
2505 958 2604 1028 τὴν
2631 957 2858 1027 δύναμιν
2878 954 3268 1020 ἐπιδείξασθαι,
3288 956 3380 1009 καὶ
3413 957 3501 1009 ὅτε
3525 955 3647 1008 ἐκέ-

1976 1061 2116 1096 νωσε
2169 1044 2238 1098 τὰ
2299 1044 2428 1116 βέλη
2481 1047 2681 1108 πάντα,
2734 1043 2828 1096 καὶ
2889 1043 3065 1106 οὐδεὶς
3115 1042 3406 1114 ἐπιϐουλῆς
3451 1043 3648 1096 ὑπελέ·

1975 1131 2162 1184 λειπτο
2204 1132 2232 1171 ά
2281 1134 2515 1204 τρόπος,
2551 1132 2673 1186 τότε
2708 1130 3029 1186 ἀνεϐίϐασεν
3070 1132 3137 1183 ἐκ
3179 1130 3273 1183 τοῦ
3327 1132 3650 1202 σκάμματος⁹

1973 1217 2066 1272 τὸν
2100 1218 2356 1290 ἀθλητὴν,
2393 1220 2478 1272 ἵνα
2522 1218 2750 1292 λαμπρὰ
2796 1219 2884 1271 καὶ
2937 1217 3417 1289 ἀναμφισϐήτητος
3456 1220 3490 1290 ή
3521 1219 3646 1290 νίκη

1975 1305 2200 1374 γένηται
2219 1323 2232 1336 ·
2264 1305 2406 1359 οὕτω
2435 1306 2500 1377 δὴ
2528 1307 2626 1359 καὶ
2674 1303 2910 1359 ἐνταῦθα
2935 1304 2996 1356 τὺ
3022 1304 3154 1356 αὐτὸ
3172 1303 3331 1359 τοῦτο
3369 1307 3643 1376 ἐποίησεν.

1985 1393 2282 1465 Ἐϐουλήθη
2337 1393 2437 1464 τὴν
2499 1393 2653 1447 πόλιν
2698 1392 2880 1445 αὐτῶν
2952 1392 3330 1461 κατασκάψαι,
3394 1393 3489 1447 καὶ
3545 1393 3646 1447 οὐκ

1972 1477 2278 1532 ἐκώλυσενο
2337 1479 2604 1549 ἐϐουλήθη
2664 1477 2850 1532 λαϐεῖν
2914 1476 3330 1548 αἰχμαλώτους,
3397 1481 3490 1532 καὶ
3545 1481 3647 1534 οὐκ

1972 1566 2315 1620 ἐνεπόδισενο
2373 1568 2640 1639 ἐϐουλήθη
2683 1567 2878 1637 δῆσαι,
2934 1566 3349 1639 συνεχώρησεν·
3417 1573 3498 1632 εἰς
3547 1571 3646 1640 τὴν

1973 1655 2200 1725 κάμινον
2276 1656 2572 1726 ἐμϐαλεῖν,
2642 1654 2974 1726 ἐπέτρεψεν*
3045 1655 3246 1725 ἀνάψαι
3315 1657 3413 1729 τὴν
3472 1658 3644 1726 φλόγα

1974 1741 2115 1812 πέρα
2141 1740 2235 1793 τοῦ
2263 1742 2486 1812 μέτρου,
2513 1742 2607 1795 καί
2646 1741 2804 1794 τοῦτο
2854 1740 3031 1809 ἀφῆκε
3052 1756 3067 1770 ⁶
3103 1743 3198 1794 καὶ
3221 1744 3310 1796 ὅτε
3346 1744 3497 1797 οὐδὲν
3539 1745 3637 1798 ὑπο

1968 1828 2246 1882 ,ελέλειπτο
2274 1829 2479 1893 λοιπὸν,
2505 1829 2641 1883 ἀλλά
2666 1829 2846 1881 πᾶσαν
2873 1827 3138 1882 ἐκένωσεν
3174 1831 3338 1885 αὐτοῦ
3370 1832 3468 1902 τὴν
3494 1833 3646 1903 ἰσχὺν

1969 1917 1998 1969 6
2017 1915 2301 1987 τύραννος,
2323 1918 2444 1971 τότε
2473 1917 2642 1982 ἔδειξε
2671 1916 2769 1988 τὴν
2803 1913 2970 1968 αὐτοῦ
3012 1915 3243 1990 δύναμιν
3286 1922 3314 1974 6
3347 1920 3480 1985 Θεὸς
3499 1961 3514 1984 ,
3549 1919 3645 1974 καὶ

1966 2005 2069 2075 τὴν
2099 2005 2208 2058 τῶν
2239 2006 2446 2060 παίδων
2472 2007 2770 2081 ὑπομονήν.
2817 2011 2979 2084 Ὁρᾷς
3004 2014 3086 2067 ὅτι
3109 2009 3196 2064 διὰ
3225 2009 3384 2062 τοῦτο
3407 2009 3644 2080 συνεχὼ-

1971 2108 2136 2162 ρησεν
2158 2093 2185 2144 6
2213 2092 2347 2155 Θεὸς
2383 2094 2544 2163 μέχρι
2573 2105 2596 2133 θ
2623 2096 2810 2161 τέλους
2832 2100 2929 2163 τὰς
2959 2099 3185 2168 θλίψεις,
3233 2098 3319 2152 ἵνα
3350 2096 3496 2167 δείξῃ
3530 2098 3644 2159 τοῖς

1968 2177 2374 2232 ἐπιϐουλεύουσι
2395 2182 2489 2233 καὶ
2511 2180 2609 2251 τὴν
2637 2182 2744 2235 τῶν
2766 2185 3267 2251 ἐπιϐουλευομένων
3297 2185 3638 2253 φιλοσοφίαν.

1967 2264 2064 2316 καὶ
2087 2262 2185 2334 τὴν
2212 2263 2377 2317 αὐτοῦ
2410 2284 2432 2316 τ
2455 2265 2693 2336 ρόνοιαν;
2726 2270 2904 2342 Ἂπερ
2933 2271 3216 2342 ἀμφότερα
3244 2271 3493 2333 κάκεῖνος
3521 2269 3641 2324 τότε

1970 2348 2154 2419 μαθὼν
2209 2350 2338 2402 ἐϐόα
2366 2367 2378 2380 ο
2441 2353 2506 2404 Οἱ
2572 2352 2782 2409 δοῦλοι
2835 2357 2942 2411 τοῦ
3004 2357 3152 2412 Θεοῦ
3194 2356 3299 2410 τοῦ
3347 2357 3639 2424 ὑψίστου,

1964 2437 2244 2501 ἐξέλθετε
2267 2438 2364 2491 καί
2396 2438 2588 2494 δεῦτε.
2629 2442 2700 2495 Σὺ
2733 2443 2793 2495 δέ
2827 2461 2917 2514 μοι
2955 2445 3148 2498 σκόπει
3172 2443 3282 2497 τῶν
3306 2443 3510 2497 παίδων
3541 2460 3648 2515 μοι

1965 2521 2296 2593 γαλοψυχίαν
2315 2540 2328 2552 ·
2371 2522 2497 2576 οὕτε
2528 2526 2637 2597 γάρ
2671 2528 2776 2598 πρὸ
2819 2529 2918 2598 τῆς
2947 2531 3131 2600 φωνῆς
3159 2528 3518 2600 ἐξεπήδησαν,
3553 2531 3640 2586 ἵνα

1968 2609 2042 2680 μὴ
2067 2610 2265 2682 νομίσῃ
2297 2627 2382 2673 τις
2414 2611 2610 2676 αὐτοὺς
2641 2615 2981 2685 πεφοϐῆσθαι
3017 2617 3034 2656 ί
3071 2619 3132 2671 τὸ
3165 2617 3305 2689 πῦρ,
3344 2618 3468 2670 οὔτε
3498 2618 3634 2688 κλη-

1966 2695 2150 2759 θέντες
2179 2695 2326 2750 ἔνδον
2353 2697 2575 2768 ἔμειναν
2594 2741 2608 2766 ,
2639 2701 2726 2754 ἵνα
2769 2704 2845 2774 μὴ
2870 2703 3140 2776 φιλότιμοί
3181 2722 3327 2768 τινες
3375 2702 3514 2759 εἰναι
3539 2707 3636 2760 καὶ

1965 2783 2256 2852 φιλόνεικοι
2271 2785 2515 2852 δόξωσιν.
2533 2789 2661 2841 Ὅτε
2678 2789 2900 2860 ἔμαθες,
2926 2793 3080 2860 φασὶ.
3097 2793 3242 2857 τίνος
3258 2793 3422 2864 ἐσμὲν
3441 2793 3636 2858 δοῦλοι,

1962 2869 2051 2922 ὅτε
2077 2869 2168 2923 τὸν
2186 2873 2461 2944 Δεσπότην
2486 2874 2642 2945 ήμῶν
2664 2877 2928 2945 ἐπέγνως,
2951 2879 3070 2932 τότε
3090 2880 3444 2952 ἐξερχόμεθα,
3468 2882 3639 2953 κήρυ-

1962 2973 2058 3020 κες
2087 2959 2332 3028 ἐσόμενοι
2351 2962 2462 3023 τοῖς
2483 2960 2748 3032 παροῦσιν
2766 2965 2938 3017 ἅπασι
2954 2966 3049 3037 τῆς
3065 2965 3158 3020 τοῦ
3175 2965 3312 3019 Θεοῦ
3333 2967 3633 3037 δυνάμεως.

1961 3045 2177 3098 Μᾶλλον
2206 3046 2263 3099 δὲ
2297 3047 2397 3101 ούκ
2425 3049 2580 3101 αὐτοί
2611 3049 2790 3119 μόνον,
2835 3052 2971 3107 ἀλλά
3000 3053 3095 3107 καὶ
3119 3057 3147 3108 6
3181 3052 3440 3126 πολέμιος
3461 3056 3639 3128 οἰκείᾳ

1963 3135 2113 3203 φωνῇ
2137 3133 2229 3186 καὶ
2262 3133 2350 3188 διὰ
2379 3136 2476 3206 τῆς
2506 3136 2773 3208 γλώττης,
2794 3140 2886 3193 καὶ
2912 3142 3000 3195 διὰ
3029 3143 3130 3214 τῆς
3159 3145 3446 3215 ἐπιστολῆς
3473 3147 3638 3199 πᾶσιν

1961 3219 2316 3291 ἀνεκήρυττε,
2349 3224 2444 3275 καὶ
2465 3223 2564 3294 τὴν
2591 3223 2698 3278 τῶν
2728 3227 2975 3300 ἀθλητῶν
3002 3229 3273 3296 ἔνστασιν,
3305 3234 3399 3285 καὶ
3421 3233 3521 3300 τὴν
3542 3231 3636 3288 τοῦ

1960 3308 2295 3376 ἀγωνοθέτου
2317 3311 2488 3380 ἰσχύν.
2515 3313 2626 3364 Καὶ
2643 3313 2896 3386 καθάπερ
2923 3319 2970 3370 οἱ
2991 3319 3229 3387 κήρυκες
3248 3321 3376 3383 τοὺς
3399 3320 3638 3390 ἀθλητάς

1959 3394 2225 3459 νικῶντας
2253 3396 2676 3469 ἀναγορεύουσιν
2703 3402 2729 3440 ε
2756 3403 2813 3455 ἐν
2845 3403 2996 3473 μέσῳ
3021 3404 3099 3474 τῷ
3128 3404 3361 3478 θεάτρῳ,
3395 3407 3489 3460 καὶ
3520 3406 3635 3480 [81]

1957 3480 2056 3546 τὰς
2085 3483 2266 3546 πόλεις
2296 3485 2473 3538 αὐτῶν
2501 3486 2776 3555 λέγουσιν·
2820 3490 2878 3542 '0
2903 3489 3049 3544 δεῖνα
3082 3491 3244 3562 τῆσδε
3277 3494 3375 3564 τῆς
3400 3495 3633 3560 πόλεως’

1958 3569 2099 3622 οὕτω
2137 3572 2230 3624 καὶ
2271 3565 2426 3637 οὗτος
2471 3575 2592 3627 ἀντὶ
2617 3575 2715 3648 τῆς
2761 3577 2968 3642 πόλεως
3000 3580 3091 3634 τὸν
3141 3583 3417 3653 Δεσπότην
3456 3584 3638 3638 αὐτῶν

1958 3656 2291 3728 ἀνεκήρυττε
2326 3659 2378 3724 ιι,
2422 3660 2685 3732 Σεδρὰχ,
2729 3667 3306 3737 Μισὰχ,Ἆ6³δενατὼ,
3344 3673 3397 3722 οἱ
3427 3670 3636 3726 δοῦλοι

1957 3744 2063 3798 τοῦ
2096 3745 2242 3800 Θεοῦ
2275 3746 2383 3800 τοῦ
2410 3749 2699 3817 ὑψίστου,
2726 3752 3002 3817 ἐξέλθετε
3032 3757 3130 3809 καί
3161 3756 3352 3812 δεῦτε.
3383 3759 3448 3812 Τί
3477 3758 3636 3827 γέγο-

1956 3849 2068 3894 νεν,
2101 3833 2184 3886 ὅτι
2215 3834 2433 3900 δούλους
2467 3837 2664 3902 αὐτοὺς
2700 3839 2884 3904 καλεῖς
2914 3841 3007 3895 τοῦ
3031 3842 3202 3909 Θεοῦ;
3232 3845 3349 3914 οὐχὶ
3385 3845 3467 3898 σοὶ
3494 3842 3636 3917 ἦσαν

1957 3918 2166 3986 δοῦλοι;
2209 3920 2368 3976 Ἀλλά
2397 3923 2700 3976 κατέλυσάν
2729 3942 2828 3994 μου
2880 3927 2979 3998 τὴν
3001 3928 3298 3998 βασιλείαν,
3321 3933 3476 4000 φησί,
3501 3950 3633 3986 κατ-

1957 4005 2131 4077 επάτη
2140 4005 2238 4059 σάν
2255 4024 2354 4077 μου
2374 4008 2465 4060 τὸν
2487 4007 2675 4078 τῦφον,
2697 4009 2900 4077 ἔδειξαν
2919 4012 3006 4065 διὰ
3023 4013 3131 4066 τῶν
3153 4014 3327 4084 ἔργων
3342 4017 3434 4068 τὸν
3458 4017 3632 4090 ἀληθῆ

1955 4093 2233 4163 Δεσπότην
2262 4092 2459 4148 αὐτῶν.
2493 4095 2554 4148 Et
2589 4096 2891 4168 ἀνθρώπων
2914 4095 3057 4169 ἦσαν
3083 4100 3279 4165 δοῦλοι,
3314 4102 3414 4156 οὐκ
3445 4103 3512 4156 ἂν
3536 4106 3632 4156 αύ-

1955 4181 2080 4243 τοὺς
2112 4180 2350 4252 ἐφοϐήθη
2374 4181 2435 4234 τὸ
2471 4181 2600 4254 πῦρ,
2628 4184 2727 4236 οὐκ
2754 4184 2818 4238 ἂν
2854 4185 3250 4258 παρεχώρησεν
3285 4190 3318 4260 ή
3346 4189 3511 4257 φλόξ·
3539 4191 3634 4245 ἀν-

1957 4263 2191 4336 θρώπων
2223 4265 2332 4337 γάρ
2361 4266 2580 4332 δούλους
2612 4270 2644 4340 ή
2690 4271 2869 4336 κτίσις
2905 4273 3005 4326 οὐκ
3047 4269 3185 4328 οῐδεν
3228 4275 3492 4330 αἰδεῖσθαι
3535 4277 3633 4332 καὶ

1955 4353 2138 4423 τιμᾷν.
2171 4352 2272 4406 Διά
2290 4353 2450 4408 τοῦτο
2475 4355 2658 4422 πάλιν,
2691 4358 2876 4428 φησὶν,
2908 4361 3254 4432 Εὐλογητὸς
3285 4366 3318 4417 ό
3352 4363 3498 4432 Θεὸς
3522 4365 3630 4419 τοῦ

1948 4440 2213 4510 Σεδράχ,
2266 4442 2501 4511 Μισὰχ,
2544 4443 2885 4515 Ἀϐδεναγώ.
2936 4445 3007 4500 Σὺ
3047 4447 3103 4501 δέ
3147 4466 3236 4520 μοι
3276 4451 3466 4505 σκόπει
3513 4452 3631 4516 πῶς

1954 4524 2170 4596 πρῶτον
2225 4527 2590 4601 ἀνακηρύττει
2638 4529 2730 4584 τὸν
2776 4533 3152 4606 ἀγωνοθέτην*
3205 4538 3554 4606 Εὐλογητὸς
3595 4543 3630 4594 ὀ

1957 4613 2102 4679 Θεὸς
2129 4613 2196 4680 ὃς
2217 4613 2537 4671 ἀπέστειλε
2566 4618 2675 4672 τὸν
2704 4619 2963 4690 ἄγγελον
2989 4622 3200 4687 αὐτοῦ,
3227 4625 3326 4678 καί
3361 4625 3629 4690 ἐξείλετο

1953 4699 2094 4767 τοὺς
2115 4700 2333 4766 παῖδας
2350 4703 2560 4760 αὐτοῦ.
2579 4705 2750 4759 Τοῦτο
2769 4708 2868 4780 τῆς
2885 4709 3166 4780 δυνάμεως
3185 4712 3280 4765 τοῦ
3307 4712 3441 4766 Θεοῦ
3463 4732 3475 4746 ·
3503 4715 3629 4770 εἰπέ

1952 4787 2047 4842 καὶ
2088 4788 2186 4861 τὴν
2213 4788 2412 4860 ἀρετὴν
2450 4790 2558 4846 τῶν
2602 4793 2852 4865 ἀθλητῶν
2873 4815 2889 4830 ο
2929 4797 3049 4851 Ὅτι
3081 4799 3509 4856 ἐπεποίθεισαν
3531 4802 3628 4855 ἐπ’

1950 4873 2143 4941 αὐτῷ,
2187 4877 2288 4931 καί
2321 4877 2671 4945 ἠλλοίωσαν
2703 4882 2772 4936 τὸ
2793 4882 2963 4954 ῥῆμα
3001 4886 3110 4942 τοῦ
3145 4888 3474 4958 βασιλέως,
3524 4893 3625 4946 καὶ

1951 4960 2304 5029 παρέδωκαν
2325 4965 2397 5019 τὰ
2423 4966 2668 5034 σώματα
2685 4969 2905 5038 αὐτῶν,
2935 4971 3098 5040 ὅπως
3115 4973 3206 5044 μὴ
3243 4980 3619 5047 λατρεύσωσι

1951 5049 2110 5115 θεοῖς
2134 5051 2498 5120 ἀλλοτρίοις.
2521 5050 2669 5126 Ἆρα
2716 5057 2769 5109 τί
2797 5059 2991 5127 γένοιτ’
3020 5060 3087 5114 ἂν
3110 5062 3311 5133 ἀρετῆς
3341 5063 3484 5128 ἵσον;
3510 5063 3625 5134 Πρὸ

1951 5135 2162 5203 τούτου,
2189 5139 2279 5192 ὅτε
2307 5135 2482 5208 εἷπον,
2515 5142 2645 5210 Τοῖς
2669 5145 2823 5211 θεοῖς
2859 5161 2977 5200 σου
3006 5149 3077 5202 οὐ
3106 5152 3492 5219 λατρεύομεν,
3522 5149 3624 5222 τῆς

1951 5225 2183 5295 καμίνου
2219 5226 2600 5300 χαλεπώτερον
2646 5231 2882 5305 ἐξεκάηο
2916 5233 3011 5288 νῦν
3055 5235 3114 5289 δὲ
3145 5236 3332 5309 ἐπειδὴ
3381 5237 3469 5289 διὰ
3514 5238 3624 5290 τῶν

1949 5313 2126 5384 ἔργων
2153 5314 2328 5368 αὐτῶν
2354 5315 2512 5369 τοῦτο
2537 5319 2882 5383 ἐπαίδευσαν,
2906 5323 2966 5376 οὐ
2998 5323 3156 5394 μόνον
3188 5325 3288 5377 ούκ
3311 5323 3625 5394 ἠγανάκτη-

1951 5416 2062 5465 σεν,
2097 5401 2232 5456 ἀλλά
2271 5404 2366 5457 καὶ
2403 5404 2633 5476 ἐπῄνεσε
2679 5409 2772 5462 καὶ
2815 5409 3142 5482 ἐθαύμασεν,
3171 5411 3252 5464 ὅτι
3286 5410 3454 5465 αὐτοῦ
3481 5427 3624 5482 παρ-

1947 5486 2211 5556 ήκουσαν.
2237 5490 2503 5546 Τοσοῦτον
2526 5493 2692 5566 ἀρετὴ
2717 5497 2900 5563 καλὸν,
2917 5497 2999 5550 ὅτι
3029 5499 3119 5550 καὶ
3143 5498 3340 5562 αὐτοὺς
3367 5501 3493 5563 τοὺς
3523 5517 3624 5553 πο-

1946 5571 2166 5657 λεμίους
2191 5576 2208 5616 ί
2239 5575 2352 5648 ἔχει
2376 5577 2695 5649 θαυμαστὰς
2719 5584 2811 5636 καί
2833 5583 3140 5646 ἐπαινέτας.
3174 5584 3398 5638 Ἐκεῖνοι
3424 5587 3622 5657 ῆνωνίιρ

2009 5658 2038 5734 (ξ
2181 5664 2620 5734 ύπελείφθηᾼᾎυιο
2633 5670 2880 5734 ροεεοῦτω
2899 5671 2955 5728 δή
2977 5671 3119 5734 deest
3133 5671 3182 5719 in
3193 5669 3483 5734 quibusdam
3506 5687 3624 5724 mss.

2014 5722 2035 5801 ς
2057 5725 2162 5801 ηιιι
2176 5722 2436 5801 ὑπσμφίῂν,
2456 5729 2535 5776 διά
2559 5722 2648 5792 γὰῥ
2665 5728 2810 5779 τοῦτο
2830 5722 3065 5796 συγχωρεί
3089 5722 3244 5801 μέχρὲ.

2015 5778 2035 5848 ξ
2067 5783 2177 5848 λιιι,
2187 5778 2448 5848 φοϐεῖσθαί.

2011 5847 2257 5918 fQ'uidam
2277 5861 2392 5918 mgis.

2199 5913 2338 5975 papci
2358 5922 2473 5975 mss.
2496 5913 2764 5975 ἀνεκήρυξε.

2016 5967 2033 6007 ί
2064 5966 2166 6018 Alii
2194 5966 2527 6034 πολεμοῦντας.
