3932 6222
233 266 304 325 89
1158 272 1248 325 AD
1289 271 1606 327 POPULL'M
1647 271 2132 327 ANTIOCHENUM
2195 271 2422 327 ilOSliL.
2468 272 2553 326 Ἢ.
3438 271 3507 330 9O

233 395 457 448 rannos,
477 395 631 453 reges
657 391 710 436 et
737 383 1005 452 principes
1027 385 1438 452 praetcrtttittens
1479 387 1566 452 qui
1590 385 1687 438 sibi
1720 399 1814 453 pa-

234 482 476 535 ruerant,
495 481 601 527 tres
629 475 870 542 captivos
897 483 952 528 et
972 489 1172 539 servos,
1203 475 1292 544 qni
1313 476 1642 546 tyrannidem
1669 491 1817 528 suam

229 578 684 636 contempserant,
713 568 1003 622 admiratus
1048 577 1149 624 est.
1180 569 1293 622 Non
1326 570 1465 622 enim
1495 568 1821 623 contenden-

233 667 352 719 tes,
405 658 499 713 sed
546 659 981 729 philosophantes
1025 659 1140 714 haec
1187 659 1450 729 agebant,
1504 675 1675 728 neque
1727 675 1820 729 per

230 752 614 820 arrogantiam,
651 751 744 806 sed
793 768 888 820 per
933 753 1242 820 religionem
1275 769 1285 803 :
1320 767 1426 806 non
1473 752 1716 820 superbia
1741 753 1819 805 in-

229 839 364 905 ﬂati,
394 841 488 896 sed
515 842 634 897 zelo
663 843 832 911 igniti.
859 843 1103 912 Magnum
1128 844 1321 898 etenim
1344 843 1540 897 bonum
1569 844 1619 898 in
1649 843 1815 898 Deum

229 945 452 999 sperare
484 951 498 986 :
555 934 702 1003 quod
728 933 940 1003 quidem
962 944 1014 988 et
1039 933 1296 989 barbarus
1342 935 1734 998 animadvertit,
1763 943 1818 990 et

228 1019 608 1076 demonstrans
635 1037 728 1077 eos
755 1023 877 1077 inde
903 1023 1188 1078 imminens
1217 1023 1466 1093 effugisse
1500 1026 1811 1096 periculum,

230 1112 578 1180 proclamavit
609 1131 624 1167 :
655 1114 904 1180 Quoniam
929 1116 1247 1184 conﬁdentia
1271 1116 1323 1170 in
1349 1132 1425 1170 eo.

301 1204 355 1258 6.
389 1204 513 1258 llznc
540 1215 714 1259 autem
749 1221 888 1259 nunc
921 1206 1060 1272 dico,
1093 1214 1146 1260 et
1174 1221 1362 1261 omnes
1396 1220 1624 1274 excerpo
1652 1207 1812 1262 histo-

227 1296 357 1361 rias,
391 1297 441 1350 in
465 1297 656 1366 quibus
699 1299 1016 1351 tentatioiies
1061 1307 1114 1352 et
1139 1314 1410 1365 :erumnae,
1435 1309 1486 1354 et
1516 1315 1697 1369 regum
1722 1300 1814 1354 ira:

226 1395 283 1439 et
312 1387 515 1440 insidia:
543 1396 699 1452 sunt,
739 1400 793 1442 ut
821 1389 950 1442 nihil
985 1390 1284 1457 timeamus,
1318 1391 1417 1443 nisi
1450 1391 1813 1445 tantummodo

227 1477 396 1532 Deum
420 1479 707 1535 offendere.
738 1481 945 1535 l-Lteuim
970 1492 1025 1535 et
1053 1493 1177 1537 tunc
1208 1485 1388 1538 fornax
1412 1499 1631 1538 accensa
1662 1493 1807 1549 erat;

227 1568 302 1622 illi
333 1585 460 1622 vero
486 1571 622 1624 hanc
649 1572 862 1640 quident
905 1584 1360 1643 contempserunt,
1399 1585 1670 1644 peccatum
1718 1591 1810 1630 au-

227 1668 336 1712 tem
368 1660 653 1714 timuerunt
686 1679 699 1714 :
730 1673 986 1717 noverant
1021 1666 1163 1718 enim
1205 1679 1264 1720 se
1309 1666 1554 1720 incensos
1593 1667 1808 1735 quidem

227 1751 361 1804 nihil
391 1767 550 1822 grave
591 1769 838 1822 passuros
884 1771 1023 1819 esse,
1065 1756 1225 1827 impie
1259 1773 1385 1813 vero
1420 1768 1668 1828 agentes,
1712 1775 1809 1814 ex-

223 1851 396 1896 trema
423 1844 713 1899 subituros.

298 1933 577 1989 Peccatum
618 1938 784 2007 ipsum
824 1957 1062 2011 magnum
1106 1944 1430 2012 supplicium.
1460 1973 1532 1984 —
1564 1943 1805 2012 Magnum

219 2026 367 2078 enim
403 2028 719 2094 supplicium
759 2045 1016 2098 peccare,
1062 2034 1222 2087 etiam
1264 2034 1306 2087 si
1335 2049 1440 2090 non
1487 2035 1802 2102 puniamur:

220 2116 359 2170 sicut
383 2129 436 2172 et
473 2121 735 2174 maximus
766 2122 970 2189 honor,
1016 2125 1244 2178 maxima
1290 2127 1643 2196 tranquillitas
1682 2141 1805 2182 cum

220 2209 418 2264 virtute
445 2210 657 2276 vivere,
692 2214 898 2268 etiamsi
928 2215 1230 2283 puniamur.
1257 2217 1478 2272 Peccata
1524 2218 1663 2271 enim
1708 2231 1806 2271 nos

218 2312 249 2348 a
280 2297 392 2352 Deo
426 2311 698 2368 separant,
733 2302 872 2357 sicut
918 2312 974 2357 et
1010 2305 1122 2373 ipse
1166 2305 1333 2360 dicit:
1383 2305 1563 2360 Nonne
1604 2317 1805 2375 peccata

218 2400 389 2444 vestra
426 2403 662 2463 separant
691 2394 822 2448 inter
860 2411 946 2448 vos
971 2405 1019 2449 et
1055 2413 1135 2450 me
1183 2395 1330 2464 (Isai.
1364 2399 1452 2453 59.
1494 2398 1588 2468 ‘2)?
1630 2414 1803 2469 pmnae

219 2495 351 2535 vero
378 2497 475 2537 nos
500 2484 565 2537 ad
594 2484 757 2538 Deum
790 2486 1084 2554 perducunt
1114 2505 1126 2538 :
1163 2488 1331 2557 inquit
1358 2489 1521 2549 enim,
1555 2487 1633 2540 Da
1661 2489 1802 2543 nobis

217 2587 414 2638 pacem,
462 2574 628 2626 omnia
674 2576 806 2628 enim
845 2576 1116 2629 retribuisti
1153 2577 1294 2631 nobis
1321 2578 1580 2651 (lsai.26.
1606 2579 1708 2642 1'2).
1744 2578 1800 2632 Si

217 2664 338 2731 quis
368 2664 562 2720 vulnus
593 2665 804 2732 habeat,
836 2667 960 2737 quid
1000 2669 1190 2724 timere
1215 2679 1444 2738 Oportet,
1477 2671 1700 2732 saniem,
1734 2686 1798 2722 an

217 2755 412 2809 medici
453 2757 778 2811 sectionem?
813 2758 1036 2825 ferrum,
1069 2776 1135 2814 an
1177 2761 1368 2815 ulceris
1396 2761 1800 2830 depastiouem?

216 2843 500 2901 Peccatum
531 2848 706 2903 sanies
731 2858 812 2903 e~t
841 2873 852 2903 :
881 2866 1036 2918 [KBlla
1069 2850 1265 2905 ferrum
1289 2851 1622 2906 medicinale.
1652 2850 1800 2907 Sicut

214 2929 379 2996 igitur
397 2939 486 3006 qui
509 2940 710 2993 saniem
740 2941 918 3006 habet,
942 2943 1038 2996 etsi
1062 2958 1166 2997 non
1189 2953 1416 3010 secetur,
1446 2946 1584 2999 male
1605 2945 1796 3000 habet:

215 3043 266 3080 et
302 3043 425 3082 cum
451 3045 556 3084 non
585 3042 817 3098 secatur,
853 3041 974 3085 tunc
1006 3042 1086 3087 est
1111 3034 1164 3088 in
1190 3033 1480 3104 majoribus
1509 3037 1700 3090 malis:
1730 3038 1798 3091 ita

213 3121 306 3189 qui
337 3131 542 3188 peccat,
587 3122 691 3175 etsi
733 3138 838 3176 non
870 3124 1140 3193 puniatur,
1167 3125 1404 3188 omnium
1437 3135 1518 3180 est
1562 3127 1799 3181 miserri-

213 3226 378 3265 mus:
421 3221 475 3265 et
506 3222 630 3267 tunc
663 3215 900 3270 maxime
942 3215 1124 3282 miser,
1174 3232 1295 3270 cum
1340 3233 1444 3270 non
1483 3201 1722 3287 punitur,
1747 3227 1800 3273 ct

212 3315 380 3371 grave
407 3301 538 3354 nihil
569 3304 785 3371 patitur.
816 3304 880 3358 Et
908 3305 1043 3359 sicut
1072 3306 1256 3375 splene
1283 3315 1336 3360 et
1365 3308 1626 3362 intercute
1648 3309 1796 3362 labo-

215 3399 431 3453 rantes.
455 3407 571 3445 cum
601 3394 740 3463 larga
766 3394 1008 3450 fruuntur
1033 3411 1237 3464 mensa,
1267 3405 1321 3452 et
1346 3395 1532 3468 frigida
1563 3399 1795 3467 potione,

213 3493 269 3538 et
316 3483 560 3538 delicatis
598 3485 899 3556 sapidisque
949 3486 1184 3553 ferculis,
1223 3497 1348 3542 tunc
1388 3487 1651 3558 praecipue
1684 3504 1798 3542 om-

220 3575 364 3629 'tium
391 3584 516 3628 sunt
556 3575 872 3642 miserrimi,
905 3577 1111 3633 deliciis
1141 3577 1384 3632 morbum
1427 3590 1681 3649 augentes
1708 3595 1720 3630 :
1754 3576 1799 3632 si

221 3683 351 3722 vero
390 3667 475 3722 siti
520 3677 574 3721 et
616 3667 756 3723 fame
782 3669 1073 3723 secundum
1120 3670 1446 3724 medicorum
1493 3669 1635 3739 leges
1679 3684 1800 3724 cru-

219 3760 452 3823 cientur,
481 3759 710 3827 aliquam
744 3759 928 3813 salutis
956 3775 1104 3830 Spem
1133 3760 1332 3814 habent
1362 3779 1373 3814 :
1404 3761 1480 3814 sic
1523 3771 1576 3814 et
1608 3760 1657 3812 in
1695 3759 1797 3812 itii-

217 3851 422 3919 quitate
453 3849 712 3916 viventes,
756 3850 797 3903 si
828 3851 1112 3920 puniantur
1140 3851 1377 3921 quidem,
1415 3849 1607 3905 bonam
1647 3865 1798 3920 spem

217 3939 451 4005 habent,
505 3940 550 3994 si
591 3957 721 3995 vero
767 3957 884 4006 cum
922 3943 1197 4012 iniquitate
1241 3944 1452 3998 licentia
1495 3953 1550 3998 et
1599 3943 1800 3998 deliciis

217 4033 486 4101 fruantur,
535 4033 776 4106 hydrope
811 4036 1177 4091 laborantibus
1221 4036 1378 4090 simul
1428 4045 1480 4089 et
1517 4035 1798 4104 crapulen-

219 4125 362 4178 tibus
391 4134 517 4178 sunt
541 4127 705 4180 multo
734 4126 1060 4192 miseriores,
1094 4138 1146 4181 et
1195 4137 1340 4182 tanto
1388 4128 1576 4197 magis,
1602 4138 1800 4196 quanto

216 4230 446 4286 corpore
473 4216 662 4269 melior
690 4228 772 4271 est
795 4218 990 4272 anima.
1024 4217 1078 4272 Si
1110 4219 1315 4288 aliquos
1347 4219 1504 4288 igitur
1533 4220 1582 4272 in
1615 4219 1798 4272 iisdem

215 4321 341 4362 esse
367 4309 600 4376 peccatis
629 4307 857 4374 videris,
891 4319 944 4362 et
972 4309 1069 4363 hos
1095 4310 1308 4379 quidem
1350 4308 1488 4363 fame
1527 4310 1797 4374 continua,

219 4407 274 4451 et
304 4397 600 4451 innumeris
647 4399 801 4452 malis
845 4399 1181 4465 laborantes,
1228 4401 1327 4456 hos
1354 4416 1480 4455 vero
1524 4400 1797 4466 ebriosos,

214 4491 542 4560 gaudentes,
574 4500 629 4546 et
657 4493 994 4562 crapulautes
1014 4535 1028 4559 ,
1071 4510 1164 4549 eos
1191 4495 1279 4564 qui
1309 4497 1486 4566 gravia
1532 4496 1802 4565 patiantur

216 4579 486 4635 beatiores
506 4591 650 4651 puta.
682 4583 890 4637 Etenim
919 4583 1287 4660 delectationis
1316 4587 1526 4640 llannna
1556 4588 1636 4640 his
1664 4604 1802 4640 arru-

213 4670 358 4724 nmis
375 4670 726 4740 interciditur,
745 4683 798 4728 et
817 4675 953 4745 apud
975 4675 1206 4730 futurum
1226 4677 1482 4747 judicium
1500 4688 1554 4732 et
1569 4678 1804 4734 terribile

215 4761 451 4816 tribunal
476 4762 600 4816 illud
636 4780 742 4818 non
778 4781 961 4834 parum
991 4768 1372 4822 consolationis
1406 4769 1675 4839 capientes
1704 4769 1802 4822 titi-

212 4853 520 4922 grant,quia
534 4854 694 4908 multa
709 4867 922 4924 peccata
938 4858 1058 4912 vita:
1072 4859 1226 4928 hujus
1237 4861 1488 4914 arrumnis
1500 4875 1563 4914 ex
1571 4861 1798 4929 piarunt.

289 4945 547 5000 Aduersus
563 4948 860 5018 juramenta
885 4968 976 5020 pro
993 4969 1130 5006 more
1155 4953 1587 5030 (equitum—Sed
1608 4968 1800 5008 conso-

215 5036 432 5090 lationis
461 5039 591 5092 satis
616 5058 629 5092 :
658 5040 767 5109 jam
807 5043 961 5098 nobis
989 5043 1239 5115 deinceps
1268 5055 1477 5116 tempus
1510 5055 1590 5100 est
1625 5045 1689 5100 ad
1719 5046 1799 5098 fu-

213 5127 533 5196 giendorum
555 5131 898 5185 monitionem
923 5132 1344 5202 juramentorum
1378 5136 1682 5189 transeundi
1703 5178 1717 5201 ,
1747 5146 1800 5189 et

214 5217 437 5271 tollendi
469 5223 865 5276 excusationem
887 5263 903 5289 ,
935 5241 1052 5294 qua:
1073 5225 1378 5294 jurantibus
1408 5240 1526 5280 esse
1553 5227 1795 5292 videtur,

217 5307 466 5378 frigidam
495 5319 549 5363 et
575 5311 850 5368 inutilem.
873 5315 1086 5370 Etenim
1116 5332 1235 5370 cum
1273 5317 1417 5386 ipsos
1452 5333 1796 5382 accusamus,

215 5403 350 5456 alios
380 5403 537 5458 nobis
564 5404 706 5460 idem
754 5405 1008 5461 facientes
1047 5407 1337 5476 objiciunt,
1365 5416 1418 5462 et
1446 5409 1628 5462 dicunt
1659 5425 1672 5460 :
1707 5408 1799 5464 Ille

213 5506 268 5550 et
287 5497 377 5551 ille
390 5497 598 5567 jurant.
628 5498 874 5554 Dicamus
900 5501 1056 5571 igitur
1076 5500 1206 5570 ipsis
1230 5520 1243 5554 :
1271 5500 1378 5556 Sed
1401 5500 1490 5555 ille
1511 5517 1615 5554 non
1630 5500 1793 5571 jurat,

214 5588 358 5641 Deus
382 5597 564 5643 autem
583 5603 769 5656 eorum
796 5591 890 5661 qui
916 5600 1060 5647 recte
1079 5601 1320 5664 egerunt,
1345 5593 1794 5664 comparationem

214 5681 356 5736 inter
392 5677 744 5752 iudicandum
783 5681 1029 5752 profert:
1062 5698 1184 5739 nam
1213 5691 1522 5754 peccatores
1565 5698 1658 5740 eos
1703 5682 1794 5754 qui

537 5777 806 5838 PATROL.
853 5777 970 5838 Gn.
1018 5779 1238 5838 XLlX.

1934 391 2154 452 peccant
2181 382 2496 438 delictorum
2527 383 3013 439 communicatione
3042 399 3144 438 non
3169 385 3390 453 juvant,
3418 385 3508 451 qui

1928 491 2055 528 vero
2085 483 2230 530 recte
2270 475 2484 541 vivunt,
2525 487 2836 546 peccatores
2879 476 3256 530 condemnant.
3299 476 3507 530 Etenim

1924 564 2016 632 qui
2072 564 2344 620 Christum
2401 581 2509 620 non
2564 567 2904 631 cibaverant,
2955 581 3128 636 neque
3197 575 3508 636 potaverant

1925 656 2138 722 (Matth.
2183 657 2272 714 25.
2327 659 2440 729 55),
2481 659 2634 712 multi
2685 669 2839 712 erant
2884 675 2898 712 :
2953 657 3048 712 sed
3100 657 3231 713 nihil
3267 657 3372 712 sibi
3421 656 3505 712 in-

1924 747 2094 802 vicem
2155 751 2464 818 profuerunt
2514 767 2528 802 :
2581 751 2718 805 sicut
2766 765 2940 820 neque
2985 751 3218 822 virgines
3271 751 3506 820 quinque

1922 837 2088 893 altera
2140 839 2209 894 ab
2273 841 2441 894 altera
2505 841 2665 898 ullam
2729 842 3042 897 invenerunt
3103 842 3353 908 veniam,
3408 841 3502 899 sed

1922 947 2031 1001 prae
2073 934 2157 998 iis,
2201 935 2290 1003 qui
2334 943 2480 990 recte
2523 949 2582 990 se
2614 943 2915 1004 gesserunt,
2959 945 3014 989 et
3051 934 3134 989 hie
3178 943 3233 988 et
3270 935 3341 990 illi
3363 949 3496 990 con-

1919 1024 2154 1080 denmati
2179 1037 2231 1081 et
2260 1028 2429 1094 puniti
2455 1036 2598 1081 sunt.
2635 1027 2716 1080 Ab
2753 1027 2852 1081 hac
2881 1028 3038 1096 igitur
3069 1027 3250 1095 frigida
3279 1041 3500 1082 excusa-

1921 1119 2066 1170 tione
2087 1118 2315 1177 liberati.
2342 1134 2408 1172 ne
2433 1119 2610 1187 lapsos
2634 1118 3003 1189 respiciamus.
3037 1117 3301 1176 s--d_recte
3328 1133 3498 1186 sege-

1919 1217 2124 1274 rcntes,
2157 1219 2208 1264 et
2238 1209 2544 1264 Studeamus
2583 1208 2858 1278 prmsentis
2885 1208 3067 1278 jejunii
3097 1219 3498 1265 monumentum

1917 1299 2137 1354 referre.
2182 1300 2248 1354 Et
2283 1301 2420 1354 sicut
2464 1315 2834 1370 saepenumero
2875 1302 3251 1353 vestimentum
3295 1298 3496 1366 adepti,

1916 1391 2001 1445 vel
2045 1405 2277 1457 servum,
2319 1393 2402 1448 vel
2434 1407 2523 1446 vas
2556 1392 2867 1460 pretiosum,
2907 1390 3162 1458 temporis
3203 1389 3496 1444 reminisci-

1915 1498 2066 1549 mur,
2097 1494 2151 1536 et
2180 1494 2362 1537 mutuo
2393 1483 2653 1537 dicimus:
2694 1482 2917 1538 Servum
2961 1482 3109 1534 illum
3160 1481 3250 1534 tali
3295 1481 3494 1534 solem-

1915 1577 2078 1629 nitate
2095 1577 2220 1643 emi,
2245 1579 2617 1631 vestimentum
2650 1576 2752 1630 hoc
2777 1577 2862 1629 tali
2890 1574 3194 1643 comparavi
3219 1584 3454 1641 tempore
3477 1591 3491 1625 :

1915 1665 1984 1719 ita
2014 1681 2222 1736 quoque
2257 1669 2301 1721 si
2342 1668 2510 1737 legem
2564 1668 2701 1722 hanc
2743 1667 3169 1736 impleverimus,
3215 1666 3490 1721 dicemus:

1913 1757 2278 1812 Juramcntum
2337 1759 2434 1812 hac
2476 1759 2686 1813 correxi
2737 1759 3186 1827 Quadragesima;
3231 1757 3492 1812 hactenus

1911 1848 2052 1903 enim
2089 1849 2354 1917 jurabam,
2385 1858 2440 1904 et
2476 1851 2588 1904 sola
2625 1849 2986 1904 admonitione
3027 1847 3204 1901 audita
3227 1888 3240 1911 ,
3277 1857 3494 1914 peccato

1911 1941 2160 1995 abstinui.
2186 1941 2292 1996 Sed
2342 1956 2426 1994 res
2471 1951 2553 1994 est
2591 1949 2835 1996 correcta
2876 1938 3106 1996 ditjlieilis
3140 1936 3488 1992 consuetudo.

1911 2035 2041 2089 Novi
2061 2047 2115 2090 et
2141 2051 2258 2104 ego,
2289 2043 2341 2090 et
2367 2044 2646 2104 propterea
2674 2033 2868 2088 festino
2895 2048 2988 2087 vos
3020 2032 3073 2086 in
3093 2032 3248 2086 aliam
3269 2045 3493 2085 consue-

1912 2125 2146 2180 tudinem
2174 2125 2366 2180 bonam
2397 2136 2451 2180 et
2492 2125 3014 2180 lucrum~habeutem
3053 2123 3327 2178 inducere.
3355 2122 3487 2177 Cum

1909 2217 2052 2272 enim
2117 2218 2354 2282 dixeris,
2419 2217 2644 2272 difﬁcile
2699 2233 2730 2271 a
2794 2215 3183 2272 consuetudine
3251 2213 3482 2274 desisto,

1909 2317 2189 2378 propterea
2247 2308 2510 2365 desistere
2575 2309 2792 2375 labora,
2843 2316 2992 2363 certo
3053 2307 3266 2371 sciens,
3343 2304 3487 2373 quod

1907 2399 1951 2453 si
1998 2399 2090 2453 tibi
2132 2399 2288 2454 aliam
2343 2415 2448 2453 non
2509 2398 2725 2468 jurandi
2785 2397 3226 2452 consuetudinem
3281 2395 3487 2449 indixe-

1907 2489 2014 2555 ris,
2069 2491 2266 2544 nullius
2311 2489 2508 2544 lahoris
2550 2488 2782 2560 amplius
2832 2488 3112 2558 indigebis.
3163 2487 3298 2555 Quid
3341 2485 3484 2560 diffi-

1904 2582 2080 2648 cilius,
2119 2597 2224 2635 non
2251 2582 2452 2650 jurare,
2486 2598 2550 2635 an
2582 2598 2674 2651 per
2714 2592 2880 2635 totum
2910 2582 3048 2635 diem
3099 2581 3327 2635 inediam
3362 2579 3488 2649 .pati

1905 2681 1959 2723 et
1986 2686 2133 2739 aqua-
2175 2682 2300 2741 pom
2329 2682 2382 2727 et
2417 2674 2560 2727 tenui
2598 2673 2736 2726 victu
2779 2671 3002 2726 siccari?
3029 2671 3244 2726 Certum
3269 2678 3351 2726 est
3387 2669 3487 2724 hoc

1904 2761 1997 2814 illo
2025 2763 2234 2832 gravius
2261 2778 2414 2828 esse;
2443 2763 2535 2818 sed
2572 2773 2746 2818 tamen
2787 2761 3114 2817 consuetudo
3155 2777 3243 2817 res
3272 2771 3354 2816 est
3382 2771 3485 2816 tam

1903 2851 2072 2908 facilis
2101 2863 2154 2908 et
2180 2855 2444 2923 expedita,
2475 2866 2531 2909 ut
2559 2855 2874 2910 adveniente
2897 2855 3132 2924 jejunio,
3165 2856 3264 2910 etsi
3295 2855 3488 2910 millies

1904 2943 2022 3012 quis
2048 2943 2390 3010 exhortetur,
2432 2954 2483 3000 et
2517 2955 2670 3014 cogat
2713 2945 2890 2998 vinum
2931 2944 3190 3010 delibare,
3222 2944 3307 2998 vel
3343 2944 3485 2997 aliud

1903 3034 2025 3103 quid
2049 3033 2235 3103 jejunii
2268 3034 2382 3104 lege
2411 3049 2513 3088 non
2543 3049 2853 3089 conoessum
2880 3044 3113 3104 gustare,
3141 3034 3332 3088 omnia
3370 3035 3488 3104 quis

1901 3125 2086 3178 mallet
2113 3124 2239 3193 pati,
2273 3140 2428 3193 quam
2456 3123 2779 3193 prohibitum
2807 3138 3018 3178 sumere
3060 3125 3444 3178 nutrimentum
3472 3141 3484 3175 :

1901 3225 1956 3269 et
1993 3214 2094 3268 hoc
2119 3231 2238 3270 cum
2263 3231 2366 3270 non
2397 3216 2662 3270 illibenler
2683 3231 2806 3286 erga
2829 3231 3066 3284 mensam
3097 3215 3273 3269 affecti
3297 3216 3484 3280 simus,

1902 3315 2078 3362 tamen
2111 3318 2330 3376 propter
2371 3306 2809 3361 consuetudinem
2853 3321 2917 3362 ex
2943 3307 3265 3362 Conscientia
3307 3307 3484 3360 omnia

1901 3413 2160 3468 generose
2189 3396 2406 3452 furimus
2429 3397 2734 3452 laborando.
2780 3397 2891 3450 [loc
2909 3397 3154 3450 nimirmn
3173 3405 3228 3450 et
3260 3395 3310 3449 in
3335 3395 3484 3465 jura-

1903 3489 2097 3544 mentis
2125 3488 2264 3542 erit:
2295 3499 2349 3544 et
2386 3489 2524 3543 sicut
2553 3504 2726 3566 nunc,
2759 3488 2803 3543 si
2839 3489 2958 3558 quis
2999 3489 3157 3542 etiam
3203 3489 3485 3550 maximam

1903 3582 2275 3636 necessitatem
2302 3581 2536 3652 imponat
2560 3621 2578 3647 ,
2600 3596 2880 3651 permancs
2915 3569 3358 3636 consuetudinem
3375 3597 3488 3638 ser-

1901 3687 2032 3726 vans
2070 3688 2085 3725 :
2115 3671 2194 3726 sic
2233 3681 2286 3726 et
2313 3682 2458 3738 tunc,
2493 3673 2537 3726 si
2575 3673 2694 3742 quis
2729 3673 2889 3726 etiam
2925 3673 3119 3728 millies
3157 3673 3486 3748 exbortetur,

1902 3778 1932 3818 a
1959 3762 2343 3820 Consuetudine
2367 3779 2470 3817 non
2494 3765 2737 3817 absistes.

1981 3856 2032 3908 7.
2061 3855 2287 3908 Domum
2331 3855 2489 3924 igitur
2537 3854 2828 3924 profectus,
2858 3855 3103 3928 omnibus
3141 3855 3256 3909 haec
3301 3856 3486 3912 dome-

1901 3946 2052 4001 sticis
2075 3947 2294 4015 loquere
2324 3964 2337 4000 :
2369 3955 2423 4000 et
2451 3949 2586 4000 sicut
2612 3961 2755 4014 sa‘pe
2777 3948 2926 4012 multi
2957 3963 3023 4002 ex
3059 3955 3209 4014 prato
3229 3945 3489 4010 receden-

1904 4045 2008 4100 tes,
2038 4052 2213 4090 rosam
2247 4036 2330 4088 vel
2373 4035 2562 4089 violam
2605 4037 2688 4089 vel
2726 4038 3025 4104 quempiam
3073 4035 3487 4094 taliumﬂorum

1903 4127 2141 4194 capiunt,
2169 4134 2223 4180 et
2249 4125 2430 4194 digitis
2458 4126 2889 4180 circumferentes
2918 4124 3174 4178 recedunt
3205 4142 3218 4177 :
3247 4126 3335 4178 alii
3364 4139 3487 4178 vero

1905 4232 1971 4272 ex
1993 4217 2243 4271 viridario
2265 4217 2480 4272 domum
2504 4217 2778 4282 abeuntes,
2804 4232 2848 4268 ai
2867 4217 3052 4270 horum
3077 4232 3254 4269 ramos
3283 4199 3487 4270 fruetus

1905 4308 2163 4364 habentes
2213 4316 2488 4378 reportant
2535 4327 2548 4361 :
2602 4307 2689 4360 alii
2748 4322 2957 4359 rnrsom
3009 4323 3036 4360 a
3093 4306 3250 4360 lautis
3295 4307 3485 4371 cmnis,

1905 4414 2104 4454 mensa:
2133 4399 2383 4468 reliquias
2405 4398 2720 4453 necessariis
2749 4397 2858 4452 suis
2882 4396 3160 4467 referunt:
3194 4397 3269 4450 sit:
3306 4397 3489 4466 utique

1905 4502 1960 4547 et
2002 4499 2057 4546 tu
2101 4490 2225 4545 hinc
2277 4489 2554 4553 recedens,
2598 4489 3014 4550 admonitiooem
3063 4497 3274 4558 reporta
3331 4485 3486 4550 filiis,

1908 4585 2080 4656 uxori,
2113 4583 2432 4639 necessariis
2459 4581 2722 4636 omnibus.
2759 4579 2884 4634 [free
2919 4581 3062 4634 enim
3093 4571 3402 4643 admonitio,
3437 4587 3489 4633 et

1907 4684 2079 4747 prato,
2105 4684 2160 4730 et
2197 4674 2471 4740 viridario,
2519 4683 2573 4728 et
2603 4689 2785 4727 mensa
2825 4673 3005 4728 utilior
3050 4681 3168 4728 est:
3211 4673 3292 4726 ha:
3328 4689 3487 4736 num-

1905 4785 2066 4839 quam
2085 4783 2221 4824 rosa:
2241 4776 2594 4832 marcescunt,
2625 4767 2676 4822 hi
2699 4781 2983 4836 numquam
3006 4765 3245 4830 defluunt
3265 4763 3487 4832 frui-tus,

1891 4859 2023 4914 haec
2047 4873 2331 4930 numquam
2360 4856 2555 4912 fercula
2586 4866 2997 4925 corrumpuntur
3022 4874 3033 4908 :
3063 4865 3116 4910 et
3139 4871 3210 4912 ex
3243 4857 3344 4910 illis
3375 4857 3490 4926 qni—

1887 4952 2027 5016 _dem
2060 4949 2364 5019 temporalis
2401 4949 2704 5010 delectatio,
2733 4964 2794 5001 ex
2839 4947 2919 5000 his
2945 4963 3071 5002 vero
3100 4949 3350 5028 continua
3380 4948 3488 5016 uti-

1907 5041 2058 5108 litas,
2097 5033 2205 5096 lion
2244 5047 2445 5093 tantum
2483 5048 2758 5111 postquam
2806 5037 3089 5106 adimpleta
3133 5037 3349 5104 fuerint,
3397 5037 3489 5090 sed

1907 5133 2067 5190 etiam
2094 5132 2218 5185 dum
2255 5130 2627 5200 adimplentur.
2660 5129 2842 5199 Cogita
2880 5132 3023 5185 enim
3067 5132 3222 5200 quale
3261 5139 3362 5194 est,
3401 5146 3486 5182 re-

1908 5209 2066 5291 liquis
2088 5222 2334 5276 omnibus
2359 5221 2572 5275 omissis
2599 5213 2822 5290 publicis
2845 5205 2897 5275 et
2925 5222 3164 5291 privatis,
3197 5220 3265 5274 de
3294 5218 3486 5274 divinis

1907 5328 2122 5382 semper
2148 5313 2351 5384 legibus
2388 5313 2683 5378 disserere,
2713 5322 2764 5368 et
2793 5313 2858 5368 ad
2886 5328 3150 5378 mensam,
3179 5323 3237 5374 ct,
3265 5313 3316 5372 in
3351 5311 3482 5376 foro,

1905 5417 1960 5461 et
1999 5407 2052 5460 in
2077 5407 2198 5474 aliis
2236 5408 2638 5462 conventiculis.
2667 5407 2723 5461 Si
2753 5408 2836 5460 his
2877 5403 3308 5482 vaccmustnihil
3334 5401 3481 5457 dice-

1903 5515 2023 5555 mus
2050 5501 2433 5571 periculosum,
2461 5500 2592 5559 nihil
2629 5500 2868 5563 noxium,
2886 5515 2999 5574 nec
3044 5497 3209 5560 inviti,
3237 5493 3484 5566 peccabi-

1901 5605 2056 5657 mus;
2086 5591 2182 5648 sed
2206 5601 2262 5647 et
2283 5592 2596 5662 imminente
2618 5579 2825 5646 tristitia
2847 5587 3278 5644 scrmocinationi
3309 5585 3376 5640 de
3399 5583 3480 5638 bis

1904 5690 2178 5753 vacantes,
2199 5685 2430 5744 animam
2455 5681 2683 5746 liberare
2701 5680 3017 5752 poterimus,
3038 5678 3199 5748 missa
3219 5691 3347 5746 cura
3375 5676 3484 5740 illa,
