3932 6222
456 252 515 307 91
1183 252 1240 308 8.
1281 251 1558 310 JO.\NNIS
1597 249 2072 310 CIIRYSOSTOMI
2112 247 2426 307 ARCHIEP.
2456 249 2991 312 CONSTANTINOP.
3679 260 3748 318 92

461 381 566 434 qua
610 363 825 420 solliciti
863 372 1055 419 mutuo
1103 366 1546 420 sciscitabamur:
1587 363 1856 436 Numquid
1903 371 2051 435 gesta

465 455 760 525 Imperator
789 454 1027 510 audivit?
1057 469 1122 509 an
1165 455 1402 510 irritatus
1447 455 1564 510 est?
1594 453 1720 525 quid
1765 469 1892 510 vero
1926 467 2052 509 sen-

467 548 647 604 tentia:
694 547 1093 617 pronuntiavit?
1141 547 1396 618 numquid
1441 549 1613 619 ipsum
1659 548 1920 618 quispiam
1964 562 2057 602 ex-

469 639 677 694 oravit?
692 639 947 708 numquid
973 654 1100 694 vero
1124 638 1256 694 fcret
1281 638 1394 708 ipse
1421 648 1526 694 tam
1548 655 1791 710 magnam
1814 647 1868 693 ct
1893 653 2057 708 popu-

471 731 640 786 losam
681 730 918 785 funditus
956 730 1225 785 civitatem
1273 731 1533 800 perdere?
1573 732 1697 786 llaec
1741 729 1956 801 quidem
2003 739 2059 785 et

460 822 640 877 omnia
673 823 797 876 talia
828 823 881 876 in
903 823 1071 878 Deum
1095 823 1461 894 projicientes,
1489 823 1656 894 ipsius
1675 830 1879 878 tantum
1903 837 2056 878 man-

459 915 579 968 data
593 929 843 970 curemus
863 933 877 969 :
898 917 980 972 sic
997 916 1139 971 enim
1164 925 1222 971 et
1237 916 1322 971 illa
1334 917 1514 972 omnia
1531 916 1885 972 dissolvcmus
1905 932 1920 981 ;
1941 924 1994 970 et
2014 914 2058 970 si

461 1008 544 1064 vel
562 1007 744 1063 decem
761 1016 963 1063 tantum
981 1009 1032 1063 in
1051 1009 1364 1066 nobisrecte
1378 1010 1604 1080 egerint,
1621 1008 1767 1064 brevi
1783 1008 1856 1063 illi
1874 1007 2060 1063 decem

461 1099 647 1169 viginti
683 1099 842 1166 fient;
872 1101 1054 1171 viginti
1086 1101 1464 1173 quinquaginta
1491 1142 1504 1164 ,
1524 1101 1902 1172 quinquaginta
1934 1113 2062 1154 cen-

463 1198 597 1255 tum,
625 1199 837 1245 centum
860 1191 1027 1260 mille,
1059 1192 1205 1247 mille
1231 1201 1340 1247 tota
1374 1192 1580 1246 civitas.
1607 1191 1674 1246 Et
1700 1191 1838 1248 sicut
1874 1190 2060 1246 decem

461 1280 704 1336 accensis
747 1281 980 1336 lucernis
1006 1296 1220 1337 omnem
1252 1282 1472 1337 domum
1510 1281 1712 1337 lumine
1747 1280 1904 1336 facile
1941 1281 2062 1351 quis

469 1371 695 1441 implere
738 1373 934 1441 poterit
974 1389 988 1426 :
1031 1373 1110 1427 sic
1136 1382 1206 1427 et
1248 1373 1302 1428 in
1342 1371 1534 1427 officiis
1575 1371 1969 1441 spiritualtbus,
2016 1371 2062 1426 si

469 1459 654 1516 decem
682 1462 783 1516 soli
805 1471 956 1518 recte
986 1463 1227 1533 egerint,
1256 1477 1439 1533 pyram
1469 1477 1565 1532 per
1596 1470 1759 1516 totam
1789 1463 2059 1517 civitatem

469 1551 814 1608 incendemus
836 1552 1122 1608 habentem
1147 1554 1347 1618 lumen,
1367 1562 1422 1610 et
1441 1553 1781 1609 securitatem
1806 1553 1960 1608 nobis
1979 1552 2061 1607 af-

467 1639 750 1698 ferentem.
776 1642 892 1698 Non
922 1645 1066 1699 enim
1098 1644 1177 1700 sic
1207 1645 1435 1700 flammae
1471 1653 1660 1700 natura
1690 1644 1744 1700 in
1781 1647 2062 1700 materiam

470 1737 688 1808 delapsa
728 1740 899 1795 vicina
941 1757 1154 1812 semper
1193 1741 1335 1812 ligna
1378 1743 1638 1810 incendit,
1675 1744 1813 1799 sicut
1854 1745 2063 1800 virtutis

467 1829 618 1885 zelus
656 1829 711 1885 in
737 1846 936 1901 paucas
977 1833 1158 1903 lapsus
1197 1835 1436 1900 animas,
1480 1835 1680 1891 sensim
1725 1835 2064 1906 procedendo

467 1936 681 1977 omnem
717 1922 942 1992 implere
983 1925 1252 1979 civitatem
1286 1927 1504 1994 poterit.
1549 1927 1676 1981 Date
1722 1927 1902 1996 itaque
1931 1927 2062 1981 mihi

465 2022 524 2066 ut
557 2011 627 2067 de
664 2012 821 2068 vobis
845 2013 1078 2083 glorier,
1105 2025 1158 2070 et
1191 2015 1242 2070 in
1273 2017 1522 2086 praesenti
1550 2019 1680 2083 vita,
1710 2026 1765 2073 et
1794 2018 1848 2072 in
1885 2017 2064 2074 futuro

467 2101 575 2165 die,
603 2117 711 2173 quo
741 2104 941 2159 talenta
966 2104 1224 2162 habentes
1246 2107 1448 2163 credita
1477 2108 1885 2164 introducentur
1907 2126 1922 2164 :
1947 2109 2062 2165 suf-

468 2192 652 2247 ﬁciens
681 2193 810 2248 mihi
838 2194 1082 2250 laborum
1112 2211 1320 2253 merces
1336 2205 1512 2254 vestra
1540 2199 1778 2266 claritas,
1807 2211 1862 2257 et
1890 2203 1936 2256 si
1961 2216 2057 2256 vos

477 2302 600 2343 cum
639 2289 833 2358 pietate
875 2291 1115 2346 viventes
1159 2292 1376 2360 videro,
1425 2301 1594 2348 totum
1634 2295 1834 2364 recepi.
1879 2295 2059 2350 Facite

465 2493 636 2548 QUOD
669 2496 1003 2540 TRISTITIB
1047 2498 1366 2542 AFFEC'I'US
1405 2500 1670 2544 TANTUM
1705 2501 1789 2542 AD
1831 2501 2095 2544 PECCATI
2139 2500 2670 2544 DESTRUCTIONEM
2714 2502 2813 2544 SIT
2857 2502 3059 2546 UTILIS

547 2593 612 2637 IN
653 2594 972 2638 PRINCIPIO
1014 2595 1201 2638 FECIT
1243 2597 1403 2640 DEUS
1445 2597 1674 2642 CELUM
1717 2599 1798 2642 ΕΤ
1840 2599 2125 2655 TERBAM,
2206 2600 2288 2642 ΕΤ
2355 2599 2525 2652 QUOD
2590 2601 2848 2645 ΜΔΧΙΜΔ
2919 2601 3403 2649 CONSOLATIONIS

1371 2702 1385 2740 :
1424 2701 1516 2743 ,ΕΤ
1558 2701 2000 2759 SUPER'ILLUD,
2047 2703 2248 2754 sum,
2295 2702 2402 2745 UB!
2447 2686 2562 2746 es?
2602 2703 2681 2745 ET
2725 2703 2806 2745 na
2851 2703 2974 2747 NON
3017 2704 3308 2749 scamno
3351 2692 3392 2724 ⁸·

546 2695 918 2741 CREATIONIS
967 2699 1324 2743 APPABATUS

2162 363 2320 434 igitur
2343 362 2488 434 quod
2513 373 2568 420 et
2593 364 2707 420 heri
2733 365 3023 434 admonui,
3052 375 3108 422 et
3130 365 3291 422 hodie
3315 365 3510 435 dicam,
3542 383 3641 426 nee
3667 371 3752 426 di-

2159 468 2287 509 cens
2307 454 2580 524 quiescam
2610 473 2623 510 :
2651 465 2836 512 contra
2858 458 3099 527 iurantes
3121 457 3374 514 mulctam
3401 459 3749 528 definientes,

2161 547 2414 602 mulctam
2443 547 2668 612 lucrum,
2704 563 2809 604 non
2840 550 3092 605 damnum
3126 550 3448 607 habentem:
3481 567 3750 623 praepara-

2161 638 2290 692 mini
2317 637 2426 708 jam
2465 646 2734 709 tamquam
2771 640 2925 696 nobis
2952 639 3223 710 profectus
3260 642 3628 712 probationem
3657 644 3753 698 da-

2161 729 2286 784 turi.
2316 729 2564 784 Conabor
2587 731 2785 786 etenim
2813 731 2952 802 apud
2979 748 3244 803 quemque
3271 743 3505 789 vestrum
3536 736 3752 806 longum

2161 821 2476 890 protrahere
2514 837 2816 878 sermonem
2857 822 3080 879 dimissa
3125 823 3226 880 hac
3267 826 3559 893 concione,
3609 836 3666 880 ut
3701 827 3753 880 in

2163 913 2449 967 verborum
2496 911 2825 983 longitudine
2863 913 3178 971 emendatos
3219 916 3486 972 inveniam
3511 919 3569 970 ¹ε
3614 927 3669 972 et
3709 918 3756 973 si

2162 1017 2318 1072 quem
2341 1003 2614 1073 iurantem
2641 1003 2848 1072 videro,
2873 1005 3125 1062 omnibus
3145 1006 3443 1062 emendatis
3465 1007 3638 1077 ipsum
3660 1008 3756 1063 de-

2163 1094 2385 1160 clarent,
2417 1103 2474 1149 ut
2500 1095 2860 1166 increpantes,
2889 1107 3194 1168 arguentes,
3220 1100 3573 1169 corrigentes,
3607 1101 3756 1155 brevi

2165 1184 2338 1256 ipsum
2358 1187 2495 1241 mala
2521 1186 2810 1242 liberemus
2830 1188 3236 1244 consuetudine.
3257 1189 3444 1245 Melius
3457 1199 3540 1245 est
3555 1192 3757 1246 ctenim

2164 1275 2253 1330 hic
2279 1276 2661 1345 exprobratum
2691 1278 2910 1348 corrigi,
2943 1293 3100 1348 quam
3138 1278 3228 1335 die
3257 1281 3344 1334 illa
3383 1280 3591 1350 palam,
3617 1297 3759 1351 prte-

2164 1378 2318 1426 sente
2358 1379 2470 1425 toto
2513 1370 2744 1437 mundo,
2787 1372 3047 1427 confundi
3075 1381 3236 1443 atque
3279 1374 3477 1444 puniri,
3519 1375 3760 1443 peccatis

2166 1460 2367 1515 nostris
2397 1461 2498 1515 sub
2523 1461 2762 1516 omnium
2806 1473 3026 1532 aspectu
3057 1464 3328 1519 revelatis.
3360 1463 3464 1520 Sed
3495 1463 3670 1530 absit,
3701 1477 3797 1518 nt-

2164 1553 2446 1624 quisquam
2475 1570 2544 1609 ex
2573 1553 2672 1610 hac
2721 1554 2948 1610 honesta
2975 1557 3235 1610 concione
3263 1557 3387 1610 talia
3413 1557 3617 1626 patiens
3647 1557 3757 1612 illic

2167 1654 2439 1714 appareat,
2471 1660 2654 1700 verum
2678 1655 2984 1702 sanctorum
3013 1656 3222 1717 patrum
3255 1647 3502 1716 precibus
3532 1659 3752 1717 peccata

2167 1737 2500 1806 corrigentes
2541 1739 2749 1802 omnia,
2782 1739 3111 1807 multumque
3143 1740 3358 1793 virtutis
3395 1738 3624 1794 fructum
3664 1754 3759 1794 ex—

2167 1825 2433 1893 hibentes,
2461 1842 2582 1882 cum
2607 1829 2772 1882 multa
2799 1829 2923 1884 hinc
2951 1829 3140 1883 fiducia
3165 1832 3476 1900 migremus,
3505 1830 3674 1900 gratia
3701 1837 3755 1884 et

2165 1929 2220 1975 et
2245 1921 2574 1991 benignitate
2605 1921 2813 1976 Domini
2852 1922 3022 1977 nostri
3052 1923 3180 1978 Jesu
3205 1923 3442 1990 Christi,
3474 1939 3567 1994 per
3595 1938 3756 1993 quem

2165 2021 2222 2067 ct
2245 2027 2368 2068 cum
2395 2028 2502 2084 quo
2546 2014 2688 2069 Patri
2726 2014 2895 2086 gloria
2921 2031 3025 2071 una
3061 2031 3182 2071 cum
3229 2025 3415 2072 sancto
3455 2016 3658 2088 Spiritu
3701 2016 3756 2072 in

2170 2105 2364 2160 saecula
2388 2105 2728 2162 smculorum.
2763 2107 2951 2163 Amen.

2235 2261 2251 2291 ¹
2287 2259 2429 2310 savil.
2453 2259 2603 2322 addit,
2625 2267 2670 2312 et
2693 2274 2786 2311 non
2807 2265 3103 2314 emendatos.

3417 2406 3744 2422 _—

3106 2505 3121 2543 :
3170 2504 3251 2545 ET
3297 2502 3495 2547 SUPER
3539 2505 3754 2562 ILLUD,

3470 2605 3756 2650 ΜΔΤΕΒΙᾹ

2017 2824 2279 2881 0W0

1079 2975 1300 3017 IIOIILIA
1339 2976 1430 3016 VII.

542 3136 594 3192 Ι.
631 3133 794 3191 Multa
832 3135 1047 3207 quidem
1084 3143 1139 3194 et
1175 3135 1245 3193 de
1285 3136 1613 3196 multis‘heri
1643 3139 1783 3210 apud
1823 3149 2058 3196 vestram

468 3223 698 3282 disserui
739 3227 1096 3285 charitatem:
1121 3227 1189 3284 de
1206 3227 1388 3284 multis
1429 3243 1560 3286 vero
1597 3229 1643 3285 si
1685 3231 1865 3286 omnia
1907 3231 2062 3286 vobis

477 3315 712 3373 retinere
749 3316 890 3372 haud
929 3327 1012 3374 est
1049 3317 1232 3386 facile,
1266 3317 1396 3375 illud
1430 3320 1668 3376 omnium
1706 3321 1938 3376 maxime
1965 3335 2062 3379 vos

471 3406 779 3463 meminisse
822 3421 954 3480 rogo
975 3447 993 3477 ,
1021 3408 1162 3479 quod
1200 3409 1466 3465 tristitiam
1509 3410 1662 3466 nobis
1692 3411 1831 3466 Deus
1857 3425 1962 3466 non
1991 3411 2062 3468 ob

468 3498 613 3554 aliud
641 3498 888 3555 indiderit
906 3539 924 3567 ,
950 3500 1054 3556 nisi
1072 3510 1298 3572 propter
1323 3501 1496 3556 solum
1529 3511 1801 3573 peccatum
1827 3544 1842 3567 ,
1871 3513 1925 3558 et
1955 3502 2058 3560 hoc

479 3602 575 3657 per
601 3589 768 3660 ipsam
799 3605 979 3644 rerum
1006 3591 1390 3660 experientiam
1418 3592 1855 3648 manifestaverit.
1881 3592 1939 3648 In
1967 3609 2061 3662 pc-

474 3680 750 3734 cuniarum
780 3681 922 3733 enim
955 3679 1150 3734 mulcta
1175 3721 1190 3746 ,
1226 3689 1280 3735 et
1308 3691 1480 3736 morte
1499 3724 1514 3748 ,
1546 3692 1599 3738 et
1623 3683 1936 3752 aegritudine
1960 3726 1976 3751 ,
2007 3694 2064 3740 et

477 3769 597 3825 aliis
623 3770 777 3825 nobis
805 3769 1170 3841 ingruentibus
1197 3770 1455 3826 molestiis
1480 3771 1726 3828 dolentes
1753 3782 1807 3828 et
1830 3789 2065 3830 mceren-

476 3871 578 3929 tes,
596 3876 700 3916 non
721 3869 924 3916 tantum
942 3862 1139 3917 nullam
1156 3861 1575 3918 consolationem
1591 3863 1827 3935 capimus
1845 3906 1859 3930 ,
1876 3881 2061 3922 verum

474 3962 529 4007 ct
556 3952 829 4008 molestias
854 3967 1141 4024 augemus;
1170 3953 1233 4008 in
1263 3953 1506 4025 speccatis
1545 3968 1674 4010 vero
1704 3954 1751 4010 si
1788 3955 2064 4013 doleamus

474 4053 532 4100 ct
567 4045 974 4112 contristemur,
996 4045 1200 4116 peccati
1230 4045 1645 4117 magnitudinem
1675 4046 1984 4114 minuimus,
2010 4060 2064 4106 et

476 4136 618 4204 quod
647 4144 763 4191 erat
790 4151 1035 4208 magnum
1057 4178 1074 4204 ,
1105 4136 1379 4193 reddimus
1403 4151 1660 4209 parvum;
1689 4152 1832 4208 saepe
1861 4153 1988 4195 vero
2010 4149 2066 4196 et

475 4228 712 4283 funditus
729 4231 899 4299 ipsum
921 4238 1088 4284 totum
1110 4226 1368 4285 delemus.
1388 4227 1502 4285 Hoc
1521 4229 1650 4284 mihi
1667 4228 1879 4286 assidue
1893 4246 2065 4288 recor-

473 4320 691 4385 damini,
711 4328 768 4376 ut
787 4321 856 4376 ob
873 4331 1147 4392 peccatum
1172 4330 1374 4378 tantum
1397 4320 1642 4388 doleatis,
1663 4320 1860 4376 nullam
1885 4331 2064 4378 autem

473 4410 545 4466 ob
573 4427 684 4466 rem
711 4420 966 4482 prteterea
994 4420 1083 4466 :et
1118 4420 1314 4482 praeter
1349 4411 1450 4467 hoc
1485 4411 1613 4467 illud
1647 4427 1896 4483 quoque,
1919 4414 2064 4484 quod

475 4512 702 4558 mortem
744 4511 800 4558 et
828 4501 1096 4557 tristitiam
1131 4503 1186 4558 in
1217 4503 1374 4558 vitam
1408 4512 1643 4557 nostram
1674 4513 1950 4573 peccatum
1979 4505 2063 4558 in-

477 4593 654 4649 ferens
678 4635 694 4662 ,
737 4593 805 4648 ab
843 4593 929 4648 his
967 4593 1226 4649 ambobus
1267 4593 1498 4650 vicissim
1541 4594 1837 4650 destruitur
1873 4613 1886 4648 :
1922 4594 2064 4665 quod

475 4685 686 4754 quidem
719 4686 892 4756 ipsum
925 4684 1258 4741 manifestius
1286 4695 1340 4742 et
1366 4695 1520 4742 antea
1557 4687 2061 4745 demonstravimus.

481 4776 626 4832 Nihil
650 4777 809 4848 igitur
837 4778 916 4833 sic
945 4778 1245 4844 timeamus,
1276 4785 1334 4832 ut
1359 4787 1632 4848 peccatum
1663 4787 1715 4834 et
1742 4779 2065 4848 przevarica-

483 4868 706 4924 tionem.
739 4868 817 4924 Ne
841 4870 1125 4924 timeamus
1148 4884 1380 4940 poenam,
1403 4877 1458 4924 et
1477 4884 1690 4939 poenam
1710 4869 2024 4942 effugiemus
2049 4890 2062 4926 :

478 4961 616 5018 sicut
635 4970 690 5018 et
711 4970 820 5018 tres
839 4962 914 5018 illi
933 4963 1080 5032 pueri
1099 4979 1203 5018 non
1225 4963 1513 5018 timuerunt
1527 4962 1876 5031 fornacem,et
1893 4963 2069 5018 forna-

477 5067 596 5108 cem
627 5052 926 5124 etl‘ugerunt
953 5072 965 5108 :
997 5055 1130 5111 tales
1154 5070 1274 5112 esse
1295 5055 1451 5111 decet
1473 5054 1565 5111 Dei
1589 5069 1794 5111 servos.
1839 5055 1898 5111 Si
1922 5057 2066 5110 enim

479 5157 537 5201 tn
563 5148 732 5204 veteri
763 5147 1103 5204 Testamento
1130 5148 1338 5205 educati
1362 5185 1380 5217 ,
1418 5147 1629 5221 quando
1658 5146 1891 5203 nondum
1920 5162 2066 5203 mors

544 5306 561 5336 ⁹
596 5305 804 5356 Titulum
819 5308 891 5358 sic
912 5306 1125 5357 eﬁ‘erunt
1139 5314 1244 5358 Sav.
1265 5313 1318 5358 et
1332 5307 1429 5357 duo
1446 5306 1671 5357 codices:
1693 5303 1919 5367 Ejusdem
1937 5316 2068 5354 com-

482 5369 762 5433 memoratio
785 5382 950 5418 rerum
979 5371 1089 5431 jam
1111 5372 1187 5433 ab
1207 5370 1312 5433 ipso
1332 5375 1474 5419 antea
1512 5368 1753 5419 dictorum
1775 5379 2067 5433 consemten-

486 5432 558 5494 ter
586 5439 613 5494 :_
627 5429 754 5494 quod
777 5427 1028 5494 peccatum
1048 5427 1495 5494 solmn,'po_stquam
1533 5435 1734 5494 mortem
1755 5433 1800 5478 et
1823 5427 2070 5478 tristitiam

491 5488 545 5536 in
734 5488 1024 5558 introduxit,
1052 5505 1140 5558 per
1162 5488 1275 5558 ilfle's
1294 5488 1425 5556 ipsas
1448 5504 1618 5541 rursus
1640 5491 1858 5552 aufertur
1879 5496 1965 5558 ρει
1985 5503 2068 5558 δατ

486 5561 574 5618 per
597 5550 720 5601 illud
747 5564 766 5602 :
798 5571 820 5599 ι
844 5562 904 5618 1ηΔ
923 5550 1162 5618 prim't'piq
1182 5553 1295 5617 fecit
1313 5550 1536 5618 'Deus....
1573 5550 1787 5618 terram;
1808 5567 1830 5597 ι
1862 5550 1920 5618 et
1941 5554 2067 5618 quod

491 5617 635 5686 ese».
676 5611 934 5686 "ventodd
957 5611 1278 5686 honoriﬁémts
1298 5627 1384 5665 nos
1407 5621 1453 5667 ει
1477 5611 1775 5686 eminuere
1981 5612 2068 5664 sed

487 5675 928 5785 gmtastigans,
966 5690 1102 5742 coque
1124 5675 1198 5732 sit
1233 5677 1379 5732 bonus
1396 5691 1416 5744 ;
1448 5683 1496 5732 et
1525 5675 1602 5733 de
1621 5675 1907 5730 abstinentia
1923 5675 2070 5739 jura-

489 5746 652 5786 menti.

2170 2975 2286 3022 erat
2307 2967 2642 3034 mortificata,
2659 2979 2757 3022 nec
2775 2980 2930 3022 aereae
2949 2973 3116 3037 porta:
3136 2965 3442 3031 contractae,
3460 2979 3559 3020 nec
3578 2973 3758 3021 vectes

2168 3054 2330 3114 ferrei
2356 3059 2605 3124 contriti,
2639 3068 2745 3114 tam
2775 3070 3088 3130 generosam
3118 3065 3302 3113 contra
3329 3063 3558 3112 mortem
3588 3057 3758 3112 auda-

2166 3147 2306 3203 ciam
2337 3163 2448 3220 przc
2473 3166 2532 3206 se
2560 3149 2728 3206 tulere
2756 3167 2771 3204 :
2797 3164 2957 3217 quam
2990 3163 3088 3203 nos
3114 3147 3425 3203 habebimus
3452 3147 3757 3203 excusatio-

2166 3256 2292 3298 nem
2316 3282 2332 3311 ,
2363 3253 2454 3298 aut
2494 3258 2653 3314 quam
2695 3242 2905 3298 veniam
2931 3283 2948 3307 ,
2980 3248 3178 3296 tantam
3224 3239 3366 3295 nacti
3407 3238 3630 3310 gratiam
3653 3279 3671 3304 ,
3700 3249 3759 3295 et

2167 3349 2340 3405 neque
2369 3349 2524 3405 pares
2551 3335 2660 3390 illis
2687 3333 2899 3390 virtutis
2925 3331 3120 3404 gradus
3147 3345 3289 3387 nunc
3313 3333 3607 3402 assequuti,
3632 3347 3754 3387 cum

2169 3441 2315 3482 mors
2341 3442 2534 3483 nomen
2564 3427 2737 3482 solum
2761 3426 2831 3482 sit
2855 3441 2914 3481 re
2942 3423 3251 3496 privatum?
3278 3423 3418 3478 Nihil
3445 3423 3588 3478 enim
3612 3422 3754 3478 aliud

2169 3535 2316 3576 mors
2337 3530 2444 3586 est,
2474 3536 2635 3592 quam
2660 3535 2900 3587 somnus,
2928 3528 2982 3575 et
3005 3518 3268 3588 migratio,
3296 3527 3350 3572 et
3377 3517 3670 3582 translatio,
3700 3525 3757 3572 et

2169 3613 2411 3683 requies,
2438 3621 2494 3668 et
2523 3613 2840 3683 tranquillus
2867 3621 3069 3682 portus,
3100 3620 3154 3665 et
3183 3609 3592 3680 perturbationis
3617 3609 3756 3665 libe-

2170 3702 2306 3758 ratio
2331 3743 2346 3769 ,
2374 3713 2434 3758 et
2454 3718 2490 3757 a
2519 3704 2639 3757 vitae
2667 3701 2810 3757 curis
2836 3699 3227 3757 absolutio.Sed
3257 3699 3347 3755 hic
3371 3699 3755 3755 consolationis

2169 3808 2472 3850 sermonem
2518 3794 2786 3850 solvamus
2816 3813 2829 3850 :
2857 3793 3054 3850 etenim
3084 3793 3324 3864 quintam
3362 3791 3504 3847 diem
3547 3792 3756 3863 agimus

2168 3897 2402 3944 vestram
2431 3889 2768 3945 consolantes
2787 3886 3204 3953 eharitatem,et
3215 3887 3326 3956 jam
3364 3885 3575 3941 molesti
3603 3885 3754 3942 vide-

2169 3995 2308 4036 mur.
2337 3981 2569 4037 Attentis
2593 3981 2735 4036 enim
2765 3980 2906 4035 dicta
2930 3977 3198 4034 sufficiunt
3223 4020 3237 4045 ,
3269 3977 3625 4049 pusillanimis
3653 3991 3757 4032 au-

2171 4079 2278 4126 tem
2299 4113 2315 4140 ,
2343 4071 2553 4128 etiarnsi
2594 4072 2752 4126 dictis
2782 4071 2932 4141 plura
2977 4069 3238 4124 addamus
3263 4109 3280 4135 ,
3312 4067 3444 4122 nihil
3471 4066 3754 4139 profuerit.

2170 4159 2406 4232 Tempus
2422 4176 2553 4218 vero
2571 4162 2726 4218 nobis
2738 4161 2846 4231 jam
2865 4160 2932 4215 ad
2950 4159 3344 4229 Scripturarum
3366 4157 3754 4228 expositionem

2170 4262 2486 4309 convertere
2525 4251 2822 4307 doctrinam
2856 4269 2869 4304 :
2901 4248 3348 4321 quemadmodum
3378 4249 3520 4303 enim
3551 4249 3595 4304 si
3622 4248 3758 4302 nihil

2171 4343 2238 4400 de
2266 4343 2363 4398 hac
2388 4359 2624 4398 aerumna
2651 4343 2855 4410 loquuti
2883 4355 3143 4407 essemus,
3171 4339 3500 4395 crudelitatis
3523 4347 3576 4393 et
3602 4337 3756 4393 inhu-

2171 4435 2439 4491 manitatis
2465 4451 2562 4491 nos
2589 4436 2780 4506 aliquis
2803 4434 3213 4490 condemnasset
3237 4451 3250 4486 :
3275 4432 3353 4487 sic
3380 4433 3424 4488 si
3451 4447 3664 4503 semper
3688 4432 3758 4490 de

2173 4526 2285 4596 ipsa
2311 4526 2662 4592 disseramus,
2695 4525 3139 4595 pusillanimitatis
3160 4524 3280 4594 jure
3308 4537 3405 4578 nos
3432 4523 3756 4578 condemna-

2173 4625 2275 4672 ret.
2318 4616 2488 4672 Corda
2532 4617 2688 4689 igitur
2727 4626 2902 4672 vestra
2939 4616 3050 4670 Deo
3079 4613 3513 4670 commendantes
3537 4655 3551 4680 ,
3581 4615 3671 4685 qui
3703 4616 3754 4671 ir.

2173 4717 2353 4763 mente
2379 4717 2553 4764 vestra
2589 4709 2729 4779 loqui
2761 4717 2933 4778 potest
2956 4750 2970 4774 ,
2999 4715 3056 4762 et
3083 4721 3296 4762 omnem
3323 4722 3388 4762 ex
3422 4715 3638 4776 pectore
3666 4709 3756 4760 tri-

2174 4799 2368 4853 stitiam
2401 4799 2713 4869 expellere,
2747 4809 3054 4854 consuetam
3097 4797 3391 4852 doctrinam
3425 4813 3563 4852 nunc
3599 4799 3756 4852 attin-

2171 4905 2398 4960 gamus,
2441 4891 2672 4945 ntaxime
2708 4889 2920 4958 quando
2958 4889 3132 4944 omnis
3169 4887 3457 4957 Scriptura:
3491 4888 3757 4958 expositio

2173 4983 2473 5039 exhortatio
2499 4993 2581 5037 est
2609 4991 2664 5038 et
2690 4981 3003 5038 consolatio.
3039 4982 3218 5052 Itaque
3251 4980 3349 5034 etsi
3375 4994 3406 5034 a
3430 4980 3759 5035 consolando

2173 5074 2434 5131 absistere
2461 5076 2736 5144 videmur,
2763 5091 2972 5130 rursum
3000 5089 3098 5145 per
3123 5073 3513 5142 Scripturarum
3540 5075 3758 5142 exposi-

2176 5167 2374 5224 tionem
2415 5169 2466 5222 in
2508 5168 2750 5223 eamdem
2787 5167 3064 5221 materiam
3104 5164 3399 5220 incidimus.
3434 5163 3586 5229 Quod
3613 5160 3758 5220 enim

2175 5269 2408 5318 mentem
2447 5260 2823 5316 adhibentibus
2864 5267 2972 5313 tota
3016 5259 3288 5327 Scriptura
3321 5257 3614 5311 consolatio
3643 5258 3757 5319 sit,

2170 5354 2282 5425 jam
2305 5370 2444 5408 nunc
2467 5353 2616 5408 vobis
2639 5353 2810 5422 palam
2834 5353 3040 5406 faciam.
3064 5351 3179 5405 Non
3202 5351 3342 5405 enim
3363 5348 3757 5416 Scripturarum

2177 5447 2456 5502 historiam
2483 5445 2820 5509 circumiens,
2855 5445 3112 5513 quosdam
3139 5440 3524 5497 consolatorios
3548 5452 3759 5492 sermo-

2175 5554 2271 5595 nes
2295 5553 2534 5609 qumrere
2559 5536 2821 5602 conabor;
2851 5535 2942 5590 sed
2970 5544 3028 5589 ut
3050 5534 3365 5604 apertiorem
3389 5529 3759 5602 promissionis

2175 5628 2683 5687 demonstrationem
2734 5626 3034 5699 prtebeam,
3077 5625 3236 5680 hodie
3281 5623 3474 5678 lectum
3521 5619 3760 5676 tractabo

2174 5723 2369 5780 librum
2399 5741 2414 5780 :
2446 5728 2501 5781 et
2525 5720 2571 5780 si
2593 5720 2755 5792 libet,
2783 5721 2947 5793 ipsius
2971 5719 3289 5791 principium
3317 5726 3370 5774 et
3393 5714 3711 5785 procemium
3731 5753 3748 5782 ,
