3932 6222
363 255 427 312 9|
1376 251 1468 308 AD
1503 248 1832 307 POPULlLM
1876 251 2379 308 AN'l'lOCl‘lENUM
2423 248 2657 307 HOMIL.
2695 249 2804 305 Vll.
3769 253 3837 308 92

365 384 467 440 μεν
498 369 856 432 ἐπικίνδυνον,
884 370 1005 424 οὐδὲ
1059 369 1353 441 σφαλερὸν,
1383 368 1495 423 οὐδ’
1527 368 1752 430 ἄκοντες
1798 366 2052 436 ἁμαρτη-

365 447 591 518 σόμεθα,
632 448 768 502 ἀλλά
815 451 910 503 καὶ
949 451 1049 520 τῆς
1081 449 1438 520 ἐπικειμένης
1467 446 1705 517 ἀθυμίας
1732 447 1791 498 ἐν
1821 447 1888 515 τῇ
1924 445 2048 514 περὶ

362 525 568 578 τούτων
609 527 840 592 διαλέξει
885 527 1260 598 σχολάζοντες,
1292 526 1391 598 τὴν
1443 525 1620 597 ψυχὴν
1677 524 2045 592 ὑπεξαγαγεῖν

363 605 724 678 δυνησόμεθα,
757 609 876 662 ἀντὶ
929 609 1031 678 τῆς
1082 607 1362 680 φροντίδος
1413 603 1482 679 ἦς
1523 604 1882 678 φροντίζομεν
1917 605 2054 675 πρὸς

365 682 627 755 ἀλλήλους
658 688 743 739 ἀεὶ
772 687 1022 756 λέγοντες
1043 704 1056 716 ·
1087 685 1158 740 Ἀ
1170 705 1237 757 ρα
1269 687 1501 758 ’ήκουσεν
1533 689 1562 740 ό
1586 685 1836 756 βασιλεὺς
1857 683 1926 735 τὰ
1963 699 2056 750 γε·

363 765 674 833 γενημένα;
702 762 810 836 ἆρα
852 766 1217 838 παρωξύνθη;
1252 767 1305 820 τί
1333 767 1389 820 δὲ
1412 766 1746 837 ἐψηφίσατρς
1778 759 1886 834 ἆρα
1913 778 2050 833 παρ’

364 842 594 897 εκάλεσέ
615 861 699 909 τις
721 846 916 910 αὐτόν;
943 846 996 900 τί
1019 847 1096 913 δὲ,
1128 847 1292 911 αὐτὸς
1318 846 1569 911 ἀνέξεται
1601 844 1755 898 πόλιν
1785 840 1927 895 οὕτω
1951 839 2048 894 καὶ

365 921 613 993 μεγάλην
635 925 730 977 καὶ
747 924 1171 998 πολυάνθρωπον
1205 926 1466 994 ἀφανίσαι
1494 925 1711 988 τέλεον;
1737 918 1922 975 Ταῦτα
1950 921 2049 991 μὲν

363 1001 460 1056 καὶ
505 1001 574 1054 τά
615 1003 842 1057 τοιαῦτα
889 1005 1067 1058 πάντα
1095 1006 1189 1059 ἐπὶ
1224 1005 1317 1059 τὸν
1352 1005 1485 1058 Θεὸν
1522 1004 1794 1076 ῥίψαντες,
1821 999 1890 1053 τὰ
1919 1001 2049 1071 παρ’

361 1080 530 1133 αὑτοῦ
558 1084 1010 1154 προστεταγμένα
1047 1085 1399 1156 μεριμνῶμεν
1423 1084 1583 1154 μόνον
1601 1099 1615 1114 '
1639 1080 1783 1135 οὕτω
1815 1079 1926 1151 γὰρ
1949 1080 2050 1132 κά-

361 1161 517 1213 κεῖνα
549 1159 955 1232 διαλυσόμεθαα
984 1162 1102 1235 [84]
1133 1164 1330 1231 πάντα,
1371 1161 1474 1216 κᾶν
1507 1161 1640 1214 δέκα
1669 1163 1726 1214 ἐν
1751 1162 1882 1231 ἡμῖν
1913 1176 2042 1212 κατ-

361 1237 646 1309 ορθώσωσι
683 1241 862 1309 μόνον,
895 1241 1110 1313 ταχέως
1155 1242 1358 1295 εἴκοσιν
1380 1243 1428 1295 οἱ
1456 1241 1587 1294 δέκα
1612 1240 1951 1309 γενήσονται,
1994 1243 2045 1294 oi

363 1317 542 1370 εἴκοσι
570 1323 925 1390 πεντήκοντα,
955 1324 1004 1374 οἱ
1034 1322 1373 1392 πεντήκοντα
1410 1319 1627 1380 ἑκατὸν,
1659 1320 1708 1372 οἱ
1744 1317 1936 1370 ἐκατὸν
1967 1317 2050 1387 χί-

360 1395 489 1462 λιοι,
519 1399 566 1450 οί
599 1398 760 1468 χίλιοι
797 1401 946 1453 πᾶσα
971 1401 1006 1471 ή
1039 1400 1210 1462 πόλις.
1239 1400 1349 1452 Καὶ
1377 1399 1628 1469 καθάπερ
1668 1397 1799 1451 δέκα
1850 1396 2049 1465 ἀφθέν-

359 1491 472 1529 των
509 1476 740 1547 λύχνων,
775 1479 970 1551 ῥᾳδίως
993 1477 1092 1550 τὴν
1124 1479 1300 1531 οἰκίαν
1344 1479 1560 1532 ἅπασαν
1583 1476 1861 1547 ἐμπλῆσαι
1888 1475 2048 1543 δυνή-

364 1556 519 1608 σεταί
549 1573 633 1619 τις
665 1556 758 1610 τοῦ
789 1557 966 1626 φωτός
989 1573 1004 1588 °
1033 1556 1176 1610 οὕτω
1201 1556 1264 1626 δὴ
1293 1559 1386 1610 καὶ
1415 1558 1507 1610 ἐπὶ
1539 1556 1648 1608 τῶν
1689 1554 2048 1626 κατορθωμά-

361 1651 471 1687 των
524 1635 631 1688 τῶν
685 1635 1093 1706 πνευματικῶν,
1127 1635 1194 1689 ἀν
1240 1635 1375 1689 δέκα
1425 1633 1811 1706 κατορθώσωσι
1869 1635 2041 1702 μόνοι,

363 1712 544 1784 πυρὰν
568 1713 865 1786 όλόκληρον
899 1717 980 1778 είς
1025 1715 1123 1787 τὴν
1156 1714 1310 1768 πόλιν
1339 1714 1614 1784 ἀνάψομεν
1651 1713 1764 1782 φῶς
1791 1712 2040 1782 ἔχουσαν,

362 1793 460 1845 καὶ
489 1793 789 1860 ἀσφάλειαν
817 1796 952 1865 ἡμῖν
981 1794 1335 1865 κομίζουσαν.
1375 1795 1448 1846 Ού
1475 1793 1584 1863 γάρ
1615 1791 1758 1846 οὕτω
1785 1793 1886 1862 τῆς
1910 1792 2043 1860 φλο-

361 1871 458 1938 γὸς
481 1873 514 1940 ἡ
537 1872 699 1939 φύσις
722 1875 801 1937 είς
835 1873 966 1943 ὓλην
996 1872 1459 1943 ἐμπεσοῦσα,τῶν
1488 1871 1812 1940 ἐγγιζόντων
1839 1872 1923 1924 ἀεὶ
1952 1870 2042 1936 ξύ-

359 1948 470 2003 λων
496 1950 746 2017 ἆπτεται,
780 1952 855 2016 ὡς
884 1953 1082 2024 ἀρετῆς
1111 1952 1291 2023 ζῆλος,
1337 1952 1417 2014 εἰς
1441 1952 1620 2022 ψυχὰς
1652 1951 1838 2019 ὀλίγας
1872 1953 2043 2020 ἐμπε-

363 2028 495 2092 σὼν,
536 2031 641 2100 ὁδῷ
679 2032 990 2103 προϐαίνων
1034 2034 1212 2085 πᾶσαν
1252 2031 1531 2102 ἐμπλῆσαι
1561 2032 1661 2100 τὴν
1693 2030 1846 2082 πόλιν
1883 2030 2042 2100 δυνή-

363 2124 537 2162 σεται.
569 2111 698 2163 Δότε
722 2112 898 2164 τοίνυν
926 2111 1048 2181 ἐμοὶ
1077 2113 1457 2182 καυχήσασθαι
1483 2110 1568 2179 ἐφ’
1599 2111 1748 2178 ὑμῖν,
1776 2110 1868 2163 καὶ
1900 2109 2042 2162 κατά

359 2187 454 2242 τὸν
486 2189 730 2260 παρόντα
758 2190 892 2260 βίον,
929 2192 1020 2243 καὶ
1049 2190 1193 2242 κατά
1218 2191 1320 2261 τὴν
1345 2188 1640 2258 μέλλουσαν
1663 2189 1894 2258 ἡμέραν,
1915 2189 2042 2240 ὅταν

358 2269 412 2321 oi.
445 2269 514 2322 τά
541 2270 778 2324 τάλαντα
807 2269 1263 2340 ἐμπιστευθέντες
1292 2269 1621 2337 εἰσάγωνται
1645 2285 1659 2298 θ
1700 2267 1886 2338 ἀρκῶν
1918 2268 2044 2337 ἐμοὶ

425 2364 452 2394 ⁸
478 2366 634 2416 Savil.
661 2372 716 2416 et
737 2367 928 2428 aliquot
951 2379 1067 2414 mss.
1101 2365 1436 2428 διαλυσόμεθα,
1465 2364 1586 2413 Mor.
1615 2370 1668 2413 et
1699 2362 1780 2412 alii
1809 2363 2040 2411 διαλύσει.

2156 365 2347 436 μισθὸς
2377 367 2488 420 τῶν
2513 367 2690 420 πόνων
2719 368 2752 436 ή
2781 364 3023 435 ὑμετέρα
3053 364 3421 435 εὖδοκίμησις,
3453 363 3551 418 κᾶν
3577 364 3668 418 ίδω
3689 368 3833 436 ὑμᾶς

2155 450 2273 520 μετ’
2307 449 2630 514 εύσεϐείαςι)
2673 448 2901 514 ζῶντας,
2947 447 3009 500 τὸ
3060 448 3168 501 πᾶν
3211 446 3508 520 ἀπείληφα.
3564 447 3833 518 Ποιήσατε

2161 530 2350 592 τοίνυν,
2385 529 2414 582 ὂ
2462 530 2556 584 καὶ
2593 529 2720 600 χθὲς
2751 528 3034 599 παρῄνεσά
3074 544 3135 580 τε
3177 527 3271 580 καὶ
3305 527 3543 596 σήμερον
3577 526 3710 598 ἐρῶ,
3740 528 3836 581 καὶ

2154 610 2322 678 λέγων
2343 610 2403 661 ού
2432 609 2714 679 παύσομαι
2730 626 2743 640 ο
2775 607 3072 677 καταδίκην
3095 605 3235 660 κατά
3256 604 3364 659 τῶν
3387 604 3696 675 ὀμνυόντων
3717 607 3834 676 ὁρίο

2151 706 2362 753 σαντες,
2399 689 2696 758 καταδίκην
2749 687 2942 758 κέρδος
2984 685 3233 756 ἔχουσαν,
3269 685 3330 736 ού
3371 683 3595 755 ζημίαν,
3640 701 3832 755 παρα-

2153 767 2493 820 σκευάσασθε
2525 768 2708 823 λοιπὸν
2741 768 2816 831 ὡς
2843 765 3070 835 δοκιμὴν
3112 767 3242 835 ἡμῖν
3272 762 3534 826 δώσοντες
3572 762 3667 817 τοῦ
3697 778 3831 816 κατ-

2149 845 2488 916 ορθώματος.
2523 847 2635 899 Καὶ
2678 846 2785 917 γάρ
2823 845 3155 917 πειράσομαι
3216 842 3353 913 πρὸς
3399 841 3632 896 ἕκαστον
3675 843 3831 914 ὑμῶν

2153 925 2363 996 μακρὸν
2393 926 2674 979 ἀποτεῖναι
2719 925 2876 994 λόγον
2917 923 3010 978 τοῦ
3041 923 3296 991 συλλόγου
3328 922 3521 974 τούτου
3554 921 3833 974 διαλυθέν-

2148 1020 2259 1068 τος,
2280 1005 2368 1058 ἴνα
2392 1006 2450 1058 ἐν
2470 1005 2547 1076 τῷ
2572 1007 2734 1076 μήκει
2754 1005 2863 1057 τῶν
2885 1003 3196 1073 λεγομένων
3219 1001 3364 1074 εὕρω
3385 1001 3510 1064 τοὺς
3533 1001 3834 1074 κατωρθω-

2150 1084 2314 1147 κὸτας
2339 1096 2360 1123 ο
2380 1102 2393 1114 ·
2426 1086 2527 1138 κᾶν
2554 1085 2646 1138 ῖδω
2675 1085 2794 1138 τινά
2825 1084 3117 1154 ὀμνύοντα,
3146 1083 3350 1136 ἂπασιν
3379 1082 3540 1133 αὐτὸν
3566 1083 3677 1143 τοῖς
3701 1098 3834 1134 κατ-

2148 1163 2437 1232 ωρθωκόσι
2467 1167 2678 1236 ποιήσω
2707 1164 2958 1234 φανερὸν,
2982 1165 3067 1216 ἵνα
3095 1160 3477 1231 ἐπιτιμῶντες,
3496 1159 3831 1230 ἐλέγχοντες,

2148 1243 2510 1317 διορθοῦντες,
2545 1246 2758 1315 ταχέως
2788 1244 2950 1297 αὐτὸν
3000 1242 3100 1312 τῆς
3144 1242 3390 1312 πονηρᾶς
3432 1239 3833 1309 ἀπαλλάξωμεν

2151 1325 2457 1397 συνηθείας.
2488 1328 2594 1378 Καὶ
2639 1324 2748 1394 γὰρ
2795 1324 3000 1395 βέλτιον
3035 1322 3268 1376 ἐνταῦθα
3303 1320 3664 1374 ὀνειδισθέντα
3687 1319 3833 1388 διορ-

2148 1403 2446 1467 θώσασθαι,
2478 1405 2511 1475 ἦ
2539 1405 2677 1458 κατά
2709 1407 2810 1474 τὴν
2846 1406 3058 1475 ἡμέραν
3096 1403 3312 1470 ἐκείνην
3343 1403 3493 1470 κοινῇ
3525 1399 3622 1469 τῆς
3651 1401 3830 1452 οἰκου-

2150 1483 2320 1554 μένης
2372 1485 2588 1554 ἁπάσης
2633 1483 2914 1554 παρούσης
2958 1483 3287 1551 ἀσχημονεῖν
3338 1481 3432 1532 καὶ
3481 1478 3827 1543 κολάζεσθαι,

2145 1562 2254 1614 τῶν
2290 1563 2701 1633 ἁμαρτημάτων
2729 1564 2860 1632 ήμῖν
2899 1562 3003 1614 ὑπὸ
3045 1564 3158 1623 τοῖς
3199 1560 3451 1613 ἁπάντων
3485 1558 3828 1612 ἐκκαλυπτο-

2151 1641 2328 1711 μένων
2375 1641 2871 1711 ὀφθαλμοῖς.Ἀλλά
2917 1641 2990 1711 μὴ
3029 1639 3241 1708 γένοιτο
3291 1637 3382 1691 τοῦ
3425 1636 3590 1691 καλοῦ
3635 1637 3828 1695 τούτου

2149 1719 2408 1788 συλλόγου
2460 1720 2694 1790 φανῆναί
2725 1739 2847 1773 τινα
2886 1721 3002 1772 ἐκεῖ
3046 1720 3219 1772 ταῦτα
3264 1719 3564 1787 πάσχοντα,
3599 1716 3712 1770 ἀλλ’
3741 1717 3832 1769 εὑ.

2145 1802 2273 1870 χαῖς
2304 1799 2413 1852 τῶν
2440 1799 2612 1868 ἁγίων
2647 1799 2899 1869 πατέρων
2925 1798 3140 1852 ἃπαντα
3175 1798 3243 1851 τά
3273 1797 3646 1868 ἁμαρτήματα
3685 1795 3832 1866 διορ-

2146 1879 2475 1950 θωσάμενοι,
2510 1879 2716 1932 καὶτὸν
2743 1879 2840 1947 τῆς
2867 1877 3071 1947 ἀρετῆς
3103 1877 3313 1948 καρπὸν
3347 1875 3514 1929 πολὺν
3558 1874 3827 1938 ἐπιδειξά-

2149 1976 2320 2029 μενοι,
2366 1957 2505 2028 μετά
2557 1958 2756 2028 πολλῆς
2801 1957 3054 2010 ἐντεῦθεν
3105 1955 3436 2026 ἀπέλθοιμεν
3493 1955 3830 2025 παρρησίας,

2145 2038 2330 2108 χάριτι
2356 2039 2450 2090 καὶ
2479 2036 2862 2108 φιλανθρωπίᾳ
2908 2035 3003 2089 τοῦ
3035 2035 3242 2107 Κυρίου
3271 2038 3304 2107 ή
3316 2035 3431 2106 μῶν
3474 2034 3648 2105 Ἰησοῦ
3678 2031 3834 2102 Χρι-εν

2147 2117 2293 2179 στοῦ,
2322 2117 2387 2170 δι’
2415 2112 2474 2172 οὗ
2510 2117 2604 2170 καὶ
2639 2115 2755 2186 μεθ’
2790 2112 2850 2170 οὗ
2879 2115 2956 2185 τῷ
2981 2116 3157 2186 Πατρὶ
3195 2117 3227 2185 ἡ
3257 2114 3406 2181 δόξα,
3440 2113 3555 2183 ἀμα
3579 2110 3656 2182 τῷ
3687 2110 3831 2181 ἁγίῳ

2145 2195 2446 2266 Πνεύματι,
2478 2198 2556 2258 εἰς
2582 2195 2708 2258 τοὺς
2739 2194 2942 2258 αἰῶνας
2972 2193 3081 2246 τῶν
3107 2193 3338 2247 αἰώνων.
3361 2193 3552 2264 Ἀμήν.

2211 2297 2238 2336 δ
2265 2301 2362 2349 Alii
2391 2299 2650 2354 εὐλαϐείας.

2209 2365 2231 2392 °
2259 2363 2409 2410 Addit
2432 2363 2581 2410 Savil.
2616 2361 2698 2408 καὶ
2723 2361 2832 2416 τοὺς
2856 2361 2919 2423 μή
2954 2359 3342 2424 κατωρθωκότας.

356 2547 384 2579 δ*
412 2553 533 2606 Ὅτι
569 2552 637 2607 τὸ
665 2551 775 2621 τῆς
805 2551 1008 2618 λύπης
1037 2549 1226 2615 πάθος
1261 2551 1348 2614 εἰς
1375 2547 1664 2618 ἁμαρτίας
1695 2547 2008 2614 ἀναίρεσιν
2031 2546 2224 2615 μόνον
2251 2542 2572 2614 χρήσιμον-ο
2629 2542 2728 2595 καί
2765 2545 2852 2607 είς
2887 2541 2978 2605 τὸ,
3020 2540 3109 2596 Ἑν
3144 2543 3286 2613 ἀρχῇ
3337 2541 3594 2613 ἐποίησεν
3636 2545 3665 2596 ὁ
3691 2543 3827 2608 Θεὸς

429 2645 524 2698 τὸν
577 2644 808 2716 οὐρανὸν
862 2644 955 2696 καὶ
999 2641 1096 2713 τήν
1140 2641 1266 2711 γῆνο
1299 2640 1399 2695 καί
1433 2641 1521 2694 ὅτι
1573 2640 1866 2709 μεγίστης
1895 2637 2329 2706 παρακλήσεως
2366 2636 2656 2703 ὑπόθεσις
2688 2635 2726 2706 η
2763 2633 2874 2704 τῆς
2917 2633 3300 2704 δημιουργίας
3346 2635 3726 2704 κατασκευή·
3755 2637 3824 2692 ἂν

429 2728 481 2805 ᾧ
511 2736 610 2792 καὶ
647 2735 781 2806 περί
817 2734 948 2801 τοῦ,
982 2734 1176 2804 Ἀδὰμ,
1214 2731 1315 2786 ποῦ
1345 2730 1426 2801 si;
1453 2731 1551 2786 καὶ
1580 2732 1716 2802 περί
1751 2732 1857 2786 τοῦ
1880 2731 1966 2802 μὴ
1997 2732 2260 2802 ὀμνύειν.

1047 2921 1278 2992 Ὀμιλία
1308 2919 1370 2981 ζ’.

432 3015 502 3064 ατ.
521 3003 698 3064 Πολλά
718 3008 817 3080 μὲν
839 3008 932 3063 καὶ
949 3026 1017 3062 πε
1026 3011 1079 3082 pl.
1095 3009 1304 3063 πολλῶν
1331 3008 1459 3080 χθὲς
1483 3008 1620 3078 πρὸς
1639 3009 1738 3081 τὴν
1761 3009 2034 3084 ὑμετέραν

356 3096 642 3169 διελέχθην
672 3097 917 3169 ἀγάπην,
942 3097 1049 3150 ἀπὸ
1077 3096 1134 3150 δέ
1160 3096 1270 3151 τῶν
1293 3095 1505 3150 πολλῶν
1529 3097 1577 3149 εί
1607 3095 1681 3167 μὴ
1703 3097 1878 3151 πάντα
1905 3115 2036 3153 κατ-

359 3187 506 3258 έχειν
521 3187 652 3257 ὑμῖν
676 3185 921 3250 δυνατὸν,
939 3186 1114 3238 ἐκεῖνο
1136 3185 1373 3256 μάλιστα
1396 3185 1614 3239 πάντων
1639 3185 1784 3255 ὑμᾶς
1804 3185 1890 3238 δια
1897 3203 2033 3258 μνη-

361 3274 619 3346 μονεῦσαι
655 3273 870 3345 δέομαι,
903 3273 985 3327 δτι
1018 3273 1116 3344 τὴν
1164 3273 1343 3344 λύπην
1373 3273 1506 3343 ημῖν
1543 3274 1573 3325 ό
1614 3271 1748 3335 Θεὸς
1785 3272 1855 3326 δι’
1881 3274 2034 3327 οὐδὲν

357 3362 546 3434 ἓτερον
574 3361 850 3432 ἐνέθηκεν,
876 3360 991 3414 ἀλλ’
1027 3361 1061 3432 ἢ
1093 3360 1162 3415 δι’
1197 3361 1473 3432 ἁμαρτίαν
1504 3359 1702 3430 μόνην,
1745 3361 1840 3413 καὶ
1877 3360 2036 3414 τοῦτο

356 3447 596 3520 ἐδήλωσε
617 3449 683 3502 δι’
704 3449 874 3518 αὐτῆς
893 3448 1004 3502 τῶν
1029 3449 1370 3520 πραγμάτων
1389 3447 1490 3517 τῆς
1515 3445 1629 3519 [85]
1660 3448 1879 3518 πείρας.
1911 3449 2035 3502 Ἐπὶ

363 3536 464 3604 μὲν
490 3537 599 3609 γὰρ
630 3536 805 3607 ζημίᾳ
839 3535 1160 3606 χρημάτων.
1189 3534 1284 3588 καὶ
1324 3534 1625 3605 ἀρρωστίᾳ,
1662 3535 1758 3587 καὶ
1793 3535 2028 3606 θανάτῳ,

360 3624 458 3679 καὶ
474 3626 588 3686 τοῖς
611 3623 790 3685 ἄλλοις
811 3635 836 3662 ι
860 3625 972 3686 τοῖς
994 3621 1399 3692 συμπίπτουσιν
1420 3623 1554 3691 ήμῖν
1579 3621 1775 3683 δεινοῖς
1802 3621 2030 3690 ἀλγοῦν-

361 3729 456 3776 τες
484 3711 581 3766 καὶ
624 3709 984 3781 ἀθυμοῦντες,
1023 3712 1084 3763 ού
1113 3710 1273 3780 μόνον
1312 3708 1570 3778 οὐδεμίαν
1597 3709 1704 3761 ἀπὸ
1729 3710 1829 3780 τῆς
1854 3709 2030 3780 λύπης

361 3797 722 3870 ηρπούμεθα
743 3797 1116 3868 παραμυθίαν,
1135 3796 1272 3850 ἀλλά
1294 3796 1388 3849 καὶ
1409 3795 1747 3865 ἐπιτείνομεν
1767 3797 1834 3849 τὰ
1851 3797 2024 3852 δεινά·

360 3889 455 3942 ἔτει
475 3887 531 3940 δὲ
554 3887 661 3941 τῶν
680 3886 1096 3957 ἁμαρτημάτων
1121 3887 1186 3939 ἂν
1207 3885 1534 3956 ἀλγήσωμεν
1559 3885 1653 3938 καὶ
1673 3884 2025 3955 λυπηθῶμεν,

358 3973 774 4044 ὑποτεμνόμεθα
802 3975 900 4044 τῆς
929 3973 1204 4044 ἁμαρτίας
1228 3972 1319 4025 τὸν
1343 3971 1528 4040 ὑγκον,
1557 3973 1652 4025 καὶ
1697 3971 1901 4043 μικρὰν
1929 3972 2028 4043 τὴν

363 4062 604 4130 μεγάλην
627 4060 912 4130 ποιοῦμεν.
935 4060 1188 4123 πολλάκις
1217 4060 1273 4112 δὲ
1302 4060 1395 4112 καὶ
1422 4059 1602 4112 τέλεον
1628 4059 1798 4130 αὐτὴν
1819 4058 2028 4123 ἐξαλεί-

361 4166 534 4220 φομεν
554 4149 792 4214 ᾆπασαν.
812 4147 982 4200 Τοῦτο
1001 4149 1064 4219 δή
1093 4165 1181 4218 μοι
1211 4144 1489 4218 μέμνησθε
1517 4147 1800 4217 διηνεκῶς,
1825 4147 1913 4200 ῖνα
1939 4149 2024 4217 ἐφ’

356 4236 607 4307 ἁμαρτίᾳ
642 4236 801 4306 μόνον
834 4235 1057 4305 ἀλγῆτε,
1087 4236 1170 4304 ἐφ’
1206 4233 1378 4305 ἑτέρῳ
1407 4233 1464 4287 δέ
1505 4233 1720 4304 μηδενίο
1767 4234 1858 4286 καὶ
1887 4235 2027 4304 μετά

357 4323 604 4378 τούτωνὶι
621 4325 840 4378 κάκεῖνο
862 4323 1045 4387 πάλιν,
1063 4323 1145 4376 ὄτι
1171 4321 1397 4376 θάνατον
1419 4322 1511 4374 καὶ
1536 4321 1712 4392 λύπην
1732 4324 1765 4392 ή
1789 4322 2028 4392 ἁμαρτία

360 4413 441 4473 είς
464 4411 555 4464 τὸν
590 4410 703 4481 βίον
733 4410 890 4481 ήμῶν
915 4407 1319 4478 είσενεγκοῦσα,
1347 4410 1438 4462 ὑπ’
1469 4409 1792 4480 ἀμφοτέρων
1819 4409 2025 4465 τούτων

358 4500 661 4571 ἀναιρεῖται
694 4497 871 4553 πάλιν.
899 4499 1036 4569 ὅπερ
1065 4493 1156 4552 οῦν
1187 4498 1282 4551 καὶ
1311 4497 1444 4551 αὐτὸ
1476 4497 1806 4567 σαφέστερον
1836 4498 2026 4569 πρώην

359 4586 743 4656 ἀπεδείξαμεν.
777 4585 958 4654 Μηδὲν
998 4579 1091 4638 οὖν
1135 4583 1276 4637 οὕτω
1312 4583 1607 4653 φοϐώμεθα
1643 4584 1717 4646 ὡς
1751 4584 1809 4636 τὸ
1845 4585 2028 4653 ἀμαρ-

357 4675 542 4730 τάνειν
571 4675 664 4727 καὶ
685 4673 1052 4743 πλημμελεῖνο
1087 4671 1160 4742 μὴ
1193 4671 1484 4740 φοϐώμεθα
1518 4671 1756 4733 κόλασιν,
1790 4672 1883 4724 καὶ
1910 4672 2026 4725 δια-

360 4761 669 4832 φευξόμεθα
716 4760 965 4812 κόλασιν·
1007 4759 1260 4829 καθάπερ
1303 4754 1396 4811 οὖν
1444 4761 1536 4812 καὶ
1567 4759 1617 4810 οί
1649 4761 1798 4829 τρεῖς
1834 4759 2025 4822 παῖδες

356 4849 460 4904 οὐκ
486 4848 828 4918 ἐφοϐήθησαν
853 4846 950 4916 τὴν
971 4845 1222 4916 κάμινον,
1249 4847 1341 4898 καὶ
1366 4845 1620 4914 διέφυγον
1643 4845 1740 4916 τὴν
1761 4845 1991 4914 κάμινον
2007 4862 2022 4876 ’

355 4936 629 5000 τοιούτους
651 4931 788 4989 εἶναι
816 4933 921 5006 χρὴ
942 4936 1069 4996 τοὺς
1097 4931 1190 4985 τοῦ
1222 4932 1358 4985 Θεοῦ
1383 4933 1621 4996 δούλους.
1656 4934 1718 4984 Εἰ
1748 4933 1856 5002 γάρ
1883 4933 1931 4985 οί
1967 4935 2025 4986 ἐν

355 5027 423 5094 τῇ
457 5023 670 5094 Παλαιᾷ
711 5023 1044 5095 τραφέντες,
1076 5022 1164 5074 ὅτε
1197 5019 1351 5074 ούπω
1397 5021 1729 5091 ἐνενέκρωτο
1763 5019 2023 5084 θάνατος,

353 5111 480 5163 οὔτε
529 5113 581 5163 αἱ
641 5111 838 5181 χαλκαῖ
891 5109 1057 5163 πύλαι
1122 5109 1602 5178 συνεκλάσθησαν,
1650 5107 1774 5160 οὕτε
1822 5109 1871 5159 οί
1931 5124 2026 5177 μο-

353 5199 472 5268 χλοὶ
526 5200 578 5252 οἱ
630 5199 840 5270 σιδηροῖ
892 5197 1284 5270 συνετρίϐησαν
1321 5208 1368 5266 ο,
1414 5196 1555 5250 οὔτω
1593 5196 1854 5264 γενναίως
1891 5212 2025 5248 κατ-

415 5341 679 5390 ‘Titulum
717 5339 788 5390 sic
812 5341 1030 5389 efferunt
1071 5338 1220 5388 Savil.
1265 5343 1318 5387 et
1355 5339 1451 5388 duo
1489 5335 1716 5386 codiceS'
1753 5335 1853 5386 Τοῦ
1877 5333 2022 5385 αὐτοῦ

347 5403 615 5466 ὑπόμνησις
635 5405 729 5450 τῶν
749 5403 995 5466 ἦδηῇαὐτῷ
1023 5403 1372 5466 προλεχθέντων
1404 5400 1697 5466 ἀκολούθως*
1723 5397 1796 5466 ὅτι
1821 5399 2024 5466 θάνατον

347 5465 434 5538 καῖ
451 5459 606 5538 ’λύπην
630 5468 662 5522 ή
685 5459 1032 5538 ἁμαρτίαμᾶνη
1059 5459 1124 5538 είς
1148 5459 1232 5538 τὸν
1249 5462 1355 5538 βίον
1370 5459 1731 5538 ἐίσεγεγκοῦσοι,
1755 5461 1834 5509 ὑπ’

346 5525 532 5588 τούτων
553 5521 808 5588 ἀναιρεῖται
828 5521 986 5583 πάλιν,
1013 5526 1094 5572 καὶ
1125 5525 1188 5588 εἰς
1214 5521 1286 5588 τὸ,
1320 5528 1357 5588 ιζ
1370 5521 1448 5588 Ἐξν
1469 5521 1598 5588 ἀρχῇΔ
1617 5522 1836 5588 ἐποίησεν
1858 5523 1884 5568 ό
1904 5522 2022 5588 Θεὸς

345 5585 432 5649 τόν
467 5583 673 5649 οὐρανὸν
696 5588 777 5649 καὶ
801 5588 886 5644 τὴν
916 5593 1028 5648 γῆν·
1058 5605 1082 5628 υ
1112 5587 1193 5649 καὶ
1233 5586 1305 5633 ὅτι
1327 5587 1363 5649 *ὁ
1395 5583 1656 5649 Θεὸςρύχὶ
1675 5585 1838 5649 *τιμῶν
1880 5583 2020 5649 μόνον

343 5645 632 5710 ἡμᾶς,’ὸύδέ
663 5645 936 5710 εὐεργετῶν,
964 5648 1085 5695 ἀλλὰ
1119 5648 1200 5694 καὶ
1222 5647 1434 5702 κολάζων
1460 5645 1635 5708 ὁμοίως
1667 5646 1793 5693 ἐστὶν
1818 5645 2015 5705 ἀγαθός·

343 5708 436 5781 καί
449 5710 556 5781 περί
577 5715 662 5780 τῆς,
691 5708 786 5781 τῶν
807 5710 961 5781 ὅρκων
982 5710 1183 5770 ἀποχῆς.

413 5771 438 5798 ⁸
459 5769 554 5818 Alii
579 5770 677 5825 τοῖς
697 5769 894 5825 λοιποῖς.

402 5833 438 5869 ι’
461 5830 613 5880 Savil.
643 5837 689 5878 el
711 5833 906 5892 quidam
931 5843 1047 5880 mss.
1074 5831 1192 5892 μετά
1215 5829 1390 5892 τοῦτο..

412 5893 434 5924 ³
457 5892 557 5943 Alii
582 5889 972 5951 σννεθλάσθησαν.
997 5889 1119 5942 luﬁ'a
1139 5893 1334 5954 quidam
1356 5889 1632 5959 συγγνώμην
1652 5889 1887 5949 τοιαύτης.

2052 2853 2121 2866 _

2144 2915 2448 2984 ετόλμησαν
2477 2909 2578 2983 τῆς
2615 2910 2892 2983 τελευτῆς,
2925 2911 3048 2964 τίνα
3082 2909 3276 2981 ἕξομεν
3309 2910 3601 2981 ἀπολογίαν
3641 2914 3821 2986 ἡμεῖς,

2142 3003 2176 3072 ἢ
2210 3002 2370 3057 ποίαν
2405 2997 2757 3070 συγγνώμην,
2794 2997 3062 3068 τοσαύτης
3095 2997 3503 3064 ἀπολαύσαντες
3533 3001 3633 3071 τῆς
3665 3002 3826 3073 χάρι.

2140 3106 2265 3153 τος,
2311 3087 2408 3142 καὶ
2453 3083 2590 3158 μηδὲ
2639 3084 2778 3158 πρὸς
2821 3085 2892 3139 τὰ
2942 3085 3082 3140 αὑτά
3120 3087 3415 3156 φθάνοντες
3455 3086 3686 3154 ἐκείνοις
3728 3091 3826 3163 μέ.

2138 3193 2245 3247 τρα
2288 3176 2388 3244 τῆς
2413 3175 2632 3246 ⁴ἀρετῆς
2663 3169 2784 3238 νῦν,
2812 3172 2902 3226 δτε
2939 3173 3112 3244 δνομα
3147 3173 3308 3244 μόνον
3347 3175 3496 3228 ἐστὶν
3529 3176 3558 3229 δ
3595 3175 3826 3248 θάνατος

2138 3264 2460 3335 πράγματος
2491 3259 2730 3334 ἐρημον;
2767 3261 2932 3316 Οὐδὲν
2962 3261 3073 3332 γάρ
3106 3262 3294 3334 ἐτερόν
3333 3264 3484 3318 ἐστιν
3510 3264 3540 3317 δ
3569 3264 3822 3334 θάνατος,

2137 3347 2312 3421 ἀλλ’ἢ
2348 3347 2534 3413 ὕπνος,
2573 3347 2669 3400 καὶ
2698 3347 2998 3418 ἀποδημία,
3039 3349 3136 3401 καὶ
3173 3348 3527 3419 μετάστασις.
3561 3351 3656 3406 καὶ
3687 3354 3825 3408 ἀνά.

2138 3453 2359 3498 παυσις.
2399 3435 2494 3489 καλ⁵
2523 3435 2690 3506 λιμήν
2723 3433 2916 3500 εὔδιος,
2945 3435 3040 3488 καὶ
3076 3436 3325 3505 ταραχῆς
3369 3437 3680 3512 ἀπαλλαγὴ,
3723 3447 3824 3501 καὶ

2138 3523 2406 3595 βιωτικῶν
2451 3523 2734 3594 ἐλευθερία
2775 3523 3097 3594 φροντίδων.
3146 3523 3307 3578 Ἀλλά
3345 3525 3446 3594 τῆς
3492 3527 3590 3597 μὲν
3641 3547 3824 3602 παρα.

2135 3613 2377 3682 κλήσεως
2408 3611 2643 3665 ἐνταῦθα
2667 3611 3064 3682 καταλύσωμεν
3087 3610 3178 3664 τὸν
3203 3611 3361 3680 λόγον
3380 3631 3394 3644 ο
3421 3615 3516 3668 καὶ
3539 3613 3647 3687 γάρ
3676 3618 3822 3690 πέμ.

2133 3716 2274 3770 πτην
2299 3699 2513 3770 ἡμέραν
2548 3697 2744 3769 ἔχομεν
2775 3697 3223 3769 παρακαλοῦντες
3257 3699 3412 3770 ὑμῶν
3441 3701 3539 3772 τὴν
3566 3702 3816 3775 ἀγάπην,

2136 3787 2232 3840 καὶ
2260 3786 2444 3839 λοιπὸν
2476 3787 2570 3839 καὶ
2605 3786 2840 3857 ἐνοχλεῖν
2867 3786 3152 3858 δοκοῦμεν.
3184 3787 3312 3849 Τοῖς
3348 3786 3450 3856 μὲν
3489 3788 3599 3860 γὰρ
3639 3806 3815 3862 προσ⁹

2134 3874 2356 3943 έχουσιν
2388 3875 2552 3944 ἀρκεῖ
2585 3874 2677 3927 xal.
2721 3873 2789 3926 τά
2819 3874 3088 3945 εἰρημένα
3108 3912 3123 3936 ,
3158 3876 3270 3936 τοῖς
3322 3873 3380 3926 δὲ
3415 3875 3773 3948 μικροψύχοις
3797 3917 3814 3940 ,

2131 3961 2234 4014 κᾶν
2280 3959 2500 4012 πλείονα
2549 3961 2657 4012 τῶν
2704 3960 3015 4032 εἰρημένων
3057 3958 3418 4031 προσθῶμεν,
3466 3961 3618 4014 οὐδὲν
3655 3963 3812 4018 ἔσται

2131 4047 2309 4100 πλέον.
2329 4049 2468 4119 ’Ὥρα
2490 4049 2546 4100 δὲ
2565 4048 2750 4100 λοιπὸν
2771 4049 2903 4118 ἡμῖν
2927 4046 3020 4098 ἐπὶ
3039 4047 3138 4116 τὴν
3160 4044 3269 4098 τῶν
3292 4046 3524 4116 Γραφῶν
3548 4049 3815 4120 ἐξήγησιν

2127 4134 2321 4205 τρέψαι
2353 4136 2452 4207 τὴν
2489 4133 2856 4188 διδασκαλίαν.
2879 4133 3090 4203 Ὥσπερ
3116 4131 3246 4204 γάρ,
3272 4132 3321 4185 εἰ
3358 4133 3523 4204 μηδὲν
3556 4137 3687 4208 περὶ
3710 4138 3813 4210 τῆς

2132 4223 2420 4293 συμφορᾶς
2461 4221 2665 4290 ταύτης
2700 4217 3088 4290 διελέχθημεν,
3125 4219 3384 4290 ὠμότητα
3418 4221 3484 4274 ἄν
3530 4240 3613 4287 τις
3652 4227 3813 4296 ἡμῶν

2129 4309 2377 4377 κατέγνω
2421 4310 2518 4362 καὶ
2556 4307 2984 4379 ἀπανθρωπίαν·
3027 4305 3200 4370 οὕτως
3230 4307 3296 4361 ἂν
3340 4307 3634 4375 διαπαντὸς
3679 4320 3811 4384 περὶ

2126 4395 2297 4466 αὐτῆς
2331 4395 2708 4464 διαλεγώμεθα
2731 4434 2746 4456 ,
2795 4393 3160 4465 μικροψυχίαν
3189 4393 3254 4447 ἄν
3302 4413 3387 4458 τις
3418 4396 3578 4467 ήμῶν
3627 4417 3800 4455 κατα-

2127 4483 2279 4554 γνοίη
2319 4484 2560 4545 δικαίως.
2595 4481 2971 4553 Παραθέμενοι
3017 4481 3202 4535 τοίνυν
3237 4483 3391 4552 ὑμῶν
3440 4485 3539 4548 τὰς
3574 4488 3803 4559 καρδίας

2125 4568 2204 4640 τῷ
2233 4569 2351 4640 Θεῷ
2387 4569 2464 4640 τῷ
2503 4569 2786 4640 δυναμένῳ
2826 4569 3056 4639 λαλῆσαι
3091 4569 3173 4630 εἰς
3210 4569 3310 4640 τὴν
3351 4569 3590 4626 διάνοιαν
3627 4575 3800 4644 ὑμῶν,

2127 4659 2218 4708 καὶ
2244 4659 2421 4710 πᾶσαν
2448 4656 2657 4709 ἔνδοθεν
2688 4655 2954 4709 ἀπελάσαι
2977 4654 3180 4726 λύπην,
3205 4656 3306 4724 τῆς
3329 4657 3582 4722 εἰωθυίας
3606 4663 3803 4716 αὑτοὶά

2124 4742 2472 4807 διδασκαλίας
2500 4743 2768 4814 ἁψώμεθα
2792 4743 2909 4807 νῦν,
2937 4742 3034 4796 καὶ
3067 4742 3302 4814 μάλιστα
3325 4744 3486 4798 ὁπότε
3520 4749 3614 4800 καὶ
3647 4752 3798 4804 πᾶσα

2126 4829 2347 4901 Γραφῆς
2369 4831 2628 4902 ἐξήγησις
2656 4831 3001 4902 παράκλησίς
3025 4832 3254 4885 ἐστικαί
3276 4833 3618 4903 παραμυθία.
3636 4836 3802 4891 Ὥστε

2127 4917 2231 4970 κᾶν
2253 4917 2500 4989 δοκῶμεν
2533 4918 2862 4987 ἀφίστασθαι
2894 4918 2987 4971 τοῦ
3012 4919 3371 4990 παρακαλεῖν,
3397 4921 3557 4974 πάλιν
3589 4924 3668 4986 είς
3699 4926 3801 4996 τὴν

2125 5003 2294 5074 αὐτὴν
2324 5006 2671 5076 ἐμπίπτομεν
2703 5006 2959 5059 ὑπόθεσιν
2996 5006 3086 5060 διὰ
3123 5008 3224 5078 τῆς
3276 5007 3385 5062 τῶν
3432 5009 3666 5080 Γραφῶν
3710 5013 3799 5078 ἐξ-

2126 5094 2409 5162 ηγήσεως·
2447 5095 2529 5146 ὅτι
2568 5093 2676 5165 γὰρ
2710 5096 2860 5148 πᾶσα
2907 5095 3099 5166 Γραφὴ
3145 5097 3490 5167 παράκλησίς
3530 5099 3644 5152 ἐστι
3687 5103 3800 5164 τοῖς

2128 5181 2509 5250 προσέχουσιν,
2549 5183 2774 5235 αὑτόθεν
2814 5184 2942 5253 ὑμῖν
2987 5183 3147 5235 τοῦτο
3195 5186 3404 5254 ποιήσω
3439 5187 3689 5256 φανερόν.
3721 5191 3797 5242 Ού

2125 5266 2234 5338 γὰρ
2256 5267 2319 5339 δὴ
2345 5268 2648 5340 περιελθὼν
2675 5271 2783 5323 τῶν
2812 5270 3044 5343 Γραφῶν
3070 5272 3168 5334 τὰς
3199 5273 3438 5343 ἱστορίας
3466 5275 3796 5347 πειράσομαι

2127 5351 2362 5425 ζητῆσαι
2401 5357 2896 5428 παραμυθητικούς
2925 5375 3077 5422 τινας
3117 5358 3336 5426 λόγους·
3371 5357 3486 5412 ἀλλ’
3516 5359 3657 5414 ὥστε
3700 5381 3794 5416 σα-

2127 5441 2401 5514 φεστέραν
2452 5445 2551 5514 τῆς
2603 5445 2954 5514 ὑποσχέσεως
3012 5443 3288 5510 ἀπόδειξιν
3333 5451 3679 5519 παρασχεῖν,
3733 5451 3794 5503 τὸ

2126 5529 2365 5599 σήμερον
2390 5533 2522 5600 ήμῖν
2543 5532 2889 5599 ἀναγνωσθὲν
2919 5531 3413 5603 μεταχειριοῦμαιθ
3443 5534 3666 5605 βιϐλίον,
3699 5539 3792 5593 καὶ

2123 5616 2173 5666 εἰ
2202 5615 2350 5669 δοκεῖ
2376 5616 2476 5687 τὴν
2502 5617 2674 5687 ἀρχὴν
2705 5618 2869 5670 αὑτοῦ
2898 5619 2990 5670 καὶ
3023 5618 3084 5670 τὸ
3109 5620 3414 5691 προοίμιον,
3447 5623 3475 5675 ὃ
3509 5624 3657 5677 δοκεῖ
3688 5627 3788 5691 μά-

2119 5700 2280 5757 λιστα
2315 5704 2450 5775 μηδὲ
2487 5706 2632 5774 ἴχνος
2662 5705 2946 5774 ἐμφαίνειν
2975 5705 3090 5778 [86]
3127 5710 3500 5780 παραμυθίας,
3531 5713 3666 5767 ἀλλα
3694 5729 3789 5770 και

2179 5823 2207 5864 ει
2233 5825 2508 5874 Pronomen
2531 5826 2666 5873 αὐτοὶ
2686 5825 2826 5876 nobis
2847 5827 2984 5877 dedit
3007 5829 3236 5880 Savillus.
3260 5830 3395 5879 Ευιτ.

2185 5887 2205 5908 ’
2226 5889 2328 5938 Alii
2353 5887 2782 5968 μεταχειριούμεθα.
2807 5889 2933 5939 lnﬁa
2959 5891 3070 5942 Sav.
3097 5898 3149 5942 el
3171 5893 3254 5942 alii
3274 5893 3618 5954 ἠλλοτριῶσθαι
3637 5893 3686 5943 λ.
