3932 6222
199 269 269 325 95
1049 263 1104 316 S.
1157 260 1450 318 JOANNIS
1495 258 1987 316 CIIRYSOSTOMI
2019 256 2338 314 ARCHIEP.
2379 258 2926 318 CONSTANTINOP.
3603 265 3672 321 οι

195 384 426 439 καθόλου
464 376 895 452 παρακλητικῶν
930 379 1344 450 ἁλλοτριοῦσθαι
1372 377 1567 446 λόγων,
1594 377 1670 440 είς
1709 377 1879 447 μέσον

193 474 451 546 προθεὶς,
486 472 513 524 ὃ
548 469 689 538 λέγω
737 469 945 538 ποιήσω
979 467 1234 537 φανερόν.
1274 467 1337 517 Τί
1388 467 1506 518 ποτ’
1537 461 1629 518 οῦν
1676 467 1789 516 ἐστι
1818 463 1880 516 τὸ

193 563 514 635 προοίμιον;
551 561 645 612 Ἐν
687 556 846 627 ἀρχῇ
898 557 1184 620 ἐποίησεν
1225 557 1256 608 ὀ
1298 553 1440 619 Θεὸς
1472 552 1579 607 τὸν
1617 552 1876 619 οὐρανὸν

190 653 289 706 καὶ
330 651 446 720 τὴν
482 650 631 720 γῆν·
650 649 688 716 ἡ
721 647 788 699 δὲ
817 645 890 716 γῆ
921 642 1000 714 ἦν
1031 644 1284 710 ἀόρατος
1315 642 1412 695 καὶ
1463 639 1878 695 ἀκατίισκεύα-

191 755 361 805 στος,
407 738 506 790 καὶ
539 735 760 800 σκότος
785 731 983 785 ἐπάνω
1006 730 1114 798 τῆς
1141 730 1436 783 ἀϐύσσου.
1459 723 1604 800 Ἀρα
1631 727 1704 799 μή
1732 726 1878 779 δοκεῖ

191 844 333 881 τισιν
358 827 386 878 ὐ
397 824 510 896 μῶν
543 821 888 893 παράκλησιν
916 818 1059 888 ἔχειν
1093 819 1332 888 ἀθυμίας
1353 817 1422 870 τὰ
1449 820 1568 889 είρη
1581 817 1716 886 μένα
1738 833 1751 882 ;
1777 817 1876 886 οὐχ

191 914 428 987 ἱστορίας
447 910 696 983 διήγησίς
720 910 836 961 ἐστι
862 908 957 960 καὶ
985 904 1351 978 δημιουργίας
1377 905 1728 970 διδασκαλία;

265 1004 329 1075 β’.
354 999 617 1055 Βούλεσθε
637 995 729 1051 οῦν
747 995 998 1062 ἐπιδείξω
1013 995 1111 1066 τὴν
1131 993 1591 1065 ἐγκεκρυμμένην
1623 997 1688 1064 τῇ
1720 994 1875 1062 ῥήσει

189 1091 359 1162 ταύτῃ
389 1086 772 1160 παράκλησιν;
812 1083 1147 1154 Διανάστητε
1182 1081 1385 1147 τοίνυν,
1428 1083 1522 1134 καὶ
1553 1081 1692 1151 μετά
1717 1080 1875 1150 ἀκρι-

192 1181 342 1242 ϐείας
369 1176 666 1248 προσέχετε
699 1176 812 1234 τοῖς
845 1169 1178 1243 ῥηθήσεσθαι
1223 1169 1529 1239 μέλλουσιν.
1563 1169 1727 1221 Ὅταν
1765 1167 1875 1239 γὰρ

192 1267 457 1339 ἀκούσῃς,
485 1266 566 1318 ὅτι
605 1262 695 1316 τὸν
729 1259 978 1332 οὐρανὸν,
1018 1258 1117 1329 τὴν
1150 1259 1274 1326 γῆν,
1312 1258 1411 1327 τὴν
1437 1255 1745 1318 θάλατταν,
1783 1254 1875 1308 τὸν

193 1359 352 1429 ἀέρα,
381 1356 448 1410 τὰ
490 1353 680 1416 ὕδατα,
722 1351 849 1414 τοὺς
894 1348 1130 1419 ἀστέρας
1173 1347 1301 1410 τοὺς
1345 1347 1592 1408 πολλοὺς,
1622 1345 1749 1407 τοὺς
1781 1344 1874 1398 δύο

193 1443 488 1516 φωστῆρας
519 1443 645 1504 τοὺς
696 1439 992 1510 μεγάλους,
1033 1436 1102 1488 τά
1138 1435 1300 1504 φυτά,
1340 1433 1408 1486 τὰ
1443 1431 1770 1504 τετράποδα,
1806 1431 1874 1484 τὰ

191 1534 388 1606 νηκτὰ,
416 1532 486 1585 τᾶι
515 1530 788 1600 πετόμενα
819 1528 954 1592 ζῶα,
986 1526 1164 1579 πάντα
1191 1523 1377 1587 ἁπλῶς
1407 1522 1474 1576 τὰ
1503 1521 1754 1593 ὁρώμενα
1784 1519 1871 1574 διὰ

194 1623 252 1674 σὲ
288 1622 383 1676 καὶ
421 1620 520 1692 τὴν
570 1618 668 1689 σὴν
703 1615 980 1686 σωτηρίαν
1025 1615 1119 1668 καὶ
1156 1615 1322 1684 τιμὴν
1362 1612 1617 1682 ἐποίησεν
1647 1613 1674 1664 ὁ
1721 1610 1870 1676 Θεὸς,

191 1712 290 1781 οὐχ
317 1709 506 1779 ἱκανὴν
533 1708 733 1770 εὐθέως
765 1704 1068 1774 λαμϐάνεις
1102 1701 1468 1773 παράκλησιν,
1494 1701 1584 1753 καὶ
1613 1701 1711 1770 τῆς
1732 1698 1870 1768 ἀγά-

192 1816 302 1868 πης
336 1795 429 1848 τοῦ
475 1793 610 1847 Θεοῦ
667 1791 932 1863 μεγίστην
979 1790 1112 1862 δέχῃ
1150 1789 1356 1859 ταύτην
1410 1787 1704 1852 ἀπόδειξιν,
1741 1787 1868 1840 ὅταν

193 1885 486 1956 ἐννοήσῃς,
518 1883 600 1936 ὅτι
649 1879 903 1933 τοσοῦτον
955 1879 1051 1931 καὶ
1098 1875 1419 1948 τηλικοῦτον
1451 1876 1653 1946 κόσμον
1676 1915 1690 1939 ,
1725 1874 1867 1927 οῦτω

192 1973 376 2038 καλὸν,
418 1970 512 2026 καὶ
545 1969 740 2041 μέγαν,
768 1967 862 2020 καὶ
892 1965 1209 2036 θαυμαστὸν
1235 1964 1322 2017 διά
1354 1965 1410 2017 σὲ
1436 1965 1527 2016 τὸν
1562 1964 1767 2034 βραχὺν
1792 1964 1871 2024 είς

197 2062 359 2132 μέσον
398 2060 756 2131 παρήγαγεν;
806 2056 973 2109 Ὅταν
1020 2050 1112 2107 οῦν
1142 2052 1383 2125 ἀκούσῃς
1405 2091 1418 2115 ,
1451 2053 1534 2104 ὅτι
1586 2053 1688 2104 Ἔν
1715 2047 1873 2117 ἀρχῇ

193 2150 480 2217 ἐποίησεν
505 2151 535 2201 ὀ
559 2145 703 2211 Θεὸς
732 2143 838 2197 τόν
865 2141 1128 2210 οίιρα-νὸν
1160 2140 1256 2194 καὶ
1280 2139 1394 2208 τὴν
1425 2139 1560 2210 γῆν,
1594 2137 1666 2208 μὴ
1691 2135 1872 2198 ἁπλῶς

194 2235 560 2307 παραδράμῃς
605 2231 665 2285 τὸ
703 2229 1016 2303 εἰρημένον,
1065 2228 1181 2282 ἀλλ’
1235 2227 1428 2280 ἔπελθε
1467 2230 1534 2298 τῇ
1568 2225 1774 2295 διανοίᾳ
1813 2223 1873 2276 τὸ

193 2324 352 2399 εὖρος
397 2325 498 2394 τῆς
531 2324 654 2393 γῆς,
689 2320 779 2374 καὶ
812 2318 1130 2386 ἀναλόγισαι
1167 2317 1284 2380 πῶς
1317 2319 1450 2387 ἡμῖν
1483 2314 1744 2385 πολυτελῆ
1779 2314 1872 2366 καὶ

192 2416 388 2485 δαψιλῆ
427 2413 708 2484 τράπεζαν
749 2411 942 2482 ἀνῆκε,
984 2409 1077 2461 καὶ
1119 2406 1320 2477 πολλὴν
1355 2404 1684 2475 πολλαχόθεν
1729 2420 1871 2474 παρ-

194 2507 352 2575 ἐσχεν
397 2505 528 2575 ἡμῖν
579 2499 950 2570 εὐφροσύνην·
1003 2497 1098 2550 καὶ
1125 2495 1187 2548 τὸ
1237 2494 1300 2565 δὴ
1362 2494 1638 2564 μέγιστον,
1680 2492 1762 2544 ὅτι
1811 2491 1870 2544 οὺ

193 2595 374 2648 πόνων
411 2589 646 2662 ἀμοιϐὴν
683 2589 914 2649 ἔδωκεν,
965 2585 1087 2637 οὐδὲ
1124 2583 1571 2654 κατορθωμάτων
1607 2580 1873 2635 ἀντίδοσιν

193 2683 284 2734 τὸν
314 2679 565 2735 τοσοῦτον
595 2677 688 2730 καὶ
714 2673 1029 2745 τηλικοῦτον
1073 2673 1296 2743 κόσμον,
1339 2670 1453 2723 ἀλλ’
1474 2669 1609 2740 ὁμοῦ
1642 2687 1700 2721 τε
1730 2669 1874 2740 ἡμᾶς

197 2765 422 2832 ἔπλασε,
445 2765 539 2818 καὶ
569 2766 636 2835 τῇ
672 2762 919 2834 βασιλεία
955 2760 1128 2831 ταύτῃ
1165 2760 1223 2812 τὸ
1248 2761 1403 2826 γένος
1441 2757 1597 2829 ἡμῶν
1625 2757 1871 2828 ἐτίμησε.

195 2855 549 2924 Ποιήσωμεν
567 2853 676 2926 γὰρ
693 2849 1186 2920 ἄνθρωπον,φησ“ι,
1215 2847 1340 2900 κατ’
1357 2849 1560 2900 εἰκόνα
1586 2845 1876 2914 ἡμετέραν

198 2944 298 2997 καὶ
329 2944 456 2996 καθ’
481 2942 788 3012 ὁμοίωσιν.
809 2939 872 2991 Τί
902 2942 1037 3003 ἐστι,
1067 2938 1205 2990 Κατ’
1227 2935 1430 2990 εἰκόνα
1459 2934 1751 3004 ἡμετέραν
1777 2934 1875 2987 καὶ

196 3035 322 3087 καθ’
369 3030 686 3100 ὀμοίωσιν;
722 3029 833 3099 Τῆς
883 3027 1058 3098 ἀρχῆς
1107 3025 1290 3078 είκόνα
1334 3025 1491 3095 φησὶ,
1537 3024 1630 3076 καὶ
1687 3022 1874 3094 ὥσπερ

197 3121 371 3183 οὐδεὶς
400 3116 669 3188 ἀνώτερος
691 3115 826 3168 Θεοῦ
857 3115 916 3167 ἐν
939 3111 1172 3185 οὐρανῷ,
1193 3111 1334 3187 οῦτω
1359 3111 1546 3183 μηδεὶς
1577 3110 1717 3163 ἔστω
1738 3109 1875 3163 ἀνώ-

196 3225 353 3280 τερος
383 3203 674 3278 ἀνθρώπου
709 3205 802 3257 ἐπὶ
862 3203 961 3272 τῆς
1009 3202 1131 3273 γῆς.
1173 3201 1285 3254 Ἑνὶ
1318 3201 1415 3271 μὲν
1451 3195 1541 3254 οῦν
1580 3199 1752 3269 τούτῳ
1783 3201 1876 3253 καὶ

196 3295 400 3366 πρώτῳ
433 3293 716 3364 τετίμηκε,
740 3289 818 3360 τῷ
856 3291 976 3344 κατ’
1016 3289 1202 3342 εἰκόνα
1249 3286 1412 3341 αὐτὸν
1448 3287 1710 3358 ποιῆσαι·
1754 3287 1876 3339 δευ-

195 3385 339 3455 τέρῳ
390 3381 448 3436 δέ
494 3380 572 3453 τῷ
625 3381 700 3452 μὴ
745 3380 924 3433 πόνων
970 3377 1204 3449 ἀμοιϐὴν
1236 3379 1364 3449 ἡμῖν
1419 3379 1723 3449 παρασχεῖν
1776 3376 1874 3446 τὴν

199 3471 397 3544 ἀρχὴν,
435 3469 573 3525 ἀλλὰ
620 3469 834 3539 γυμνὴν
857 3470 954 3538 τῆς
985 3467 1151 3520 αὐτοῦ
1206 3465 1615 3537 φιλανθρωπίας
1649 3464 1873 3533 ποιήσαι

198 3560 296 3630 τὴν
326 3559 484 3629 χάριν
508 3573 521 3586 ο
562 3556 730 3626 τρίτῳ
766 3555 844 3624 τῷ
875 3553 1109 3624 φυσικὴν
1143 3555 1274 3625 ἡμῖν
1323 3551 1650 3624 χαρίσασθαι
1681 3553 1872 3622 αὐτήν.

199 3644 321 3697 Τῶν
343 3644 451 3714 γάρ
471 3641 652 3714 ἀρχῶν
685 3641 740 3693 αἱ
775 3641 870 3710 μὲν
891 3641 996 3692 εἰσὶ
1027 3641 1274 3709 φυσικαὶ,
1301 3641 1358 3692 αἱ
1383 3640 1438 3693 δὲ
1465 3641 1838 3711 χειροτονηταί
1859 3655 1870 3666 ·

206 3732 434 3803 φυσικαὶ
458 3730 575 3800 μὲν,
609 3727 683 3792 ὡς
711 3730 744 3800 ή
770 3727 863 3781 τοῦ
897 3728 1108 3793 λέοντος
1138 3728 1230 3780 ἐπὶ
1266 3729 1373 3780 τῶν
1403 3729 1769 3799 τετραπόδων,
1801 3729 1877 3792 ὡς

207 3818 427 3874 ἐπὶτῶν
454 3816 681 3889 ὀρνίθων
710 3817 743 3887 ἡ
776 3814 870 3868 τοῦ
899 3814 1057 3869 ἀετοῦ
1083 3833 1095 3845 ·
1130 3814 1505 3886 χειροτονηταὶ
1534 3815 1590 3867 δέ
1613 3815 1688 3877 ὼς
1717 3817 1748 3886 ἡ
1784 3815 1877 3866 τοῦ

207 3907 472 3979 βασιλέως
518 3903 612 3957 τοῦ
647 3904 769 3958 καθ’
802 3906 972 3975 ἡμᾶς·
1004 3896 1158 3967 οὗτος
1193 3903 1303 3976 γὰρ
1333 3905 1453 3975 οὐχὶ
1487 3903 1645 3972 φύσει
1685 3907 1879 3974 κρατεῖ

200 3996 310 4049 τῶν
339 3992 646 4066 ὁμοδούλων
666 4011 680 4024 ο
704 3992 786 4046 διὸ
819 3993 914 4045 καὶ
937 3992 1237 4046 ἀποϐάλλει
1267 3991 1524 4054 πολλάκις
1554 3991 1651 4063 τὴν
1675 3993 1871 4063 ἀρχήν.

202 4084 441 4139 Τοιαῦτα
487 4082 596 4154 γάρ
627 4083 694 4135 τὰ
747 4081 822 4153 μὴ
875 4080 1036 4150 φύσει
1084 4081 1391 4152 προσόνταο
1425 4081 1611 4152 ῥᾳδίαν
1661 4081 1876 4151 δέχεται

203 4175 301 4245 τὴν
357 4171 659 4244 μεταϐολὴν
721 4171 818 4224 καὶ
867 4171 965 4240 τὴν
1006 4171 1384 4241 μετάπτωσιν’
1420 4170 1447 4221 6
1491 4169 1549 4221 δὲ
1589 4169 1726 4221 λέων
1779 4171 1878 4240 οὐχ

203 4261 396 4323 οῦτως,
427 4257 564 4312 ἀλλά
599 4256 759 4327 φύσει
787 4261 983 4327 κρατεῖ
1016 4257 1125 4311 τῶν
1163 4256 1532 4327 τετραπόδων,
1567 4255 1756 4327 ῶσπερ
1784 4254 1876 4310 οὖν

204 4350 300 4402 καὶ
326 4347 434 4401 τῶν
454 4347 683 4415 ὀρνίθων
707 4348 735 4399 ὁ
765 4347 943 4408 ἀετός.
984 4346 1097 4399 Ἀεὶ
1134 4345 1265 4415 γοῦν
1286 4342 1362 4415 τῷ
1394 4345 1539 4413 γένει
1567 4346 1874 4416 συγκεκλή‹

207 4453 376 4509 ρωται
405 4437 465 4489 τὸ
493 4436 589 4507 τῆς
625 4434 904 4506 βασιλείας
953 4429 1118 4499 εἶδος,
1157 4434 1251 4486 καὶ
1286 4432 1478 4486 οὐδένα
1532 4433 1595 4487 ἄν
1649 4451 1732 4494 τις
1778 4434 1876 4486 ἴδοι

203 4524 394 4578 λέοντά
421 4540 551 4576 ποτε
595 4523 694 4594 τὴν
735 4521 909 4594 ἀρχὴν
955 4520 1298 4598 ἀποϐαλόντα
1340 4519 1562 4590 ταύτην.
1607 4517 1876 4590 Τοιαύτην

206 4613 297 4666 καὶ
323 4614 453 4683 ἡμῖν
479 4612 575 4682 τὴν
609 4609 882 4681 βασιλείαν
916 4608 975 4672 ἐξ
1001 4609 1176 4680 ἀρχῆς
1212 4609 1239 4660 6
1273 4607 1404 4671 Θεὸς
1436 4607 1747 4679 ἐχαρίσατο,
1784 4608 1878 4660 καὶ

204 4703 371 4754 πᾶσιν
421 4700 567 4769 ἡμᾶς
607 4697 913 4768 ἐπέστησεν
962 4710 1056 4750 και
1087 4698 1148 4749 οὐ
1194 4695 1368 4766 τούτῳ
1417 4695 1575 4766 μόνον
1618 4695 1877 4767 ἐτίμησεν

204 4789 360 4860 ήμῶν
382 4787 478 4859 τὴν
511 4787 693 4858 φύσιν,
727 4786 863 4840 ἀλλά
895 4787 987 4838 καὶ
1010 4786 1146 4856 αὐτῇ
1177 4785 1270 4838 τοῦ
1296 4785 1496 4856 χωρίου
1519 4788 1584 4856 τῇ
1616 4785 1876 4858 προεδρίᾳ

206 4877 484 4950 ἐξαίρετον
527 4878 840 4949 οἰκητήριον
892 4875 1170 4939 ἀποτάξας
1210 4876 1344 4945 ἡμῖν
1387 4873 1480 4928 τὸν
1527 4873 1874 4948 παράδεισον,

208 4965 304 5017 καὶ
335 4964 491 5031 λόγον
513 4962 636 5027 δοὺς
663 4965 760 5019 καὶ⁵
787 4964 962 5038 ψυχὴν
998 4967 1266 5021 ἀθάνατον
1295 4967 1684 5038 χαρισάμενος.

281 5050 394 5124 [87]
441 5051 600 5105 Ἀλλά
629 5051 704 5124 μὴ
724 5053 861 5106 εἴπω
888 5054 1061 5109 ταῦτα
1085 5072 1096 5084 ’
1125 5054 1234 5124 ἐγὼ
1251 5055 1358 5127 γὰρ
1372 5055 1638 5126 τοσαύτην
1667 5071 1886 5124 περιου-

219 5140 336 5194 σίαν
363 5135 502 5194 εἷναί
534 5158 677 5212 φημι
708 5144 807 5209 τῆς
841 5141 932 5195 τοῦ
973 5142 1106 5196 Θεοῦ
1140 5144 1484 5214 κηδεμονίας,
1511 5144 1585 5207 ὡς
1628 5142 1884 5212 μὴμόνον

215 5229 250 5282 ἀ
269 5229 305 5290 2’
323 5221 396 5280 ὧν
415 5229 696 5300 ἐτίμησεν,
720 5228 856 5282 ἀλλά
872 5230 964 5281 καὶ
991 5230 1083 5298 ἀφ’
1115 5223 1188 5282 ὧν
1211 5231 1488 5292 ἐκόλασεν,
1517 5230 1716 5298 ὁμοίως
1740 5232 1886 5296 ἡμᾶς

213 5307 470 5360 δύνασθαι
493 5310 590 5380 τὴν
618 5309 926 5381 ἀγαθότητα
961 5312 1122 5365 αὐτοῦ
1150 5312 1420 5367 δεικνύναι
1450 5315 1543 5367 καὶ
1565 5316 1662 5385 τήν
1695 5315 1880 5383 φιλανθ

217 5396 482 5467 θρωπίαν.
517 5401 626 5452 Καὶ
663 5398 816 5452 τοῦτο
864 5399 1097 5470 μάλιστα
1152 5401 1366 5455 πάντων
1397 5404 1542 5474 ὑμᾶς
1577 5404 1879 5474 παρακαλῶ

218 5485 357 5554 μετά
385 5486 668 5555 ἀκριϐείας
713 5488 940 5552 εἰδέναι,
972 5486 1052 5541 ὅτι
1079 5491 1107 5542 ὁ
1142 5489 1273 5552 Θεὸς
1313 5491 1433 5560 οὐχὶ
1478 5490 1653 5562 τιμῶν
1688 5493 1876 5561 μόνον,

210 5573 328 5626 οὐδὲ
372 5573 699 5642 εὐεργετῶν,
729 5576 864 5629 ἀλλὰ
895 5577 989 5629 καὶ
1036 5577 1301 5642 κολάζων,
1345 5579 1437 5631 καὶ
1470 5578 1878 5648 τιμωρούμενος

207 5656 407 5727 ὁμοίως
454 5661 602 5713 ἐστὶν
648 5663 885 5730 ἀγαθός’
931 5664 1032 5718 κᾶν
1065 5664 1202 5736 πρὸς
1251 5664 1548 5736 Ἕλληνας,
1598 5666 1702 5720 κᾶν
1743 5669 1878 5740 πρὸς

212 5751 515 5819 αἱρετικοῦς
549 5749 757 5817 ἀγῶνες
791 5755 922 5821 ἡμῖν
967 5753 1059 5806 καὶ
1109 5754 1278 5824 μάχαι
1313 5755 1570 5809 κινῶνται
1613 5758 1740 5829 περὶ
1780 5759 1878 5829 τῆς

212 5838 306 5893 τοῦ
336 5836 472 5892 Θεοῦ
517 5836 922 5907 φιλανθρωπίας
955 5839 1047 5892 καὶ
1087 5839 1442 5914 ἀγαθότητος,
1475 5840 1550 5914 μὴ
1593 5841 1752 5914 μόνον
1784 5845 1876 5914 ἀφ’

214 5920 289 5982 ὧν
315 5928 589 6000 ἐτίμησεν,
624 5926 759 5980 ἀλλὰ
788 5928 879 5981 καὶ
910 5927 1003 5996 ἀφ’
1036 5921 1110 5982 ὧν
1146 5932 1547 6005 ἐτιμωρήσατο,
1577 5933 1877 5990 ἐπιδείκνυ-

1997 393 2097 447 μεν
2138 374 2304 428 αὐτοῦ
2351 375 2448 446 τήν
2491 375 2826 446 ἀγαθότητα.
2865 380 2926 432 Εἰ
2969 380 3074 450 γάρ
3107 380 3280 451 τιμῶν
3321 380 3480 450 μόνον
3526 380 3671 436 ἐστὶν

1985 462 2211 532 ἀγαθὸς,
2258 461 2504 526 κολάζων
2545 463 2601 516 δὲ
2633 466 2734 517 οὐκ
2784 464 2932 518 ἔστιν
2975 467 3207 536 ἀγαθὸς,
3255 468 3313 531 ἐξ
3361 468 3613 538 ἡμισείας
3643 481 3671 510 ι

1987 550 2193 620 ἀγαθὸς
2222 551 2288 604 ἂν
2321 553 2408 623 εἴη
2433 569 2445 583 ’
2489 552 2603 606 ἀλλ’
2647 553 2746 606 οὐκ
2783 553 2898 606 ἐστι
2931 554 3124 608 τοῦτο·
3166 556 3240 626 μὴ
3276 556 3504 624 γένοιτο.
3547 556 3672 608 Ἐπὶ

1986 639 2289 710 ἀνθρώπων
2321 640 2418 710 μὲν
2444 639 2553 711 γάρ
2577 640 2725 704 εἰκὸς
2755 640 2913 694 τοῦτο
2941 643 3281 714 συμϐαίνειν,
3306 644 3490 715 ἐπειδὴ
3516 643 3670 715 θυμῷ

1935 765 1944 772 .
1985 729 2081 780 καὶ
2119 728 2282 782 πάθει
2327 727 2425 791 τὰς
2456 729 2729 799 τιμωρίας
2761 729 3090 798 ἐπάγουσιν⁹
3128 733 3156 784 ὁ
3185 731 3241 785 δέ
3292 731 3425 795 Θεὸς
3455 731 3668 803 ἀπαθὴς

1983 813 2094 881 ὢν,
2128 816 2234 870 κᾶν
2283 817 2544 888 εὐεργετῇ
2567 859 2581 880 ,
2619 816 2719 870 κᾶν
2753 818 2976 890 κολάζῃ,
3009 820 3214 890 ὁμοίως
3247 821 3394 874 ἐστὶν
3442 820 3666 889 ἀγαθὸς,

1983 904 2206 974 καὶτῆς
2259 905 2536 976 βασιλείας
2573 906 2672 958 οὐκ
2719 905 2998 977 ἔλαττονή
3056 910 3154 979 τῆς
3200 910 3428 980 γεέννης
3472 909 3668 979 ἀπειλὴ

1981 991 2255 1046 δείκνυσιν
2301 991 2468 1046 αὐτοῦ
2511 993 2610 1064 τὴν
2638 994 2986 1066 ἀγαθότητα·
3031 997 3127 1050 καὶ
3174 997 3323 1063 πῶς;
3362 997 3469 1068 ἐγὼ
3504 997 3667 1066 λέγω.

1981 1081 2045 1134 EE
2081 1082 2154 1151 μὴ
2191 1081 2418 1150 γέενναν
2447 1082 2767 1153 ἠπείλησεν,
2793 1085 2840 1136 εί
2873 1083 2948 1154 μὴ
2971 1084 3193 1138 κόλασιν
3223 1086 3540 1155 ἡτοίμασεν,
3567 1085 3669 1137 οὐκ

1983 1169 2048 1221 ἂν
2082 1169 2267 1222 πολλοὶ
2291 1169 2392 1240 τῆς
2427 1169 2705 1240 βασιλείας
2738 1169 3020 1240 ἐπέτυχον.
3050 1173 3123 1244 Οὐ
3155 1174 3263 1242 γάρ
3290 1172 3462 1236 οὕτως
3497 1175 3528 1243 ἡ
3559 1172 3669 1224 τῶν

1980 1256 2198 1325 ἀγαθῶν
2246 1257 2537 1328 ὑπόσχεσις
2581 1259 2715 1330 7:96;
2743 1259 2944 1330 ἀρετὴν
2993 1261 3306 1314 ἐκκαλεῖται
3353 1261 3480 1323 τοὺς
3529 1261 3664 1312 πολ-

1979 1342 2124 1409 λοὺς,
2169 1346 2300 1418 ὡςή
2353 1347 2460 1400 τῶν
2494 1346 2676 1400 κακῶν
2730 1347 2924 1418 ἀπειλὴ
2965 1347 3042 1418 τῷ
3095 1349 3245 1420 φόϐῳ
3279 1349 3525 1413 συνωθεῖ,
3570 1349 3667 1400 καὶ

1979 1431 2280 1505 διανίστησι
2308 1435 2441 1506 πρὸς
2468 1435 2564 1505 τὴν
2599 1436 2696 1506 τῆς
2719 1435 2896 1506 ψυχῆς
2934 1437 3267 1507 ἐπιμέλειαν.
3299 1440 3458 1490 Ὥστε
3489 1439 3534 1490 εί
3573 1439 3668 1491 καὶ

1979 1521 2218 1576 ἐναντίον
2244 1523 2436 1592 γέεννα
2468 1527 2534 1594 τῇ
2574 1523 2821 1593 βασιλεία
2853 1524 2879 1564 b
2921 1524 3026 1577 τῶν
3056 1527 3320 1596 οὐρανῶν,
3354 1525 3488 1579 ἀλλὰ
3526 1526 3663 1597 πρὸς

1980 1609 2036 1661 ἓν
2062 1612 2321 1682 ἑκάτερον
2347 1610 2537 1681 βλέπει
2568 1611 2739 1675 τέλος,
2767 1611 2865 1682 τὴν
2887 1611 2992 1666 τῶν
3026 1613 3332 1686 ἀνθρώπων
3357 1614 3662 1684 σωτηρίαν·

1979 1701 2162 1770 ἐκείνη
2192 1702 2289 1769 μὲν
2310 1700 2669 1771 ἐπισπωμένη
2694 1699 2829 1770 πρὸς
2851 1701 3070 1773 ἑαυτὴν,
3093 1701 3232 1772 αῦτη
3262 1703 3317 1754 δὲ
3350 1701 3667 1755 συνωθοῦσα

1981 1787 2114 1858 πρὸς
2165 1789 2399 1857 ἐκείνην,
2437 1788 2530 1840 καὶ
2559 1787 2637 1858 τῷ
2689 1787 2840 1859 φόϐῳ
2882 1789 3240 1860 διορθουμένη
3287 1790 3416 1853 τοὺς
3460 1789 3662 1860 ἀμελέ-

1982 1891 2169 1945 στερον
2214 1875 2611 1945 διακειμένους.

2051 1961 2333 2029 γ¹.Τοῦτον
2363 1963 2420 2016 δὲ
2439 1964 2534 2032 οὐχ
2569 1962 2753 2026 ἁπλῶς
2787 1963 3012 2035 μηκύνω
3029 1964 3117 2017 τὸν
3144 1964 3320 2033 λόγον,
3346 1965 3460 2017 ἀλλ’
3477 1964 3665 2036 ἐπειδὴ

1981 2050 2236 2113 πολλάκις
2261 2051 2436 2121 λιμῶν
2469 2053 2562 2104 καὶ
2596 2053 2825 2124 αὐχμῶν
2860 2054 3228 2124 γιγνομένων,
3265 2055 3360 2106 καὶ
3391 2052 3665 2123 πολέμων,

1981 2138 2074 2190 καὶ
2117 2139 2286 2210 ὀργῆς
2339 2139 2621 2212 βασιλικῆς
2659 2141 3078 2212 ἐμπιπτούσης,
3116 2142 3212 2194 καὶ
3261 2141 3464 2211 ἐτέρων
3504 2140 3664 2194 τινῶν

1979 2225 2234 2281 τοιούτων
2266 2227 2545 2298 ἀδοκήτων
2585 2228 2952 2301 πραγμάτων,
2995 2229 3179 2282 πολλοὶ
3212 2231 3340 2292 τοὺς
3369 2229 3663 2299 ἀφελεστέ·

1982 2331 2108 2384 ρους
2141 2316 2456 2378 ἀπατῶντες
2489 2316 2740 2384 λέγουσιν
2761 2358 2774 2381 ,
2809 2319 2889 2370 ὅτι
2922 2319 3022 2370 οὐκ
3068 2318 3196 2381 ἄξια
3233 2317 3405 2371 ταῦτα
3439 2319 3536 2388 τῆς
3569 2315 3664 2370 τοῦ

1980 2403 2115 2456 Θεοῦ
2143 2407 2414 2476 προνοίας.
2454 2408 2549 2459 ”Ιν’
2584 2403 2676 2460 οῦν
2708 2407 2782 2479 μὴ
2815 2407 3311 2478 παραλογιζώμεθα
3335 2449 3348 2469 ,
3389 2407 3504 2460 ἀλλ’
3540 2407 3662 2460 ἴδω-

1985 2509 2082 2562 μεν
2110 2493 2352 2564 ἀκριϐῶς
2378 2534 2392 2558 ,
2447 2495 2529 2548 ὅτι
2561 2497 2663 2548 κᾶν
2711 2495 2867 2564 λιμὸν
2896 2536 2909 2559 ,
2953 2494 3053 2548 κᾶν
3085 2494 3352 2565 πόλεμον,
3389 2495 3490 2548 κᾶν
3536 2493 3665 2547 ἄλλο

1979 2581 2157 2635 ὁτιοῦν
2202 2583 2456 2653 ἐπαγάγῃ
2485 2584 2674 2650 δεινὸν,
2740 2583 2847 2637 ἀπὸ
2886 2583 3296 2656 φιλανθρωπίας
3330 2584 3485 2638 τοῦτο
3525 2583 3664 2636 ποιεῖ

1983 2671 2075 2723 καὶ
2109 2669 2309 2740 πολλῆς
2350 2672 2452 2742 τῆς
2498 2672 2822 2742 κηδεμονίας
2850 2712 2864 2736 ,
2919 2673 3273 2744 ἠναγκάσθην
3324 2671 3661 2743 ἐνδιατρίψαι

1981 2756 2154 2828 τούτῳ
2185 2757 2446 2829 τῷλόγῳ.
2486 2758 2639 2812 Ἐπεὶ
2674 2760 2770 2812 καὶ
2798 2761 2845 2812 οἱ
2881 2761 3119 2830 πατέρες
3142 2799 3156 2819 ,
3188 2761 3236 2811 οὶ
3268 2759 3504 2830 μάλιστα
3530 2759 3665 2812 πάν·

1979 2862 2088 2898 των
2117 2845 2182 2898 τά
2218 2845 2415 2913 ἔκγονα
2454 2845 2734 2914 φιλοῦντες
2761 2889 2775 2911 ,
2811 2847 2906 2900 καὶ
2941 2846 3222 2919 τραπέζης
3253 2848 3498 2917 εἴργουσι
3524 2888 3537 2911 ,
3571 2851 3664 2903 καὶ

1982 2933 2196 3002 πληγάς
2242 2935 2533 3001 ἐπάγουσι,
2571 2933 2667 2986 καὶ
2719 2935 2915 3006 ἀτιμία
2969 2935 3290 3000 κολάζουσι,
3331 2938 3426 2989 καὶ
3459 2939 3665 3008 ἑτέροις

1985 3022 2198 3093 μυρίοις
2249 3021 2512 3084 τοιούτοις
2545 3021 2964 3089 ἀσελγαίνοντας
2993 3022 3334 3093 διορθοῦνται
3381 3026 3508 3089 τοὺς
3534 3029 3665 3079 παῖ·

1979 3107 2104 3172 δαςο
2156 3109 2269 3161 ἀλλ’
2299 3109 2448 3180 ὅμως
2490 3110 2728 3179 πατέρες
2783 3111 2920 3163 εἰσὶν
2948 3150 2962 3173 ,
3008 3112 3128 3181 οὐχὶ
3175 3112 3445 3182 τιμῶντες
3483 3114 3663 3183 μόνον,

1981 3196 2116 3250 ἀλλά
2149 3196 2244 3249 καὶ
2278 3198 2450 3249 ταῦτα
2485 3197 2798 3261 ποιοῦντες,
2831 3199 2927 3251 καὶ
2965 3199 3086 3251 τότε
3123 3201 3358 3269 μάλιστα
3405 3201 3662 3275 πατέρες,

1981 3285 2108 3337 ὅταν
2143 3283 2368 3338 τοιαῦτα
2400 3284 2644 3338 ποιῶσιν.
2687 3286 2750 3337 Εἰ
2778 3285 2834 3338 δὲ
2874 3285 3178 3356 ἅνθρωποι,
3217 3287 3376 3358 θυμῷ
3403 3289 3497 3343 καὶ
3524 3290 3663 3362 ὀργῇ

1985 3372 2241 3435 πολλάκις
2272 3371 2366 3425 τοῦ
2424 3373 2797 3443 συμφέροντος
2830 3375 3231 3444 ἐκφερόμενοι,
3275 3377 3376 3429 οὐκ
3422 3378 3665 3450 ὠμότητι

1984 3463 2074 3514 καὶ
2114 3460 2511 3531 ἀπανθρωπίᾳ,
2541 3462 2674 3514 ἀλλὰ
2709 3462 3004 3532 κηδεμονίᾳ
3048 3465 3141 3517 καὶ
3195 3466 3549 3540 φιλοστοργίᾳ
3579 3485 3666 3522 v0-

1988 3548 2233 3620 μίξονται
2265 3549 2513 3614 κολάζειν
2539 3549 2633 3613 οὓς
2659 3551 2904 3620 φιλοῦσι,
2938 3551 3118 3622 πολλῷ
3167 3553 3365 3623 μᾶλλον
3393 3558 3524 3628 περὶ
3567 3557 3662 3612 τοῦ

1983 3638 2119 3691 Θεοῦ
2149 3638 2290 3691 οὕτω
2334 3639 2637 3691 διακεῖσθαι
2680 3640 2784 3709 χρὴ
2811 3681 2824 3704 ,
2861 3639 2953 3692 τοῦ
2989 3642 3170 3694 πᾶσαν
3205 3645 3479 3714 πατρικὴν
3515 3645 3664 3714 φιλο-

1987 3728 2238 3798 στοργίαν
2265 3727 2679 3796 ὑπερϐαίνοντος
2700 3730 2764 3798 τῇ
2790 3727 2888 3796 τῆς
2909 3729 3114 3791 οἰκείας
3139 3729 3475 3802 ἀγαθότητος
3501 3733 3664 3807 ὑπερ-

1986 3816 2135 3887 ϐολῇ.
2162 3814 2267 3868 Καὶ
2305 3815 2390 3867 ἵνα
2428 3815 2500 3885 μὴ
2537 3817 2784 3886 νομίσῃς,
2825 3818 2909 3869 ὅτι
2937 3818 3240 3886 στοχασμός
3269 3820 3386 3872 ἐστι
3418 3821 3488 3875 τὰ
3517 3825 3664 3894 είρη-

1988 3904 2142 3974 μένα.
2174 3905 2305 3975 φέρε
2333 3905 2418 3956 ἐπ’
2450 3904 2618 3974 αὐτὴν
2645 3905 2742 3975 τὴν
2782 3904 3006 3975 Γραφὴν
3031 3907 3124 3958 τὸν
3158 3905 3314 3976 λόγον
3342 3909 3661 3980 ἀγάγωμεν.

1999 3993 2214 4064 Ἐπειδὴ
2244 3992 2353 4065 γὰρ
2388 3993 2643 4064 ἠπατήθη
2678 3994 2771 4046 καὶ
2801 3993 3167 4066 παρελογίσθη
3199 3997 3348 4068 παρὰ
3377 3999 3470 4053 τοῦ
3500 4018 3664 4073 πονη-

1987 4079 2081 4150 ροῦ
2117 4081 2370 4151 δαίμονος
2397 4082 2424 4132 6
2454 4080 2744 4150 ἄνθρωπος
2767 4123 2780 4146 ,
2819 4081 3018 4152 ἴδωμεν
3051 4084 3168 4146 πῶς
3194 4086 3474 4157 ἁμαρτίαν
3514 4089 3664 4161 αὐτῷ

1982 4167 2239 4237 τοιαύτην
2273 4168 2574 4240 ἁμαρτόντι
2608 4169 2728 4221 τότε
2761 4170 3034 4240 ἐχρήσατο
3070 4172 3098 4222 6
3145 4172 3295 4236 Θεός.
3325 4168 3473 4246 Ἀρα
3522 4179 3665 4248 ὴφά-

1983 4273 2128 4309 νισεν
2179 4257 2338 4310 αὐτὸν
2391 4256 2702 4323 παντελῶς;
2739 4258 2916 4310 καίτοι
2961 4276 3025 4326 γε
3058 4261 3087 4312 6
3129 4260 3223 4314 τοῦ
3255 4262 3462 4317 δικαίου
3507 4267 3664 4336 λόγος

1983 4344 2140 4398 τοῦτο
2173 4345 2370 4416 ἀπῄτει
2404 4357 2449 4408 ο,
2483 4345 2573 4398 τὸν
2597 4346 2750 4398 οὐδὲν
2781 4346 2879 4415 μὲν
2915 4346 3027 4419 [881
3065 4349 3271 4418 ἀγαθὸν
3313 4353 3664 4425 ἐπιδειξάμε-

1983 4449 2071 4484 νον
2096 4473 2111 4498 ,
2164 4431 2433 4502 τοσαύτης
2468 4432 2524 4485 δὲ
2569 4433 2957 4487 ἀπολαύσαντα
2997 4436 3096 4506 τῆς
3143 4439 3392 4505 εὐνοίας,
3443 4436 3564 4496 εἶτα
3597 4444 3663 4498 ἐκ

1984 4521 2284 4591 προοιμίων
2310 4521 2810 4592 ἀποσκιρτήσαντα,
2849 4523 3078 4595 ἀρθῆναι
3119 4526 3182 4579 ἐκ
3225 4527 3320 4580 τοῦ
3373 4529 3540 4599 μέσου
3568 4533 3664 4588 καὶ

1983 4608 2349 4681 ἀφανισθῆναι
2399 4610 2604 4663 τέλεον.
2659 4611 2797 4662 Ἀλλ’
2832 4612 2933 4664 οὐκ
2977 4612 3197 4684 ἐποίησε
3250 4613 3412 4670 τοῦτο
3447 4619 3477 4670 ὁ
3506 4618 3661 4688 Θεὸς,

1983 4697 2102 4750 οὐδέ
2150 4697 2472 4764 ἐϐδελύξατο
2515 4698 2611 4751 καὶ
2640 4699 2967 4770 ἀπεστράφη
3013 4701 3104 4754 τὸν
3157 4701 3330 4767 οὕτως
3371 4703 3666 4776 ἀγνώμονα

1984 4785 2112 4855 περὶ
2144 4785 2232 4838 τὸν
2267 4786 2559 4857 εὐεργέτην
2586 4785 2895 4857 γενόμενον,
2925 4787 3038 4841 ἀλλ’
3067 4788 3282 4861 ἔρχεται
3305 4793 3441 4862 πρὸς
3475 4795 3662 4867 αὐτὸν,

1982 4872 2232 4944 καθάπερ
2278 4873 2414 4943 πρὸς
2451 4874 2732 4945 ἄρρωστον
2779 4876 2981 4946 ἱατρός.
3031 4879 3140 4932 Καὶ
3173 4879 3247 4951 μὴ
3295 4882 3664 4958 παραδράμῃς

1984 4961 2169 5024 ἁπλῶς
2195 4963 2255 5014 τὸ
2282 4962 2570 5034 εἰρημένον
2591 5004 2605 5028 ,
2636 4964 2886 5033 ἀγαπητέ
2907 5003 2920 5028 ,
2949 4965 3064 5018 ἀλλ’
3098 4967 3352 5038 ἐννόησον
3383 4969 3570 5040 ἡλίκον
3600 4973 3665 5027 τὸ

1986 5051 2120 5122 μήτε
2170 5049 2398 5118 ἄγγελον
2433 5050 2679 5137 πέμψαι,
2722 5053 2857 5124 μήτε
2890 5053 3228 5125 ἀρχάγγελον
3252 5096 3266 5119 ,
3315 5058 3454 5130 μήτε
3501 5059 3665 5116 ἄλλον

1980 5139 2102 5192 τινὰ
2128 5139 2236 5192 τῶν
2266 5138 2562 5193 συνδούλων
2603 5138 2710 5192 τῶν
2741 5141 2970 5206 ἐκείνου,
3001 5143 3117 5195 ἀλλ’
3149 5144 3313 5198 αὐτὸν
3341 5145 3432 5200 τὸν
3456 5148 3664 5202 Δεσπό-

1983 5245 2079 5297 την
2107 5227 2409 5298 καταϐῆναι
2441 5227 2575 5297 πρὸς
2611 5226 2701 5280 τὸν
2740 5231 3240 5299 παραπεπτωκότα,
3276 5235 3371 5288 καὶ
3409 5236 3665 5307 κείμενον

1983 5313 2309 5384 ἀναστῆσαι,
2339 5316 2435 5367 καὶ
2464 5315 2622 5386 μόνον
2675 5315 2811 5388 πρὸς
2837 5317 2995 5387 μόνον
3023 5359 3035 5383 ,
3068 5319 3319 5392 καθάπερ
3351 5323 3502 5391 φίλον
3525 5325 3664 5396 πρὸς

1984 5401 2134 5469 φίλον
2164 5404 2349 5466 κακῶς
2379 5405 2707 5475 πράττοντα,
2751 5405 2844 5458 καὶ
2871 5406 2929 5457 ἐν
2964 5405 3130 5478 πολλῇ
3159 5412 3506 5465 καταστάντα
3533 5414 3664 5468 δυσο

1981 5491 2186 5563 ημερία
2218 5492 2637 5562 παραγενέσθαι.
2671 5495 2791 5546 Ὅτι
2824 5494 2932 5565 γὰρ
2962 5492 3120 5546 τοῦτο
3167 5497 3230 5548 ἐκ
3262 5495 3464 5567 πολλῆς
3503 5500 3666 5570 κηδε-

1986 5578 2175 5648 μονίας
2204 5581 2448 5650 ἐποίησε,
2468 5582 2559 5634 καὶ
2585 5582 2720 5637 αὐτὰ
2744 5582 2812 5635 τὰ
2837 5585 3078 5654 ῥήματα,
3105 5582 3140 5636 ὃ.
3169 5585 3305 5655 πρὸς
3329 5587 3492 5641 αὐτὸν
3513 5583 3662 5654 εἶπε,

1985 5666 2251 5723 δείκνυσιν
2281 5671 2444 5724 αὐτοῦ
2472 5671 2571 5743 τὴν
2599 5671 2805 5741 ἄφατον
2844 5674 3244 5744 φιλοστοργίαν.
3279 5676 3387 5728 Καὶ
3429 5678 3482 5730 τί
3517 5677 3662 5746 λέγω

2047 5789 2072 5858 _‘
2271 5797 2322 5841 et
2343 5794 2540 5858 quidam
2562 5807 2677 5844 mss.
2701 5797 2916 5852 κολάζων
2939 5797 2990 5845 δέ
3013 5797 3188 5854 οὐκέτι,
3213 5795 3259 5849 ἐξ
3277 5797 3512 5858 ἡμισείας.

2045 5851 2073 5926 ξ)
2099 5854 2250 5903 Savil.
2281 5860 2333 5904 el
2359 5851 2555 5918 Quidam
2590 5870 2704 5906 mss.
2730 5864 2813 5915 τῆς
2839 5851 3095 5922 βασιλείας.
3132 5851 3242 5907 Mox
3276 5851 3426 5907 ii'dem
3609 5862 3662 5910 ἓν

1986 5913 2163 5972 ἑκάστη
2173 5953 2180 5960 .

2048 5979 2070 6007 ⁸
2099 5979 2245 6028 Savil.
2271 5982 2323 6027 et
2349 5979 2544 6034 quidam
2564 5993 2674 6029 mss.
2707 5981 2910 6032 ἀπαιτεῖ.
