3932 6222
383 431 453 488 95
1304 416 1399 472 AD
1432 412 1755 472 POPULUM
1792 408 2287 468 ANTIOCHENUM
2348 410 2580 468 HOMIL.
2623 410 2736 487 VH.
3593 420 3664 477 94

386 541 523 612 quod
555 535 786 594 maxime
821 531 1032 588 videtur
1072 544 1242 600 neque
1272 526 1649 587 consolationis
1686 523 1966 595 vestigium

386 633 773 691 demonstrare,
805 625 900 682 sed
929 640 959 679 a
988 622 1359 678 consolatoriis
1389 620 1599 691 penitus
1629 617 1805 672 verbis
1834 616 1968 670 alie-

385 741 508 789 num
535 737 658 779 esse
678 763 694 785 ,
722 720 777 774 in
808 717 1038 790 medium
1071 729 1400 785 proponens,
1431 712 1571 784 quod
1596 711 1718 767 dico
1747 708 1970 765 manife-

383 827 523 871 stum
570 812 782 868 faciam.
829 808 978 877 Quod
1010 806 1219 862 tandem
1251 814 1334 861 est
1376 804 1477 859 hoc
1514 803 1874 875 prommium?
1904 800 1974 855 In

382 905 628 977 principio
658 904 776 976 fecit
807 901 940 956 Deus
969 899 1147 954 calum
1180 907 1224 952 et
1257 907 1438 952 terram
1463 912 1483 950 :
1513 906 1646 950 terra
1670 906 1835 951 autem
1863 904 1969 949 erat

383 994 645 1049 invisibilis
672 1002 715 1046 et
742 990 1075 1059 incomposita
1095 1031 1109 1053 ,
1138 997 1186 1043 et
1210 988 1421 1043 (craebra:
1445 997 1586 1048 erant
1610 1004 1760 1057 super
1786 986 1969 1058 faciem

381 1088 547 1158 abyssi
575 1085 728 1157 (Gen.
760 1085 810 1139 l.
842 1085 894 1139 1.
925 1083 1003 1154 2).
1032 1082 1298 1152 Numquid
1328 1081 1442 1137 haec
1466 1082 1729 1152 aliquibus
1758 1097 1788 1137 e
1814 1081 1966 1138 vobis

383 1179 630 1236 videntur
658 1177 884 1234 tristitia:
908 1176 1326 1233 consolationem
1349 1174 1584 1230 habere?
1609 1189 1786 1232 nonne
1810 1176 1971 1231 histo-

380 1274 475 1327 ria:
504 1270 738 1326 narratio
763 1280 878 1334 est,
905 1278 961 1325 et
984 1269 1051 1325 de
1077 1269 1347 1326 creatione
1370 1268 1649 1325 doctrina?

452 1365 505 1418 Îž.
540 1364 710 1419 Vultis
753 1362 914 1432 igitur
953 1362 1314 1419 demonstrem
1341 1362 1757 1419 consolationem
1783 1364 1835 1419 in
1867 1365 1968 1419 hac

383 1456 619 1511 dictione
656 1453 1062 1510 absconditam?
1087 1453 1368 1523 Exsurgite
1396 1453 1584 1524 igitur,
1614 1463 1668 1511 et
1694 1470 1813 1512 cum
1840 1457 1966 1511 dili-

380 1550 555 1619 gentia
577 1547 837 1603 advertite
856 1563 976 1617 qua:
989 1545 1212 1601 dicenda
1238 1557 1379 1600 sunt.
1401 1546 1534 1603 Cum
1549 1547 1691 1602 enim
1711 1549 1966 1618 audieris,

380 1642 519 1709 qttod
566 1641 753 1696 caelum
778 1682 794 1707 ,
820 1650 1014 1694 terram
1037 1681 1052 1704 ,
1084 1653 1230 1693 mare
1252 1679 1268 1705 ,
1296 1653 1478 1695 aerem
1497 1680 1512 1706 ,
1543 1655 1707 1709 aquas
1735 1682 1750 1707 ,
1782 1642 1968 1698 stellas

382 1734 597 1798 multas,
626 1732 734 1787 duo
766 1731 1046 1785 luminaria
1069 1745 1280 1800 magna,
1311 1729 1539 1799 plantas,
1569 1730 1962 1801 quadrupedes,

381 1825 621 1879 natatilia
659 1831 715 1878 et
744 1821 975 1877 volatilia
1016 1821 1263 1875 animalia
1289 1861 1303 1887 ,
1335 1820 1619 1891 omniaque
1646 1823 1966 1892 generaliter

381 1931 498 1984 qnze
520 1915 780 1975 videntur,
804 1921 1021 1982 propter
1043 1921 1094 1966 te
1116 1920 1365 1980 tuamque
1388 1912 1613 1968 salutem
1631 1924 1684 1968 et
1707 1914 1961 1971 honorem

385 2005 523 2058 Dens
549 2004 833 2070 creaverit,
864 2017 1042 2058 nonne
1074 2017 1316 2072 magnam
1346 2002 1492 2071 capis
1520 2003 1961 2072 consolationem,

378 2110 433 2154 et
472 2100 757 2154 maximam
803 2096 1105 2152 dilectionis
1149 2096 1241 2152 Dci
1286 2096 1795 2153 demonstrationem
1826 2097 1963 2155 banc

378 2193 622 2263 suscipis,
646 2207 763 2247 cum
791 2190 1124 2261 cogitaveris,
1149 2189 1289 2260 quod
1317 2199 1517 2246 tantum
1541 2200 1595 2246 et
1624 2192 1783 2246 talem
1808 2208 1962 2247 mun-

378 2284 503 2338 dum
534 2325 548 2347 ,
593 2292 698 2336 tam
748 2281 1026 2351 pulchrum
1080 2288 1133 2336 et
1191 2295 1439 2349 magnum
1493 2288 1548 2335 et
1593 2279 1961 2338 admirabilem

376 2384 596 2446 propter
620 2383 673 2428 te
702 2373 949 2443 pusillum
978 2372 1029 2426 in
1055 2371 1284 2427 medium
1315 2372 1629 2442 protulerit?
1649 2373 1781 2428 Cum
1805 2374 1964 2445 igitur

375 2467 631 2531 audieris,
664 2464 730 2519 In
760 2465 1008 2536 principio
1048 2466 1165 2534 fecit
1208 2463 1345 2518 Deus
1373 2463 1553 2519 uelum
1577 2473 1623 2518 et
1648 2473 1866 2530 terram,
1893 2480 1963 2525 ne

376 2556 688 2628 simpliciter
715 2556 912 2611 dictum
944 2564 1321 2624 praetereat-ras
1346 2595 1360 2620 ,
1381 2554 1477 2610 sed
1512 2562 1669 2610 terra:
1698 2555 1963 2626 magnitu-

374 2649 552 2704 dinem
584 2656 762 2701 mente
791 2661 1042 2716 percurre
1062 2686 1076 2710 ,
1103 2655 1159 2700 et
1184 2654 1369 2714 reputa
1400 2659 1556 2714 quam
1583 2644 1780 2700 lautam
1807 2646 1961 2702 nobis

373 2750 428 2794 et
451 2738 683 2809 Opimam
710 2736 959 2806 produxit
977 2751 1236 2800 mensam,
1265 2742 1320 2790 et
1345 2735 1563 2790 multam
1589 2736 1782 2806 passim
1806 2735 1958 2792 nobis

372 2831 780 2887 delectationem
812 2828 1034 2898 praebuit
1053 2845 1069 2883 :
1085 2836 1139 2882 et
1156 2827 1297 2898 quod
1318 2828 1531 2898 quidem
1550 2837 1632 2883 est
1646 2829 1958 2898 maximum,

375 2924 427 2977 in
457 2922 724 2977 nullorum
749 2921 990 2976 laborum
1018 2921 1422 2976 retributionem
1448 2921 1613 2988 dedit,
1642 2937 1741 2979 nec
1767 2923 1819 2979 in
1849 2940 1961 2980 me-

372 3014 596 3068 ritormn
651 3011 926 3082 praemium
979 3020 1182 3065 tantum
1232 3018 1289 3066 et
1341 3011 1498 3067 talem
1547 3013 1834 3079 mundum;
1865 3015 1958 3071 sed

371 3107 571 3177 pariter
594 3119 690 3160 nos
718 3104 891 3169 finxit,
915 3113 968 3158 et
995 3103 1099 3158 hoc
1123 3119 1289 3173 regno
1315 3119 1483 3175 genus
1512 3113 1753 3160 nostrum
1786 3107 1958 3162 hono-

372 3199 511 3255 ravit
539 3217 553 3252 :
586 3198 756 3269 inquit
787 3197 929 3254 enim
954 3239 970 3266 ,
1004 3196 1279 3251 Faciamus
1317 3196 1569 3252 hominem
1596 3197 1664 3250 ad
1689 3198 1958 3269 imaginem

365 3308 415 3348 et
445 3295 853 3349 similitudinem
886 3306 1125 3348 nostram
1149 3290 1300 3365 (Gen.
1326 3292 1380 3349 1.
1413 3292 1528 3365 26).
1556 3293 1698 3360 Quid
1723 3302 1831 3361 est,
1872 3293 1957 3346 Ad

364 3388 653 3457 imaginem
670 3397 717 3439 et
734 3386 1139 3440 similitudinem
1164 3395 1403 3441 nostram
1418 3385 1799 3457 fPrincipatus
1823 3385 1961 3439 ima-

370 3473 547 3541 ginem
576 3471 728 3529 dixit.
754 3479 810 3524 nt
830 3471 966 3525 sicut
992 3469 1166 3524 nullus
1195 3469 1247 3523 in
1269 3469 1401 3524 czelo
1429 3478 1510 3525 est
1539 3470 1649 3524 Deo
1674 3473 1951 3540 superior,

369 3566 451 3618 sie
473 3577 633 3630 super
654 3571 849 3617 terram
869 3561 1042 3615 nullus
1062 3560 1129 3614 sit
1150 3560 1367 3615 homine
1388 3562 1651 3631 superior.
1673 3561 1789 3617 Uno
1809 3564 1953 3619 enim

370 3652 472 3708 hoc
496 3662 549 3707 et
574 3652 745 3722 primo
773 3650 1070 3716 honoravit,
1093 3649 1235 3720 quod
1255 3649 1320 3705 ad
1348 3650 1630 3720 imaginem
1655 3666 1804 3707 suam
1830 3669 1952 3709 eum

371 3743 594 3799 fecerit:
618 3742 887 3806 secundo,
918 3741 1061 3811 quod
1092 3758 1197 3795 non
1221 3741 1464 3797 laborum
1494 3742 1770 3811 prmmium
1799 3745 1954 3800 nobis

370 3835 649 3906 imperium
679 3834 981 3905 praebuerit,
1004 3833 1097 3888 sed
1118 3834 1288 3889 solam
1325 3832 1624 3890 exhibuerit
1657 3836 1954 3905 benignita-

369 3929 438 3985 tis
466 3945 577 3984 suaa
603 3928 826 3998 gratiam
857 3946 871 3981 :
903 3926 1062 3982 tertio
1103 3934 1283 3982 autem
1326 3925 1472 3996 quod
1517 3927 1757 3982 naturale
1798 3927 1953 3983 nobis

366 4021 498 4076 illud
535 4021 788 4092 elargitus
829 4020 918 4074 sit.
945 4018 1170 4088 Imperia
1205 4017 1350 4073 enim
1389 4024 1480 4071 aut
1509 4018 1768 4073 naturalia
1794 4028 1949 4083 sunt,

366 4123 459 4169 aut
476 4113 737 4170 electione
762 4112 931 4175 fiunt;
962 4110 1219 4165 naturalia
1257 4116 1415 4175 sunt,
1450 4116 1508 4164 ut
1531 4108 1698 4164 leonis
1726 4109 1780 4163 in
1817 4125 1948 4180 qua-

366 4205 652 4274 drupedes,
675 4214 729 4258 et
754 4204 806 4257 in
837 4217 963 4257 aves
990 4202 1212 4272 aquilae;
1236 4200 1500 4256 electione
1521 4199 1672 4268 (lunt,
1697 4201 1831 4256 sicut
1857 4216 1954 4255 no-

364 4296 466 4351 stri
502 4293 863 4366 Imperatoris.
894 4294 990 4348 llic
1014 4293 1156 4347 enim
1196 4305 1305 4347 non
1330 4301 1516 4347 natura
1543 4292 1816 4349 conservis
1848 4293 1950 4348 im-

367 4396 536 4458 perat,
560 4387 683 4442 ideo
707 4399 851 4455 saepe
880 4383 1160 4455 imperium
1188 4382 1405 4437 amittit.
1437 4382 1582 4438 Talia
1614 4383 1757 4439 enim
1787 4393 1911 4438 sunt
1932 4424 1948 4448 ,

365 4494 487 4549 qua:
509 4493 613 4533 non
639 4484 844 4531 natur-.o
867 4475 1135 4529 inhmrent
1155 4513 1171 4540 ,
1202 4482 1258 4528 ut
1282 4473 1434 4529 facile
1464 4473 1747 4529 admittant
1774 4486 1952 4530 muta-

366 4572 587 4625 tionem.
632 4570 703 4623 At
745 4581 853 4622 non
898 4566 972 4621 ita
1021 4566 1106 4620 leo
1130 4605 1146 4633 ,
1169 4564 1263 4620 sed
1303 4572 1491 4619 natura
1524 4565 1952 4634 quadrupedibus

365 4660 707 4726 dominatur,
737 4659 877 4713 sicut
913 4657 1097 4712 itidem
1147 4665 1203 4711 et
1242 4654 1457 4711 alitibus
1498 4654 1698 4725 aquila.
1729 4655 1952 4726 Semper

367 4752 528 4822 igitur
571 4766 692 4806 cum
740 4764 939 4821 genere
964 4748 1251 4818 conjuncta
1293 4754 1377 4802 est
1403 4747 1553 4817 regni
1581 4747 1792 4818 species
1813 4787 1829 4815 ,
1855 4763 1954 4804 nec

368 4844 533 4896 ullum
562 4842 681 4912 quis
707 4840 855 4896 videt
891 4841 1101 4896 leonem
1143 4853 1394 4908 umquam
1438 4837 1582 4893 hunc
1617 4838 1950 4894 emittentem

368 4933 740 5003 principatum.
769 4931 900 4987 Tale
946 4932 1100 4987 nobis
1141 4931 1424 5000 imperium
1456 4928 1596 4985 Deus
1622 4943 1653 4983 a
1691 4928 1952 4999 principio

368 5025 589 5094 largitus
614 5033 717 5089 est,
747 5035 802 5079 et
826 5038 924 5078 nos
948 5022 1197 5078 omnibus
1226 5021 1515 5092 praeposuit
1541 5037 1556 5075 :
1585 5035 1686 5077 nec
1712 5020 1814 5075 hoc
1836 5021 1952 5076 solo

369 5130 611 5174 naturam
642 5126 881 5173 nostram
907 5114 1201 5182 decoravit,
1229 5114 1325 5169 sed
1349 5122 1404 5169 et
1423 5114 1538 5183 ipsa
1565 5112 1670 5169 loci
1696 5121 1955 5184 praestan-

367 5210 436 5264 tia
458 5249 475 5277 ,
503 5209 772 5280 egregium
812 5208 967 5263 nobis
1010 5206 1370 5262 habitaculum
1412 5205 1703 5274 designans
1736 5203 1951 5274 paradi-

363 5315 509 5369 sum,
534 5309 589 5357 et
615 5300 876 5356 rationem
897 5298 1051 5364 dans,
1078 5306 1134 5354 et
1156 5297 1388 5357 animam
1417 5294 1650 5367 largiens
1672 5295 1953 5352 immorta-

365 5390 495 5447 lem.
598 5375 603 5379 â€™
1436 5442 1439 5445 .

439 5480 580 5537 Deus
609 5497 714 5537 non
743 5488 935 5535 tantum
970 5497 1087 5535 cum
1112 5479 1359 5552 benefacit
1383 5519 1398 5545 ,
1429 5478 1518 5534 sed
1540 5478 1692 5533 etiam
1724 5494 1839 5532 cum
1865 5494 1954 5533 ca-

365 5573 540 5647 stigat,
566 5572 725 5629 bonus
766 5582 858 5628 est.
884 5571 1083 5630 â€”-Sed
1129 5587 1237 5628 non
1280 5572 1398 5627 haec
1440 5570 1612 5625 dicam
1638 5587 1653 5627 :
1679 5583 1780 5641 ego
1807 5570 1951 5627 enim

367 5675 570 5724 tantam
608 5666 708 5722 Dei
744 5665 1043 5723 dilectionis
1070 5663 1608 5736 superabundantiam
1645 5676 1766 5719 esse
1792 5662 1911 5718 dico
1932 5704 1949 5731 ,

366 5773 429 5818 ut
452 5775 557 5816 non
589 5769 793 5816 tantum
837 5776 905 5815 ex
942 5760 1008 5816 iis
1052 5759 1243 5831 quibus
1291 5772 1390 5814 nos
1432 5756 1750 5824 honoravit,
1777 5756 1871 5812 sed
1897 5761 1955 5810 et

367 5853 564 5928 quibus
612 5852 931 5925 castigavit,
974 5852 1220 5910 similiter
1272 5850 1538 5924 possimus
1588 5849 1952 5909 demonstrare

2086 522 2253 592 ipsius
2296 522 2586 591 bonitatem
2636 534 2690 581 et
2733 525 3129 598 benignitatem.
3164 527 3232 584 Et
3284 528 3387 587 hoc
3435 532 3666 589 maxime

2081 616 2320 671 omnium
2368 632 2462 673 vos
2504 633 2627 674 cum
2671 618 2945 691 diligentia
2987 621 3326 680 considerare
3376 624 3661 692 cohortor,

2082 706 2244 761 Deum
2295 723 2401 762 non
2451 717 2652 765 tantum
2705 726 2826 766 cum
2866 711 3091 769 honorat
3136 723 3190 770 ct
3230 712 3529 783 benefacit,
3571 723 3664 772 sed

2078 805 2132 850 et
2160 812 2279 851 cum
2308 799 2529 869 castigat
2553 809 2605 854 et
2631 802 2801 872 punit,
2824 803 3068 859 similiter
3088 820 3208 861 esse
3228 806 3422 861 bonum
3444 825 3458 862 :
3480 816 3533 862 et
3551 808 3663 864 sive

2078 897 2261 943 contra
2289 891 2533 960 gentiles,
2553 892 2669 948 sive
2689 904 2874 949 contra
2896 895 3175 954 bmreticos
3206 900 3357 955 nobis
3374 903 3660 956 certamina

2079 988 2409 1045 moveantur,
2442 990 2495 1036 et
2523 997 2709 1053 pugna:
2739 983 2803 1039 de
2833 985 2926 1041 Dei
2955 987 3295 1059 benignitate,
3323 1006 3425 1045 non
3456 1000 3661 1046 tantum

2077 1085 2141 1124 ex
2163 1070 2354 1141 quibus
2378 1088 2475 1128 nos
2503 1073 2802 1143 honoravit,
2826 1078 2919 1132 sed
2940 1089 2992 1133 et
3016 1095 3080 1135 ex
3102 1081 3290 1151 qnibus
3311 1097 3407 1137 nos
3434 1084 3658 1154 punivit,

2076 1162 2243 1233 ipsius
2272 1165 2561 1223 bonitatem
2590 1166 3094 1226 demonstrabimus.
3127 1173 3181 1230 Si
3211 1177 3354 1231 enim
3387 1177 3658 1236 honoratis

2079 1265 2280 1311 tantum
2311 1257 2482 1314 bonus
2510 1270 2672 1328 esset,
2697 1263 2923 1331 puniens
2949 1280 3075 1321 vero
3101 1283 3206 1322 non
3233 1278 3393 1339 esset,
3421 1287 3490 1328 ex
3513 1272 3662 1330 dimi-

2076 1349 2163 1406 dio
2190 1352 2362 1409 bonus
2385 1364 2557 1421 esset;
2585 1356 2678 1412 sed
2706 1372 2811 1413 non
2844 1357 2911 1414 ita
2941 1369 3024 1415 est
3045 1403 3060 1427 ,
3086 1361 3242 1417 absit.
3276 1364 3332 1420 In
3361 1363 3661 1426 hominibus

2074 1444 2288 1514 quidem
2320 1445 2420 1502 hoc
2446 1448 2661 1504 evenire
2693 1450 2978 1507 verisimile
3016 1464 3098 1509 est
3118 1497 3132 1522 ,
3157 1458 3406 1525 quoniam
3427 1475 3547 1517 cum
3574 1461 3659 1518 fu-

2074 1550 2197 1591 rore
2237 1545 2292 1592 et
2329 1553 2394 1593 ex
2434 1539 2623 1596 alTeetu
2651 1557 2834 1610 poenas
2863 1543 3129 1613 inferunt;
3163 1548 3303 1605 Deus
3331 1563 3507 1608 autem
3537 1569 3659 1611 cum

2074 1627 2234 1683 nullis
2256 1629 2325 1684 sit
2349 1630 2623 1687 affectibus
2643 1633 2922 1699 obnoxius,
2951 1637 3064 1693 sive
3091 1638 3404 1710 benefaciat,
3428 1645 3538 1700 sive
3558 1661 3661 1716 pu-

2073 1719 2185 1772 niat
2206 1759 2222 1783 ,
2251 1720 2497 1777 similiter
2520 1733 2603 1778 est
2632 1724 2803 1780 bonus
2828 1743 2840 1779 Îµ
2871 1741 2969 1782 nec
2996 1744 3160 1798 regno
3185 1731 3361 1787 minus
3402 1734 3661 1804 gehennae

2072 1812 2416 1866 ciinuninatio
2447 1813 2611 1884 ipsius
2636 1814 2927 1871 bonitatem
2951 1818 3282 1876 demonstrat
3311 1840 3322 1875 :
3353 1830 3410 1878 et
3432 1840 3538 1895 quo
3563 1842 3658 1897 pa-

2071 1911 2160 1958 cto
2186 1903 2237 1956 id
2263 1902 2371 1970 fiat,
2401 1920 2500 1977 ego
2525 1906 2719 1961 dicam.
2746 1907 2857 1962 Nisi
2884 1908 3177 1980 gehennam
3199 1914 3429 1972 minatus
3450 1916 3655 1985 fuisset,

2072 1994 2172 2048 nisi
2217 2010 2426 2064 poenam
2461 2008 2809 2067 prteparasset
2829 2041 2844 2067 ,
2875 2016 2979 2056 non
3017 2003 3168 2058 multi
3199 2020 3417 2076 regnum
3448 2023 3658 2080 assequi

2072 2087 2389 2154 potuissent.
2419 2088 2533 2143 Non
2560 2091 2703 2146 enim
2731 2092 2798 2146 ita
2828 2093 3089 2149 bonorum
3134 2101 3417 2166 promissio
3456 2103 3522 2158 ad
3553 2105 3660 2160 vir-

2072 2187 2234 2231 tutem
2282 2181 2477 2236 multos
2516 2193 2735 2250 evocat,
2768 2194 2825 2239 ut
2868 2186 3129 2243 malorum
3162 2188 3440 2249 intentatio
3467 2195 3658 2253 timore

2071 2269 2375 2338 compellit,
2406 2279 2459 2324 et
2509 2271 2573 2325 ad
2616 2273 2807 2327 aninne
2854 2289 3037 2331 curam
3086 2279 3298 2335 excitat.
3330 2280 3509 2354 Itaque
3556 2287 3656 2342 etsi

2069 2360 2320 2414 caelorum
2350 2377 2514 2431 regno
2529 2363 2767 2433 gebcnna
2789 2368 3052 2423 contraria
3078 2378 3178 2437 cst,
3201 2370 3266 2425 ad
3289 2388 3448 2428 unum
3480 2382 3655 2433 tamen

2069 2453 2226 2507 ambo
2259 2454 2416 2509 linem
2447 2457 2757 2525 respiciunt,
2788 2458 3061 2515 hominum
3093 2463 3318 2520 salutem
3348 2467 3510 2523 :illud
3537 2471 3654 2542 qui-

2069 2543 2188 2600 dem
2214 2545 2282 2600 ad
2311 2561 2370 2602 se
2398 2547 2657 2615 alliciens,
2691 2548 2806 2604 lucc
2833 2559 3013 2606 autem
3044 2551 3110 2607 ad
3138 2553 3270 2610 illud
3289 2559 3668 2632 compellens,

2069 2648 2122 2692 et
2148 2640 2556 2709 ncgligentiores
2587 2642 2777 2697 timore
2806 2647 3098 2715 corrigens.

2139 2730 2192 2784 5.
2227 2730 2375 2784 llnnc
2401 2741 2577 2786 autem
2607 2748 2711 2787 non
2740 2732 3006 2789 incassum
3042 2752 3343 2796 sermonem
3377 2745 3650 2814 protraho;

2066 2820 2161 2875 sed
2189 2824 2436 2891 quoniam
2464 2836 2607 2893 serpe
2625 2822 2766 2880 fame
2793 2834 2846 2881 et
2873 2827 3199 2886 siccitatibus
3221 2834 3575 2905 venientibus,
3597 2848 3653 2895 et

2066 2912 2216 2969 bellis
2237 2957 2252 2981 ,
2282 2924 2337 2970 et
2362 2914 2438 2969 ira
2465 2915 2609 2986 regia
2638 2916 2872 2974 irruente
2897 2961 2912 2987 ,
2936 2931 2990 2975 et
3014 2922 3134 2978 aliis
3172 2924 3467 2983 istiusmodi
3499 2929 3651 2988 inex-

2063 3006 2317 3074 spectatis
2341 3007 2521 3075 rebus,
2548 3008 2699 3063 multi
2727 3009 3081 3080 simpliciores
3109 3013 3647 3089 deeipiuntdicendo,

2065 3110 2170 3150 non
2198 3095 2355 3167 digna
2388 3095 2503 3152 haec
2545 3113 2665 3154 esse
2703 3100 2798 3155 Dei
2846 3103 3193 3171 providentia.
3218 3106 3297 3163 Ne
3321 3108 3482 3179 igitur
3507 3111 3652 3169 deci-

2065 3185 2301 3255 piatnur,
2330 3188 2431 3245 sed,
2466 3197 2615 3246 certo
2657 3191 2923 3260 sciamus,
2953 3195 3099 3265 quod
3133 3197 3252 3255 sive
3292 3199 3508 3270 famem,
3536 3204 3651 3261 sive

2064 3276 2282 3345 bellum,
2305 3280 2418 3335 sive
2447 3281 2589 3336 aliud
2616 3282 2986 3356 quodcumque
3011 3288 3294 3345 molestum
3316 3291 3553 3363 inducat,
3580 3311 3649 3353 ex

2065 3366 2388 3438 benignitate
2413 3379 2467 3426 et
2496 3371 2659 3427 multa
2688 3373 2973 3431 dilectione
2998 3375 3101 3432 hoc
3128 3378 3353 3449 efficiat,
3377 3380 3502 3438 huic
3527 3399 3645 3442 ser-

2061 3460 2209 3514 moui
2235 3470 2449 3518 coactus
2478 3478 2596 3517 sum
2625 3464 2918 3521 immorari.
2947 3466 3082 3524 Nam
3121 3478 3176 3524 et
3201 3481 3378 3541 patres
3407 3477 3647 3533 omnium

2062 3552 2292 3640 maxime
2320 3554 2455 3608 ï¬lios
2480 3565 2722 3614 amantes
2748 3566 2803 3614 et
2822 3575 3006 3615 mensa
3034 3562 3343 3635 prohibent,
3363 3576 3418 3623 et
3436 3567 3643 3640 ï¬‚agella

2060 3639 2321 3711 inï¬‚igunt,
2346 3653 2398 3699 et
2417 3644 2651 3703 afï¬ciunt
2670 3647 2976 3720 ignominia,
2994 3658 3050 3707 et
3073 3652 3192 3709 aliis
3212 3654 3437 3713 infinitis
3456 3639 3648 3718 talibus

2061 3730 2394 3789 lascivientes
2420 3749 2617 3804 pueros
2642 3738 2916 3809 corrigunt
2940 3758 2951 3794 :
2976 3741 3070 3797 sed
3093 3751 3269 3800 tamen
3297 3756 3474 3817 patres
3497 3762 3643 3818 sunt,

2061 3838 2166 3878 non
2197 3833 2397 3880 tantum
2428 3826 2553 3882 dum
2581 3826 2884 3898 honorant,
2913 3831 3007 3887 sed
3033 3841 3089 3888 et
3107 3833 3234 3891 dum
3265 3836 3377 3891 haec
3408 3838 3643 3907 faciunt,

2058 3924 2115 3971 et
2162 3926 2285 3972 tunc
2322 3919 2553 3974 maxime
2583 3929 2795 3989 patres,
2825 3936 2946 3977 cum
2974 3921 3088 3979 haec
3111 3923 3328 3981 faciunt.
3361 3927 3418 3982 Si
3466 3940 3644 3986 autem

1997 4017 2010 4036 '
2060 4009 2322 4077 homines,
2339 4011 2430 4081 qui
2445 4011 2623 4067 furore
2651 4022 2701 4069 et
2733 4013 2809 4068 ira
2830 4029 2972 4084 smpe
2995 4013 3064 4070 ah
3089 4017 3201 4071 utili
3221 4017 3506 4088 declinant,
3535 4038 3645 4081 non

2058 4100 2370 4157 crudelitate
2397 4110 2451 4156 et
2478 4101 2881 4171 inhumanitate,
2903 4104 3645 4183 sedcuraetcharitate,quos

2058 4199 2276 4257 amant,
2308 4193 2495 4261 punire
2539 4203 2791 4263 putantur
2821 4212 2848 4254 ÎµÎ”
2869 4196 3037 4252 multo
3085 4198 3253 4268 magis
3302 4198 3372 4256 de
3418 4201 3530 4260 Deo
3565 4205 3644 4260 sic

2057 4285 2258 4340 sentire
2286 4293 2517 4357 oportet,
2540 4287 2630 4357 qui
2652 4287 2906 4344 bonitatis
2934 4303 3045 4344 sua:
3069 4291 3283 4347 cumulo
3301 4309 3516 4352 omnem
3541 4312 3647 4353 ex-

2057 4377 2201 4432 cedit
2229 4386 2502 4448 paternam
2515 4381 2850 4439 charitatem.
2867 4380 2934 4438 Et
2952 4396 3019 4437 ne
3045 4382 3236 4440 credas
3258 4384 3372 4443 haec
3391 4403 3489 4459 per
3513 4404 3646 4447 cons

2051 4469 2313 4539 jecturam
2338 4485 2458 4527 esse
2482 4471 2641 4537 dicta,
2671 4485 2768 4542 age
2790 4471 2859 4526 ad
2884 4473 3051 4543 ipsam
3077 4473 3405 4546 Scripturam
3429 4496 3643 4543 sermo-

2057 4578 2128 4618 ne
2147 4573 2492 4619 revertamur.
2511 4563 2796 4635 Postquam
2822 4565 2963 4620 enim
2994 4565 3154 4623 homo
3169 4568 3239 4624 ab
3262 4570 3509 4641 improbo
3533 4573 3646 4631 da:-

2058 4670 2216 4711 mone
2255 4654 2511 4727 deceptus
2550 4666 2606 4712 et
2646 4657 2866 4712 allectus
2908 4664 3021 4724 est,
3054 4657 3329 4716 videamus
3371 4668 3644 4733 quomodo

2058 4747 2230 4817 ipsum
2260 4747 2362 4803 tale
2387 4755 2661 4817 operatum
2689 4748 2890 4803 crimen
2917 4747 3057 4803 Deus
3084 4750 3348 4807 tractavit.
3376 4752 3638 4825 Numquil

2056 4839 2232 4909 ipsum
2266 4840 2484 4897 omnino
2511 4839 2774 4910 perdidit?
2794 4850 2848 4895 et
2872 4839 3084 4911 quidem
3122 4841 3343 4911 iustitiae
3380 4846 3517 4902 ratio
3541 4846 3673 4902 hoc-~

2058 4933 2338 5005 exigebat,
2360 4933 2490 4989 nihil
2530 4933 2746 5004 quidem
2780 4933 2906 4989 boni
2940 4945 3215 5005 operatum
3242 4977 3259 5003 ,
3289 4946 3489 4993 tantam
3516 4954 3647 4998 vero

2059 5025 2483 5082 benevolentiam
2523 5035 2869 5096 assequutum
2889 5069 2906 5095 ,
2930 5042 3056 5083 mox
3093 5043 3124 5083 a
3157 5030 3466 5100 primordiis
3487 5035 3647 5089 lasci-

2058 5116 2291 5172 vientem
2320 5115 2389 5173 de
2430 5117 2605 5173 medio
2630 5118 2778 5186 tolli,
2803 5127 2859 5174 et
2884 5117 3124 5175 funditus
3147 5120 3334 5179 deleri.
3381 5122 3490 5181 Sed
3535 5136 3645 5180 non

2059 5210 2185 5267 fecit
2211 5211 2315 5267 hoc
2340 5210 2500 5277 Deus,
2530 5225 2630 5267 nec
2656 5210 2991 5269 abominatus
3017 5222 3122 5281 est,
3149 5229 3250 5270 nec
3273 5229 3396 5270 eum
3422 5229 3646 5271 aversa~

2061 5312 2148 5359 tus
2169 5344 2185 5372 ,
2215 5302 2305 5375 qui
2335 5312 2532 5360 satam
2558 5303 2823 5374 ingratum
2853 5304 2905 5359 in
2934 5304 3334 5362 benefactorem
3357 5305 3646 5373 exhibuit,

2059 5398 2154 5455 sed
2194 5398 2262 5455 ad
2302 5398 2473 5468 ipsum
2499 5396 2681 5467 venit,
2707 5398 2846 5453 sicut
2884 5399 2953 5453 ad
2997 5408 3257 5470 aegrotum
3287 5398 3548 5458 medicus.
3574 5400 3643 5458 Et

2059 5492 2171 5548 noli
2197 5492 2487 5547 oscitanter.
2505 5489 2707 5547 dictum
2736 5499 3168 5563 praetercurrere,
3185 5490 3530 5562 charissime,
3549 5494 3645 5551 sed

2059 5585 2231 5655 cogita
2256 5584 2413 5655 quale
2440 5591 2545 5652 est,
2574 5599 2673 5639 nec
2693 5584 2963 5652 angelum,
2994 5598 3095 5639 nec
3122 5584 3521 5657 archangelum,
3542 5603 3645 5646 nec

2060 5677 2224 5734 ullum
2249 5675 2410 5730 alium
2432 5675 2575 5732 illius
2592 5689 2972 5731 conservorum
2995 5672 3223 5741 misisse,
3244 5676 3340 5733 sed
3358 5690 3640 5749 ipsummct

2061 5769 2342 5826 Dominum
2381 5767 2449 5825 ad
2473 5767 2768 5839 collapsum
2796 5767 3170 5836 descendisse,
3188 5769 3457 5842 iacentem
3502 5773 3640 5829 rele-

2067 5881 2239 5937 vasse,
2268 5875 2321 5923 et
2348 5856 2520 5923 solum
2548 5862 2615 5920 ad
2635 5862 2807 5921 solum
2829 5871 3097 5938 tamquam
3124 5863 3191 5920 ad
3219 5864 3453 5923 amicum
3477 5864 3658 5922 intus--
