3932 6222
286 484 356 542 95
1023 466 1081 524 S.
1120 457 1392 521 JOANNIS
1426 439 1886 511 CHRYSOSTOMI
1924 434 2239 494 ARCIIIEP.
2279 421 2808 489 CONSTANTINOP.
3485 410 3552 467 90

292 604 531 654 tunatum
572 597 627 647 et
658 588 712 644 in
737 597 924 656 magna
961 576 1303 636 constitutum
1333 561 1652 656 adversitate
1677 570 1859 654 acces-

294 685 448 738 sisse.
471 675 621 744 Quod
649 673 791 729 enim
818 641 883 724 Ex
904 664 1066 720 multa
1087 648 1462 713 lioceharitate
1474 641 1865 710 feeerit,etipsa

295 738 616 838 verba,‘quaa
639 763 703 818 ad
728 762 894 831 ipsum
917 751 1069 818 dixit,
1098 748 1260 819 ipsius
1287 738 1604 798 ineﬂ‘abilem
1629 745 1864 788 amorem

298 817 679 918 demonsirant.
790 846 913 917 quid
931 857 1062 913 opus
1085 817 1186 904 est,
1218 847 1274 890 ut
1294 833 1472 888 omnia
1492 827 1650 883 verba
1672 817 1869 877 dicam?

298 956 466 1025 prima
521 944 758 1019 profecto
783 939 944 994 dictio
972 932 1149 989 statim
1192 928 1353 999 ipsius
1387 933 1622 977 amorem
1647 915 1870 970 demon-

298 1008 505 1099 stravit.
535 1038 647 1092 Non
679 1033 820 1088 enim
851 1028 1022 1091 dixit,
1052 1024 1189 1077 sicut
1215 1033 1308 1088 par
1331 1022 1448 1070 erat
1474 1008 1716 1078 injuriam
1748 1015 1871 1071 pas-

299 1149 416 1188 sum
444 1131 620 1185 dicere
646 1144 657 1178 :
681 1123 725 1177 0
751 1120 1009 1175 scelerate
1030 1122 1082 1168 et
1103 1106 1501 1167 scelestissime,
1526 1099 1613 1153 tali
1641 1111 1755 1151 mea
1783 1093 1876 1146 be-

301 1217 599 1279 nevolentia
650 1214 846 1284 potitus
872 1250 885 1272 ,
910 1215 1056 1261 tanto
1088 1202 1365 1256 decoratus
1409 1205 1570 1262 regno
1590 1229 1605 1255 ,
1633 1184 1878 1240 omnibus

301 1310 641 1371 terrestribus
659 1303 804 1360 nullo
829 1311 919 1355 tuo
935 1296 1122 1351 merito
1144 1287 1485 1362 praehabitus,
1507 1291 1560 1337 et
1585 1292 1714 1333 mea:
1739 1289 1881 1330 cura:

306 1407 522 1476 pignora
553 1414 646 1468 per
671 1408 832 1465 opera
856 1399 909 1446 et
937 1401 1114 1442 veram
1145 1377 1488 1452 providentia:
1516 1368 1880 1442 probationem

303 1463 621 1562 assequntus
643 1529 657 1554 ,
682 1463 979 1554 improbum
1017 1476 1316 1530 daemonem
1345 1479 1398 1522 et
1428 1463 1736 1536 pestiferum
1779 1465 1883 1511 tua:

311 1582 499 1638 salutis
524 1577 793 1634 inimicum
819 1614 835 1636 ,
863 1567 1090 1624 Domino
1131 1573 1187 1619 et
1231 1570 1405 1616 tutore
1428 1598 1442 1625 ,
1473 1555 1556 1612 cui
1594 1551 1844 1608 crederes
1869 1587 1884 1611 ,

310 1664 604 1745 digniOrem
647 1661 874 1721 duxisti?
901 1659 1026 1730 quid
1057 1657 1147 1712 illc
1174 1654 1276 1708 tale
1306 1661 1392 1704 tua
1418 1659 1577 1702 causa
1604 1640 1887 1714 praestitit,

311 1767 468 1833 quale
493 1777 591 1832 ego
616 1760 640 1814 ?
670 1771 844 1812 nonne
871 1752 1058 1807 cazlum
1095 1755 1312 1818 propter
1335 1751 1386 1796 te
1413 1737 1621 1794 creavi?
1648 1745 1841 1788 terram
1871 1771 1886 1795 ,

313 1871 482 1920 mare,
513 1853 700 1913 solem,
727 1848 928 1906 lunam,
959 1849 1012 1896 et
1041 1837 1219 1893 stellas
1246 1831 1470 1887 omnes?
1497 1843 1600 1882 non
1632 1825 1772 1879 enim
1800 1821 1890 1875 ulli

314 1946 489 2018 angeli
527 1943 683 2011 hujus
709 1944 966 1992 creatura:
1010 1927 1345 1998 indigebant,
1379 1920 1472 1978 sed
1505 1923 1720 1989 propter
1748 1921 1802 1967 te
1839 1919 1896 1965 et

317 2011 556 2108 requiem
589 2045 729 2088 tuam
755 2071 769 2098 ,
799 2027 956 2082 talem
984 2033 1039 2079 et
1076 2031 1276 2076 tantum
1307 2015 1408 2070 feci
1437 2011 1688 2067 mundum
1714 2025 1727 2060 :
1757 2014 1811 2061 et
1839 2013 1896 2058 tu

319 2097 461 2188 nuda
489 2127 681 2190 verba,
713 2097 764 2177 et
786 2117 1194 2190 promissionem
1225 2109 1412 2164 falsam
1437 2147 1450 2169 ,
1481 2111 1536 2159 et
1561 2097 1898 2172 pollicitatio-

321 2240 444 2280 nem
476 2217 660 2275 fraude
690 2215 922 2286 plenam,
945 2208 1138 2264 collata
1165 2199 1418 2272 operibus
1444 2195 1573 2267 ipsis
1599 2191 1903 2248 beneﬁcen-

323 2320 393 2373 tia
418 2324 473 2372 et
492 2284 843 2385 providentia,
871 2302 972 2358 [ide
997 2297 1290 2370 digniorem
1317 2307 1438 2349 esse
1465 2297 1632 2354 ratus,
1656 2297 1707 2340 te
1728 2284 1900 2354 ipsum

325 2410 398 2466 illi
426 2381 712 2468 tradidisti,
739 2409 991 2466 measque
1010 2393 1155 2461 leges
1177 2381 1532 2444 conculeasti?

397 2498 491 2553 Dei
529 2511 646 2564 erga
673 2491 889 2563 priniuni
906 2463 1174 2540 vhominem
1203 2474 1484 2532 clementia.
1513 2501 1584 2512 —
1611 2467 1737 2524 Haec
1761 2463 1904 2521 enim

328 2601 382 2647 et
403 2589 486 2646 bis
509 2557 656 2656 plura
673 2557 873 2637 'la‘sum
899 2592 995 2647 par
1014 2579 1129 2628 erat
1147 2569 1324 2626 dicere
1348 2583 1361 2618 :
1386 2563 1480 2619 sed
1508 2575 1614 2616 non
1644 2559 1716 2613 ita
1745 2557 1904 2620 Deus,

330 2694 518 2736 verum
542 2673 758 2732 omnino
779 2677 985 2725 contra.
1016 2665 1053 2718 A
1085 2661 1253 2732 prima
1275 2655 1415 2712 enim
1441 2667 1569 2707 voce
1594 2649 1765 2718 ipsum
1796 2654 1909 2700 sta-

337 2771 432 2826 tim
459 2766 669 2829 erexit,
692 2776 755 2816 ac
789 2759 1082 2828 jacentem,
1114 2759 1271 2818 atque
1303 2747 1572 2801 timentem
1602 2749 1654 2794 et
1683 2748 1911 2792 tremen-

335 2874 442 2918 tem
470 2857 740 2915 contidere
769 2850 912 2916 fecit,
945 2846 1090 2916 prior
1119 2856 1240 2897 cum
1269 2849 1466 2894 vocans
1493 2834 1605 2903 ipse
1631 2850 1644 2885 :
1675 2829 1912 2900 quinimo

338 2969 445 3008 non
487 2956 690 3004 tantum
733 2943 877 3011 prior
900 2949 1096 2991 vocans
1120 2973 1137 3000 ,
1164 2929 1257 2985 sed
1292 2929 1452 2982 etiam
1501 2939 1565 2978 ex
1613 2936 1712 2975 suo
1740 2920 1911 2988 ipsum

337 3006 555 3100 nomine
575 3006 867 3107 appellans,
891 3037 944 3084 et
961 3026 1146 3082 dicens
1173 3040 1186 3076 :
1211 3020 1370 3076 Adam
1392 3017 1474 3072 ubi
1499 3031 1550 3070 es
1571 3011 1723 3085 (Gen.
1752 3011 1805 3064 5.
1829 3006 1916 3077 9)τ

341 3145 575 3191 amorem
597 3141 770 3191 suum,
793 3132 847 3178 et
867 3119 1082 3175 multam
1107 3115 1246 3170 circa
1267 3113 1439 3182 ipsum
1460 3120 1642 3163 curam
1664 3100 1914 3158 ostendit.

350 3224 460 3283 lam
489 3220 630 3276 enim
659 3229 844 3270 omnes
885 3209 1054 3265 nostis
1101 3205 1205 3260 hoc
1247 3217 1366 3259 esse
1395 3199 1643 3269 legitimae
1671 3192 1918 3248 amicitiae

344 3315 618 3373 indicium.
647 3309 738 3364 Sic
762 3305 940 3361 facere
968 3301 1358 3356 consueverunt
1383 3293 1472 3363 qui
1500 3297 1736 3346 mortuos
1767 3297 1921 3339 revo-

345 3415 508 3472 cant,
553 3401 856 3471 frequenter
894 3395 1130 3464 ipsorum
1172 3387 1387 3443 nomina
1433 3389 1709 3438 versantes
1740 3395 1752 3430 :
1786 3375 1924 3430 sicut

345 3497 581 3556 vicissim
623 3468 714 3563 qui
749 3489 872 3545 odio
899 3486 1097 3540 habent
1118 3523 1132 3544 ,
1161 3491 1214 3536 et
1248 3477 1462 3534 inimice
1499 3487 1622 3543 erga
1648 3468 1921 3541 quospiam

349 3589 522 3646 alTecti
552 3593 709 3648 sunt,
735 3595 834 3634 nec
859 3576 1072 3632 nomina
1095 3585 1280 3627 eorum
1304 3567 1393 3638 qui
1423 3580 1484 3620 se
1510 3565 1716 3628 laesere,
1748 3558 1926 3614 ferunt

359 3687 800 3738 commemorare.
841 3669 967 3724 ideo
1005 3665 1133 3721 Saiil
1177 3662 1374 3717 nullam
1421 3656 1632 3726 quidem
1680 3651 1925 3722 injuriam

355 3784 544 3844 passus
565 3807 583 3836 ,
605 3763 800 3820 multas
819 3773 946 3814 vero
972 3765 1026 3811 et
1054 3765 1272 3824 magnas
1299 3748 1521 3818 injurias
1545 3746 1597 3800 in
1626 3742 1788 3798 David
1815 3757 1930 3795 ma-

355 3833 621 3923 chinatus,
651 3861 927 3926 postquam
957 3849 1130 3918 ipsum
1160 3838 1505 3897 aversabatur
1528 3843 1582 3890 et
1601 3833 1806 3898 oderat,
1830 3845 1930 3886 nec

355 3952 499 4009 illius
536 3918 945 4020 appellationem
989 3945 1410 3993 commemorare
1465 3923 1796 3989 sustinebat,
1837 3918 1932 3976 sed

356 4012 763 4101 conside-uitibus
791 4031 1040 4089 omnibus
1068 4034 1348 4098 postquam
1379 4036 1484 4077 non
1516 4018 1730 4074 venisse
1758 4012 1887 4067 vidit
1914 4053 1930 4078 ,

359 4134 487 4206 quid
525 4129 726 4201 inquit?
753 4126 870 4182 Non
912 4122 1080 4185 dixit,
1105 4118 1196 4173 ubi
1233 4123 1316 4172 est
1352 4107 1706 4173 David?sed,
1741 4103 1840 4160 Ubi
1863 4111 1936 4158 est

364 4193 502 4295 filius
531 4193 676 4274 lci-ise
697 4222 769 4290 (l.
801 4217 923 4289 Reg.
939 4209 1378 4282 20,27)?apatre
1413 4205 1591 4276 ipsum
1623 4210 1842 4252 vocans.
1869 4193 1940 4248 Et

364 4286 556 4373 iterum
581 4286 748 4368 Judaei
773 4309 839 4363 de
864 4286 1077 4362 Christo
1100 4303 1240 4357 idem
1261 4297 1492 4353 faciunt:
1521 4291 1767 4365 quoniam
1796 4286 1939 4342 enim

366 4408 542 4477 ipsum
563 4401 947 4458 aversabantur
964 4406 1018 4452 et
1042 4397 1283 4456 oderant,
1312 4405 1417 4444 non
1445 4386 1713 4447 dixerunt,
1738 4379 1837 4436 Ubi
1859 4386 1942 4432 est

370 4474 638 4558 Christus,
667 4491 782 4556 sed,
820 4487 917 4544 Ubi
941 4496 1012 4540 est
1040 4484 1126 4539 ille
1153 4481 1328 4555 (Joan.
1358 4480 1410 4534 7.
1441 4474 1570 4548 ll)?

441 4587 497 4644 4.
527 4584 633 4641 Sed
663 4583 804 4638 Deus
832 4590 885 4635 et
932 4579 985 4633 in
1024 4575 1125 4630 hoc
1152 4574 1516 4629 demonstrare
1553 4565 1737 4620 volens
1757 4603 1772 4628 ,
1804 4560 1944 4632 quod

375 4693 475 4735 nec
503 4681 776 4747 peccatum
804 4681 1041 4724 amorem
1077 4662 1427 4723 exstinxerit,
1459 4672 1558 4713 nec
1595 4653 1946 4711 inobedientia

375 4785 526 4826 suam
557 4768 609 4821 in
637 4766 808 4835 ipsum
838 4755 1260 4814 benevolentiam
1303 4750 1609 4814 sustulerit,
1641 4745 1733 4802 sed
1777 4743 1952 4797 adhuc

378 4831 730 4932 provideat-et
754 4865 931 4906 curam
955 4855 1103 4917 gerat
1128 4843 1280 4914 lapsi,
1309 4841 1478 4909 inquit
1506 4857 1519 4893 :
1553 4838 1714 4891 Adam
1743 4834 1826 4888 ubi
1854 4849 1905 4887 es
1929 4831 1953 4884 .9

381 4963 488 5005 non
518 4947 764 5016 ignorans
790 4939 878 4993 ubi
903 4937 1138 5007 degeret,
1167 4931 1258 4986 sed
1289 4930 1537 5001 quoniam
1565 4928 1628 4982 iis
1652 4925 1738 4995 qui
1766 4937 1953 4993 pecea-

379 5044 574 5095 verunt
600 5048 663 5088 os
686 5037 964 5085 consulum
989 5035 1101 5092 est,
1130 5032 1348 5094 peccato
1387 5021 1614 5091 linguam
1644 5022 1916 5071 avertente
1937 5051 1952 5073 ,

382 5139 439 5187 et
465 5122 787 5183 conscientia
816 5120 982 5190 ipsam
1010 5116 1316 5178 cohibente,
1347 5111 1645 5181 stupidique
1671 5108 1745 5162 illi
1788 5117 1960 5159 rema-

384 5228 532 5285 nent,
562 5215 775 5272 silentio
800 5221 1069 5280 tamquam
1095 5206 1324 5278 quodam
1353 5203 1560 5258 vinculo
1588 5197 1825 5254 coerciti.
1851 5193 1959 5250 Vo-

386 5314 502 5368 lens
533 5312 711 5378 itaque
746 5307 886 5359 Deus
938 5302 1109 5372 ipsum
1161 5298 1228 5353 ad
1277 5296 1519 5352 fiduciam
1565 5303 1617 5346 et
1665 5292 1960 5347 libertatem

387 5402 637 5473 loquendi
659 5399 948 5470 provocare
973 5435 989 5458 ,
1019 5401 1072 5446 et
1093 5391 1147 5445 in
1173 5404 1356 5444 eorum
1382 5402 1500 5458 qua:
1524 5385 1808 5439 admiserat
1833 5396 1963 5451 pur-

389 5495 656 5562 gationem
687 5488 938 5544 inducere
969 5525 984 5550 ,
1010 5493 1066 5536 ut
1091 5482 1267 5551 aliqua
1295 5479 1560 5533 frueretur
1587 5474 1760 5539 venia,
1791 5473 1964 5542 ipsum

396 5583 542 5653 prior
593 5583 706 5651 ipse
749 5578 986 5640 vocavit,
1019 5571 1298 5628 anxietatis
1355 5568 1577 5623 multum
1619 5563 1969 5634 appellatione

397 5673 641 5730 recidens
664 5713 680 5737 ,
707 5680 762 5724 et
784 5669 1054 5738 expellens
1083 5665 1348 5726 timorem,
1379 5675 1546 5731 osque
1573 5657 1814 5713 vocando
1841 5671 1968 5726 ape-

402 5767 564 5822 riens.
587 5763 813 5831 Ideoque
829 5760 1055 5822 dicebat,
1075 5757 1234 5811 Adam
1250 5755 1334 5810 ubi
1352 5771 1402 5810 es
1414 5755 1440 5808 ?
1455 5753 1591 5815 Alibi
1609 5760 1658 5808 te
1673 5749 1880 5821 reliqui,
1900 5749 1975 5804 in-

403 5858 536 5929 quit,
553 5864 607 5912 et
626 5852 749 5908 alibi
766 5865 905 5907 nunc
919 5848 1129 5909 invenio
1145 5847 1357 5919 :reliqui
1376 5856 1427 5904 te
1444 5847 1496 5905 in
1516 5846 1701 5904 fiducia
1718 5853 1770 5900 ct
1783 5842 1971 5915 gloria,

1968 558 2112 606 nunc
2139 555 2314 601 autem
2341 540 2551 598 invenio
2577 539 2630 594 in
2658 534 2969 593 confusione
2997 535 3050 587 et
3087 528 3316 584 silentio.
3343 525 3408 580 Et
3435 539 3556 579 cono

1969 637 2144 697 sidera
2186 651 2369 693 curam
2416 633 2509 689 Dei
2542 648 2558 688 :
2589 646 2696 685 non
2737 628 2902 684 Evam
2947 624 3189 688 vocavit,
3220 635 3324 674 non
3351 617 3558 672 vocavit

1971 739 2274 802 serpentem
2299 770 2312 793 ,
2345 726 2439 782 sed
2484 725 2574 796 qui
2603 722 2838 778 omnium
2883 717 3151 774 levissime
3199 718 3553 782 peccaverat,

1974 824 2116 879 hunc
2157 820 2225 876 ad
2258 817 2514 889 judicium
2558 814 2784 884 primum
2821 805 3078 870 accersit,
3113 812 3170 858 ut
3215 801 3282 856 ab
3327 815 3393 855 eo
3423 798 3560 853 inci-

1974 917 2126 985 piens
2152 954 2166 976 ,
2199 911 2286 981 qui
2326 909 2501 978 aliqua
2529 912 2736 975 poterat
2763 899 2917 955 venia
2946 896 3124 968 potiri,
3156 893 3312 948 etiam
3362 890 3414 944 in
3442 905 3562 943 eam

1977 1025 2094 1080 quae
2128 1006 2350 1060 multum
2381 1005 2712 1072 peccaverat,
2747 993 3012 1049 mitiorem
3057 988 3189 1042 ferat
3219 982 3562 1038 sententiam.

1985 1101 2054 1156 Et
2078 1097 2283 1170 iudices
2309 1093 2520 1165 quidem
2548 1100 2837 1144 conservos
2861 1097 3008 1146 suos,
3037 1088 3092 1135 et
3118 1077 3354 1148 ejusdem
3385 1087 3566 1127 secum

1985 1201 2188 1246 natura:
2219 1185 2529 1256 participes,
2568 1195 2667 1251 per
2697 1177 2900 1246 seipsos
2928 1167 3218 1228 examinari
3262 1181 3365 1220 non
3405 1163 3570 1218 susti-

1984 1289 2146 1345 nent,
2176 1278 2270 1332 sed
2304 1275 2668 1330 ministrorum
2694 1265 2995 1338 quempiam
3040 1261 3136 1314 sibi
3167 1257 3400 1312 medium
3447 1268 3568 1322 pro-

1988 1377 2283 1439 ponentes,
2313 1359 2751 1430 interregationes
2794 1355 2940 1408 illum
2976 1366 3100 1406 suas
3142 1348 3208 1402 ad
3253 1360 3399 1401 reum
3446 1357 3573 1412 pro-

1987 1437 2124 1520 ferre
2145 1461 2332 1532 iubent
2355 1499 2370 1524 ,
2398 1465 2452 1512 et
2474 1470 2568 1525 per
2597 1453 2767 1523 ipsum
2809 1458 3154 1518 quaecumque
3183 1440 3368 1504 velint,
3389 1437 3575 1491 dicunt

1989 1566 2042 1611 et
2079 1552 2336 1614 audiunt,
2367 1547 2492 1602 dum
2540 1557 2662 1598 reos
2689 1539 3033 1598 examinant;
3064 1535 3203 1588 Deus
3248 1541 3424 1583 autem
3453 1542 3574 1580 me-

1992 1645 2198 1699 diatore
2229 1640 2375 1695 nullo
2401 1636 2467 1691 ad
2502 1633 2772 1690 hominem
2801 1642 2934 1698 opus
2963 1624 3178 1689 habuit,
3211 1620 3303 1676 sed
3344 1620 3457 1688 ipse
3486 1631 3579 1686 per

1993 1736 2223 1804 seipsum
2251 1730 2453 1802 judicat
2474 1769 2490 1795 ,
2521 1734 2575 1780 et
2617 1721 2949 1778 consolatur.
2979 1717 3088 1772 Nec
3128 1715 3227 1768 hoc
3269 1720 3468 1766 tantum
3495 1716 3581 1763 est

1996 1798 2309 1880 admirabile
2331 1863 2346 1887 ,
2391 1817 2485 1874 sed
2511 1817 2672 1872 etiam
2697 1811 2838 1883 quod
2867 1807 3149 1864 commissa
3177 1804 3426 1872 corrigat.
3477 1798 3574 1854 Ju-

1998 1918 2146 1971 dices
2165 1915 2306 1969 enim
2332 1925 2453 1966 cum
2494 1909 2728 1963 latrones
2768 1900 3006 1971 ceperint
3031 1906 3084 1952 et
3121 1895 3443 1962 sacrilegos,
3469 1905 3576 1944 non

1998 2004 2264 2078 quomodo
2315 2003 2459 2071 ipsos
2498 1996 2725 2052 reddant
2761 1991 3010 2047 meliores
3055 1987 3438 2049 considerant,
3485 1979 3582 2036 sed

2001 2072 2269 2166 quomodo
2295 2092 2364 2146 ab
2408 2089 2537 2161 ipsis
2575 2092 2910 2157 peccatorum
2938 2093 3125 2150 pomas
3149 2077 3399 2146 exigant;
3445 2072 3587 2127 Deus

2001 2195 2177 2242 autem
2206 2193 2416 2248 contra,
2445 2193 2565 2235 cum
2592 2178 2820 2245 aliquem
2849 2169 3050 2241 ceperit
3080 2177 3409 2238 peccatorem
3431 2203 3447 2229 ,
3475 2175 3580 2216 non

2003 2275 2306 2334 considerat
2330 2268 2597 2342 quomodo
2624 2274 2798 2320 sumat
2827 2260 3171 2331 supplicium,
3197 2254 3290 2311 sed
3323 2250 3590 2324 quomodo

2005 2369 2178 2439 ipsum
2202 2365 2468 2435 corrigat,
2497 2370 2551 2416 et
2569 2358 2842 2414 meliorem
2889 2353 3045 2408 faciat
3069 2358 3124 2406 et
3151 2348 3204 2404 in
3234 2346 3471 2402 futurum
3509 2343 3590 2397 in-

2006 2435 2433 2532 expugnabilem.
2461 2454 2641 2524 Itaque
2667 2460 2720 2506 et
2751 2447 2917 2519 judex
2951 2443 3147 2515 pariter
3167 2483 3183 2508 ,
3214 2447 3268 2496 et
3307 2435 3548 2492 medicus
3569 2474 3589 2500 ,

2008 2563 2063 2611 et
2078 2527 2343 2623 magister
2368 2556 2450 2602 est
2479 2546 2620 2601 Deus
2642 2560 2656 2597 :
2678 2540 2874 2598 etenim
2905 2547 3173 2606 tamquam
3197 2531 3360 2603 judex
3379 2527 3586 2584 exami-

2012 2654 2124 2708 nat,
2157 2652 2211 2700 et
2235 2653 2502 2711 tamquam
2548 2635 2788 2691 medicus
2821 2628 3078 2701 corrigit,
3104 2635 3159 2682 et
3183 2635 3450 2693 tamquam
3479 2633 3595 2674 ma-

2011 2737 2175 2806 gister
2202 2709 2378 2796 docet,
2409 2728 2785 2799 praavaricatos
2813 2721 2862 2775 in
2891 2733 3103 2774 omnem
3138 2713 3471 2783 disciplinam
3511 2709 3594 2763 in-

2014 2829 2236 2883 ducens.
2269 2823 2325 2878 Si
2365 2798 2490 2876 vero
2525 2832 2686 2872 unum
2723 2822 2778 2870 et
2807 2813 2967 2868 breve
3009 2808 3226 2863 verbum
3259 2812 3457 2857 tantam
3507 2798 3597 2856 Dei

2016 2934 2198 2976 curam
2229 2911 2633 2976 demonstravit,
2655 2907 2781 2980 quid
2810 2907 2854 2961 si
2894 2913 3056 2958 totam
3085 2901 3233 2955 vobis
3275 2898 3422 2953 litem
3452 2896 3598 2963 lege—

2022 3023 2225 3076 remus,
2254 3016 2308 3062 et
2336 3007 2538 3074 integra
2563 3001 2951 3070 explicaremus
2979 2999 3322 3048 monumenta
3347 2989 3369 3040 ‘3
3411 2984 3602 3040 Cernis

2020 3074 2288 3169 quomodo
2319 3104 2427 3149 tota
2454 3092 2726 3160 Scriptura
2755 3084 3049 3143 consolatio
3073 3089 3154 3136 est
3183 3091 3234 3134 et
3261 3075 3558 3133 exhortatio
3576 3074 3602 3128 3

2021 3193 2090 3248 Et
2115 3192 2215 3245 hoc
2238 3187 2451 3259 quidem
2481 3197 2715 3253 congruo
2754 3190 2992 3246 tempore
3019 3174 3258 3228 dicemus
3289 3188 3302 3222 :
3331 3177 3454 3220 ante
3493 3165 3604 3218 haec

2022 3293 2199 3337 autem
2228 3277 2587 3334 necessarium
2617 3281 2698 3327 est
2725 3270 2905 3325 dicere
2929 3306 2946 3333 ,
2971 3264 3182 3336 quando
3211 3261 3346 3315 liber
3371 3259 3456 3312 hic
3487 3255 3604 3311 edi-

2027 3385 2112 3432 tus
2159 3375 2299 3429 fuit:
2332 3387 2437 3427 non
2483 3369 2625 3424 enim
2673 3366 2725 3420 in
2767 3361 3061 3434 principio,
3108 3372 3214 3411 non
3261 3353 3440 3407 statim
3488 3359 3608 3419 post

2028 3468 2196 3524 Adam
2242 3464 2357 3518 haec
2401 3461 2595 3528 scripta
2625 3464 2788 3520 sunt,
2817 3451 2911 3507 sed
2939 3456 3055 3520 post
3083 3447 3276 3501 multas
3303 3440 3605 3513 generatio-

2030 3575 2127 3615 nes
2154 3575 2166 3610 :
2195 3565 2249 3612 et
2279 3567 2459 3623 opem
2495 3549 2719 3620 pretium
2746 3552 2823 3600 est
2846 3554 3087 3613 quaerere
3107 3580 3120 3603 ,
3153 3552 3250 3591 cur
3277 3543 3390 3603 post
3417 3532 3612 3585 multas

2031 3647 2437 3721 generationes,
2479 3648 2535 3694 et
2587 3653 2682 3694 cur
2718 3634 2932 3699 tandem
2978 3630 3177 3685 Judmis
3219 3627 3531 3687 dumtaxat,
3557 3628 3613 3673 et

2033 3757 2140 3797 non
2164 3737 2411 3794 omnibus
2456 3727 2799 3786 hominibus?
2839 3740 2936 3780 cur
2972 3721 3227 3777 Hebraica
3275 3718 3446 3785 lingua
3471 3755 3486 3774 ,
3519 3727 3615 3766 cur

2035 3835 2088 3889 in
2119 3831 2330 3887 deserto
2359 3827 2485 3882 Sina
2510 3824 2533 3877 Ἰ
2557 3823 2740 3892 Neque
2765 3819 2906 3874 enim
2936 3814 3246 3884 simpliciter
3273 3810 3448 3864 locum
3471 3809 3614 3874 Apo-

2037 3922 2206 3980 stolus
2235 3914 2614 3989 praetercurrit,
2641 3911 2736 3968 sed
2759 3920 2813 3965 et
2834 3909 2884 3962 in
2917 3909 3016 3961 hoc
3043 3917 3285 3974 magnam
3309 3899 3465 3954 nobis
3489 3911 3617 3951 con-

2039 4011 2434 4082 templationem
2461 4005 2818 4064 demonstrat,
2841 3999 2919 4052 sic
2941 3997 3161 4051 dicens:
3197 3991 3320 4045 Ha'c
3347 3990 3479 4042 enim
3517 3987 3618 4038 duo

2041 4103 2682 4165 Testamentasunt,unum
2709 4109 2741 4145 a
2778 4098 2947 4144 monte
2985 4086 3114 4142 Sina
3141 4085 3194 4137 in
3222 4082 3504 4137 servitutem
3528 4093 3618 4148 ge-

2043 4210 2226 4250 nerans
2254 4189 2408 4264 (Gal.
2434 4189 2487 4243 4.
2513 4188 2628 4258 24).

2118 4289 2171 4343 5.
2201 4259 2450 4336 consueta
2469 4279 2536 4331 ad
2553 4279 2839 4348 juramenta
2867 4269 3070 4324 vitanda
3093 4265 3471 4322 exhortatio.—
3486 4259 3624 4328 Quin

2047 4386 2102 4432 et
2128 4375 2229 4429 alia
2269 4374 2417 4442 plura
2443 4383 2682 4440 quzerere
2722 4364 3080 4420 necessarium
3124 4370 3306 4424 esset;
3350 4355 3443 4410 sed
3472 4354 3628 4408 video

2051 4478 2259 4536 tempus
2287 4463 2437 4518 nobis
2481 4477 2583 4516 non
2612 4459 2920 4530 permittere
2942 4465 3000 4509 ut
3024 4466 3326 4508 sermonem
3358 4456 3505 4502 tanto
3528 4459 3626 4516 pe-

2051 4558 2172 4626 lago
2197 4557 2625 4608 committamus:
2658 4550 2777 4604 ideo
2801 4549 2881 4602 his
2914 4548 2967 4601 in
2993 4558 3283 4615 congruum
3308 4550 3515 4608 tempus
3541 4537 3629 4591 di—

2054 4649 2193 4714 latis,
2223 4647 2412 4700 iterum
2441 4645 2506 4699 de
2531 4642 2742 4714 jurandi
2768 4638 3084 4697 abstinentia
3108 4637 3257 4690 vobis
3284 4634 3633 4696 disseremus,

2053 4751 2107 4797 et
2133 4736 2441 4809 rogabimus
2455 4738 3108 4796 charitatemvestram,ut
3129 4727 3298 4782 multo
3334 4725 3476 4780 circa
3501 4721 3639 4775 hanc

2057 4846 2170 4888 rem
2219 4830 2400 4890 studio
2441 4839 2636 4883 utatur.
2667 4822 2944 4891 Quomodo
2970 4821 3111 4875 enim
3161 4833 3266 4872 non
3307 4814 3593 4870 absurdum
3619 4851 3638 4877 ,

2058 4939 2272 4980 servum
2317 4920 2527 4992 quidem
2571 4933 2677 4971 non
2713 4915 2906 4970 audere
2944 4911 3217 4968 dominum
3249 4907 3560 4963 nominatim
3587 4914 3645 4959 et

2064 5017 2182 5073 sine
2225 5013 2441 5070 honoris
2486 5009 2791 5080 praefatione
2831 5006 3130 5076 appellare,
3161 5003 3468 5072 angelorum
3514 5012 3646 5054 vero

2064 5106 2348 5163 Dominum
2379 5111 2578 5156 temere
2619 5107 2674 5153 et
2714 5095 3054 5167 contemptim
3086 5093 3281 5162 ubique
3322 5090 3563 5162 jactare?
3591 5099 3650 5144 et

2068 5199 2115 5255 Ii
2139 5194 2474 5265 Evangelium
2500 5190 2710 5261 quidem
2739 5203 2931 5258 capere
2956 5194 3198 5254 Oporteat
3226 5181 3468 5238 manibus
3501 5179 3648 5248 lotis,

2069 5301 2266 5347 etcum
2297 5285 2461 5340 multa
2496 5281 2792 5338 reverentia
2829 5288 2882 5334 et
2916 5276 3173 5347 religione
3213 5285 3448 5329 tremens
3482 5278 3538 5326 et
3582 5271 3652 5325 tio

2071 5395 2223 5438 mens
2248 5379 2444 5443 sumis,
2480 5374 2752 5446 Evangelii
2779 5387 2906 5428 vero
2937 5370 3217 5425 Dominum
3244 5377 3444 5423 temere
3473 5365 3654 5435 lingua

2074 5471 2268 5542 passim
2298 5467 2524 5523 versas?
2553 5466 2645 5521 Vis
2689 5465 2896 5519 discere
2935 5459 3203 5532 quomodo
3245 5459 3416 5528 ipsum
3467 5453 3653 5525 appel-

2077 5565 2188 5619 lant
2223 5575 2466 5630 superna:
2487 5557 2722 5612 Virtutes
2744 5595 2761 5622 ,
2782 5569 2903 5610 cum
2931 5560 3128 5623 quanto
3154 5559 3387 5604 tremore
3407 5588 3421 5614 ,
3451 5554 3653 5615 quanto

2076 5655 2299 5708 horrore
2324 5693 2338 5717 ,
2364 5657 2557 5722 quanta
2593 5642 2992 5702 admiratione?
3030 5641 3144 5696 Vidi
3173 5640 3444 5694 Dominum
3485 5635 3657 5690 seden-

2079 5757 2198 5814 tem,
2230 5745 2418 5814 inquit,
2443 5743 2499 5796 in
2526 5741 2708 5795 throno
2732 5741 2837 5792 alto
2865 5747 2911 5793 et
2936 5737 3156 5802 elevato,
3188 5742 3235 5787 et
3265 5729 3535 5800 Serapliim
3559 5737 3667 5782 ua-

2083 5841 2200 5897 bant
2228 5840 2362 5893 circa
2404 5835 2595 5908 ipsum,
2615 5843 2660 5888 et
2693 5831 2976 5890 clamabant
3002 5830 3132 5884 alter
3154 5830 3220 5880 ad
3246 5825 3477 5889 alterum,
3509 5830 3555 5876 et
3580 5819 3665 5876 di—
