3932 6222
97 382 165 440 95
1123 366 1216 428 AD
1253 369 1587 430 POPULL'M
1617 365 2121 426 ANTIOCHENL‘M
2163 365 2410 424 HOMIL.
2440 365 2552 423 VH.
3491 368 3560 427 96

97 495 166 548 τά
195 495 410 566 ῥήματα
429 494 682 558 ἀπαντα;
717 491 758 564 ή.
773 486 966 563 πρώτη
1005 489 1101 559 μὲν
1121 483 1234 542 οὖν*
1252 489 1411 560 ρῆσις
1448 486 1651 550 εὐθέως
1676 487 1774 539 αὑ-

88 582 185 635 τοῦ
213 583 277 636 τό
309 579 530 652 φίλτρον
569 579 847 650 ἐνέφηνεν.
877 577 955 632 Οὑ
999 578 1109 649 γὰρ
1141 573 1262 630 εἷπε
1286 617 1299 641 ,
1334 575 1586 647 καθάπερ
1629 575 1777 638 εἰκὸς

87 665 158 740 ἦν
189 669 516 741 ὑϐρισμένον
546 670 719 720 εἰπεῖν
739 684 752 697 ·
778 664 847 719 Ὦ
888 667 1050 737 μιαρὲ
1071 707 1084 731 ,
1118 665 1212 719 καὶ
1241 663 1554 735 παμμίαρε,
1585 661 1773 716 τοιαύ-

89 776 192 823 της
217 756 529 821 ἀπολαύσας
557 756 769 819 εὐνοίας
798 757 926 827 παρ’
951 753 1109 825 ἐμοῦ,
1141 752 1380 825 τοσαύτῃ
1400 751 1652 824 τιμηθεὶς
1687 750 1780 822 βα·

93 847 294 916 σιλεία,
323 847 419 899 καὶ
451 845 560 898 τῶν
593 845 686 897 ἐπὶ
713 844 813 915 τῆς
835 842 940 914 γῆς
973 841 1332 914 προτιμηθείς
1368 841 1624 894 ἁπάντων
1661 840 1778 893 ἀντ’

93 936 308 1000 οὑδενὸς
350 933 806 1006 κατορθώματος,
851 934 948 986 καὶ
981 931 1070 986 διὰ
1106 932 1216 984 τῶν
1243 930 1419 1002 ἐργων
1471 928 1653 984 αὑτῶν
1693 930 1780 982 ἐν-

94 1026 268 1096 έχυρα
317 1023 499 1078 λαϐὼν
530 1023 630 1093 τῆς
671 1022 812 1093 ἐμῆς
843 1019 1192 1091 κηδεμονίας,
1228 1021 1326 1073 καὶ
1373 1019 1474 1089 τῆς
1521 1019 1780 1090 προνοίας

92 1111 366 1176 ἀπόδειξιν
398 1110 574 1181 ἀληθῆ
600 1149 615 1175 ,
645 1109 880 1180 πονηρὸν
911 1107 1141 1179 δαίμονα
1165 1108 1259 1162 καὶ
1284 1107 1541 1176 λυμεῶνα
1565 1106 1660 1160 καὶ
1682 1109 1780 1177 τῆς

95 1204 196 1273 σῆς
253 1201 446 1273 ἐχθρὸν
501 1199 778 1270 σωτηρίας
830 1197 1271 1269 ἀξιοπιστότερον
1327 1196 1590 1266 ἐποίησας
1618 1208 1644 1236 α
1683 1195 1778 1250 τοῦ

93 1289 367 1343 Δεσπότου
404 1288 501 1341 καὶ
528 1285 856 1358 κηδεμόνος;
891 1284 944 1338 τί
972 1302 1055 1338 σοι
1081 1283 1320 1338 τοιοῦτον
1343 1285 1551 1348 ἐκεῖνος
1579 1283 1780 1350 ἔδειξεν

90 1373 204 1432 οἷον
253 1376 404 1447 ἐγώ;
438 1376 559 1447 οὑχὶ
586 1375 677 1429 τὸν
728 1373 954 1446 οὐρανὸν
984 1373 1218 1443 ἐποίησα
1261 1372 1350 1426 διὰ
1379 1371 1474 1438 σέ;
1513 1371 1610 1442 τὴν
1652 1372 1776 1443 γῆν,

88 1471 192 1538 τζδν
213 1465 508 1530 θάλατταν,
539 1464 630 1516 τὸν
647 1463 820 1534 ἥλιον,
855 1461 956 1534 τὴν
978 1461 1208 1532 σελήνην
1233 1499 1247 1524 ,
1280 1459 1349 1513 τὰ
1376 1458 1552 1531 ἄστρα
1577 1459 1776 1524 πάντα;

87 1555 152 1610 οὑ
182 1553 296 1626 γάρ
335 1553 506 1624 δήπου
539 1550 648 1604 τῶν
695 1549 944 1618 ἀγγέλων
974 1548 1120 1610 τινὲς
1164 1547 1370 1618 ταύτης
1423 1545 1632 1599 ἐδέοντο
1679 1546 1779 1616 τῆς

87 1642 456 1715 δημιουργίας
479 1682 495 1707 ,
527 1639 663 1695 ἀλλά
704 1639 794 1693 διὰ
829 1637 889 1691 σέ
925 1638 1020 1691 καὶ
1065 1637 1164 1708 τὴν
1208 1636 1517 1692 ἀνάπαυσιν
1545 1634 1646 1706 τὴν
1679 1633 1778 1706 σὴν

87 1731 184 1786 τὸν
209 1729 462 1785 τοσοῦτον
492 1729 587 1783 καὶ
613 1726 928 1799 τηλικοῦτον
967 1725 1202 1796 ἐποίησα
1233 1725 1438 1795 κόσμον
1463 1739 1478 1754 ο
1521 1723 1616 1776 καὶ
1646 1720 1779 1791 ψιλά

89 1823 343 1894 ῥήματα,
372 1820 468 1874 καὶ
514 1818 808 1888 ὑπόσχεσιν
831 1815 1002 1888 ψευδῆ
1027 1856 1042 1883 ,
1087 1815 1182 1869 καὶ
1205 1812 1538 1883 ἐπαγγελίαν
1561 1811 1778 1882 ἀπάτης

87 1911 370 1982 γέμουσαν
392 1950 408 1974 ,
446 1910 546 1980 τῆς
586 1908 673 1962 διά
713 1906 823 1961 τῶν
854 1907 1031 1979 ἔργων
1063 1903 1382 1976 εὐεργεσίας
1420 1920 1479 1955 τε
1505 1901 1599 1956 καὶ⁵
1645 1916 1780 1969 προ-

88 1999 245 2063 νοίας
271 1997 718 2068 ἀξιοπιστοτέραν
745 1994 975 2066 νομίσας
1005 1988 1166 2060 εῖναι,
1196 1991 1391 2063 ἐκείνῳ
1419 1989 1616 2044 σαυτὸν
1644 1987 1777 2042 ἐδω-

89 2104 196 2150 κας
219 2125 235 2148 ,
269 2087 364 2140 καὶ
389 2086 516 2150 τοὺς
543 2085 708 2156 ἐμοὺς
734 2081 1121 2153 κατεπάτησας
1147 2081 1381 2152 νόμους;

163 2175 349 2228 Ταῦτα
373 2174 483 2245 γὰρ
527 2173 622 2227 καὶ
664 2171 886 2228 πλείονα
915 2169 1119 2223 τούτων
1150 2169 1240 2222 τὸν
1272 2166 1597 2240 ὑϐρισμένον
1632 2163 1784 2226 είκὸς

85 2257 159 2333 ἦν
184 2263 362 2316 εἰπεῖν
384 2279 398 2293 ο
426 2262 541 2316 ἀλλ’
568 2262 668 2332 οὐχ
691 2263 720 2314 6
739 2260 871 2322 Θεὸς
886 2257 1081 2322 οὕτως,
1105 2256 1242 2311 ἀλλά
1268 2253 1582 2334 τούναντίον
1609 2253 1776 2307 ἅπαν.

100 2351 240 2404 Ἀπὸ
287 2350 398 2423 γὰρ
444 2349 544 2422 τῆς
587 2347 814 2422 πρώτης
853 2347 1039 2418 φωνῆς
1072 2345 1277 2408 εὐθέως
1306 2343 1468 2398 αὐτὸν
1512 2341 1779 2411 ἀνέστησε

89 2439 379 2510 κείμενον,
426 2437 522 2490 καὶ
571 2436 846 2491 δεδοικότα
902 2435 998 2488 καὶ
1048 2433 1324 2506 τρέμοντα
1357 2431 1584 2504 θαρρεῖν
1633 2444 1778 2501 παρ-

86 2526 358 2583 εσκεύασε
392 2525 610 2599 πρῶτος
657 2524 823 2579 αὑτὸν
887 2522 1125 2585 καλέσας
1153 2520 1316 2584 αὑτός
1339 2536 1354 2550 ο
1385 2518 1586 2590 μᾶλλον
1622 2517 1680 2571 δέ
1715 2517 1777 2570 οὑ

86 2616 168 2689 τῷ
189 2615 420 2671 καλέσαι
454 2613 670 2686 πρῶτος
691 2654 706 2679 ,
737 2611 873 2667 ἀλλά
895 2613 988 2665 καὶ
1021 2609 1098 2680 τῷ
1128 2609 1449 2680 προσειπεῖν
1477 2606 1640 2660 αὑτὸν
1668 2603 1779 2660 ἀπὸ

84 2705 190 2777 τῆς
209 2702 380 2758 αὐτοῦ
411 2700 784 2775 προσηγορίας
805 2699 899 2754 καὶ
931 2700 1128 2752 εἰπεῖν’
1167 2695 1361 2766 Ἀδὰμ,
1389 2695 1509 2750 ποῦ
1533 2690 1622 2758 sl;
1645 2692 1782 2747 ἐδει-

88 2791 180 2859 εεν
225 2791 393 2847 αὑτοῦ
440 2791 502 2846 τὸ
536 2790 790 2863 φίλτρον,
828 2790 922 2843 καὶ
951 2789 1051 2860 τὴν
1088 2785 1288 2858 πολλὴν
1323 2786 1453 2857 περὶ
1484 2784 1646 2848 αὑτὸν
1675 2781 1768 2854 κη-

87 2879 368 2950 δεμονίαν.
400 2879 545 2932 Ἱστε
589 2875 699 2947 γάρ
721 2876 896 2948 δήπου
929 2875 1159 2939 πάντες,
1195 2873 1277 2926 ὅτι
1324 2871 1507 2942 φιλίας
1547 2869 1779 2940 γνησίας

90 2969 208 3022 ἐστί
249 2966 412 3022 τοῦτο
440 2966 774 3039 τεκμήριονο
807 2964 948 3018 οῦτω
983 2962 1078 3015 καὶ
1116 2963 1166 3014 οἱ
1205 2958 1604 3022 ἀνακαλοῦντες
1652 2959 1779 3020 τοὺς

91 3056 549 3127 τετελευτηκότας
601 3053 826 3108 εἰώθασι
877 3053 1089 3118 ποιεῖν,
1139 3048 1377 3120 συνεχῶς
1427 3047 1496 3101 τὰ
1540 3046 1779 3116 ὀνόματα

92 3144 272 3198 αὑτῶν
305 3143 761 3215 περιστρέφοντες
780 3181 794 3204 ,
816 3140 890 3203 ὡς
917 3139 970 3192 οἵ
996 3155 1061 3207 γε
1091 3136 1374 3208 μισοῦντες
1401 3134 1495 3188 καὶ
1521 3131 1777 3203 ἀπεχθῶς

93 3234 228 3304 πρὸς
256 3249 407 3295 τινας
440 3232 656 3301 ἔχοντες
673 3268 688 3292 ,
723 3227 844 3281 οὑδέ
869 3226 934 3279 τά
962 3225 1205 3297 ὀνόματα
1228 3221 1641 3294 ἀναμνησθῆναι
1668 3220 1778 3274 τῶν

91 3318 472 3388 λελυπηκὶτων
522 3314 822 3386 ἀνέχονται.
867 3313 925 3368 ’0
957 3313 1090 3382 γοῦν
1131 3312 1303 3366 Σαοὺλ
1350 3309 1631 3381 ἀδικηθεὶς
1681 3309 1778 3379 μὲν

87 3406 261 3473 οὐδὲν,
297 3400 468 3457 πολλά
486 3401 543 3455 δὲ
567 3401 662 3455 καὶ⁹
697 3401 906 3472 μεγάλα
934 3399 1026 3453 τὸν
1054 3397 1216 3452 Δαυῖδ
1253 3399 1521 3470 ἀδικήσας
1541 3439 1555 3461 ,
1588 3394 1776 3466 ἐπειδὴ

91 3493 258 3550 αὑτὸν
307 3489 680 3562 ἀπεστρέφετο
728 3489 822 3542 καὶ
852 3488 1068 3558 ἐμίσει,
1100 3487 1222 3541 οὑδέ
1269 3487 1368 3559 τῆς
1404 3483 1777 3556 προσηγορίας

89 3579 259 3635 αὑτοῦ
324 3577 739 3652 ἀναμνησθῆναι
803 3575 1048 3647 ἀνείχετο
1074 3615 1089 3641 ,
1146 3574 1283 3629 ἀλλά
1346 3572 1778 3644 συγκαθημένων

92 3669 373 3731 ἁπάντων,
400 3665 587 3737 ἐπειδὴ
638 3663 1084 3736 παραγενόμενον
1135 3662 1236 3716 οὑκ
1279 3657 1450 3728 εἶδεν,
1494 3661 1548 3714 τί
1577 3675 1775 3732 φησιν;

92 3758 205 3810 οὐκ
239 3751 362 3808 εἶπε
386 3793 402 3818 ,
446 3753 557 3806 Ποῦ
601 3751 718 3806 ἐστι
757 3751 953 3817 Δαϐίδ;
991 3750 1164 3816 ἀλλά,
1210 3751 1334 3805 Ποῦ
1373 3752 1543 3805 ἐστιν
1574 3752 1606 3804 ό
1650 3748 1780 3815 υἱὸς

105 3847 327 3901 Ἰεσσαί
341 3861 361 3907 ;
395 3843 503 3898 άπὸ
531 3842 624 3896 τοῦ
655 3842 863 3912 πατρὸς
891 3840 1054 3896 αὑτὸν
1084 3841 1340 3905 καλέσας.
1380 3839 1490 3894 Καὶ
1515 3837 1630 3912 [89]
1675 3839 1780 3893 πά-

92 3934 172 3987 λιν
197 3936 247 3987 οἱ
283 3931 530 3986 Ἰουδαῖοι
551 3930 644 3982 ἐπὶ
667 3927 761 3982 τοῦ
788 3927 1026 4000 Χριστοῦ
1049 3927 1112 3980 τὸ
1135 3928 1267 3981 αὑτὸ
1289 3926 1533 3981 ποιοῦσιν
1553 3945 1564 3956 ·
1591 3925 1778 3998 ἐπειδὴ

91 4024 201 4095 γὰρ
227 4020 393 4076 αὑτὸν
429 4021 837 4091 ἀπεστρέφοντο
876 4017 971 4071 καὶ
1003 4017 1226 4089 ἐμίσουν
1249 4057 1264 4081 ,
1297 4017 1399 4071 οὑκ
1449 4013 1622 4083 εἷπον,
1666 4015 1778 4070 Ποῦ

90 4112 240 4165 ἐστιν
264 4112 294 4165 6
321 4110 592 4182 Χριστός;
627 4108 784 4174 ἀλλά,
825 4107 950 4162 Ποῦ
982 4106 1154 4162 ἐστιν
1176 4107 1411 4173 ἐκεῖνος
1427 4122 1448 4172 ;

162 4201 226 4255 δ’.
258 4198 398 4252 Ἀλλ’
414 4199 443 4250 6
467 4197 599 4261 Θεὸς
617 4199 718 4252 κάν
737 4196 913 4268 τούτῳ
939 4195 1259 4268 βουλόμενος
1275 4195 1463 4261 δεῖξαι,
1485 4195 1566 4250 δτι
1585 4193 1646 4248 τὸ
1661 4192 1781 4265 φίλ-

96 4305 221 4362 τρον
250 4289 354 4342 οὑκ
398 4286 622 4340 ἔσϐεσεν
655 4288 688 4358 ή
725 4286 971 4358 ἁμαρτία
994 4326 1010 4349 ,
1044 4285 1165 4339 οὑδέ
1197 4284 1294 4355 τὴν
1328 4285 1467 4358 πρὸς
1496 4284 1660 4339 αὑτὸν
1690 4281 1786 4337 εὑ-

98 4395 246 4432 νοιαν
277 4377 487 4430 ἀνεῖλεν
509 4377 544 4446 ή
571 4374 846 4446 παρακοὴ,
881 4374 994 4428 ἀλλ’
1020 4372 1100 4427 ἐτι
1126 4375 1348 4446 προνοεῖ
1379 4373 1474 4426 καὶ
1499 4372 1726 4443 κήδεται
1751 4372 1779 4413 ι’

96 4466 190 4519 τοῦ
214 4464 718 4537 περιπεπτωκότας,
743 4463 907 4533 φησίν
927 4478 942 4493 ·
974 4460 1176 4532 Ἀδὰμ,
1199 4461 1318 4516 ποῦ
1330 4457 1416 4524 el;
1441 4462 1543 4516 οὐκ
1567 4460 1779 4530 ἀγνοῶν

95 4555 228 4608 ὅπου
256 4553 548 4626 διέτριϐεν,
590 4551 704 4606 ἀλλ’
728 4550 917 4621 ἐπειδὴ
949 4553 1062 4614 τοῖς
1105 4549 1482 4622 ήμαρτηκόσιν
1511 4549 1780 4621 ἔρραπται

93 4646 156 4696 τὸ
187 4643 366 4714 στόμα
387 4683 404 4709 ,
434 4641 535 4712 τῆς
574 4639 850 4713 ἁμαρτίας
875 4637 1328 4710 ἀποστρεφούσης
1363 4637 1463 4710 τὴν
1506 4637 1778 4707 γλῶσσαν,

97 4734 192 4786 καὶ
215 4730 309 4784 τοῦ
334 4728 635 4793 συνειδότος
662 4727 834 4799 αὑτῆς
863 4726 1368 4798 ἐπιλαμϐανομένου
1389 4765 1404 4791 ,
1447 4727 1544 4780 καὶ⁴
1591 4727 1782 4797 μένου-

97 4838 182 4874 σιν
204 4820 428 4891 ἀχανεῖς
451 4819 502 4871 οί
527 4817 774 4883 τοιοῦτοι,
809 4815 998 4888 ὥσπερ
1019 4816 1126 4870 τινὶ
1147 4814 1332 4886 δεσμῷ
1363 4818 1428 4888 τῇ
1487 4818 1612 4888 σιγῇ
1646 4834 1780 4870 κατ-

95 4909 372 4978 ἐχόμενοι.
416 4905 747 4976 Βουλόμενος
784 4905 814 4958 6
848 4903 979 4966 Θεὸς
1011 4905 1092 4966 είς
1135 4904 1448 4975 παρρησίαν
1491 4904 1653 4958 αὑτὸν
1692 4906 1784 4957 ἐκ-

97 4994 430 5051 καλέσασθαι
471 4993 756 5061 διαλέξεως
788 5001 835 5057 α,
876 4991 971 5044 καὶ
1017 4989 1196 5044 δοῦναι
1252 4990 1473 5063 θαρρεῖν
1499 5030 1514 5056 ,
1561 4991 1654 5044 καὶ
1702 4993 1782 5056 εἰς

96 5083 398 5153 ἀπολογίαν
444 5074 518 5136 ὦν
561 5081 810 5154 ἥμαρτεν
848 5078 1106 5151 ἐμϐαλεῖν
1125 5120 1140 5145 ,
1186 5078 1273 5131 ἵνα
1315 5078 1460 5144 τινὸς
1497 5079 1783 5154 ἀπολαύσῃ

99 5171 469 5243 συγγνώμης,
521 5170 784 5242 πρότερος
831 5169 992 5234 αὐτὸς
1041 5166 1204 5222 αὑτὸν
1252 5168 1477 5222 ἐκάλεσε
1500 5208 1516 5234 ,
1543 5169 1606 5222 τὸ
1644 5170 1780 5225 πολὺ

95 5264 196 5334 τῆς
243 5261 486 5331 ἀγωνίας
536 5259 974 5330 ὑποτεμνόμενος
1008 5259 1076 5329 τῇ
1130 5258 1472 5330 προσηγορίᾳ
1492 5297 1507 5323 ,
1560 5258 1655 5312 καὶ
1690 5258 1783 5313 τὸν

100 5350 266 5418 φόϐον
294 5347 634 5411 ἀπελαύνων,
664 5347 760 5401 καὶ
785 5347 846 5399 τὸ
871 5344 1046 5416 στόμα
1069 5344 1160 5399 διὰ
1191 5344 1396 5416 ταύτης
1425 5343 1657 5414 ἀνοίγων
1681 5345 1783 5416 τῆς

101 5438 372 5508 κλήσεως.
400 5434 490 5488 Διὸ
521 5435 615 5488 καὶ
640 5432 844 5502 ἔλεγεν·
864 5432 1056 5503 Ἀδὰμ,
1085 5432 1204 5488 ποῦ
1237 5429 1333 5495 sl;
1361 5432 1624 5505 Ἑτέρωθι
1651 5451 1784 5488 κατ-

106 5525 286 5580 ἐλιπόν
327 5541 410 5587 σε,
439 5525 593 5595 φησὶ,
632 5524 728 5577 καὶ
774 5521 1000 5593 ἑτέρωθι
1057 5521 1154 5577 νῦν
1193 5522 1458 5594 εὑρίσκω·
1492 5523 1785 5578 κατέλιπόν

107 5631 163 5668 σε
198 5617 257 5669 ἐν
292 5613 581 5687 παρρησίᾳ¹
611 5613 708 5668 καὶ
731 5611 890 5685 δόξῃ,
927 5612 1021 5665 καὶ
1059 5611 1299 5684 εὑρίσκω
1346 5611 1442 5667 νῦν
1489 5614 1547 5666 ἐν
1589 5613 1786 5686 ἀτιμίᾳ

107 5707 194 5761 καὶ
241 5707 393 5776 σιγῇ.
435 5703 549 5758 Καὶ
588 5704 778 5756 σκόπει
812 5700 948 5755 Θεοῦ
1009 5701 1369 5774 κηδεμονίανυ
1419 5702 1518 5757 οὑκ
1557 5702 1783 5760 ἐκάλεσε

165 5916 193 5947 ³
217 5915 352 5965 Savii
400 5920 453 5963 et
471 5912 554 5964 alii
576 5913 773 5975 quidam
799 5909 1034 5969 ἐποιήσω.

166 5975 196 6039 Ῑξ
221 5978 320 6026 Mii
345 5977 469 6039 ἀλλὰ
490 5976 705 6039 προνοῶν
727 5975 1104 6039 καὶᾼκηδόμενος.

178 6037 200 6064 ⁸
216 6039 354 6091 Savil
395 6036 590 6116 diver'so
617 6047 787 6099 sensu,
814 6036 890 6085 διὰ
915 6041 996 6094 τῆς
1022 6037 1282 6094 διαλέξιως.
1513 6047 1575 6062 ηδ
1689 6043 1692 6047 ·

1882 483 2172 556 τὴννΕὒαν,
2211 483 2564 539 οὑκέκάλεσε
2587 481 2678 537 τὸν
2708 481 2854 553 ὅφιν,
2886 483 3023 538 ἀλλὰ
3041 485 3133 540 τὸν
3158 483 3412 541 ἁπάντων
3440 500 3564 539 κου-

1886 573 2119 644 φότερον
2139 573 2518 644 ἡμαρτηκότα,
2547 569 2848 634 τοῦτον-είς
2875 571 2938 624 τὸ
2967 571 3325 644 δικαστήριον
3353 573 3566 640 εἰσάγει

1885 661 2183 733 πρότερον,
2226 661 2316 714 ἴνα
2342 661 2448 714 ἀπὸ
2484 659 2579 714 τοῦ
2617 659 2916 731 δυναμένου
2950 664 3285 733 συγγνώμης
3320 659 3563 714 ἀπολαῦ-

1881 749 1971 803 σαί
2003 767 2148 814 τινος
2183 749 2527 820 ἀρξάμενος,
2579 747 2937 822 ήμερωτέραν
2985 748 3184 820 ἐνέγκῃ
3237 749 3338 820 τὴν
3387 748 3565 819 ψῆφον

1878 837 1973 891 καὶ
2005 837 2142 910 πρὸς
2171 837 2270 909 τὴν
2313 835 2524 908 μεγάλα
2562 835 3000 908 ἐξαμαρτοῦσαν.
3040 837 3153 891 Καὶ
3181 836 3436 890 δικασταὶ
3465 838 3566 908 μὲν

1876 921 1970 979 οῦν
2008 926 2136 990 τοὺς
2161 923 2482 988 συνδούλους
2513 925 2639 986 τοὺς
2669 924 2882 978 ἑαυτῶν
2909 924 3004 979 καὶ
3041 924 3141 996 τῆς
3172 925 3346 997 αὑτῆς
3382 927 3566 989 αὑτοῖς

1879 1012 2270 1078 κοινωνοῦντας
2308 1014 2524 1083 φύσεως
2560 1013 2662 1066 οὐκ
2693 1011 2976 1084 ἀνέχονται
3021 1013 3088 1067 δι’
3123 1012 3338 1066 ἑαυτῶν
3379 1012 3566 1078 ἐξετά-

1880 1101 1993 1166 ζειν
2014 1143 2027 1167 ,
2065 1101 2202 1157 ἀλλά
2255 1102 2418 1174 μέσον
2447 1100 2571 1155 τινὰ
2598 1101 2707 1155 τῶν
2745 1101 3179 1173 διακονουμένων
3213 1102 3399 1166 αὑτοῖς
3433 1119 3567 1172 προ-

1879 1190 2233 1263 ϐαλλόμενοι,
2273 1191 2371 1255 τάς
2404 1189 2614 1244 ἑαυτῶν
2646 1189 2943 1262 ἐρωτήσεις
2970 1191 3178 1244 ἐκεῖνον
3209 1191 3563 1262 παρασκευά-

1879 1278 2030 1344 ζουσι
2057 1279 2390 1344 διαϐιϐάζειν
2423 1280 2560 1351 πρὸς
2589 1279 2679 1334 τὸν
2708 1279 3020 1344 κατάδικον,
3054 1278 3150 1332 καὶ
3187 1279 3255 1333 δι’
3281 1279 3444 1333 αὑτοῦ
3479 1279 3566 1332 λέ-

1878 1384 2037 1436 γουσι
2095 1369 2190 1422 καὶ
2221 1369 2511 1422 ἀκούουσιν
2551 1369 2695 1439 άπερ
2737 1367 2805 1422 ἂν
2845 1367 3138 1432 ἐθέλωσιν,
3181 1368 3401 1422 ἐπειδάν
3437 1369 3566 1432 τοὺς

1878 1457 2266 1528 ἡμαρτηκότας
2295 1454 2621 1522 ἐξετάζωσιν
2641 1473 2655 1488 ο
2687 1457 2716 1510 ὁ
2737 1456 2797 1510 δέ
2823 1456 2957 1520 Θεὸς
2987 1456 3092 1510 οὑκ
3118 1456 3312 1528 ἐδεήθη
3341 1455 3562 1528 μεσίτου

1875 1546 2022 1611 τινὸς
2046 1547 2180 1621 πρὸς
2215 1547 2306 1601 τὸν
2339 1546 2628 1620 ἄνθρωπον
2650 1587 2665 1612 ,
2693 1545 2811 1600 ἀλλ’
2834 1546 2998 1611 αὑτὸς
3028 1546 3098 1601 διῗ
3127 1546 3322 1601 ἐαυτοῦ
3353 1545 3562 1610 δικάζει

1877 1636 1973 1690 καὶ
2011 1637 2444 1708 παραμυθεῖται.
2475 1637 2588 1691 Καὶ
2614 1635 2677 1689 οὑ
2713 1633 2875 1689 τοῦτο
2915 1635 3078 1707 μόνον
3107 1635 3227 1689 ἐστὶ
3256 1635 3316 1689 τὸ
3348 1635 3563 1704 θαυμα-

1879 1724 2025 1790 στὸν,
2061 1722 2176 1778 ἀλλ’
2207 1725 2289 1778 δτι
2333 1723 2429 1777 καὶ
2459 1723 2766 1794 διορθοῦται
2795 1723 2866 1778 τά
2891 1723 3367 1796 πλημμελήματα.
3400 1725 3564 1777 Δικα-

1880 1813 2004 1868 σταὶ
2032 1813 2130 1884 μὲν
2155 1812 2264 1884 γὰρ
2287 1811 2509 1866 ἐπειδάν
2542 1810 2749 1866 λάϐωσι
2778 1810 2981 1883 λῃστάς
3009 1810 3106 1866 καὶ
3139 1810 3561 1882 τυμϐωρύχους,

1878 1903 1978 1973 οὑχ
2004 1903 2153 1967 ὅπως
2191 1902 2391 1965 αὐτοὺς
2426 1901 2772 1973 ἐργάσωνται
2812 1899 3055 1971 βελτίους
3087 1891 3382 1973 σκοποῦσιν
3403 1940 3415 1964 ,
3444 1900 3560 1954 ἀλλ’

1877 1989 2028 2054 ὅπως
2075 1989 2272 2054 αὐτοὺς
2305 1990 2650 2061 άπαιτήσωσι
2683 1987 2793 2042 τῶν
2836 1988 3244 2060 ἡμαρτημένων
3297 1989 3454 2060 δίκην
3479 2007 3491 2018 ·
3534 1991 3562 2042 6

1877 2077 1934 2131 δὲ
1967 2078 2100 2142 Θεὸς
2150 2079 2462 2132 τούναντίον
2519 2077 2694 2132 ἆπαν·
2728 2077 2950 2131 ἐπειδάν
2980 2095 3101 2130 τινα
3138 2077 3278 2152 λάϐῃ
3311 2079 3562 2151 ἡμαρτη-

1880 2165 2047 2232 κότα,
2081 2167 2180 2237 οὐχ
2206 2167 2354 2230 ὅπως
2382 2167 2663 2238 ἀπαιτήσῃ
2697 2166 2854 2238 δίκην
2883 2167 3093 2231 σκοπεῖ,
3124 2165 3241 2219 ἀλλ’
3282 2166 3430 2230 ὅπως
3462 2167 3561 2219 αὑ-

1877 2255 1969 2308 τὸν
1997 2254 2379 2330 διορθώσηται,
2411 2255 2507 2308 καὶ
2535 2253 2729 2325 βελτίω
2758 2255 2957 2326 ποιήσῃ
2980 2294 2996 2319 ,
3035 2254 3131 2308 καὶ⁹
3165 2254 3302 2327 πρὸς
3331 2253 3394 2307 τό
3433 2255 3563 2325 μέλ-

1877 2343 1967 2397 λον
2002 2343 2321 2414 άχείρωτον.
2353 2344 2517 2396 Ὥστε
2555 2341 2691 2413 ὁμοῦ
2745 2340 2840 2395 καὶ¹
2868 2341 3131 2414 δικαστής
3157 2383 3172 2409 ,
3214 2342 3313 2396 καὶ
3353 2344 3557 2418 ἰατρὸς,

1877 2431 1973 2486 καὶ
2004 2431 2324 2496 διδάσκαλός
2367 2433 2515 2485 ἐστιν
2537 2433 2567 2485 6
2593 2430 2752 2494 Θεόςο
2785 2429 2882 2485 καὶ
2914 2429 3025 2502 γὰρ
3075 2431 3153 2494 ώς
3179 2430 3438 2505 δικαστὴς
3471 2431 3560 2498 ἐξ-

1877 2521 2080 2586 ετάζει,
2105 2521 2200 2574 καὶ
2222 2520 2298 2585 ὼς
2318 2520 2503 2592 ἰατρὸς
2527 2517 2858 2590 διορθοῦται,
2881 2518 2974 2572 καὶ
2994 2516 3070 2583 ώς
3092 2519 3410 2586 διδάσκαλος
3430 2539 3557 2576 παι-

1876 2607 2022 2662 δεύει
2049 2609 2177 2672 τοὺς
2215 2607 2608 2682 ἡμαρτηκότας
2642 2606 2724 2671 είς
2759 2608 2938 2661 πᾶσαν
2967 2606 3179 2677 ἐνάγων
3212 2609 3555 2680 φιλοσοφίαν.

1877 2698 1940 2753 El
1968 2697 2026 2753 δέ
2047 2698 2108 2754 ἐν
2136 2699 2288 2772 ρῆμα
2312 2697 2468 2768 ψιλὸν
2494 2697 2590 2752 καὶ
2620 2695 2795 2769 βραχὺ
2825 2694 3096 2767 τοσαύτην
3131 2696 3431 2764 ἐνεδείξατο
3463 2698 3557 2754 τοῦ

1875 2786 2010 2840 Θεοῦ
2051 2787 2152 2858 τήν
2199 2785 2528 2859 κηδεμονίαν
2552 2825 2568 2850 ,
2605 2785 2660 2840 τί
2697 2786 2747 2838 εί
2780 2786 2962 2840 πᾶσαν
2993 2787 3200 2858 ταύτην
3237 2787 3563 2862 ἀναγνῶμεν

1875 2876 2005 2947 ὑμῖν
2031 2876 2130 2950 τὴν
2152 2876 2329 2947 δίκην,
2369 2876 2466 2929 καί⁸
2488 2874 2762 2948 ὁλόκληρα
2787 2874 3189 2946 άναπτύξωμεν
3220 2875 3288 2930 τὰ
3315 2877 3565 2949 ὑπομνή-

1881 2980 2064 3035 ματα;
2107 2965 2271 3034 Ὁρᾷς
2323 2963 2441 3027 πῶς
2479 2965 2631 3019 πᾶσα
2676 2963 2869 3034 Γραφὴ
2905 2963 3250 3035 παράκλησίς
3302 2965 3419 3018 ἐστι
3467 2967 3563 3021 καὶ

1877 3051 2248 3122 παραμυθίας
2289 3049 2452 3104 ’Λλλά
2501 3049 2676 3104 ταῦτα
2729 3051 2829 3121 μὲν
2871 3051 3012 3106 κατά
3067 3050 3159 3105 τὸν
3215 3053 3563 3124 προσήκοντα

1875 3140 2070 3210 καιρὸν
2101 3138 2365 3212 ἐροῦμεν·
2402 3139 2511 3210 πρὸ
2543 3138 2599 3192 δέ
2636 3138 2841 3192 τούτων
2871 3141 3166 3210 ἀναγκαῖον
3198 3142 3392 3204 εἰπεῖν,
3431 3142 3562 3195 πότε

1875 3228 1934 3282 τὸ
1975 3227 2179 3298 βιϐλίον
2217 3226 2374 3298 ἐδόθη
2403 3226 2594 3280 τοῦτο⁸
2627 3227 2687 3279 οὑ
2727 3226 2835 3299 γάρ
2868 3227 2930 3300 δὴ
2965 3229 3023 3280 ἐν
3053 3229 3196 3300 ἀρχῇ
3217 3228 3269 3296 δ,
3315 3229 3435 3283 οὑδὲ
3467 3231 3560 3282 εὑ-

1876 3315 2014 3381 θέως
2042 3320 2135 3370 τοῦ
2183 3315 2356 3387 Ἀδάμ
2403 3315 2699 3387 γενομένου
2735 3314 2906 3368 ταῦτα
2935 3315 3226 3387 ἐγράφετο,
3255 3316 3389 3370 ἀλλά
3422 3319 3562 3387 μετά

1875 3404 2076 3469 πολλὰς
2103 3403 2330 3476 ὕστερον
2360 3403 2554 3472 γενεάς
2577 3420 2589 3433 ·
2619 3402 2713 3458 καὶ
2751 3403 2902 3470 ἄξιον
2929 3402 3164 3473 ζητῆσαι
3193 3403 3339 3466 τίνος
3371 3404 3560 3459 ἕνεκεν

1880 3494 2018 3565 μετά
2051 3493 2250 3556 πολλὰς
2297 3491 2525 3563 ὕστερον
2568 3490 2793 3560 γενεὰς,
2826 3489 2921 3544 καὶ
2949 3488 3002 3542 τί
3039 3489 3241 3560 δήποτε
3284 3491 3561 3556 Ἰουδαίοις

1880 3582 2062 3654 μόνον,
2097 3580 2212 3654 [90]
2263 3581 2359 3635 καὶ
2385 3579 2509 3651 οὐχὶ
2554 3581 2722 3633 πᾶσιν
2748 3576 3090 3651 ἀνθρώποις,
3123 3579 3220 3632 καὶ
3267 3579 3319 3632 τί
3359 3581 3559 3651 δήποτε

1876 3673 1942 3743 τῇ
1987 3671 2228 3742 Ἐϐραΐδι
2256 3669 2510 3742 γλώσσῃ,
2551 3670 2644 3723 καὶ
2675 3669 2819 3732 τίνος
2859 3668 3046 3722 ἐνεκεν
3085 3669 3180 3722 ἐπὶ
3221 3668 3320 3740 τῆς
3349 3669 3559 3740 ἐρήμου

1879 3761 2042 3826 Σινᾶς
2075 3759 2210 3814 Οὑδέ
2234 3761 2344 3833 γὰρ
2371 3759 2462 3815 τὸν
2477 3758 2640 3813 τόπον
2670 3757 2858 3822 ἁπλῶς
2883 3758 2911 3810 6
2927 3756 3253 3822 Ἀπόστολος
3280 3761 3561 3830 παρατρέ-

1878 3866 1965 3920 χει
1983 3866 1999 3882 ο
2036 3847 2173 3903 ἀλλά
2193 3848 2489 3904 κάντεῦθεν
2521 3846 2765 3918 μεγάλην
2791 3847 2923 3918 ήμῖν
2962 3845 3350 3918 παραδείκνυσι
3379 3859 3402 3885 ο
3421 3846 3559 3900 θεω-

1881 3938 2023 4012 ρίαν,
2051 3937 2195 3991 οῦτω
2221 3937 2396 4005 λέγων
2421 3955 2435 3970 ·
2468 3931 2657 3992 Αὗται
2679 3933 2791 4003 γάρ
2818 3936 2937 3988 εἱσι
2974 3933 3085 3988 δύο
3127 3932 3420 4003 διαθῆκαι,
3449 3936 3561 4004 μία

1871 4027 1991 4097 μὲν
2012 4025 2132 4081 ἀπὸ
2161 4026 2338 4094 ὄρους
2367 4023 2514 4079 Σινᾶ
2539 4025 2628 4089 εἰς
2656 4021 2946 4077 δουλείαν
2973 4018 3272 4090 γεννῶσα.

1947 4121 2010 4170 ε’.
2025 4113 2136 4169 Καὶ
2155 4113 2320 4185 ἕτερα
2338 4111 2395 4166 δέ
2419 4110 2590 4166 πλείω
2608 4109 2814 4164 τούτων
2835 4110 3132 4178 ἀναγκαῖον
3151 4108 3384 4181 ζητῆσαι
3399 4125 3413 4141 ·
3442 4108 3558 4163 ἀλλ’

1876 4202 1990 4276 όρῶ
2041 4203 2133 4257 τὸν
2168 4201 2360 4274 καιρὸν
2409 4201 2543 4272 ήμῖν
2595 4200 2696 4253 οὐκ
2743 4197 3110 4269 ἐπιτρέποντα
3146 4196 3282 4270 πρὸς
3319 4198 3561 4252 τοιοῦτον

1877 4291 2096 4360 ἀφεῖναι
2122 4290 2214 4344 τὸν
2233 4288 2390 4359 λόγον
2425 4287 2660 4356 πέλαγος
2677 4303 2692 4319 ·
2714 4286 2900 4358 διόπερ
2928 4283 3103 4341 ταῦτα
3123 4286 3201 4358 τῷ
3228 4287 3560 4360 προσήκοντι

1878 4375 2059 4448 καιρῷ
2083 4375 2532 4447 ταμιευσάμενοι,
2565 4374 2728 4429 πάλιν
2755 4373 2884 4445 περὶ
2913 4373 3012 4446 τῆς
3036 4373 3144 4428 τῶν
3176 4375 3357 4446 ὅρκων
3380 4375 3573 4432 ἁπαλά.

1878 4463 2055 4536 λαγῆς
2084 4465 2214 4536 ὑμῖν
2243 4462 2598 4535 διαλεξόμεθα
2621 4502 2636 4528 ,
2671 4463 2767 4516 καὶ
2793 4461 3249 4534 παρακαλέσομεν
3275 4463 3430 4533 ὑμῶν
3457 4464 3578 4535 τὴν·

1879 4551 2100 4623 ἀγάπην
2154 4551 2322 4624 πολλῇ
2375 4551 2503 4622 περὶ
2558 4549 2619 4604 τὸ
2657 4551 2891 4622 πρᾶγμα
2923 4549 3094 4605 τοῦτον
3132 4551 3444 4623 χρήσασθαι
3488 4555 3556 4626 τῇ

1882 4641 2108 4712 σπουδῇ.
2147 4639 2274 4704 Πῶς
2298 4638 2409 4711 γὰρ
2445 4639 2545 4694 οὑκ
2590 4639 2790 4695 ἄτοπον
2839 4638 3070 4710 οἰκέτην.
3091 4639 3196 4711 μὲν,
3242 4639 3316 4713 μή
3353 4640 3559 4713 τολμᾷν

1881 4726 1942 4793 ἐξ
1981 4727 2247 4799 ὀνόματος
2291 4726 2384 4781 τὸν
2437 4725 2706 4798 δεσπότην
2751 4725 2843 4782 τὸν
2899 4723 3092 4783 ἐαυτοῦ
3141 4726 3325 4781 καλεῖν
3350 4766 3364 4792 ,
3424 4729 3560 4799 μηδέ

1881 4815 2071 4881 ἁπλῶς
2122 4807 2218 4870 καῖ
2253 4815 2330 4880 ὡς
2375 4815 2563 4887 ἐτυχε·
2615 4816 2705 4870 τὸν
2747 4816 2806 4870 δέ
2857 4814 2966 4871 τῶν
2997 4816 3247 4886 ἀγγέλων
3279 4817 3559 4890 Δεσπότην

1884 4904 2072 4970 ἁπλῶς
2102 4905 2196 4960 καὶ
2230 4904 2370 4978 μετά
2401 4905 2602 4977 πολλῆς
2641 4904 2740 4975 τῆς
2777 4907 3243 4978 καταφρονήσεως
3281 4908 3558 4979 πανταχοῦ

1883 4994 2240 5068 περιφέρειν;
2273 4993 2379 5048 κᾶν
2415 4993 2896 5065 μὲνΕύαγγέλιον
2945 4999 3248 5066 κατασχεῖν
3287 4996 3418 5068 δέῃ,
3458 4997 3560 5062 τὰς

1883 5085 2071 5154 χεῖρας
2098 5082 2530 5153 ἀπονιψάμενος,
2575 5081 2715 5154 μετὰ
2753 5081 2954 5154 πολλῆς
2979 5083 3082 5155 τῆς
3117 5083 3301 5148 αἰδοῦς
3333 5085 3430 5140 καὶ
3457 5084 3560 5155 τῆς

1884 5167 2178 5233 εὐλαϐείας
2203 5169 2448 5243 φρίττων
2497 5169 2593 5227 κα),
2642 5167 2893 5235 δεδοικὼς
2923 5171 3176 5242 κατέχεις
3199 5189 3212 5202 ·
3251 5171 3343 5226 τὸν
3375 5171 3433 5225 δὲ
3463 5173 3559 5226 τοῦ

1884 5257 2217 5327 Εὐαγγελίου
2245 5258 2523 5330 Δεσπότην
2565 5257 2754 5323 ἁπλῶς
2797 5259 2892 5314 ἐπὶ
2925 5260 3026 5332 τῆς
3059 5258 3308 5331 γλώττης
3354 5277 3557 5315 παντα-

1884 5345 1984 5417 χοῦ
2013 5346 2362 5418 περιφέρεις;
2393 5348 2583 5406 Βούλει
2638 5347 2830 5420 μαθεῖν
2859 5347 2977 5413 πῶς
3001 5348 3164 5404 αὐτὸν
3201 5347 3456 5403 καλοῦσιν
3501 5351 3560 5403 αί

1886 5435 2020 5491 ἀνω-
2033 5435 2312 5508 δυνάμεις,
2338 5436 2455 5508 μεθ’
2485 5439 2617 5509 ὅσης
2645 5438 2847 5508 φρίκης
2870 5478 2886 5500 ,
2918 5436 3036 5508 μεθ’
3064 5438 3196 5508 ὅσης
3219 5435 3558 5507 ἐκπλήξεως,

1889 5523 2007 5596 μεθ’
2045 5524 2177 5579 ὅσου.
2201 5524 2518 5597 θαύματος;
2568 5526 2751 5582 Εἶδον
2792 5526 2902 5581 τὸν
2943 5526 3163 5594 Κύριον
3192 5525 3558 5597 καθήμενον,

1885 5613 2080 5683 φησὶν,
2119 5612 2224 5667 ἐπὶ,
2255 5614 2472 5684 θρόνου
2510 5614 2760 5685 ὑψηλοῦ
2794 5613 2893 5668 καὶ
2933 5613 3276 5685 ἐπηρμένου
3301 5654 3318 5683 ,
3357 5613 3454 5669 καὶ
3489 5615 3561 5670 τὰ

1887 5699 2152 5771 Σεραφίμ
2183 5700 2571 5769 εἱστήκεισαν
2603 5701 2808 5768 κύκλῳ
2850 5701 3073 5768 αὐτοῦ,
3107 5701 3561 5773 καὶέκέκραγον

1945 5917 1970 5956 d
1995 5913 2144 5979 δεινῇ.
2169 5917 2221 5962 et
2242 5915 2426 5979 aliquoi
2460 5928 2578 5979 m_s_s.
2606 5914 2774 5965 τοῦτο·
2799 5916 2910 5966 οὐδὲ
2930 5915 3019 5979 γὰρ
3045 5916 3092 5965 ἐν
3113 5915 3256 5979 ἀρχῇ.

1945 5930 1970 5956 α
1996 5930 2144 5962 MIHI.
2169 5930 2221 5962 Bt
2242 5930 2426 5976 aliqum
2460 5930 2578 5963 mss.
2606 5932 2774 5965 τοῦτο’
2799 5930 2910 5966 ουδι
2930 5930 3019 5979 γαρ
3045 5930 3092 5965 εν
3113 5930 3146 5964 α
3205 5930 3256 5978 τ.

2162 5977 2673 6041 παραμίγνδσιιιιοπει.
2696 5979 3050 6043 παραδείκνυσι,
3073 5930 3270 6040 ᾳιιΐςέιιπ
3296 5987 3410 6026 ωδ,
3435 5987 3595 6036 παρη-μ
