3892 6236
393 362 464 424 9'7
1249 365 1287 420 S
1339 358 1625 421 JOANNI'S
1655 358 2151 421 CNRYSOSTOMI
2188 363 2510 422 ARCHIEP.
2551 363 3106 424 CONSTANTINOP.
3757 372 3835 432 ,Β

379 481 584 554 ἕτερος
621 473 771 549 πρὸς
796 476 905 534 τόν
932 474 1157 547 ἕτερον,
1194 472 1305 532 καί
1329 479 1570 549 ἕλε-τον
1602 479 1798 549 ’Ἄγιος
1819 519 1835 543 ,
1860 478 2046 549 ἅγιος,

377 564 546 638 ἅγιος
576 566 797 637 Κύριος
829 562 1069 621 σαϐαώθ
1093 584 1105 596 ·
1135 563 1374 634 πλήρης
1415 564 1587 622 πᾶσα
1613 569 1651 636 ἠ
1695 565 1777 637 τῆ
1804 565 1914 635 τῆς
1952 566 2052 619 δό-

379 655 495 724 ξης
534 654 751 718 αὑταιῙῖ⁸⁵
778 652 931 717 Εἶδες
967 652 1085 723 μεθ’
1116 654 1243 707 ὅσου
1277 650 1443 723 φόϐου
1464 695 1478 716 ,
1522 653 1644 725 μεθ’
1673 655 1807 726 ὅσης
1847 654 2050 725 φρίκης

378 743 618 799 καλοῦσι·
656 742 1030 810 δοξολογοῦσαι
1080 742 1177 795 ml
1210 742 1511 812 ὑμνόῦσαι;
1549 744 1621 797 Σὺ
1671 743 1731 795 δὲ
1769 744 1828 795 ἐν
1865 743 2051 812 εὐχαῖς

382 832 481 903 μέν
514 832 611 884 ml
639 830 941 901 ἱκετηρίαις
985 832 1124 899 μετά
1166 830 1368 901 πολλῆς
1405 830 1567 884 αὑτὸν
1603 830 1787 893 καλεῖς
1824 831 1922 900 τῆς
1954 832 2051 901 ρᾳ-

379 918 603 991 θυμίας,
630 919 731 973 ὅτε
749 914 995 990 φρίττειν
1024 917 1151 979 ἔδει,
1177 917 1273 973 καὶ
1292 918 1676 990 ἐγρηγορέναι,
1705 920 1801 972 καί
1823 920 2013 989 νήφειν
2033 935 2047 948 ·

378 1010 436 1062 ἐν
468 1009 663 1081 ὅρκοις
693 1007 755 1061 δὲ’
794 1004 889 1061 ὅτε
923 1007 1031 1060 οὐδ’
1057 1008 1195 1072 ὅλως
1232 1008 1293 1061 τὸ
1335 1008 1644 1078 θαυμαστὸν
1691 1006 1851 1061 τοῦτο
1881 1008 2050 1076 ὄνομα

377 1094 861 1169 παράγεινέχρῆν,
888 1095 1165 1159 ποικίλους
1194 1097 1344 1160 τινάς
1367 1096 1461 1149 καὶ
1490 1095 1824 1167 ἐπαλλήλους
1853 1096 2050 1164 ὅρκους

380 1187 669 1258 συνείρεις.
712 1187 823 1240 Καὶ
853 1185 993 1239 ποία
1019 1183 1346 1256 συγγνώμη,
1386 1186 1467 1249 τίς
1498 1185 1554 1239 δὲ
1576 1188 1708 1255 ήμίν
1738 1186 1888 1240 ἐσται
1916 1186 2050 1238 ἀπο-

378 1274 537 1344 λογία
559 1316 574 1337 ,
614 1274 717 1328 κᾶν
769 1274 1026 1345 μυριάκις
1059 1274 1347 1344 συνήθειαν
1385 1273 1850 1345 προϐαλλώμεθα;
1876 1276 2049 1343 Λέγε-

376 1363 576 1424 ταίτις
618 1362 726 1415 τῶν
764 1361 960 1428 ἔξωθεν
997 1362 1245 1433 ρητόρων
1281 1361 1385 1415 ὑπό
1425 1378 1570 1424 τινος
1601 1361 1889 1433 συνηθείας
1928 1362 2053 1415 ἀλό-

378 1470 475 1523 γου
508 1453 602 1506 τὸν
633 1451 806 1516 δεξιὸν
833 1449 1072 1521 συνεχῶς
1097 1445 1246 1521 ὦμον
1272 1453 1442 1504 κινεῖν
1478 1449 1729 1520 βαδίζων,
1759 1449 1871 1503 ἀλλ’
1902 1451 2052 1520 ὅμως

377 1540 725 1610 περιεγένετο
748 1539 848 1609 τῆς
873 1538 1181 1610 συνηθείας,
1207 1541 1301 1591 καὶ
1328 1539 1605 1610 μαχαίρας
1630 1540 1900 1608 ἀκονήσας
1925 1539 2055 1590 ἐκα-

377 1626 631 1698 τέρωθεν’
651 1626 888 1697 ἐπέθηκε
920 1628 1032 1690 τοῖς
1062 1624 1263 1697 ὤμοις,
1284 1625 1425 1679 ὥστε
1452 1626 1527 1697 τῷ
1561 1626 1711 1697 φόϐῳ
1742 1626 1847 1697 τῆς
1876 1626 2052 1697 τομῆς

383 1715 716 1786 σωφρονίσαι
752 1714 814 1767 τὸ
860 1715 1021 1786 μέλος
1056 1714 1300 1785 ἀκαίρως
1346 1714 1664 1784 κινούμενον
1690 1732 1702 1746 ·
1746 1713 1903 1768 τοῦτο
1958 1714 2051 1767 καὶ

384 1804 447 1855 ab
480 1802 705 1870 ποίησον
734 1803 828 1855 ἐπὶ
852 1805 951 1871 τῆς
978 1802 1224 1871 γλώττης
1243 1841 1257 1863 ,
1288 1803 1383 1855 καὶ
1414 1803 1532 1855 ἀντὶ
1565 1802 1836 1874 μαχαίρας
1867 1801 2053 1864 ἐπίθες

380 1890 519 1961 αὐτῇ
556 1891 645 1943 τὸν
692 1889 853 1959 φόϐον
905 1891 1004 1958 τῆς
1052 1890 1144 1943 τοῦ
1184 1889 1320 1943 Θεοῦ
1360 1890 1663 1955 κολάσεως,
1695 1892 1790 1945 ml
1825 1890 2053 1962 περιέσῃ

385 1976 620 2040 πάντως.
660 1978 965 2047 Ἀμήχανον
1005 1977 1111 2048 γὰρ
1136 2016 1151 2040 ,
1203 1978 1482 2048 ἀμήχανον
1534 1976 1912 2050 μεριμνῶντας
1959 1979 2053 2030 καὶ

384 2063 783 2127 σπουδάζοντας
832 2064 926 2117 ml
957 2063 1116 2135 ἔργον
1161 2063 1319 2116 τοῦτο
1367 2064 1722 2134 ποιουμένους
1755 2063 2054 2135 ήττηθῆναί

382 2166 536 2205 ποτε.
584 2152 883 2205 Ἐπαινεῖτε
921 2150 1013 2204 νῦν
1040 2151 1109 2205 τά
1141 2150 1406 2223 εἰρημένα
1425 2192 1440 2215 ,
1479 2151 1593 2205 ἀλλ’
1618 2152 1743 2206 ὅταν
1776 2150 2050 2222 κατορθώ-

383 2257 535 2311 σητε,
568 2238 830 2311 μειζόνως
858 2239 1229 2303 ἐπαινέσεσθε,
1261 2241 1361 2311 οὐχ
1394 2241 1541 2311 ἡμᾶς
1573 2240 1756 2312 μόνον,
1790 2240 1927 2294 ἀλλά
1958 2241 2052 2321 καὶ

383 2330 528 2400 ὑμᾶς
560 2331 787 2395 αὐτοὺς,
823 2330 917 2384 καὶ
946 2329 1085 2403 μετά
1130 2328 1374 2393 πλείονος
1404 2330 1501 2401 τῆς
1530 2329 1724 2401 ἡδονῆς
1749 2329 2049 2383 ἀκούσεσθε

2153 479 2263 534 τῶν
2294 480 2621 551 λεγομένων,
2647 484 2741 534 καὶ
2782 481 2919 553 μετά
2947 482 3189 556 καθαροῦ
3215 483 3310 538 τοῦ
3342 485 3644 550 συνειδότος
3665 487 3834 541 καλέ-

2155 584 2275 620 σετε
2304 567 2396 621 τὸν
2425 568 2590 632 Θεὸν,
2623 568 2683 632 ὃς
2709 566 2854 623 οὕτω
2887 586 2979 623 σου
3026 570 3266 640 φείδεται
3291 611 3309 635 ,
3335 571 3412 634 ὡς
3440 574 3640 627 εἰπεῖν·
3666 574 3840 642 Ηηδδ

2150 655 2300 707 κατὰ
2345 653 2456 721 τῆς
2504 654 2776 723 κεφαλῆς
2803 670 2923 709 σου
2976 657 3241 726 ὀμόσῃς·
3277 658 3344 711 σὺ
3371 657 3429 711 δέ
3458 657 3631 723 οὕτως
3667 660 3838 715 αὑτοῦ

2151 744 2513 812 καταφρονεῖς
2537 782 2550 805 ,
2578 742 2655 806 ὼς
2704 744 2799 796 καὶ
2845 743 2988 797 κατὰ
3023 744 3122 816 τῆς
3172 744 3340 800 αὐτοῦ
3374 744 3530 817 δόξης
3579 745 3833 817 ὀμνύναι.

2152 831 2262 884 Καὶ
2307 830 2362 883 τί
2395 828 2554 884 πάθω
2582 839 2624 897 ⁸,
2673 830 2838 901 φησὶ,
2873 830 3009 903 πρὸς
3053 834 3181 897 τοὺς
3213 835 3460 906 ἀνάγκην
3491 834 3831 906 ἐπάγονταςς

2152 918 2320 972 Ποίαν
2371 918 2651 990 ἀνάγκην,
2707 918 2997 989 ᾶνθρωπε;
3045 920 3384 976 λίαθέτωσαν
3435 924 3675 986 ἅπαντες
3696 963 3713 988 ,
3752 924 3830 978 ὅτι

2151 1006 2329 1060 πάντα
2362 1005 2553 1077 αἰρέσῃ
2586 1006 2798 1070 παθεῖν,
2832 1006 2865 1076 ἦ
2895 1006 2986 1060 τὸν
3017 1007 3111 1061 τοῦ
3138 1008 3273 1061 Θεοῦ
3303 1008 3618 1080 παραϐῆναι
3644 1010 3832 1081 νόμον.

2153 1091 2267 1166 [91]
2296 1095 2390 1149 ml
2420 1094 2821 1164 ἀποστήσονται
2843 1095 2941 1165 τῆς
2972 1094 3377 1165 ἀνάγκης.”οτι
3410 1097 3518 1169 γὰρ
3543 1099 3643 1170 οὐχ
3673 1099 3805 1169 ὃρκε

2151 1183 2463 1247 ἀξιόπιστον
2498 1183 2673 1245 ποιεῖ,
2724 1181 2862 1235 ἀλλά
2917 1181 3031 1252 βίον
3081 1184 3358 1255 μαρτυρία
3409 1186 3504 1238 καὶ
3553 1184 3803 1239 πολιτεία

2150 1270 2435 1341 ἀκρίϐεια,
2482 1269 2574 1323 ml
2607 1268 2874 1340 ὑπόληψις
2905 1269 3122 1341 ἀγαθὴ,
3150 1270 3349 1325 πολλοὶ.
3389 1271 3653 1336 πολλάκις
3690 1273 3800 1340 διεξ

2154 1358 2401 1429 ῥάγησαν
2436 1355 2727 1426 ὀμνύντες,
2756 1356 2852 1411 καὶ
2875 1356 3063 1410 οὐδένα
3110 1356 3368 1423 ἔπεισαν,
3400 1358 3578 1430 ἕτεροι
3619 1359 3678 1412 δέ
3717 1361 3801 1411 ἐπ-

2152 1444 2440 1506 νεύσαντες
2472 1444 2665 1514 μόνον,
2696 1442 3125 1515 ἀξιοπιστότεροι
3170 1445 3278 1499 τῶν
3322 1445 3560 1499 τοσαῦτα
3609 1446 3804 1517 ὀμωμι

2152 1534 2328 1588 κότων
2378 1523 2678 1603 ἐφάνησαν.
2709 1532 2869 1587 Ταῦτ’
2908 1528 3002 1587 οὖν
3054 1532 3257 1598 εἰδότες
3295 1534 3546 1600 ἅπαντα,
3599 1534 3698 1587 καὶ
3734 1532 3806 1605 τὴ

2155 1620 2413 1691 κειμένην
2445 1622 2556 1684 τοῖς
2602 1638 2661 1673 τε
2690 1620 2949 1691 ὀμνύουσι
2981 1625 3093 1686 τοῖς
3139 1636 3198 1674 τε
3241 1622 3562 1692 ἐπιορκοῦσι
3609 1620 3811 1674 κόλασι(

2155 1708 2261 1778 πρὸ
2294 1708 2400 1762 τῶν
2428 1707 2720 1777 ὀφθαλμῶν
2753 1708 3064 1778 βλέποντες.
3097 1709 3423 1780 άποστῶμεν
3455 1709 3555 1779 τῆς
3586 1710 3819 1778 πονηρά,

2154 1796 2440 1866 συνηθείας
2460 1835 2474 1859 ,
2508 1797 2574 1850 ἵν’
2604 1797 2853 1850 ἐντεῦθεν
2903 1798 2998 1851 ml
3030 1796 3166 1868 πρὸς
3212 1797 3281 1851 τά
3317 1797 3479 1852 λοιπά
3523 1795 3827 1868 βαδίζοντες,

2155 1883 2556 1956 κατορθώματα
2579 1925 2594 1948 ,
2625 1885 2732 1938 τῶν
2765 1885 3066 1957 μελλόντων
3090 1885 3310 1954 ἀγαθῶν
3342 1885 3690 1956 ἐπιτύχωμεν
3708 1925 3722 1949 ,
3753 1878 3834 1937 ὧν

2154 1972 2364 2041 γένοιτο
2392 1972 2601 2035 πάντας
2625 1974 2771 2043 ἡμᾶς
2806 1972 3136 2042 ἀξιωθῆναι,
3168 1974 3355 2045 χάριτι
3382 1973 3476 2026 ml
3516 1972 3830 2044 φιλανθρω-

2157 2058 2257 2129 πίᾳ
2288 2058 2382 2112 τοῦ
2419 2059 2625 2132 Κυρίου
2659 2059 2816 2132 ήμῶν
2857 2061 3033 2133 Ἰησοῦ
3061 2061 3296 2133 Χριστοῦ
3319 2101 3336 2125 ,
3369 2060 3436 2114 δι’
3474 2054 3536 2114 οὗ
3579 2060 3675 2114 καὶ
3708 2059 3833 2130 μεθ’

2156 2140 2216 2199 οὗ
2250 2146 2328 2218 τῷ
2357 2148 2532 2220 Πατρὶ
2560 2149 2674 2220 ἅμα
2702 2149 2780 2221 τῷ
2811 2149 2950 2221 ἁγίῳ
2966 2149 3244 2222 Πνεύματι
3264 2149 3409 2214 δόξα,
3432 2149 3653 2221 κράτος,
3671 2147 3830 2219 τιμή,

2159 2233 2255 2286 νῦν
2282 2235 2375 2289 ml
2405 2236 2513 2299 ἀεὶ,
2545 2238 2639 2291 καὶ
2662 2239 2741 2300 είς
2768 2238 2894 2301 τοὺς
2923 2237 3127 2301 αἰῶνας
3153 2237 3262 2291 τῶν
3285 2236 3519 2291 αἰώνων.
3561 2236 3750 2307 Ἀμήν.

2223 2339 2248 2367 ⁸
2272 2338 2420 2389 Savil.
2449 2342 2530 2389 ml
2555 2341 2601 2390 τί
2621 2341 2828 2400 ποιήσω.

384 2701 697 2774 Ῑῷοτροπὴ
725 2703 812 2766 εἰς
846 2698 1089 2769 ἀρετήν·
1132 2699 1231 2754 καὶ
1263 2701 1351 2765 εἰς
1398 2702 1487 2765 τὸ,
1529 2696 1853 2771 Περιεπάτει
1895 2703 1923 2754 ό
1961 2700 2094 2765 Θεὸς
2125 2702 2185 2754 τὸ
2217 2702 2442 2757 δειλινὸν
2482 2705 2538 2757 ἐν
2569 2703 2649 2775 τῷ
2690 2705 3033 2777 παραδείσῳ·
3086 2708 3184 2762 καὶ
3235 2710 3365 2777 περὶ
3422 2708 3530 2765 τοῦ
3586 2710 3835 2779 φεύγειν

1884 2793 2023 2860 τοὺς
2068 2793 2298 2862 ὅρκους.

1064 3077 1284 3147 Ὁμιλία
1321 3084 1395 3147 η’.

459 3170 533 3230 α’.
551 3169 791 3238 Ἐγνωτε
811 3164 1003 3239 πρώην
1030 3165 1144 3228 πῶς
1158 3167 1308 3219 πᾶσα
1324 3165 1513 3239 Γραφὴ
1536 3166 1878 3238 παράκλησιν
1903 3165 2055 3238 φέρει

388 3260 482 3315 καὶ
521 3253 896 3328 παραμυθίαν,
934 3251 1034 3306 κᾶν
1080 3253 1317 3323 ἱστορίας
1347 3249 1682 3326 διήγησιςῇ·
1708 3255 1801 3308 καὶ
1832 3254 1941 3326 γάρ
1971 3254 2053 3319 τὸ,

401 3349 503 3401 Ἕν
525 3341 680 3414 ἀρχῇ
702 3342 990 3409 ἐποίησεν
1014 3343 1046 3394 ό
1070 3339 1214 3405 Θεὸς
1246 3340 1354 3395 τὸν
1378 3342 1637 3411 οὐρανὸν
1662 3342 1758 3396 καί
1787 3341 1901 3409 τὴν
1917 3339 2052 3410 γῆν,

390 3431 629 3504 ἱστορίας
662 3427 919 3499 ἐξήγησις
958 3421 1047 3497 ἦν,
1076 3425 1189 3479 ἀλλ’
1219 3425 1416 3491 ἔδειξεν
1453 3429 1482 3481 ό
1517 3428 1675 3497 λόγος
1722 3428 1921 3498 πολλῆς
1959 3428 2052 3496 γέ-

392 3535 598 3591 μουσαν
628 3512 982 3587 παραμυθίας
1003 3512 1103 3583 τὴν
1135 3511 1291 3583 ῥῆσιν
1312 3528 1324 3542 ·
1358 3506 1490 3577 οἷον,
1516 3514 1600 3567 ὅτι
1628 3513 1822 3586 διπλῆν
1852 3514 2057 3586 τράπε-

389 3607 490 3673 ζαν
509 3607 537 3659 ὁ
559 3604 693 3668 Θεὸς
721 3601 965 3671 ἐποίησε,
995 3600 1099 3669 γῆν
1121 3600 1215 3652 ml
1236 3598 1505 3654 θάλατταν
1530 3599 1665 3671 ὁμοῦ
1694 3601 1936 3674 προθεὶς,
1962 3603 2056 3656 καὶ

391 3693 690 3765 φωστῆρας
720 3687 963 3755 διπλοῦς,
1000 3687 1150 3759 ήλιον
1178 3687 1272 3742 καὶ
1302 3687 1551 3761 σελήνην,
1590 3688 1799 3759 ἀνάψας
1828 3689 2055 3756 ἄνωθεν,

391 3782 487 3835 ml
509 3775 698 3833 διπλοῦ
730 3775 931 3850 δρόμου
957 3772 1170 3845 καιρὸν,
1196 3773 1409 3846 ἡμέραν
1436 3774 1529 3829 καὶ
1556 3774 1725 3829 νύκτα
1749 3776 2058 3847 ἐργασάμε-

390 3886 503 3934 νος,
542 3865 635 3922 καὶ
664 3864 763 3935 τὴν
804 3862 900 3933 μὲν
942 3863 1023 3923 εἰς
1051 3861 1335 3932 ἐργασίαν,
1373 3862 1472 3932 τὴν
1504 3861 1560 3914 δέ
1610 3863 1690 3926 εἰς
1729 3863 2056 3919 ἀνάπαυσιν.

460 3955 537 4009 Οὐ
571 3951 680 4023 γὰρ
713 3950 969 4004 ἐλάττονα
999 3946 1100 4017 τῆς
1128 3947 1340 4020 ἡμέρας
1376 3949 1508 4021 ήμῖν
1540 3948 1782 4020 εἰσφέρει
1812 3948 2055 4023 λειτουρ-

388 4044 514 4115 γίαν
548 4045 582 4115 ή
613 4039 747 4107 νύξ’
774 4037 889 4092 ἀλλ’
919 4034 1109 4106 ὥσπερ
1133 4035 1224 4087 ἐπὶ
1257 4036 1363 4088 τῶν
1393 4035 1622 4106 δένδρων
1646 4031 1815 4103 εἶπον,
1848 4036 2057 4091 ὅτιτῶν

390 4119 685 4200 ἐγκάρπων
709 4125 779 4178 τά
810 4122 1035 4194 ἄκαρπα
1071 4120 1365 4192 ἐφάμιλλον
1393 4122 1690 4192 παρέχεται
1723 4121 1932 4192 χρείαν,
1958 4123 2059 4176 οὐκ

391 4215 765 4286 ἀναγκάζοντα
812 4208 960 4283 ἡμᾶς
985 4209 1096 4263 τῶν
1131 4209 1354 4282 ἡμέρων
1391 4209 1656 4264 ἅπτεσθαι
1703 4211 1937 4282 δένδρων
1977 4214 2057 4275 είς

391 4305 491 4370 κάς
517 4301 820 4371 οἰκοδομάς·
847 4299 942 4352 καὶ
966 4294 1075 4352 τῶν
1098 4296 1321 4369 ἡμέρων
1338 4295 1493 4361 ζώων
1519 4300 1618 4352 οὐκ
1637 4299 1891 4353 ἐλάττονα
1917 4316 2058 4369 παρ-

391 4390 573 4461 ἔχεται
618 4385 806 4458 χρείαν
853 4380 987 4454 ήμίν
1038 4382 1108 4437 τά
1154 4383 1322 4454 ἄγρια
1369 4385 1464 4437 ml
1512 4385 1784 4456 ἀνήμερα,
1838 4386 1934 4438 ml
1979 4384 2059 4457 τῷ

392 4474 543 4547 φόϐῳ
559 4473 693 4546 πρὸς
705 4468 803 4535 τάς
828 4469 1010 4533 πόλεις
1038 4470 1184 4539 ἡμᾶς
1208 4468 1616 4533 συνελαύνοντα,
1646 4473 1740 4523 καὶ
1769 4488 2058 4542 προσεκτι-

388 4562 663 4633 κωτέρους
700 4556 954 4612 ποιοῦντα
974 4597 988 4617 ,
1038 4556 1134 4610 ml
1178 4556 1547 4626 συσφίγγοντα
1593 4558 1727 4627 πρὸς
1774 4558 2055 4630 ἀλλήλους,

392 4650 487 4705 καὶ
513 4648 621 4702 τῶν
647 4647 744 4717 μὲν
774 4647 874 4716 τὴν
895 4643 1122 4714 δύναμιν
1145 4644 1574 4714 ἐγγυμνάζοντα,
1601 4645 1708 4698 τῶν
1733 4647 1791 4699 δὲ
1811 4648 1879 4701 τά
1901 4649 2059 4721 νοσή-

394 4753 541 4806 ματα
569 4734 765 4787 λύοντα
793 4730 983 4802 (πολλά
1014 4728 1126 4801 γὰρ
1156 4730 1216 4796 ἐξ
1241 4733 1465 4786 ἐκείνων
1494 4732 1566 4786 τὰ
1597 4733 1865 4804 φάρμακα
1888 4752 2058 4789 κατα-

392 4821 749 4885 σκευάζουσιν
792 4818 992 4890 ἰατρῶν
1043 4818 1277 4888 παῖδες),
1324 4820 1419 4872 ml
1471 4819 1574 4891 τῆς
1628 4821 1865 4886 παλαιᾶς
1910 4823 2057 4894 ἡμᾶς

392 4908 663 4981 ἁμαρτίας
679 4907 1181 4978 ἀναμιμνήσκοντα.
1199 4907 1365 4961 Ὅταν
1380 4905 1487 4980 γὰρ
1499 4908 1736 4973 ἀκούσω,
1749 4911 1832 4964 ὅτι
1852 4912 2058 4966 Ἔσται

391 5000 425 5050 ό
457 4995 639 5065 φόϐος
666 4992 832 5063 ὑμῶν
864 4994 961 5048 καὶ
995 4997 1028 5047 ὀ
1051 4994 1267 5063 τρόμος
1298 4993 1395 5047 ἐπὶ
1426 4986 1623 5048 πάντα
1648 4997 1721 5050 τὰ
1749 4997 1923 5067 θηρία
1946 4998 2057 5067 τῆς

392 5081 524 5156 γῆς,
554 5075 674 5135 εἶτα
692 5081 792 5149 τήν
815 5080 979 5151 τιμὴν
1000 5080 1539 5151 ἀκρωτηριασθεῖσαν
1562 5078 1655 5137 ίδω
1675 5084 1897 5154 ταύτην,
1927 5086 2057 5141 άνα-

394 5170 775 5244 μιμνήσκομαι
800 5166 901 5236 τῆς
938 5166 1231 5237 ἁμαρτίας,
1258 5169 1292 5239 ἢ
1323 5168 1417 5222 ml
1460 5168 1549 5222 τὸν
1583 5170 1745 5239 φόϐον
1766 5173 1924 5244 ήμῶν
1962 5174 2054 5241 ἐξ..

390 5261 570 5325 ἔλυσε,
612 5257 707 5313 καὶ
737 5256 837 5325 τὴν
884 5255 1056 5327 ἀρχὴν
1085 5256 1409 5326 ὑπετέμετο,
1451 5258 1545 5309 καὶ
1577 5258 1797 5330 γίνομαι
1832 5260 2054 5330 βελτίων

389 5348 486 5403 καὶ
519 5336 974 5415 σωφρονέστερος,
1020 5341 1208 5413 μαθὼν
1250 5343 1349 5415 τήν
1377 5345 1442 5397 ἐκ
1481 5344 1580 5415 τῆς
1613 5340 1886 5416 ἁμαρτίας
1922 5350 2053 5418 ἡμῖν

391 5432 761 5505 γεγενημένην
788 5442 815 5472 ι
846 5428 1070 5502 ζημίαν.
1114 5430 1325 5502 ’Ὠσπερ
1370 5426 1483 5493 οῦν,
1513 5432 1651 5502 ὅπερ
1698 5433 1853 5504 ἔφην,
1894 5436 1956 5488 οὐ
1992 5436 2053 5490 τὸ

391 5522 551 5594 τυχὸν
579 5521 662 5585 είς
695 5520 788 5574 τὸν
812 5518 926 5591 βίον
957 5520 1088 5589 ήμίν
1117 5517 1362 5573 συντελεῖ
1391 5518 1567 5573 ταῦτά
1598 5537 1657 5573 τε
1684 5520 1754 5576 τὰ
1786 5522 2052 5593 εἰρημένα

391 5606 488 5661 ml
511 5608 674 5679 ἕτερα
695 5606 864 5662 πλείω
890 5605 1114 5670 τούτων,
1135 5604 1277 5676 άπερ
1295 5606 1324 5658 ό
1346 5607 1576 5677 ποιήσας
1598 5601 1706 5660 οἶδε
1725 5606 1856 5672 Θεός
1874 5625 1889 5639 ο
1912 5608 2053 5663 οὕτω

390 5694 456 5765 δή
485 5694 579 5748 ml
598 5696 633 5764 ή
664 5693 761 5757 νὺξ
780 5694 881 5747 οὐκ
908 5694 1169 5748 ἐλάττονα
1204 5693 1303 5763 τῆς
1328 5692 1545 5765 ἡμέρας
1566 5693 1808 5765 εἰσφέρει
1833 5696 2050 5767 χρῆσιν,

390 5781 694 5843 ἀνάπαυσις
721 5777 855 5833 οὖσα
887 5781 1085 5847 πόνων,
1119 5782 1212 5835 καὶ
1241 5781 1530 5852 φάρμακον
1555 5777 1688 5836 οὖσα
1708 5800 1836 5855 νοση
1846 5784 2048 5854 μάτων.

454 5938 483 6010 ξ
505 5924 935 6010 S‘avil.'eIQI1i‘da@
959 5953 1071 6010 uls}.
1096 5940 1411 6010 ἐγγενομένων1
1432 5940 1541 6010 MOI
1567 5945 1763 6008 quidam
1787 5958 1899 5996 mss.
1917 5946 2048 6010 ἔφην,

394 5999 475 6051 ταὶ
495 5999 556 6050 τὰ
573 5999 772 6061 τυχὸντα
798 6000 861 6052 εἰς
883 6001 960 6047 τὸν
983 6000 1080 6061 βίον
1102 5999 1238 6063 ἡμῶν
1255 5999 1490 6053 συντελεῖ.

2164 3079 2431 3145 Πολλάκις
2453 3082 2583 3152 γοῦν
2616 3083 2791 3154 ίατροὶ
2820 3081 2989 3140 πολλὰ
3015 3086 3589 3158 πραγματευσάμενοι,
3617 3090 3713 3143 καὶ
3736 3108 3825 3162 μυ·

2166 3167 2256 3238 ρία
2289 3171 2794 3235 κατασκευάσαντες
2820 3172 3104 3244 φάρμακα,
3136 3175 3234 3227 οὐκ
3263 3174 3488 3245 ἴσχυσαν
3518 3178 3822 3245 ἀπαλλάξαι

2166 3252 2280 3329 [92]
2306 3255 2405 3326 τῆς
2436 3256 2747 3329 ἀρρωστίας
2767 3258 2859 3312 τὸν
2892 3259 3169 3330 κάμνοντα
3192 3277 3206 3291 ·
3240 3260 3405 3325 ῦπνος
3430 3263 3488 3316 δὲ
3522 3264 3823 3336 αὐτόματοι

2162 3341 2424 3408 ἐπελθὼν,
2453 3343 2514 3396 τὸ
2551 3345 2659 3397 πᾶν
2698 3343 2854 3398 ἔλυσε
2894 3345 3131 3418 νόσημα,
3170 3349 3265 3403 ml
3301 3348 3409 3404 τῶν
3450 3352 3660 3425 μυρίων
3687 3355 3835 3407 ἐκεί-

2159 3444 2282 3492 νους
2302 3429 2577 3501 ἀπήλλαξε
2606 3432 2784 3487 πόνων
2804 3451 2817 3464 ο
2851 3433 2913 3487 οὐ
2952 3434 3140 3490 παθῶν
3176 3436 3234 3488 δέ
3280 3438 3610 3508 σωματικῶν
3641 3441 3832 3510 μόνον,

2161 3514 2297 3569 ἀλλὰ
2318 3518 2412 3570 ml
2437 3519 2681 3589 ψυχικῶν
2704 3520 3027 3591 νοσημάτων
3054 3523 3170 3578 ἐστὶ
3191 3523 3480 3596 φάρμακον
3511 3528 3543 3599 ἡ
3580 3526 3678 3595 νὺξ
3700 3529 3835 3582 ἀνα-

2159 3602 2406 3685 παύουυσα
2430 3608 2526 3671 τὰς
2552 3608 2890 3678 ὀδυνωμένας
2914 3610 3112 3680 ψυχάς.
3140 3611 3405 3678 Πολλάκις
3430 3613 3564 3682 γοῦν
3600 3633 3688 3680 τις
3726 3618 3836 3671 ἀπ-

2159 3690 2348 3745 έϐαλεν
2368 3693 2503 3759 υἰὸν,
2537 3695 2632 3747 ml
2663 3696 2872 3767 μυρίων
2906 3698 3080 3768 μυρία
3121 3700 3580 3771 παρακαλούντων
3601 3704 3706 3757 οὐκ
3733 3707 3833 3776 ην-

2160 3776 2350 3850 ἐσχετο
2373 3779 2479 3833 τῶν
2507 3779 2719 3852 θρήνων
2751 3784 3053 3855 ἀποστῆναι
3086 3787 3303 3857 καὶτῆς
3334 3790 3600 3862 οἰμωγῆς·
3632 3792 3834 3858 νυκτὸς

2156 3864 2213 3919 δέ
2253 3866 2606 3939 ἐπελθούσης.
2648 3864 2756 3934 εἶξε
2787 3873 2853 3942 τῇ
2896 3873 3172 3943 τυραννίδι
3210 3873 3303 3928 τοῦ
3345 3874 3514 3931 ῦπνου
3546 3880 3832 3950 ἡττηθεὶς,

2157 3954 2249 4007 καὶ
2276 3953 2346 4008 τά
2371 3954 2614 4027 βλέφαρα
2652 3959 3025 4029 κατεκοίμισε,
3054 3959 3145 4012 ml
3173 3962 3376 4032 μικράν
3403 3982 3524 4018 τινα
3547 3965 3657 4020 τῶν
3696 3969 3835 4022 καθ-

2153 4042 2429 4114 ημερινῶν
2460 4043 2488 4083 ιι
2521 4043 2708 4098 κακῶν
2748 4045 3102 4117 παραμυθίαν
3136 4047 3317 4103 ἔλαϐε.
3348 4051 3484 4122 Φέρε
3526 4052 3594 4126 δὴ
3638 4054 3835 4112 λοιπὸν

2156 4128 2293 4200 πρὸς
2317 4129 2415 4201 τὴν
2442 4129 2698 4214 ύπόθεσιν
2726 4132 2916 4202 ίωμεν,
2945 4134 3039 4203 ἀφ’
3065 4130 3134 4207 ἧς
3174 4136 3268 4189 καὶ
3299 4137 3471 4192 ταῦτα
3497 4141 3830 4214 εἰρήκαμεν.
3880 4178 3881 4187 ι

2155 4216 2267 4269 Καὶ
2289 4216 2397 4287 γάρ
2425 4212 2484 4269 εὗ
2521 4212 2639 4270 οῖδα
2664 4217 2744 4270 ὅτι
2780 4218 2914 4290 πρὸς
2946 4220 3151 4293 ταύτην
3181 4226 3441 4295 κεχήνατε
3471 4212 3719 4295 πάντες,
3737 4233 3832 4286 ml

2156 4301 2385 4366 ἕκαστος
2416 4302 2568 4374 ὑμῶν
2594 4303 2775 4357 ὠδίνει
2808 4304 2999 4376 μαθεῖν
3034 4309 3180 4373 τίνος
3205 4308 3391 4363 ἐνεκεν
3435 4312 3536 4366 οὐκ
3560 4314 3621 4381 ἐξ
3651 4317 3831 4389 ἀρχῆς

2156 4392 2217 4444 τὸ
2251 4390 2455 4462 βιϐλίον
2496 4393 2652 4446 τοῦτο
2692 4393 2871 4465 ἐδόθη,
2912 4396 3027 4449 ἀλλ’
3051 4399 3171 4451 οὺδέ
3210 4399 3309 4453 νῦν
3337 4400 3447 4472 ὁρῶ
3493 4402 3587 4455 τὸν
3634 4406 3832 4476 καιρὸν

2156 4478 2285 4533 ὄντα
2308 4481 2406 4551 τῆς
2431 4479 2737 4552 ἐξηγήσεως
2769 4481 2993 4553 ταύτης.
3031 4484 3095 4536 Τί
3132 4484 3367 4556 δήποτε;
3400 4488 3544 4562 Πρὸς
3574 4491 3638 4545 τὸ
3675 4493 3831 4558 τέλος

2157 4568 2343 4638 ήμῖνή
2386 4568 2621 4637 ἑϐδομὰς
2648 4570 2951 4642 ἀπήντησε,
2998 4573 3090 4626 ml
3116 4573 3329 4628 δέδοικα
3370 4576 3472 4646 τῆς
3512 4579 3831 4645 ὑποθέσεως

2156 4653 2419 4723 ἅψασθαι,
2448 4651 2567 4709 εἶτα
2597 4656 2800 4721 εὐθέως
2825 4658 3055 4729 ἐγκόψαι
3077 4661 3176 4733 τὴν
3205 4660 3576 4719 διδασκαλίαν.
3608 4668 3830 4723 Πολλῶν

2155 4739 2263 4812 γάρ
2287 4742 2481 4815 ἐφεξῆς
2509 4743 2732 4815 ήμερῶν
2753 4745 2883 4815 ήμῖν
2913 4748 2946 4817 ή
2978 4746 3231 4812 ὑπόθεσις
3255 4748 3538 4805 δεῖταικαὶ
3569 4755 3830 4826 συνεχοῦς
3872 4734 3875 4793 ἶ

2156 4826 2257 4895 τῆς
2293 4829 2545 4899 μνήμηςο
2582 4829 2663 4882 διὸ
2700 4830 2862 4883 πάλιν
2898 4830 3068 4903 αὐτὴν
3095 4834 3509 4906 ἀναϐαλώμεθα.
3552 4839 3724 4894 Ἀλλά
3754 4841 3829 4913 μὴ

2155 4912 2540 4987 δυσχεράνητε,
2581 4917 2719 4987 μετά
2754 4919 2915 4971 τόκου
2955 4919 3172 4983 πάντως
3214 4921 3343 4992 ὑμῖν
3379 4924 3743 4999 ἀποδώσομεν
3762 4912 3829 4983 τὸ

2155 4999 2342 5071 χρέος*
2376 5000 2518 5054 οῦτω
2548 5002 2656 5074 γάρ
2684 5002 2779 5055 ml
2806 5005 2935 5074 ἡμῖν
2966 5013 2990 5043 ο
3023 5006 3133 5067 τοῖς
3169 5007 3565 5064 καταϐάλλουσι
3614 5015 3829 5086 συμφέ-

2158 5102 2270 5158 per
2302 5087 2440 5151 τέως
2469 5088 2526 5140 δέ
2553 5088 2615 5141 τὸ
2661 5088 2788 5160 χθὲς
2835 5091 3201 5162 παραλειφθὲν
3235 5095 3468 5166 ἐροῦμεν
3499 5096 3619 5154 νῦν.
3656 5101 3727 5155 Τί
3771 5102 3829 5156 δέ

2154 5171 2217 5225 τὸ
2245 5174 2371 5244 χθές
2401 5174 2774 5246 παραλειφθὲν
2800 5172 2901 5247 ἧνς
2927 5178 3291 5250 Περιεπάτει,
3315 5186 3498 5255 φησὶν,
3523 5188 3558 5240 ό
3581 5187 3737 5257 Θεὸς
3761 5190 3830 5244 ἐν

2153 5259 2235 5325 τῷ
2265 5260 2606 5329 παραδείσῳ
2638 5264 2705 5316 τὸ
2746 5263 3030 5319 δειλινόν.
3068 5267 3131 5320 Τί
3172 5267 3371 5337 λέγεις,
3413 5273 3534 5326 εἰπέ
3566 5292 3685 5344 μοι,
3716 5281 3828 5333 Πε-

2145 5347 2412 5413 ριεπάτει
2449 5351 2483 5402 ό
2524 5351 2704 5415 Θεός;
2738 5351 2814 5404 Οὐ
2859 5355 3177 5424 περιεπάτει
3212 5358 3241 5410 ό
3274 5358 3406 5422 Θεός
3430 5376 3444 5390 ο
3489 5361 3611 5426 πῶς
3639 5361 3753 5436 γάρ
3796 5367 3827 5419 ὁ

2154 5436 2428 5526 πανταχοῦ
2451 5437 2665 5509 παρὼν,
2693 5441 2787 5493 ml
2811 5439 2879 5494 τά
2910 5441 3086 5497 πάντα
3116 5445 3372 5517 πληρῶν;
3405 5448 3541 5501 ἀλλά
3564 5454 3829 5526 τοιαύτην

2154 5521 2405 5613 αἰσθησιν
2426 5526 2648 5613 ἐνέθηκε
2677 5527 2755 5597 τῷ
2792 5528 2979 5599 Ἀδάμ,
3012 5530 3080 5583 ἵν’
3103 5533 3297 5587 ἐαυτὸν
3321 5536 3601 5610 συστείλῃ,
3635 5539 3734 5595 ἵνα

2151 5604 2540 5697 διακεχυμένος
2570 5607 2625 5686 ᾖ,
2659 5613 2745 5666 ἵνα
2781 5613 2844 5667 τὸ
2887 5619 3077 5685 φυγεῖν
3118 5620 3213 5674 καὶ
3252 5604 3831 5697 κρυϐῆναι

2151 5696 2253 5767 τῆς
2284 5697 2578 5767 ἀπολογίας
2606 5699 2943 5773 προϐάληται
2978 5703 3007 5745 (ι
3043 5706 3136 5760 καὶ
3168 5707 3273 5778 πρὸ
3295 5708 3404 5764 τῶν
3438 5696 3718 5784 ῥημάτων
3740 5716 3831 5771 αὑ-

2213 5884 2243 5957 ξ
2266 5885 2417 5957 ξετίί.
2446 5888 2624 5957 et_d_uq
2642 5903 2756 5957 πιθα.
2779 5892 3113 5957 μεθημερινῶν.

2217 5949 2240 6013 ξ
2265 5948 2413 6013 Sqﬁil.
2442 5951 2521 6013 καὶ
2540 5952 2648 6012 ὺμῖν
2669 5952 2748 5999 καὶ
2773 5948 2901 6013 ἡμῖν.

2217 6008 2242 6046 ἀ
2268 6009 2366 6059 ΑΙίί
2389 6015 2437 6057 εἰ
2462 6008 2611 6061 Ξενίι.
2637 6008 3069 6077 προκαταϐάληται.
