3892 6236
195 363 266 419 επ
1092 349 1183 402 AD
1223 345 1542 403 renown
1587 345 2081 402 ANTIOCHENUM
2144 342 2376 401 ttOMlL.
2420 345 2554 401 vut.
3055 321 3072 340 ‘
3411 355 3486 414 os

197 471 374 528 rebant
423 485 443 524 :
494 468 719 524 Sanctus
743 508 759 532 ,
808 472 1012 520 sanctus
1033 503 1048 530 ,
1096 474 1300 519 sanctus
1353 463 1606 517 Dominus
1653 460 1790 516 Dens

197 559 636 632 Sabaoth:plena
665 559 830 615 omnis
863 568 998 612 terra
1025 559 1189 628 gloria
1222 559 1330 628 ejus
1363 557 1387 629 (-
1405 557 1528 612 1εοὶ.
1565 556 1618 611 6.
1653 553 1788 620 1-5).

202 654 394 708 Vidisti
415 668 536 707 cum
559 659 758 721 quanto
791 651 982 706 timore
999 691 1016 717 ,
1040 659 1238 719 quanto
1264 649 1487 704 horrore
1515 649 1794 702 nominaut

204 761 322 800 eum
353 744 710 814 gloriﬁcantes
739 753 796 798 et
837 742 1157 796 laudantes?
1178 742 1260 796 Tu
1298 755 1424 796 vero
1466 741 1516 795 in
1545 740 1793 810 precibus

200 837 416 906 quidem
449 846 500 890 et
525 835 1001 906 supplicationibus
1028 850 1146 890 cum
1174 835 1344 888 multo
1369 838 1584 894 invocas
1621 835 1792 904 ipsum

203 936 443 996 torpore,
470 928 683 997 quando
713 928 1026 982 horrescere
1055 926 1354 996 oportebat,
1385 934 1440 980 et
1464 927 1712 995 vigilare,
1743 934 1796 980 et

203 1019 446 1074 sobrium
502 1034 623 1074 esse
652 1037 665 1072 :
701 1019 752 1072 in
785 1019 1014 1087 iurando
1062 1034 1190 1072 vero
1214 1060 1228 1082 ,
1260 1033 1380 1075 cum
1437 1035 1537 1074 nee
1579 1020 1798 1075 omnino

202 1109 474 1165 adducere
523 1110 837 1164 admirabile
883 1125 1076 1164 nomen
1128 1111 1446 1178 oportebat,
1479 1112 1622 1164 varia
1652 1127 1800 1180 quac-

203 1201 330 1256 dam
359 1211 412 1258 et
437 1203 540 1257 alia
562 1216 724 1270 super
749 1202 852 1256 alia
876 1203 1153 1257 connectis
1177 1202 1500 1270 juramenta.
1537 1203 1602 1257 Et
1625 1203 1801 1272 qualis

203 1294 397 1360 venia,
427 1309 544 1363 qua:
585 1308 713 1346 vero
757 1292 909 1348 nobis
948 1295 1050 1348 erit
1091 1294 1398 1359 excusatio,
1443 1295 1568 1348 licet
1607 1293 1804 1349 millies

204 1384 652 1440 consuetudinem
705 1383 1018 1452 objiciamus
1051 1385 1075 1426 ν
1130 1385 1332 1440 Dicitur
1387 1383 1526 1454 quod
1585 1384 1800 1453 quidam

207 1486 556 1530 externorum
588 1485 858 1529 oratorum
889 1473 962 1545 (a)
1005 1490 1113 1544 prae
1139 1476 1364 1544 quadam
1393 1477 1554 1530 stulta
1579 1491 1804 1530 consue—

211 1567 399 1620 tudine
425 1567 702 1621 dexterum
732 1565 908 1619 eundo
959 1565 1236 1620 humerum
1277 1565 1491 1621 assidue
1521 1568 1798 1629 movebat,

206 1659 307 1712 sed
352 1668 527 1712 tamen
576 1656 1016 1711 Consuetudinem
1066 1657 1228 1722 vicit,
1280 1665 1334 1711 et
1375 1657 1584 1726 gladios
1621 1667 1805 1713 acutos

205 1749 484 1816 utrimque
509 1749 743 1803 humeris
771 1748 1042 1816 imposuit,
1077 1759 1134 1802 ut
1156 1749 1391 1804 vulneris
1418 1751 1607 1804 timore
1638 1766 1806 1804 mem-

206 1841 370 1894 brum
394 1839 570 1909 inepte
599 1851 658 1894 se
693 1854 912 1894 movens
951 1840 1278 1909 corrigeret:
1313 1840 1416 1895 hoc
1441 1848 1493 1894 et
1524 1849 1577 1894 tu
1617 1841 1807 1910 lingute

207 1928 408 1995 facias,
443 1939 496 1985 et
528 1929 627 2001 ipsi
659 1945 757 2000 pro
779 1930 955 1999 gladio
989 1931 1182 1985 divinze
1225 1945 1396 2000 pinna:
1437 1932 1681 1987 timorem
1710 1933 1811 1986 im-

210 2037 391 2091 pone,
422 2032 477 2077 et
520 2023 739 2077 omnino
785 2024 1078 2092 superabis.
1116 2023 1447 2094 linpossibile
1491 2026 1669 2090 enim,
1707 2025 1809 2080 im-

213 2115 511 2184 possibile,
557 2116 771 2185 inquam
798 2157 811 2180 ,
853 2127 935 2171 est
985 2116 1304 2173 meditantes
1333 2127 1388 2172 et
1431 2117 1708 2172 studentes
1758 2129 1813 2174 et

211 2221 355 2275 opus
400 2206 501 2262 hoc
552 2207 805 2262 facientes
855 2208 1104 2277 uiniquam
1159 2209 1422 2277 superari.
1467 2209 1616 2264 Dicta
1670 2225 1812 2265 nunc

216 2297 449 2352 laudatis
470 2338 486 2362 ,
518 2298 610 2352 sed
642 2313 764 2352 cum
793 2299 1020 2354 correcti
1041 2300 1275 2365 fueritis,
1303 2301 1470 2370 magis
1498 2301 1818 2372 laudabitis,

285 2479 359 2543 (a)
393 2479 770 2530 Demosthenes.

1899 475 2016 516 none
2031 471 2233 517 tantum
2266 477 2363 518 nos
2382 506 2397 529 ,
2421 463 2516 520 sed
2541 471 2593 518 et
2620 478 2714 520 vos
2742 467 2885 535 ipsos
2907 508 2921 530 ,
2940 475 2994 522 et
3025 481 3144 524 cum
3173 470 3378 540 majore
3401 490 3487 528 νο·
3511 518 3517 540 ,

1898 551 2099 620 luptate
2118 554 2345 609 audietis
2369 570 2487 624 quae
2515 555 2762 612 dicentur
2779 600 2794 624 ,
2821 565 3016 616 etcum
3045 574 3188 629 pura
3204 563 3486 622 conscien—
3514 547 3516 554 ’

1901 644 1971 698 tia
2003 645 2164 700 Deum
2191 647 2535 714 invocabitis,
2559 649 2646 718 qui
2674 659 2883 704 tantum
2905 651 2996 706 tibi
3029 652 3216 720 parcit,
3242 657 3486 721 utidteat,

1908 736 2086 806 Neque
2119 755 2208 808 per
2231 749 2382 809 caput
2407 749 2545 792 tuum
2560 741 2762 810 jurabis
2784 741 2997 814 (Matth.
3022 744 3076 799 5.
3108 743 3246 815 56);
3277 756 3336 800 tu
3361 763 3492 804 vero

1901 831 1980 885 sic
2008 830 2176 898 ipsum
2204 832 2506 886 contemnis
2525 873 2539 898 ,
2570 841 2622 886 ut
2659 843 2711 888 et
2741 849 2839 903 per
2873 835 3036 905 ipsius
3063 836 3288 907 gloriam
3314 840 3488 909 jus-es.

1904 921 1970 974 Et
1995 921 2119 990 quid
2151 921 2338 976 faciam
2366 965 2380 989 ,
2420 923 2622 993 inquiet
2665 927 2855 995 aliquis
2880 969 2893 989 ,
2926 927 3183 984 adversus
3222 945 3317 986 eos
3339 973 3353 998 ,
3400 933 3494 1003 qui

1906 1014 2276 1068 necessitatem
2343 1014 2640 1069 inducunt?
2700 1015 2920 1084 Qualem
2994 1021 3406 1085 necessitatem,
3461 1039 3496 1079 ο

1906 1103 2109 1157 homo?
2147 1105 2360 1160 Discant
2401 1120 2590 1161 omnes
2634 1115 2687 1162 te
2730 1109 2909 1163 omnia
2954 1110 3112 1165 malle
3162 1113 3300 1181 pati,
3329 1129 3505 1183 quam-

1908 1194 2001 1247 Dei
2022 1194 2190 1263 legem
2209 1195 2528 1264 transgredi,
2546 1206 2600 1251 et
2625 1198 2698 1253 ab
2717 1198 2987 1254 inferenda
3016 1204 3333 1259 necessitate
3354 1205 3496 1260 desi-

1907 1294 2066 1340 stent.
2097 1285 2247 1352 Quod
2268 1287 2408 1341 enim
2441 1304 2545 1343 non
2572 1289 2932 1358 juramcntum
2959 1293 3063 1349 lide
3083 1294 3298 1364 dignum
3320 1296 3498 1352 homi-

1909 1392 2028 1430 nem
2060 1378 2246 1443 faciat,
2272 1379 2367 1434 sed
2414 1381 2536 1435 vitae
2567 1383 2958 1448 testimoni-um,
2991 1393 3046 1440 et
3075 1389 3498 1446 conversationis

1908 1467 2184 1537 integritas
2203 1510 2217 1535 ,
2244 1479 2297 1524 ct
2326 1486 2478 1526 mens
2507 1472 2642 1527 bona
2664 1516 2678 1540 ,
2709 1490 2852 1545 saepe
2882 1477 3031 1530 multi
3055 1477 3296 1548 jurantes
3321 1480 3499 1535 disru-

1911 1559 1984 1627 pti
2029 1569 2192 1626 sunt,
2221 1569 2276 1615 et
2317 1577 2422 1616 non
2471 1575 2878 1632 persuaserunt;
2912 1569 2998 1623 alii
3042 1585 3172 1625 vero
3201 1581 3500 1629 annuentes

1911 1659 2147 1716 tantum,
2195 1654 2363 1707 multo
2403 1654 2596 1724 jnratis
2645 1657 2748 1712 ﬁde
2797 1659 3064 1730 digniores
3116 1673 3501 1732 apparuerunt.

1912 1742 2040 1797 Haec
2070 1744 2227 1816 igitur
2272 1747 2450 1800 omnia
2494 1749 2722 1804 scientes
2743 1792 2760 1816 ,
2786 1759 2840 1804 et
2869 1766 3079 1820 poenam
3117 1753 3420 1823 jurantibus
3447 1765 3504 1810 et

1915 1835 2273 1904 pejcruntibus
2325 1848 2575 1893 statutam
2631 1851 2754 1896 ante
2804 1844 2988 1899 oculos
3041 1859 3348 1915 ponentes,
3395 1848 3503 1902 im-

1916 1927 2082 1995 proba
2111 1930 2498 1986 consuetudine
2519 1932 2860 2000 absistamus,
2885 1944 2942 1989 ut
2970 1935 3095 1991 hinc
3123 1946 3178 1991 et
3207 1938 3270 1991 ad
3302 1938 3505 2008 reliqua

1916 2018 2226 2087 gradientes
2255 2021 2465 2076 virtutis
2495 2039 2679 2093 opera,
2705 2040 3098 2098 consequamur
3120 2028 3258 2084 bona
3289 2029 3464 2085 futura
3489 2049 3505 2086 :

1917 2123 2037 2176 quae
2067 2124 2164 2163 nos
2194 2125 2382 2166 omnes
2415 2115 2625 2184 assequi
2663 2115 2853 2183 detur,
2880 2118 3049 2187 gratia
3085 2129 3140 2176 et
3183 2121 3510 2192 benignitate

1918 2199 2125 2254 Domini
2166 2203 2331 2256 nostri
2366 2203 2492 2258 Jesu
2534 2205 2772 2271 Christi,
2797 2224 2893 2278 per
2931 2225 3089 2279 quem
3134 2219 3190 2266 et
3232 2227 3356 2267 cum
3399 2228 3508 2284 quo

1921 2289 2064 2344 Patri
2107 2308 2210 2347 una
2255 2309 2374 2348 cum
2431 2295 2634 2365 Spiritu
2685 2311 2874 2355 sancto
2919 2301 3127 2370 gloria,
3181 2303 3463 2374 imperium
3491 2345 3508 2371 ,

1920 2379 2295 2450 honor,nunc
2336 2395 2390 2441 et
2437 2403 2683 2458 semper,
2713 2401 2767 2446 et
2814 2393 2868 2447 in
2921 2395 3115 2449 saecula
3167 2397 3507 2454 saeculorum.

1920 2476 2112 2530 Amen.

222 2602 3514 2636 _.___.__.__.______________.__________________________.

222 2679 312 2721 ΑΙ)
357 2678 680 2722 γιιιτυτελι
727 2674 1272 2741 Εκαοιιτηιρρπ
1314 2674 1379 2741 ll!
1422 2675 1612 2741 ιμυι)
1653 2675 1933 2731 GENESIS,
1959 2679 2428 2725 DEAMBULABAT
2468 2683 2629 2728 DEUS
2673 2685 2740 2730 IN
2784 2687 3057 2732 MERIDIE
3100 2691 3167 2736 IN
3208 2692 3517 2741 ΡΑιιΑυιεο

1117 2734 1296 2815 (Gen.
1343 2735 1404 2796 3.
1449 2735 1538 2811 8),
1591 2755 1673 2800 ΕΤ
1715 2756 1800 2798 nn
1844 2757 2184 2804 roerenms
2213 2759 2632 2808 summersus.

849 3022 1070 3062 HOIIXLIA
1107 3022 1217 3061 VIII.

302 3147 353 3201 l.
386 3143 625 3199 Audistis
653 3157 844 3212 nuper,
876 3139 1148 3212 quomodo
1173 3139 1348 3195 omnis
1374 3138 1650 3210 Scriptura
1688 3154 1822 3194 con-

225 3238 549 3292 solationem
593 3234 779 3289 afferat
807 3243 862 3288 et
889 3231 1259 3303 refrigerium,
1304 3231 1431 3286 licet
1460 3230 1712 3286 historica
1757 3231 1828 3286 sit

226 3329 489 3384 narratio.
522 3325 728 3381 Etenim
756 3324 885 3380 illud
912 3347 924 3382 :
948 3321 1015 3377 In
1042 3323 1295 3394 principio
1331 3322 1451 3392 fecit
1477 3320 1614 3375 Deus
1648 3321 1827 3376 caelum

227 3431 276 3475 et
324 3431 510 3473 terram
553 3415 723 3489 (Gen.
754 3419 806 3472 l.
838 3417 861 3471 l
889 3415 934 3486 ),
973 3413 1212 3471 historiae
1249 3414 1512 3484 expositio
1555 3422 1705 3468 erat:
1734 3414 1827 3468 sed

232 3509 628 3565 demonstravit
671 3508 843 3562 oratio
890 3518 944 3560 et
993 3506 1158 3561 multa
1204 3505 1416 3575 plenam
1463 3504 1831 3559 consolatione

230 3602 524 3658 dictionem
553 3615 672 3655 esse
706 3617 720 3654 :
751 3600 907 3669 quale
935 3607 1037 3666 est,
1065 3597 1204 3668 quod
1227 3597 1490 3667 duplicem
1516 3597 1656 3651 Deus
1677 3611 1832 3650 men-

231 3711 350 3750 sam
380 3693 598 3757 fecerit,
631 3701 829 3747 terram
858 3701 911 3746 et
942 3705 1091 3745 mare
1120 3688 1277 3745 simul
1307 3702 1513 3760 ponens
1541 3705 1556 3742 :
1587 3696 1641 3742 et
1668 3687 1829 3742 lumi-

234 3787 386 3842 naria
414 3785 647 3856 gemina,
681 3783 850 3838 solem
877 3790 931 3838 et
950 3781 1128 3835 lunam
1160 3794 1391 3850 superne
1419 3779 1715 3835 accendens
1743 3784 1835 3833 :et

232 3878 468 3948 duplicis
508 3891 695 3930 cursus
735 3883 980 3946 tempus,
1012 3871 1156 3928 diem
1203 3881 1256 3926 et
1302 3879 1511 3926 noctem
1543 3878 1831 3940 operatus:

239 3970 392 4025 illum
420 3969 630 4039 quidem
666 3968 718 4021 in
749 3966 1143 4036 operationem,
1180 3963 1316 4018 hanc
1342 3964 1392 4016 in
1418 3963 1676 4032 requiem.

313 4062 498 4115 Noctis
543 4059 848 4113 utilitas.-—-
873 4057 990 4112 Non
1032 4056 1174 4112 enim
1224 4054 1398 4110 minus
1442 4054 1793 4108 ministerium
1819 4092 1836 4118 ,

237 4172 401 4225 quam
433 4155 548 4209 dies
580 4153 734 4207 nobis
774 4166 880 4206 nox
919 4149 1102 4215 all'ert;
1147 4148 1243 4204 sed
1288 4148 1425 4202 sicut
1467 4147 1519 4201 in
1562 4145 1840 4201 arboribus

240 4249 391 4311 dixi,
419 4247 560 4316 quod
590 4246 874 4300 fructuosis
910 4243 1254 4298 infructuosae
1292 4242 1536 4296 aemulam
1570 4240 1841 4309 praebcant

243 4341 552 4405 utilitatem,
587 4338 840 4392 facientes
870 4351 937 4391 ne
961 4350 1215 4405 cogamur
1239 4334 1305 4388 ad
1336 4333 1558 4388 aedificia
1580 4332 1841 4387 domestic

245 4445 341 4486 cas
371 4429 592 4483 arbores
612 4429 871 4496 attingere
896 4444 911 4481 :
932 4436 985 4480 et
1004 4424 1378 4480 mansuefactis
1397 4423 1715 4478 animalibus
1735 4438 1840 4477 non

243 4528 513 4578 minorem
543 4523 698 4576 nobis
726 4523 1010 4576 utilitatem
1053 4520 1330 4592 sylvestria
1367 4527 1420 4574 et
1463 4519 1682 4573 immitia
1708 4518 1843 4573 affe-

245 4624 399 4678 runt,
432 4629 549 4682 quae
579 4614 772 4667 timore
799 4612 882 4666 sui
913 4627 1010 4666 nos
1038 4612 1089 4665 in
1117 4613 1277 4666 urbes
1307 4611 1666 4679 compellunt,
1712 4609 1843 4665 red-

245 4707 385 4760 dunt
427 4704 731 4766 cautiores,
777 4711 831 4757 et
876 4718 975 4758 nos
1021 4711 1205 4756 mutuo
1251 4701 1656 4771 constringunt,
1686 4709 1845 4770 atque

247 4798 446 4850 horum
474 4795 685 4865 quidem
712 4803 966 4849 exercent
997 4797 1269 4857 virtutem,
1302 4794 1514 4848 illorum
1543 4807 1670 4848 vero
1696 4807 1842 4847 mor-

252 4891 356 4944 bos
387 4889 641 4955 solvunt;
685 4888 848 4943 multa
880 4888 1022 4942 enim
1049 4905 1116 4942 ex
1146 4889 1210 4942 iis
1239 4888 1623 4943 medicamenta
1653 4889 1847 4943 medici

248 4981 580 5044 conﬁciunt;
626 4980 827 5050 antiqui
887 4980 1012 5034 item
1071 4993 1170 5034 nos
1221 4979 1427 5051 peccati
1481 4989 1844 5035 commonent.

250 5073 389 5126 Cum
419 5072 562 5126 enim
590 5071 810 5125 audiero
832 5113 846 5136 ,
880 5069 1050 5123 Timor
1079 5079 1238 5124 uester
1274 5071 1366 5124 erit
1393 5087 1545 5140 super
1571 5087 1740 5124 omnes
1765 5070 1850 5124 be-

252 5165 382 5219 stias
413 5174 560 5217 terrae
576 5159 730 5234 (Gen.
754 5163 806 5217 9.
827 5162 906 5234 2),
933 5171 988 5215 et
1015 5170 1194 5230 postea
1220 5162 1474 5216 honorem
1503 5161 1643 5216 hunc
1668 5162 1850 5216 subla-

255 5265 370 5309 tum
423 5253 646 5319 videro,
686 5255 889 5323 peccati
941 5252 1278 5321 reminiscar,
1322 5252 1464 5322 quod
1507 5259 1560 5306 et
1603 5253 1848 5308 timorem

258 5345 434 5400 nostri
465 5343 726 5403 dissolvit.
755 5353 810 5398 et
838 5343 1191 5413 principatum
1237 5339 1501 5396 imminuit
1525 5383 1540 5407 ,
1569 5352 1622 5396 et
1651 5343 1851 5396 efﬁciat

256 5435 454 5489 melior
479 5442 533 5488 et
558 5433 888 5503 prudentior,
917 5432 1171 5487 damnum
1194 5448 1259 5487 ex
1291 5443 1510 5502 peccato
1539 5432 1695 5486 nobis
1725 5432 1846 5488 illa-

258 5534 376 5579 tum
403 5523 812 5592 contemplatus.
853 5523 1007 5578 Sicut
1047 5523 1207 5592 igitur
1229 5562 1245 5588 ,
1274 5521 1415 5591 quod
1442 5529 1497 5576 et
1523 5530 1676 5576 antea
1707 5521 1852 5591 dixi,

259 5615 329 5670 ad
358 5615 520 5671 vitam
553 5613 706 5668 nobis
731 5614 911 5669 omnia
937 5614 1220 5670 conferunt
1243 5615 1358 5668 haec
1385 5628 1505 5684 qua:
1531 5609 1672 5668 dicta
1693 5621 1852 5684 sunt,

264 5719 321 5764 et
350 5707 457 5763 alia
488 5707 570 5762 his
599 5707 780 5778 plura,
803 5723 920 5778 quae
949 5707 1038 5776 qui
1065 5704 1189 5761 fecit
1217 5705 1357 5760 Deus
1381 5747 1396 5771 ,
1430 5705 1541 5775 ipse
1567 5706 1712 5760 novit
1741 5725 1753 5758 :
1784 5708 1857 5762 ita

265 5799 484 5871 quidem
535 5806 590 5856 et
638 5813 744 5855 nox
797 5812 902 5854 non
945 5797 1240 5864 minorem,
1282 5810 1439 5868 quam
1485 5795 1599 5851 dies
1631 5835 1648 5863 ,
1703 5812 1854 5852 usum

1933 3008 2103 3074 affert,
2132 3024 2254 3065 cum
2283 3010 2524 3067 laborum
2555 3014 2625 3069 sit
2653 3017 2885 3085 requies,
2917 3027 2972 3074 et
3001 3019 3310 3076 morborum
3347 3022 3515 3078 medi-

1927 3098 2068 3153 cina.
2112 3100 2268 3170 Saepe
2309 3103 2451 3156 enim
2498 3104 2687 3160 medici
2731 3108 2895 3164 multa
2938 3111 3162 3179 operati,
3207 3121 3265 3167 et
3306 3112 3512 3169 inﬁnita

1929 3191 2283 3248 medicamina
2311 3194 2501 3260 moliti,
2531 3211 2562 3249 a
2590 3197 2778 3252 morbo
2803 3214 3004 3269 mgrum
3032 3201 3259 3257 liberare
3293 3218 3399 3258 non
3426 3220 3520 3274 po-

1933 3294 2186 3350 tuerunt;
2232 3302 2452 3343 somnus
2494 3299 2672 3345 autem
2722 3302 2915 3360 sponte
2964 3295 3276 3363 adveniens,
3307 3312 3521 3354 omnem

1931 3378 2092 3432 solvit
2116 3379 2483 3450 aegritudinem
2503 3422 2518 3448 ,
2551 3391 2608 3437 et
2645 3383 2866 3438 inﬁnitis
2893 3384 2997 3440 illis
3026 3384 3294 3443 laboribus
3325 3388 3521 3444 libera-

1934 3471 2046 3525 vit:
2077 3487 2173 3526 nec
2199 3474 2398 3528 morbis
2439 3484 2639 3530 tantum
2671 3478 2910 3546 corporis
2931 3518 2948 3544 ,
2979 3479 3071 3533 sed
3099 3487 3154 3534 et
3181 3481 3372 3535 anima:
3412 3497 3521 3537 nox

1935 3571 2019 3616 est
2047 3563 2332 3632 medicina,
2356 3565 2599 3622 dolentes
2620 3569 2825 3624 animas
2851 3571 3062 3626 sedans.
3086 3570 3240 3642 Saepe
3260 3574 3522 3644 quispiam

1938 3665 2216 3727 postquam
2245 3658 2408 3712 ﬁlium
2435 3661 2646 3726 amisit,
2679 3663 2973 3719 innumeris
3014 3665 3089 3720 illi
3133 3667 3526 3724 consolationes

1941 3747 2297 3815 aﬂ‘erentibus,
2333 3766 2360 3804 a
2388 3750 2599 3806 ﬂetibus
2621 3761 2676 3808 et
2694 3755 2891 3824 gemitu
2911 3755 3170 3812 desistere
3192 3774 3299 3814 non
3326 3759 3524 3826 valuit;

1942 3847 2100 3894 nocte
2126 3855 2252 3895 vero
2275 3843 2709 3911 superveniente,
2738 3847 2909 3900 somni
2932 3849 3094 3902 cessit
3121 3849 3344 3918 imperio
3365 3866 3526 3919 supe—

1941 3942 2091 3988 ratus
2114 3974 2128 3999 ,
2159 3934 2441 4004 palpebras
2465 3935 2532 3989 ad
2567 3952 2812 3991 somnum
2845 3940 3170 4006 composuit,
3202 3949 3258 3995 et
3285 3944 3526 4011 exiguam

1943 4024 2243 4094 quampiam
2271 4025 2583 4080 diurnorum
2613 4027 2756 4096 cepit
2797 4027 3055 4082 malorum
3086 4030 3526 4085 consolationem.

1943 4115 2058 4185 Age
2077 4130 2206 4170 vero
2227 4114 2336 4185 jam
2362 4116 2428 4169 ad
2453 4117 2728 4171 materiam
2755 4132 2936 4172 eamus
2965 4118 3104 4173 unde
3127 4121 3385 4188 processit
3411 4135 3534 4174 ora-

1947 4208 2038 4263 tio.
2065 4208 2196 4263 Nam
2219 4209 2384 4278 probe
2406 4210 2527 4264 novi
2550 4225 2644 4264 vos
2669 4209 2794 4266 huic
2818 4225 3004 4266 omnes
3025 4211 3249 4279 inhiare,
3273 4223 3327 4268 et
3346 4229 3534 4283 quem-

1950 4317 2055 4374 que
2101 4303 2314 4360 discere
2358 4313 2612 4373 exoptare
2661 4321 2764 4374 qua
2805 4303 2875 4358 de
2919 4319 3080 4360 causa
3121 4321 3228 4360 non
3271 4305 3342 4360 ab
3385 4306 3536 4361 initio

1948 4395 2125 4450 editus
2150 4396 2220 4450 sit
2249 4395 2334 4449 hic
2358 4395 2495 4450 liber
2523 4413 2536 4449 :
2566 4396 2660 4450 sed
2690 4410 2865 4466 neque
2888 4412 3031 4451 nunc
3058 4398 3404 4466 expositionis
3430 4398 3533 4452 hu-

1944 4490 2033 4561 jus
2074 4505 2194 4545 esse
2242 4499 2449 4560 tempus
2491 4490 2667 4545 video.
2695 4491 2833 4558 Quid
2874 4491 2945 4546 ita
2992 4491 3348 4546 tandemiAd
3376 4493 3534 4547 tinem

1951 4583 2107 4639 nobis
2136 4583 2252 4638 hazc
2277 4583 2490 4638 devenit
2520 4582 2842 4646 hebdomas,
2875 4591 2930 4637 et
2970 4583 3246 4637 materiam
3277 4584 3538 4653 attingere

1954 4688 2172 4743 metuo,
2211 4676 2406 4731 deinde
2452 4677 2628 4730 statim
2683 4676 3071 4748 expositionem
3123 4677 3535 4747 intercepturus.

1952 4769 2130 4824 Multis
2178 4769 2320 4824 enim
2367 4768 2556 4824 diebus
2600 4783 2732 4838 opus
2783 4767 2943 4824 habet
2982 4768 3085 4823 hoc
3129 4778 3498 4839 argumentum
3528 4812 3542 4836 ,

1953 4863 2175 4932 ejusque
2223 4862 2423 4916 mentio
2472 4861 2778 4930 frequenter
2829 4861 3069 4915 habenda
3115 4879 3130 4916 :
3167 4861 3288 4916 ideo
3325 4877 3539 4917 rursum

1955 4954 2126 5024 ipsum
2169 4952 2494 5007 differamus.
2523 4953 2625 5007 Sed
2655 4967 2724 5006 ne
2748 4967 2889 5022 :egre
2927 4952 3142 5019 feratis,
3175 4967 3297 5008 cum
3336 4951 3542 5010 frenare

1954 5044 2106 5100 vobis
2132 5044 2349 5098 omnino
2378 5044 2612 5098 debitum
2639 5043 2962 5099 reddemus:
2989 5045 3068 5100 sic
3095 5045 3238 5100 enim
3268 5053 3322 5100 et
3350 5045 3506 5100 nobis
3523 5048 3538 5078 '

1954 5138 2043 5207 qui
2087 5138 2437 5207 persolvimus
2463 5137 2713 5207 expedit:
2743 5152 2884 5191 nunc
2934 5150 3109 5192 autem
3150 5137 3363 5193 interim
3394 5137 3543 5192 dice-

1959 5244 2078 5282 mus
2103 5227 2242 5296 quod
2264 5229 2374 5281 heri
2401 5227 2643 5282 relictum
2672 5227 2786 5282 fuit.
2804 5228 2938 5296 Quid
2961 5237 3136 5284 autem
3161 5228 3271 5283 heri
3299 5227 3538 5283 relictum

1957 5318 2094 5373 fuit?
2125 5319 2507 5383 Deambulabat,
2541 5319 2730 5388 inquit,
2762 5319 2898 5374 Deus
2925 5321 2977 5372 in
3003 5320 3240 5391 paradiso
3260 5318 3315 5372 in
3337 5316 3543 5375 meridie

1961 5409 2113 5482 (Gen.
2139 5412 2192 5466 5.
2223 5410 2299 5480 8).
2323 5410 2460 5478 Quid
2488 5410 2587 5475 ais,
2618 5407 2988 5464 Deambulabat
3017 5410 3192 5465 Dens?
3210 5407 3328 5465 Non
3361 5408 3546 5465 deam-

1958 5502 2171 5557 bulabat
2201 5519 2214 5556 :
2245 5501 2515 5573 quomodo
2562 5501 2705 5557 enim
2756 5502 2950 5571 ubique
2999 5515 3234 5570 [it-reseas
3271 5509 3326 5556 et
3366 5501 3547 5557 omnia

1959 5598 2218 5668 impleas?
2251 5599 2344 5654 sed
2389 5599 2441 5654 in
2483 5599 2652 5654 Adam
2691 5599 2850 5652 talem
2875 5611 3091 5653 sensum
3117 5597 3324 5668 posuit,
3359 5605 3420 5652 ut
3454 5611 3542 5652 se-

1961 5689 2134 5760 ipsum
2160 5691 2483 5760 corriperet,
2517 5704 2583 5744 ne
2609 5689 2899 5745 dissolutus
2923 5697 3066 5746 esset
3083 5730 3098 5757 ,
3131 5698 3188 5745 ut
3213 5687 3464 5761 fugiendo
3489 5695 3544 5743 et

2030 5807 2045 5838 ί
2085 5811 2131 5854 1η
2156 5813 2259 5856 Sav.
2286 5804 2386 5869 leg.
2419 5820 2430 5854 :
2459 5810 2514 5857 ει
2531 5801 2659 5856 vobis
2681 5810 2726 5854 et
2747 5799 2898 5853 nobis.
