3920 6224
377 363 446 422 99
1082 352 1139 410 S.
1179 345 1455 409 JOANNIS
1489 343 1961 404 CHRYSOSTOMI
1999 347 2315 407 ARCHIEP.
2355 349 2890 412 CONSTANTINOP.

373 475 590 534 latendo
616 473 847 544 aliquam
869 468 1225 527 excusationis
1251 475 1453 537 partem
1478 461 1849 534 praetenderet,
1872 462 1956 518 vel

374 577 500 624 ante
547 567 660 636 ipsa
699 562 882 619 verba.
925 559 1073 616 Sicut
1117 559 1206 628 qui
1255 562 1307 611 in
1356 555 1613 626 judicium
1665 552 1961 609 adducendi

374 669 519 721 sunt,
550 657 956 712 commissorum
989 664 1173 721 poenas
1193 648 1437 712 subituri,
1468 645 1717 716 squalidi,
1741 645 1962 700 sorden-

377 761 491 814 tes,
533 749 714 801 tristes
734 786 748 809 ,
775 741 1065 812 contempti
1089 739 1450 808 judicantibus
1489 745 1774 808 apparent,
1807 746 1864 790 ut
1888 751 1958 790 ex

378 841 556 894 habitu
585 839 727 907 ipsos
756 836 822 889 ad
855 833 1237 899 humanitatem
1275 839 1329 883 et
1353 829 1561 884 veniam
1587 835 1642 882 et
1662 827 1962 881 misericor-

373 931 516 985 diam
550 928 764 982 trahant
791 945 803 981 :
834 927 912 981 sic
935 932 992 979 et
1015 925 1070 978 in
1102 923 1269 977 Adam
1311 920 1508 975 factum
1536 928 1640 974 est.
1672 919 1963 987 Oportebat

375 1023 518 1078 enim
565 1021 851 1076 demissum
898 1019 950 1072 in
994 1016 1253 1084 judicium
1306 1015 1406 1068 hoc
1455 1012 1630 1078 trahi;
1686 1022 1961 1080 prapterea

381 1113 642 1186 praevenit
685 1112 856 1180 ipsum
888 1111 1025 1164 Deus
1045 1149 1061 1175 ,
1089 1117 1144 1162 et
1171 1106 1442 1175 corripuit.
1477 1105 1578 1160 Sed
1607 1103 1745 1173 quod
1776 1102 1964 1172 aliquis

381 1206 747 1263 deambularet
791 1203 996 1258 sensit:
1025 1201 1166 1255 unde
1192 1214 1320 1255 vero
1359 1198 1608 1269 cogitavit
1643 1195 1784 1266 quod
1825 1195 1964 1249 Deus

380 1297 782 1357 deambularet?
804 1295 948 1350 Talis
977 1303 1059 1349 est
1087 1293 1420 1362 peccantium
1451 1287 1780 1344 consuetudo
1804 1305 1816 1338 :
1850 1301 1965 1340 om-

375 1393 462 1448 nia
492 1398 736 1459 suspecta
764 1387 979 1450 habent,
1012 1385 1230 1438 umbras
1255 1389 1505 1443 tremunt,
1530 1393 1742 1433 omnem
1769 1376 1962 1444 strepi-

399 1495 489 1538 um
520 1484 727 1544 timent,
753 1490 1017 1548 quemque
1043 1484 1228 1544 putant
1254 1481 1439 1528 contra
1469 1486 1528 1526 se
1548 1470 1750 1524 venire.
1772 1467 1963 1522 Multos

380 1574 541 1646 igitur
562 1587 701 1640 saepe
722 1568 1010 1638 conspicati
1031 1567 1097 1620 ad
1122 1565 1262 1620 aliud
1289 1565 1637 1618 ministerium
1665 1570 1959 1626 currentes,

381 1667 449 1720 ad
475 1680 533 1720 se
560 1663 745 1719 venire
773 1661 1141 1729 cogitaverunt
1165 1667 1471 1726 peccatores
1499 1672 1513 1709 :
1543 1662 1596 1709 et
1617 1654 1734 1708 aliis
1755 1652 1858 1707 alia
1885 1653 1964 1706 in-

380 1769 463 1812 ter
484 1771 544 1811 se
569 1751 979 1816 disserentibus,
1009 1748 1217 1821 peccati
1245 1748 1346 1804 sibi
1375 1748 1505 1820 ipsis
1535 1746 1737 1804 conscii
1775 1752 1963 1818 putant

377 1849 500 1903 illos
525 1845 593 1901 de
616 1859 675 1899 se
699 1841 1066 1900 sermocinari.

443 1931 497 1983 2.
540 1931 684 1984 Talis
709 1930 849 1984 enim
880 1944 968 1983 res
993 1936 1268 1999 peccatum
1295 1937 1414 1994 est,
1462 1931 1610 1984 nullo
1649 1934 1826 1999 prodit
1868 1942 1962 1983 ar-

373 2028 568 2088 guente
593 2061 608 2083 ,
638 2020 783 2073 nullo
812 2019 1141 2074 condemnat
1174 2027 1458 2074 accusante
1481 2059 1498 2085 ,
1540 2019 1787 2088 pavidum
1839 2019 1967 2074 facit

375 2121 433 2168 et
478 2111 722 2167 timidum
765 2121 1099 2182 peccatorem
1126 2151 1142 2178 ,
1189 2111 1326 2165 sicut
1367 2109 1572 2180 justitia
1617 2110 1963 2165 contrarium.

377 2203 517 2259 Audi
545 2203 706 2274 igitur
731 2202 1003 2274 quomodo
1030 2211 1084 2257 et
1114 2201 1270 2272 hujus
1297 2216 1549 2272 pavorem
1576 2243 1591 2267 ,
1631 2210 1686 2256 et
1722 2202 1866 2257 illius
1903 2203 1969 2257 li—

373 2285 640 2340 bertatem
674 2287 956 2357 Scriptura
978 2288 1718 2362 designavit:Fugitimpius
1753 2291 1964 2350 nemine
1981 2318 2009 2356 ,π

369 2388 709 2455 persequente
744 2375 932 2447 (Prov.
970 2379 1063 2436 28.
1095 2381 1173 2451 1),
1211 2381 1409 2452 inquit.
1452 2379 1739 2448 Quomodo
1774 2400 1961 2453 perse-

370 2477 568 2537 quente
596 2469 808 2524 nemine
840 2470 968 2540 fugit
992 2472 1016 2523 't
1055 2470 1201 2526 Intus
1226 2472 1386 2528 habet
1411 2483 1658 2544 agentem
1687 2477 1966 2533 conscien-

371 2557 462 2612 tiae
512 2568 879 2615 accusatorem
905 2601 920 2626 ,
970 2569 1026 2615 et
1072 2559 1216 2615 hunc
1259 2562 1456 2633 ubique
1497 2564 1806 2620 circumfert
1848 2585 1863 2621 :
1910 2578 1966 2623 et

372 2648 512 2704 sicut
539 2649 774 2719 seipsum
804 2666 908 2704 non
937 2659 1114 2720 potest
1139 2652 1323 2722 fugere
1346 2690 1366 2718 ,
1385 2653 1466 2708 sic
1496 2670 1593 2709 nec
1618 2670 1740 2711 eum
1767 2657 1856 2727 qui
1885 2657 1966 2712 in-

375 2748 460 2792 tus
486 2739 658 2810 ipsum
690 2740 852 2810 agitat
878 2759 892 2805 ;
926 2742 1018 2797 sed
1047 2758 1382 2814 quocumque
1407 2745 1561 2801 abeat
1588 2789 1602 2812 ,
1634 2747 1960 2820 ﬂagellatur,

373 2839 432 2885 et
458 2831 648 2885 vulnus
680 2831 839 2886 habet
879 2831 1288 2889 immedicabile.
1334 2836 1405 2889 At
1443 2851 1548 2892 non
1595 2838 1715 2895 talis
1748 2841 1960 2910 justus;

373 2921 470 2976 sed
497 2921 668 2992 qualis
692 2963 708 2990 ,
739 2923 862 2976 audi
895 2941 909 2978 :
938 2922 1120 2978 Justus
1149 2934 1407 2994 tamquam
1433 2926 1542 2991 leo,
1570 2929 1739 3000 inquit
1762 2969 1776 2998 ,
1804 2933 1964 3001 conﬁ-

381 3015 456 3068 dit
483 3013 658 3086 (Ibid.
693 3018 729 3081 ).
761 3016 905 3070 Talis
931 3028 1046 3072 erat
1076 3018 1252 3073 Helias
1281 3036 1296 3073 :
1333 3019 1466 3074 vidit
1504 3021 1662 3091 igitur
1692 3039 1868 3093 regem
1896 3025 1963 3080 ad

376 3120 435 3161 se
463 3107 766 3161 venientem
799 3123 814 3162 :
842 3117 897 3162 et
921 3108 1134 3165 dicente
1164 3110 1254 3165 illo
1280 3153 1296 3178 ,
1327 3109 1396 3166 Ut
1438 3111 1562 3181 quid
1605 3117 1841 3183 pervertis
1878 3115 1966 3170 Is-

377 3198 486 3251 rael
512 3197 538 3252 1’
566 3195 688 3251 Non
717 3214 807 3268 ego
835 3209 1057 3268 perverto
1086 3198 1288 3268 Israel,
1315 3202 1521 3272 inquit,
1553 3205 1640 3258 sed
1683 3214 1738 3258 tu
1778 3215 1826 3260 et
1865 3206 1959 3261 do-

373 3307 486 3346 mus
521 3293 680 3362 patris
709 3294 782 3348 tui
815 3292 835 3367 (
863 3296 914 3350 5.
945 3295 1073 3365 Reg.
1107 3295 1192 3350 18.
1233 3297 1318 3349 17.
1353 3296 1484 3368 18).
1517 3297 1654 3352 Vere
1688 3299 1862 3368 justus
1907 3309 1962 3354 ut

372 3383 457 3438 leo
485 3385 749 3440 confidit:
781 3387 917 3442 sicut
958 3389 1098 3442 enim
1143 3388 1227 3442 leo
1274 3389 1324 3441 in
1368 3403 1548 3459 regem
1599 3400 1863 3459 tamquam
1906 3391 1959 3446 in

370 3475 528 3529 vilem
554 3476 803 3532 catellum
828 3478 1121 3532 insurrexit
1145 3494 1160 3543 ;
1188 3479 1396 3533 tametsi
1423 3496 1703 3549 purpuram
1733 3483 1960 3537 habebat

370 3565 462 3621 ille
484 3610 499 3632 ,
530 3569 622 3621 sed
655 3567 742 3622 hic
770 3569 998 3623 meloten
1027 3567 1294 3635 habebat,
1325 3569 1695 3626 indumentum
1729 3588 1957 3643 purpura

369 3655 458 3710 illa
493 3657 866 3712 venerabilius.

442 3746 662 3804 Elistrus
711 3751 900 3819 duplex.
961 3749 1108 3806 Elius
1159 3753 1433 3806 secundum
1498 3755 1958 3825 interpretationem

368 3839 730 3912 Clirysostomi.
777 3873 850 3884 —
898 3843 1135 3915 Purpura
1195 3846 1336 3901 enim
1393 3847 1480 3902 illa
1542 3849 1734 3904 famem
1791 3867 1956 3921 pepe-

369 3933 439 3988 rit
493 3949 746 4003 gravem;
811 3936 1004 3990 melote
1061 3946 1235 3991 autem
1298 3937 1412 3992 lucc
1457 3940 1784 3996 calamitates
1841 3943 1952 3997 dis.

365 4026 570 4092 cussit,
615 4027 730 4082 lucc
769 4027 1054 4084 Jordancm
1085 4030 1302 4096 divisit;
1346 4031 1460 4088 lucc
1497 4033 1744 4088 Elismum
1783 4033 1954 4105 dupli-

361 4131 478 4171 cem
511 4117 680 4173 Eliam
711 4119 834 4175 fecit
861 4120 882 4191 (
910 4121 961 4175 4.
995 4120 1122 4192 Reg.
1152 4123 1206 4176 2.
1232 4119 1284 4176 8.
1311 4121 1389 4194 9).
1413 4121 1456 4178 0
1494 4135 1692 4194 quanta
1736 4139 1953 4182 sancto-

364 4225 481 4263 rum
514 4210 717 4267 virtus!
747 4227 852 4266 non
884 4213 996 4267 sola
1028 4214 1262 4283 ipsorum
1293 4214 1452 4268 verba
1483 4225 1538 4270 et
1562 4231 1784 4287 corpora
1809 4259 1824 4282 ,
1854 4219 1952 4275 sed

361 4309 416 4354 et
447 4301 556 4368 ipsa
589 4300 893 4356 indumenta
915 4312 1172 4358 creatura:
1191 4305 1336 4359 omni
1362 4316 1613 4377 perpetuo
1639 4316 1761 4362 sunt
1781 4323 1947 4365 vene-

361 4390 568 4444 rabilia.
598 4391 765 4461 Hujus
793 4393 988 4447 melote
1017 4393 1302 4449 Jordanem
1331 4395 1508 4450 divisit
1537 4413 1550 4449 :
1581 4397 1942 4455 calceamenta

363 4481 520 4536 trium
568 4498 850 4550 puerorum
902 4484 1076 4553 ignem
1121 4486 1608 4542 conculcaverunt:
1657 4488 1837 4544 Elisaei
1878 4491 1946 4546 li-

360 4587 525 4641 gnum
555 4573 571 4602 ί
621 4589 787 4643 aquas
840 4575 1082 4640 mutavit,
1130 4585 1183 4630 et
1231 4586 1289 4630 ut
1326 4577 1520 4631 ferrum
1566 4577 1617 4632 in
1665 4580 1947 4649 superﬁcie

359 4674 632 4734 portarent
656 4666 832 4721 eﬂ‘ecit
857 4685 868 4718 :
899 4666 1058 4722 Musis
1088 4667 1235 4736 virga
1263 4685 1410 4724 mare
1438 4670 1678 4725 Rubrum
1719 4672 1936 4741 divisit,

361 4768 563 4826 petram
609 4758 809 4813 scidit:
855 4759 1004 4813 Pauli
1048 4760 1360 4815 vestimenta
1402 4763 1684 4833 languores
1727 4767 1944 4836 expule-

356 4856 524 4902 runt:
553 4848 735 4903 umbra
763 4849 904 4904 Petri
940 4859 1164 4904 mortem
1204 4850 1422 4922 fugavit.

422 4939 706 5010 Martyrum
723 4942 896 5012 favilla
908 4941 1164 4996 dazmonas
1181 4943 1793 5012 aperitin—Sanctorum
1811 4963 1942 5002 mar-

354 5042 526 5104 tyrum
543 5031 716 5088 favilla
731 5034 986 5104 malignos
998 5035 1214 5106 expellit
1225 5036 1801 5110 daemonas.Pr0ptcrea
1817 5057 1936 5096 cum

351 5125 538 5178 fiducia
556 5126 733 5179 omnia
750 5124 977 5190 faciunt,
1015 5127 1153 5181 sicut
1169 5135 1223 5180 et
1255 5127 1428 5182 Elias:
1452 5143 1554 5182 non
1573 5131 1713 5184 enim
1732 5141 1939 5200 specta-

350 5219 439 5272 bat
459 5217 699 5272 diadema
711 5259 724 5282 ,
751 5226 806 5273 et
822 5219 1144 5274 exteriorem
1164 5219 1304 5288 regis
1318 5204 1654 5290 spiendorem
1677 5238 1691 5287 ;
1708 5221 1801 5275 sed
1818 5223 1937 5276 ani-

347 5325 486 5363 mam
505 5324 815 5378 pannosam,
834 5311 1188 5379 squalentem,
1205 5309 1494 5376 sordidam,
1511 5313 1715 5366 etomni
1735 5327 1829 5367 reo
1846 5314 1936 5368 mi-

345 5403 513 5457 serius
544 5400 786 5457 aﬂ‘ectam
813 5402 1105 5470 reSpiciens
1128 5443 1143 5467 ,
1171 5411 1225 5456 et
1252 5402 1428 5471 ipsum
1478 5402 1620 5456 intus
1661 5403 1928 5472 captivum

351 5506 482 5556 esse,
507 5507 569 5546 ac
585 5494 829 5548 vitiorum
849 5507 1082 5560 servum,
1102 5492 1266 5563 ipsius
1304 5492 1650 5561 principatum
1689 5501 1933 5548 contem-

347 5583 480 5655 psit:
504 5585 700 5638 etenim
729 5593 1000 5655 tamquam
1019 5584 1070 5638 in
1088 5597 1268 5650 scena,
1288 5583 1381 5638 sed
1407 5597 1511 5638 non
1533 5583 1585 5643 in
1605 5583 1825 5640 veritate
1847 5600 1934 5641 re-

411 5715 429 5780 _'
457 5717 529 5780 sic
567 5716 706 5764 savii.
757 5722 809 5766 et
831 5729 1002 5767 omnes
1037 5729 1169 5779 pene
1214 5724 1317 5780 Mss.
1343 5715 1508 5780 Morel.
1536 5730 1549 5767 :
1575 5715 1720 5780 Ligna
1744 5717 1926 5771 Elisazi.

348 5775 470 5830 inﬂa
486 5777 582 5830 duo
603 5784 707 5828 Mss.
735 5775 1110 5831 :Sanctorum'et
1139 5779 1333 5844 egregie
1368 5779 1597 5832 victorum
1626 5775 1923 5847 "Martyrum.

3554 369 3651 428 l00

2065 481 2185 538 gem
2198 464 2299 526 sibi
2313 480 2533 524 cernere
2547 471 2976 544 videbatur.Qu.'e
2991 478 3134 534 enim
3149 482 3429 542 exterioris
3440 489 3654 559 epulon-

2065 563 2186 619 tiaa‘
2217 565 2434 632 utilitas,
2453 582 2574 624 cum
2599 568 2738 624 intus
2758 577 2839 624 est
2864 577 3007 624 tanta
3031 575 3346 642 pauperies?
3380 593 3498 647 qua:
3526 596 3654 636 vero

2065 658 2392 724 paupertatis
2422 673 2557 713 noxa
2581 699 2597 726 ,
2626 674 2746 714 cum
2788 661 2930 715 intus
2965 673 3125 718 tanta:
3152 667 3400 735 repositae
3425 681 3547 724 sunt
3575 672 3653 726 di-

2065 747 2206 801 vitiae
2227 748 2251 801 ἲ
2271 748 2413 803 Talis
2435 760 2551 804 erat
2575 752 2660 805 leo
2681 761 2733 806 et
2753 752 2938 806 beatus
2959 754 3155 810 Paulus
3179 773 3192 809 :
3217 772 3486 814 carcerem
3510 764 3652 818 enim

2067 837 2336 908 ingressus
2355 881 2368 904 ,
2389 841 2507 893 solo
2527 841 2761 897 clamore
2779 843 2957 898 omnia
2986 845 3323 902 fundamenta
3350 855 3648 920 concussit,

2064 928 2276 982 vincula
2307 931 2438 984 rosit
2469 930 2487 999 (
2513 932 2624 985 Act.
2657 933 2744 988 16.
2773 933 2844 990 26
2869 933 2912 1002 ),
2940 950 3044 990 non
3084 936 3330 994 dentibus
3351 983 3364 1005 ,
3399 942 3492 996 sed
3526 960 3650 998 ver-

2067 1019 2148 1073 bis
2171 1038 2184 1074 :
2211 1031 2489 1091 proliterea
2521 1039 2624 1077 non
2652 1024 2833 1080 leones
2858 1024 3011 1094 ipsos
3041 1037 3281 1099 tantum,
3317 1032 3408 1087 sed
3437 1041 3490 1088 et
3510 1035 3650 1089 aliud

2065 1111 2192 1179 quid
2219 1112 2462 1168 leonibus
2492 1115 2662 1184 majus
2702 1125 2912 1186 oportet
2951 1120 3240 1190 appellare.
3278 1123 3386 1179 Leo
3417 1127 3559 1181 enim
3596 1126 3650 1182 in

2066 1203 2197 1258 retia
2223 1220 2368 1275 saepe
2385 1207 2562 1276 lapsus
2578 1209 2785 1278 capitur
2806 1252 2820 1276 ,
2854 1213 3026 1267 sancti
3053 1229 3182 1268 vero
3223 1231 3343 1270 cum
3380 1218 3608 1288 ligantur
3628 1262 3645 1289 ,

2067 1292 2191 1349 hinc
2218 1293 2470 1352 fortiores
2511 1297 2682 1352 ﬁunt:
2719 1300 2856 1355 sicut
2891 1311 2944 1357 et
2987 1303 3074 1358 hic
3112 1305 3298 1362 beatus
3340 1309 3390 1362 in
3434 1326 3650 1369 carcere

2067 1393 2192 1441 tunc
2217 1385 2343 1441 fecit
2362 1428 2377 1453 ,
2409 1389 2620 1444 solvens
2647 1393 2976 1461 compeditos
2999 1437 3013 1459 ,
3042 1397 3272 1466 parietes
3301 1403 3646 1472 concutiens,

2064 1477 2298 1532 carceris
2321 1478 2593 1533 custodem
2621 1480 2843 1550 alligans
2871 1493 2924 1537 et
2950 1485 3163 1554 pietatis
3199 1489 3368 1543 verbo
3407 1492 3646 1559 capiens.

2065 1567 2176 1622 Leo
2201 1569 2436 1636 clamat,
2468 1579 2522 1624 et
2549 1587 2736 1627 omnes
2760 1572 2956 1629 bestias
2979 1574 3156 1646 fugat;
3185 1589 3400 1635 sanetus
3419 1583 3646 1652 clamat,

2063 1669 2118 1713 et
2142 1659 2412 1716 daemones
2439 1661 2669 1734 undique
2699 1659 2936 1733 exchit.
2963 1664 3160 1724 Leonis
3185 1683 3332 1726 arma
3357 1716 3370 1736 ,
3397 1673 3647 1743 jubarum

2065 1750 2293 1819 horror,
2347 1755 2601 1824 unguium
2646 1771 2869 1821 mucro,
2909 1765 2965 1813 et
3004 1758 3193 1816 dentes
3232 1765 3373 1819 acuti
3425 1783 3438 1821 :
3498 1783 3646 1824 arma

2057 1841 2228 1912 justi,
2262 1844 2597 1918 phi1050phia
2618 1887 2634 1913 ,
2662 1851 3014 1920 temperantia
3039 1894 3056 1921 ,
3089 1853 3341 1924 patientia
3367 1899 3381 1925 ,
3414 1874 3650 1928 praesen-

2068 1936 2195 1984 tium
2227 1945 2564 2004 contemptus
2580 1935 2838 1990 omnium.
2866 1937 2989 1990 Haec
3007 1953 3158 1992 arma
3183 1939 3425 2010 quisquis
3450 1940 3651 2012 habet,

2065 2039 2170 2078 non
2205 2023 2447 2081 homines
2478 2035 2683 2082 tantum
2716 2027 2988 2098 improbos
3011 2071 3028 2095 ,
3060 2030 3154 2086 sed
3182 2041 3238 2087 et
3279 2034 3420 2102 ipsas
3461 2035 3650 2092 adverc

2066 2117 2234 2170 sarias
2265 2124 2555 2187 potestates
2594 2119 2881 2176 deridebit.
2931 2121 3098 2179 Stude
3135 2124 3296 2194 igitur
3319 2169 3333 2190 ,
3375 2141 3410 2180 o
3452 2126 3613 2182 homo
3635 2171 3650 2195 ,

2066 2208 2360 2264 secundum
2393 2212 2560 2268 Deum
2593 2213 2771 2269 vivere
2798 2256 2814 2282 ,
2853 2221 2909 2270 et
2947 2231 3108 2270 nemo
3133 2223 3186 2272 te
3213 2232 3461 2287 umquam
3493 2233 3650 2290 supe-

2065 2301 2237 2368 rabit;
2270 2303 2365 2359 sed
2393 2305 2554 2359 etiam
2584 2305 2629 2361 si
2655 2306 2894 2361 omnium
2923 2307 3214 2363 vilissimus
3241 2323 3363 2364 esse
3389 2309 3646 2380 videaris,

2064 2395 2304 2450 omnium
2332 2397 2441 2452 eris
2469 2398 2913 2468 potentissimus;
2945 2400 3082 2456 sicut
3113 2401 3157 2454 si
3199 2401 3361 2455 animi
3402 2401 3646 2458 virtutem

2063 2488 2370 2559 neglexeris
2391 2532 2407 2556 ,
2433 2491 2594 2546 etiam
2625 2491 2670 2548 si
2695 2493 2933 2548 omnium
2964 2493 3040 2549 sis
3068 2494 3470 2564 potentissimus
3494 2536 3510 2557 ,
3537 2511 3663 2552 om.

2063 2578 2224 2634 nibus
2267 2578 2644 2637 insidiantibus
2677 2582 2785 2639 eris
2822 2583 2979 2640 facile
3015 2585 3402 2656 expugnabilis.
3441 2586 3507 2641 Et
3551 2587 3645 2643 hoc

2063 2671 2276 2742 quidem
2299 2673 2438 2729 dicta
2461 2673 2963 2732 demonstraverunt
2980 2678 3223 2746 exempla
3247 2695 3262 2742 ;
3285 2676 3328 2731 si
3349 2676 3429 2732 vis
3449 2685 3647 2746 autem,

2064 2771 2116 2817 et
2151 2780 2246 2832 per
2275 2779 2436 2832 opera
2468 2777 2518 2821 te
2545 2766 2740 2822 docere
2765 2768 3002 2822 conabor
3025 2811 3040 2833 ,
3073 2771 3177 2822 vim
3202 2769 3466 2838 iustorum
3498 2770 3645 2826 inex-

2066 2855 2450 2925 pugnabilem,
2505 2868 2559 2913 et
2609 2859 2818 2914 facilem
2877 2873 3214 2929 peccatorum
3268 2862 3648 2930 captivitatem.

2063 2945 2200 2998 Audi
2231 2947 2388 3017 igitur
2405 2950 2674 3018 quomodo
2705 2949 2818 3005 hare
2849 2952 3008 3004 ambo
3027 2949 3291 3019 Propheta
3321 2952 3640 3015 insinuavit:

2069 3035 2192 3090 Non
2231 3038 2304 3092 sic
2345 3039 2525 3109 impii,
2571 3057 2668 3093 non
2693 3041 2800 3105 sic,
2845 3040 2930 3094 sed
2972 3049 3225 3109 tamquam
3269 3041 3463 3111 pulvis,
3505 3059 3652 3110 quem

2065 3130 2267 3201 projicit
2291 3143 2463 3186 ventus
2485 3149 2516 3185 a
2543 3133 2671 3202 faeie
2695 3143 2841 3186 terra:
2869 3133 2886 3205 (
2919 3132 3064 3188 Psal.
3097 3134 3148 3188 1.
3180 3132 3274 3204 4).
3320 3137 3468 3191 Sicut
3506 3136 3648 3191 enim

2061 3219 2156 3274 ille
2194 3229 2472 3275 ventorum
2505 3222 2802 3275 incursibus
2831 3222 2983 3277 facile
3012 3222 3372 3294 projiciendus
3405 3227 3638 3296 proposi-

2063 3317 2149 3365 tus
2174 3320 2257 3366 est
2281 3331 2293 3364 :
2323 3313 2400 3366 sic
2429 3321 2484 3366 et
2515 3323 2761 3381 peccator
2789 3313 2856 3369 ab
2885 3314 3029 3368 omni
3063 3316 3354 3370 tentatione
3381 3317 3649 3372 subverti-

2061 3409 2167 3456 tur.
2199 3403 2333 3457 Cum
2360 3405 2500 3457 enim
2532 3404 2646 3473 ipse
2671 3405 2775 3459 sibi
2816 3414 3114 3476 repugnet,
3156 3417 3207 3461 et
3246 3407 3385 3464 hanc
3419 3423 3647 3480 pugnam

2060 3497 2258 3568 passim
2289 3495 2666 3564 circumferat;
2705 3513 2826 3567 qua:
2857 3499 2956 3567 ipsi
2980 3513 3102 3568 spes
3132 3500 3317 3554 salutis
3345 3501 3491 3554 domi
3522 3516 3647 3570 pro-

2059 3589 2172 3644 dito
2197 3632 2212 3655 ,
2249 3598 2305 3645 et
2336 3591 2645 3645 continuum
2676 3590 2886 3645 hostem
2915 3593 3295 3647 conscientiam
3325 3608 3504 3648 secum
3537 3604 3645 3648 tra-

2059 3682 2253 3736 henti?
2289 3681 2395 3737 Sed
2425 3698 2528 3736 non
2562 3681 2676 3737 talis
2697 3682 2891 3752 justus.
2916 3682 3100 3749 Quaiis
3123 3699 3250 3753 ergo
3271 3684 3294 3738 ?
3315 3685 3448 3738 Audi
3473 3686 3642 3753 ipsum

2049 3771 2372 3842 l’rOphelam
2419 3773 2684 3828 dicentem
2733 3792 2746 3828 :
2794 3773 2896 3840 Qui
2947 3775 3208 3843 conﬁdunt
3267 3776 3320 3829 in
3390 3775 3640 3844 Domino,

2058 3864 2201 3917 Sicut
2241 3881 2384 3918 mons
2433 3864 2560 3919 Sion
2603 3862 2790 3936 (Psal.
2836 3863 2999 3936 124).
3048 3865 3181 3932 Quid
3233 3867 3463 3922 tamdem
3513 3877 3638 3932 est,

2055 3954 2184 4008 sicut
2205 3971 2348 4008 mons
2367 3953 2524 4009 Sion?
2543 3953 2663 4008 Non
2683 3955 3068 4009 commovebitur
3089 3956 3140 4009 in
3165 3968 3406 4011 internum
3431 3954 3483 4026 (1
3489 3956 3638 4029 bid.),

2057 4049 2245 4120 inquit.
2290 4048 2648 4120 Quaecumque
2695 4051 2840 4104 enim
2885 4049 3190 4104 adhibueris
3246 4051 3642 4106 machinamen-

2055 4150 2148 4209 ta,
2207 4158 2554 4212 quaecumque
2606 4143 2922 4213 jaculaveris
2981 4143 3082 4197 tela
3151 4153 3387 4198 montem
3456 4144 3641 4199 demo-

2054 4234 2138 4288 liri
2175 4234 2357 4289 volens
2380 4275 2394 4299 ,
2430 4233 2577 4288 illum
2617 4233 2831 4304 quidem
2869 4248 3157 4304 numquam
3201 4235 3478 4304 superabis
3508 4253 3522 4289 :
3548 4235 3637 4307 qui

2054 4327 2200 4380 enim
2253 4324 2501 4395 poteris?
2548 4325 2971 4379 machinamenta
3023 4339 3149 4379 vero
3198 4325 3374 4380 solves
3417 4328 3637 4395 omnia,

2050 4416 2210 4471 etiam
2244 4425 2385 4470 tuam
2406 4415 2653 4471 destrues
2673 4415 3057 4471 fortitudinem.
3080 4416 3225 4472 Talis
3245 4426 3326 4472 est
3352 4427 3405 4472 et
3425 4417 3601 4488 justus
3620 4437 3637 4477 :

2049 4521 2398 4576 quaecumque
2439 4501 2662 4559 vulnera
2707 4506 3017 4576 exceperit,
3071 4505 3186 4576 ipse
3225 4507 3438 4576 quidem
3477 4523 3640 4578 grave

2049 4598 2246 4667 patitur
2284 4599 2454 4664 nihil,
2506 4598 2598 4652 sed
2641 4598 3006 4653 insidiantium
3047 4599 3154 4652 vim
3209 4599 3489 4665 dissolvit,
3539 4615 3638 4656 nec

2050 4706 2178 4744 vero
2206 4689 2508 4744 mortalium
2537 4689 2697 4743 modo
2720 4731 2737 4753 ,
2765 4689 2858 4743 sed
2903 4690 3138 4759 ipsorum
3182 4705 3392 4759 quoque
3431 4689 3638 4744 daemo-

2046 4799 2195 4837 num.
2228 4783 2434 4837 Audisti
2467 4797 2694 4852 namque
2725 4783 2919 4852 saapius
2942 4823 2958 4849 ,
2993 4790 3125 4852 quot
3153 4782 3400 4837 diabolus
3431 4783 3636 4838 machi-

2045 4883 2294 4929 namenta
2320 4873 2422 4929 Job
2443 4873 2784 4939 adhibuerit,
2807 4887 2907 4927 nec
2929 4873 3100 4928 solum
3126 4882 3299 4926 tamen
3319 4874 3462 4927 illum
3485 4888 3640 4928 mon-

2048 4975 2155 5022 tem
2198 4981 2303 5021 non
2352 4967 2768 5037 conquassavit,
2809 4965 2903 5021 sed
2940 4974 2992 5020 et
3038 4975 3321 5021 enervatus
3369 4967 3638 5036 recessit,

2043 5059 2249 5129 sagittis
2278 5058 2405 5127 ipsis
2430 5058 2717 5113 eonfractis
2736 5099 2750 5125 ,
2781 5066 2836 5114 et
2875 5058 3316 5113 machinamentis
3361 5059 3640 5115 inutilibus

2042 5167 2108 5208 ex
2139 5152 2228 5206 illo
2255 5151 2457 5206 inflictu
2483 5149 2724 5205 redditis.

2115 5241 2167 5297 5.
2212 5241 2336 5296 llaec
2365 5241 2538 5311 itaque
2566 5241 2827 5306 scientes,
2873 5239 3036 5294 vitam
3070 5254 3318 5295 curemus
3347 5247 3585 5295 nostram
3624 5260 3639 5272 ο

2042 5348 2215 5402 neque
2241 5333 2380 5388 circa
2411 5332 2659 5401 pecunias
2692 5331 3001 5384 Studeamus
3027 5373 3042 5398 ,
3072 5346 3190 5400 quae
3220 5342 3444 5400 pereunt
3485 5349 3499 5385 :
3545 5347 3614 5388 ne

2041 5439 2144 5494 que
2171 5424 2308 5479 circa
2339 5424 2560 5493 gloriam
2589 5464 2604 5487 ,
2633 5439 2750 5493 qua:
2777 5423 3132 5491 exstinguitur
3161 5440 3174 5476 :
3208 5438 3313 5477 non
3335 5424 3475 5478 circa
3508 5439 3635 5479 cor—

2040 5528 2140 5585 pns
2161 5555 2174 5577 ,
2205 5513 2346 5582 quod
2386 5513 2618 5568 senescit
2641 5554 2655 5579 ,
2689 5528 2794 5567 non
2839 5512 2979 5566 circa
3009 5512 3478 5582 pulchritudinem,
3514 5531 3636 5582 quae

2039 5604 2358 5675 marcescit,
2409 5621 2514 5661 non
2571 5605 2711 5660 circa
2753 5604 3012 5672 delicias,
3055 5620 3177 5676 qua:
3208 5604 3476 5671 defluunt;
3530 5606 3626 5662 sed

2101 5783 2114 5815 ⁸
2139 5783 2208 5834 sic
2230 5779 2370 5833 Savii.
2398 5787 2451 5833 et
2470 5781 2677 5833 maxima
2709 5795 2820 5847 pars
2841 5789 2950 5836 Mss.
2979 5790 3135 5836 recte.
3157 5784 3340 5850 march,
3356 5783 3561 5836 decoris.
