3912 6230
27 371 80 428 I9
1051 374 1144 426 Αυ
1182 373 1505 428 ιιυρυιωι
1544 373 2045 430 ANTIOCHENUM
2085 375 2319 431 BOMIL.
2355 379 2484 433 VIII.

27 486 138 540 τῶν.
172 485 451 558 Καθάπερ
500 485 609 557 γὰρ
651 484 702 540 οί
743 483 1028 557 μέλλοντες
1069 488 1150 551 είς
1194 487 1541 557 δικαστήριον
1585 487 1699 539 εισ-

27 574 105 641 ίγε
115 572 269 636 σθαι,
289 574 384 626 καὶ
409 572 638 635 εὐθύνας
655 571 763 626 τῶν
781 574 958 646 πεπλη
968 573 1144 646 μμελη
1153 575 1328 644 μένων
1343 574 1584 644 ὑπέχειν,
1611 574 1691 628 αὑο

27 662 288 732 κλῶντες,
323 661 624 733 ρυπῶντες,
658 662 898 731 στυγνοὶ,
936 663 1367 734 κατεσταλμένοι
1397 665 1508 726 τοῖς
1542 662 1694 716 δικά-

27 751 164 810 ζουσι
198 750 506 820 φαίνονται,
534 749 676 803 ὥστε
705 750 800 804 καὶ
829 750 940 804 ἀπὸ
961 748 1052 802 τοῦ
1085 751 1360 822 σχήματος
1392 750 1588 814 αὐτοὺς
1616 752 1698 812 είς

27 837 210 904 ριλανθ
219 838 436 908 ρωπίαν
459 837 869 892 ἐπισπάσασθαι
906 837 998 891 καὶ
1027 835 1176 890 έλεον
1201 837 1297 891 καὶ
1325 835 1654 907 συγγνώμην
1675 851 1687 864 ο

27 924 155 980 ὓτω
180 927 281 980 καὶ
310 927 405 979 ἐπὶ
426 925 521 979 τοῦ
561 924 732 996 Ἀδάμ
755 924 968 993 γέγονε.
1001 925 1108 978 Καὶ¹
1135 923 1244 996 γὰρ
1268 925 1373 977 ἔδει
1405 921 1696 979 κατεσταλ-

27 1013 177 1066 ιένον
211 1016 297 1077 είς
342 1012 403 1066 τὸ
433 1011 784 1083 δικαστήριον
829 1010 1148 1082 εἰσαχθῆναι
1185 1010 1378 1064 τοῦτο’
1418 1010 1507 1064 διὰ
1537 1009 1694 1062 τοῦτο

27 1099 307 1176 τρολαὸὼν
339 1103 369 1154 ὀ
400 1101 555 1163 Θεὸς,
587 1100 751 1155 αὑτὸν
786 1100 1144 1153 συνέστειλεν.
1193 1099 1330 1152 Ἀλλ’
1354 1101 1436 1152 ὅτι
1480 1099 1578 1168 μέν
1609 1115 1694 1161 τις

27 1189 343 1260 τεριεπάτει
382 1187 611 1260 ᾔσθετο’
654 1187 820 1241 πόθεν
849 1187 907 1240 δὲ
947 1186 1199 1256 ἐνόμισεν
1235 1186 1317 1240 ὅτι
1361 1188 1390 1238 6
1423 1185 1556 1247 Θεὸς
1590 1200 1692 1236 πε-

27 1281 308 1343 >ιεπάτεις
355 1277 608 1332 Τοιοῦτον
651 1277 761 1331 τῶν
801 1276 1224 1347 ἁμαρτανόντων
1277 1274 1337 1329 :6
1382 1273 1503 1337 ἔθος
1545 1273 1690 1326 ὲστίο

27 1367 190 1420 τάντα
219 1365 616 1432 ὑποπτεύουσι,
653 1365 751 1429 τὰς
787 1365 946 1426 σκιὰς
981 1363 1268 1434 τρέμουσι,
1307 1361 1486 1416 πάντα
1521 1360 1692 1430 ψόφον

27 1455 312 1518 δεδοίκασι,
355 1454 451 1508 καὶ
484 1453 714 1507 ἕκαστον
756 1454 842 1505 ἐπ’
871 1452 1071 1514 αὑτοὺς
1103 1450 1340 1521 βαδίζειν
1387 1449 1688 1520 νομίζουσι.

27 1541 248 1606 Ιολλοὺς
298 1540 434 1610 γοῦν
484 1540 743 1604 πολλάκις
792 1539 990 1600 ἰδόντες
1039 1539 1121 1606 ἐφ’
1161 1539 1352 1607 ἑτέραν
1398 1537 1692 1609 τρέχοντας

27 1630 312 1697 ἰιακονίαν,
345 1629 604 1699 ἐνόμισαν
629 1631 714 1683 ἐπ’
741 1629 936 1691 αὐτοὺς
961 1627 1116 1697 ἥκειν
1141 1629 1188 1680 οἱ
1209 1627 1614 1699 ἁμαρτάνοντες
1637 1639 1688 1694 α,

27 1718 98 1770 ιαὶ
127 1718 318 1772 ἀλλων
353 1718 491 1773 ἄλλα
519 1717 655 1791 πρὸς
681 1717 942 1788 ἀλλήλους
979 1715 1402 1786 διαλεγομένων,
1432 1717 1482 1770 οἱ
1512 1733 1687 1771 συνει-

27 1806 153 1870 ἰότες
185 1807 414 1873 ἑαυτοῖς
450 1807 746 1880 ἁμαρτίαν,
781 1805 911 1878 περὶ
954 1804 1134 1859 αὐτῶν
1165 1804 1406 1871 ἐκείνους
1450 1805 1692 1877 διαλέγε-

27 1894 131 1948 πθαι
167 1895 477 1965 νομίζουσι.

77 1981 144 2053 β’.
166 1983 433 2039 Τοιοῦτον
464 1984 574 2058 γὰρ
595 1986 628 2058 ἡ
654 1985 916 2058 ἁμαρτία·
939 1987 1152 2054 οὐδενὸς
1167 1989 1479 2060 ἐλέγχοντος
1499 1987 1686 2059 προδί-

27 2073 189 2134 ῐωσιν,
225 2071 448 2136 οὐδενὸς
470 2075 904 2146 κατηγοροῦντος
929 2076 1302 2142 καταδικάζει,
1331 2076 1427 2130 καὶ
1449 2075 1686 2148 ψοφοδεῆ

27 2161 152 2213 τοιεῖ
166 2160 268 2214 καὶ
292 2159 468 2214 δειλὸν
481 2160 572 2215 τὸν
587 2162 943 2234 ἡμαρτηκότα
958 2180 972 2194 ·
995 2163 1185 2237 ὥσπερ
1206 2161 1352 2238 οῦνή
1375 2163 1688 2235 δικαιοσύνη

27 2247 70 2300 :6
100 2247 370 2304 ἐναντίον.
401 2249 667 2304 ’Δκουσον
688 2249 820 2320 γοῦν
846 2251 966 2316 πῶς
991 2255 1087 2307 καὶ
1113 2253 1306 2307 τούτου
1335 2253 1434 2326 τὴν
1462 2252 1685 2318 δειλίαν,

27 2335 262 2390 τάκείνου
280 2336 386 2408 τὴν
426 2337 738 2411 παρρησίαν
770 2337 1085 2411 ὑπέγραψεν
1109 2340 1144 2412 ή
1175 2341 1364 2414 Γραφή
1382 2358 1398 2373 ⁸
1423 2340 1631 2410 Φεύτει
1654 2341 1689 2395 ὀ

27 2421 256 2492 ἀσεϐὴς,
277 2423 466 2496 φησὶν,
481 2424 732 2494 οὐδενὸς
741 2427 1082 2497 διώκοντος.
1101 2429 1226 2494 Πῶς
1243 2428 1453 2494 οὐδενὸς
1467 2427 1690 2483 διώκον-

27 2528 100 2575 τος
115 2511 310 2582 φεύγει
327 2529 344 2580 ;
362 2515 550 2569 Ἐνδον
565 2515 678 2587 ἔχει
695 2514 720 2554 δ
740 2516 831 2570 τὸν
846 2515 1157 2584 ἐλαύνοντα,
1171 2517 1264 2572 τὸν
1279 2515 1375 2571 τοῦ
1388 2516 1688 2582 συνειδότος

27 2601 343 2672 κατήγορον,
360 2602 457 2658 καὶ
475 2603 663 2658 τοῦτον
693 2605 968 2677 πανταχοῦ
983 2607 1301 2678 περιφέρει·
1324 2606 1419 2660 καὶ
1436 2603 1686 2678 καθάπερ

27 2686 200 2740 ἑαυτὸν
222 2689 330 2742 οὑκ
362 2689 430 2744 ἂν
457 2690 711 2762 δυνηθείη
739 2691 984 2761 φεύγειν,
1014 2692 1187 2758 οὕτως
1219 2693 1342 2748 οὐδὲ
1361 2693 1453 2748 τὸν
1477 2692 1688 2748 ἔνδοθεν

27 2776 171 2828 αὑτὸν
213 2776 535 2842 ἐλαύνοντα,
576 2779 694 2834 ἀλλ’
731 2780 978 2852 ὅπουπερ
1016 2781 1082 2836 ἀν
1134 2781 1322 2854 ἀπῄει,
1367 2781 1688 2854 μαστίζεται

27 2861 127 2936 [95]
160 2866 256 2919 καὶ
272 2865 500 2938 τραῦμα
529 2867 746 2922 ἀνίατον
777 2868 889 2940 ἔχει
911 2886 925 2900 ⁸
953 2869 1068 2924 ἀλλ’
1095 2871 1192 2941 οὑχ
1222 2871 1252 2922 6
1283 2870 1488 2934 δίκαιος
1510 2869 1686 2924 τοιοῦ-

27 2966 121 3015 τος,
161 2952 277 3006 ἀλλ’
327 2955 531 3020 ὁποῖος,
580 2955 746 3011 ἄκουε
769 2973 784 2988 ο
823 2959 1060 3025 Δίκαιος
1091 2960 1172 3026 ὡς
1214 2959 1371 3015 λέων
1417 2960 1682 3016 πέποιθε.

28 3039 267 3106 Τοιοῦτος
287 3037 359 3114 ἦν
380 3046 409 3097 6
452 3043 640 3108 Ἠλίας
661 3061 676 3077 ο
703 3040 810 3100 εἶδε
837 3047 968 3116 γοῦν
995 3047 1086 3101 τὸν
1117 3048 1340 3118 βασιλέα
1368 3049 1505 3120 πρὸς
1527 3049 1688 3104 αὑτὸν

30 3127 329 3199 ἐρχόμενον,
363 3132 458 3185 καὶ
491 3133 736 3198 εἰπόντος
775 3135 1006 3198 ἐκείνου,
1049 3137 1172 3191 Ἵνα
1209 3137 1268 3190 τί
1310 3138 1688 3207 ὃιαστρέφεις

29 3216 118 3267 τίη
160 3219 410 3286 Ἰσραήλ
428 3235 449 3284 ;
500 3222 620 3274 Οὐκ
648 3220 763 3291 ἐγὼ
791 3221 1146 3291 διαστρέψω,
1191 3223 1376 3293 φησιν,
1413 3225 1574 3278 ἀλλὰ
1605 3225 1686 3278 σὺ

30 3305 112 3355 καὶ
151 3309 183 3359 d
211 3303 382 3374 οἶκος
404 3306 514 3363 τοῦ
533 3310 758 3377 πατρός
781 3323 918 3364 σου.
961 3310 1199 3382 Ἀληθῶς
1229 3313 1434 3376 δίκαιος
1456 3312 1532 3376 ὡς
1551 3312 1687 3367 λέων

33 3391 265 3448 πέποιθε.
283 3395 554 3467 Καθάπερ
571 3397 681 3468 γὰρ
701 3396 838 3452 λέων
857 3397 1091 3452 κυνιδίου
1118 3399 1262 3462 τινὸς
1278 3398 1526 3463 εὐτελοῦς
1553 3417 1688 3454 κατ-

29 3479 276 3551 εξανέστη
319 3482 415 3536 τοῦ
463 3483 727 3554 βασιλέως
749 3501 762 3514 ·
808 3485 984 3539 καίτοι
1021 3487 1328 3557 πορφυρίδα
1364 3482 1507 3557 εἶχεν
1540 3489 1686 3541 έκεῖ-

30 3584 126 3629 νος,
156 3569 271 3621 ἀλλ’
309 3566 428 3640 εἶχε
464 3571 718 3643 μηλωτὴν
758 3567 934 3638 οὗτος,
965 3574 1178 3645 ἱμάτιον
1219 3573 1322 3645 τῆς
1358 3576 1688 3647 πορφυρίδος

31 3654 228 3727 ἐκείνης
257 3658 604 3730 σεμνότερον.

103 3743 162 3795 Ἡ
201 3743 300 3814 μὲν
340 3745 449 3816 γὰρ
479 3748 754 3819 πορφυρὶς
784 3747 967 3820 ἐκείνη
990 3749 1080 3804 τὸν
1110 3748 1271 3821 λιμὸν
1301 3750 1455 3805 ἔτεκε
1482 3751 1575 3805 τὸν
1596 3768 1690 3822 χα-

34 3827 197 3898 λεπὸν,
237 3833 271 3904 ή
323 3833 548 3906 μηλωτὴ
584 3834 640 3888 δὲ
687 3835 825 3906 αὕτη
869 3835 940 3889 τὰ
977 3837 1126 3891 δεινά
1166 3839 1391 3892 ἔλυσενο
1421 3838 1558 3910 αῦτη
1596 3839 1688 3893 τὸν

45 3915 297 3990 Ἰορδάνην
328 3919 566 3990 ἔσχισεν,
607 3922 745 3994 αῦτη
779 3924 874 3975 τὸν
915 3923 1211 3978 Ἐλισσαῖον
1247 3925 1469 3979 διπλοῦν
1501 3927 1687 3980 Ἠλίαν

33 4004 292 4075 ἐποίησεν.
329 4009 396 4060 Ὢ
418 4010 558 4080 πόση
586 4010 694 4063 τῶν
724 4010 894 4081 ἁγίων
926 4014 958 4083 ἡ
984 4014 1152 4084 ἀρετή
1178 4014 1190 4066 ι
1217 4013 1338 4084 οὑχῒ⁹
1367 4014 1438 4067 τά
1471 4015 1690 4086 ῥήματα

35 4094 197 4148 αὐτῶν
221 4097 381 4165 μόνα,
420 4098 544 4150 οὐδὲ
572 4098 639 4152 τά
671 4097 920 4170 σώματα,
952 4099 1087 4153 ἀλλά
1114 4099 1209 4152 καὶ
1239 4100 1378 4154 αὑτὰ
1403 4100 1471 4155 τὰ
1497 4100 1688 4171 ἱμάτια

121 4183 288 4236 κτίσει
310 4184 460 4256 πάσῃ
487 4185 718 4239 πάντοτέ
749 4188 895 4240 ἐστιν
923 4187 1195 4257 αίδέσιμα.
1235 4186 1300 4240 Ἥ
1326 4187 1548 4260 μηλωτὴ
1573 4189 1688 4243 τού-

41 4284 116 4320 ·ιου
142 4271 227 4324 τὸν
264 4272 538 4344 Ἰορδάνην
563 4272 764 4345 ἔσχισε,
796 4274 868 4328 τὰ
891 4275 1060 4344 ὑποδή
1071 4268 1220 4344 ματα
1235 4273 1344 4328 τῶν
1367 4275 1533 4346 τριῶν
1562 4277 1690 4330 παί-

43 4352 130 4406 δων
151 4356 208 4408 τὸ
232 4357 348 4429 πῦρ
374 4361 782 4432 κατεπάτησαν,
807 4361 870 4414 :6
910 4361 1064 4428 ξύλον
1092 4373 1115 4402 ε
1147 4361 1240 4415 τοῦ
1283 4362 1584 4416 Ἐλισσαίου
1621 4362 1691 4418 τὰ

45 4439 188 4496 ῦδατα
218 4445 504 4516 μετέϐαλε,
540 4449 634 4501 καί
662 4448 897 4519 σιδήριον
937 4449 1076 4520 ὑπὲρ
1113 4449 1211 4520 τὴν
1241 4451 1561 4518 ἐπιφάνειαν
1590 4449 1688 4521 βα-

42 4531 237 4594 στάζειν
282 4534 576 4604 ὲποίησεν·
615 4537 648 4606 ή
709 4536 904 4607 ῥάϐδος
952 4538 1235 4601 Μωῦσέως
1283 4538 1382 4608 τὴν
1421 4537 1690 4610 Ἐρυθρὰν

36 4615 202 4688 ἔσχισε
232 4620 531 4688 θάλασσαν,
559 4623 658 4693 τὴν
681 4623 888 4697 πέτραν
909 4623 1126 4696 ἔρρηξε,
1155 4624 1222 4677 τὰ
1251 4625 1442 4695 ἱμάτια
1475 4625 1688 4678 Παύλου

39 4709 303 4777 νοσήματα
332 4709 554 4780 ῆλασεν,
587 4713 620 4781 ἡ
650 4711 778 4766 σκιά
800 4711 1008 4781 Πέτρου
1034 4712 1262 4766 θάνατον
1299 4713 1687 4782 ἐφυγάδευσεν.

113 4794 172 4847 Ἡ
195 4795 370 4866 τέφρα
405 4796 514 4852 τῶν
553 4798 722 4866 ἁγίων
754 4798 1047 4871 μαρτύρων
1094 4802 1364 4872 πονηροὺς
1395 4801 1690 4856 ἀπελαύνει

41 4880 302 4951 δαίμονας.
351 4881 451 4936 Διά
481 4883 636 4938 τοῦτο
673 4888 790 4956 μετ’
819 4886 1068 4950 ἐξουσίας
1112 4886 1330 4941 ἅπαντα
1369 4888 1688 4958 πράττουσι,

43 4970 276 5042 καθάπερ
303 4972 399 5026 καὶ
430 4973 459 5025 6
504 4972 715 5036 Ἠλίας·
741 4974 802 5026 οὑ
825 4973 936 5046 γάρ
965 4973 1028 5046 δὴ
1059 4973 1205 5046 ἑώρα
1235 4975 1298 5029 :6
1325 4976 1564 5048 διάδημα
1596 4976 1692 5030 καὶ

45 5057 129 5126 τὴν
154 5056 348 5122 ἔξωθεν
379 5059 682 5130 φαντασίαν
707 5060 802 5114 τοῦ
838 5061 1122 5131 βασιλέως,
1151 5062 1264 5115 ἀλλ’
1293 5061 1440 5135 ἐώρα
1478 5063 1576 5135 τὴν
1597 5064 1694 5134 ψυ-

47 5144 133 5215 χὴν
168 5147 332 5217 ῥάκια
373 5147 866 5220 περιϐεϐλημένην,
913 5149 1234 5221 αὐχμῶσαν,
1281 5151 1559 5220 ρυπῶσαν,
1597 5152 1692 5206 καὶ

48 5233 317 5289 καταδίκου
365 5235 568 5298 παντὸς
609 5235 936 5308 ἀθλιώτερον
981 5237 1365 5308 διακειμένηνο
1421 5239 1515 5291 καί¹
1570 5238 1693 5294 ἰδὼν

54 5318 190 5374 αὑτὸν
211 5324 556 5393 αἰχμάλωτον
579 5324 671 5378 καὶ
693 5323 878 5378 δοῦλον
903 5324 1029 5380 ὄντα
1055 5325 1165 5379 τῶν
1194 5324 1404 5392 παθῶν,
1429 5327 1695 5398 κατεφρό-

59 5424 190 5476 νησεν
219 5409 385 5464 αὑτοῦ
409 5410 509 5481 τῆς
536 5411 728 5483 ἀρχῆς.
768 5411 1035 5484 Καθάπερ
1066 5413 1176 5483 γάρ
1207 5412 1300 5466 ὲπὶ
1327 5413 1430 5484 τῆς
1461 5414 1691 5484 σκηνῆς,

65 5494 152 5547 ἀλλ’
175 5497 270 5552 οὐκ
310 5499 406 5552 ἐπὶ
435 5498 534 5569 τῆς
574 5498 831 5570 ἀληθείας
873 5499 1049 5554 ἐδόκει
1079 5499 1306 5572 βασιλέα
1360 5500 1598 5572 βλέπειν.
1628 5503 1694 5556 Τί

119 5697 138 5769 ξ
258 5706 301 5752 οἱ
319 5704 623 5769 ἁμαρτόντες.

112 5756 475 5836 ξΑἰὶιιυοιξῃιὲεε
501 5756 690 5836 φεύγειλ
711 5768 871 5836 ἐπειδὴ
896 5769 1076 5836 ἔνδοθεν
1095 5769 1210 5836 ἔχειἶ
1234 5767 1363 5836 Infra
1385 5767 1531 5836 Savjl.
1555 5771 1694 5836 δυνη-

73 5819 148 5912 οιίέι
347 5819 639 5890 Paulo'poét
660 5827 810 5879 Savil.
836 5819 891 5880 el
911 5819 1213 5893 quidani'ilii
1237 5819 1444 5895 ὅπουπερ
1470 5833 1528 5904 ἂν
1555 5819 1692 5896 ἀπίῄ.

193 5897 234 5934 ιε
253 5887 398 5939 Savil.
430 5896 485 5938 et
506 5903 680 5939 omnes
706 5905 837 5942 bene
865 5906 978 5941 mss.
1011 5893 1182 5942 Morel.
1208 5895 1270 5942 τὰ
1294 5895 1421 5942 ξύλα.
1456 5893 1581 5942 Ibid.
1606 5895 1692 5942 Sa-

102 5895 138 5948 _“
162 5895 234 5934 διε
253 5895 398 5939 Savil.
430 5896 485 5938 et
506 5903 680 5939 omnes
772 5906 837 5941 ne
865 5906 978 5941 mss.
1011 5895 1182 5943 Morel.
1208 5895 1270 5942 τὰ
1294 5895 1421 5950 ξύλα.
1456 5895 1581 5943 Ibid.
1606 5895 1695 5945 Sa-

75 5945 259 6023 :‘I:
277 5957 359 6006 τῆς
381 5951 668 6023 ἐπιφανείας.
697 5905 867 6002 mrel.
895 5956 1011 6021 ὑπὲρ
1031 5957 1115 6018 τήν
1141 5956 1423 6023 ἐπιφάνειαν.
1452 5955 1576 6007 Infra
1598 5957 1694 6007 duo

81 6019 168 6058 ωε.
189 6009 318 6069 ἁγίων
344 6014 423 6061 καὶ
451 6009 730 6062 καλλινίκων
769 6030 906 6077 μαρτ.
989 6009 998 6021 ’
1078 6009 1088 6018 ’
1227 6009 1235 6023 ’
1363 6044 1371 6052 ι

3369 380 3469 438 I00

1806 489 1916 560 γὰρ
1945 489 2135 559 ὄφελος
2157 491 2254 562 τῆς
2286 491 2484 559 ἔξωθεν
2512 491 2771 564 εὐπορίας
2793 488 2845 558 δ,
2875 493 3004 547 ὅταν
3029 493 3178 547 ἔνδον
3206 493 3368 549 πενία
3386 512 3459 550 το

1805 577 1977 648 σαύτη
2015 575 2084 652 ᾖς
2116 579 2170 632 τί
2203 579 2260 633 δὲ
2293 580 2486 650 βλάϐος
2526 581 2626 649 τῆς
2670 579 2868 646 ἔξωθεν
2907 581 3118 647 πενίας,
3151 581 3280 635 ὅταν
3323 581 3469 637 ἔνδον

1802 665 2056 730 τοσοῦτος
2100 667 2404 738 ἀποκέηται
2443 668 2707 735 πλοῦτος;
2744 667 2996 731 Τοιοῦτος
3021 664 3088 741 ῆν
3133 669 3268 724 λέων
3311 672 3405 725 καὶ⁹
3441 673 3469 724 6

1807 753 2073 825 μακάριος
2101 755 2311 819 Παῦλος
2336 772 2350 786 ·
2383 753 2637 809 εἰσελθὼν
2658 756 2767 826 γὰρ
2791 757 2870 819 είς
2893 755 2954 809 :6
2979 755 3353 830 δεσμωτήριον
3374 761 3467 814 καὶ

1804 840 2004 911 βοήσας
2035 843 2215 913 μόνον,
2246 844 2316 898 τά
2349 843 2572 914 θεμέλια
2607 844 2783 897 πάντα
2816 843 3012 908 ἔσεισε,
3042 843 3110 896 τὰ
3136 844 3309 916 δεσμὰ
3337 865 3468 901 κατ-

1801 925 2022 996 έφαγεν,
2057 930 2157 984 οὑκ
2192 930 2371 984 ὀδοῦσι
2402 931 2766 1002 χρησάμενος,
2799 929 2936 984 ἀλλά
2996 932 3240 1003 ῥήμασι·
3279 933 3468 1002 διόπερ

1802 1017 1922 1087 οὑχὶ
1961 1017 2179 1083 λέοντας
2215 1021 2411 1083 αὐτοὺς
2445 1021 2624 1091 μόνον,
2673 1019 2808 1072 ἀλλά
2857 1021 2951 1073 καὶ
2985 1020 3174 1093 ἔτερόν
3206 1039 3259 1075 τι
3307 1023 3469 1078 πλέον

1800 1102 2030 1161 λεόντων
2067 1107 2172 1178 χρὴ
2215 1109 2420 1161 καλεῖν.
2469 1107 2528 1160 Ὀ
2566 1106 2664 1177 μὲν
2695 1107 2802 1178 γὰρ
2839 1106 2976 1161 λέων
3011 1110 3090 1172 εἰς
3118 1109 3308 1163 δίκτυα
3339 1111 3469 1164 πολ-

1799 1191 1956 1256 λάκις
1992 1193 2247 1264 ἐμπεσὼν
2300 1194 2611 1247 ἁλίσκεται·
2649 1195 2697 1247 οἱ
2745 1194 2801 1247 δὲ
2850 1193 2996 1260 ἅγιοι
3037 1195 3302 1262 δεθέντες,
3345 1199 3466 1251 τότε

1803 1281 2136 1351 ἰσχυρότεροι
2162 1281 2402 1348 γίνονται
2418 1299 2431 1312 ·
2458 1281 2710 1351 καθάπερ
2735 1282 2827 1334 καὶ
2854 1285 2882 1335 6
2908 1283 3174 1355 μακάριος
3199 1277 3353 1346 οὗτος
3375 1286 3467 1339 ἐπὶ

1797 1367 1893 1420 τοῦ
1932 1368 2306 1440 δεσμωτηρίου
2347 1370 2476 1423 τότε
2511 1370 2753 1440 ἐποίησε,
2793 1371 2920 1433 τοὺς
2955 1370 3238 1438 δεσμώτας
3277 1373 3463 1437 λύσας,

1797 1456 1924 1519 τοὺς
1949 1455 2162 1526 τοίχους
2188 1456 2471 1521 σσλεύσας,
2506 1457 2596 1510 τὸν
2628 1457 3014 1527 δεσμοφύλακα
3037 1460 3228 1530 δήσας,
3261 1461 3354 1515 καὶ
3389 1459 3468 1530 τῷ

1797 1546 1897 1614 τῆς
1925 1543 2205 1608 εὐσεϐείας
2241 1547 2643 1616 χειρωσάμενος
2681 1545 2844 1616 λόγῳ.
2885 1546 2942 1600 '0
2978 1546 3112 1600 λέων
3147 1549 3465 1617 φθέγγεται,

1797 1630 1893 1681 καὶ
1919 1630 1987 1682 τά
2015 1629 2180 1700 θηρία
2208 1631 2501 1700 φυγαδεύει
2532 1634 2709 1686 πάντα
2729 1649 2741 1660 ·
2768 1634 2796 1684 6
2837 1632 2992 1701 ἅγιος
3021 1633 3335 1704 φθέγγεται,
3373 1636 3467 1689 καὶ

1795 1718 1923 1780 τοὺς
1956 1716 2216 1788 δαίμονας
2259 1719 2550 1772 ἀπελαύνει
2601 1719 2895 1773 πάντοθεν·
2929 1721 3070 1775 ὅπλα
3111 1721 3205 1776 τοῦ
3251 1721 3468 1786 λέοντος

1797 1805 1942 1877 κόμη
1975 1806 2199 1878 τριχῶν,
2244 1806 2450 1878 ὀνύχων
2494 1807 2668 1879 ἀκμὴ,
2704 1809 2798 1861 καὶ
2840 1807 3058 1872 ὀδόντες
3109 1809 3464 1881 ἠκονημένον

1799 1893 1939 1948 ὅπλα
1974 1895 2180 1949 δικαίου
2212 1895 2518 1966 φιλοσοφία,
2558 1895 2843 1968 καρτερία,
2896 1895 3163 1968 ὑπομονὴ,
3200 1897 3467 1969 ὑπεροψία

1795 1983 1904 2036 τῶν
1933 1985 2214 2056 παρόντων
2258 1985 2533 2039 ἁπάντων.
2561 1983 2747 2038 Ταῦτα
2777 1984 2846 2038 τὰ
2885 1983 3025 2037 ὅπλα
3056 2001 3140 2048 τις
3181 1983 3338 2055 έχων,
3366 1986 3467 2039 οὐκ

1796 2069 2097 2142 ἀνθρώπων
2129 2072 2289 2142 μόνον
2323 2071 2594 2144 πονηρῶν,
2618 2071 2754 2126 ἀλλά
2778 2071 2871 2124 καὶ
2893 2071 3072 2124 αὑτῶν
3099 2070 3466 2140 καταγελάσε-

1793 2174 1885 2212 ται
1923 2157 2033 2212 τῶν
2064 2158 2452 2230 ἀντικειμένων
2489 2159 2787 2230 δυνάμεων.
2818 2157 3108 2229 Φρόντισον
3148 2158 3328 2212 τοίνυν
3367 2159 3467 2230 τῆς

1796 2247 1938 2302 κατὰ
1969 2246 2100 2302 Θεὸν
2151 2247 2317 2319 ζωῆς,
2360 2247 2636 2323 ἄνθρωπε.
2665 2247 2758 2300 καὶ
2789 2247 2964 2309 οὐδεὶς
3007 2245 3322 2318 περιέσεται
3368 2245 3465 2299 σοῦ

1796 2351 1951 2400 ποτε,
1983 2334 2122 2390 ἀλλά
2146 2334 2250 2388 κᾶν
2279 2335 2535 2390 ἀπάντων
2556 2333 2936 2406 εὐτελέστερος
2965 2328 3104 2387 εἶναι
3127 2333 3312 2403 δοκῇς,
3338 2333 3466 2387 πάν-

1794 2441 1904 2478 των
1934 2422 2303 2496 δυνατώτερος
2352 2423 2487 2496 ἔσῃ’
2535 2421 2726 2494 ὥσπερ
2770 2421 2835 2476 ἂν
2865 2421 3149 2494 ἀμελήσῃς
3185 2420 3281 2491 τῆς
3321 2420 3464 2475 κατά

1794 2510 1973 2583 ψυχὴν
2007 2512 2232 2583 ἀρετῆς,
2279 2512 2383 2566 κᾶν
2414 2511 2668 2565 ἀπάντων
2695 2509 3063 2582 δυνατώτερος
3087 2505 3179 2581 ᾖς,
3205 2509 3465 2580 εὐχείρω-

1794 2615 1885 2663 τος
1907 2599 2006 2674 έσῃ
2028 2603 2142 2664 τοῖς
2165 2599 2604 2654 ἐπιϐουλεύουσιν
2631 2598 2817 2653 ἀπασι.
2849 2596 2962 2669 [95]
2987 2587 3097 2652 καὶ
3116 2595 3272 2650 τοῦτο
3295 2597 3463 2662 ἔδειξε

1799 2687 1897 2758 μὲν
1945 2687 2016 2742 τά
2062 2687 2327 2760 εἰρημένα
2377 2686 2826 2758 παραδείγματα·
2857 2687 2906 2739 εί
2949 2686 3006 2739 δὲ
3044 2685 3221 2756 βούλει
3258 2685 3354 2739 καὶ
3393 2683 3463 2738 δι’

1795 2774 1971 2847 ἔργων
1999 2791 2058 2828 σε
2088 2774 2297 2839 διδάξαι
2337 2775 2668 2846 πειράσομαι
2698 2773 2804 2828 τῶν
2831 2773 3054 2828 δικαίων
3084 2773 3146 2827 :6
3177 2772 3464 2840 ἀκαταγώ-

1794 2881 1971 2919 νιστον
1987 2863 2080 2916 καὶ
2105 2864 2214 2916 τῶν
2238 2861 2576 2934 ἁμαρτωλῶν
2601 2860 2662 2914 τὸ
2681 2860 3026 2932 εὐχείρωτον.
3049 2860 3310 2913 ιἌκουσον
3330 2857 3463 2926 γοῦν

1796 2952 1912 3015 πῶς
1940 2951 2225 3022 ἀμφότερα
2252 2949 2426 3004 ταῦτα
2455 2952 2482 3004 ὀ
2506 2951 2790 3019 προφήτης
2823 2947 3044 3019 ᾐνίξατο
3065 2965 3079 2978 ο
3123 2949 3245 3016 Οὐχ
3272 2947 3460 3013 οὕτως

1794 3043 1847 3092 οἱ
1875 3038 2132 3104 ἀσεϐεῖς,
2161 3039 2275 3107 οὐχ
2305 3037 2477 3098 οὕτω,
2515 3037 2697 3107 φησὶν,
2741 3037 2879 3089 ἀλλ’
2913 3035 2952 3102 ἢ
2984 3034 3126 3090 ὡσεὶ
3155 3034 3360 3103 χνοῦς,
3389 3033 3463 3088 6r

1793 3126 2056 3194 ἐκρίπτει
2089 3128 2122 3179 ό
2148 3125 2366 3190 ἄνεμος
2395 3123 2513 3178 ἀπὸ
2542 3121 2864 3191 προσώπου
2897 3119 3005 3189 τῆς
3031 3119 3160 3191 γῆς.
3195 3121 3460 3194 Καθάπερ

1794 3213 1902 3282 γάρ
1933 3214 2138 3274 ἐκεῖνος
2159 3213 2277 3274 ταῖς
2299 3211 2406 3262 τῶν
2430 3209 2645 3278 ἀνέμων
2676 3208 2932 3278 ἐμϐολαῖς
2960 3208 3240 3278 πρόκειται
3267 3209 3460 3280 ῥᾳδίως

1793 3298 2306 3370 ἁναρῤιπιζόμενος,
2335 3295 2478 3350 οῦτω
2513 3295 2576 3366 δὴ
2607 3296 2699 3348 καὶ
2726 3297 2754 3348 6
2782 3294 3103 3365 ἁμαρτωλὸς
3130 3294 3233 3346 ὑπὸ
3261 3297 3460 3358 παντὸς

1795 3385 2105 3457 πειρασμοῦ
2142 3384 2544 3457 περιτρέπεται.
2582 3384 2751 3436 Ὅταν
2783 3381 2891 3453 γὰρ
2936 3382 3098 3445 αὑτὸς
3149 3382 3323 3452 ἐαυτῷ
3364 3401 3462 3435 πο-

1793 3475 1956 3546 λεμῇ,
1989 3474 2084 3528 καὶ
2111 3475 2211 3544 τὴν
2257 3473 2434 3544 μάχην
2481 3471 2758 3541 πανταχοῦ
2801 3470 3090 3543 περιφέρῃ,
3137 3470 3261 3524 ποία
3313 3471 3462 3541 αὑτῷ

1797 3562 2069 3633 σωτηρίας
2091 3560 2243 3624 ὲλπὶς
2269 3559 2480 3613 οἴκοθεν
2506 3558 2898 3630 προδεδομένῳ,
2923 3558 3018 3611 καὶ
3046 3559 3266 3630 διηνεκῆ
3303 3559 3461 3612 πολέ-

1799 3667 1919 3721 μιον
1952 3650 2266 3721 περιάγοντι
2289 3648 2351 3702 τδ
2385 3649 2655 3713 συνειδός;
2699 3649 2836 3702 Ἀλλ’
2875 3649 2973 3718 οὑχ
3006 3650 3034 3702 6
3059 3648 3261 3712 δίκαιος
3288 3647 3464 3701 τοιοῦ-

1793 3755 1906 3801 τος,
1945 3737 2081 3792 ἀλλά
2109 3737 2385 3802 ποταπός;
2427 3738 2691 3790 Ἄκουσον
2725 3737 2816 3790 τοῦ
2851 3735 3017 3791 αὑτοῦ
3058 3739 3338 3808 προφήτου
3373 3737 3452 3789 λέ-

1794 3842 1982 3893 γοντος
2006 3845 2018 3855 ·
2047 3827 2112 3879 Ol
2157 3824 2504 3891 πεποιθότες
2534 3824 2633 3878 ἐπὶ
2675 3824 2897 3892 Κύριον
2923 3825 3004 3890 ὡς
3031 3824 3167 3892 ὄρος
3193 3823 3360 3878 Σιών.
3395 3821 3462 3876 Τί

1796 3912 1913 3966 ποτ’
1943 3907 2035 3966 οὖν
2070 3914 2237 3976 ἐστιν,
2285 3912 2382 3976 Ὠς
2416 3911 2552 3978 ὅρος
2581 3909 2766 3974 Enim;
2799 3914 2881 3965 Οὐ
2905 3909 3345 3976 σαλευθήσεται
3375 3913 3463 3977 εἰς

1794 3998 1904 4052 τὸν
1927 3997 2132 4063 αἰῶνα,
2165 3997 2318 4068 φησί.
2347 3998 2458 4051 Καὶ
2479 3997 2588 4068 γὰρ
2613 3999 2712 4051 ὅσα
2745 3997 2813 4050 ἂν
2837 3997 3205 4066 προσενέγκῃς
3233 4007 3256 4036 ο
3285 4013 3463 4067 μηχα-

1795 4085 2031 4156 νήματα,
2058 4085 2158 4139 ὅσα
2193 4084 2569 4158 ἀν’ἀκοντίσῃς
2610 4084 2760 4154 βέλη,
2784 4084 2907 4156 ὅρος
2936 4081 3306 4154 καταστρέψαι
3341 4084 3463 4156 βου-

1795 4173 2041 4244 λόμενος,
2075 4171 2284 4225 ἐκείνου
2330 4172 2430 4242 μὲν
2461 4173 2715 4225 οὐδέποτε
2751 4171 2980 4244 περιέση
3005 4171 3143 4242 (πῶς
3179 4171 3287 4244 γάρ
3303 4173 3460 4242 ς),τά

1796 4259 1852 4313 δὲ
1885 4261 2253 4331 μηχανήματα
2279 4258 2550 4323 διαλύσεις
2580 4259 2816 4325 ἅπαντα,
2845 4261 2939 4313 καὶ
2967 4259 3067 4330 τὴν
3099 4260 3328 4313 σεαυτοῦ
3357 4277 3458 4314 κα-

1793 4347 2046 4412 ταλύσεις
2089 4346 2262 4418 ἰσχύν.
2293 4346 2542 4410 Τοιοῦτός
2585 4347 2700 4399 ἐστι
2741 4345 2833 4400 καὶ
2879 4348 2908 4400 6
2953 4346 3198 4410 δίκαιοςο
3230 4349 3359 4411 δσας
3394 4346 3463 4401 ἂν

1795 4434 2014 4506 δέξηται
2036 4433 2269 4506 πληγὰς,
2286 4433 2446 4496 αὐτὸς
2470 4435 2566 4503 μὲν
2581 4433 2731 4487 οὐδὲν
2749 4432 2916 4488 ἔπαθε
2937 4433 3130 4498 δεινὸν,
3144 4435 3253 4488 τῶν
3273 4435 3330 4488 δὲ
3350 4437 3466 4489 ἑπι-

1797 4522 2159 4576 6ουλευόντων
2200 4521 2458 4575 καταλύει
2498 4521 2597 4591 τὴν
2637 4520 2886 4592 δύναμιν,
2918 4522 3018 4574 οὑκ
3069 4520 3373 4594 ἀνθρώπων
3405 4522 3463 4577 δὲ

1801 4612 1978 4681 μόνον,
2015 4610 2150 4664 ἀλλά
2183 4610 2276 4663 κα)⁸
2311 4609 2578 4679 δαιμόνων
2610 4608 2808 4662 αὑτῶν.
2849 4609 3128 4671 Ἤκουσας
3166 4608 3298 4676 γοῦν
3331 4609 3462 4662 πολ-

1797 4699 1953 4763 λάκις
1981 4699 2124 4752 πόσα
2155 4698 2474 4770 προσήγαγε
2501 4698 2866 4768 μηχανήματα
2889 4696 2967 4768 τῷ
3001 4696 3120 4749 ’1ὼό
3149 4697 3176 4749 ὀ
3196 4696 3459 4760 διάϐολος.

1799 4787 1893 4840 καὶ
1947 4786 2008 4839 οὑ
2046 4786 2205 4855 μόνον
2244 4785 2303 4838 οὑ
2343 4784 2656 4838 κατέσεισεν
2707 4786 2881 4837 έκεῖνο
2913 4785 2971 4836 τὸ
3009 4783 3152 4855 ὀρος,
3183 4783 3319 4837 ἀλλά
3366 4783 3463 4837 καὶ

1798 4875 2038 4939 έκλυθεῖς
2064 4873 2400 4947 ἀνεχώρησε,
2431 4872 2540 4926 τῶν
2565 4872 2731 4944 βελῶν
2761 4872 2924 4925 αὑτοῦ
2954 4871 3461 4938 κατακλασθέντων,

1798 4964 1892 5018 καὶ
1942 4963 2052 5017 τῶν
2099 4961 2503 5034 μηχανημάτων
2548 4960 2854 5031 γενομένων
2893 4961 3179 5031 ἀχρήστων
3221 4961 3328 5014 ἀπὸ
3365 4960 3466 5032 τῆς

1798 5050 2103 5123 προσϐολῆς
2129 5050 2363 5120 ἐκείνης.

1867 5145 1938 5207 γ’.
1963 5139 2149 5192 Ταῦτα
2166 5132 2258 5190 οὖν
2282 5135 2652 5206 ἐπιστάμενοι,
2671 5133 2773 5204 τῆς
2793 5133 2935 5204 ζωῆς
2963 5134 3350 5207 ἐπιμελώμεθα
3365 5134 3466 5206 τῆς

1799 5227 2090 5298 ἡμετέρας,
2140 5225 2236 5279 καὶ
2285 5225 2421 5296 μήτε
2466 5224 2594 5296 περὶ
2647 5224 2907 5295 χρήματα
2960 5224 3352 5294 σπουδάσωμεν
3395 5223 3466 5278 τὰ

1799 5315 2167 5386 ἀπολλύμενα,
2213 5315 2350 5386 μήτε
2395 5313 2526 5386 περὶ
2569 5312 2725 5378 δόξαν
2769 5311 2870 5384 τὴν
2902 5311 3290 5383 σϐεννυμένην,
3325 5310 3466 5381 μήτε

1799 5406 1930 5474 περὶ
1957 5405 2019 5458 :6
2043 5405 2202 5475 σῶμα
2220 5404 2282 5457 :6
2305 5403 2606 5474 γηράσκον,
2640 5404 2778 5473 μήτε
2799 5400 2928 5472 περὶ
2957 5399 3152 5464 κάλλος
3178 5400 3240 5451 :6
3267 5415 3467 5469 μαραι-

1797 5495 2042 5566 νόμενον,
2078 5494 2216 5565 μήτε
2241 5493 2368 5565 περὶ⁵
2389 5492 2602 5564 τρυφὴν
2628 5489 2726 5561 τὴν
2757 5489 3132 5562 διαῤῥέουσαν,
3163 5487 3300 5541 ἀλλά
3336 5487 3468 5560 περὶ

1796 5581 1977 5656 ψυχὴν
2004 5582 2221 5637 ἃπασαν
2249 5578 2615 5652 ἀναλώσωμεν
2641 5577 2678 5637 ί,
2695 5577 2793 5650 τὴν
2829 5575 3168 5647 ἐπιμέλειαν,
3209 5575 3302 5629 καὶ
3328 5573 3468 5629 ταύ-

1862 5764 1889 5804 ἀ
1913 5767 1996 5818 Sic
2015 5767 2168 5817 Savﬂ.
2191 5770 2242 5816 et
2271 5766 2478 5816 maxima
2499 5776 2612 5827 pars
2623 5774 2749 5827 _mss.
2785 5764 2944 5827 περιρ.
2970 5757 3145 5808 Morel.
3169 5755 3473 5827 e63:_pzm_lac.

1840 5829 1890 5902 ’⁸
1913 5827 2014 5879 Alii
2035 5828 2357 5894 προσαγάγῃς.
2387 5819 2718 5888 Μοίᾳυιᾱειω
2742 5835 2858 5872 mss.
2882 5821 2990 5886 ὄρος
3015 5819 3324 5882 κατασκάψαι
3354 5820 3471 5882 βου·

1801 5888 2354 6018 λοιίεξῖιξίριεεῑέιιὶημοι
2387 5946 2871 6018 ῃκςςλάναλίσκωμεν,
2907 5944 3079 6018 Μρτεὶ.
3103 5938 3255 6018 εξιηίἱί
3275 5940 3461 6018 ἀναλώ-

1804 6031 1978 6078 σωμεν.
2006 6012 2129 6063 Infra
2152 6003 2302 6064 SavII.
2329 6013 2407 6060 καὶ
2427 6014 2457 6069 ἡ
2483 6011 2562 6073 μὲν
2593 6007 2678 6058 τοῦ
2703 6003 2922 6072 σώματος
2945 6004 3183 6070 θεραπεία,
3210 6003 3289 6050 καὶ
3313 6015 3458 6064 φαρμ.
