3912 6230
482 378 581 440 101

474 510 579 566 την
612 493 774 549 παντὶ
809 492 1229 566 θεραπεύσωμεν
1262 495 1466 566 τρόπῳ.
1518 493 1751 567 Σώματα
1783 495 1881 566 μὲν
1911 496 2017 567 γὰρ
2045 497 2135 551 θε-

481 581 748 653 ραπεῦσαι
778 581 1099 652 νενοσηκότα
1127 581 1187 634 ού
1224 581 1387 636 παντὶ
1414 582 1617 654 ῥᾴδιον,
1652 582 1827 652 ψυχὴν
1873 583 1927 635 δὲ
1952 582 2136 655 ἀρρωὲ

481 667 708 722 στοῦσαν
744 668 988 722 ἰάσασθαι
1019 668 1198 741 ῥᾴδιον
1234 670 1387 721 πᾶσι·
1429 670 1523 722 καὶ
1555 670 1588 740 ἡ
1621 668 1719 736 μὲν
1751 669 1844 722 τοῦ
1891 668 2140 742 σώματος

478 755 757 828 ἀρρωστία
787 756 880 808 καὶ
910 756 1216 827 φαρμάκων
1243 755 1435 823 δεῖται,
1464 757 1557 809 καὶ
1594 756 1854 829 ἀργυρίου
1887 757 2022 828 πρὸς
2051 756 2135 809 θεε-

479 843 727 913 ραπείαν·
759 842 869 913 ήδέ
890 842 985 913 τῆς
1009 843 1186 913 ψυχῆς
1214 843 1483 913 Θεραπεία
1505 842 1702 907 εὖωνος
1729 845 1824 898 καὶ
1846 845 2134 907 ἀδάπανος·

477 930 571 983 καὶ
599 930 696 999 τῆς
727 929 825 999 μὲν
857 929 1057 1000 σαρκὸς
1091 934 1123 1002 ή
1150 930 1308 1000 φύσις
1338 932 1474 1002 μετά
1500 930 1691 984 πολλοῦ
1716 931 1809 984 τοῦ
1837 931 1999 984 πόνου
2031 930 2140 983 τῶν

476 1013 833 1085 ἐνοχλούντων
860 1017 1255 1071 ἀπαλλάττεται
1279 1018 1627 1089 τραυμάτων·
1654 1019 1747 1071 καὶ
1768 1018 1875 1089 γάρ
1901 1019 2138 1089 σιδήριον

475 1096 773 1171 ἐπαγαγεῖν
792 1105 1087 1173 ἀναγκαῖον
1116 1106 1393 1171 πολλάκις,
1420 1108 1515 1159 καὶ
1535 1107 1707 1178 πικρά
1738 1107 2022 1177 φάρμακα·
2049 1107 2140 1159 ἐπὶ

474 1188 529 1243 δὲ
552 1193 654 1262 τῆς
680 1191 862 1263 ψυχῆς
894 1194 1044 1248 οὐδὲν
1082 1195 1324 1248 τοιοῦτόν
1361 1196 1529 1256 ἐστιν,
1570 1195 1687 1249 ἀλλ’
1725 1197 1885 1267 ἀρκεῖ
1915 1194 2139 1265 θελῆσαι

475 1278 569 1331 καὶ
600 1278 921 1351 βουληθῆναι
945 1282 1122 1353 μόνον,
1147 1284 1238 1336 καὶ
1266 1283 1437 1336 πάντα
1461 1280 1836 1353 κατώρθωται.
1862 1283 1969 1336 Καὶ
1986 1282 2140 1335 τοῦτο

472 1365 571 1435 τῆς
610 1366 704 1420 τοῦ
735 1367 870 1421 Θεοῦ
905 1370 1158 1442 προνοίας
1200 1369 1360 1441 ἔργον
1401 1369 1645 1438 γέγονεν·
1681 1371 1867 1441 ἐπειδὴ
1896 1371 2004 1441 γὰρ
2033 1370 2139 1422 ἀπὸ

477 1452 573 1521 μὲν
609 1457 705 1524 τῆς
742 1455 836 1508 τοῦ
868 1455 1116 1527 σώματος
1146 1456 1455 1528 ἀρρωστίας
1486 1458 1547 1509 ού
1586 1456 1767 1528 πολλῆ
1791 1457 1986 1526 γένοιτ’
2014 1455 2078 1509 ἂν
2104 1458 2137 1527 ἡ

474 1538 643 1611 βλάϐη
674 1542 798 1609 (κᾶν
818 1542 926 1614 γάρ
961 1543 1035 1615 μὴ
1064 1545 1398 1615 νοσήσωμεν,
1423 1543 1665 1598 ἐπελθὼν
1695 1544 1722 1596 ὁ
1750 1543 1981 1607 θάνατος
2010 1544 2139 1597 αὐτὸ

480 1624 661 1697 φθερεῖ
696 1629 790 1680 καὶ
823 1628 1112 1682 καταλύσει
1152 1628 1410 1696 πάντως),
1436 1629 1495 1682 τὸ
1520 1630 1576 1681 δὲ
1602 1631 1707 1683 πᾶν
1736 1630 1793 1683 ἐν
1814 1632 1878 1701 τῇ
1908 1631 2006 1698 τῆς
2038 1629 2139 1698 ψυ-

469 1712 569 1781 χῆς
602 1714 786 1784 ἡμῶν·
836 1716 994 1786 ὑγεία
1022 1719 1221 1777 κεῖται,
1256 1715 1350 1768 τοῦ
1385 1716 1565 1786 πολλῷ
1594 1716 2013 1787 χρησιμωτέρου
2043 1718 2139 1771 καὶ

469 1799 890 1872 ἀναγκαιοτέρου
929 1802 1114 1874 ῥᾳδίαν
1154 1802 1375 1873 ἐποίησε
1399 1804 1493 1856 καὶ
1522 1803 1796 1857 ἀδάπανον
1817 1803 1911 1856 καὶ
1934 1803 2137 1857 ἀνώδυ-

469 1903 558 1939 νον
586 1887 682 1959 τὴν
712 1889 1027 1960 θεραπείαν.
1053 1889 1186 1945 Τίνα
1208 1886 1301 1944 οῦν
1326 1889 1520 1960 ἕξομεν
1546 1890 1862 1960 ἀπολογίαν,
1900 1891 2058 1945 ποίαν
2082 1890 2137 1945 δὲ

470 1976 820 2049 συγγνώμην,
849 1980 975 2032 ὅταν
1003 1978 1255 2049 σώματος
1286 1980 1385 2050 μὲν
1418 1979 1721 2044 νοσοῦντος,
1752 1979 1880 2035 ἔνθα
1913 1981 2007 2034 καὶ
2036 1981 2135 2052 ἀρ-

466 2063 655 2137 γύριόν
682 2066 798 2118 ἐστι
833 2066 1181 2132 καταϐαλεῖν,
1213 2069 1308 2121 καὶ
1341 2070 1560 2141 ἰατροὺς
1589 2069 2001 2140 ¹παρακαλέσαι,
2040 2069 2134 2121 καὶ

466 2151 657 2223 ὀδύνην
690 2153 980 2224 ὑπομεῖναι
1010 2155 1231 2226 πολλὴν,
1255 2155 1522 2227 τοσαύτην
1550 2155 1831 2226 ποιώμεθα
1853 2155 1969 2227 [95]
2004 2155 2135 2227 πρό-

463 2254 631 2304 νοιαν,
660 2241 753 2294 καὶ
772 2239 943 2294 ταῦτα
956 2242 1016 2294 οὑ
1035 2243 1234 2313 πολλῆς
1256 2244 1386 2315 ήμῖν
1403 2244 1431 2283 δ
1449 2244 1548 2315 τῆς
1566 2243 1767 2315 βλάϐης
1790 2243 1896 2296 ἀπὸ
1914 2244 2012 2314 τῆς
2032 2244 2132 2314 ἁρ-

463 2326 702 2396 ρωστίας
737 2329 1029 2401 γινομένης
1070 2329 1304 2401 ἐκείνης·
1352 2331 1530 2402 ψυχῆς
1578 2332 1636 2385 δὲ
1678 2330 2131 2402 καταφρονῶμεν,

461 2415 757 2469 καὶταῦτα
789 2418 927 2488 μήτε
962 2417 1225 2489 ἀργύριον
1264 2419 1624 2473 καταϐάλλειν
1659 2418 1964 2489 μέλλοντες,
1996 2419 2133 2489 μήτε

460 2501 681 2575 ἐτέρους
702 2504 1009 2574 διενοχλεῖν,
1038 2507 1174 2576 μήτε
1213 2505 1402 2569 ὀδύνας
1426 2506 1776 2577 ὑφίστασθαι,
1803 2506 1939 2560 ἀλλά
1963 2506 2133 2577 χωρὶς

459 2586 665 2642 τούτων
695 2590 951 2644 ἀπάντων
973 2592 1061 2645 διὰ
1080 2592 1172 2645 τοῦ
1193 2592 1520 2664 προελέσθαι
1554 2594 1649 2647 καὶ
1676 2592 2003 2664 βουληθῆναι
2032 2594 2129 2665 μό·-

460 2692 571 2740 νον,
605 2678 787 2729 πᾶσαν
812 2677 978 2749 αὑτῆς
1015 2679 1300 2750 δυνάμενοι
1334 2680 1662 2751 ποιήσασθαι
1691 2679 1789 2751 τὴν
1821 2680 2126 2751 διόρθωσιν,

462 2764 556 2817 καὶ
588 2764 829 2835 ἀκριϐῶς
871 2767 1091 2831 εἰδότες,
1122 2767 1198 2832 ὡς
1236 2769 1285 2821 εἰ
1332 2767 1406 2839 μὴ
1446 2768 1603 2821 τοῦτο
1644 2770 1992 2840 ποιήσαιμεν,
2029 2768 2129 2839 τήν

459 2853 698 2925 ἐσχάτην
729 2854 1148 2926 ὑποπησόμεθα
1169 2855 1342 2927 δίκην,
1372 2856 1466 2909 καὶ
1492 2856 1589 2919 τὰς
1609 2857 2016 2929 ἀπαραιτήτους
2040 2871 2131 2908 κο-

458 2940 645 3007 λάσεις
671 2943 766 2997 καὶ
784 2945 1051 3015 τιμωρίας
1071 2961 1086 3010 ;
1111 2944 1245 2998 Εἰπὲ
1268 2944 1375 3017 γάρ
1403 2962 1515 3016 μοι,
1543 2945 1695 3009 εἴτις
1715 2945 1981 3016 ὑπέσχετο
2004 2960 2131 2998 παι-

457 3030 644 3084 δεῦσαί
674 3048 731 3084 σε
766 3032 962 3103 τέχνην
996 3031 1243 3104 ἰατρικὴν
1277 3035 1333 3086 ἐν
1369 3032 1599 3103 βραχείᾳ
1626 3032 1818 3104 καιροῦ
1857 3033 1994 3103 ῥοπῇ
2021 3049 2130 3101 χω-

461 3116 547 3186 ρὶς
569 3117 832 3188 ἀργυρίου
857 3119 951 3172 καὶ
978 3120 1164 3186 πόνου,
1192 3120 1291 3173 οὑκ
1317 3118 1383 3174 ἂν
1405 3121 1702 3192 εὐεργέτην
1722 3120 2007 3191 ἐνόμισας;
2029 3120 2129 3171 οὐκ

461 3203 528 3258 ἂν
560 3204 827 3273 κατεδέξω
854 3206 946 3260 καὶ
979 3207 1201 3277 ποιῆσαι
1230 3209 1323 3260 καὶ
1357 3206 1550 3260 παθεῖν
1585 3207 1800 3261 ἅπαντα
1838 3205 1982 3277 άπερ
2010 3205 2127 3258 ἐκέο

459 3290 649 3345 λευσεν
680 3294 708 3345 6
737 3291 911 3347 ταῦτα
939 3293 1432 3364 ἐπαγγειλάμενοςς
1485 3294 1615 3348 Ἰδοὺ
1641 3293 1736 3347 νῦν
1761 3292 1935 3358 ἔξεστι
1959 3296 2129 3366 χωρὶς

460 3378 636 3432 πόνων
664 3380 785 3450 οὐχὶ
816 3381 1103 3452 σωμάτων,
1140 3381 1276 3435 ἀλλά
1310 3381 1419 3435 τῶν
1455 3381 1555 3452 τῆς
1590 3381 1770 3452 ψυχῆς
1799 3382 2127 3452 τραυμάτων

457 3467 526 3520 τά
559 3468 824 3540 φάρμακα
855 3470 1056 3536 εὑρεῖν,
1098 3470 1192 3523 καὶ
1228 3471 1396 3541 χωρὶς
1427 3470 1618 3541 ὀδύνης
1649 3469 1795 3532 τινὸς
1823 3471 1904 3531 είς
1941 3469 2126 3537 ὑγείαν

456 3555 624 3626 αὐτὴν
646 3559 1034 3625 ἐπαναγαγεῖν.
1067 3558 1159 3628 Μὴ
1179 3558 1359 3610 τοίνυν
1382 3558 1693 3628 ἀμελῶμεν.
1716 3557 1854 3612 Ποία
1876 3557 1984 3627 γάρ
2009 3556 2127 3610 ὀδύ-

458 3659 548 3713 νη,
579 3643 700 3696 εἰπέ
735 3661 846 3714 μοι,
873 3644 1040 3717 ὀργὴν
1070 3646 1287 3715 ἀφεῖναι
1312 3645 1390 3715 τῷ
1412 3645 1773 3716 λελυπηκότι;
1813 3645 2000 3716 ὐδύνη
2027 3644 2125 3715 μὲν

459 3726 553 3783 οῦν
578 3731 695 3784 ἐστι
721 3731 781 3783 τὸ
811 3734 1186 3802 μνησικακεῖν,
1225 3733 1318 3785 καὶ
1347 3732 1421 3803 μὴ
1451 3732 1933 3787 καταλλάττεσθαι.
1969 3736 2126 3797 Πιῖος

460 3817 621 3881 πόνος
641 3816 900 3885 εὔξασθαι
924 3820 1016 3873 καὶ
1040 3820 1261 3890 αἰτῆσαι
1296 3819 1465 3892 μυρία
1493 3820 1672 3888 ἀγαθά
1698 3820 1846 3892 παρά
1872 3820 1966 3874 τοῦ
1994 3839 2127 3891 προ-

460 3904 645 3976 θύμως
679 3906 912 3971 διδόντος
936 3905 1100 3973 Θεοῦ;
1126 3909 1276 3971 ποῖος
1296 3907 1457 3971 πόνος
1494 3909 1567 3977 μή
1598 3908 1786 3973 κακῶς
1819 3910 1992 3961 εἰπεῖν
2023 3926 2126 3978 μη-

457 3992 610 4061 δένας
644 3993 769 4047 ποία
791 3993 1045 4048 δυσκολία
1065 3994 1439 4066 ἀπαλλαγῆναι
1459 3995 1650 4063 φθόνου
1675 3996 1765 4048 καὶ
1791 3994 2122 4065 βασκανίας;

462 4082 611 4145 ποῖος
645 4079 841 4152 μόχθος
865 4083 1085 4154 ἀγαπᾷν
1115 4083 1205 4134 τὸν
1232 4081 1485 4153 πλησίον;
1520 4082 1648 4134 ποία
1679 4082 2021 4153 ταλαιπωρία
2048 4081 2124 4154 μὴ

459 4168 791 4238 φθέγγεσθαι
838 4171 1038 4243 αἰσχρὰ
1084 4172 1326 4242 ῥήματα,
1384 4169 1518 4240 μηδὲ
1554 4168 1930 4240 λοιδορεῖσθαι,
1991 4169 2125 4239 μηδὲ

458 4256 730 4326 ὑϐρίζεινς
755 4259 904 4320 ποῖος
927 4260 1167 4328 κάματος
1199 4257 1272 4329 μὴ
1299 4257 1556 4327 ὀμνύναι;
1584 4257 1743 4309 πάλιν
1768 4256 1878 4327 γὰρ
1906 4257 2000 4309 ἐπὶ⁸
2025 4256 2124 4326 τὴν

460 4343 631 4413 αὑτὴν
659 4341 771 4412 ἥξω
802 4344 1137 4413 παραίνεσιν.
1175 4344 1342 4408 Πόνος
1375 4344 1471 4417 μὲν
1501 4340 1593 4397 οὖν
1627 4342 1882 4413 μέγιστος
1908 4344 1966 4396 1:6
1996 4344 2125 4414 ὀμό-

463 4446 573 4483 σαι·
621 4428 876 4491 πολλάκις
916 4431 1043 4499 γοῦν
1084 4433 1190 4485 ὑπὸ
1229 4432 1403 4503 θυμοῦ
1435 4433 1528 4485 καὶ
1562 4432 1731 4503 ὀργῆς
1772 4431 2123 4502 κατεχόμενοι

460 4517 840 4589 διωμοσάμεθα
867 4519 1133 4589 μηδέποτε
1148 4519 1554 4573 διαλλάττεσθαι
1574 4531 1596 4559 ο
1617 4522 1726 4583 τοῖς
1740 4518 2122 4589 λελυπηκόσιν,

462 4600 578 4658 εἰτα
605 4607 703 4675 τῆς
731 4606 899 4678 ὀργῆς
929 4606 1267 4678 σϐεσθείσης,
1299 4608 1390 4662 καὶ
1416 4607 1509 4661 τοῦ
1543 4606 1716 4678 θυμοῦ
1742 4606 2122 4677 χαλασθέντος,

461 4690 815 4764 βουληθέντες
858 4693 1284 4765 καταλλαγῆναι,
1323 4695 1418 4748 καὶ
1457 4695 1560 4748 ὑπὸ
1588 4694 1689 4764 τῆς
1723 4693 1968 4763 ἀνάγκης
1996 4711 2123 4747 κατ-

460 4779 707 4850 εχόμενοι
737 4781 845 4833 τῶν
867 4781 1066 4851 ὅρκων,
1100 4781 1417 4854 ήλγήσαμεν
1445 4781 1633 4853 ὥσπερ
1655 4782 1761 4834 τινί¹
1784 4782 1968 4850 παγίδι
2001 4798 2126 4834 κατ-

462 4866 727 4939 εχόμενοι,
751 4869 843 4922 καὶ
869 4869 1086 4940 δεσμοῖς
1110 4869 1324 4932 ἀλύτοις
1347 4869 1734 4940 συνδεδεμένοι.
1774 4870 1949 4940 Ὅπερ
1981 4870 2073 4922 καὶ
2095 4871 2124 4923 ὁ

464 4954 706 5019 διάϐολος
738 4954 913 5019 εἰδὼς,
948 4956 1040 5009 καὶ
1071 4955 1315 5027 ἀκριϐῶς
1342 4958 1701 5026 ἐπιστάμενος
1729 4957 1811 5010 ὅτι
1842 4955 1952 5027 πῦρ
1975 4957 2121 5011 ἐστιν

459 5045 490 5097 6
516 5042 705 5116 θυμὸς,
740 5044 832 5097 καὶ
863 5044 1057 5116 ῥᾳδίως
1091 5044 1396 5108 σϐέννυται,
1427 5046 1521 5098 καὶ
1550 5044 1643 5097 τοῦ
1674 5043 1847 5112 θυμοῦ
1876 5043 2126 5097 σϐεσθέν-

463 5142 570 5190 τος,
614 5126 921 5198 καταλλαγὴ
959 5127 1167 5195 γίνεται
1206 5129 1299 5183 καὶ
1338 5127 1508 5197 φιλία,
1555 5127 1873 5198 βουλόμενος
1910 5128 1972 5181 τὸ
2014 5128 2124 5199 πῦρ

459 5206 618 5262 τοῦτο
652 5208 831 5279 μένειν
863 5209 1145 5275 ἄσϐεστον,
1174 5210 1322 5282 ὅρκῳ
1348 5209 1605 5273 πολλάκις
1627 5212 1774 5279 ἡμᾶς
1805 5210 2119 5280 κατέδησεν,

461 5288 571 5355 ινα,
606 5290 763 5361 κᾶνή
792 5290 928 5363 ὀργὴ
955 5290 1115 5363 λήξῃ,
1146 5294 1180 5363 ή
1204 5293 1418 5362 ἀνάγκη
1439 5290 1530 5345 τοῦ
1558 5292 1720 5363 ὅρκου
1756 5290 1991 5362 μένουσα
2011 5291 2115 5345 δια-

523 5448 552 5513 _‘
577 5448 727 5513 Savjl.
752 5454 805 5499 et
824 5451 1021 5513 quidam
1045 5464 1160 5500 mss.
1184 5450 1312 5513 ἡμῖν.
1340 5450 1512 5500 Morel.
1535 5450 1689 5500 elalii
1715 5450 1870 5513 ἡμῶν.

520 5505 555 5575 1)
576 5510 723 5575 ξανῇι.
749 5521 801 5561 ει
821 5505 904 5563 ἐιὶὶ
923 5513 975 5561 ού
999 5505 1351 5575 μεγάληςῆμῖν.

524 5572 554 5604 α
574 5571 645 5624 lu
663 5572 834 5625 lion-el.
858 5582 911 5625 el
926 5571 1076 5626 Sai'ill
1098 5571 1334 5636 recle,'ut
1353 5572 1548 5623 videtur
1569 5587 1582 5623 :
1603 5572 1788 5634 aliquot
1809 5578 1974 5623 autem
1998 5583 2114 5622 mss.

1323 379 1379 438 S.
1418 380 1705 438 JOANNIS
1739 379 2229 438 CHRYSOSTOMI
2266 379 2585 438 ARCHIEP.
2631 378 3168 438 CONST‘ANTINOP.
3809 378 3852 436 ιι

2243 496 2382 572 τηρῇ
2410 496 2509 566 τὴν
2538 494 2716 566 πυράν
2755 496 2811 547 ἐν
2844 495 2997 564 ἡμῖν,
3030 493 3125 546 καὶ
3158 492 3301 547 δυοῖν
3332 493 3560 565 θάτερον
3592 493 3853 562 γεννῆται,ζ

2245 580 2675 650 καταλλαγέντες
2708 580 3146 650 ἐπιορκήσωμεν,
3178 578 3211 649 ἢ
3246 578 3318 650 μὴ
3342 578 3773 647 καταλλαγέντες
3800 582 3856 633 τό

2244 672 2341 741 τῆς
2378 668 2744 741 μνησικακίας
2784 667 3079 738 ἐπιτιμίοις
3120 665 3451 730 ὑπευθύνους
3478 667 3717 729 ἐαυτοῦς
3746 668 3857 729 κατι

2241 758 2426 827 στήσω
2433 773 2551 828 μεν.

2305 843 2366 901 δ’,
2386 843 2570 896 Ταῦτα
2597 837 2689 896 οῦν
2714 842 2910 904 εἰδότες
2942 840 3228 913 φεύγωμεν
3243 840 3379 904 τοὺς
3392 840 3609 910 ὅρκους,
3634 840 3730 894 καὶ
3756 839 3860 910 μελί

2237 930 2382 984 τάτω
2420 931 2479 983 τὸ
2519 931 2691 1001 στόμα
2720 930 2876 1000 ήμῶν
2902 929 3082 995 λέγειν
3121 927 3377 998 συνεχῶς·
3411 929 3780 981 Πίστευσον·
3819 930 3862 981 γέ

2238 1018 2389 1071 ἔσται
2411 1017 2565 1070 τοῦτο
2588 1019 2768 1087 πάσης
2790 1016 3077 1080 εὐλαϐείας
3100 1015 3354 1079 ὑπόθεσις
3378 1017 3532 1085 ἡμῖν.
3557 1014 3785 1068 Γλῶττα
3804 1032 3864 1081 γε

2236 1105 2581 1160 παιδευθεῖσα
2616 1103 2774 1157 τοῦτο
2806 1105 2984 1173 λέγειν
3021 1104 3081 1157 τδ
3116 1104 3174 1156 ἓν
3198 1103 3224 1143 δ
3257 1104 3427 1174 ῥῆμα,
3458 1104 3782 1173 αἰσχύνεται
3819 1116 3866 1155 ul

2236 1194 2464 1266 ἐρυθριᾷ
2498 1194 2564 1265 ρή
2575 1210 2718 1263 ματα
2745 1191 3049 1261 ἐξενεγκεῖν
3078 1192 3282 1263 αἰσχρά
3305 1192 3399 1245 καὶ
3428 1190 3626 1245 ἄτοπα·
3670 1190 3781 1243 κᾶν
3808 1190 3866 1242 ἀί

2240 1279 2525 1352 συνηθείας
2550 1281 2796 1352 προαχθῇ
2830 1297 2981 1342 ποτε,
3017 1279 3249 1341 πολλοὺς
3276 1278 3474 1349 ἔχουσα
3504 1279 3633 1341 τοὺς
3668 1276 3868 1347 κατηγύ

2242 1385 2365 1440 ρους
2397 1367 2844 1437 ἁνασταλήσεται.
2882 1368 3049 1420 Ὅταν
3075 1366 3184 1436 γάρ
3212 1383 3294 1429 τις
3328 1365 3413 1437 ἴδῃ
3443 1364 3536 1419 τὸν
3564 1364 3642 1435 μὴ
3671 1363 3870 1435 ὀμνύντι

2237 1454 2435 1525 αἰσχρά
2469 1454 2853 1524 φθεγγόμενον,
2889 1453 3262 1523 ἐπεμϐήσεται
3293 1453 3491 1524 ῥαδίως
3509 1450 3664 1522 αὐτῷ
3692 1449 3793 1504 καὶ
3818 1467 3872 1502 κε

2235 1543 2612 1611 ταγελάσεται,
2642 1541 2736 1594 καὶ
2774 1539 3050 1611 κωμῳδῶν
3094 1542 3229 1612 ἐρεῖ·
3255 1541 3327 1593 Σὺ
3366 1542 3396 1593 6
3423 1540 3503 1605 τὸ,
3539 1541 3873 1595 Πίστευσοτ

2236 1631 2330 1683 ἐπὶ
2361 1631 2492 1683 πᾶσι
2529 1629 2722 1697 λέγων,
2759 1630 2859 1681 οὑκ
2889 1628 3054 1699 ἀνέχῃ
3089 1628 3251 1698 ὅρκον
3290 1626 3570 1699 προέσθαι,
3600 1628 3702 1680 καὶ
3738 1626 3874 1697 ρήμι

2240 1735 2324 1771 σιν
2352 1720 2599 1788 αἰσχροῖς
2639 1715 3022 1786 καταισχύνεις
3044 1731 3151 1788 σου
3182 1716 3282 1788 τὴν
3307 1714 3587 1784 γλῶτταν;
3621 1715 3792 1766 ’Ὥστε
3820 1728 3876 1765 κο

2236 1787 2491 1869 ἄκοντες,
2509 1804 2613 1857 ὑπὸ
2636 1804 2745 1857 τῶν
2775 1787 3059 1875 παρόντων
3089 1787 3553 1873 συνελαυνόμενοι,
3584 1801 3728 1872 πρὸς
3756 1792 3878 1877 εὺλά

2239 1895 2390 1947 ϐειαν
2420 1892 2779 1963 ἐπανήξομεν.
2811 1892 2875 1943 Τί
2898 1888 3012 1956 οῦν,
3045 1892 3140 1945 ἐάν
3176 1892 3412 1960 ἀνάγκη.
3447 1890 3635 1961 φησὶν,
3675 1884 3880 1959 ὀμόσαιγ

2238 1982 2413 2033 Ὅπου
2443 1979 2608 2050 νόμου
2651 1978 2963 2051 παράϐασίς
3001 1978 3117 2051 [96]
3159 1982 3327 2039 ἐστιν,
3359 1979 3458 2031 οὑκ
3488 1978 3634 2031 ἐστιν
3669 1977 3882 2046 ἀνάγκη.

2234 2069 2346 2122 Καὶ
2370 2068 2612 2131 δυνατὸν,
2653 2068 2807 2138 φησὶ,
2850 2066 3081 2147 καθόλου
3114 2068 3189 2138 μὴ
3227 2066 3491 2138 ὀμνύναις
3531 2066 3599 2119 Τί
3633 2064 3882 2133 λέγεις;⁴

2233 2156 2365 2219 Θεὸς
2384 2156 2657 2221 ἐκέλευσε,
2684 2156 2779 2211 καὶ
2804 2154 3010 2226 τολμᾷς
3037 2155 3313 2226 ἐρωτῆσαι
3339 2157 3388 2209 εἰ
3416 2154 3645 2208 δυνατὸν
3672 2153 3883 2222 φυλάξεις

2230 2246 2324 2298 τὸν
2344 2245 2539 2315 νόμον;
2576 2243 2862 2297 Ἀδύνατον
2898 2243 2997 2314 μὲν
3023 2239 3116 2297 οῦν
3143 2244 3204 2297 τὸ
3232 2243 3307 2314 μὴ
3342 2242 3595 2311 φυλάξαι·
3628 2243 3730 2296 ιιιιαί⁵
3748 2240 3886 2294 τοῦτι

2232 2330 2340 2385 ἀπὸ
2374 2332 2482 2385 τῶν
2513 2331 2795 2404 παρόντων
2823 2332 2967 2401 ὑμᾶς
2999 2333 3186 2385 πεῖσαι
3221 2330 3502 2401 βούλομαι,
3534 2331 3617 2384 ὅτι
3650 2330 3719 2383 οὑ
3746 2330 3812 2382 τὸ
3838 2328 3888 2400 μί

2231 2418 2481 2490 ὀμνύναι,
2517 2418 2653 2473 ἀλλά
2678 2420 2739 2472 τὸ
2764 2417 2994 2489 ὀμνύναι
3028 2418 3310 2475 ἀδύνατον.
3351 2418 3488 2472 Ἰδοὺ
3518 2416 3654 2487 γοῦν
3684 2417 3890 2488 χρυσίω

2230 2507 2629 2579 ἐκελεύσθησαν
2666 2509 2994 2577 εἰσενεγκεῖν
3017 2509 3069 2562 οἰ
3102 2508 3203 2580 τὴν
3232 2507 3387 2562 πόλιν
3415 2507 3695 2572 οἰκοῦντες
3718 2506 3891 2561 δοκοῦι

2230 2596 2331 2668 τήν
2344 2595 2452 2650 τῶν
2468 2596 2678 2650 πολλῶν
2697 2596 3046 2668 ὑπερϐαίνειν
3070 2596 3317 2668 δύναμιν,
3337 2598 3451 2663 καὶ,
3476 2597 3538 2651 τὸ
3556 2597 3726 2651 πλέον
3740 2598 3892 2650 sica»-

2233 2683 2477 2753 ήνεκται,
2505 2684 2601 2737 καὶ
2624 2683 2733 2737 τῶν
2763 2683 3139 2739 ἀπαιτούντων
3168 2685 3315 2739 ἐστιν
3339 2685 3571 2739 ἀκοῦσαι
3608 2685 3894 2753 λεγόντων·

2233 2772 2298 2824 Τί
2326 2770 2560 2841 μέλλεις,
2594 2769 2844 2842 ἄνθρωπε
2866 2788 2880 2836 ;
2903 2771 2955 2824 τί
2981 2771 3040 2824 δὲ
3068 2771 3284 2843 ἡμέραν
3301 2771 3359 2839 ἐξ
3388 2771 3602 2842 ἡμέρας
3624 2769 3896 2839 ἀναϐάλλῃ

2233 2857 2408 2929 ήμᾶςς
2444 2857 2518 2929 μὴ
2554 2857 2664 2928 γάρ
2693 2857 2917 2911 δυνατὸν
2945 2859 3239 2927 ἐκφυγεῖν;
3278 2857 3537 2929 βασιλέως
3579 2858 3753 2929 νόμος
3799 2859 3898 2910 ἐστὶ

2235 2945 2545 3016 μελλήσεως
2572 2945 2672 2998 οὐκ
2710 2944 3054 3015 ἀνεχόμενος.
3088 2945 3154 2998 Τί
3194 2945 3394 3014 λέγεις,
3440 2944 3564 2998 εἰπέ
3602 2961 3732 3015 μοι;
3768 2945 3899 3016 βασιο

2230 3028 2356 3093 λεὺς
2407 3028 2663 3082 ἐκέλευσε
2707 3032 2965 3100 χρήματα
3010 3031 3360 3100 εἰσενεγκεῖν,
3406 3033 3502 3084 καὶ
3533 3030 3809 3085 ἀδύνατον
3842 3034 3902 3103 μὴ

2231 3117 2577 3184 εἰσενεγκεῖν·
2617 3118 2646 3169 6
2682 3116 2816 3179 Θεὸς
2846 3115 3102 3170 ἐκέλευσε
3136 3117 3358 3186 φεύγειν
3389 3117 3517 3182 τοὺς
3553 3117 3783 3188 ὅρκους.
3822 3121 3902 3173 καί

2231 3204 2411 3273 λέγεις
2444 3206 2526 3258 ὅτι
2560 3202 2819 3259 ἀδύνατον
2852 3204 3075 3274 φεύγειν
3104 3206 3232 3271 τοὺς
3269 3208 3502 3277 ὄρκους;
3538 3208 3758 3279 Ἐκτην
3805 3207 3902 3278 ἔχει

2227 3292 2433 3364 ταύτην
2453 3293 2670 3364 ἡμέραν
2694 3293 2824 3363 περί
2848 3293 3054 3364 ταύτης
3077 3294 3206 3363 ὑμῖν
3231 3293 3511 3367 παραινῶν
3530 3295 3632 3364 τῆς
3655 3296 3901 3368 ἐντολῆς

2228 3379 2410 3433 λοιπὸν
2437 3381 2565 3450 ὑμῖν
2595 3379 2960 3444 συντάξασθαι
2990 3379 3250 3451 βούλομαι
3283 3381 3360 3444 ὡς
3388 3382 3796 3454 ἀφιστάμενος,
3827 3386 3902 3439 ἵνα

2228 3466 2618 3539 ἀσφαλίζησθε.
2670 3468 2786 3521 υὺκ
2828 3467 2908 3522 ἔτι
2943 3469 3210 3538 ἀπολογία
3257 3487 3343 3533 τις
3385 3470 3517 3539 ὑμῖν
3565 3470 3752 3535 ἐσται,
3792 3473 3902 3526 οὑδὲ

2230 3552 2548 3626 συγγνώμη.
2588 3555 2826 3625 μάλιστα
2857 3555 2955 3625 μὲν
2982 3556 3091 3627 γάρ
3127 3557 3177 3608 εἰ
3214 3556 3307 3609 καὶ
3341 3556 3508 3627 μηδὲν
3533 3556 3751 3628 εἰρητο,
3781 3561 3902 3628 παρ.

2229 3639 2383 3710 ὑμῶν
2418 3640 2596 3693 αὐτῶν
2626 3641 2731 3694 ἔδει
2758 3641 3117 3713 διορθωθῆναι
3143 3641 3324 3696 τοῦτο·
3363 3643 3487 3696 οὑδὲ
3514 3642 3625 3715 γὰρ
3656 3646 3902 3700 ποικίλον

2225 3727 2396 3787 ἐστὶν,
2439 3726 2561 3780 οὐδὲ
2593 3726 2796 3797 πολλῆς
2823 3728 3078 3799 δεόμενον
3107 3729 3474 3801 κατασκευῆς.
3518 3731 3693 3787 Ὅταν
3724 3731 3788 3787 δὲ
3817 3734 3902 3787 καὶ

2225 3811 2493 3882 τοσαύτης
2521 3807 2620 3883 ἦτε
2660 3814 3039 3885 παραινέσεως
3070 3817 3165 3871 καὶ
3196 3804 3509 3888 συμϐουλῆς
3539 3817 3902 3874 ἀπολελαυκό

2224 3918 2338 3979 τες,
2365 3901 2488 3955 τίνα
2521 3902 2817 3970 ἀπολογίαν
2848 3906 3022 3957 εἰπεῖν
3053 3904 3202 3969 ἕξετε
3240 3905 3653 3976 ἐγκαλούμενοι,
3690 3909 3795 3961 καὶ
3820 3908 3901 3960 ἐπὶ

2225 3988 2320 4041 τοῦ
2347 3988 2591 4059 βήματος
2620 3989 2853 4054 ἑστῶτες
2876 3990 2969 4045 τοῦ
2994 3992 3247 4063 φοϐεροῦ,
3267 3993 3361 4046 καὶ
3380 3993 3612 4058 εὐθύνας
3639 3994 3901 4050 ἀπαιτού⁴

2231 4092 2383 4147 μενοι
2409 4076 2511 4146 τῆς
2553 4078 2898 4148 παρανομίας
2929 4079 3169 4148 ταύτηςς
3198 4080 3313 4134 Οὐκ
3351 4081 3497 4135 ἐστιν
3533 4081 3805 4153 οὐδεμίαν
3830 4086 3902 4136 εἰ·

2226 4167 2348 4217 πεῖν
2364 4165 2681 4233 ἀπολογίαν,
2708 4165 2822 4219 ἀλλ’
2839 4166 3075 4237 ἀνάγκη,
3096 4167 3130 4239 ἢ
3155 4168 3606 4240 κατορθώσαντας
3619 4170 3902 4234 ἀπελθεῖν,

2226 4250 2259 4320 ἢ
2300 4250 2373 4320 μὴ
2411 4251 2865 4324 κατορθώσαντας
2890 4253 3236 4320 κολάζεσθαι,
3267 4256 3362 4309 καὶ
3385 4255 3486 4326 τὴν
3506 4256 3751 4327 ἐσχάτην
3776 4259 3902 4311 ὕπο-

2228 4336 2410 4407 μένειν
2431 4336 2604 4408 δίκην.
2634 4338 2818 4393 Ταῦτα
2844 4336 2939 4394 οῦν
2963 4342 3313 4412 ἐννοήσαντες
3335 4343 3554 4397 ἅπαντα
3572 4354 3621 4407 ο,
3648 4344 3751 4398 καὶ
3770 4346 3902 4417 μετᾶ

2225 4424 2425 4497 πολλῆς
2470 4426 2721 4482 ἐντεῦθεν
2765 4429 3223 4502 ἀναχωρήσαντες
3266 4432 3368 4504 τῆς
3400 4434 3706 4505 φροντίδος,
3749 4436 3902 4509 ἀλλή·

2226 4513 2351 4578 λους
2380 4515 2823 4585 παρακελεύεσθε
2854 4518 2923 4573 τά
2955 4520 3012 4573 ἐν
3043 4519 3333 4585 τοσαύταις
3363 4522 3603 4593 ήμέραις
3631 4526 3902 4597 εἰρημένα

2231 4600 2576 4685 μετάιπάσης
2602 4603 2840 4673 τηρῆσαι
2874 4605 2976 4676 τῆς
3005 4605 3257 4677 φυλακῆς
3286 4609 3378 4662 ἐπὶ
3405 4610 3504 4680 τῆς
3529 4610 3778 4677 διανοίας
3807 4615 3902 4685 τῆς

2229 4682 2518 4755 ὑμετέρας,
2544 4684 2633 4738 ἵνα
2653 4687 2744 4739 καὶ
2765 4687 2921 4758 ήμῶν
2942 4688 3219 4759 σιγώντων
3241 4691 3504 4763 ἀλλήλους
3524 4682 3902 4763 παιδεύοντες,

2225 4770 2653 4857 οἰκοδομοῦντες,
2689 4775 3161 4845 παρακαλοῦντες,
3191 4777 3394 4850 πολλὴν
3426 4780 3779 4852 ἐπιδείξησθε
3807 4786 3902 4857 τὴκ

2225 4856 2485 4920 ἐπίδοσιν,
2514 4859 2608 4911 καὶ
2637 4861 2763 4924 τοὺς
2793 4860 3013 4926 λοιποὺς
3044 4863 3294 4929 ἅπαντας
3316 4866 3786 4939 ἐκπληρώσαντες
3817 4873 3902 4927 νό‹

2229 4960 2384 5014 μους,
2414 4945 2760 5018 άπολαύσητε
2799 4949 2909 5003 τῶν
2950 4951 3185 5006 αἰωνίων
3228 4953 3530 5022 στεφάνων,
3574 4949 3655 5010 ὧν
3692 4958 3902 5028 vivom

2227 5032 2436 5121 πάντας
2473 5035 2620 5105 ἡμᾶς
2666 5038 2967 5105 ἐπιτυχεῖν,
3014 5039 3198 5111 χάριτι
3245 5042 3341 5096 καὶ
3389 5043 3780 5121 φιλανθρωπίᾳ
3811 5049 3902 5104 τοῦ

2226 5120 2433 5191 Κυρίου
2457 5123 2612 5192 ἡμῶν
2652 5124 2825 5195 Ἰησοῦ
2858 5126 3120 5196 Χριστοῦ,
3151 5129 3218 5182 δι’
3246 5123 3307 5184 οὗ
3332 5131 3427 5185 καὶ
3452 5131 3572 5202 μεθ’
3592 5128 3659 5189 οὗ
3788 5137 3902 5191 lla.-

2224 5208 2316 5277 τρὶ
2349 5209 2383 5277 ή
2417 5208 2545 5274 δόξα
2587 5209 2704 5280 ἅμα
2741 5210 2818 5280 τῷ
2864 5213 3006 5285 ἁγίῳ
3043 5214 3340 5287 Πνεύματι,
3392 5218 3476 5282 εἰς
3520 5221 3656 5287 τοὺς
3696 5220 3902 5290 αἰῶνας

2226 5293 2333 5347 τῶν
2370 5294 2602 5355 αἰώνων.
2647 5298 2703 5351 Ἀ
2713 5299 2842 5367 μήν.

2228 5450 2324 5500 δια)
2335 5452 2532 5507 ἕξεσθαι.

2288 5512 2317 5604 ξ
2332 5514 2944 5634 ρὲἓίξέἓςσυῶυεᾶεω
2960 5535 3074 5574 mss.
3089 5521 3217 5575 Infra
3231 5525 3340 5577 Sav.
3354 5525 3448 5576 ὑπὸ
3459 5530 3627 5589 me.
3647 5545 3716 5597 πρ
3753 5533 3902 5583 πάλη
