3912 6230
76 238 169 297 {Ol

71 370 220 410 circa
251 357 493 411 animam
520 373 734 413 omnem
769 374 950 414 curam
993 361 1361 431 impendamus
1385 405 1401 430 ,
1441 373 1495 418 et
1536 362 1673 417 hanc

62 446 222 501 (mini
251 447 418 503 modo
442 465 710 508 curemus.
744 451 983 521 Corpora
1013 454 1209 524 quippe
1233 455 1539 525 languentia
1566 470 1669 510 non

12 600 15 607 ι
63 537 336 592 omnibus
357 553 550 594 curare
580 541 732 595 facile
755 550 839 595 est
860 582 875 607 ,
908 544 1139 596 animam
1171 559 1298 598 vero
1338 544 1670 598 laborantem

12 620 15 709 ὲ
41 635 153 685 ,est
180 626 383 697 cuique
412 629 663 683 medicari
693 631 998 687 facillimum
1025 651 1038 688 :
1070 642 1124 688 et
1167 634 1407 703 corporis
1454 636 1668 706 quidem

64 716 289 769 curatio
314 757 331 783 ,
357 726 411 770 et
436 718 843 774 medicaminum
870 731 926 776 et
958 725 1160 792 argenti
1206 724 1403 794 indiget
1428 766 1443 790 ,
1481 726 1670 780 animae

66 819 207 859 vero
234 804 392 861 facile
422 809 672 877 parabilis
697 819 749 865 et
781 813 1050 881 impendio
1088 828 1279 869 carens
1314 832 1328 869 :
1356 817 1534 870 carnis
1571 830 1670 871 na-

12 948 15 973 :
67 905 194 952 tura
224 899 395 953 multo
418 915 539 954 cum
569 900 750 956 labore
777 903 845 957 ab
875 903 1247 959 iufestantibus
1274 905 1528 961 liberatur
1553 908 1664 961 vul.

62 991 303 1047 neribus
339 1009 354 1046 :
386 994 582 1048 ctenim
615 993 816 1048 ferrum
843 1011 986 1065 saepe
1019 1007 1072 1051 et
1111 1012 1290 1050 amara
1319 997 1669 1052 medicamina

68 1082 342 1141 adhibere
368 1087 729 1140 necessarium
762 1096 878 1154 est;
921 1089 973 1142 in
1017 1090 1189 1143 anima
1233 1105 1365 1144 vero
1412 1090 1539 1144 nihil
1589 1103 1670 1145 est

70 1175 183 1230 tale
213 1215 231 1242 ,
261 1176 358 1230 sed
393 1185 597 1231 tantum
630 1179 762 1233 velle
788 1189 841 1233 et
881 1196 1078 1251 cupere
1121 1182 1313 1236 sufficit
1337 1223 1352 1248 ,
1392 1191 1449 1235 et
1491 1181 1666 1237 omnia

70 1275 324 1320 correcta
370 1277 514 1320 sunt.
561 1267 630 1322 Et
671 1269 771 1323 hoc
814 1268 913 1323 fuit
955 1286 1088 1339 opus
1139 1272 1232 1325 Dei
1278 1273 1664 1341 providentiae:

67 1356 333 1425 quoniam
380 1357 521 1411 enim
566 1374 631 1414 ex
678 1361 916 1429 corporis
952 1362 1256 1418 infirmitate
1295 1379 1400 1418 non
1443 1364 1666 1419 multum

67 1446 191 1502 ﬁeri
224 1458 604 1504 nocumentum
639 1460 851 1520 potest:
890 1469 1011 1507 nam
1038 1455 1198 1509 etiam
1229 1456 1274 1510 si
1307 1470 1411 1510 non
1440 1467 1667 1526 aegrote-

68 1554 196 1594 nius
220 1581 237 1607 ,
271 1554 419 1595 mors
447 1543 828 1611 superveniens
865 1544 1035 1614 ipsum
1079 1554 1421 1615 C)ri'llmpt:t,
1458 1559 1513 1602 et
1551 1563 1666 1601 om-

67 1633 204 1685 nino
231 1631 533 1687 dissolvet:
568 1643 734 1688 totum
776 1651 905 1689 vero
941 1636 1095 1691 nobis
1145 1637 1196 1690 in
1238 1638 1399 1692 animi
1440 1639 1668 1693 sanitate

65 1724 233 1778 situm
261 1734 347 1780 est
378 1743 392 1778 :
435 1726 603 1781 multo
631 1727 856 1781 utilioris
884 1738 939 1783 et
964 1728 1129 1798 magis
1157 1729 1473 1784 necessaria:
1501 1731 1667 1799 partis

63 1817 408 1871 curationem
437 1817 559 1872 fecit
584 1816 788 1873 facilem
816 1827 870 1874 et
900 1819 1168 1888 impendio
1190 1829 1242 1875 et
1264 1818 1447 1876 dolore
1475 1835 1664 1876 caren—

62 1915 200 1962 tem.
254 1908 426 1974 Quam
471 1909 628 1980 igitur
662 1912 1059 1966 excusationem
1113 1911 1472 1968 habebimus?
1505 1929 1663 1984 quam

60 2007 249 2054 autem
274 2002 487 2056 veniam
516 2045 531 2070 ,
557 2018 677 2057 cum
707 2005 946 2074 corporis
976 2004 1189 2076 quidem
1216 2047 1231 2071 ,
1265 2005 1350 2059 ubi
1378 2015 1656 2075 argentum

64 2099 329 2160 erogatur
354 2132 371 2159 ,
416 2102 469 2146 et
512 2093 701 2149 medici
743 2104 1128 2163 accersuntur,
1175 2103 1227 2150 et
1270 2095 1469 2150 multus
1515 2096 1668 2151 dolor

63 2181 409 2249 sustinetur,
443 2192 641 2238 tantam
683 2200 931 2255 geramus
971 2200 1152 2240 curam
1178 2226 1193 2251 ,
1237 2187 1501 2256 praecipue
1544 2202 1664 2241 cum

63 2286 176 2327 non
204 2288 460 2342 magnum
491 2275 563 2329 sit
591 2274 745 2329 nobis
774 2276 1024 2330 damnum
1047 2291 1112 2330 ex
1138 2275 1284 2331 illius
1311 2276 1622 2347 mgritudinc
1649 2295 1663 2342 ;

61 2362 305 2416 animam
335 2379 462 2418 vero
490 2374 895 2421 contemnamus
918 2407 933 2432 ,
966 2373 1022 2420 et
1058 2364 1161 2421 hoc
1187 2380 1309 2421 cum
1339 2381 1439 2422 nec
1477 2381 1667 2437 argen-

64 2464 178 2509 tum
208 2471 437 2527 erogare
460 2498 474 2522 ,
506 2472 605 2511 nec
646 2457 781 2513 alios
824 2457 1136 2527 perturbare
1159 2499 1175 2524 ,
1227 2472 1403 2527 neque
1443 2457 1655 2512 dolores

63 2547 337 2602 sustinere
364 2546 660 2603 debeamus
684 2566 699 2615 ;
728 2548 821 2602 sed
851 2547 1053 2619 absque
1081 2549 1162 2602 his
1191 2549 1439 2603 omnibus
1468 2563 1663 2619 propo-

65 2639 170 2691 sito
200 2638 379 2692 solum
410 2647 465 2692 et
504 2638 777 2693 voluntate
817 2653 1028 2693 omnem
1073 2638 1239 2708 ipsius
1277 2639 1663 2694 correctionem

66 2727 244 2785 facere
274 2730 590 2800 possimus:
619 2739 674 2785 et
708 2731 910 2801 optime
952 2732 1184 2785 sciamus
1221 2746 1319 2786 nos
1348 2772 1363 2798 ,
1414 2730 1516 2785 nisi
1563 2730 1663 2787 hoc

69 2818 359 2876 fecerimus
387 2864 404 2889 ,
435 2830 730 2877 extremam
761 2823 1033 2877 subituros
1061 2837 1267 2892 prunam
1292 2864 1307 2889 ,
1346 2831 1401 2877 et
1442 2823 1665 2878 inevita-

70 2910 189 2965 bilia
220 2920 494 2967 tormenta
521 2921 681 2983 atque
712 2912 1016 2982 supplicia?
1046 2912 1138 2966 Dic
1163 2927 1393 2982 namque
1419 2913 1547 2967 mihi
1572 2952 1591 2982 ,
1618 2914 1660 2969 si

68 3002 180 3064 uuis
208 3011 384 3057 artem
408 3004 687 3059 medicinae
718 3004 866 3059 brevi
890 3004 1145 3075 temporis
1171 3014 1441 3059 momento
1461 3005 1663 3075 absque

68 3103 288 3164 argento
318 3103 372 3149 et
398 3095 583 3150 labore
611 3110 670 3149 se
711 3094 995 3150 docturum
1043 3104 1097 3150 te
1133 3094 1471 3164 polliceretur
1494 3136 1509 3162 ,
1555 3112 1661 3152 non

69 3184 237 3254 ipsum
268 3194 488 3256 putares
531 3185 971 3241 benefactorem?
1014 3200 1192 3240 nonne
1234 3186 1444 3241 subires
1482 3188 1660 3243 omnia

69 3274 241 3332 facere
268 3284 326 3332 et
352 3277 458 3346 pati
486 3319 502 3343 ,
532 3292 883 3347 qumcumque
914 3276 1030 3331 hazc
1073 3277 1331 3346 pollicens
1367 3277 1660 3347 jussisset?

70 3365 204 3421 Ecce
240 3381 386 3420 nunc
423 3366 542 3420 sine
575 3365 846 3421 laboribus
890 3365 1014 3420 licet
1036 3407 1050 3432 ,
1091 3382 1198 3421 non
1238 3368 1478 3436 corporis
1503 3408 1518 3434 ,
1562 3367 1659 3423 sed

70 3456 260 3511 anima:
291 3457 572 3511 vulnerum
619 3457 860 3512 invenire
898 3457 1130 3512 remedia
1155 3499 1171 3525 ,
1214 3467 1267 3514 et
1301 3472 1417 3513 eam
1457 3460 1660 3530 absque

70 3546 254 3602 dolore
285 3547 394 3601 ullo
421 3547 487 3602 ad
524 3549 807 3603 sanitatem
840 3549 1139 3604 reducere:
1183 3565 1251 3605 ne
1294 3550 1455 3619 igitur
1494 3552 1659 3621 negli-

68 3652 273 3705 gamus.
306 3636 437 3704 Quis
464 3638 605 3692 enim
636 3680 650 3704 ,
697 3637 784 3694 die
828 3640 997 3707 mihi,
1048 3639 1242 3704 dolor,
1286 3641 1416 3694 iram
1460 3641 1659 3696 cantri-

70 3729 223 3783 stanti
253 3731 581 3785 remittere?
609 3732 775 3786 Dolor
816 3733 1028 3802 quidem
1077 3743 1159 3789 est
1208 3734 1427 3804 injurias
1470 3737 1655 3790 memis

72 3821 207 3874 uisse
234 3862 250 3887 ,
286 3828 342 3874 et
369 3836 473 3874 non
497 3823 791 3876 conciliari.
818 3823 951 3890 Quis
980 3823 1133 3878 lab0r
1158 3837 1317 3879 orare
1337 3866 1352 3889 ,
1383 3835 1453 3879 et‘
1473 3839 1503 3878 a
1547 3825 1657 3880 Deo

73 3922 311 3981 prompte
334 3914 607 3982 prmbente
626 3955 640 3980 ,
666 3915 947 3969 innumera
978 3915 1114 3970 bona
1137 3916 1356 3985 petere?
1372 3917 1490 3985 quis
1508 3916 1658 3971 fabor

72 4002 353 4060 detrahere
384 4008 627 4061 nemini?
650 4024 769 4078 quae
790 4007 1073 4065 difficultas
1094 4008 1162 4065 ab
1188 4010 1387 4065 invidia
1411 4019 1465 4064 et
1489 4011 1655 4067 livore

12 4090 15 4097 ’
70 4096 321 4153 liberari?
366 4113 486 4169 qua:
555 4100 798 4156 molestia
868 4103 1170 4172 proximum
1222 4101 1486 4172 diligere?
1534 4119 1653 4174 quae

74 4204 305 4245 erumna
352 4206 458 4245 non
495 4192 667 4262 turpia
712 4192 875 4248 verba
925 4193 1112 4264 loqui,
1156 4208 1263 4249 non
1313 4194 1608 4250 convicium
1635 4235 1649 4261 ,

75 4296 168 4335 non
197 4281 450 4352 injuriam
478 4280 718 4359 inferre?
741 4299 859 4354 qua:
887 4284 1121 4356 fatigatio
1147 4300 1251 4340 non
1277 4285 1458 4354 iurare
1480 4285 1506 4338 ἲ
1531 4299 1652 4339 rur-

77 4385 181 4426 sum
210 4371 353 4425 enim
384 4371 450 4426 ad
480 4372 721 4428 eamdem
749 4373 1028 4430 deveniam
1055 4376 1496 4431 admonitionem.
1541 4376 1652 4430 lmo

75 4461 219 4518 labor
260 4462 527 4519 maximus
559 4464 784 4535 jurare;
834 4467 1029 4536 saepius
1067 4468 1211 4522 enim
1259 4469 1336 4522 ira
1374 4477 1429 4523 et
1475 4467 1652 4524 furore

74 4554 267 4609 detenti
296 4596 312 4621 ,
341 4555 827 4611 nos-infestantium
853 4558 1082 4627 cuipiam
1126 4572 1232 4611 non
1280 4559 1655 4614 reconciliatu-

75 4660 151 4701 ros
172 4646 475 4716 juravimus
498 4689 514 4725 ,
540 4656 724 4717 postea
752 4649 829 4703 ira
858 4651 1118 4704 exstincta
1146 4659 1199 4704 et
1224 4649 1401 4706 furore
1428 4651 1610 4706 sedato
1630 4694 1646 4719 ,

76 4736 405 4793 reconciliari
457 4738 738 4807 volentes,
781 4748 835 4794 et
865 4740 1289 4809 juramentorum
1334 4744 1650 4798 necessitate

74 4827 279 4882 coerciti
307 4869 321 4887 .
347 4826 611 4882 doluimus
640 4838 909 4898 tamquam
957 4832 1146 4902 laqueo
1187 4833 1415 4904 quodam
1446 4834 1650 4889 detenti

75 4926 112 4970 ct
137 4917 373 4972 vinculis
403 4917 773 4975 insolubilibus
801 4920 1013 4977 irretiti.
1036 4922 1187 4991 Quod
1211 4934 1265 4978 et
1285 4925 1528 4981 diabolus
1551 4940 1650 4980 no-

76 5010 170 5077 vit,
204 5017 259 5063 et
285 5010 411 5080 quia
445 5010 597 5079 plane
622 5013 769 5066 novit
794 5013 926 5067 iram
972 5029 1091 5069 esse
1128 5016 1311 5085 ignem
1336 5057 1353 5085 ,
1398 5026 1463 5072 et»
1494 5016 1651 5073 facile

77 5100 327 5171 exstingui
353 5143 368 5165 ,
399 5108 453 5155 et
478 5101 738 5157 exstincta
767 5102 844 5158 ira
874 5106 1361 5161 reconciliationem
1390 5116 1444 5163 et
1472 5109 1652 5165 aurici-

78 5185 185 5241 tiam
233 5187 432 5257 sequi,
478 5187 698 5257 cupiens
752 5189 930 5261 ignem
981 5192 1123 5247 hunc
1166 5194 1647 5267 inexstinguibilem

12 5288 21 5297 '
80 5293 272 5335 manere
296 5322 314 5348 ,
343 5279 656 5350 juramento
684 5296 783 5338 nos
808 5285 1003 5355 smpius
1030 5287 1259 5342 irrctivit
1283 5330 1298 5357 ,
1324 5299 1384 5344 ut
1408 5298 1462 5344 et
1499 5290 1648 5348 si‘ira

79 5366 349 5440 desiverit,
388 5369 684 5443 juramenti
711 5378 1001 5433 necessitas
1028 5392 1253 5442 mancus
1273 5421 1290 5450 ,
1318 5379 1564 5438 ardorem
1592 5383 1646 5439 in

1024 247 1115 305 AD
1152 246 1473 307 POPULUM
1510 246 1995 306 ANTIOCHENUM
2058 250 2286 306 IIOMIL.
2329 250 2455 308 Vill.

3261 253 3360 307 10!

1781 362 1936 416 nobis
1960 374 2277 430 conservet,
2308 373 2360 418 et
2386 364 2609 418 duorum
2639 362 2729 417 liat
2759 363 2979 416 alterunt
3005 404 3019 430 ,
3049 362 3128 416 vel
3170 378 3349 417 recen-

1778 451 1939 504 Ciliati
1978 452 2277 524 pejoremus
2302 492 2317 519 ,
2371 444 2453 507 vel
2500 469 2604 507 non
2651 450 3016 517 reconciliati,
3052 452 3157 506 o‘dii
3182 454 3362 521 ‘Culpa:

1785 552 1992 595 nosmet
2022 557 2143 596 reos
2169 545 2574 598 constituamus.

1848 633 1902 687 4.
1946 631 2161 687 Moralis
2206 633 2488 688 exhortatio
2531 634 2601 687 ad
2648 634 2942 704 jurammta
3007 632 3237 687 uitanda.
3289 661 3355 674 ~-

1782 726 1908 778 ηωο
1956 726 2112 794 igitur
2161 726 2429 789 scientes,
2477 726 2776 795 juramnuta
2827 724 3087 795 fugiamus
3125 735 3179 781 ct
3226 726 3356 779 assio

1780 814 1882 870 due
1929 814 2215 869 meditetur
2257 830 2317 869 os
2362 825 2599 870 nostrum
2654 816 2871 880 dicere,
2917 814 3117 870 Crede:
3164 824 3219 870 et
3261 814 3361 867 hoc

1771 907 1876 960 erit
1946 906 2100 960 nobis
2167 907 2328 960 totius
2395 906 2606 974 pietatis
2688 915 3075 976 argumentum.
3160 905 3358 975 Lingua

1772 998 1915 1051 enim
1963 998 2179 1052 verbum
2240 998 2342 1052 hoc
2383 1014 2545 1052 unum
2575 999 2590 1030 ¹
2638 997 2816 1053 dicere
2859 1000 3032 1063 docta,
3078 997 3357 1052 confundi-

1773 1096 1859 1143 tur
1914 1098 1968 1143 et
2032 1088 2303 1144 erubescit
2352 1091 2523 1160 turpia
2594 1099 2648 1144 et
2714 1090 2940 1144 absurda
3011 1090 3172 1144 verba
3232 1104 3356 1158 pro-

1775 1180 1914 1234 ferre
1943 1199 1956 1235 :
1985 1191 2040 1235 et
2062 1182 2106 1235 si
2135 1198 2344 1236 rursum
2371 1197 2400 1236 a
2426 1181 2810 1237 consuetudine
2847 1182 3151 1235 retrahatur
3178 1223 3194 1243 ,
3223 1181 3351 1239 mul-

1774 1277 1858 1323 tos
1899 1269 2101 1325 habens
2139 1281 2476 1327 accusatores
2516 1272 2853 1341 corripietnr.
2896 1276 3023 1324 (Ium
3054 1273 3195 1326 enim
3235 1272 3353 1342 quis

1772 1359 2165 1429 noujurantem
2195 1363 2364 1431 turpia
2408 1362 2602 1417 viderit
2628 1362 2789 1416 verba
2831 1362 3185 1430 proferentem
3213 1403 3229 1428 ,
3278 1362 3357 1416 in-

1774 1448 1992 1504 sultabit
2024 1450 2177 1506 facile
2201 1491 2216 1516 ,
2244 1452 2552 1519 deridebit,
2595 1462 2648 1507 et
2683 1469 2907 1524 carpi-ns
2952 1453 3093 1507 dicet
3124 1472 3138 1509 :
3166 1453 3242 1508 Tu
3268 1455 3357 1524 qui

1773 1541 1825 1596 in
1855 1542 2107 1597 omnibus
2131 1543 2263 1598 dicis
2289 1585 2306 1610 ,
2334 1542 2528 1611 Crede,
2565 1544 2923 1614 juramentum
2969 1544 3205 1614 proferre
3250 1561 3355 1598 non

1771 1631 1974 1686 audens
1997 1673 2012 1694 ,
2047 1635 2316 1701 quomodo
2359 1636 2602 1705 turpibus
2640 1637 2869 1705 linguam
2917 1646 3058 1690 tuam
3099 1638 3363 1690 sermoni-

1772 1722 1872 1777 bus
1899 1726 2275 1780 contaminas?
2304 1727 2483 1796 ltzque
2505 1736 2558 1780 et
2600 1728 2746 1780 inviti
2778 1742 2807 1780 a
2836 1727 3185 1795 prmsentibus
3211 1743 3359 1780 enm-

1771 1815 1946 1883 pulsi,
1979 1816 2045 1869 ad
2075 1818 2321 1885 pietatem
2346 1819 2654 1873 redibimus.
2681 1817 2817 1883 Quid
2860 1818 3019 1887 igitur
3060 1818 3103 1871 si
3141 1819 3352 1886 juraudi

1776 1906 2070 1961 necessitas
2091 1908 2204 1961 sit?
2231 1908 2402 1978 inquit
2426 1909 2635 1977 aliquis.
2666 1909 2760 1963 Ubi
2785 1918 2865 1963 est
2893 1909 3021 1978 legis
3049 1910 3358 1977 prmvarica-
3389 1963 3392 1967 .

1778 1995 1850 2048 tio
1879 2036 1893 2062 ,
1917 2012 2023 2051 non
2054 2005 2135 2051 est
2159 2000 2471 2053 necessitas.
2504 1998 2572 2053 Et
2602 1999 2852 2069 possibile
2881 2009 2959 2053 est
2993 2001 3201 2067 penitus
3228 2041 3242 2064 ,
3272 2000 3356 2052 in-

1775 2087 1928 2155 quit,
1959 2103 2063 2141 non
2083 2088 2470 2158 jurare?Quid
2511 2090 2632 2144 ais?
2680 2090 2819 2145 Deus
2861 2090 3059 2161 jussit,
3109 2102 3161 2145 et
3195 2089 3358 2144 audes

1775 2174 2147 2246 interrogare,
2226 2194 2290 2231 an
2356 2178 2527 2249 legem
2590 2180 2858 2243 custodire
2923 2182 2990 2233 sit
3056 2181 3356 2249 possibile?

1779 2267 1891 2322 luto
1945 2269 2271 2338 impossibile
2319 2286 2422 2323 non
2471 2271 2779 2337 custodire,
2833 2280 2885 2324 et
2933 2270 3035 2323 hoc
3085 2284 3179 2339 per
3221 2287 3357 2343 prm-

1773 2361 1944 2413 sentia
1992 2360 2142 2414 vobis
2192 2361 2518 2429 persuadere
2583 2362 2704 2416 volo
2764 2362 2904 2431 quod
2976 2377 3078 2414 non
3159 2362 3356 2430 impos-

1775 2451 1931 2505 sibile
1974 2450 2045 2505 sit
2092 2468 2197 2505 non
2238 2451 2461 2519 jurare,
2513 2453 2603 2506 sed
2647 2453 2849 2521 jurare.
2883 2453 3018 2507 Ecce
3051 2451 3191 2506 enim
3218 2451 3357 2520 jussi

1768 2550 1892 2596 sunt
1922 2541 2107 2595 urbem
2139 2542 2457 2607 habitantes,
2484 2542 2622 2614 quod
2650 2543 2932 2597 multormn
2957 2544 3096 2597 vires
3117 2542 3351 2599 excede-

1770 2646 1829 2685 re
1856 2631 2085 2692 videtur.
2111 2648 2298 2688 aurum
2324 2649 2565 2703 erogare,
2594 2645 2647 2688 et
2690 2634 2859 2702 major
2883 2649 3005 2703 pars
3021 2633 3129 2704 jam
3161 2634 3352 2689 collata

1768 2731 1874 2790 est,
1903 2733 2064 2795 atque
2111 2735 2391 2781 exactores
2437 2725 2625 2782 audire
2678 2727 2840 2792 licet,
2892 2727 3178 2782 dicentes:
3219 2727 3356 2795 Quid

1766 2817 1950 2872 tardas
1975 2817 2171 2874 homo?
2199 2818 2325 2889 quid
2365 2834 2492 2874 vero
2522 2834 2622 2875 nos
2654 2818 2722 2874 de
2749 2818 2835 2875 die
2863 2819 2914 2873 in
2947 2818 3087 2873 diem
3134 2818 3355 2874 diﬂ'ers?

1771 2924 1879 2965 non
1905 2909 2045 2965 enim
2072 2910 2306 2981 eil‘ngere
2336 2919 2487 2981 potes
2518 2929 2530 2964 :
2561 2911 2642 2966 lex
2696 2911 3036 2981 ImperatOris
3087 2921 3188 2978 est,
3232 2927 3352 2981 quas

1770 3015 1979 3057 moram
2011 3017 2118 3056 non
2173 3002 2389 3071 patitur.
2430 3002 2565 3071 Quid
2609 3018 2789 3073 qua‘so
2842 3002 3012 3058 dicis?
3061 3002 3354 3073 [inperator

1761 3090 1924 3159 jussit
1943 3093 2197 3161 pecunias
2226 3092 2382 3161 pendi
2402 3100 2491 3158 ,et
2513 3102 2569 3146 ut
2597 3108 2703 3147 non
2735 3091 2956 3162 pendas,
2987 3093 3097 3147 fieri
3118 3108 3221 3147 non
3252 3110 3351 3164 po-

1765 3188 1903 3248 test;
1937 3182 2077 3243 Deus
2120 3182 2421 3252 iuramenta
2480 3182 2663 3251 fugere
2695 3183 2872 3252 jussit,
2929 3192 2983 3237 et
3025 3183 3178 3250 dicis,
3230 3183 3346 3240 Non

1766 3286 2046 3341 possumus
2074 3274 2256 3343 fugere
2279 3274 2621 3341 juramenta?
2648 3273 2839 3329 Sextus
2872 3273 2956 3327 hic
2984 3273 3096 3329 dies
3114 3277 3351 3346 estquod

1767 3359 1837 3417 de
1863 3361 1965 3423 hoc
1982 3378 2078 3419 vos
2108 3372 2375 3435 praecepto
2395 3363 2658 3418 admoneo
2689 3379 2702 3415 :
2741 3363 2792 3417 in
2815 3362 3046 3417 futurum
3077 3363 3348 3418 vobiscum

1767 3453 1962 3521 pacisci
2002 3454 2142 3517 volo,
2179 3465 2445 3523 tamquam
2474 3454 2770 3521 desistens,
2825 3464 2882 3508 ut
2934 3454 3189 3509 caveatis.
3231 3454 3351 3509 Nor.

1761 3541 1987 3610 amplius
2009 3543 2156 3598 vobis
2176 3543 2275 3598 erit
2298 3543 2569 3599 excusatio
2585 3559 2756 3613 neque
2777 3543 2949 3608 venia,
2974 3544 3204 3598 maxime
3229 3560 3348 3599 eum

1763 3632 1971 3687 etiamsi
1992 3649 2019 3684 a
2049 3634 2201 3688 nobis
2215 3633 2412 3691 dictum
2435 3633 2618 3690 fuisset
2644 3634 2770 3688 nihil
2798 3677 2812 3700 ,
2842 3650 2871 3688 a
2903 3634 3054 3689 vobis
3082 3636 3210 3704 ipsis
3243 3636 3347 3691 hoc

1767 3723 1959 3792 corrigi
2008 3723 2252 3779 debui-rit
2295 3741 2438 3781 :nce
2486 3726 2626 3779 enim
2671 3726 2871 3780 varium
2926 3733 3027 3790 est,
3081 3737 3133 3782 et
3184 3729 3345 3782 multa

1764 3814 2154 3881 praeparatione
2182 3814 2443 3885 indigens.
2490 3815 2621 3870 Cum
2671 3831 2799 3870 vero
2826 3825 3025 3870 tantum
3054 3817 3170 3871 suis
3210 3820 3346 3874 nacti

1762 3899 2141 3956 admonitionis
2160 3912 2215 3958 et
2239 3904 2467 3970 consilii,
2496 3920 2651 3974 quam
2672 3905 2932 3958 habebitis
2948 3909 3347 3962 excusationem

1761 3991 2015 4056 accusati,
2043 4009 2139 4058 pro
2161 3993 2408 4047 tribunali
2431 3993 2700 4047 constituti
2722 3993 3016 4057 tremendo,
3033 4011 3153 4048 cum
3173 4011 3344 4065 pinnas

1762 4082 2213 4148 prmvaricationis
2265 4082 2425 4153 hujus
2478 4098 2506 4135 a
2557 4083 2706 4139 vobis
2759 4085 3035 4154 exigeutur
3067 4085 3091 4140 Ὶ
3128 4086 3336 4142 Nullam

1761 4168 1952 4224 afferre
1994 4171 2172 4224 licebit
2217 4173 2617 4228 excusationem
2645 4214 2661 4236 ,
2703 4175 2797 4228 sed
2848 4189 3069 4230 necesse
3116 4176 3219 4229 erit
3260 4178 3345 4232 vel

1761 4261 2073 4317 emendatos
2098 4263 2265 4329 abire,
2299 4264 2384 4319 vel
2415 4280 2518 4319 non
2546 4265 2856 4321 emendatos
2874 4265 3066 4337 puniri,
3085 4276 3137 4322 et
3164 4280 3343 4323 extre-

1761 4367 1904 4406 mum
1948 4352 2128 4408 subire
2173 4355 2509 4424 supplicium.
2551 4355 2675 4410 limo
2706 4355 2862 4427 igitur
2888 4343 3062 4412 omnia
3107 4358 3344 4429 cogitan-

1759 4450 1842 4496 tes
1866 4446 1908 4510 ²,
1939 4459 2058 4499 cum
2085 4446 2244 4500 multa
2273 4446 2396 4501 hinc
2429 4462 2552 4503 cura
2576 4448 2829 4517 digressi,
2871 4465 2989 4520 qua:
3041 4460 3118 4504 tot
3154 4449 3343 4509 diebus

1758 4533 1897 4588 dicta
1917 4544 2042 4590 sunt
2066 4537 2211 4590 omni
2233 4538 2471 4592 custodia
2503 4539 2552 4592 in
2593 4547 2773 4594 mente
2804 4549 2977 4594 vestra
3018 4556 3342 4599 conservare

1759 4624 1900 4681 inter
1922 4642 2018 4683 vos
2046 4629 2405 4685 exhortamini
2433 4648 2446 4683 :
2479 4646 2584 4700 quo
2624 4631 2710 4685 vel
2747 4632 2902 4687 nobis
2932 4634 3229 4689 tacentibus
3255 4637 3340 4690 al-

1761 4726 1843 4774 ter
1866 4720 2089 4775 alterum
2116 4721 2370 4777 docentes
2389 4763 2403 4785 ,
2435 4723 2779 4789 mdificantes,
2810 4724 3150 4781 exhortantes
3169 4769 3183 4793 ,
3204 4728 3343 4782 mul-

1760 4816 1871 4865 tum
1897 4810 2272 4867 demonstretis
2298 4813 2615 4883 profectum,
2645 4826 2699 4870 et
2727 4830 2913 4871 omnes
2939 4816 3170 4887 reliquas
3195 4818 3341 4889 leges

1757 4902 2061 4976 implentes,
2095 4907 2310 4963 aeternis
2355 4905 2603 4963 fruamini
2644 4910 3043 4979 coroniszquas
3069 4911 3346 4982 contingat

1760 5014 1860 5055 nos
1888 5014 2075 5054 omnes
2100 5001 2331 5071 assequi,
2361 5002 2528 5070 gratia
2552 5008 2609 5057 et
2629 5001 2953 5071 benignitate
3004 5002 3212 5057 Domini
3246 5020 3345 5060 ue-

1756 5090 1855 5144 stri
1878 5086 2003 5145 Jcsu
2030 5091 2247 5156 Christi,
2291 5108 2386 5162 per
2414 5108 2572 5162 quem
2600 5101 2654 5148 et
2692 5108 2812 5147 cum
2848 5108 2952 5164 quo
2993 5093 3134 5148 Patri
3169 5093 3341 5165 gloria

1760 5182 2021 5253 simulque
2039 5194 2223 5238 sancto
2235 5184 2474 5254 Spiritui,
2494 5185 2549 5238 in
2582 5185 2773 5240 smeula
2796 5183 3323 5257 smeulorumAmw

1818 5335 1836 5398 ξ
1862 5339 1980 5398 vox,
2002 5335 2313 5398 unumde‘est
2335 5335 2382 5384 lu
2400 5334 2684 5398 quibusdam
2706 5341 2814 5387 Mss.

1816 5394 1839 5428 ³
1861 5395 1981 5446 alii:
2006 5404 2122 5447 meo
2138 5395 2283 5461 igitur
2304 5394 2466 5448 οηυιὶε
2486 5397 2757 5462 cogitantes.
