3920 6224
615 261 726 334 ,ξω
1401 259 1460 316 S.
1497 254 1776 315 JDANNIS
1799 255 2268 316 CHRYSOSTOMI
2308 259 2624 319 ARCHIEP.
2663 257 3196 320 CONSTANTINOP.

3805 267 3898 327 104

762 394 3900 421 mm

627 484 694 527 LA
720 489 958 534 UDATIO
998 489 1216 532 EORUM
1257 487 1367 541 QUI
1408 487 1682 531 JURLNDI
1723 487 2256 531 CONSUETUDINEM
2299 487 2750 530 DEPOSUEBANT
2781 491 2795 529 2
2828 489 2908 531 ΕΤ
2950 488 3122 541 QUOD
3163 489 3339 532 NEMO
3406 489 3896 535 SUPEBSTITIONI

718 588 951 630 TENERI
993 588 1222 642 DEBET,
1265 586 1348 630 NE
1388 585 1542 630 POST
1583 585 2028 630 REFECTIONEM
2072 584 2320 627 DIVINOS
2362 585 2427 628 IN
2471 587 2764 630 ECCLESIA
2806 588 3133 631 SERMONES
3173 590 3412 632 AUDIAT
3443 593 3458 631 2
3492 591 3704 643 QUARE
3752 595 3904 639 POST

716 687 986 732 MULTUM
1027 687 1272 732 TEMPUS
1319 687 1556 730 ωνιΝιΕ
1599 687 1758 730 SUNT
1805 686 2100 729 TRADITAB
2143 685 2506 726 SCRIPTURE
2538 687 2553 726 ε
2589 687 2669 728 ΕΤ
2711 687 2776 728 IN
2820 687 3030 741 ILLUD,
3064 687 3221 731 C(ELI
3250 688 3587 732 ENABRANT
3615 691 3901 735 GLOBIAM

716 787 824 832 ωτι
855 768 1076 851 (Psal.
1123 768 1222 839 18,
1265 768 1345 848 2)
1381 789 1395 827 :
1423 785 1628 830 unum
1658 784 2004 828 NATURALIS
2031 782 2402 825 DESCRIPTIO
2435 784 2450 824 :
2484 784 2565 826 ET
2595 783 2657 827 IN
2703 786 2874 842 rma,
2920 785 3004 828 DE
3046 785 3168 830 non
3212 787 3526 830 wnanno.

2033 911 2446 978 «eam

1259 1064 1475 1104 ιιοιιιιυι
1513 1065 1586 1104 IX.

705 1170 756 1224 ι.
797 1165 866 1222 Et
893 1181 1063 1236 nuper
1091 1164 1155 1220 ad
1185 1178 1281 1218 vos
1305 1205 1320 1229 ,
1349 1175 1403 1219 et
1441 1179 1581 1218 nunc
1609 1162 1679 1218 ad
1720 1179 1814 1219 vos
1839 1163 1997 1219 verba
2023 1163 2159 1219 facio
2191 1180 2206 1216 :

634 1262 832 1316 utinam
864 1273 994 1314 vero
1026 1265 1079 1312 et
1112 1271 1326 1326 semper
1346 1255 1648 1321 vobiscum,
1679 1254 1786 1308 imo
1807 1255 1982 1323 potius
2000 1269 2210 1325 semper

633 1351 906 1406 vobiscum
931 1389 947 1416 ,
977 1347 1078 1404 etsi
1108 1362 1212 1401 non
1239 1345 1478 1415 corporis
1506 1345 1786 1414 praesentia
1803 1346 2017 1410 ,saltem
2033 1344 2209 1398 chari-

631 1446 754 1497 tatis
780 1441 832 1496 vi
865 1459 878 1495 :
907 1455 1005 1496 nec
1029 1439 1169 1494 enim
1201 1437 1328 1492 mihi
1357 1444 1440 1490 est
1474 1436 1576 1489 alia
1608 1436 1715 1497 vita
1738 1477 1753 1501 ,
1785 1435 1887 1490 nisi
1916 1450 2012 1490 vos
2038 1444 2094 1490 et
2125 1450 2210 1489 sa-

635 1533 759 1587 lutis
786 1543 974 1588 vestrae
994 1546 1139 1586 cura.
1168 1529 1318 1584 Sicut
1338 1529 1477 1583 enim
1501 1529 1721 1583 colonus
1743 1528 1872 1582 nihil
1894 1527 2033 1582 aliud
2058 1537 2209 1584 curat

629 1633 831 1694 praeter
854 1622 1053 1677 semina
1080 1629 1134 1674 et
1167 1629 1373 1689 segetes
1398 1659 1412 1682 ,
1439 1629 1497 1671 et
1523 1627 1679 1671 nauta
1711 1619 1878 1673 undas
1904 1630 1957 1674 et
1983 1628 2164 1688 portus
2191 1636 2204 1673 :

631 1717 712 1768 sic
735 1725 788 1769 et
819 1715 906 1784 qui
933 1712 1188 1783 loquitur,
1215 1710 1487 1765 auditores
1514 1721 1682 1775 curat,
1711 1719 1766 1764 et
1792 1710 2000 1765 illorum
2026 1710 2206 1780 profe-

631 1815 796 1872 ctum,
819 1805 956 1859 sicut
978 1814 1032 1859 et
1055 1819 1154 1874 ego
1176 1817 1320 1858 nunc
1341 1804 1380 1855 ¹.
1405 1801 1528 1856 ideo
1549 1810 1604 1856 et
1625 1818 1811 1858 omnes
1834 1819 1930 1858 vos
1952 1804 2004 1858 in
2031 1814 2208 1860 mente

629 1910 748 1950 mea
774 1894 1120 1961 circumfero,
1151 1909 1250 1950 nec
1274 1910 1402 1950 vero
1430 1893 1515 1949 hic
1557 1903 1754 1948 tantum
1779 1937 1794 1962 ,
1825 1895 1918 1950 sed
1961 1907 2014 1950 ct
2041 1897 2202 1952 domi.

630 1985 746 2040 Etsi
773 1985 914 2040 enim
952 1984 1148 2039 multus
1187 1995 1268 2040 est
1306 1986 1555 2055 p0pulus,
1579 1994 1636 2040 ct
1674 1985 1852 2041 brevis
1886 1988 2062 2044 cordis
2100 1991 2204 2044 mei

631 2091 900 2141 mensura,
923 2076 1017 2131 sed
1037 2077 1138 2130 lata
1161 2087 1242 2132 est
1255 2077 1576 2143 chari’tas,et
1593 2077 1709 2134 Non
1723 2080 1775 2132 in
1792 2077 1932 2132 nobis
1949 2081 2207 2150 angustia-

628 2169 752 2223 mini
779 2168 856 2240 (2.
883 2167 1000 2224 Cor.
1030 2169 1082 2224 6.
1113 2168 1201 2239 l2)
1227 2188 1241 2223 :
1264 2170 1537 2240 sequentia
1568 2185 1692 2224 vero
1720 2185 1825 2224 non
1851 2171 2073 2238 addam;
2107 2189 2204 2228 ue-

631 2273 735 2328 que
764 2258 906 2313 enim
943 2272 1040 2312 nos
1069 2258 1207 2328 apud
1237 2273 1330 2312 vos
1358 2260 1740 2328 angustiamnr.
1783 2258 1933 2314 Unde
1961 2261 2060 2316 hoc
2088 2278 2202 2316 ma-

627 2352 912 2408 nifestum?
937 2351 1068 2406 Novi
1096 2351 1290 2406 multos
1318 2352 1630 2417 referentes,
1656 2352 1956 2406 Mandatum
1982 2352 2204 2411 fecimus

625 2442 772 2511 leges
800 2441 1062 2496 nobismet
1086 2450 1342 2510 ponentes
1371 2443 1412 2505 ²,
1443 2452 1492 2495 et
1519 2441 1823 2511 jurantibus
1852 2459 2036 2514 ptenas
2066 2445 2200 2501 deli-

624 2533 854 2598 nientes,
874 2540 928 2587 et
947 2533 1114 2602 legem
1140 2533 1642 2603 transgredientibus
1661 2549 1867 2604 penam
1887 2536 2196 2606 inferentes,

624 2636 836 2692 pmnam
867 2623 1016 2677 vobis
1052 2637 1359 2693 congruam,
1396 2623 1535 2693 quod
1569 2633 1652 2680 est
1676 2628 2200 2687 maximtecharitutis

628 2712 898 2768 indicium.
921 2711 1037 2766 Non
1058 2713 1198 2768 enim
1219 2729 1304 2768 tne
1323 2713 1488 2784 pudet
1509 2715 1632 2770 talia
1654 2725 1928 2789 satagere:
1950 2723 2199 2789 quoniam

627 2803 679 2858 in
706 2805 807 2858 hoc
829 2803 1147 2857 curiositatis
1174 2803 1302 2857 nihil
1341 2814 1420 2858 est
1443 2846 1458 2870 ,
1489 2805 1584 2861 sed
1607 2809 1950 2876 providentiae
1979 2812 2093 2866 lucc
2116 2823 2201 2870 cst

624 2893 940 2949 sollicitudo.
969 2893 1024 2949 Si
1057 2895 1197 2949 enim
1241 2893 1449 2950 medico
1486 2911 1590 2950 non
1631 2907 1714 2952 est
1749 2901 2090 2970 opprobrium
2131 2903 2198 2960 de

623 2994 823 3056 aegroto
842 2985 1120 3050 sciscitari,
1143 3000 1316 3054 neque
1335 2987 1488 3042 nobis
1497 2988 1699 3044 crimen
1711 2990 1777 3044 de
1794 3002 1968 3046 vestra
1989 3007 2198 3066 semper

624 3077 892 3147 inquirere
920 3078 1110 3135 salute.
1153 3078 1243 3134 Sic
1267 3080 1409 3135 enim
1435 3081 1622 3137 moniti
1649 3082 1776 3153 quid
1801 3083 1956 3139 vobis
1983 3085 2194 3155 quidem

619 3167 920 3240 expeditum
947 3170 1032 3234 sit,
1057 3168 1181 3238 quid
1206 3184 1333 3224 vero
1354 3171 1616 3238 relictum,
1637 3186 1867 3244 congrua
1891 3189 2014 3230 cum
2033 3176 2195 3234 disci-

617 3257 759 3331 plina
787 3258 987 3330 reliqua
1013 3258 1297 3315 aﬂ'eremus
1325 3261 1580 3316 remedia.

687 3349 955 3404 Auditores
981 3366 1013 3403 α
1032 3349 1336 3422 iuramentis
1363 3351 1460 3405 cito
1488 3352 1757 3410 emendati.
1781 3383 1854 3396 --
1881 3357 2007 3414 Hmc
2034 3358 2192 3430 igitur

616 3441 829 3496 curiose
853 3441 1067 3495 scrutati
1096 3442 1436 3512 cognovimus
1463 3484 1478 3508 ,
1504 3453 1558 3499 et
1593 3444 1700 3500 Deo
1725 3447 1922 3516 gratias
1947 3451 2152 3520 egimus
2170 3493 2187 3518 ,

615 3531 754 3601 quod
780 3546 884 3586 non
915 3532 968 3585 in
1000 3533 1160 3602 petris
1184 3534 1560 3590 seminavimus
1583 3576 1599 3600 ,
1628 3552 1728 3592 nec
1755 3538 1806 3592 in
1830 3539 2008 3608 spinas
2038 3543 2186 3597 misi-

616 3639 734 3678 mus
759 3623 980 3691 semina,
1005 3639 1176 3694 neque
1202 3625 1368 3680 multo
1394 3635 1632 3698 tempore
1653 3630 1918 3701 multaque
1938 3632 2188 3690 dilatione

614 3709 932 3782 indiguitnus
955 3753 971 3779 ,
1007 3721 1064 3767 ut
1093 3723 1297 3784 segetes
1323 3724 1662 3772 meteremus.
1700 3719 1982 3790 Propterea
2009 3739 2102 3778 vos
2132 3725 2183 3780 in

610 3804 772 3858 corde
797 3819 917 3859 tneo
935 3804 1148 3861 assidue
1171 3820 1318 3875 gero,
1342 3817 1616 3876 propterea
1641 3824 1747 3864 non
1771 3813 1942 3867 sentio
1960 3813 2183 3870 docendi

611 3891 878 3960 laborem,
909 3892 1205 3948 auditorum
1232 3895 1380 3950 lucro
1407 3897 1690 3954 revelatus.
1723 3900 1848 3956 lla-c
1872 3903 2011 3957 enim
2038 3921 2181 3961 mer-

608 3995 698 4036 ces
734 3996 832 4036 nos
860 3997 1108 4052 reparare
1139 3992 1310 4052 potest
1340 3994 1395 4040 et
1430 3986 1666 4043 relevare
1691 3999 1744 4044 et
1769 3991 1969 4048 alacres
2000 4009 2180 4063 prom-

608 4082 829 4143 ptosque
854 4073 1026 4128 facere
1048 4074 1112 4128 ad
1138 4090 1348 4131 omnem
1375 4093 1470 4146 pro
1491 4079 1638 4134 vobis
1662 4081 1896 4138 laborem
1917 4086 2182 4140 sustinen-

606 4165 755 4219 dum.
802 4164 1062 4230 Quoniam
1111 4167 1269 4239 igitur
1313 4169 1474 4223 multa
1511 4185 1604 4225 vos
1641 4174 1776 4242 grati
1821 4175 1982 4230 animi
2030 4178 2176 4248 signa

606 4255 844 4321 dedistis,
877 4273 974 4326 age
992 4257 1101 4325 jam
1130 4267 1183 4313 et
1208 4273 1304 4312 nos
1331 4259 1564 4314 debitum
1588 4277 1886 4332 erogemus,
1913 4268 2052 4336 quod
2081 4286 2178 4323 nu-

607 4362 704 4416 per
735 4347 1147 4415 promiseramus
1183 4366 1197 4402 :
1231 4349 1353 4404 licet
1383 4367 1489 4405 non
1516 4352 1719 4407 videam
1749 4365 2036 4424 prznsentes
2057 4376 2176 4416 esse

603 4437 723 4492 illos
738 4452 942 4503 omnes,
958 4438 1069 4508 qui,
1084 4455 1204 4495 cum
1224 4441 1626 4510 promissionem
1645 4442 1764 4509 feci,
1783 4446 1885 4501 huc
1899 4462 2171 4505 venerant.

599 4527 730 4596 Quae
757 4529 967 4584 tandem
993 4529 1169 4600 itaque
1193 4547 1350 4586 causa
1366 4533 1390 4588 ἲ
1409 4535 1532 4603 quid
1558 4535 1699 4604 ipsos
1723 4553 1752 4590 a
1779 4549 1956 4594 nostra
1984 4529 2175 4612 repulit

602 4621 820 4675 mensa?
849 4621 949 4687 Qui
977 4623 1308 4694 corporalem
1337 4625 1506 4696 attigit
1534 4643 1772 4683 mensam
1805 4670 1818 4693 ,
1853 4641 1909 4685 ut
1933 4632 2172 4704 videtur,

600 4713 870 4784 indignum
895 4729 1016 4770 esse
1043 4719 1264 4786 putavit,
1290 4727 1412 4787 post
1437 4721 1675 4790 corporis
1697 4723 2075 4780 nutrimentum
2103 4727 2168 4782 ad

599 4806 898 4862 divinorum
935 4808 1257 4864 auditionem
1297 4810 1625 4881 eloquiorum
1665 4815 1864 4870 venire.
1914 4817 2017 4872 Sed
2066 4833 2170 4874 non

595 4908 744 4954 recte
764 4899 816 4952 in
835 4898 936 4954 hoc
965 4899 1198 4954 sentiunt
1221 4918 1234 4954 :
1259 4916 1431 4972 neque
1451 4903 1613 4968 enim,
1635 4904 1680 4960 si
1702 4904 1804 4961 hoc
1824 4917 1963 4962 esset
1983 4907 2173 4963 absur-

595 4991 744 5058 dum,
767 4992 959 5048 multos
985 5001 1039 5047 et
1062 4993 1249 5064 longos
1274 4995 1618 5064 impendisset
1639 5012 1910 5055 sermones
1930 5001 2169 5058 Christus

597 5089 715 5141 post
755 5081 896 5136 illam
934 5083 1212 5154 mysticam
1257 5099 1462 5139 caenam
1494 5103 1506 5137 :
1538 5103 1644 5141 non
1681 5090 1863 5159 utique
1887 5091 1931 5145 si
1961 5090 2064 5146 hoc
2090 5094 2168 5147 in-

596 5187 883 5244 congruum
911 5184 1076 5240 esset,
1109 5175 1302 5230 refecta
1331 5167 1526 5247 saepius
1554 5179 1605 5234 in
1635 5181 1847 5236 deserto
1877 5184 2168 5240 multitudi-

594 5280 661 5318 ne
679 5264 838 5318 etiam
860 5279 1134 5320 sermones
1156 5265 1282 5334 ipsis
1305 5277 1422 5336 post
1445 5283 1680 5323 mensam
1702 5273 2162 5330 communicasset.

591 5353 646 5409 Si
667 5357 807 5412 cnim
832 5354 908 5410 fas
931 5366 1014 5410 est
1032 5356 1226 5428 aliquid
1248 5358 1404 5412 etiam
1428 5368 1618 5429 praeter
1637 5360 1937 5431 opinionem
1960 5365 2160 5438 dicere,

591 5452 716 5502 tunc
754 5447 986 5516 profecto
1024 5448 1360 5503 utilissimum
1400 5458 1482 5505 est
1517 5449 1709 5507 divinis
1736 5452 1962 5526 eloquiis
2002 5471 2160 5516 aures

652 5579 672 5655 ξ
705 5577 893 5655 aliquot
909 5586 1018 5655 Mss.
1045 5581 1449 5655 :sicutlt’g-ituret
1469 5597 1572 5648 ego.

649 5639 672 5672 ι
701 5639 899 5698 Quidam
921 5655 936 5692 :
962 5652 1127 5708 Legem
1147 5639 1282 5697 nobis
1303 5639 1765 5708 t’nvirenfponentes.

2321 1049 2744 1106 accommodare.
2772 1047 2902 1105 Cum
2923 1049 3064 1105 enim
3091 1049 3179 1104 tibi
3202 1049 3549 1120 persuaseris,
3581 1061 3699 1122 post
3719 1049 3899 1106 cibum

2313 1155 2369 1200 et
2397 1152 2578 1214 potum
2606 1151 2660 1198 et
2686 1143 2752 1197 ad
2779 1143 3020 1215 synaxim
3046 1143 3329 1197 convenire
3355 1157 3572 1198 necesse
3596 1158 3749 1210 esse,
3782 1158 3899 1197 om»

2315 1236 2441 1290 nino
2479 1235 2561 1290 vel
2591 1234 2786 1289 invitus
2821 1234 3039 1288 multam
3077 1248 3230 1303 geres
3260 1233 3562 1287 sobrietatis
3589 1248 3778 1288 curam
3801 1275 3817 1298 ,
3853 1242 3901 1287 et

2317 1344 2490 1399 neque
2519 1329 2570 1382 in
2601 1328 2910 1382 ebrietatem
2935 1342 3110 1396 neque
3138 1328 3191 1381 in
3223 1325 3492 1395 crapulam
3524 1341 3776 1394 umquam
3805 1325 3902 1379 dc-

2315 1419 2565 1474 duceris:
2592 1434 2719 1474 cura
2759 1419 2900 1473 enim
2943 1427 2999 1472 et
3038 1415 3454 1487 exspectatio'in
3494 1415 3716 1471 ecclesia
3767 1431 3899 1471 eon-

2316 1512 2561 1569 veniendi
2594 1528 2713 1568 cum
2749 1510 2968 1566 honesta
3009 1525 3256 1566 mensura
3296 1510 3470 1566 cibum
3497 1518 3552 1564 et
3580 1519 3764 1578 potum
3807 1523 3897 1562 su-

2313 1621 2462 1662 mere
2498 1605 2684 1672 docet,
2729 1620 2797 1660 ne
2838 1605 3107 1674 ingressus
3145 1613 3200 1658 et
3241 1601 3492 1658 fratribus
3529 1601 3899 1665 commixtus,

2314 1707 2496 1768 postea
2526 1698 2707 1750 vinum
2743 1695 2992 1750 redolens
3014 1736 3030 1762 ,
3072 1706 3126 1750 et
3163 1694 3476 1749 immodeste
3514 1702 3799 1760 eructans,
3833 1691 3902 1746 ab

2311 1788 2558 1842 omnibus
2585 1787 2932 1856 prtesentibus
2951 1784 3264 1840 deridearis.
3296 1784 3420 1838 Hrcc
3446 1801 3549 1838 non
3577 1783 3724 1836 vobis
3753 1796 3904 1836 nunc

2315 1877 2665 1948 przesentibus
2683 1919 2696 1941 ,
2728 1876 2820 1932 sed
2853 1876 2917 1930 iis
2945 1875 3034 1945 qui
3058 1876 3254 1930 absunt
3277 1874 3425 1940 dico,
3455 1882 3512 1926 ut
3536 1873 3650 1926 lucc
3680 1886 3777 1941 per
3803 1886 3902 1925 vos

2309 1969 2537 2023 discant.
2582 1968 2699 2022 Non
2745 1968 2886 2022 enim
2939 1967 3218 2022 comedere
3261 1965 3509 2021 audiendi
3555 1965 3901 2018 obstaculum

2309 2059 2535 2130 przebet,
2563 2060 2655 2114 sed
2684 2069 2926 2129 torpere;
2959 2070 3013 2113 ttt
3044 2075 3170 2114 vero
3197 2059 3395 2113 crimen
3423 2073 3540 2112 esse
3566 2067 3753 2126 putans
3785 2073 3898 2110 non

2303 2153 2569 2221 jejunare,
2589 2154 2640 2206 in
2663 2152 2803 2206 aliud
2827 2152 3052 2206 incurris
3073 2151 3296 2216 crimen,
3321 2149 3484 2203 multo
3507 2148 3675 2217 majus
3697 2158 3748 2202 et
3771 2164 3901 2216 gra-

2308 2243 2444 2310 vius,
2470 2245 2610 2314 quod
2631 2259 2797 2298 sacra:
2819 2244 2972 2313 hujus
2995 2257 3190 2297 mensae
3211 2259 3315 2295 nott
3340 2242 3598 2310 particeps
3618 2239 3896 2303 efficiaris,

2308 2345 2360 2390 et
2385 2335 2526 2405 quod
2556 2349 2749 2405 corpus
2776 2344 2920 2387 tuum
2950 2333 3120 2397 alens,
3153 2334 3381 2386 animam
3411 2330 3546 2385 fame
3570 2344 3861 2383 consumas
3886 2347 3899 2382 :

2307 2435 2362 2482 et
2409 2442 2563 2497 quam
2611 2427 3009 2481 excusationem
3059 2424 3313 2479 habebis?
3362 2423 3416 2477 ltt
3454 2423 3653 2492 jejunio
3690 2423 3897 2492 quippe

2307 2520 2546 2589 corporis
2565 2520 2972 2574 imbecillitatem
2995 2517 3322 2588 praetendere
3341 2517 3560 2571 fortasse
3581 2516 3779 2584 poteris
3799 2557 3817 2581 ,
3841 2520 3899 2568 t'n

2305 2609 2568 2664 audiendo
2588 2619 2762 2664 autem
2784 2609 2908 2678 quid
2931 2607 3144 2663 tandem
3167 2609 3344 2662 dicere
3371 2607 3591 2676 posses?
3613 2622 3717 2660 non
3742 2607 3896 2660 enim

2303 2701 2546 2770 corporis
2592 2701 2870 2754 inlirmitas
2916 2699 3217 2754 divinorum
3266 2698 3511 2768 prohibet
3551 2699 3900 2768 eloquiorum

2303 2791 2610 2861 participem
2651 2790 2785 2846 fieri.
2829 2792 2884 2846 Si
2924 2791 3066 2846 enim
3107 2790 3357 2845 dixissem
3398 2809 3410 2843 :
3451 2789 3617 2845 Nemo
3659 2804 3901 2861 pransus

2302 2881 2422 2936 aliis
2449 2882 2752 2947 misceatur,
2782 2891 2898 2952 post
2924 2881 3101 2937 cibum
3127 2881 3307 2936 audiat
3333 2897 3509 2948 nemo,
3533 2882 3764 2952 aliquam
3791 2880 3900 2935 ba-

2302 2971 2507 3028 buisses
2535 2973 2776 3039 veniam;
2806 2987 2946 3028 nunc
2969 2987 3099 3028 vero
3124 2987 3245 3028 cum
3276 2987 3370 3028 vos
3401 2973 3692 3038 trahamus,
3721 2981 3779 3029 et
3803 2974 3896 3027 al-

2301 3062 2561 3129 lieiamus,
2590 3073 2643 3117 et
2671 3063 2736 3118 ad
2764 3078 2863 3119 nos
2892 3078 3166 3132 vocemus,
3197 3079 3354 3134 quam
3385 3064 3684 3119 resilientes
3707 3080 3895 3120 excu-

2297 3157 2558 3212 sationem
2599 3157 2898 3212 habebitis?
2923 3157 3133 3213 Etenim
3164 3173 3268 3212 non
3298 3158 3520 3213 idoneus
3547 3159 3761 3214 auditor
3791 3160 3899 3214 ille

2294 3258 2458 3316 esset,
2483 3264 2588 3303 non
2614 3249 2702 3318 qui
2731 3249 3051 3306 comedisset
3075 3261 3166 3306 aut
3195 3251 3438 3316 bibisset,
3465 3252 3556 3306 sed
3583 3252 3672 3322 qui
3702 3253 3897 3307 verbis

2300 3355 2405 3394 non
2431 3337 2749 3404 attenderet,
2778 3341 3012 3397 oscitans
3039 3350 3095 3398 et
3117 3342 3425 3409 dissolutus,
3453 3343 3541 3414 qni
3569 3359 3765 3413 corpus
3795 3344 3900 3400 hic

2297 3429 2520 3494 habens,
2545 3441 2721 3484 mente
2749 3430 2855 3484 alio
2884 3441 3197 3501 vagaretur;
3225 3432 3312 3489 hic
3335 3432 3788 3503 etiamsijejunet,
3811 3436 3894 3489 ad

2291 3520 2612 3575 audiendum
2645 3521 2843 3576 inutilis
2878 3532 2961 3577 est
2988 3540 3001 3576 :
3028 3524 3292 3580 excitatus
3317 3533 3500 3580 contra
3531 3533 3583 3579 et
3606 3525 3844 3595 vigilans
3873 3568 3892 3590 ,

2291 3621 2573 3680 menteque
2599 3611 2902 3680 attendens,
2934 3613 3048 3668 sive
3071 3613 3364 3671 comederit
3387 3616 3499 3670 sive
3528 3615 3737 3684 biberit,
3771 3633 3892 3672 no-

2290 3704 2372 3760 bis
2413 3705 2516 3761 erit
2559 3707 2796 3762 omnium
2839 3708 3145 3778 aptissimus
3187 3710 3416 3765 auditor.
3468 3711 3522 3766 lu
3564 3725 3893 3768 esterornm

2289 3797 2431 3852 enim
2453 3798 2665 3869 judiciis
2697 3811 2752 3855 et
2786 3803 3021 3858 consiliis
3048 3819 3281 3874 congrue
3310 3805 3394 3859 lex
3421 3805 3517 3859 ista
3545 3805 3828 3874 praevaluit
3871 3826 3888 3862 :

2290 3905 2387 3944 nec
2413 3891 2553 3945 enim
2584 3903 2781 3948 norunt
2807 3894 3183 3966 philosophari,
3218 3897 3336 3951 ideo
3365 3911 3474 3952 non
3499 3897 3786 3952 comedunt
3815 3909 3893 3954 ut

2289 3985 2589 4040 nutriantur
2611 4029 2625 4051 ,
2655 3987 2749 4041 sed
2789 3997 2846 4041 ut
2882 3987 3280 4058 disrumpantur
3311 4007 3325 4043 :
3354 4004 3494 4058 saepe
3537 3989 3677 4043 enim
3706 4005 3886 4059 supra

2285 4077 2583 4133 satietatem
2619 4079 2846 4134 bibunt:
2887 4089 3164 4150 propterea
3201 4082 3404 4151 seipsos
3433 4098 3607 4136 rerum
3633 4081 3878 4138 adminio

2286 4167 2524 4222 strationi
2555 4169 2759 4238 ineptos
2784 4170 3067 4225 reddentes
3086 4212 3102 4236 ,
3133 4185 3354 4240 vespere
3381 4180 3436 4226 et
3465 4171 3685 4226 meridie
3711 4187 3742 4226 a
3776 4188 3847 4228 se

2286 4267 2410 4312 natu
2438 4267 2492 4313 et
2513 4259 2728 4328 judiciis
2755 4261 3043 4316 abstinent.
3075 4261 3170 4316 llic
3197 4275 3372 4316 autem
3402 4278 3508 4316 non
3552 4265 3642 4328 ita,
3680 4263 3828 4318 absit

2283 4349 2376 4402 sed
2402 4350 2488 4420 qui
2510 4352 2769 4416 comedit,
2796 4352 2982 4422 jejuno
3009 4353 3171 4407 animi
3199 4353 3457 4408 modestia
3481 4354 3578 4408 erit
3601 4356 3825 4425 aqualis
3860 4375 3880 4411 :

2282 4455 2387 4493 non
2426 4442 2566 4495 enim
2604 4450 2660 4494 ut
2699 4450 2939 4497 ventrem
2977 4442 3272 4512 disrumpat
3306 4453 3398 4498 aut
3428 4445 3685 4499 rationem
3710 4447 3884 4502 obte-

2282 4531 2500 4597 nebret,
2529 4532 2759 4588 comedit
2793 4542 2846 4588 et
2881 4533 3036 4602 bibit,
3071 4534 3164 4591 sed
3205 4544 3264 4590 ut
3295 4551 3490 4608 corpus
3525 4536 3878 4595 debilitatum

2279 4631 2513 4690 reparet.
2729 4608 2731 4610 ’
2803 4636 2806 4637 ⁷

2346 4712 2400 4766 2.
2441 4713 2548 4769 Sed
2585 4714 2698 4770 haec
2724 4729 2820 4784 pro
2844 4715 3204 4772 admonitione
3231 4718 3393 4783 satis;
3417 4718 3526 4787 jam
3553 4733 3681 4773 vero
3719 4703 3906 4776 tem-3

2277 4817 2376 4872 pus
2412 4813 2494 4859 est
2518 4804 2585 4858 ad
2612 4817 2978 4876 argumentum
3011 4809 3355 4874 transeundi,
3393 4809 3516 4864 licet
3552 4809 3784 4881 refugiat
3813 4826 3881 4867 et.

2277 4902 2482 4962 torpeat
2506 4895 2646 4950 circa
2673 4896 2965 4953 doctrinam
2996 4899 3131 4954 hanc
3157 4901 3406 4970 cogitatio
3431 4910 3610 4956 nostra
3639 4914 3880 4972 propter

2273 4999 2386 5049 eos,
2431 4987 2520 5054 qui
2561 5001 2667 5041 non
2695 4998 2973 5043 venerunt.
3021 4990 3086 5044 Et
3114 4992 3249 5045 sicut
3290 4991 3375 5060 pia
3404 5003 3574 5048 mater
3613 5010 3872 5051 mensam

2271 5090 2546 5144 apponens
2567 5119 2583 5143 ,
2611 5080 2855 5134 omnibus
2898 5081 3018 5135 filiis
3060 5097 3164 5135 non
3203 5085 3550 5152 praesentibus
3573 5127 3588 5149 ,
3620 5085 3772 5141 dolet
3812 5102 3876 5143 et

2271 5169 2434 5237 gemit
2461 5187 2475 5223 :
2507 5171 2607 5226 hoc
2633 5181 2686 5226 et
2709 5188 2808 5242 ego
2837 5189 2977 5228 nunc
3004 5176 3193 5243 patior,
3222 5186 3276 5230 et
3298 5177 3518 5231 fratrum
3545 5191 3865 5235 nostrorum

2271 5205 2434 5237 δυυιιι
2463 5209 2475 5223 ι
2507 5205 2607 5226 "ut.
2633 5205 2686 5226 ῠι
2709 5205 2808 5242 ῠδυ
2837 5205 2976 5228 ΙΙυιιυ
3004 5205 3193 5243 μαιιυι,
3222 5205 3276 5230 σι
3298 5205 3518 5231 ιινξιιι-υιιι
3545 5205 3865 5235 ιιυδιι-υϊυιιι
3907 5205 3912 5304 1

2268 5262 2560 5316 absentiam
2577 5264 2835 5333 cogitans,
2849 5279 2878 5318 a
2899 5267 3162 5320 solutione
3183 5268 3426 5323 retrahor
3441 5275 3864 5338 promissorum;

2267 5351 2361 5406 sed
2392 5367 2486 5406 vos
2515 5353 2734 5422 potestis
2759 5356 2898 5410 hunc
2922 5357 3115 5425 ejicere
3146 5367 3436 5428 torporem.
3468 5357 3524 5414 Si
3553 5361 3701 5414 enim
3735 5364 3860 5431 pol-
3909 5349 3911 5444 Α

2265 5443 2530 5500 liceatnini
2558 5446 2685 5500 mihi
2711 5461 2804 5500 vos
2827 5449 3004 5501 omnia
3030 5449 3098 5503 ad
3126 5449 3244 5505 illos
3269 5465 3388 5504 cum
3415 5451 3690 5522 diligentia
3719 5462 3869 5508 rela~

2263 5543 2430 5602 turos,
2455 5551 2553 5591 nos
2577 5537 2725 5592 vobis
2746 5539 2920 5593 omnia
2942 5550 3184 5612 prompte
3205 5542 3541 5612 erogabitnus
3567 5561 3580 5598 :
3605 5554 3686 5598 sic
3709 5562 3867 5602 enim

2263 5626 2367 5686 illis
2399 5627 2498 5684 erit
2524 5627 2779 5686 absentiae
2807 5631 3118 5702 consolatio,
3135 5635 3614 5694 vestraeclzaritatis
3641 5636 3866 5693 docui-
