  <div class='ocr_page' id='page_1' title='image "/cluster/home/n/w/nwhite01/storage/ocr_20150623/49/mdp.39015028539461/108.png"; bbox 0 0 3920 6224; ppageno 0'>
   <div class='ocr_carea' id='block_1_1' title="bbox 1223 250 3631 325">
    <p class='ocr_par' dir='ltr' id='par_1_1' title="bbox 1223 250 3631 325">
     <span class='ocr_line' id='line_1_1' title="bbox 1223 250 3631 325; baseline 0.002 -18"><span class='ocrx_word' id='word_1_1' title='bbox 1223 250 1313 308; x_wconf 77' lang='lat' dir='ltr'>AD</span> <span class='ocrx_word' id='word_1_2' title='bbox 1350 252 1678 312; x_wconf 73' lang='lat' dir='ltr'>POPULUM</span> <span class='ocrx_word' id='word_1_3' title='bbox 1718 251 2211 312; x_wconf 77' lang='lat' dir='ltr'>ANTIOCHENUM</span> <span class='ocrx_word' id='word_1_4' title='bbox 2253 254 2479 312; x_wconf 76' lang='lat' dir='ltr'>IIOMIL.</span> <span class='ocrx_word' id='word_1_5' title='bbox 2524 254 2611 312; x_wconf 75' lang='lat' dir='ltr'>IX.</span> <span class='ocrx_word' id='word_1_6' title='bbox 2708 320 2711 325; x_wconf 10' lang='grc' dir='ltr'>γ</span> <span class='ocrx_word' id='word_1_7' title='bbox 3538 257 3631 312; x_wconf 74' lang='lat' dir='ltr'>IN</span> 
     </span>
    </p>
   </div>
   <div class='ocr_carea' id='block_1_2' title="bbox 172 257 282 316">
    <p class='ocr_par' dir='ltr' id='par_1_2' title="bbox 172 257 282 316">
     <span class='ocr_line' id='line_1_2' title="bbox 172 257 282 316; baseline 0.018 -1"><span class='ocrx_word' id='word_1_8' title='bbox 172 257 282 316; x_wconf 67' lang='lat'>603</span> 
     </span>
    </p>
   </div>
   <div class='ocr_carea' id='block_1_3' title="bbox 167 557 3640 633">
    <p class='ocr_par' dir='ltr' id='par_1_3' title="bbox 167 557 3640 633">
     <span class='ocr_line' id='line_1_3' title="bbox 167 557 3640 633; baseline 0.001 -15"><span class='ocrx_word' id='word_1_9' title='bbox 167 560 460 631; x_wconf 76' lang='grc' dir='ltr'>Ἔπαινος</span> <span class='ocrx_word' id='word_1_10' title='bbox 486 560 607 616; x_wconf 78' lang='grc' dir='ltr'>τῶν</span> <span class='ocrx_word' id='word_1_11' title='bbox 639 559 1109 628; x_wconf 75' lang='grc' dir='ltr'>κατωρθωκότων</span> <span class='ocrx_word' id='word_1_12' title='bbox 1134 557 1203 614; x_wconf 84' lang='grc' dir='ltr'>τό</span> <span class='ocrx_word' id='word_1_13' title='bbox 1226 558 1314 629; x_wconf 86' lang='grc' dir='ltr'>μὴ</span> <span class='ocrx_word' id='word_1_14' title='bbox 1342 560 1616 630; x_wconf 76' lang='grc' dir='ltr'>ὀμνύειν·</span> <span class='ocrx_word' id='word_1_15' title='bbox 1664 560 1763 614; x_wconf 81' lang='grc' dir='ltr'>καὶ</span> <span class='ocrx_word' id='word_1_16' title='bbox 1805 558 1894 615; x_wconf 86' lang='grc' dir='ltr'>δτι</span> <span class='ocrx_word' id='word_1_17' title='bbox 1931 563 2043 616; x_wconf 86' lang='grc' dir='ltr'>οὐκ</span> <span class='ocrx_word' id='word_1_18' title='bbox 2076 560 2305 631; x_wconf 73' lang='grc' dir='ltr'>ὀφείλει</span> <span class='ocrx_word' id='word_1_19' title='bbox 2345 577 2439 627; x_wconf 83' lang='grc' dir='ltr'>τις</span> <span class='ocrx_word' id='word_1_20' title='bbox 2478 561 2886 632; x_wconf 79' lang='grc' dir='ltr'>διακρίνεσθαι</span> <span class='ocrx_word' id='word_1_21' title='bbox 2919 562 3064 630; x_wconf 78' lang='grc' dir='ltr'>μετὰ</span> <span class='ocrx_word' id='word_1_22' title='bbox 3113 562 3391 617; x_wconf 80' lang='grc' dir='ltr'>ἑστίασιν</span> <span class='ocrx_word' id='word_1_23' title='bbox 3417 563 3640 633; x_wconf 75' lang='grc' dir='ltr'>ἀκροᾶ-</span> 
     </span>
    </p>
   </div>
   <div class='ocr_carea' id='block_1_4' title="bbox 250 653 3638 726">
    <p class='ocr_par' dir='ltr' id='par_1_4' title="bbox 250 653 3638 726">
     <span class='ocr_line' id='line_1_4' title="bbox 250 653 3638 726; baseline -0 -14"><span class='ocrx_word' id='word_1_24' title='bbox 250 661 395 714; x_wconf 84' lang='grc' dir='ltr'>σθαι</span> <span class='ocrx_word' id='word_1_25' title='bbox 439 656 612 713; x_wconf 79' lang='grc' dir='ltr'>θείων</span> <span class='ocrx_word' id='word_1_26' title='bbox 638 654 856 724; x_wconf 72' lang='grc' dir='ltr'>λογίων</span> <span class='ocrx_word' id='word_1_27' title='bbox 907 654 979 708; x_wconf 78' lang='grc' dir='ltr'>ἐν</span> <span class='ocrx_word' id='word_1_28' title='bbox 1019 654 1351 722; x_wconf 76' lang='grc' dir='ltr'>ἐκκλησίᾳ·</span> <span class='ocrx_word' id='word_1_29' title='bbox 1386 655 1483 709; x_wconf 74' lang='grc' dir='ltr'>καί</span> <span class='ocrx_word' id='word_1_30' title='bbox 1523 653 1621 708; x_wconf 84' lang='grc' dir='ltr'>διὰ</span> <span class='ocrx_word' id='word_1_31' title='bbox 1644 654 1705 707; x_wconf 87' lang='grc' dir='ltr'><em>τί</em></span> <span class='ocrx_word' id='word_1_32' title='bbox 1727 653 1879 723; x_wconf 80' lang='grc' dir='ltr'>μετὰ</span> <span class='ocrx_word' id='word_1_33' title='bbox 1916 654 2141 722; x_wconf 72' lang='grc' dir='ltr'>χρόνον</span> <span class='ocrx_word' id='word_1_34' title='bbox 2167 654 2365 707; x_wconf 75' lang='grc' dir='ltr'>πολὺν</span> <span class='ocrx_word' id='word_1_35' title='bbox 2404 653 2710 721; x_wconf 73' lang='grc' dir='ltr'>ἐδόθησαν</span> <span class='ocrx_word' id='word_1_36' title='bbox 2764 657 2826 708; x_wconf 81' lang='grc' dir='ltr'>αἱ</span> <span class='ocrx_word' id='word_1_37' title='bbox 2874 653 3031 724; x_wconf 73' lang='grc' dir='ltr'>ἅγιαι</span> <span class='ocrx_word' id='word_1_38' title='bbox 3071 655 3337 724; x_wconf 65' lang='grc' dir='ltr'>Γραφαι·</span> <span class='ocrx_word' id='word_1_39' title='bbox 3395 656 3495 710; x_wconf 73' lang='grc' dir='ltr'>καὶ</span> <span class='ocrx_word' id='word_1_40' title='bbox 3547 659 3638 726; x_wconf 82' lang='grc' dir='ltr'>εις</span> 
     </span>
    </p>
   </div>
   <div class='ocr_carea' id='block_1_5' title="bbox 244 744 3633 823">
    <p class='ocr_par' dir='ltr' id='par_1_5' title="bbox 244 744 3633 823">
     <span class='ocr_line' id='line_1_5' title="bbox 244 744 3633 823; baseline -0.001 -15"><span class='ocrx_word' id='word_1_41' title='bbox 244 751 340 820; x_wconf 75' lang='grc' dir='ltr'>τό,</span> <span class='ocrx_word' id='word_1_42' title='bbox 366 752 430 806; x_wconf 77' lang='lat' dir='ltr'>Ol</span> <span class='ocrx_word' id='word_1_43' title='bbox 477 748 699 823; x_wconf 77' lang='grc' dir='ltr'>οὐρανοὶ</span> <span class='ocrx_word' id='word_1_44' title='bbox 746 747 1059 821; x_wconf 78' lang='grc' dir='ltr'>διηγοῦνται</span> <span class='ocrx_word' id='word_1_45' title='bbox 1089 746 1247 814; x_wconf 79' lang='grc' dir='ltr'>δόξαν</span> <span class='ocrx_word' id='word_1_46' title='bbox 1275 745 1411 802; x_wconf 83' lang='grc' dir='ltr'>Θεοῦ</span> <span class='ocrx_word' id='word_1_47' title='bbox 1432 763 1446 778; x_wconf 92' lang='grc'>·</span> <span class='ocrx_word' id='word_1_48' title='bbox 1479 746 1579 802; x_wconf 76' lang='grc' dir='ltr'>καὶ</span> <span class='ocrx_word' id='word_1_49' title='bbox 1609 746 1975 817; x_wconf 74' lang='grc' dir='ltr'>φυσιολοτία</span> <span class='ocrx_word' id='word_1_50' title='bbox 1998 747 2255 816; x_wconf 80' lang='grc' dir='ltr'>κόσμου,</span> <span class='ocrx_word' id='word_1_51' title='bbox 2288 745 2387 799; x_wconf 75' lang='grc' dir='ltr'>καὶ</span> <span class='ocrx_word' id='word_1_52' title='bbox 2427 746 2579 814; x_wconf 79' lang='grc' dir='ltr'>πρὸς</span> <span class='ocrx_word' id='word_1_53' title='bbox 2609 745 2689 813; x_wconf 81' lang='grc' dir='ltr'>τῷ</span> <span class='ocrx_word' id='word_1_54' title='bbox 2715 744 2892 812; x_wconf 74' lang='grc' dir='ltr'>τέλει,</span> <span class='ocrx_word' id='word_1_55' title='bbox 2926 747 3059 817; x_wconf 75' lang='grc' dir='ltr'>περὶ</span> <span class='ocrx_word' id='word_1_56' title='bbox 3104 747 3211 802; x_wconf 82' lang='grc' dir='ltr'>τοῦ</span> <span class='ocrx_word' id='word_1_57' title='bbox 3237 747 3326 818; x_wconf 81' lang='grc' dir='ltr'>μὴ</span> <span class='ocrx_word' id='word_1_58' title='bbox 3367 752 3633 819; x_wconf 72' lang='grc' dir='ltr'>ὀμνύειν.</span> 
     </span>
    </p>
   </div>
   <div class='ocr_carea' id='block_1_6' title="bbox 851 1023 1174 1094">
    <p class='ocr_par' dir='ltr' id='par_1_6' title="bbox 851 1023 1174 1094">
     <span class='ocr_line' id='line_1_6' title="bbox 851 1023 1174 1094; baseline 0 -17"><span class='ocrx_word' id='word_1_59' title='bbox 851 1023 1081 1094; x_wconf 76' lang='grc' dir='ltr'>Ὀμιλία</span> <span class='ocrx_word' id='word_1_60' title='bbox 1106 1023 1174 1077; x_wconf 82' lang='grc' dir='ltr'>θ’.</span> 
     </span>
    </p>
   </div>
   <div class='ocr_carea' id='block_1_7' title="bbox 235 1108 1854 1188">
    <p class='ocr_par' dir='ltr' id='par_1_7' title="bbox 235 1108 1854 1188">
     <span class='ocr_line' id='line_1_7' title="bbox 235 1108 1854 1188; baseline -0.007 -16"><span class='ocrx_word' id='word_1_61' title='bbox 235 1115 435 1172; x_wconf 68' lang='grc' dir='ltr'>α’](αὶ</span> <span class='ocrx_word' id='word_1_62' title='bbox 451 1114 642 1188; x_wconf 85' lang='grc' dir='ltr'>πρώην</span> <span class='ocrx_word' id='word_1_63' title='bbox 664 1114 801 1187; x_wconf 82' lang='grc' dir='ltr'>πρὸς</span> <span class='ocrx_word' id='word_1_64' title='bbox 826 1113 990 1186; x_wconf 77' lang='grc' dir='ltr'>ὑμᾶς,</span> <span class='ocrx_word' id='word_1_65' title='bbox 1008 1112 1104 1168; x_wconf 72' lang='grc' dir='ltr'>καὶ</span> <span class='ocrx_word' id='word_1_66' title='bbox 1125 1110 1222 1165; x_wconf 81' lang='grc' dir='ltr'>νῦν</span> <span class='ocrx_word' id='word_1_67' title='bbox 1243 1110 1380 1182; x_wconf 80' lang='grc' dir='ltr'>πρὸς</span> <span class='ocrx_word' id='word_1_68' title='bbox 1394 1109 1540 1182; x_wconf 80' lang='grc' dir='ltr'>ὑμᾶς</span> <span class='ocrx_word' id='word_1_69' title='bbox 1554 1109 1718 1178; x_wconf 84' lang='grc' dir='ltr'>λέγω·</span> <span class='ocrx_word' id='word_1_70' title='bbox 1742 1108 1854 1162; x_wconf 84' lang='grc' dir='ltr'>εῖθε</span> 
     </span>
    </p>
   </div>
   <div class='ocr_carea' id='block_1_8' title="bbox 164 1196 1854 1275">
    <p class='ocr_par' dir='ltr' id='par_1_8' title="bbox 164 1196 1854 1275">
     <span class='ocr_line' id='line_1_8' title="bbox 164 1196 1854 1275; baseline -0.005 -16"><span class='ocrx_word' id='word_1_71' title='bbox 164 1203 227 1259; x_wconf 70' lang='grc' dir='ltr'>δέ</span> <span class='ocrx_word' id='word_1_72' title='bbox 258 1204 354 1259; x_wconf 73' lang='grc' dir='ltr'>καὶ</span> <span class='ocrx_word' id='word_1_73' title='bbox 384 1205 470 1259; x_wconf 75' lang='grc' dir='ltr'>ἀεὶ</span> <span class='ocrx_word' id='word_1_74' title='bbox 507 1205 624 1275; x_wconf 86' lang='grc' dir='ltr'>μεθ’</span> <span class='ocrx_word' id='word_1_75' title='bbox 660 1201 837 1274; x_wconf 66' lang='grc' dir='ltr'>ὑμῶν,</span> <span class='ocrx_word' id='word_1_76' title='bbox 874 1201 1073 1272; x_wconf 76' lang='grc' dir='ltr'>μᾶλλον</span> <span class='ocrx_word' id='word_1_77' title='bbox 1103 1200 1160 1254; x_wconf 79' lang='grc' dir='ltr'>δὲ</span> <span class='ocrx_word' id='word_1_78' title='bbox 1192 1199 1288 1253; x_wconf 76' lang='grc' dir='ltr'>καὶ</span> <span class='ocrx_word' id='word_1_79' title='bbox 1319 1198 1407 1253; x_wconf 70' lang='grc' dir='ltr'>ἀεὶ</span> <span class='ocrx_word' id='word_1_80' title='bbox 1444 1197 1564 1268; x_wconf 86' lang='grc' dir='ltr'>μεθ’</span> <span class='ocrx_word' id='word_1_81' title='bbox 1597 1196 1771 1269; x_wconf 84' lang='grc' dir='ltr'>ὑμῶν,</span> <span class='ocrx_word' id='word_1_82' title='bbox 1803 1198 1854 1251; x_wconf 85' lang='grc' dir='ltr'>εί</span> 
     </span>
    </p>
   </div>
   <div class='ocr_carea' id='block_1_9' title="bbox 169 1287 1852 1366">
    <p class='ocr_par' dir='ltr' id='par_1_9' title="bbox 169 1287 1852 1366">
     <span class='ocr_line' id='line_1_9' title="bbox 169 1287 1852 1366; baseline -0.003 -21"><span class='ocrx_word' id='word_1_83' title='bbox 169 1293 267 1348; x_wconf 73' lang='grc' dir='ltr'>καὶ</span> <span class='ocrx_word' id='word_1_84' title='bbox 291 1305 319 1335; x_wconf 77' lang='grc' dir='ltr'>ι</span> <span class='ocrx_word' id='word_1_85' title='bbox 348 1294 423 1365; x_wconf 83' lang='grc' dir='ltr'>μὴ</span> <span class='ocrx_word' id='word_1_86' title='bbox 455 1291 709 1366; x_wconf 84' lang='grc' dir='ltr'>σώματος</span> <span class='ocrx_word' id='word_1_87' title='bbox 744 1291 1035 1363; x_wconf 81' lang='grc' dir='ltr'>παρουσίᾳ,</span> <span class='ocrx_word' id='word_1_88' title='bbox 1071 1289 1186 1344; x_wconf 84' lang='grc' dir='ltr'>ἀλλ’</span> <span class='ocrx_word' id='word_1_89' title='bbox 1208 1288 1431 1359; x_wconf 77' lang='grc' dir='ltr'>ἀγάπης</span> <span class='ocrx_word' id='word_1_90' title='bbox 1456 1287 1702 1359; x_wconf 85' lang='grc' dir='ltr'>δυνάμει·</span> <span class='ocrx_word' id='word_1_91' title='bbox 1730 1287 1852 1341; x_wconf 75' lang='grc' dir='ltr'>οὐδὲ</span> 
     </span>
    </p>
   </div>
   <div class='ocr_carea' id='block_1_10' title="bbox 166 1374 1854 1451">
    <p class='ocr_par' dir='ltr' id='par_1_10' title="bbox 166 1374 1854 1451">
     <span class='ocr_line' id='line_1_10' title="bbox 166 1374 1854 1451; baseline -0.003 -18"><span class='ocrx_word' id='word_1_92' title='bbox 166 1376 282 1450; x_wconf 85' lang='grc' dir='ltr'>γάρ</span> <span class='ocrx_word' id='word_1_93' title='bbox 308 1379 498 1451; x_wconf 80' lang='grc' dir='ltr'>ἐτερός</span> <span class='ocrx_word' id='word_1_94' title='bbox 524 1396 613 1451; x_wconf 93' lang='grc' dir='ltr'>μοι</span> <span class='ocrx_word' id='word_1_95' title='bbox 637 1378 750 1449; x_wconf 87' lang='grc' dir='ltr'>βίος</span> <span class='ocrx_word' id='word_1_96' title='bbox 765 1378 848 1442; x_wconf 89' lang='grc' dir='ltr'>τίς</span> <span class='ocrx_word' id='word_1_97' title='bbox 873 1379 1043 1439; x_wconf 86' lang='grc' dir='ltr'>ἐστιν,</span> <span class='ocrx_word' id='word_1_98' title='bbox 1074 1375 1190 1430; x_wconf 79' lang='grc' dir='ltr'>ἀλλ’</span> <span class='ocrx_word' id='word_1_99' title='bbox 1224 1376 1258 1447; x_wconf 80' lang='grc' dir='ltr'>ἡ</span> <span class='ocrx_word' id='word_1_100' title='bbox 1285 1375 1444 1443; x_wconf 81' lang='grc' dir='ltr'>ὑμεῖς</span> <span class='ocrx_word' id='word_1_101' title='bbox 1468 1374 1562 1429; x_wconf 75' lang='grc' dir='ltr'>καὶ</span> <span class='ocrx_word' id='word_1_102' title='bbox 1586 1375 1686 1445; x_wconf 90' lang='grc' dir='ltr'>τῆς</span> <span class='ocrx_word' id='word_1_103' title='bbox 1716 1374 1854 1445; x_wconf 82' lang='grc' dir='ltr'>ὑμε-</span> 
     </span>
    </p>
   </div>
   <div class='ocr_carea' id='block_1_11' title="bbox 163 1462 1851 1540">
    <p class='ocr_par' dir='ltr' id='par_1_11' title="bbox 163 1462 1851 1540">
     <span class='ocr_line' id='line_1_11' title="bbox 163 1462 1851 1540; baseline -0.002 -21"><span class='ocrx_word' id='word_1_104' title='bbox 163 1466 339 1540; x_wconf 63' lang='grc' dir='ltr'>τέρας</span> <span class='ocrx_word' id='word_1_105' title='bbox 371 1467 647 1540; x_wconf 84' lang='grc' dir='ltr'>σωτηρίας</span> <span class='ocrx_word' id='word_1_106' title='bbox 677 1469 711 1538; x_wconf 87' lang='grc' dir='ltr'>ἡ</span> <span class='ocrx_word' id='word_1_107' title='bbox 742 1465 981 1538; x_wconf 86' lang='grc' dir='ltr'>φροντίς,</span> <span class='ocrx_word' id='word_1_108' title='bbox 1016 1466 1229 1537; x_wconf 82' lang='grc' dir='ltr'>Ὠσπερ</span> <span class='ocrx_word' id='word_1_109' title='bbox 1262 1463 1377 1538; x_wconf 84' lang='grc'>[97]</span> <span class='ocrx_word' id='word_1_110' title='bbox 1410 1463 1523 1536; x_wconf 89' lang='grc' dir='ltr'>γὰρ</span> <span class='ocrx_word' id='word_1_111' title='bbox 1546 1465 1575 1518; x_wconf 90' lang='lat'>6</span> <span class='ocrx_word' id='word_1_112' title='bbox 1604 1462 1851 1535; x_wconf 75' lang='grc' dir='ltr'>γεωργὸς</span> 
     </span>
    </p>
   </div>
   <div class='ocr_carea' id='block_1_12' title="bbox 162 1550 1847 1626">
    <p class='ocr_par' dir='ltr' id='par_1_12' title="bbox 162 1550 1847 1626">
     <span class='ocr_line' id='line_1_12' title="bbox 162 1550 1847 1626; baseline -0.001 -19"><span class='ocrx_word' id='word_1_113' title='bbox 162 1553 326 1609; x_wconf 80' lang='grc' dir='ltr'>οὐδὲν</span> <span class='ocrx_word' id='word_1_114' title='bbox 361 1555 551 1626; x_wconf 75' lang='grc' dir='ltr'>ἕτερον</span> <span class='ocrx_word' id='word_1_115' title='bbox 585 1556 844 1626; x_wconf 73' lang='grc' dir='ltr'>μεριμνᾷ,</span> <span class='ocrx_word' id='word_1_116' title='bbox 874 1553 991 1608; x_wconf 85' lang='grc' dir='ltr'>ἀλλ’</span> <span class='ocrx_word' id='word_1_117' title='bbox 1013 1553 1046 1624; x_wconf 81' lang='grc' dir='ltr'>ἡ</span> <span class='ocrx_word' id='word_1_118' title='bbox 1071 1553 1139 1607; x_wconf 86' lang='grc' dir='ltr'>τά</span> <span class='ocrx_word' id='word_1_119' title='bbox 1163 1553 1457 1624; x_wconf 89' lang='grc' dir='ltr'>σπέρματα</span> <span class='ocrx_word' id='word_1_120' title='bbox 1482 1552 1578 1607; x_wconf 70' lang='grc' dir='ltr'>καὶ</span> <span class='ocrx_word' id='word_1_121' title='bbox 1600 1550 1669 1605; x_wconf 89' lang='grc' dir='ltr'>τά</span> <span class='ocrx_word' id='word_1_122' title='bbox 1695 1551 1847 1623; x_wconf 86' lang='grc' dir='ltr'>λήῖα,</span> 
     </span>
    </p>
   </div>
   <div class='ocr_carea' id='block_1_13' title="bbox 162 1638 1851 1713">
    <p class='ocr_par' dir='ltr' id='par_1_13' title="bbox 162 1638 1851 1713">
     <span class='ocr_line' id='line_1_13' title="bbox 162 1638 1851 1713; baseline -0.001 -18"><span class='ocrx_word' id='word_1_123' title='bbox 162 1641 265 1695; x_wconf 75' lang='grc' dir='ltr'>καὶ</span> <span class='ocrx_word' id='word_1_124' title='bbox 291 1643 321 1696; x_wconf 98' lang='lat'>6</span> <span class='ocrx_word' id='word_1_125' title='bbox 344 1641 685 1713; x_wconf 77' lang='grc' dir='ltr'>κυϐερνήτης</span> <span class='ocrx_word' id='word_1_126' title='bbox 706 1640 774 1695; x_wconf 84' lang='grc' dir='ltr'>τὰ</span> <span class='ocrx_word' id='word_1_127' title='bbox 806 1639 1026 1711; x_wconf 87' lang='grc' dir='ltr'>κύματα</span> <span class='ocrx_word' id='word_1_128' title='bbox 1049 1639 1288 1705; x_wconf 74' lang='grc' dir='ltr'>καὶτοὺς</span> <span class='ocrx_word' id='word_1_129' title='bbox 1313 1638 1561 1710; x_wconf 82' lang='grc' dir='ltr'>λιμένας·</span> <span class='ocrx_word' id='word_1_130' title='bbox 1583 1639 1726 1693; x_wconf 77' lang='grc' dir='ltr'>οὕτω</span> <span class='ocrx_word' id='word_1_131' title='bbox 1754 1640 1851 1694; x_wconf 71' lang='grc' dir='ltr'>καὶ</span> 
     </span>
    </p>
   </div>
   <div class='ocr_carea' id='block_1_14' title="bbox 162 1727 1844 1799">
    <p class='ocr_par' dir='ltr' id='par_1_14' title="bbox 162 1727 1844 1799">
     <span class='ocr_line' id='line_1_14' title="bbox 162 1727 1844 1799; baseline -0.002 -16"><span class='ocrx_word' id='word_1_132' title='bbox 162 1728 195 1784; x_wconf 81' lang='lat'>6</span> <span class='ocrx_word' id='word_1_133' title='bbox 240 1728 418 1798; x_wconf 87' lang='grc' dir='ltr'>λέγων</span> <span class='ocrx_word' id='word_1_134' title='bbox 458 1730 586 1794; x_wconf 79' lang='grc' dir='ltr'>τοὺς</span> <span class='ocrx_word' id='word_1_135' title='bbox 629 1729 929 1792; x_wconf 89' lang='grc' dir='ltr'>ἀκούοντας</span> <span class='ocrx_word' id='word_1_136' title='bbox 990 1728 1087 1781; x_wconf 78' lang='grc' dir='ltr'>καὶ</span> <span class='ocrx_word' id='word_1_137' title='bbox 1118 1727 1227 1798; x_wconf 80' lang='grc' dir='ltr'>τὴν·</span> <span class='ocrx_word' id='word_1_138' title='bbox 1263 1728 1489 1781; x_wconf 80' lang='grc' dir='ltr'>ἐκείνων</span> <span class='ocrx_word' id='word_1_139' title='bbox 1537 1727 1844 1799; x_wconf 79' lang='grc' dir='ltr'>προκοπὴν,</span> 
     </span>
    </p>
   </div>
   <div class='ocr_carea' id='block_1_15' title="bbox 163 1816 1848 1890">
    <p class='ocr_par' dir='ltr' id='par_1_15' title="bbox 163 1816 1848 1890">
     <span class='ocr_line' id='line_1_15' title="bbox 163 1816 1848 1890; baseline -0.001 -19"><span class='ocrx_word' id='word_1_140' title='bbox 163 1818 421 1890; x_wconf 83' lang='grc' dir='ltr'>καθάπερ</span> <span class='ocrx_word' id='word_1_141' title='bbox 449 1820 543 1873; x_wconf 71' lang='grc' dir='ltr'>καὶ</span> <span class='ocrx_word' id='word_1_142' title='bbox 577 1817 689 1888; x_wconf 84' lang='grc' dir='ltr'>ἐγὼ</span> <span class='ocrx_word' id='word_1_143' title='bbox 712 1819 741 1860; x_wconf 72' lang='grc' dir='ltr'>δ</span> <span class='ocrx_word' id='word_1_144' title='bbox 769 1817 888 1872; x_wconf 78' lang='grc' dir='ltr'>νῦν.</span> <span class='ocrx_word' id='word_1_145' title='bbox 929 1817 1020 1870; x_wconf 78' lang='grc' dir='ltr'>Διὸ</span> <span class='ocrx_word' id='word_1_146' title='bbox 1058 1817 1154 1871; x_wconf 79' lang='grc' dir='ltr'>καὶ</span> <span class='ocrx_word' id='word_1_147' title='bbox 1186 1816 1396 1879; x_wconf 82' lang='grc' dir='ltr'>πάντας</span> <span class='ocrx_word' id='word_1_148' title='bbox 1434 1817 1583 1888; x_wconf 78' lang='grc' dir='ltr'>ὑμᾶς</span> <span class='ocrx_word' id='word_1_149' title='bbox 1623 1817 1717 1870; x_wconf 79' lang='grc' dir='ltr'>ἐπὶ</span> <span class='ocrx_word' id='word_1_150' title='bbox 1749 1817 1848 1887; x_wconf 88' lang='grc' dir='ltr'>τῆς</span> 
     </span>
    </p>
   </div>
   <div class='ocr_carea' id='block_1_16' title="bbox 161 1902 1845 1979">
    <p class='ocr_par' dir='ltr' id='par_1_16' title="bbox 161 1902 1845 1979">
     <span class='ocr_line' id='line_1_16' title="bbox 161 1902 1845 1979; baseline 0 -19"><span class='ocrx_word' id='word_1_151' title='bbox 161 1906 406 1969; x_wconf 76' lang='grc' dir='ltr'>διανοίας</span> <span class='ocrx_word' id='word_1_152' title='bbox 427 1907 708 1979; x_wconf 83' lang='grc' dir='ltr'>περιφέρω</span> <span class='ocrx_word' id='word_1_153' title='bbox 726 1909 827 1976; x_wconf 87' lang='grc' dir='ltr'>τῆς</span> <span class='ocrx_word' id='word_1_154' title='bbox 849 1902 1113 1975; x_wconf 79' lang='grc' dir='ltr'>ἐμαυτοῦ,</span> <span class='ocrx_word' id='word_1_155' title='bbox 1135 1905 1236 1958; x_wconf 83' lang='grc' dir='ltr'>οὐκ</span> <span class='ocrx_word' id='word_1_156' title='bbox 1258 1903 1492 1959; x_wconf 83' lang='grc' dir='ltr'>ἐνταῦθα</span> <span class='ocrx_word' id='word_1_157' title='bbox 1512 1904 1693 1975; x_wconf 88' lang='grc' dir='ltr'>μόνον,</span> <span class='ocrx_word' id='word_1_158' title='bbox 1709 1904 1845 1960; x_wconf 86' lang='grc' dir='ltr'>ἀλλά</span> 
     </span>
    </p>
   </div>
   <div class='ocr_carea' id='block_1_17' title="bbox 161 1989 1845 2065">
    <p class='ocr_par' dir='ltr' id='par_1_17' title="bbox 161 1989 1845 2065">
     <span class='ocr_line' id='line_1_17' title="bbox 161 1989 1845 2065; baseline -0.002 -17"><span class='ocrx_word' id='word_1_159' title='bbox 161 1995 260 2048; x_wconf 62' lang='grc' dir='ltr'>καὶ⁷</span> <span class='ocrx_word' id='word_1_160' title='bbox 291 1995 448 2048; x_wconf 81' lang='grc' dir='ltr'>οῖκοι.</span> <span class='ocrx_word' id='word_1_161' title='bbox 480 1994 545 2048; x_wconf 81' lang='lat' dir='ltr'>El</span> <span class='ocrx_word' id='word_1_162' title='bbox 575 1992 685 2065; x_wconf 90' lang='grc' dir='ltr'>γάρ</span> <span class='ocrx_word' id='word_1_163' title='bbox 718 1992 1014 2056; x_wconf 71' lang='grc' dir='ltr'>καὶ-πολὺς</span> <span class='ocrx_word' id='word_1_164' title='bbox 1054 1993 1083 2046; x_wconf 92' lang='lat'>6</span> <span class='ocrx_word' id='word_1_165' title='bbox 1124 1992 1316 2062; x_wconf 86' lang='grc' dir='ltr'>δῆμος,</span> <span class='ocrx_word' id='word_1_166' title='bbox 1370 1991 1464 2046; x_wconf 77' lang='grc' dir='ltr'>καὶ</span> <span class='ocrx_word' id='word_1_167' title='bbox 1513 1989 1687 2062; x_wconf 76' lang='grc' dir='ltr'>βραχὺ</span> <span class='ocrx_word' id='word_1_168' title='bbox 1743 1991 1845 2061; x_wconf 86' lang='grc' dir='ltr'>τῆς</span> 
     </span>
    </p>
   </div>
   <div class='ocr_carea' id='block_1_18' title="bbox 161 2077 1844 2155">
    <p class='ocr_par' dir='ltr' id='par_1_18' title="bbox 161 2077 1844 2155">
     <span class='ocr_line' id='line_1_18' title="bbox 161 2077 1844 2155; baseline -0.002 -17"><span class='ocrx_word' id='word_1_169' title='bbox 161 2082 309 2155; x_wconf 82' lang='grc' dir='ltr'>ἐμῆς</span> <span class='ocrx_word' id='word_1_170' title='bbox 337 2082 566 2154; x_wconf 76' lang='grc' dir='ltr'>καρδίας</span> <span class='ocrx_word' id='word_1_171' title='bbox 599 2081 660 2136; x_wconf 85' lang='lat'><strong>16</strong></span> <span class='ocrx_word' id='word_1_172' title='bbox 690 2081 908 2151; x_wconf 87' lang='grc' dir='ltr'>μέτρον,</span> <span class='ocrx_word' id='word_1_173' title='bbox 949 2080 1064 2133; x_wconf 83' lang='grc' dir='ltr'>ἀλλ’</span> <span class='ocrx_word' id='word_1_174' title='bbox 1097 2080 1287 2151; x_wconf 81' lang='grc' dir='ltr'>εὐρεῖα</span> <span class='ocrx_word' id='word_1_175' title='bbox 1322 2081 1355 2149; x_wconf 93' lang='grc' dir='ltr'>ἡ</span> <span class='ocrx_word' id='word_1_176' title='bbox 1390 2077 1604 2148; x_wconf 83' lang='grc' dir='ltr'>ἀγάπη,</span> <span class='ocrx_word' id='word_1_177' title='bbox 1639 2079 1732 2133; x_wconf 73' lang='grc' dir='ltr'>καὶ</span> <span class='ocrx_word' id='word_1_178' title='bbox 1761 2081 1844 2135; x_wconf 86' lang='grc' dir='ltr'>Οὐ</span> 
     </span>
    </p>
   </div>
   <div class='ocr_carea' id='block_1_19' title="bbox 160 2166 1841 2238">
    <p class='ocr_par' dir='ltr' id='par_1_19' title="bbox 160 2166 1841 2238">
     <span class='ocr_line' id='line_1_19' title="bbox 160 2166 1841 2238; baseline -0.001 -15"><span class='ocrx_word' id='word_1_179' title='bbox 160 2169 635 2238; x_wconf 79' lang='grc' dir='ltr'>στενοχωρεῖσθε</span> <span class='ocrx_word' id='word_1_180' title='bbox 665 2169 736 2223; x_wconf 77' lang='grc' dir='ltr'>ἐν</span> <span class='ocrx_word' id='word_1_181' title='bbox 760 2167 923 2237; x_wconf 76' lang='grc' dir='ltr'>ἡμῖν·</span> <span class='ocrx_word' id='word_1_182' title='bbox 945 2167 1006 2221; x_wconf 84' lang='grc' dir='ltr'>τὸ</span> <span class='ocrx_word' id='word_1_183' title='bbox 1027 2166 1083 2221; x_wconf 85' lang='grc' dir='ltr'>δὲ</span> <span class='ocrx_word' id='word_1_184' title='bbox 1109 2167 1236 2238; x_wconf 83' lang='grc' dir='ltr'>ἐξῆς</span> <span class='ocrx_word' id='word_1_185' title='bbox 1261 2167 1361 2221; x_wconf 84' lang='grc' dir='ltr'>οὑκ</span> <span class='ocrx_word' id='word_1_186' title='bbox 1392 2166 1472 2220; x_wconf 86' lang='grc' dir='ltr'>ἐτι</span> <span class='ocrx_word' id='word_1_187' title='bbox 1504 2166 1689 2221; x_wconf 78' lang='grc' dir='ltr'>λοιπὸν</span> <span class='ocrx_word' id='word_1_188' title='bbox 1710 2168 1841 2237; x_wconf 87' lang='grc' dir='ltr'>ἐρῶ·</span> 
     </span>
    </p>
   </div>
   <div class='ocr_carea' id='block_1_20' title="bbox 158 2253 1841 2328">
    <p class='ocr_par' dir='ltr' id='par_1_20' title="bbox 158 2253 1841 2328">
     <span class='ocr_line' id='line_1_20' title="bbox 158 2253 1841 2328; baseline 0 -18"><span class='ocrx_word' id='word_1_189' title='bbox 158 2256 287 2310; x_wconf 78' lang='grc' dir='ltr'>οὐδὲ</span> <span class='ocrx_word' id='word_1_190' title='bbox 314 2256 424 2328; x_wconf 85' lang='grc' dir='ltr'>γὰρ</span> <span class='ocrx_word' id='word_1_191' title='bbox 449 2258 613 2328; x_wconf 80' lang='grc' dir='ltr'>ἡμεῖς</span> <span class='ocrx_word' id='word_1_192' title='bbox 642 2254 1127 2325; x_wconf 89' lang='grc' dir='ltr'>στενοχωρούμεθα</span> <span class='ocrx_word' id='word_1_193' title='bbox 1164 2254 1295 2323; x_wconf 81' lang='grc' dir='ltr'>παρ’</span> <span class='ocrx_word' id='word_1_194' title='bbox 1318 2253 1464 2324; x_wconf 86' lang='grc' dir='ltr'>ὑμῖν.</span> <span class='ocrx_word' id='word_1_195' title='bbox 1494 2253 1665 2308; x_wconf 85' lang='grc' dir='ltr'>Πόθεν</span> <span class='ocrx_word' id='word_1_196' title='bbox 1682 2254 1841 2310; x_wconf 79' lang='grc' dir='ltr'>τοῦτο</span> 
     </span>
    </p>
   </div>
   <div class='ocr_carea' id='block_1_21' title="bbox 156 2340 1844 2414">
    <p class='ocr_par' dir='ltr' id='par_1_21' title="bbox 156 2340 1844 2414">
     <span class='ocr_line' id='line_1_21' title="bbox 156 2340 1844 2414; baseline -0.001 -17"><span class='ocrx_word' id='word_1_197' title='bbox 156 2343 351 2414; x_wconf 89' lang='grc' dir='ltr'>δῆλον;</span> <span class='ocrx_word' id='word_1_198' title='bbox 382 2342 593 2413; x_wconf 82' lang='grc' dir='ltr'>Ἕγνων</span> <span class='ocrx_word' id='word_1_199' title='bbox 614 2341 825 2397; x_wconf 84' lang='grc' dir='ltr'>πολλῶν</span> <span class='ocrx_word' id='word_1_200' title='bbox 852 2342 1323 2411; x_wconf 80' lang='grc' dir='ltr'>ἀπαγγειλάντων,</span> <span class='ocrx_word' id='word_1_201' title='bbox 1347 2342 1428 2395; x_wconf 83' lang='grc' dir='ltr'>ὅτι</span> <span class='ocrx_word' id='word_1_202' title='bbox 1457 2340 1531 2395; x_wconf 83' lang='lat' dir='ltr'><em>T6</em></span> <span class='ocrx_word' id='word_1_203' title='bbox 1557 2341 1844 2413; x_wconf 76' lang='grc' dir='ltr'>ἐπιταχθὲν</span> 
     </span>
    </p>
   </div>
   <div class='ocr_carea' id='block_1_22' title="bbox 158 2428 1844 2505">
    <p class='ocr_par' dir='ltr' id='par_1_22' title="bbox 158 2428 1844 2505">
     <span class='ocr_line' id='line_1_22' title="bbox 158 2428 1844 2505; baseline -0.001 -18"><span class='ocrx_word' id='word_1_204' title='bbox 158 2433 519 2505; x_wconf 73' lang='grc' dir='ltr'>ἐποιήσαμεν,</span> <span class='ocrx_word' id='word_1_205' title='bbox 549 2432 746 2504; x_wconf 88' lang='grc' dir='ltr'>νόμους</span> <span class='ocrx_word' id='word_1_206' title='bbox 770 2431 1022 2501; x_wconf 73' lang='grc' dir='ltr'>ἀλλήλοις</span> <span class='ocrx_word' id='word_1_207' title='bbox 1047 2430 1229 2494; x_wconf 85' lang='grc' dir='ltr'>θέντες</span> <span class='ocrx_word' id='word_1_208' title='bbox 1248 2441 1297 2494; x_wconf 75' lang='grc' dir='ltr'>ο,</span> <span class='ocrx_word' id='word_1_209' title='bbox 1315 2430 1409 2483; x_wconf 71' lang='grc' dir='ltr'>καὶ</span> <span class='ocrx_word' id='word_1_210' title='bbox 1427 2428 1722 2495; x_wconf 79' lang='grc' dir='ltr'>καταδίκας</span> <span class='ocrx_word' id='word_1_211' title='bbox 1741 2430 1844 2502; x_wconf 87' lang='grc' dir='ltr'>δρί-</span> 
     </span>
    </p>
   </div>
   <div class='ocr_carea' id='block_1_23' title="bbox 158 2517 1843 2591">
    <p class='ocr_par' dir='ltr' id='par_1_23' title="bbox 158 2517 1843 2591">
     <span class='ocr_line' id='line_1_23' title="bbox 158 2517 1843 2591; baseline -0.002 -17"><span class='ocrx_word' id='word_1_212' title='bbox 158 2537 359 2586; x_wconf 84' lang='grc' dir='ltr'>σαντες</span> <span class='ocrx_word' id='word_1_213' title='bbox 399 2521 511 2583; x_wconf 84' lang='grc' dir='ltr'>τοῖς</span> <span class='ocrx_word' id='word_1_214' title='bbox 551 2519 835 2591; x_wconf 82' lang='grc' dir='ltr'>ὀμνύουσι,</span> <span class='ocrx_word' id='word_1_215' title='bbox 871 2520 967 2572; x_wconf 75' lang='grc' dir='ltr'>καὶ</span> <span class='ocrx_word' id='word_1_216' title='bbox 1007 2517 1279 2590; x_wconf 84' lang='grc' dir='ltr'>τιμωρίας</span> <span class='ocrx_word' id='word_1_217' title='bbox 1321 2517 1696 2587; x_wconf 76' lang='grc' dir='ltr'>ἐπαγαγόντες</span> <span class='ocrx_word' id='word_1_218' title='bbox 1731 2520 1843 2582; x_wconf 90' lang='grc' dir='ltr'>τοῖς</span> 
     </span>
    </p>
   </div>
   <div class='ocr_carea' id='block_1_24' title="bbox 93 2603 1838 2679">
    <p class='ocr_par' dir='ltr' id='par_1_24' title="bbox 93 2603 1838 2679">
     <span class='ocr_line' id='line_1_24' title="bbox 93 2603 1838 2679; baseline -0.003 -16"><span class='ocrx_word' id='word_1_219' title='bbox 93 2603 105 2611; x_wconf 77' lang='grc'><em>’</em></span> <span class='ocrx_word' id='word_1_220' title='bbox 156 2607 253 2663; x_wconf 75' lang='grc' dir='ltr'>τὸν</span> <span class='ocrx_word' id='word_1_221' title='bbox 275 2609 439 2678; x_wconf 92' lang='grc' dir='ltr'>νόμον</span> <span class='ocrx_word' id='word_1_222' title='bbox 462 2606 881 2679; x_wconf 77' lang='grc' dir='ltr'>παραϐαίνουσι,</span> <span class='ocrx_word' id='word_1_223' title='bbox 902 2605 1172 2677; x_wconf 83' lang='grc' dir='ltr'>τιμωρίαν</span> <span class='ocrx_word' id='word_1_224' title='bbox 1198 2604 1297 2675; x_wconf 85' lang='grc' dir='ltr'>τὴν</span> <span class='ocrx_word' id='word_1_225' title='bbox 1328 2605 1457 2675; x_wconf 87' lang='grc' dir='ltr'>ὑμῖν</span> <span class='ocrx_word' id='word_1_226' title='bbox 1498 2605 1838 2675; x_wconf 89' lang='grc' dir='ltr'>πρέπουσαν,</span> 
     </span>
    </p>
   </div>
   <div class='ocr_carea' id='block_1_25' title="bbox 157 2686 1838 2767">
    <p class='ocr_par' dir='ltr' id='par_1_25' title="bbox 157 2686 1838 2767">
     <span class='ocr_line' id='line_1_25' title="bbox 157 2686 1838 2767; baseline -0.005 -17"><span class='ocrx_word' id='word_1_227' title='bbox 157 2695 301 2767; x_wconf 77' lang='grc' dir='ltr'>ὅπερ</span> <span class='ocrx_word' id='word_1_228' title='bbox 335 2694 598 2767; x_wconf 79' lang='grc' dir='ltr'>μεγίστης</span> <span class='ocrx_word' id='word_1_229' title='bbox 622 2694 844 2763; x_wconf 84' lang='grc' dir='ltr'>ἀγάπης</span> <span class='ocrx_word' id='word_1_230' title='bbox 868 2692 1190 2764; x_wconf 87' lang='grc' dir='ltr'>τεκμήριον.</span> <span class='ocrx_word' id='word_1_231' title='bbox 1217 2691 1353 2747; x_wconf 82' lang='grc' dir='ltr'>Οὐδὲ</span> <span class='ocrx_word' id='word_1_232' title='bbox 1379 2691 1489 2763; x_wconf 82' lang='grc' dir='ltr'>γάρ</span> <span class='ocrx_word' id='word_1_233' title='bbox 1517 2686 1838 2761; x_wconf 84' lang='grc' dir='ltr'>αίσχύνομαι</span> 
     </span>
    </p>
   </div>
   <div class='ocr_carea' id='block_1_26' title="bbox 156 2770 1837 2859">
    <p class='ocr_par' dir='ltr' id='par_1_26' title="bbox 156 2770 1837 2859">
     <span class='ocr_line' id='line_1_26' title="bbox 156 2770 1837 2859; baseline -0.004 -20"><span class='ocrx_word' id='word_1_234' title='bbox 156 2770 636 2859; x_wconf 84' lang='grc' dir='ltr'>πολυπραγμονῶν</span> <span class='ocrx_word' id='word_1_235' title='bbox 689 2780 885 2848; x_wconf 79' lang='grc' dir='ltr'>ταῦτα,</span> <span class='ocrx_word' id='word_1_236' title='bbox 936 2781 1123 2853; x_wconf 77' lang='grc' dir='ltr'>ἐπειδὴ</span> <span class='ocrx_word' id='word_1_237' title='bbox 1171 2782 1247 2852; x_wconf 81' lang='grc' dir='ltr'>μὴ</span> <span class='ocrx_word' id='word_1_238' title='bbox 1300 2779 1622 2852; x_wconf 86' lang='grc' dir='ltr'>περιεργίας</span> <span class='ocrx_word' id='word_1_239' title='bbox 1668 2780 1837 2845; x_wconf 78' lang='grc' dir='ltr'>ἐστὶν,</span> 
     </span>
    </p>
   </div>
   <div class='ocr_carea' id='block_1_27' title="bbox 157 2868 1840 2943">
    <p class='ocr_par' dir='ltr' id='par_1_27' title="bbox 157 2868 1840 2943">
     <span class='ocr_line' id='line_1_27' title="bbox 157 2868 1840 2943; baseline -0.002 -15"><span class='ocrx_word' id='word_1_240' title='bbox 157 2874 299 2928; x_wconf 88' lang='grc' dir='ltr'>ἀλλά</span> <span class='ocrx_word' id='word_1_241' title='bbox 327 2871 656 2942; x_wconf 76' lang='grc' dir='ltr'>κηδεμονίας</span> <span class='ocrx_word' id='word_1_242' title='bbox 684 2869 885 2943; x_wconf 82' lang='grc' dir='ltr'>αὖτηὴ</span> <span class='ocrx_word' id='word_1_243' title='bbox 923 2869 1433 2941; x_wconf 88' lang='grc' dir='ltr'>φιλοπραγμοσύνη.</span> <span class='ocrx_word' id='word_1_244' title='bbox 1478 2869 1543 2921; x_wconf 71' lang='lat' dir='ltr'>El</span> <span class='ocrx_word' id='word_1_245' title='bbox 1583 2868 1694 2940; x_wconf 83' lang='grc' dir='ltr'>γὰρ</span> <span class='ocrx_word' id='word_1_246' title='bbox 1738 2868 1840 2925; x_wconf 82' lang='grc' dir='ltr'>οὐκ</span> 
     </span>
    </p>
   </div>
   <div class='ocr_carea' id='block_1_28' title="bbox 157 2954 1836 3030">
    <p class='ocr_par' dir='ltr' id='par_1_28' title="bbox 157 2954 1836 3030">
     <span class='ocr_line' id='line_1_28' title="bbox 157 2954 1836 3030; baseline -0.003 -16"><span class='ocrx_word' id='word_1_247' title='bbox 157 2961 307 3016; x_wconf 78' lang='grc' dir='ltr'>ἐστιν</span> <span class='ocrx_word' id='word_1_248' title='bbox 333 2959 533 3023; x_wconf 86' lang='grc' dir='ltr'>δνειδος</span> <span class='ocrx_word' id='word_1_249' title='bbox 553 2957 631 3028; x_wconf 84' lang='grc' dir='ltr'>τῷ</span> <span class='ocrx_word' id='word_1_250' title='bbox 656 2955 826 3030; x_wconf 83' lang='grc' dir='ltr'>ἰατρῷ</span> <span class='ocrx_word' id='word_1_251' title='bbox 851 2955 1216 3012; x_wconf 88' lang='grc' dir='ltr'>πυνθάνεσθαι</span> <span class='ocrx_word' id='word_1_252' title='bbox 1244 2956 1371 3027; x_wconf 71' lang='grc' dir='ltr'>περὶ</span> <span class='ocrx_word' id='word_1_253' title='bbox 1394 2954 1490 3009; x_wconf 82' lang='grc' dir='ltr'>τοῦ</span> <span class='ocrx_word' id='word_1_254' title='bbox 1515 2955 1836 3026; x_wconf 83' lang='grc' dir='ltr'>κάμνοντος,</span> 
     </span>
    </p>
   </div>
   <div class='ocr_carea' id='block_1_29' title="bbox 153 3041 1837 3119">
    <p class='ocr_par' dir='ltr' id='par_1_29' title="bbox 153 3041 1837 3119">
     <span class='ocr_line' id='line_1_29' title="bbox 153 3041 1837 3119; baseline -0.004 -15"><span class='ocrx_word' id='word_1_255' title='bbox 153 3050 281 3104; x_wconf 78' lang='grc' dir='ltr'>οὑδέ</span> <span class='ocrx_word' id='word_1_256' title='bbox 308 3051 442 3118; x_wconf 87' lang='grc' dir='ltr'>ἡμῖν</span> <span class='ocrx_word' id='word_1_257' title='bbox 471 3046 724 3118; x_wconf 79' lang='grc' dir='ltr'>ἔγκλημα</span> <span class='ocrx_word' id='word_1_258' title='bbox 761 3045 890 3119; x_wconf 74' lang='grc' dir='ltr'>περὶ</span> <span class='ocrx_word' id='word_1_259' title='bbox 919 3047 1022 3117; x_wconf 77' lang='grc' dir='ltr'>τῆς</span> <span class='ocrx_word' id='word_1_260' title='bbox 1054 3045 1326 3116; x_wconf 78' lang='grc' dir='ltr'>ὑμετέρας</span> <span class='ocrx_word' id='word_1_261' title='bbox 1353 3041 1628 3111; x_wconf 78' lang='grc' dir='ltr'>ἐξετάζειν</span> <span class='ocrx_word' id='word_1_262' title='bbox 1661 3060 1837 3117; x_wconf 84' lang='grc' dir='ltr'>σωτη-</span> 
     </span>
    </p>
   </div>
   <div class='ocr_carea' id='block_1_30' title="bbox 155 3132 1834 3208">
    <p class='ocr_par' dir='ltr' id='par_1_30' title="bbox 155 3132 1834 3208">
     <span class='ocr_line' id='line_1_30' title="bbox 155 3132 1834 3208; baseline -0.004 -16"><span class='ocrx_word' id='word_1_263' title='bbox 155 3136 285 3206; x_wconf 91' lang='grc' dir='ltr'>ρίας</span> <span class='ocrx_word' id='word_1_264' title='bbox 313 3136 421 3190; x_wconf 87' lang='grc' dir='ltr'>ἀεί·</span> <span class='ocrx_word' id='word_1_265' title='bbox 456 3135 601 3191; x_wconf 81' lang='grc' dir='ltr'>οὕτω</span> <span class='ocrx_word' id='word_1_266' title='bbox 628 3135 737 3208; x_wconf 86' lang='grc' dir='ltr'>γάρ</span> <span class='ocrx_word' id='word_1_267' title='bbox 780 3133 1048 3206; x_wconf 84' lang='grc' dir='ltr'>μαθόντες</span> <span class='ocrx_word' id='word_1_268' title='bbox 1079 3132 1134 3188; x_wconf 89' lang='grc' dir='ltr'>τί</span> <span class='ocrx_word' id='word_1_269' title='bbox 1175 3133 1275 3205; x_wconf 81' lang='grc' dir='ltr'>μὲν</span> <span class='ocrx_word' id='word_1_270' title='bbox 1313 3133 1441 3204; x_wconf 86' lang='grc' dir='ltr'>ὑμῖν</span> <span class='ocrx_word' id='word_1_271' title='bbox 1478 3132 1834 3204; x_wconf 86' lang='grc' dir='ltr'>ἀπήρτισται,</span> 
     </span>
    </p>
   </div>
   <div class='ocr_carea' id='block_1_31' title="bbox 152 3218 1838 3296">
    <p class='ocr_par' dir='ltr' id='par_1_31' title="bbox 152 3218 1838 3296">
     <span class='ocr_line' id='line_1_31' title="bbox 152 3218 1838 3296; baseline -0.002 -16"><span class='ocrx_word' id='word_1_272' title='bbox 152 3225 209 3280; x_wconf 84' lang='grc' dir='ltr'>τί</span> <span class='ocrx_word' id='word_1_273' title='bbox 233 3223 292 3279; x_wconf 90' lang='grc' dir='ltr'>δέ</span> <span class='ocrx_word' id='word_1_274' title='bbox 322 3223 686 3286; x_wconf 82' lang='grc' dir='ltr'>ἐλλέλειπται,</span> <span class='ocrx_word' id='word_1_275' title='bbox 719 3221 855 3295; x_wconf 84' lang='grc' dir='ltr'>μετά</span> <span class='ocrx_word' id='word_1_276' title='bbox 884 3221 985 3293; x_wconf 86' lang='grc' dir='ltr'>τῆς</span> <span class='ocrx_word' id='word_1_277' title='bbox 1009 3218 1398 3296; x_wconf 83' lang='grc' dir='ltr'>προσηκούσης</span> <span class='ocrx_word' id='word_1_278' title='bbox 1427 3219 1739 3292; x_wconf 70' lang='grc' dir='ltr'>ἐπιστήμης</span> <span class='ocrx_word' id='word_1_279' title='bbox 1768 3220 1838 3277; x_wconf 83' lang='grc' dir='ltr'>τά</span> 
     </span>
    </p>
   </div>
   <div class='ocr_carea' id='block_1_32' title="bbox 151 3310 1000 3384">
    <p class='ocr_par' dir='ltr' id='par_1_32' title="bbox 151 3310 1000 3384">
     <span class='ocr_line' id='line_1_32' title="bbox 151 3310 1000 3384; baseline 0.002 -19"><span class='ocrx_word' id='word_1_280' title='bbox 151 3310 322 3366; x_wconf 83' lang='grc' dir='ltr'>λοιπά</span> <span class='ocrx_word' id='word_1_281' title='bbox 347 3311 682 3384; x_wconf 82' lang='grc' dir='ltr'>ἐπιθήσομεν</span> <span class='ocrx_word' id='word_1_282' title='bbox 712 3310 1000 3384; x_wconf 84' lang='grc' dir='ltr'>φάρμακα.</span> 
     </span>
    </p>
   </div>
   <div class='ocr_carea' id='block_1_33' title="bbox 231 3396 1834 3472">
    <p class='ocr_par' dir='ltr' id='par_1_33' title="bbox 231 3396 1834 3472">
     <span class='ocr_line' id='line_1_33' title="bbox 231 3396 1834 3472; baseline -0.001 -18"><span class='ocrx_word' id='word_1_283' title='bbox 231 3399 522 3472; x_wconf 82' lang='grc' dir='ltr'>Ἕγνωμεν</span> <span class='ocrx_word' id='word_1_284' title='bbox 549 3399 727 3456; x_wconf 79' lang='grc' dir='ltr'>τοίνυν</span> <span class='ocrx_word' id='word_1_285' title='bbox 756 3397 929 3453; x_wconf 80' lang='grc' dir='ltr'>ταῦτα</span> <span class='ocrx_word' id='word_1_286' title='bbox 962 3396 1483 3469; x_wconf 85' lang='grc' dir='ltr'>περιεργασάμενοι,</span> <span class='ocrx_word' id='word_1_287' title='bbox 1527 3396 1624 3451; x_wconf 75' lang='grc' dir='ltr'>καὶ</span> <span class='ocrx_word' id='word_1_288' title='bbox 1657 3396 1834 3469; x_wconf 85' lang='grc' dir='ltr'>ηὑχα-</span> 
     </span>
    </p>
   </div>
   <div class='ocr_carea' id='block_1_34' title="bbox 157 3484 1828 3561">
    <p class='ocr_par' dir='ltr' id='par_1_34' title="bbox 157 3484 1828 3561">
     <span class='ocr_line' id='line_1_34' title="bbox 157 3484 1828 3561; baseline -0.001 -21"><span class='ocrx_word' id='word_1_289' title='bbox 157 3487 497 3561; x_wconf 85' lang='grc' dir='ltr'>ριστήσαμεν</span> <span class='ocrx_word' id='word_1_290' title='bbox 532 3486 609 3558; x_wconf 82' lang='grc' dir='ltr'>τῷ</span> <span class='ocrx_word' id='word_1_291' title='bbox 650 3487 791 3558; x_wconf 84' lang='grc' dir='ltr'>Θεῷ,</span> <span class='ocrx_word' id='word_1_292' title='bbox 833 3487 917 3541; x_wconf 81' lang='grc' dir='ltr'>ὅτι</span> <span class='ocrx_word' id='word_1_293' title='bbox 951 3486 1054 3540; x_wconf 83' lang='grc' dir='ltr'>οὑκ</span> <span class='ocrx_word' id='word_1_294' title='bbox 1094 3487 1174 3550; x_wconf 87' lang='grc' dir='ltr'>είς</span> <span class='ocrx_word' id='word_1_295' title='bbox 1218 3485 1429 3556; x_wconf 82' lang='grc' dir='ltr'>πέτρας</span> <span class='ocrx_word' id='word_1_296' title='bbox 1473 3484 1828 3558; x_wconf 81' lang='grc' dir='ltr'>ἐσπείραμεν,</span> 
     </span>
    </p>
   </div>
   <div class='ocr_carea' id='block_1_35' title="bbox 153 3571 1829 3645">
    <p class='ocr_par' dir='ltr' id='par_1_35' title="bbox 153 3571 1829 3645">
     <span class='ocr_line' id='line_1_35' title="bbox 153 3571 1829 3645; baseline -0.001 -17"><span class='ocrx_word' id='word_1_297' title='bbox 153 3574 279 3629; x_wconf 76' lang='grc' dir='ltr'>οὐδὲ</span> <span class='ocrx_word' id='word_1_298' title='bbox 304 3575 383 3639; x_wconf 86' lang='grc' dir='ltr'>είς</span> <span class='ocrx_word' id='word_1_299' title='bbox 402 3574 644 3638; x_wconf 80' lang='grc' dir='ltr'>ἀκάνθας</span> <span class='ocrx_word' id='word_1_300' title='bbox 666 3572 1039 3645; x_wconf 78' lang='grc' dir='ltr'>κατεϐάλομεν</span> <span class='ocrx_word' id='word_1_301' title='bbox 1060 3572 1129 3627; x_wconf 89' lang='grc' dir='ltr'>τά</span> <span class='ocrx_word' id='word_1_302' title='bbox 1157 3571 1470 3643; x_wconf 79' lang='grc' dir='ltr'>σπέρματα,</span> <span class='ocrx_word' id='word_1_303' title='bbox 1488 3571 1608 3626; x_wconf 76' lang='grc' dir='ltr'>οὐδὲ</span> <span class='ocrx_word' id='word_1_304' title='bbox 1633 3571 1829 3627; x_wconf 78' lang='grc' dir='ltr'>πολλοῦ</span> 
     </span>
    </p>
   </div>
   <div class='ocr_carea' id='block_1_36' title="bbox 154 3657 1831 3733">
    <p class='ocr_par' dir='ltr' id='par_1_36' title="bbox 154 3657 1831 3733">
     <span class='ocr_line' id='line_1_36' title="bbox 154 3657 1831 3733; baseline -0.001 -17"><span class='ocrx_word' id='word_1_305' title='bbox 154 3662 349 3733; x_wconf 75' lang='grc' dir='ltr'>χρόνου</span> <span class='ocrx_word' id='word_1_306' title='bbox 374 3664 470 3717; x_wconf 69' lang='grc' dir='ltr'>καὶ</span> <span class='ocrx_word' id='word_1_307' title='bbox 494 3663 695 3733; x_wconf 78' lang='grc' dir='ltr'>πολλῆς</span> <span class='ocrx_word' id='word_1_308' title='bbox 723 3661 1022 3731; x_wconf 74' lang='grc' dir='ltr'>ἐδεήθημεν</span> <span class='ocrx_word' id='word_1_309' title='bbox 1043 3659 1330 3728; x_wconf 74' lang='grc' dir='ltr'>ἀναϐολῆς,</span> <span class='ocrx_word' id='word_1_310' title='bbox 1359 3657 1500 3712; x_wconf 81' lang='grc' dir='ltr'>ὥστε</span> <span class='ocrx_word' id='word_1_311' title='bbox 1526 3658 1740 3731; x_wconf 85' lang='grc' dir='ltr'>θερίσαι</span> <span class='ocrx_word' id='word_1_312' title='bbox 1760 3661 1831 3714; x_wconf 84' lang='grc' dir='ltr'>τά</span> 
     </span>
    </p>
   </div>
   <div class='ocr_carea' id='block_1_37' title="bbox 152 3745 1828 3821">
    <p class='ocr_par' dir='ltr' id='par_1_37' title="bbox 152 3745 1828 3821">
     <span class='ocr_line' id='line_1_37' title="bbox 152 3745 1828 3821; baseline 0.005 -18"><span class='ocrx_word' id='word_1_313' title='bbox 152 3750 302 3821; x_wconf 84' lang='grc' dir='ltr'>λὴῖα.</span> <span class='ocrx_word' id='word_1_314' title='bbox 329 3749 429 3804; x_wconf 85' lang='grc' dir='ltr'>Διά</span> <span class='ocrx_word' id='word_1_315' title='bbox 454 3748 623 3805; x_wconf 82' lang='grc' dir='ltr'>ταῦτα</span> <span class='ocrx_word' id='word_1_316' title='bbox 657 3750 802 3821; x_wconf 80' lang='grc' dir='ltr'>ὑμᾶς</span> <span class='ocrx_word' id='word_1_317' title='bbox 829 3748 922 3801; x_wconf 68' lang='grc' dir='ltr'>ἐπὶ</span> <span class='ocrx_word' id='word_1_318' title='bbox 950 3749 1048 3817; x_wconf 86' lang='grc' dir='ltr'>τῆς</span> <span class='ocrx_word' id='word_1_319' title='bbox 1074 3745 1301 3819; x_wconf 80' lang='grc' dir='ltr'>καρδίας</span> <span class='ocrx_word' id='word_1_320' title='bbox 1329 3745 1440 3816; x_wconf 74' lang='grc' dir='ltr'>ἔχω</span> <span class='ocrx_word' id='word_1_321' title='bbox 1466 3745 1706 3818; x_wconf 80' lang='grc' dir='ltr'>συνεχῶς</span> <span class='ocrx_word' id='word_1_322' title='bbox 1724 3747 1828 3818; x_wconf 78' lang='grc' dir='ltr'>τῆς</span> 
     </span>
    </p>
   </div>
   <div class='ocr_carea' id='block_1_38' title="bbox 155 3834 1829 3911">
    <p class='ocr_par' dir='ltr' id='par_1_38' title="bbox 155 3834 1829 3911">
     <span class='ocr_line' id='line_1_38' title="bbox 155 3834 1829 3911; baseline -0.002 -18"><span class='ocrx_word' id='word_1_323' title='bbox 155 3838 421 3911; x_wconf 76' lang='grc' dir='ltr'>ἐμαυτοῦ,</span> <span class='ocrx_word' id='word_1_324' title='bbox 452 3838 541 3893; x_wconf 87' lang='grc' dir='ltr'>διά</span> <span class='ocrx_word' id='word_1_325' title='bbox 571 3837 744 3892; x_wconf 80' lang='grc' dir='ltr'>ταῦτα</span> <span class='ocrx_word' id='word_1_326' title='bbox 772 3837 872 3891; x_wconf 74' lang='grc' dir='ltr'>οὐκ</span> <span class='ocrx_word' id='word_1_327' title='bbox 903 3835 1233 3905; x_wconf 80' lang='grc' dir='ltr'>αἰσθάνομαι</span> <span class='ocrx_word' id='word_1_328' title='bbox 1265 3834 1359 3889; x_wconf 78' lang='grc' dir='ltr'>τοῦ</span> <span class='ocrx_word' id='word_1_329' title='bbox 1403 3834 1570 3889; x_wconf 87' lang='grc' dir='ltr'>πόνου</span> <span class='ocrx_word' id='word_1_330' title='bbox 1609 3837 1711 3907; x_wconf 77' lang='grc' dir='ltr'>τῆς</span> <span class='ocrx_word' id='word_1_331' title='bbox 1749 3836 1829 3890; x_wconf 90' lang='grc' dir='ltr'>δι-</span> 
     </span>
    </p>
   </div>
   <div class='ocr_carea' id='block_1_39' title="bbox 156 3921 1825 3997">
    <p class='ocr_par' dir='ltr' id='par_1_39' title="bbox 156 3921 1825 3997">
     <span class='ocr_line' id='line_1_39' title="bbox 156 3921 1825 3997; baseline -0.002 -15"><span class='ocrx_word' id='word_1_332' title='bbox 156 3927 473 3992; x_wconf 82' lang='grc' dir='ltr'>δασκαλίας,</span> <span class='ocrx_word' id='word_1_333' title='bbox 532 3926 612 3997; x_wconf 81' lang='grc' dir='ltr'>τῷ</span> <span class='ocrx_word' id='word_1_334' title='bbox 655 3925 754 3993; x_wconf 88' lang='grc' dir='ltr'>τῆς</span> <span class='ocrx_word' id='word_1_335' title='bbox 805 3924 1124 3995; x_wconf 87' lang='grc' dir='ltr'>ἀκροάσεως</span> <span class='ocrx_word' id='word_1_336' title='bbox 1172 3921 1566 3993; x_wconf 78' lang='grc' dir='ltr'>κουφιζόμενος</span> <span class='ocrx_word' id='word_1_337' title='bbox 1622 3923 1825 3996; x_wconf 78' lang='grc' dir='ltr'>κέρδει.</span> 
     </span>
    </p>
   </div>
   <div class='ocr_carea' id='block_1_40' title="bbox 169 4004 1830 4086">
    <p class='ocr_par' dir='ltr' id='par_1_40' title="bbox 169 4004 1830 4086">
     <span class='ocr_line' id='line_1_40' title="bbox 169 4004 1830 4086; baseline -0.003 -16"><span class='ocrx_word' id='word_1_338' title='bbox 169 4015 378 4080; x_wconf 72' lang='grc' dir='ltr'>Ἱκανὸς</span> <span class='ocrx_word' id='word_1_339' title='bbox 401 4015 510 4086; x_wconf 77' lang='grc' dir='ltr'>γὰρ</span> <span class='ocrx_word' id='word_1_340' title='bbox 532 4015 679 4086; x_wconf 76' lang='grc' dir='ltr'>ἡμᾶς</span> <span class='ocrx_word' id='word_1_341' title='bbox 701 4004 857 4076; x_wconf 71' lang='grc' dir='ltr'>οὗτος</span> <span class='ocrx_word' id='word_1_342' title='bbox 878 4013 908 4065; x_wconf 91' lang='lat'>6</span> <span class='ocrx_word' id='word_1_343' title='bbox 936 4010 1127 4080; x_wconf 81' lang='grc' dir='ltr'>μισθὸς</span> <span class='ocrx_word' id='word_1_344' title='bbox 1150 4008 1559 4079; x_wconf 85' lang='grc' dir='ltr'>ἀνακτήσασθαι</span> <span class='ocrx_word' id='word_1_345' title='bbox 1580 4009 1677 4064; x_wconf 74' lang='grc' dir='ltr'>καὶ</span> <span class='ocrx_word' id='word_1_346' title='bbox 1701 4027 1830 4065; x_wconf 84' lang='grc' dir='ltr'>πτε-</span> 
     </span>
    </p>
   </div>
   <div class='ocr_carea' id='block_1_41' title="bbox 161 4095 1828 4173">
    <p class='ocr_par' dir='ltr' id='par_1_41' title="bbox 161 4095 1828 4173">
     <span class='ocr_line' id='line_1_41' title="bbox 161 4095 1828 4173; baseline -0.004 -17"><span class='ocrx_word' id='word_1_347' title='bbox 161 4102 337 4173; x_wconf 81' lang='grc' dir='ltr'>ρῶσαι</span> <span class='ocrx_word' id='word_1_348' title='bbox 367 4101 462 4155; x_wconf 83' lang='grc' dir='ltr'>καὶ</span> <span class='ocrx_word' id='word_1_349' title='bbox 498 4099 822 4172; x_wconf 76' lang='grc' dir='ltr'>μεταρσίους</span> <span class='ocrx_word' id='word_1_350' title='bbox 850 4098 1100 4168; x_wconf 81' lang='grc' dir='ltr'>ποιῆσαι,</span> <span class='ocrx_word' id='word_1_351' title='bbox 1136 4095 1231 4150; x_wconf 83' lang='grc' dir='ltr'>καὶ</span> <span class='ocrx_word' id='word_1_352' title='bbox 1263 4098 1450 4149; x_wconf 85' lang='grc' dir='ltr'>πεῖσαι</span> <span class='ocrx_word' id='word_1_353' title='bbox 1477 4095 1657 4151; x_wconf 88' lang='grc' dir='ltr'>πάντα</span> <span class='ocrx_word' id='word_1_354' title='bbox 1688 4098 1828 4171; x_wconf 84' lang='grc' dir='ltr'>ὑπὲρ</span> 
     </span>
    </p>
   </div>
   <div class='ocr_carea' id='block_1_42' title="bbox 158 4177 1831 4261">
    <p class='ocr_par' dir='ltr' id='par_1_42' title="bbox 158 4177 1831 4261">
     <span class='ocr_line' id='line_1_42' title="bbox 158 4177 1831 4261; baseline -0.004 -17"><span class='ocrx_word' id='word_1_355' title='bbox 158 4189 316 4261; x_wconf 83' lang='grc' dir='ltr'>ὑμῶν</span> <span class='ocrx_word' id='word_1_356' title='bbox 344 4188 635 4259; x_wconf 86' lang='grc' dir='ltr'>ὑπομένειν</span> <span class='ocrx_word' id='word_1_357' title='bbox 663 4187 845 4241; x_wconf 90' lang='grc' dir='ltr'>πόνον.</span> <span class='ocrx_word' id='word_1_358' title='bbox 889 4184 1044 4238; x_wconf 68' lang='grc' dir='ltr'>Ἐπεὶ</span> <span class='ocrx_word' id='word_1_359' title='bbox 1080 4177 1174 4239; x_wconf 83' lang='grc' dir='ltr'>οὗν</span> <span class='ocrx_word' id='word_1_360' title='bbox 1204 4180 1407 4252; x_wconf 79' lang='grc' dir='ltr'>πολλὴν</span> <span class='ocrx_word' id='word_1_361' title='bbox 1430 4180 1529 4253; x_wconf 83' lang='grc' dir='ltr'>τὴν</span> <span class='ocrx_word' id='word_1_362' title='bbox 1558 4181 1831 4254; x_wconf 88' lang='grc' dir='ltr'>εὐγνωμο-</span> 
     </span>
    </p>
   </div>
   <div class='ocr_carea' id='block_1_43' title="bbox 158 4268 1831 4348">
    <p class='ocr_par' dir='ltr' id='par_1_43' title="bbox 158 4268 1831 4348">
     <span class='ocr_line' id='line_1_43' title="bbox 158 4268 1831 4348; baseline -0.005 -18"><span class='ocrx_word' id='word_1_363' title='bbox 158 4277 327 4347; x_wconf 79' lang='grc' dir='ltr'>σύνην</span> <span class='ocrx_word' id='word_1_364' title='bbox 356 4276 514 4348; x_wconf 80' lang='grc' dir='ltr'>ὑμεῖς</span> <span class='ocrx_word' id='word_1_365' title='bbox 536 4271 902 4339; x_wconf 78' lang='grc' dir='ltr'>ἐπεδείξασθε,</span> <span class='ocrx_word' id='word_1_366' title='bbox 929 4270 1062 4343; x_wconf 85' lang='grc' dir='ltr'>φέρε</span> <span class='ocrx_word' id='word_1_367' title='bbox 1086 4270 1150 4341; x_wconf 87' lang='grc' dir='ltr'>δὴ</span> <span class='ocrx_word' id='word_1_368' title='bbox 1178 4271 1273 4324; x_wconf 77' lang='grc' dir='ltr'>καὶ</span> <span class='ocrx_word' id='word_1_369' title='bbox 1291 4271 1454 4341; x_wconf 82' lang='grc' dir='ltr'>ἡμεῖς</span> <span class='ocrx_word' id='word_1_370' title='bbox 1477 4268 1539 4322; x_wconf 81' lang='lat'><strong>16</strong></span> <span class='ocrx_word' id='word_1_371' title='bbox 1553 4269 1715 4341; x_wconf 81' lang='grc' dir='ltr'>χρέος</span> <span class='ocrx_word' id='word_1_372' title='bbox 1735 4289 1831 4326; x_wconf 78' lang='grc' dir='ltr'>κα-</span> 
     </span>
    </p>
   </div>
   <div class='ocr_carea' id='block_1_44' title="bbox 158 4353 1829 4435">
    <p class='ocr_par' dir='ltr' id='par_1_44' title="bbox 158 4353 1829 4435">
     <span class='ocr_line' id='line_1_44' title="bbox 158 4353 1829 4435; baseline -0.004 -17"><span class='ocrx_word' id='word_1_373' title='bbox 158 4365 480 4435; x_wconf 75' lang='grc' dir='ltr'>ταῦάλωμεν</span> <span class='ocrx_word' id='word_1_374' title='bbox 494 4362 553 4415; x_wconf 85' lang='lat'><strong>16</strong></span> <span class='ocrx_word' id='word_1_375' title='bbox 568 4360 774 4420; x_wconf 71' lang='grc' dir='ltr'>λοιπὸν,</span> <span class='ocrx_word' id='word_1_376' title='bbox 801 4361 938 4429; x_wconf 84' lang='grc' dir='ltr'>ὅπερ</span> <span class='ocrx_word' id='word_1_377' title='bbox 959 4356 1312 4428; x_wconf 82' lang='grc' dir='ltr'>ὑπεσχόμεθα</span> <span class='ocrx_word' id='word_1_378' title='bbox 1332 4353 1544 4426; x_wconf 84' lang='grc' dir='ltr'>πρώην·</span> <span class='ocrx_word' id='word_1_379' title='bbox 1565 4356 1741 4410; x_wconf 88' lang='grc' dir='ltr'>καίτοι</span> <span class='ocrx_word' id='word_1_380' title='bbox 1764 4375 1829 4427; x_wconf 90' lang='grc' dir='ltr'>γε</span> 
     </span>
    </p>
   </div>
   <div class='ocr_carea' id='block_1_45' title="bbox 156 4441 1826 4523">
    <p class='ocr_par' dir='ltr' id='par_1_45' title="bbox 156 4441 1826 4523">
     <span class='ocr_line' id='line_1_45' title="bbox 156 4441 1826 4523; baseline -0.004 -18"><span class='ocrx_word' id='word_1_381' title='bbox 156 4452 252 4523; x_wconf 83' lang='grc' dir='ltr'>οὐχ</span> <span class='ocrx_word' id='word_1_382' title='bbox 276 4451 390 4521; x_wconf 80' lang='grc' dir='ltr'>δρῶ</span> <span class='ocrx_word' id='word_1_383' title='bbox 423 4450 696 4522; x_wconf 87' lang='grc' dir='ltr'>παρόντας</span> <span class='ocrx_word' id='word_1_384' title='bbox 727 4448 975 4510; x_wconf 70' lang='grc' dir='ltr'>ἅπαντας</span> <span class='ocrx_word' id='word_1_385' title='bbox 997 4446 1123 4508; x_wconf 81' lang='grc' dir='ltr'>τοὺς</span> <span class='ocrx_word' id='word_1_386' title='bbox 1147 4444 1308 4513; x_wconf 84' lang='grc' dir='ltr'>ἡνίκα</span> <span class='ocrx_word' id='word_1_387' title='bbox 1329 4441 1355 4480; x_wconf 70' lang='grc' dir='ltr'><em>δ</em></span> <span class='ocrx_word' id='word_1_388' title='bbox 1396 4443 1701 4515; x_wconf 78' lang='grc' dir='ltr'>ἐποιούμην</span> <span class='ocrx_word' id='word_1_389' title='bbox 1724 4445 1826 4517; x_wconf 82' lang='grc' dir='ltr'>τὴν</span> 
     </span>
    </p>
   </div>
   <div class='ocr_carea' id='block_1_46' title="bbox 158 4529 1829 4610">
    <p class='ocr_par' dir='ltr' id='par_1_46' title="bbox 158 4529 1829 4610">
     <span class='ocr_line' id='line_1_46' title="bbox 158 4529 1829 4610; baseline -0.005 -15"><span class='ocrx_word' id='word_1_390' title='bbox 158 4541 452 4610; x_wconf 77' lang='grc' dir='ltr'>ὑπόσχεσιν</span> <span class='ocrx_word' id='word_1_391' title='bbox 481 4535 957 4608; x_wconf 85' lang='grc' dir='ltr'>παραγενομένους</span> <span class='ocrx_word' id='word_1_392' title='bbox 990 4531 1246 4586; x_wconf 83' lang='grc' dir='ltr'>ἐνταῦθα.</span> <span class='ocrx_word' id='word_1_393' title='bbox 1273 4530 1338 4583; x_wconf 88' lang='grc' dir='ltr'>Τί</span> <span class='ocrx_word' id='word_1_394' title='bbox 1364 4547 1495 4584; x_wconf 87' lang='grc' dir='ltr'>ποτε</span> <span class='ocrx_word' id='word_1_395' title='bbox 1519 4529 1627 4601; x_wconf 87' lang='grc' dir='ltr'>άρα</span> <span class='ocrx_word' id='word_1_396' title='bbox 1654 4530 1716 4585; x_wconf 85' lang='grc' dir='ltr'>τὺ</span> <span class='ocrx_word' id='word_1_397' title='bbox 1745 4533 1829 4587; x_wconf 85' lang='grc' dir='ltr'>αῖ-</span> 
     </span>
    </p>
   </div>
   <div class='ocr_carea' id='block_1_47' title="bbox 153 4616 1828 4694">
    <p class='ocr_par' dir='ltr' id='par_1_47' title="bbox 153 4616 1828 4694">
     <span class='ocr_line' id='line_1_47' title="bbox 153 4616 1828 4694; baseline -0.005 -13"><span class='ocrx_word' id='word_1_398' title='bbox 153 4642 302 4692; x_wconf 84' lang='grc' dir='ltr'>τιον;</span> <span class='ocrx_word' id='word_1_399' title='bbox 336 4626 390 4679; x_wconf 89' lang='grc' dir='ltr'>τί</span> <span class='ocrx_word' id='word_1_400' title='bbox 411 4625 509 4694; x_wconf 85' lang='grc' dir='ltr'>τῆς</span> <span class='ocrx_word' id='word_1_401' title='bbox 531 4625 806 4694; x_wconf 85' lang='grc' dir='ltr'>ἡμετέρας</span> <span class='ocrx_word' id='word_1_402' title='bbox 833 4619 1116 4693; x_wconf 80' lang='grc' dir='ltr'>τραπέζης</span> <span class='ocrx_word' id='word_1_403' title='bbox 1136 4619 1333 4681; x_wconf 79' lang='grc' dir='ltr'>αὐτοὺς</span> <span class='ocrx_word' id='word_1_404' title='bbox 1355 4616 1730 4688; x_wconf 77' lang='grc' dir='ltr'>ἀπεσόϐησενς</span> <span class='ocrx_word' id='word_1_405' title='bbox 1767 4619 1828 4676; x_wconf 88' lang='grc' dir='ltr'><strong>Ὀ</strong></span> 
     </span>
    </p>
   </div>
   <div class='ocr_carea' id='block_1_48' title="bbox 153 4704 1826 4784">
    <p class='ocr_par' dir='ltr' id='par_1_48' title="bbox 153 4704 1826 4784">
     <span class='ocr_line' id='line_1_48' title="bbox 153 4704 1826 4784; baseline -0.005 -15"><span class='ocrx_word' id='word_1_406' title='bbox 153 4714 455 4784; x_wconf 75' lang='grc' dir='ltr'>τραπέζης,</span> <span class='ocrx_word' id='word_1_407' title='bbox 488 4714 563 4778; x_wconf 82' lang='grc' dir='ltr'>ὥς</span> <span class='ocrx_word' id='word_1_408' title='bbox 595 4712 762 4776; x_wconf 75' lang='grc' dir='ltr'>ἔοικε,</span> <span class='ocrx_word' id='word_1_409' title='bbox 799 4708 1085 4782; x_wconf 86' lang='grc' dir='ltr'>μετασχὼν</span> <span class='ocrx_word' id='word_1_410' title='bbox 1116 4706 1402 4775; x_wconf 78' lang='grc' dir='ltr'>αἰσθητῆς,</span> <span class='ocrx_word' id='word_1_411' title='bbox 1447 4704 1700 4776; x_wconf 84' lang='grc' dir='ltr'>ἐνόμισεν</span> <span class='ocrx_word' id='word_1_412' title='bbox 1732 4707 1826 4761; x_wconf 70' lang='grc' dir='ltr'>ἀνα</span> 
     </span>
    </p>
   </div>
   <div class='ocr_carea' id='block_1_49' title="bbox 156 4791 1828 4870">
    <p class='ocr_par' dir='ltr' id='par_1_49' title="bbox 156 4791 1828 4870">
     <span class='ocr_line' id='line_1_49' title="bbox 156 4791 1828 4870; baseline -0.007 -12"><span class='ocrx_word' id='word_1_413' title='bbox 156 4797 306 4868; x_wconf 74' lang='grc' dir='ltr'>ἀξιον</span> <span class='ocrx_word' id='word_1_414' title='bbox 348 4797 486 4854; x_wconf 79' lang='grc' dir='ltr'>εἶναι</span> <span class='ocrx_word' id='word_1_415' title='bbox 531 4798 669 4870; x_wconf 85' lang='grc' dir='ltr'>μετά</span> <span class='ocrx_word' id='word_1_416' title='bbox 709 4796 915 4869; x_wconf 85' lang='grc' dir='ltr'>τροφὴν</span> <span class='ocrx_word' id='word_1_417' title='bbox 961 4794 1226 4866; x_wconf 79' lang='grc' dir='ltr'>αἰσθητήν</span> <span class='ocrx_word' id='word_1_418' title='bbox 1271 4794 1365 4847; x_wconf 76' lang='grc' dir='ltr'>ἐπὶ</span> <span class='ocrx_word' id='word_1_419' title='bbox 1421 4792 1580 4845; x_wconf 85' lang='grc' dir='ltr'>θείων</span> <span class='ocrx_word' id='word_1_420' title='bbox 1631 4791 1828 4862; x_wconf 87' lang='grc' dir='ltr'>λογίων</span> 
     </span>
    </p>
   </div>
   <div class='ocr_carea' id='block_1_50' title="bbox 154 4878 1826 4960">
    <p class='ocr_par' dir='ltr' id='par_1_50' title="bbox 154 4878 1826 4960">
     <span class='ocr_line' id='line_1_50' title="bbox 154 4878 1826 4960; baseline -0.006 -15"><span class='ocrx_word' id='word_1_421' title='bbox 154 4889 424 4960; x_wconf 85' lang='grc' dir='ltr'>ἀκρόασιν</span> <span class='ocrx_word' id='word_1_422' title='bbox 454 4886 648 4940; x_wconf 86' lang='grc' dir='ltr'>ἐλθεῖν·</span> <span class='ocrx_word' id='word_1_423' title='bbox 687 4885 800 4938; x_wconf 83' lang='grc' dir='ltr'>ἀλλ’</span> <span class='ocrx_word' id='word_1_424' title='bbox 823 4884 884 4938; x_wconf 86' lang='grc' dir='ltr'>ού</span> <span class='ocrx_word' id='word_1_425' title='bbox 907 4883 1134 4945; x_wconf 85' lang='grc' dir='ltr'>δικαίως</span> <span class='ocrx_word' id='word_1_426' title='bbox 1159 4878 1320 4935; x_wconf 80' lang='grc' dir='ltr'>τοῦτο</span> <span class='ocrx_word' id='word_1_427' title='bbox 1340 4878 1673 4951; x_wconf 78' lang='grc' dir='ltr'>νομίζουσιν·</span> <span class='ocrx_word' id='word_1_428' title='bbox 1704 4880 1826 4935; x_wconf 85' lang='grc' dir='ltr'>ούδέ</span> 
     </span>
    </p>
   </div>
   <div class='ocr_carea' id='block_1_51' title="bbox 152 4966 1827 5049">
    <p class='ocr_par' dir='ltr' id='par_1_51' title="bbox 152 4966 1827 5049">
     <span class='ocr_line' id='line_1_51' title="bbox 152 4966 1827 5049; baseline -0.008 -17"><span class='ocrx_word' id='word_1_429' title='bbox 152 4975 267 5049; x_wconf 79' lang='grc' dir='ltr'>γάρ</span> <span class='ocrx_word' id='word_1_430' title='bbox 302 4975 390 5042; x_wconf 81' lang='grc' dir='ltr'>ἀν,</span> <span class='ocrx_word' id='word_1_431' title='bbox 418 4975 467 5028; x_wconf 81' lang='grc' dir='ltr'>εἰ</span> <span class='ocrx_word' id='word_1_432' title='bbox 495 4972 653 5027; x_wconf 79' lang='grc' dir='ltr'>τοῦτο</span> <span class='ocrx_word' id='word_1_433' title='bbox 679 4968 747 5044; x_wconf 78' lang='grc' dir='ltr'>ῆν</span> <span class='ocrx_word' id='word_1_434' title='bbox 774 4972 995 5038; x_wconf 80' lang='grc' dir='ltr'>ἄτοπον,</span> <span class='ocrx_word' id='word_1_435' title='bbox 1024 4970 1152 5033; x_wconf 77' lang='grc' dir='ltr'>τοὺς</span> <span class='ocrx_word' id='word_1_436' title='bbox 1182 4968 1427 5039; x_wconf 76' lang='grc' dir='ltr'>μακροὺς</span> <span class='ocrx_word' id='word_1_437' title='bbox 1464 4966 1559 5021; x_wconf 74' lang='grc' dir='ltr'>καὶ</span> <span class='ocrx_word' id='word_1_438' title='bbox 1599 4966 1827 5031; x_wconf 74' lang='grc' dir='ltr'>πολλοὺς</span> 
     </span>
    </p>
   </div>
   <div class='ocr_carea' id='block_1_52' title="bbox 158 5055 1826 5135">
    <p class='ocr_par' dir='ltr' id='par_1_52' title="bbox 158 5055 1826 5135">
     <span class='ocr_line' id='line_1_52' title="bbox 158 5055 1826 5135; baseline -0.006 -16"><span class='ocrx_word' id='word_1_439' title='bbox 158 5061 434 5135; x_wconf 85' lang='grc' dir='ltr'>ἀνήλωσεν</span> <span class='ocrx_word' id='word_1_440' title='bbox 473 5062 502 5115; x_wconf 92' lang='lat'>6</span> <span class='ocrx_word' id='word_1_441' title='bbox 538 5059 773 5131; x_wconf 79' lang='grc' dir='ltr'>Χριστὸς</span> <span class='ocrx_word' id='word_1_442' title='bbox 813 5058 1007 5126; x_wconf 86' lang='grc' dir='ltr'>λόγους</span> <span class='ocrx_word' id='word_1_443' title='bbox 1037 5055 1175 5127; x_wconf 86' lang='grc' dir='ltr'>μετά</span> <span class='ocrx_word' id='word_1_444' title='bbox 1208 5055 1270 5108; x_wconf 86' lang='lat'><strong>16</strong></span> <span class='ocrx_word' id='word_1_445' title='bbox 1308 5056 1522 5109; x_wconf 88' lang='grc' dir='ltr'>δεῖπνον</span> <span class='ocrx_word' id='word_1_446' title='bbox 1557 5056 1734 5109; x_wconf 85' lang='grc' dir='ltr'>ἐκεῖνο</span> <span class='ocrx_word' id='word_1_447' title='bbox 1765 5055 1826 5109; x_wconf 87' lang='lat'><strong>16</strong></span> 
     </span>
    </p>
   </div>
   <div class='ocr_carea' id='block_1_53' title="bbox 156 5139 1827 5221">
    <p class='ocr_par' dir='ltr' id='par_1_53' title="bbox 156 5139 1827 5221">
     <span class='ocr_line' id='line_1_53' title="bbox 156 5139 1827 5221; baseline -0.007 -14"><span class='ocrx_word' id='word_1_448' title='bbox 156 5150 441 5221; x_wconf 82' lang='grc' dir='ltr'>μυστικόν·</span> <span class='ocrx_word' id='word_1_449' title='bbox 469 5147 569 5202; x_wconf 84' lang='grc' dir='ltr'>οὐκ</span> <span class='ocrx_word' id='word_1_450' title='bbox 593 5148 679 5210; x_wconf 83' lang='grc' dir='ltr'>ἂν,</span> <span class='ocrx_word' id='word_1_451' title='bbox 710 5148 759 5200; x_wconf 86' lang='grc' dir='ltr'>εἰ</span> <span class='ocrx_word' id='word_1_452' title='bbox 787 5145 947 5200; x_wconf 77' lang='grc' dir='ltr'>τοῦτο</span> <span class='ocrx_word' id='word_1_453' title='bbox 973 5144 1220 5217; x_wconf 82' lang='grc' dir='ltr'>ἀπρεπὲς</span> <span class='ocrx_word' id='word_1_454' title='bbox 1243 5139 1331 5214; x_wconf 80' lang='grc' dir='ltr'>ἦν,</span> <span class='ocrx_word' id='word_1_455' title='bbox 1356 5144 1611 5206; x_wconf 87' lang='grc' dir='ltr'>ἐστιάσας</span> <span class='ocrx_word' id='word_1_456' title='bbox 1628 5142 1827 5196; x_wconf 86' lang='grc' dir='ltr'>πολλά-</span> 
     </span>
    </p>
   </div>
   <div class='ocr_carea' id='block_1_54' title="bbox 158 5231 1823 5307">
    <p class='ocr_par' dir='ltr' id='par_1_54' title="bbox 158 5231 1823 5307">
     <span class='ocr_line' id='line_1_54' title="bbox 158 5231 1823 5307; baseline -0.01 -13"><span class='ocrx_word' id='word_1_457' title='bbox 158 5253 245 5302; x_wconf 79' lang='grc' dir='ltr'>κις</span> <span class='ocrx_word' id='word_1_458' title='bbox 268 5237 332 5291; x_wconf 89' lang='lat'><strong>16</strong></span> <span class='ocrx_word' id='word_1_459' title='bbox 365 5237 569 5307; x_wconf 80' lang='grc' dir='ltr'>πλῆθος</span> <span class='ocrx_word' id='word_1_460' title='bbox 602 5235 695 5289; x_wconf 66' lang='grc' dir='ltr'>ἐπὶ</span> <span class='ocrx_word' id='word_1_461' title='bbox 726 5235 824 5305; x_wconf 86' lang='grc' dir='ltr'>τῆς</span> <span class='ocrx_word' id='word_1_462' title='bbox 847 5235 1075 5305; x_wconf 84' lang='grc' dir='ltr'>ἐρήμου,</span> <span class='ocrx_word' id='word_1_463' title='bbox 1113 5232 1207 5285; x_wconf 73' lang='grc' dir='ltr'>καὶ</span> <span class='ocrx_word' id='word_1_464' title='bbox 1252 5231 1428 5299; x_wconf 87' lang='grc' dir='ltr'>λόγων</span> <span class='ocrx_word' id='word_1_465' title='bbox 1464 5231 1647 5294; x_wconf 80' lang='grc' dir='ltr'>αὐτοῖς</span> <span class='ocrx_word' id='word_1_466' title='bbox 1695 5247 1823 5300; x_wconf 88' lang='grc' dir='ltr'>μετ.</span> 
     </span>
    </p>
   </div>
   <div class='ocr_carea' id='block_1_55' title="bbox 154 5316 1824 5396">
    <p class='ocr_par' dir='ltr' id='par_1_55' title="bbox 154 5316 1824 5396">
     <span class='ocr_line' id='line_1_55' title="bbox 154 5316 1824 5396; baseline -0.005 -16"><span class='ocrx_word' id='word_1_467' title='bbox 154 5324 361 5381; x_wconf 69' lang='grc' dir='ltr'>ἔδωκεν</span> <span class='ocrx_word' id='word_1_468' title='bbox 387 5325 454 5379; x_wconf 83' lang='grc' dir='ltr'>ἂν</span> <span class='ocrx_word' id='word_1_469' title='bbox 484 5323 623 5396; x_wconf 87' lang='grc' dir='ltr'>μετά</span> <span class='ocrx_word' id='word_1_470' title='bbox 657 5323 756 5395; x_wconf 82' lang='grc' dir='ltr'>τὴν</span> <span class='ocrx_word' id='word_1_471' title='bbox 790 5321 1089 5391; x_wconf 78' lang='grc' dir='ltr'>τράπεζαν.</span> <span class='ocrx_word' id='word_1_472' title='bbox 1122 5321 1185 5373; x_wconf 83' lang='grc' dir='ltr'><strong>Εἰ</strong></span> <span class='ocrx_word' id='word_1_473' title='bbox 1216 5319 1325 5391; x_wconf 84' lang='grc' dir='ltr'>γὰρ</span> <span class='ocrx_word' id='word_1_474' title='bbox 1347 5318 1451 5389; x_wconf 91' lang='grc' dir='ltr'>χρή</span> <span class='ocrx_word' id='word_1_475' title='bbox 1477 5335 1530 5372; x_wconf 88' lang='grc' dir='ltr'>τι</span> <span class='ocrx_word' id='word_1_476' title='bbox 1563 5317 1657 5371; x_wconf 72' lang='grc' dir='ltr'>καὶ</span> <span class='ocrx_word' id='word_1_477' title='bbox 1690 5316 1824 5396; x_wconf 69' lang='grc' dir='ltr'>θαυι</span> 
     </span>
    </p>
   </div>
   <div class='ocr_carea' id='block_1_56' title="bbox 156 5394 1829 5484">
    <p class='ocr_par' dir='ltr' id='par_1_56' title="bbox 156 5394 1829 5484">
     <span class='ocr_line' id='line_1_56' title="bbox 156 5394 1829 5484; baseline -0.005 -17"><span class='ocrx_word' id='word_1_478' title='bbox 156 5413 362 5484; x_wconf 78' lang='grc' dir='ltr'>μαστὸν</span> <span class='ocrx_word' id='word_1_479' title='bbox 390 5394 587 5477; x_wconf 80' lang='grc' dir='ltr'>εἰπεῖν,</span> <span class='ocrx_word' id='word_1_480' title='bbox 620 5394 743 5465; x_wconf 80' lang='grc' dir='ltr'>τότε</span> <span class='ocrx_word' id='word_1_481' title='bbox 776 5409 875 5480; x_wconf 79' lang='grc' dir='ltr'>μὲν</span> <span class='ocrx_word' id='word_1_482' title='bbox 909 5404 1001 5463; x_wconf 75' lang='grc' dir='ltr'>οὖν</span> <span class='ocrx_word' id='word_1_483' title='bbox 1034 5405 1430 5480; x_wconf 84' lang='grc' dir='ltr'>χρησιμωτάτη</span> <span class='ocrx_word' id='word_1_484' title='bbox 1461 5406 1495 5474; x_wconf 89' lang='grc' dir='ltr'>ἡ</span> <span class='ocrx_word' id='word_1_485' title='bbox 1522 5403 1631 5457; x_wconf 85' lang='grc' dir='ltr'>τῶν</span> <span class='ocrx_word' id='word_1_486' title='bbox 1667 5394 1829 5458; x_wconf 83' lang='grc' dir='ltr'>θείων</span> 
     </span>
    </p>
   </div>
   <div class='ocr_carea' id='block_1_57' title="bbox 153 5488 1824 5570">
    <p class='ocr_par' dir='ltr' id='par_1_57' title="bbox 153 5488 1824 5570">
     <span class='ocr_line' id='line_1_57' title="bbox 153 5488 1824 5570; baseline -0.007 -16"><span class='ocrx_word' id='word_1_487' title='bbox 153 5499 348 5570; x_wconf 79' lang='grc' dir='ltr'>λογίων</span> <span class='ocrx_word' id='word_1_488' title='bbox 384 5498 667 5570; x_wconf 86' lang='grc' dir='ltr'>ἀκρόασις.</span> <span class='ocrx_word' id='word_1_489' title='bbox 720 5498 889 5551; x_wconf 90' lang='grc' dir='ltr'>Ὅταν</span> <span class='ocrx_word' id='word_1_490' title='bbox 931 5495 1042 5567; x_wconf 83' lang='grc' dir='ltr'>γάρ</span> <span class='ocrx_word' id='word_1_491' title='bbox 1073 5488 1140 5569; x_wconf 80' lang='grc' dir='ltr'>ᾖς</span> <span class='ocrx_word' id='word_1_492' title='bbox 1174 5493 1370 5547; x_wconf 84' lang='grc' dir='ltr'>σαυτδν</span> <span class='ocrx_word' id='word_1_493' title='bbox 1404 5489 1703 5554; x_wconf 86' lang='grc' dir='ltr'>πεπεικὼς,</span> <span class='ocrx_word' id='word_1_494' title='bbox 1740 5491 1824 5543; x_wconf 88' lang='grc' dir='ltr'>δτι</span> 
     </span>
    </p>
   </div>
   <div class='ocr_carea' id='block_1_58' title="bbox 210 5593 1824 5659">
    <p class='ocr_par' dir='ltr' id='par_1_58' title="bbox 210 5593 1824 5659">
     <span class='ocr_line' id='line_1_58' title="bbox 210 5593 1824 5659; baseline -0.006 -6"><span class='ocrx_word' id='word_1_495' title='bbox 210 5605 240 5637; x_wconf 81' lang='grc'><strong><em>⁸</em></strong></span> <span class='ocrx_word' id='word_1_496' title='bbox 264 5605 369 5653; x_wconf 74' lang='lat' dir='ltr'>Non</span> <span class='ocrx_word' id='word_1_497' title='bbox 393 5618 542 5654; x_wconf 82' lang='lat' dir='ltr'>sanus</span> <span class='ocrx_word' id='word_1_498' title='bbox 573 5604 768 5651; x_wconf 72' lang='lat' dir='ltr'>videtur</span> <span class='ocrx_word' id='word_1_499' title='bbox 801 5603 957 5658; x_wconf 79' lang='lat' dir='ltr'>Incus,</span> <span class='ocrx_word' id='word_1_500' title='bbox 980 5612 1129 5659; x_wconf 83' lang='lat' dir='ltr'>quem</span> <span class='ocrx_word' id='word_1_501' title='bbox 1163 5596 1236 5647; x_wconf 72' lang='lat' dir='ltr'>sic</span> <span class='ocrx_word' id='word_1_502' title='bbox 1273 5595 1410 5646; x_wconf 81' lang='lat' dir='ltr'>reﬁci</span> <span class='ocrx_word' id='word_1_503' title='bbox 1433 5596 1583 5659; x_wconf 68' lang='lat' dir='ltr'>velim</span> <span class='ocrx_word' id='word_1_504' title='bbox 1609 5593 1740 5659; x_wconf 55' lang='lat'>{110;</span> <span class='ocrx_word' id='word_1_505' title='bbox 1771 5593 1824 5644; x_wconf 77' lang='grc' dir='ltr'>δὶ</span> 
     </span>
    </p>
   </div>
   <div class='ocr_carea' id='block_1_59' title="bbox 153 5656 1821 5746">
    <p class='ocr_par' dir='ltr' id='par_1_59' title="bbox 153 5656 1821 5746">
     <span class='ocr_line' id='line_1_59' title="bbox 153 5656 1821 5746; baseline -0.007 -31"><span class='ocrx_word' id='word_1_506' title='bbox 153 5669 231 5746; x_wconf 46' lang='grc' dir='ltr'>καὶ</span> <span class='ocrx_word' id='word_1_507' title='bbox 247 5668 323 5746; x_wconf 66' lang='grc' dir='ltr'>ἀεὶ</span> <span class='ocrx_word' id='word_1_508' title='bbox 347 5664 561 5746; x_wconf 54' lang='lat' dir='ltr'>(sgilicet</span> <span class='ocrx_word' id='word_1_509' title='bbox 579 5664 689 5728; x_wconf 79' lang='grc' dir='ltr'>ὑμῖν</span> <span class='ocrx_word' id='word_1_510' title='bbox 713 5656 1139 5727; x_wconf 33' lang='grc' dir='ltr'>λέγοιμι),“μέίλλον</span> <span class='ocrx_word' id='word_1_511' title='bbox 1161 5660 1310 5710; x_wconf 82' lang='grc' dir='ltr'>δὲκαὶ</span> <span class='ocrx_word' id='word_1_512' title='bbox 1331 5658 1405 5709; x_wconf 78' lang='grc' dir='ltr'>ἀεὶ</span> <span class='ocrx_word' id='word_1_513' title='bbox 1427 5657 1524 5722; x_wconf 85' lang='grc' dir='ltr'>μεθ’</span> <span class='ocrx_word' id='word_1_514' title='bbox 1542 5656 1675 5719; x_wconf 78' lang='grc' dir='ltr'>ὑμῶν</span> <span class='ocrx_word' id='word_1_515' title='bbox 1701 5656 1821 5719; x_wconf 76' lang='grc' dir='ltr'>εῖην,</span> 
     </span>
    </p>
   </div>
   <div class='ocr_carea' id='block_1_60' title="bbox 155 5727 1188 5850">
    <p class='ocr_par' dir='ltr' id='par_1_60' title="bbox 155 5727 1188 5850">
     <span class='ocr_line' id='line_1_60' title="bbox 155 5727 621 5779; baseline -0.004 0"><span class='ocrx_word' id='word_1_516' title='bbox 155 5730 190 5779; x_wconf 66' lang='lat' dir='ltr'>ut</span> <span class='ocrx_word' id='word_1_517' title='bbox 212 5728 352 5777; x_wconf 86' lang='grc' dir='ltr'>καί...</span> <span class='ocrx_word' id='word_1_518' title='bbox 386 5727 515 5777; x_wconf 77' lang='grc' dir='ltr'>Ευιτ.</span> <span class='ocrx_word' id='word_1_519' title='bbox 617 5727 621 5728; x_wconf 21' lang='grc' dir='ltr'><em>ν</em></span> 
     </span>
     <span class='ocr_line' id='line_1_61' title="bbox 211 5784 1188 5850; baseline -0.006 -13"><span class='ocrx_word' id='word_1_520' title='bbox 211 5788 240 5826; x_wconf 78' lang='lat' dir='ltr'><strong>b</strong></span> <span class='ocrx_word' id='word_1_521' title='bbox 276 5788 478 5850; x_wconf 78' lang='lat' dir='ltr'>A1iquot</span> <span class='ocrx_word' id='word_1_522' title='bbox 502 5800 619 5836; x_wconf 60' lang='lat' dir='ltr'>man.</span> <span class='ocrx_word' id='word_1_523' title='bbox 643 5785 853 5850; x_wconf 83' lang='grc' dir='ltr'>καθάπερ</span> <span class='ocrx_word' id='word_1_524' title='bbox 875 5784 957 5835; x_wconf 81' lang='grc' dir='ltr'>οὖν</span> <span class='ocrx_word' id='word_1_525' title='bbox 975 5785 1056 5833; x_wconf 78' lang='grc' dir='ltr'>καὶ</span> <span class='ocrx_word' id='word_1_526' title='bbox 1076 5784 1188 5847; x_wconf 81' lang='grc' dir='ltr'>ἐγώ.</span> 
     </span>
    </p>
   </div>
   <div class='ocr_carea' id='block_1_61' title="bbox 214 5848 943 5911">
    <p class='ocr_par' dir='ltr' id='par_1_61' title="bbox 214 5848 943 5911">
     <span class='ocr_line' id='line_1_62' title="bbox 214 5848 943 5911; baseline -0.005 -14"><span class='ocrx_word' id='word_1_527' title='bbox 214 5854 237 5911; x_wconf 67' lang='grc' dir='ltr'>εξ</span> <span class='ocrx_word' id='word_1_528' title='bbox 262 5851 358 5911; x_wconf 54' lang='lat' dir='ltr'>Alii</span> <span class='ocrx_word' id='word_1_529' title='bbox 374 5848 553 5911; x_wconf 50' lang='grc' dir='ltr'>ξνόμους</span> <span class='ocrx_word' id='word_1_530' title='bbox 570 5848 754 5904; x_wconf 74' lang='grc' dir='ltr'>ἑαυτοῖς</span> <span class='ocrx_word' id='word_1_531' title='bbox 778 5849 943 5904; x_wconf 84' lang='grc' dir='ltr'>θέντες.</span> 
     </span>
    </p>
   </div>
   <div class='ocr_carea' id='block_1_62' title="bbox 213 5905 1269 5975">
    <p class='ocr_par' dir='ltr' id='par_1_62' title="bbox 213 5905 1269 5975">
     <span class='ocr_line' id='line_1_63' title="bbox 213 5905 1269 5975; baseline -0.002 -13"><span class='ocrx_word' id='word_1_532' title='bbox 213 5909 241 5953; x_wconf 72' lang='grc' dir='ltr'>ιι</span> <span class='ocrx_word' id='word_1_533' title='bbox 272 5909 424 5975; x_wconf 73' lang='lat' dir='ltr'>Savil.</span> <span class='ocrx_word' id='word_1_534' title='bbox 441 5905 548 5975; x_wconf 76' lang='grc' dir='ltr'>’ὁρῶ</span> <span class='ocrx_word' id='word_1_535' title='bbox 573 5911 804 5975; x_wconf 81' lang='grc' dir='ltr'>παρόντας</span> <span class='ocrx_word' id='word_1_536' title='bbox 824 5913 957 5973; x_wconf 81' lang='grc' dir='ltr'>ὑμῶν</span> <span class='ocrx_word' id='word_1_537' title='bbox 978 5908 1087 5963; x_wconf 66' lang='grc' dir='ltr'>τοὺς</span> <span class='ocrx_word' id='word_1_538' title='bbox 1104 5905 1269 5966; x_wconf 74' lang='grc' dir='ltr'>ἡνίκα.</span> 
     </span>
    </p>
   </div>
   <div class='ocr_carea' id='block_1_63' title="bbox 1959 1012 3632 1088">
    <p class='ocr_par' dir='ltr' id='par_1_63' title="bbox 1959 1012 3632 1088">
     <span class='ocr_line' id='line_1_64' title="bbox 1959 1012 3632 1088; baseline 0.002 -20"><span class='ocrx_word' id='word_1_539' title='bbox 1959 1012 2102 1085; x_wconf 89' lang='grc' dir='ltr'>μετά</span> <span class='ocrx_word' id='word_1_540' title='bbox 2148 1015 2210 1069; x_wconf 86' lang='lat'><strong>16</strong></span> <span class='ocrx_word' id='word_1_541' title='bbox 2255 1017 2451 1084; x_wconf 85' lang='grc' dir='ltr'>φαγεῖν</span> <span class='ocrx_word' id='word_1_542' title='bbox 2497 1015 2594 1070; x_wconf 60' lang='grc' dir='ltr'>καὶ⁸</span> <span class='ocrx_word' id='word_1_543' title='bbox 2645 1016 2791 1071; x_wconf 89' lang='grc' dir='ltr'>πιεῖν</span> <span class='ocrx_word' id='word_1_544' title='bbox 2835 1015 3047 1088; x_wconf 84' lang='grc' dir='ltr'>ἀνάγκη</span> <span class='ocrx_word' id='word_1_545' title='bbox 3099 1016 3195 1071; x_wconf 70' lang='grc' dir='ltr'>καὶ</span> <span class='ocrx_word' id='word_1_546' title='bbox 3241 1017 3379 1088; x_wconf 78' lang='grc' dir='ltr'>πρὸς</span> <span class='ocrx_word' id='word_1_547' title='bbox 3413 1016 3632 1084; x_wconf 71' lang='grc' dir='ltr'>σύναξιν</span> 
     </span>
    </p>
   </div>
   <div class='ocr_carea' id='block_1_64' title="bbox 1955 1103 3631 1179">
    <p class='ocr_par' dir='ltr' id='par_1_64' title="bbox 1955 1103 3631 1179">
     <span class='ocr_line' id='line_1_65' title="bbox 1955 1103 3631 1179; baseline 0.001 -21"><span class='ocrx_word' id='word_1_548' title='bbox 1955 1103 2290 1173; x_wconf 83' lang='grc' dir='ltr'>ἀπαντῆσαι,</span> <span class='ocrx_word' id='word_1_549' title='bbox 2324 1104 2546 1168; x_wconf 87' lang='grc' dir='ltr'>πάντως</span> <span class='ocrx_word' id='word_1_550' title='bbox 2583 1105 2679 1158; x_wconf 79' lang='grc' dir='ltr'>καὶ</span> <span class='ocrx_word' id='word_1_551' title='bbox 2716 1104 2867 1159; x_wconf 80' lang='grc' dir='ltr'>ἄκων</span> <span class='ocrx_word' id='word_1_552' title='bbox 2902 1104 3164 1168; x_wconf 86' lang='grc' dir='ltr'>πολλάκις</span> <span class='ocrx_word' id='word_1_553' title='bbox 3187 1106 3498 1178; x_wconf 84' lang='grc' dir='ltr'>ἐπιμελήσῃ</span> <span class='ocrx_word' id='word_1_554' title='bbox 3529 1108 3631 1179; x_wconf 81' lang='grc' dir='ltr'>τῆς</span> 
     </span>
    </p>
   </div>
   <div class='ocr_carea' id='block_1_65' title="bbox 1957 1191 3631 1265">
    <p class='ocr_par' dir='ltr' id='par_1_65' title="bbox 1957 1191 3631 1265">
     <span class='ocr_line' id='line_1_66' title="bbox 1957 1191 3631 1265; baseline 0.002 -20"><span class='ocrx_word' id='word_1_555' title='bbox 1957 1191 2332 1262; x_wconf 80' lang='grc' dir='ltr'>σωφροσύνης,</span> <span class='ocrx_word' id='word_1_556' title='bbox 2365 1193 2458 1245; x_wconf 78' lang='grc' dir='ltr'>καὶ</span> <span class='ocrx_word' id='word_1_557' title='bbox 2489 1192 2614 1245; x_wconf 75' lang='grc' dir='ltr'>οὔτε</span> <span class='ocrx_word' id='word_1_558' title='bbox 2663 1193 2746 1258; x_wconf 86' lang='grc' dir='ltr'>είς</span> <span class='ocrx_word' id='word_1_559' title='bbox 2794 1192 2990 1265; x_wconf 84' lang='grc' dir='ltr'>μέθην,</span> <span class='ocrx_word' id='word_1_560' title='bbox 3039 1193 3165 1247; x_wconf 78' lang='grc' dir='ltr'>οὔτε</span> <span class='ocrx_word' id='word_1_561' title='bbox 3209 1195 3290 1257; x_wconf 89' lang='grc' dir='ltr'>είς</span> <span class='ocrx_word' id='word_1_562' title='bbox 3321 1195 3631 1264; x_wconf 78' lang='grc' dir='ltr'>ἀδηφαγίαν</span> 
     </span>
    </p>
   </div>
   <div class='ocr_carea' id='block_1_66' title="bbox 1953 1280 3632 1356">
    <p class='ocr_par' dir='ltr' id='par_1_66' title="bbox 1953 1280 3632 1356">
     <span class='ocr_line' id='line_1_67' title="bbox 1953 1280 3632 1356; baseline 0.003 -23"><span class='ocrx_word' id='word_1_563' title='bbox 1953 1280 2322 1352; x_wconf 86' lang='grc' dir='ltr'>κατενεχθήσῃ</span> <span class='ocrx_word' id='word_1_564' title='bbox 2359 1281 2565 1352; x_wconf 88' lang='grc' dir='ltr'>ποτέ·ἡ</span> <span class='ocrx_word' id='word_1_565' title='bbox 2602 1282 2713 1354; x_wconf 85' lang='grc' dir='ltr'>γάρ</span> <span class='ocrx_word' id='word_1_566' title='bbox 2744 1282 2965 1353; x_wconf 79' lang='grc' dir='ltr'>φροντὶς</span> <span class='ocrx_word' id='word_1_567' title='bbox 2998 1283 3092 1336; x_wconf 79' lang='grc' dir='ltr'>καὶ</span> <span class='ocrx_word' id='word_1_568' title='bbox 3124 1282 3157 1354; x_wconf 88' lang='grc' dir='ltr'>ή</span> <span class='ocrx_word' id='word_1_569' title='bbox 3198 1283 3491 1356; x_wconf 87' lang='grc' dir='ltr'>προσδοκία</span> <span class='ocrx_word' id='word_1_570' title='bbox 3533 1286 3632 1356; x_wconf 86' lang='grc' dir='ltr'>τῆς</span> 
     </span>
    </p>
   </div>
   <div class='ocr_carea' id='block_1_67' title="bbox 1952 1360 3750 1445">
    <p class='ocr_par' dir='ltr' id='par_1_67' title="bbox 1952 1360 3750 1445">
     <span class='ocr_line' id='line_1_68' title="bbox 1952 1360 3750 1445; baseline 0.002 -24"><span class='ocrx_word' id='word_1_571' title='bbox 1952 1368 2033 1431; x_wconf 87' lang='grc' dir='ltr'>είς</span> <span class='ocrx_word' id='word_1_572' title='bbox 2055 1368 2151 1439; x_wconf 87' lang='grc' dir='ltr'>τὴν</span> <span class='ocrx_word' id='word_1_573' title='bbox 2177 1366 2473 1438; x_wconf 81' lang='grc' dir='ltr'>ἐκκλησίαν</span> <span class='ocrx_word' id='word_1_574' title='bbox 2502 1368 2742 1437; x_wconf 80' lang='grc' dir='ltr'>ἀφίξεως</span> <span class='ocrx_word' id='word_1_575' title='bbox 2764 1369 3012 1425; x_wconf 87' lang='grc' dir='ltr'>παιδεύει</span> <span class='ocrx_word' id='word_1_576' title='bbox 3034 1370 3171 1442; x_wconf 87' lang='grc' dir='ltr'>μετά</span> <span class='ocrx_word' id='word_1_577' title='bbox 3196 1371 3297 1442; x_wconf 87' lang='grc' dir='ltr'>τῆς</span> <span class='ocrx_word' id='word_1_578' title='bbox 3316 1372 3633 1445; x_wconf 79' lang='grc' dir='ltr'>προσηκού-</span> <span class='ocrx_word' id='word_1_579' title='bbox 3698 1360 3750 1441; x_wconf 67' lang='grc' dir='ltr'><em>Χ</em></span> 
     </span>
    </p>
   </div>
   <div class='ocr_carea' id='block_1_68' title="bbox 1954 1455 3626 1531">
    <p class='ocr_par' dir='ltr' id='par_1_68' title="bbox 1954 1455 3626 1531">
     <span class='ocr_line' id='line_1_69' title="bbox 1954 1455 3626 1531; baseline 0.004 -22"><span class='ocrx_word' id='word_1_580' title='bbox 1954 1472 2055 1526; x_wconf 90' lang='grc' dir='ltr'>σης</span> <span class='ocrx_word' id='word_1_581' title='bbox 2094 1455 2412 1526; x_wconf 79' lang='grc' dir='ltr'>εὐκοσμίας,</span> <span class='ocrx_word' id='word_1_582' title='bbox 2460 1456 2556 1511; x_wconf 73' lang='grc' dir='ltr'>καὶ</span> <span class='ocrx_word' id='word_1_583' title='bbox 2588 1458 2795 1530; x_wconf 86' lang='grc' dir='ltr'>τροφῆς</span> <span class='ocrx_word' id='word_1_584' title='bbox 2824 1460 2920 1513; x_wconf 78' lang='grc' dir='ltr'>καὶ</span> <span class='ocrx_word' id='word_1_585' title='bbox 2964 1458 3130 1513; x_wconf 82' lang='grc' dir='ltr'>ποτοῦ</span> <span class='ocrx_word' id='word_1_586' title='bbox 3165 1460 3626 1531; x_wconf 78' lang='grc' dir='ltr'>μεταλαμϐάνειν,</span> 
     </span>
    </p>
   </div>
   <div class='ocr_carea' id='block_1_69' title="bbox 1952 1540 3630 1619">
    <p class='ocr_par' dir='ltr' id='par_1_69' title="bbox 1952 1540 3630 1619">
     <span class='ocr_line' id='line_1_70' title="bbox 1952 1540 3630 1619; baseline 0.005 -25"><span class='ocrx_word' id='word_1_587' title='bbox 1952 1540 2040 1596; x_wconf 81' lang='grc' dir='ltr'>ἵνα</span> <span class='ocrx_word' id='word_1_588' title='bbox 2076 1540 2150 1612; x_wconf 81' lang='grc' dir='ltr'>μὴ</span> <span class='ocrx_word' id='word_1_589' title='bbox 2184 1541 2440 1597; x_wconf 78' lang='grc' dir='ltr'>εἰσελθὼν</span> <span class='ocrx_word' id='word_1_590' title='bbox 2490 1544 2586 1598; x_wconf 75' lang='grc' dir='ltr'>καὶ</span> <span class='ocrx_word' id='word_1_591' title='bbox 2636 1548 2750 1610; x_wconf 87' lang='grc' dir='ltr'>τοῖς</span> <span class='ocrx_word' id='word_1_592' title='bbox 2808 1546 3058 1616; x_wconf 86' lang='grc' dir='ltr'>ἀδελφοῖς</span> <span class='ocrx_word' id='word_1_593' title='bbox 3109 1546 3453 1619; x_wconf 81' lang='grc' dir='ltr'>ἀναμιχθεὶς,</span> <span class='ocrx_word' id='word_1_594' title='bbox 3506 1543 3630 1604; x_wconf 78' lang='grc' dir='ltr'>εἶτα</span> 
     </span>
    </p>
   </div>
   <div class='ocr_carea' id='block_1_70' title="bbox 1949 1629 3629 1704">
    <p class='ocr_par' dir='ltr' id='par_1_70' title="bbox 1949 1629 3629 1704">
     <span class='ocr_line' id='line_1_71' title="bbox 1949 1629 3629 1704; baseline 0.004 -22"><span class='ocrx_word' id='word_1_595' title='bbox 1949 1629 2236 1684; x_wconf 82' lang='grc' dir='ltr'>ἀποπνέων</span> <span class='ocrx_word' id='word_1_596' title='bbox 2266 1631 2410 1688; x_wconf 75' lang='grc' dir='ltr'>οἴνου</span> <span class='ocrx_word' id='word_1_597' title='bbox 2458 1633 2551 1686; x_wconf 63' lang='grc' dir='ltr'>καλ¹</span> <span class='ocrx_word' id='word_1_598' title='bbox 2598 1633 2961 1703; x_wconf 80' lang='grc' dir='ltr'>ἐρευγόμενος</span> <span class='ocrx_word' id='word_1_599' title='bbox 3000 1634 3276 1699; x_wconf 84' lang='grc' dir='ltr'>ἀτάκτως,</span> <span class='ocrx_word' id='word_1_600' title='bbox 3322 1636 3629 1704; x_wconf 77' lang='grc' dir='ltr'>καταγελα-</span> 
     </span>
    </p>
   </div>
   <div class='ocr_carea' id='block_1_71' title="bbox 1952 1716 3629 1795">
    <p class='ocr_par' dir='ltr' id='par_1_71' title="bbox 1952 1716 3629 1795">
     <span class='ocr_line' id='line_1_72' title="bbox 1952 1716 3629 1795; baseline 0.005 -27"><span class='ocrx_word' id='word_1_601' title='bbox 1952 1716 2085 1788; x_wconf 81' lang='grc' dir='ltr'>σθῇς</span> <span class='ocrx_word' id='word_1_602' title='bbox 2107 1718 2258 1788; x_wconf 82' lang='grc' dir='ltr'>παρὰ</span> <span class='ocrx_word' id='word_1_603' title='bbox 2276 1717 2384 1772; x_wconf 82' lang='grc' dir='ltr'>τῶν</span> <span class='ocrx_word' id='word_1_604' title='bbox 2410 1720 2695 1789; x_wconf 85' lang='grc' dir='ltr'>παρόντων</span> <span class='ocrx_word' id='word_1_605' title='bbox 2720 1722 2995 1776; x_wconf 85' lang='grc' dir='ltr'>ἁπάντων.</span> <span class='ocrx_word' id='word_1_606' title='bbox 3025 1722 3212 1777; x_wconf 78' lang='grc' dir='ltr'>Ταῦτα</span> <span class='ocrx_word' id='word_1_607' title='bbox 3227 1723 3289 1777; x_wconf 87' lang='grc' dir='ltr'>οὐ</span> <span class='ocrx_word' id='word_1_608' title='bbox 3317 1723 3457 1794; x_wconf 81' lang='grc' dir='ltr'>πρὸς</span> <span class='ocrx_word' id='word_1_609' title='bbox 3482 1725 3629 1795; x_wconf 67' lang='grc' dir='ltr'>ὑμᾶς</span> 
     </span>
    </p>
   </div>
   <div class='ocr_carea' id='block_1_72' title="bbox 1947 1803 3627 1880">
    <p class='ocr_par' dir='ltr' id='par_1_72' title="bbox 1947 1803 3627 1880">
     <span class='ocr_line' id='line_1_73' title="bbox 1947 1803 3627 1880; baseline 0.004 -23"><span class='ocrx_word' id='word_1_610' title='bbox 1947 1803 2092 1873; x_wconf 89' lang='grc' dir='ltr'>λέγω</span> <span class='ocrx_word' id='word_1_611' title='bbox 2122 1803 2238 1864; x_wconf 85' lang='grc' dir='ltr'>νῦν,</span> <span class='ocrx_word' id='word_1_612' title='bbox 2274 1805 2411 1860; x_wconf 84' lang='grc' dir='ltr'>ἀλλά</span> <span class='ocrx_word' id='word_1_613' title='bbox 2441 1806 2578 1877; x_wconf 83' lang='grc' dir='ltr'>πρὸς</span> <span class='ocrx_word' id='word_1_614' title='bbox 2606 1808 2731 1871; x_wconf 81' lang='grc' dir='ltr'>τοὺς</span> <span class='ocrx_word' id='word_1_615' title='bbox 2758 1807 3191 1877; x_wconf 86' lang='grc' dir='ltr'>ἀπολειφθέντας</span> <span class='ocrx_word' id='word_1_616' title='bbox 3220 1809 3396 1880; x_wconf 84' lang='grc' dir='ltr'>ὑμῶν,</span> <span class='ocrx_word' id='word_1_617' title='bbox 3439 1809 3627 1863; x_wconf 81' lang='grc' dir='ltr'>ῖνα“δι⁹</span> 
     </span>
    </p>
   </div>
   <div class='ocr_carea' id='block_1_73' title="bbox 1947 1891 3627 1968">
    <p class='ocr_par' dir='ltr' id='par_1_73' title="bbox 1947 1891 3627 1968">
     <span class='ocr_line' id='line_1_74' title="bbox 1947 1891 3627 1968; baseline 0.004 -24"><span class='ocrx_word' id='word_1_618' title='bbox 1947 1891 2101 1963; x_wconf 82' lang='grc' dir='ltr'>ὑμῶν</span> <span class='ocrx_word' id='word_1_619' title='bbox 2131 1892 2302 1947; x_wconf 80' lang='grc' dir='ltr'>ταῦτα</span> <span class='ocrx_word' id='word_1_620' title='bbox 2330 1893 2573 1962; x_wconf 84' lang='grc' dir='ltr'>μάθωσιν</span> <span class='ocrx_word' id='word_1_621' title='bbox 2594 1907 2638 1949; x_wconf 72' lang='grc' dir='ltr'>ο.</span> <span class='ocrx_word' id='word_1_622' title='bbox 2669 1896 2742 1949; x_wconf 88' lang='grc' dir='ltr'><strong>Οὐ</strong></span> <span class='ocrx_word' id='word_1_623' title='bbox 2775 1895 2883 1966; x_wconf 85' lang='grc' dir='ltr'>γάρ</span> <span class='ocrx_word' id='word_1_624' title='bbox 2913 1895 3028 1968; x_wconf 84' lang='grc'>[98]</span> <span class='ocrx_word' id='word_1_625' title='bbox 3062 1895 3124 1950; x_wconf 92' lang='lat'><strong>16</strong></span> <span class='ocrx_word' id='word_1_626' title='bbox 3166 1897 3362 1965; x_wconf 84' lang='grc' dir='ltr'>φαγεῖν</span> <span class='ocrx_word' id='word_1_627' title='bbox 3393 1895 3627 1966; x_wconf 80' lang='grc' dir='ltr'>κώλυμα</span> 
     </span>
    </p>
   </div>
   <div class='ocr_carea' id='block_1_74' title="bbox 1946 1978 3625 2053">
    <p class='ocr_par' dir='ltr' id='par_1_74' title="bbox 1946 1978 3625 2053">
     <span class='ocr_line' id='line_1_75' title="bbox 1946 1978 3625 2053; baseline 0.005 -21"><span class='ocrx_word' id='word_1_628' title='bbox 1946 1978 2283 2049; x_wconf 87' lang='grc' dir='ltr'>ἀκροάσεως,</span> <span class='ocrx_word' id='word_1_629' title='bbox 2317 1979 2455 2034; x_wconf 89' lang='grc' dir='ltr'>ἀλλά</span> <span class='ocrx_word' id='word_1_630' title='bbox 2482 1980 2543 2034; x_wconf 88' lang='lat'><strong>16</strong></span> <span class='ocrx_word' id='word_1_631' title='bbox 2580 1982 2865 2053; x_wconf 76' lang='grc' dir='ltr'>ῥᾳθυμεῖν·</span> <span class='ocrx_word' id='word_1_632' title='bbox 2903 1983 2966 2037; x_wconf 80' lang='grc' dir='ltr'>σὺ</span> <span class='ocrx_word' id='word_1_633' title='bbox 3006 1982 3064 2035; x_wconf 86' lang='grc' dir='ltr'>δὲ</span> <span class='ocrx_word' id='word_1_634' title='bbox 3100 1983 3446 2051; x_wconf 87' lang='grc' dir='ltr'>κατάγνωσιν</span> <span class='ocrx_word' id='word_1_635' title='bbox 3484 1978 3625 2040; x_wconf 74' lang='grc' dir='ltr'>εἶναι</span> 
     </span>
    </p>
   </div>
   <div class='ocr_carea' id='block_1_75' title="bbox 1945 2065 3621 2142">
    <p class='ocr_par' dir='ltr' id='par_1_75' title="bbox 1945 2065 3621 2142">
     <span class='ocr_line' id='line_1_76' title="bbox 1945 2065 3621 2142; baseline 0.004 -23"><span class='ocrx_word' id='word_1_636' title='bbox 1945 2065 2183 2136; x_wconf 84' lang='grc' dir='ltr'>νομίζων</span> <span class='ocrx_word' id='word_1_637' title='bbox 2208 2066 2269 2120; x_wconf 88' lang='lat'><strong>16</strong></span> <span class='ocrx_word' id='word_1_638' title='bbox 2301 2066 2377 2137; x_wconf 85' lang='grc' dir='ltr'>μὴ</span> <span class='ocrx_word' id='word_1_639' title='bbox 2407 2068 2724 2138; x_wconf 82' lang='grc' dir='ltr'>νηστεῦσαι,</span> <span class='ocrx_word' id='word_1_640' title='bbox 2757 2071 2852 2123; x_wconf 77' lang='grc' dir='ltr'>καὶ</span> <span class='ocrx_word' id='word_1_641' title='bbox 2874 2069 3062 2142; x_wconf 76' lang='grc' dir='ltr'>ἕτερον</span> <span class='ocrx_word' id='word_1_642' title='bbox 3095 2069 3393 2140; x_wconf 88' lang='grc' dir='ltr'>προστίθης</span> <span class='ocrx_word' id='word_1_643' title='bbox 3423 2070 3621 2142; x_wconf 84' lang='grc' dir='ltr'>ἐγκλη-</span> 
     </span>
    </p>
   </div>
   <div class='ocr_carea' id='block_1_76' title="bbox 1949 2152 3624 2230">
    <p class='ocr_par' dir='ltr' id='par_1_76' title="bbox 1949 2152 3624 2230">
     <span class='ocr_line' id='line_1_77' title="bbox 1949 2152 3624 2230; baseline 0.005 -24"><span class='ocrx_word' id='word_1_644' title='bbox 1949 2171 2027 2224; x_wconf 87' lang='grc' dir='ltr'>μα</span> <span class='ocrx_word' id='word_1_645' title='bbox 2050 2152 2228 2224; x_wconf 84' lang='grc' dir='ltr'>πολλῷ</span> <span class='ocrx_word' id='word_1_646' title='bbox 2245 2154 2429 2224; x_wconf 83' lang='grc' dir='ltr'>μεῖζον</span> <span class='ocrx_word' id='word_1_647' title='bbox 2445 2156 2539 2209; x_wconf 74' lang='grc' dir='ltr'>καὶ</span> <span class='ocrx_word' id='word_1_648' title='bbox 2566 2156 2968 2228; x_wconf 81' lang='grc' dir='ltr'>χαλεπώτερον,</span> <span class='ocrx_word' id='word_1_649' title='bbox 2995 2157 3055 2211; x_wconf 89' lang='lat'><strong>16</strong></span> <span class='ocrx_word' id='word_1_650' title='bbox 3082 2158 3158 2228; x_wconf 83' lang='grc' dir='ltr'>μὴ</span> <span class='ocrx_word' id='word_1_651' title='bbox 3180 2158 3283 2228; x_wconf 84' lang='grc' dir='ltr'>τῆς</span> <span class='ocrx_word' id='word_1_652' title='bbox 3314 2160 3467 2230; x_wconf 77' lang='grc' dir='ltr'>ἱερᾶς</span> <span class='ocrx_word' id='word_1_653' title='bbox 3492 2160 3624 2214; x_wconf 91' lang='grc' dir='ltr'>ταύ-</span> 
     </span>
    </p>
   </div>
   <div class='ocr_carea' id='block_1_77' title="bbox 1945 2242 3625 2316">
    <p class='ocr_par' dir='ltr' id='par_1_77' title="bbox 1945 2242 3625 2316">
     <span class='ocr_line' id='line_1_78' title="bbox 1945 2242 3625 2316; baseline 0.005 -23"><span class='ocrx_word' id='word_1_654' title='bbox 1945 2257 2044 2312; x_wconf 89' lang='grc' dir='ltr'>της</span> <span class='ocrx_word' id='word_1_655' title='bbox 2067 2244 2356 2312; x_wconf 88' lang='grc' dir='ltr'>μετασχεῖν</span> <span class='ocrx_word' id='word_1_656' title='bbox 2379 2242 2680 2315; x_wconf 77' lang='grc' dir='ltr'>τραπὲζης,</span> <span class='ocrx_word' id='word_1_657' title='bbox 2705 2246 2799 2298; x_wconf 73' lang='grc' dir='ltr'>καὶ</span> <span class='ocrx_word' id='word_1_658' title='bbox 2823 2243 3030 2315; x_wconf 73' lang='grc' dir='ltr'>θρέψας</span> <span class='ocrx_word' id='word_1_659' title='bbox 3051 2262 3143 2297; x_wconf 93' lang='grc' dir='ltr'>σου</span> <span class='ocrx_word' id='word_1_660' title='bbox 3164 2246 3226 2298; x_wconf 80' lang='lat'><strong>16</strong></span> <span class='ocrx_word' id='word_1_661' title='bbox 3257 2245 3437 2316; x_wconf 85' lang='grc' dir='ltr'>σῶμα,</span> <span class='ocrx_word' id='word_1_662' title='bbox 3461 2265 3625 2301; x_wconf 88' lang='grc' dir='ltr'>κατα-</span> 
     </span>
    </p>
   </div>
   <div class='ocr_carea' id='block_1_78' title="bbox 1944 2328 3624 2403">
    <p class='ocr_par' dir='ltr' id='par_1_78' title="bbox 1944 2328 3624 2403">
     <span class='ocr_line' id='line_1_79' title="bbox 1944 2328 3624 2403; baseline 0.005 -21"><span class='ocrx_word' id='word_1_663' title='bbox 1944 2330 2133 2397; x_wconf 83' lang='grc' dir='ltr'>τήκεις</span> <span class='ocrx_word' id='word_1_664' title='bbox 2159 2328 2302 2402; x_wconf 88' lang='grc' dir='ltr'>λιμῷ</span> <span class='ocrx_word' id='word_1_665' title='bbox 2327 2330 2426 2402; x_wconf 77' lang='grc' dir='ltr'>τὴν</span> <span class='ocrx_word' id='word_1_666' title='bbox 2446 2331 2643 2402; x_wconf 72' lang='grc' dir='ltr'>ψυχήν·</span> <span class='ocrx_word' id='word_1_667' title='bbox 2667 2333 2761 2385; x_wconf 71' lang='grc' dir='ltr'>καὶ</span> <span class='ocrx_word' id='word_1_668' title='bbox 2789 2332 2947 2385; x_wconf 88' lang='grc' dir='ltr'>ποίαν</span> <span class='ocrx_word' id='word_1_669' title='bbox 2967 2332 3109 2397; x_wconf 76' lang='grc' dir='ltr'>ἔξεις</span> <span class='ocrx_word' id='word_1_670' title='bbox 3129 2333 3459 2403; x_wconf 87' lang='grc' dir='ltr'>ἀπολογίαν;</span> <span class='ocrx_word' id='word_1_671' title='bbox 3499 2336 3624 2390; x_wconf 73' lang='grc' dir='ltr'>Ἐπὶ</span> 
     </span>
    </p>
   </div>
   <div class='ocr_carea' id='block_1_79' title="bbox 1948 2416 3624 2491">
    <p class='ocr_par' dir='ltr' id='par_1_79' title="bbox 1948 2416 3624 2491">
     <span class='ocr_line' id='line_1_80' title="bbox 1948 2416 3624 2491; baseline 0.004 -21"><span class='ocrx_word' id='word_1_672' title='bbox 1948 2416 2047 2486; x_wconf 82' lang='grc' dir='ltr'>μὲν</span> <span class='ocrx_word' id='word_1_673' title='bbox 2085 2416 2195 2489; x_wconf 81' lang='grc' dir='ltr'>γάρ</span> <span class='ocrx_word' id='word_1_674' title='bbox 2226 2419 2326 2489; x_wconf 87' lang='grc' dir='ltr'>τῆς</span> <span class='ocrx_word' id='word_1_675' title='bbox 2371 2419 2626 2487; x_wconf 88' lang='grc' dir='ltr'>νηστείας</span> <span class='ocrx_word' id='word_1_676' title='bbox 2669 2419 2800 2482; x_wconf 76' lang='grc' dir='ltr'>ἴσως</span> <span class='ocrx_word' id='word_1_677' title='bbox 2851 2420 2995 2490; x_wconf 80' lang='grc' dir='ltr'>ἔχεις</span> <span class='ocrx_word' id='word_1_678' title='bbox 3042 2419 3292 2491; x_wconf 84' lang='grc' dir='ltr'>σώματος</span> <span class='ocrx_word' id='word_1_679' title='bbox 3341 2422 3624 2478; x_wconf 86' lang='grc' dir='ltr'>ἀσθένειαν</span> 
     </span>
    </p>
   </div>
   <div class='ocr_carea' id='block_1_80' title="bbox 1945 2504 3623 2578">
    <p class='ocr_par' dir='ltr' id='par_1_80' title="bbox 1945 2504 3623 2578">
     <span class='ocr_line' id='line_1_81' title="bbox 1945 2504 3623 2578; baseline 0.003 -20"><span class='ocrx_word' id='word_1_680' title='bbox 1945 2504 2335 2576; x_wconf 77' lang='grc' dir='ltr'>προϐαλέσθαι·</span> <span class='ocrx_word' id='word_1_681' title='bbox 2370 2507 2463 2560; x_wconf 73' lang='grc' dir='ltr'>ἐπὶ</span> <span class='ocrx_word' id='word_1_682' title='bbox 2497 2506 2552 2560; x_wconf 88' lang='grc' dir='ltr'>δὲ</span> <span class='ocrx_word' id='word_1_683' title='bbox 2586 2508 2906 2578; x_wconf 86' lang='grc' dir='ltr'>ἀκροάσεως</span> <span class='ocrx_word' id='word_1_684' title='bbox 2947 2508 3001 2561; x_wconf 91' lang='grc' dir='ltr'>τί</span> <span class='ocrx_word' id='word_1_685' title='bbox 3029 2507 3095 2562; x_wconf 82' lang='grc' dir='ltr'>ἂν</span> <span class='ocrx_word' id='word_1_686' title='bbox 3128 2507 3274 2578; x_wconf 80' lang='grc' dir='ltr'>ἔχοις</span> <span class='ocrx_word' id='word_1_687' title='bbox 3312 2510 3517 2577; x_wconf 84' lang='grc' dir='ltr'>είπεῖν;</span> <span class='ocrx_word' id='word_1_688' title='bbox 3557 2509 3623 2564; x_wconf 80' lang='grc' dir='ltr'>οὐ</span> 
     </span>
    </p>
   </div>
   <div class='ocr_carea' id='block_1_81' title="bbox 1940 2588 3622 2668">
    <p class='ocr_par' dir='ltr' id='par_1_81' title="bbox 1940 2588 3622 2668">
     <span class='ocr_line' id='line_1_82' title="bbox 1940 2588 3622 2668; baseline 0.005 -25"><span class='ocrx_word' id='word_1_689' title='bbox 1940 2590 2053 2661; x_wconf 79' lang='grc' dir='ltr'>γάρ</span> <span class='ocrx_word' id='word_1_690' title='bbox 2075 2589 2138 2661; x_wconf 88' lang='grc' dir='ltr'>δὴ</span> <span class='ocrx_word' id='word_1_691' title='bbox 2163 2588 2415 2660; x_wconf 81' lang='grc' dir='ltr'>σώματος</span> <span class='ocrx_word' id='word_1_692' title='bbox 2445 2592 2698 2647; x_wconf 77' lang='grc' dir='ltr'>ἀσθένεια</span> <span class='ocrx_word' id='word_1_693' title='bbox 2725 2593 2925 2647; x_wconf 84' lang='grc' dir='ltr'>κωλύει</span> <span class='ocrx_word' id='word_1_694' title='bbox 2957 2595 3067 2650; x_wconf 84' lang='grc' dir='ltr'>τῶν</span> <span class='ocrx_word' id='word_1_695' title='bbox 3101 2594 3260 2648; x_wconf 91' lang='grc' dir='ltr'>θείων</span> <span class='ocrx_word' id='word_1_696' title='bbox 3296 2595 3491 2664; x_wconf 89' lang='grc' dir='ltr'>λογίων</span> <span class='ocrx_word' id='word_1_697' title='bbox 3520 2614 3622 2668; x_wconf 79' lang='grc' dir='ltr'>με·</span> 
     </span>
    </p>
   </div>
   <div class='ocr_carea' id='block_1_82' title="bbox 1939 2675 3624 2756">
    <p class='ocr_par' dir='ltr' id='par_1_82' title="bbox 1939 2675 3624 2756">
     <span class='ocr_line' id='line_1_83' title="bbox 1939 2675 3624 2756; baseline 0.005 -26"><span class='ocrx_word' id='word_1_698' title='bbox 1939 2680 2161 2748; x_wconf 85' lang='grc' dir='ltr'>τασχεῖν</span> <span class='ocrx_word' id='word_1_699' title='bbox 2186 2677 2226 2733; x_wconf 74' lang='grc' dir='ltr'>ῐ.</span> <span class='ocrx_word' id='word_1_700' title='bbox 2256 2679 2320 2732; x_wconf 85' lang='grc' dir='ltr'>Εἰ</span> <span class='ocrx_word' id='word_1_701' title='bbox 2360 2678 2456 2749; x_wconf 84' lang='grc' dir='ltr'>μὲν</span> <span class='ocrx_word' id='word_1_702' title='bbox 2484 2678 2592 2747; x_wconf 90' lang='grc' dir='ltr'>γάρ</span> <span class='ocrx_word' id='word_1_703' title='bbox 2612 2675 2826 2745; x_wconf 74' lang='grc' dir='ltr'>ἔλεγον·</span> <span class='ocrx_word' id='word_1_704' title='bbox 2854 2679 3061 2752; x_wconf 73' lang='grc' dir='ltr'>Μηδεὶς</span> <span class='ocrx_word' id='word_1_705' title='bbox 3080 2681 3393 2753; x_wconf 84' lang='grc' dir='ltr'>ἡριστηκὼς</span> <span class='ocrx_word' id='word_1_706' title='bbox 3416 2702 3624 2756; x_wconf 88' lang='grc' dir='ltr'>συμμι-</span> 
     </span>
    </p>
   </div>
   <div class='ocr_carea' id='block_1_83' title="bbox 1941 2762 3618 2843">
    <p class='ocr_par' dir='ltr' id='par_1_83' title="bbox 1941 2762 3618 2843">
     <span class='ocr_line' id='line_1_84' title="bbox 1941 2762 3618 2843; baseline 0.005 -27"><span class='ocrx_word' id='word_1_707' title='bbox 1941 2762 2144 2833; x_wconf 85' lang='grc' dir='ltr'>γέσθω,</span> <span class='ocrx_word' id='word_1_708' title='bbox 2181 2764 2368 2835; x_wconf 76' lang='grc' dir='ltr'>μηδεὶς</span> <span class='ocrx_word' id='word_1_709' title='bbox 2400 2762 2592 2833; x_wconf 84' lang='grc' dir='ltr'>φαγὼν</span> <span class='ocrx_word' id='word_1_710' title='bbox 2616 2764 2928 2835; x_wconf 88' lang='grc' dir='ltr'>ἀκροάσθω,</span> <span class='ocrx_word' id='word_1_711' title='bbox 2955 2762 3101 2837; x_wconf 78' lang='grc' dir='ltr'>εῖχές</span> <span class='ocrx_word' id='word_1_712' title='bbox 3123 2784 3246 2822; x_wconf 89' lang='grc' dir='ltr'>τινα</span> <span class='ocrx_word' id='word_1_713' title='bbox 3267 2769 3618 2843; x_wconf 88' lang='grc' dir='ltr'>συγγνώμην·</span> 
     </span>
    </p>
   </div>
   <div class='ocr_carea' id='block_1_84' title="bbox 1940 2852 3622 2930">
    <p class='ocr_par' dir='ltr' id='par_1_84' title="bbox 1940 2852 3622 2930">
     <span class='ocr_line' id='line_1_85' title="bbox 1940 2852 3622 2930; baseline 0.006 -27"><span class='ocrx_word' id='word_1_714' title='bbox 1940 2852 2055 2905; x_wconf 71' lang='grc' dir='ltr'>νυνὶ</span> <span class='ocrx_word' id='word_1_715' title='bbox 2085 2852 2141 2906; x_wconf 86' lang='grc' dir='ltr'>δέ</span> <span class='ocrx_word' id='word_1_716' title='bbox 2174 2853 2305 2906; x_wconf 83' lang='grc' dir='ltr'>ὅταν</span> <span class='ocrx_word' id='word_1_717' title='bbox 2338 2854 2503 2924; x_wconf 87' lang='grc' dir='ltr'>ἡμεῖς</span> <span class='ocrx_word' id='word_1_718' title='bbox 2527 2852 2800 2923; x_wconf 87' lang='grc' dir='ltr'>ἐλκωμεν,</span> <span class='ocrx_word' id='word_1_719' title='bbox 2822 2854 2917 2908; x_wconf 72' lang='grc' dir='ltr'>καὶ</span> <span class='ocrx_word' id='word_1_720' title='bbox 2944 2854 3325 2926; x_wconf 79' lang='grc' dir='ltr'>ἐπισπώμεθα,</span> <span class='ocrx_word' id='word_1_721' title='bbox 3359 2857 3455 2912; x_wconf 78' lang='grc' dir='ltr'>καὶ</span> <span class='ocrx_word' id='word_1_722' title='bbox 3485 2859 3622 2930; x_wconf 69' lang='grc' dir='ltr'>πρὸς</span> 
     </span>
    </p>
   </div>
   <div class='ocr_carea' id='block_1_85' title="bbox 1940 2937 3618 3016">
    <p class='ocr_par' dir='ltr' id='par_1_85' title="bbox 1940 2937 3618 3016">
     <span class='ocr_line' id='line_1_86' title="bbox 1940 2937 3618 3016; baseline 0.006 -25"><span class='ocrx_word' id='word_1_723' title='bbox 1940 2937 2169 3004; x_wconf 72' lang='grc' dir='ltr'>ἑαυτοὺς</span> <span class='ocrx_word' id='word_1_724' title='bbox 2195 2938 2474 3011; x_wconf 84' lang='grc' dir='ltr'>καλῶμεν,</span> <span class='ocrx_word' id='word_1_725' title='bbox 2498 2940 2658 2994; x_wconf 88' lang='grc' dir='ltr'>ποίαν</span> <span class='ocrx_word' id='word_1_726' title='bbox 2686 2938 2838 3006; x_wconf 80' lang='grc' dir='ltr'>ἐξετε</span> <span class='ocrx_word' id='word_1_727' title='bbox 2868 2941 3164 3011; x_wconf 89' lang='grc' dir='ltr'>ἀπολογίαν</span> <span class='ocrx_word' id='word_1_728' title='bbox 3193 2944 3618 3016; x_wconf 72' lang='grc' dir='ltr'>άποπηδῶντεςς</span> 
     </span>
    </p>
   </div>
   <div class='ocr_carea' id='block_1_86' title="bbox 1937 3025 3616 3105">
    <p class='ocr_par' dir='ltr' id='par_1_86' title="bbox 1937 3025 3616 3105">
     <span class='ocr_line' id='line_1_87' title="bbox 1937 3025 3616 3105; baseline 0.007 -25"><span class='ocrx_word' id='word_1_729' title='bbox 1937 3025 2049 3081; x_wconf 75' lang='grc' dir='ltr'>Καὶ</span> <span class='ocrx_word' id='word_1_730' title='bbox 2088 3026 2198 3099; x_wconf 82' lang='grc' dir='ltr'>γάρ</span> <span class='ocrx_word' id='word_1_731' title='bbox 2230 3027 2609 3100; x_wconf 81' lang='grc' dir='ltr'>ἀνεπιτήδειος</span> <span class='ocrx_word' id='word_1_732' title='bbox 2648 3031 2678 3084; x_wconf 90' lang='lat'>6</span> <span class='ocrx_word' id='word_1_733' title='bbox 2710 3028 2990 3102; x_wconf 79' lang='grc' dir='ltr'>ἀκροατὴς</span> <span class='ocrx_word' id='word_1_734' title='bbox 3022 3033 3230 3098; x_wconf 87' lang='grc' dir='ltr'>ἐκεῖνος</span> <span class='ocrx_word' id='word_1_735' title='bbox 3269 3033 3339 3088; x_wconf 81' lang='grc' dir='ltr'>ἀν</span> <span class='ocrx_word' id='word_1_736' title='bbox 3383 3032 3616 3105; x_wconf 75' lang='grc' dir='ltr'>γένοιτο,</span> 
     </span>
    </p>
   </div>
   <div class='ocr_carea' id='block_1_87' title="bbox 1936 3113 3621 3196">
    <p class='ocr_par' dir='ltr' id='par_1_87' title="bbox 1936 3113 3621 3196">
     <span class='ocr_line' id='line_1_88' title="bbox 1936 3113 3621 3196; baseline 0.007 -28"><span class='ocrx_word' id='word_1_737' title='bbox 1936 3113 2036 3187; x_wconf 78' lang='grc' dir='ltr'>οὐχ</span> <span class='ocrx_word' id='word_1_738' title='bbox 2060 3115 2091 3169; x_wconf 91' lang='lat'>6</span> <span class='ocrx_word' id='word_1_739' title='bbox 2118 3114 2309 3185; x_wconf 83' lang='grc' dir='ltr'>φαγὼν</span> <span class='ocrx_word' id='word_1_740' title='bbox 2331 3115 2427 3170; x_wconf 77' lang='grc' dir='ltr'>καὶ</span> <span class='ocrx_word' id='word_1_741' title='bbox 2454 3115 2615 3176; x_wconf 87' lang='grc' dir='ltr'>πιὼν,</span> <span class='ocrx_word' id='word_1_742' title='bbox 2637 3118 2753 3171; x_wconf 88' lang='grc' dir='ltr'>ἀλλ’</span> <span class='ocrx_word' id='word_1_743' title='bbox 2783 3120 2812 3172; x_wconf 91' lang='lat'>6</span> <span class='ocrx_word' id='word_1_744' title='bbox 2844 3117 2921 3190; x_wconf 79' lang='grc' dir='ltr'>μή</span> <span class='ocrx_word' id='word_1_745' title='bbox 2948 3121 3233 3192; x_wconf 85' lang='grc' dir='ltr'>προσέχων</span> <span class='ocrx_word' id='word_1_746' title='bbox 3258 3123 3373 3187; x_wconf 89' lang='grc' dir='ltr'>τοῖς</span> <span class='ocrx_word' id='word_1_747' title='bbox 3393 3123 3621 3196; x_wconf 77' lang='grc' dir='ltr'>λεγομέ-</span> 
     </span>
    </p>
   </div>
   <div class='ocr_carea' id='block_1_88' title="bbox 1935 3201 3616 3283">
    <p class='ocr_par' dir='ltr' id='par_1_88' title="bbox 1935 3201 3616 3283">
     <span class='ocr_line' id='line_1_89' title="bbox 1935 3201 3616 3283; baseline 0.006 -26"><span class='ocrx_word' id='word_1_748' title='bbox 1935 3219 2068 3270; x_wconf 90' lang='grc' dir='ltr'>νοις,</span> <span class='ocrx_word' id='word_1_749' title='bbox 2101 3204 2133 3257; x_wconf 84' lang='grc' dir='ltr'>δ</span> <span class='ocrx_word' id='word_1_750' title='bbox 2154 3201 2519 3275; x_wconf 84' lang='grc' dir='ltr'>χασμώμενος</span> <span class='ocrx_word' id='word_1_751' title='bbox 2538 3205 2634 3260; x_wconf 76' lang='grc' dir='ltr'>καὶ</span> <span class='ocrx_word' id='word_1_752' title='bbox 2654 3205 3011 3277; x_wconf 84' lang='grc' dir='ltr'>ἐκλελυμένος</span> <span class='ocrx_word' id='word_1_753' title='bbox 3038 3209 3086 3269; x_wconf 72' lang='grc' dir='ltr'>Β,</span> <span class='ocrx_word' id='word_1_754' title='bbox 3111 3209 3205 3264; x_wconf 73' lang='grc' dir='ltr'>καὶ</span> <span class='ocrx_word' id='word_1_755' title='bbox 3232 3209 3293 3263; x_wconf 86' lang='lat'><strong>16</strong></span> <span class='ocrx_word' id='word_1_756' title='bbox 3318 3209 3420 3281; x_wconf 77' lang='grc' dir='ltr'>μὲν</span> <span class='ocrx_word' id='word_1_757' title='bbox 3451 3211 3616 3283; x_wconf 84' lang='grc' dir='ltr'>σῶμα</span> 
     </span>
    </p>
   </div>
   <div class='ocr_carea' id='block_1_89' title="bbox 1934 3290 3621 3373">
    <p class='ocr_par' dir='ltr' id='par_1_89' title="bbox 1934 3290 3621 3373">
     <span class='ocr_line' id='line_1_90' title="bbox 1934 3290 3621 3373; baseline 0.005 -26"><span class='ocrx_word' id='word_1_758' title='bbox 1934 3290 2175 3347; x_wconf 83' lang='grc' dir='ltr'>ἐνταῦθα</span> <span class='ocrx_word' id='word_1_759' title='bbox 2205 3292 2363 3365; x_wconf 80' lang='grc' dir='ltr'>έχων,</span> <span class='ocrx_word' id='word_1_760' title='bbox 2397 3293 2496 3366; x_wconf 77' lang='grc' dir='ltr'>τὴν</span> <span class='ocrx_word' id='word_1_761' title='bbox 2523 3294 2581 3348; x_wconf 79' lang='grc' dir='ltr'>δὲ</span> <span class='ocrx_word' id='word_1_762' title='bbox 2602 3294 2842 3349; x_wconf 88' lang='grc' dir='ltr'>διάνοιαν</span> <span class='ocrx_word' id='word_1_763' title='bbox 2862 3295 3096 3367; x_wconf 87' lang='grc' dir='ltr'>ἀλλαχοῦ</span> <span class='ocrx_word' id='word_1_764' title='bbox 3124 3297 3504 3373; x_wconf 75' lang='grc' dir='ltr'>πλανωμένην⁸</span> <span class='ocrx_word' id='word_1_765' title='bbox 3529 3295 3621 3357; x_wconf 77' lang='grc' dir='ltr'>οὖ-</span> 
     </span>
    </p>
   </div>
   <div class='ocr_carea' id='block_1_90' title="bbox 1933 3378 3617 3458">
    <p class='ocr_par' dir='ltr' id='par_1_90' title="bbox 1933 3378 3617 3458">
     <span class='ocr_line' id='line_1_91' title="bbox 1933 3378 3617 3458; baseline 0.005 -23"><span class='ocrx_word' id='word_1_766' title='bbox 1933 3396 2026 3445; x_wconf 85' lang='grc' dir='ltr'>τος</span> <span class='ocrx_word' id='word_1_767' title='bbox 2052 3378 2155 3435; x_wconf 78' lang='grc' dir='ltr'>κάν</span> <span class='ocrx_word' id='word_1_768' title='bbox 2184 3381 2442 3454; x_wconf 84' lang='grc' dir='ltr'>νηστεύῃ,</span> <span class='ocrx_word' id='word_1_769' title='bbox 2465 3382 2606 3454; x_wconf 78' lang='grc' dir='ltr'>πρὸς</span> <span class='ocrx_word' id='word_1_770' title='bbox 2631 3382 2895 3454; x_wconf 82' lang='grc' dir='ltr'>ἀκρόασίν</span> <span class='ocrx_word' id='word_1_771' title='bbox 2929 3383 3078 3438; x_wconf 82' lang='grc' dir='ltr'>ἐστιν</span> <span class='ocrx_word' id='word_1_772' title='bbox 3099 3383 3394 3457; x_wconf 75' lang='grc' dir='ltr'>ἄχρηστος·</span> <span class='ocrx_word' id='word_1_773' title='bbox 3426 3389 3456 3441; x_wconf 92' lang='lat'>6</span> <span class='ocrx_word' id='word_1_774' title='bbox 3485 3390 3617 3458; x_wconf 76' lang='grc' dir='ltr'>μέν·</span> 
     </span>
    </p>
   </div>
   <div class='ocr_carea' id='block_1_91' title="bbox 1934 3467 3614 3548">
    <p class='ocr_par' dir='ltr' id='par_1_91' title="bbox 1934 3467 3614 3548">
     <span class='ocr_line' id='line_1_92' title="bbox 1934 3467 3614 3548; baseline 0.007 -27"><span class='ocrx_word' id='word_1_775' title='bbox 1934 3483 2017 3521; x_wconf 90' lang='grc' dir='ltr'>τοι</span> <span class='ocrx_word' id='word_1_776' title='bbox 2047 3467 2475 3540; x_wconf 87' lang='grc' dir='ltr'>διεγηγερμένος</span> <span class='ocrx_word' id='word_1_777' title='bbox 2501 3470 2596 3525; x_wconf 75' lang='grc' dir='ltr'>καὶ</span> <span class='ocrx_word' id='word_1_778' title='bbox 2626 3471 2812 3541; x_wconf 82' lang='grc' dir='ltr'>νήφων</span> <span class='ocrx_word' id='word_1_779' title='bbox 2834 3470 2929 3525; x_wconf 74' lang='grc' dir='ltr'>καὶ</span> <span class='ocrx_word' id='word_1_780' title='bbox 2968 3472 3258 3527; x_wconf 88' lang='grc' dir='ltr'>συντείνων</span> <span class='ocrx_word' id='word_1_781' title='bbox 3284 3474 3479 3530; x_wconf 80' lang='grc' dir='ltr'>ἐαυτοῦ</span> <span class='ocrx_word' id='word_1_782' title='bbox 3512 3477 3614 3548; x_wconf 78' lang='grc' dir='ltr'>τὴν</span> 
     </span>
    </p>
   </div>
   <div class='ocr_carea' id='block_1_92' title="bbox 1934 3552 3616 3636">
    <p class='ocr_par' dir='ltr' id='par_1_92' title="bbox 1934 3552 3616 3636">
     <span class='ocr_line' id='line_1_93' title="bbox 1934 3552 3616 3636; baseline 0.007 -29"><span class='ocrx_word' id='word_1_783' title='bbox 1934 3552 2189 3620; x_wconf 88' lang='grc' dir='ltr'>διάνοιαν,</span> <span class='ocrx_word' id='word_1_784' title='bbox 2231 3556 2334 3611; x_wconf 81' lang='grc' dir='ltr'>κᾶν</span> <span class='ocrx_word' id='word_1_785' title='bbox 2374 3555 2565 3625; x_wconf 85' lang='grc' dir='ltr'>φαγὼν</span> <span class='ocrx_word' id='word_1_786' title='bbox 2610 3557 2706 3612; x_wconf 74' lang='grc' dir='ltr'>καὶ</span> <span class='ocrx_word' id='word_1_787' title='bbox 2740 3557 3014 3624; x_wconf 85' lang='grc' dir='ltr'>πεπωκὼς</span> <span class='ocrx_word' id='word_1_788' title='bbox 3162 3559 3381 3618; x_wconf 86' lang='grc' dir='ltr'>πάντων</span> <span class='ocrx_word' id='word_1_789' title='bbox 3423 3565 3616 3636; x_wconf 77' lang='grc' dir='ltr'>ἐπιτη-</span> 
     </span>
    </p>
   </div>
   <div class='ocr_carea' id='block_1_93' title="bbox 1935 3640 3613 3726">
    <p class='ocr_par' dir='ltr' id='par_1_93' title="bbox 1935 3640 3613 3726">
     <span class='ocr_line' id='line_1_94' title="bbox 1935 3640 3613 3726; baseline 0.007 -30"><span class='ocrx_word' id='word_1_790' title='bbox 1935 3640 2207 3708; x_wconf 88' lang='grc' dir='ltr'>δειότατος</span> <span class='ocrx_word' id='word_1_791' title='bbox 2260 3644 2534 3718; x_wconf 76' lang='grc' dir='ltr'>ἀκροατὴς</span> <span class='ocrx_word' id='word_1_792' title='bbox 2592 3644 2659 3700; x_wconf 80' lang='grc' dir='ltr'>ἂν</span> <span class='ocrx_word' id='word_1_793' title='bbox 2721 3647 2848 3718; x_wconf 82' lang='grc' dir='ltr'>ἡμῖν</span> <span class='ocrx_word' id='word_1_794' title='bbox 2871 3647 3099 3716; x_wconf 84' lang='grc' dir='ltr'>γένοιτο.</span> <span class='ocrx_word' id='word_1_795' title='bbox 3171 3650 3296 3704; x_wconf 76' lang='grc' dir='ltr'>Ἐπὶ</span> <span class='ocrx_word' id='word_1_796' title='bbox 3344 3650 3446 3721; x_wconf 84' lang='grc' dir='ltr'>μὲν</span> <span class='ocrx_word' id='word_1_797' title='bbox 3502 3654 3613 3726; x_wconf 81' lang='grc' dir='ltr'>γάρ</span> 
     </span>
    </p>
   </div>
   <div class='ocr_carea' id='block_1_94' title="bbox 1933 3728 3613 3810">
    <p class='ocr_par' dir='ltr' id='par_1_94' title="bbox 1933 3728 3613 3810">
     <span class='ocr_line' id='line_1_95' title="bbox 1933 3728 3613 3810; baseline 0.007 -25"><span class='ocrx_word' id='word_1_798' title='bbox 1933 3728 2045 3785; x_wconf 86' lang='grc' dir='ltr'>τῶν</span> <span class='ocrx_word' id='word_1_799' title='bbox 2088 3731 2287 3799; x_wconf 81' lang='grc' dir='ltr'>ἐξωθεν</span> <span class='ocrx_word' id='word_1_800' title='bbox 2334 3734 2702 3807; x_wconf 83' lang='grc' dir='ltr'>δικαστηρίων</span> <span class='ocrx_word' id='word_1_801' title='bbox 2741 3736 2837 3790; x_wconf 65' lang='grc' dir='ltr'>καλ⁸</span> <span class='ocrx_word' id='word_1_802' title='bbox 2877 3735 3277 3810; x_wconf 87' lang='grc' dir='ltr'>βουλευτηρίων</span> <span class='ocrx_word' id='word_1_803' title='bbox 3323 3741 3548 3805; x_wconf 73' lang='grc' dir='ltr'>εἰκότως</span> <span class='ocrx_word' id='word_1_804' title='bbox 3581 3743 3613 3799; x_wconf 88' lang='grc' dir='ltr'>δ</span> 
     </span>
    </p>
   </div>
   <div class='ocr_carea' id='block_1_95' title="bbox 1934 3815 3612 3897">
    <p class='ocr_par' dir='ltr' id='par_1_95' title="bbox 1934 3815 3612 3897">
     <span class='ocr_line' id='line_1_96' title="bbox 1934 3815 3612 3897; baseline 0.007 -23"><span class='ocrx_word' id='word_1_805' title='bbox 1934 3818 2098 3891; x_wconf 91' lang='grc' dir='ltr'>νόμος</span> <span class='ocrx_word' id='word_1_806' title='bbox 2127 3815 2282 3886; x_wconf 76' lang='grc' dir='ltr'>οὗτος</span> <span class='ocrx_word' id='word_1_807' title='bbox 2315 3825 2639 3895; x_wconf 88' lang='grc' dir='ltr'>ἐκράτησεν·</span> <span class='ocrx_word' id='word_1_808' title='bbox 2672 3825 2793 3877; x_wconf 84' lang='grc' dir='ltr'>οὐδέ</span> <span class='ocrx_word' id='word_1_809' title='bbox 2830 3824 2940 3896; x_wconf 83' lang='grc' dir='ltr'>γὰρ</span> <span class='ocrx_word' id='word_1_810' title='bbox 2972 3824 3121 3879; x_wconf 84' lang='grc' dir='ltr'>ῐσασι</span> <span class='ocrx_word' id='word_1_811' title='bbox 3159 3826 3490 3897; x_wconf 84' lang='grc' dir='ltr'>φιλοσοφεῖν·</span> <span class='ocrx_word' id='word_1_812' title='bbox 3530 3830 3612 3886; x_wconf 76' lang='grc' dir='ltr'>διὸ</span> 
     </span>
    </p>
   </div>
   <div class='ocr_carea' id='block_1_96' title="bbox 1934 3909 3608 3989">
    <p class='ocr_par' dir='ltr' id='par_1_96' title="bbox 1934 3909 3608 3989">
     <span class='ocr_line' id='line_1_97' title="bbox 1934 3909 3608 3989; baseline 0.007 -27"><span class='ocrx_word' id='word_1_813' title='bbox 1934 3909 2056 3963; x_wconf 80' lang='grc' dir='ltr'>οὐδὲ</span> <span class='ocrx_word' id='word_1_814' title='bbox 2083 3910 2351 3965; x_wconf 85' lang='grc' dir='ltr'>ἐσθίουσιν</span> <span class='ocrx_word' id='word_1_815' title='bbox 2382 3912 2521 3966; x_wconf 84' lang='grc' dir='ltr'>ὥστε</span> <span class='ocrx_word' id='word_1_816' title='bbox 2553 3913 2849 3984; x_wconf 86' lang='grc' dir='ltr'>τραφῆναι,</span> <span class='ocrx_word' id='word_1_817' title='bbox 2894 3912 3010 3967; x_wconf 84' lang='grc' dir='ltr'>ἀλλ’</span> <span class='ocrx_word' id='word_1_818' title='bbox 3048 3913 3190 3968; x_wconf 85' lang='grc' dir='ltr'>ὥστε</span> <span class='ocrx_word' id='word_1_819' title='bbox 3222 3915 3608 3989; x_wconf 75' lang='grc' dir='ltr'>διαρραγῆναι·</span> 
     </span>
    </p>
   </div>
   <div class='ocr_carea' id='block_1_97' title="bbox 1936 3995 3610 4071">
    <p class='ocr_par' dir='ltr' id='par_1_97' title="bbox 1936 3995 3610 4071">
     <span class='ocr_line' id='line_1_98' title="bbox 1936 3995 3610 4071; baseline 0.007 -22"><span class='ocrx_word' id='word_1_820' title='bbox 1936 3995 2150 4052; x_wconf 87' lang='grc' dir='ltr'>πίνουσι</span> <span class='ocrx_word' id='word_1_821' title='bbox 2189 3997 2299 4070; x_wconf 83' lang='grc' dir='ltr'>γάρ</span> <span class='ocrx_word' id='word_1_822' title='bbox 2345 3998 2486 4070; x_wconf 86' lang='grc' dir='ltr'>ὑπὲρ</span> <span class='ocrx_word' id='word_1_823' title='bbox 2535 3998 2696 4070; x_wconf 85' lang='grc' dir='ltr'>κόρον</span> <span class='ocrx_word' id='word_1_824' title='bbox 2743 3999 3024 4064; x_wconf 89' lang='grc' dir='ltr'>πολλάκις·</span> <span class='ocrx_word' id='word_1_825' title='bbox 3056 4000 3144 4055; x_wconf 69' lang='grc' dir='ltr'>διὰ</span> <span class='ocrx_word' id='word_1_826' title='bbox 3183 4001 3342 4057; x_wconf 78' lang='grc' dir='ltr'>τοῦτο</span> <span class='ocrx_word' id='word_1_827' title='bbox 3379 4005 3610 4071; x_wconf 79' lang='grc' dir='ltr'>ἑαυτοὺς</span> 
     </span>
    </p>
   </div>
   <div class='ocr_carea' id='block_1_98' title="bbox 1934 4082 3605 4160">
    <p class='ocr_par' dir='ltr' id='par_1_98' title="bbox 1934 4082 3605 4160">
     <span class='ocr_line' id='line_1_99' title="bbox 1934 4082 3605 4160; baseline 0.006 -23"><span class='ocrx_word' id='word_1_828' title='bbox 1934 4082 2244 4154; x_wconf 82' lang='grc' dir='ltr'>ἀχρήστους</span> <span class='ocrx_word' id='word_1_829' title='bbox 2272 4085 2410 4156; x_wconf 83' lang='grc' dir='ltr'>πρὸς</span> <span class='ocrx_word' id='word_1_830' title='bbox 2443 4084 2543 4156; x_wconf 79' lang='grc' dir='ltr'>τὴν</span> <span class='ocrx_word' id='word_1_831' title='bbox 2591 4085 2701 4138; x_wconf 84' lang='grc' dir='ltr'>τῶν</span> <span class='ocrx_word' id='word_1_832' title='bbox 2752 4086 3093 4158; x_wconf 86' lang='grc' dir='ltr'>πραγμάτων</span> <span class='ocrx_word' id='word_1_833' title='bbox 3125 4087 3449 4160; x_wconf 79' lang='grc' dir='ltr'>οίκονομίαν.</span> <span class='ocrx_word' id='word_1_834' title='bbox 3469 4093 3605 4146; x_wconf 88' lang='grc' dir='ltr'>καθ-</span> 
     </span>
    </p>
   </div>
   <div class='ocr_carea' id='block_1_99' title="bbox 1939 4170 3605 4247">
    <p class='ocr_par' dir='ltr' id='par_1_99' title="bbox 1939 4170 3605 4247">
     <span class='ocr_line' id='line_1_100' title="bbox 1939 4170 3605 4247; baseline 0.007 -23"><span class='ocrx_word' id='word_1_835' title='bbox 1939 4170 2212 4236; x_wconf 83' lang='grc' dir='ltr'>ιστῶντες,</span> <span class='ocrx_word' id='word_1_836' title='bbox 2241 4173 2336 4226; x_wconf 76' lang='grc' dir='ltr'>καὶ</span> <span class='ocrx_word' id='word_1_837' title='bbox 2376 4172 2703 4244; x_wconf 88' lang='grc' dir='ltr'>δικαστήρια</span> <span class='ocrx_word' id='word_1_838' title='bbox 2749 4174 2845 4227; x_wconf 80' lang='grc' dir='ltr'>καὶ</span> <span class='ocrx_word' id='word_1_839' title='bbox 2874 4173 3229 4247; x_wconf 86' lang='grc' dir='ltr'>βουλευτήρια</span> <span class='ocrx_word' id='word_1_840' title='bbox 3259 4178 3605 4238; x_wconf 86' lang='grc' dir='ltr'>ἀποκλείουσι</span> 
     </span>
    </p>
   </div>
   <div class='ocr_carea' id='block_1_100' title="bbox 1936 4258 3603 4344">
    <p class='ocr_par' dir='ltr' id='par_1_100' title="bbox 1936 4258 3603 4344">
     <span class='ocr_line' id='line_1_101' title="bbox 1936 4258 3603 4344; baseline 0.008 -33"><span class='ocrx_word' id='word_1_841' title='bbox 1936 4258 2116 4332; x_wconf 85' lang='grc' dir='ltr'>δείλης</span> <span class='ocrx_word' id='word_1_842' title='bbox 2152 4262 2247 4316; x_wconf 72' lang='grc' dir='ltr'>καὶ</span> <span class='ocrx_word' id='word_1_843' title='bbox 2279 4261 2647 4334; x_wconf 71' lang='grc' dir='ltr'>μεσημϐρίας.</span> <span class='ocrx_word' id='word_1_844' title='bbox 2683 4263 2946 4317; x_wconf 78' lang='grc' dir='ltr'>Ἐνταῦθα</span> <span class='ocrx_word' id='word_1_845' title='bbox 2976 4262 3033 4317; x_wconf 82' lang='grc' dir='ltr'>δέ</span> <span class='ocrx_word' id='word_1_846' title='bbox 3066 4264 3218 4319; x_wconf 76' lang='grc' dir='ltr'>οὐδὲν</span> <span class='ocrx_word' id='word_1_847' title='bbox 3240 4266 3498 4323; x_wconf 81' lang='grc' dir='ltr'>τοιοῦτον·</span> <span class='ocrx_word' id='word_1_848' title='bbox 3527 4270 3603 4344; x_wconf 79' lang='grc' dir='ltr'>μὴ</span> 
     </span>
    </p>
   </div>
   <div class='ocr_carea' id='block_1_101' title="bbox 1934 4345 3607 4427">
    <p class='ocr_par' dir='ltr' id='par_1_101' title="bbox 1934 4345 3607 4427">
     <span class='ocr_line' id='line_1_102' title="bbox 1934 4345 3607 4427; baseline 0.002 -27"><span class='ocrx_word' id='word_1_849' title='bbox 1934 4345 2163 4414; x_wconf 82' lang='grc' dir='ltr'>γένοιτο·</span> <span class='ocrx_word' id='word_1_850' title='bbox 2201 4347 2318 4402; x_wconf 84' lang='grc' dir='ltr'>ἀλλ’</span> <span class='ocrx_word' id='word_1_851' title='bbox 2342 4351 2370 4402; x_wconf 88' lang='grc' dir='ltr'>ὁ</span> <span class='ocrx_word' id='word_1_852' title='bbox 2398 4348 2586 4419; x_wconf 84' lang='grc' dir='ltr'>φαγὼν</span> <span class='ocrx_word' id='word_1_853' title='bbox 2611 4348 2690 4420; x_wconf 78' lang='grc' dir='ltr'>τῷ</span> <span class='ocrx_word' id='word_1_854' title='bbox 2728 4350 3044 4421; x_wconf 87' lang='grc' dir='ltr'>νηστεύοντι</span> <span class='ocrx_word' id='word_1_855' title='bbox 3074 4352 3215 4407; x_wconf 88' lang='grc' dir='ltr'>κατά</span> <span class='ocrx_word' id='word_1_856' title='bbox 3238 4354 3338 4424; x_wconf 79' lang='grc' dir='ltr'>τὴν</span> <span class='ocrx_word' id='word_1_857' title='bbox 3370 4356 3469 4422; x_wconf 77' lang='grc' dir='ltr'>τῆς</span> <span class='ocrx_word' id='word_1_858' title='bbox 3497 4357 3607 4427; x_wconf 71' lang='grc' dir='ltr'>ψυ-</span> 
     </span>
    </p>
   </div>
   <div class='ocr_carea' id='block_1_102' title="bbox 1934 4433 3608 4518">
    <p class='ocr_par' dir='ltr' id='par_1_102' title="bbox 1934 4433 3608 4518">
     <span class='ocr_line' id='line_1_103' title="bbox 1934 4433 3608 4518; baseline 0.004 -27"><span class='ocrx_word' id='word_1_859' title='bbox 1934 4434 2036 4504; x_wconf 82' lang='grc' dir='ltr'>χῆς</span> <span class='ocrx_word' id='word_1_860' title='bbox 2069 4433 2421 4508; x_wconf 85' lang='grc' dir='ltr'>σωφροσύνην</span> <span class='ocrx_word' id='word_1_861' title='bbox 2454 4436 2749 4507; x_wconf 87' lang='grc' dir='ltr'>ἐφάμιλλος</span> <span class='ocrx_word' id='word_1_862' title='bbox 2784 4436 2956 4492; x_wconf 77' lang='grc' dir='ltr'>ἔσται·</span> <span class='ocrx_word' id='word_1_863' title='bbox 2984 4440 3044 4492; x_wconf 86' lang='grc' dir='ltr'>οὐ</span> <span class='ocrx_word' id='word_1_864' title='bbox 3071 4439 3181 4511; x_wconf 79' lang='grc' dir='ltr'>γάρ</span> <span class='ocrx_word' id='word_1_865' title='bbox 3213 4443 3352 4497; x_wconf 80' lang='grc' dir='ltr'>ὥστε</span> <span class='ocrx_word' id='word_1_866' title='bbox 3378 4444 3608 4518; x_wconf 77' lang='grc' dir='ltr'>διαρρῆ-</span> 
     </span>
    </p>
   </div>
   <div class='ocr_carea' id='block_1_103' title="bbox 1932 4519 3605 4604">
    <p class='ocr_par' dir='ltr' id='par_1_103' title="bbox 1932 4519 3605 4604">
     <span class='ocr_line' id='line_1_104' title="bbox 1932 4519 3605 4604; baseline 0.007 -29"><span class='ocrx_word' id='word_1_867' title='bbox 1932 4519 2067 4587; x_wconf 74' lang='grc' dir='ltr'>ξαιιι</span> <span class='ocrx_word' id='word_1_868' title='bbox 2097 4524 2195 4592; x_wconf 86' lang='grc' dir='ltr'>τὴν</span> <span class='ocrx_word' id='word_1_869' title='bbox 2238 4525 2500 4595; x_wconf 88' lang='grc' dir='ltr'>γαστέρα,</span> <span class='ocrx_word' id='word_1_870' title='bbox 2555 4524 2676 4578; x_wconf 81' lang='grc' dir='ltr'>οὐδὲ</span> <span class='ocrx_word' id='word_1_871' title='bbox 2729 4524 2869 4578; x_wconf 84' lang='grc' dir='ltr'>ὥστε</span> <span class='ocrx_word' id='word_1_872' title='bbox 2915 4527 3183 4581; x_wconf 83' lang='grc' dir='ltr'>σκοτῶσαι</span> <span class='ocrx_word' id='word_1_873' title='bbox 3222 4527 3313 4583; x_wconf 87' lang='grc' dir='ltr'>τδν</span> <span class='ocrx_word' id='word_1_874' title='bbox 3347 4530 3605 4604; x_wconf 77' lang='grc' dir='ltr'>λογισμ)ν</span> 
     </span>
    </p>
   </div>
   <div class='ocr_carea' id='block_1_104' title="bbox 1931 4607 3594 4695">
    <p class='ocr_par' dir='ltr' id='par_1_104' title="bbox 1931 4607 3594 4695">
     <span class='ocr_line' id='line_1_105' title="bbox 1931 4607 3594 4695; baseline 0.007 -33"><span class='ocrx_word' id='word_1_875' title='bbox 1931 4607 2100 4663; x_wconf 82' lang='grc' dir='ltr'>ἐσθίει</span> <span class='ocrx_word' id='word_1_876' title='bbox 2132 4612 2224 4664; x_wconf 75' lang='grc' dir='ltr'>καὶ</span> <span class='ocrx_word' id='word_1_877' title='bbox 2253 4612 2419 4679; x_wconf 87' lang='grc' dir='ltr'>πίνει,</span> <span class='ocrx_word' id='word_1_878' title='bbox 2442 4611 2557 4666; x_wconf 86' lang='grc' dir='ltr'>ἀλλ’</span> <span class='ocrx_word' id='word_1_879' title='bbox 2584 4612 2725 4667; x_wconf 83' lang='grc' dir='ltr'>ὥστε</span> <span class='ocrx_word' id='word_1_880' title='bbox 2751 4613 2811 4667; x_wconf 86' lang='grc' dir='ltr'>τὸ</span> <span class='ocrx_word' id='word_1_881' title='bbox 2839 4613 2998 4674; x_wconf 82' lang='grc' dir='ltr'>σῶμα</span> <span class='ocrx_word' id='word_1_882' title='bbox 3029 4615 3330 4687; x_wconf 78' lang='grc' dir='ltr'>ἡσθενηκδς</span> <span class='ocrx_word' id='word_1_883' title='bbox 3358 4619 3594 4695; x_wconf 78' lang='grc' dir='ltr'>ἀνακτήο</span> 
     </span>
    </p>
   </div>
   <div class='ocr_carea' id='block_1_105' title="bbox 1931 4696 2146 4751">
    <p class='ocr_par' dir='ltr' id='par_1_105' title="bbox 1931 4696 2146 4751">
     <span class='ocr_line' id='line_1_106' title="bbox 1931 4696 2146 4751; baseline 0.009 -3"><span class='ocrx_word' id='word_1_884' title='bbox 1931 4696 2146 4751; x_wconf 90' lang='grc' dir='ltr'>σασθαι.</span> 
     </span>
    </p>
   </div>
   <div class='ocr_carea' id='block_1_106' title="bbox 2001 4782 3603 4864">
    <p class='ocr_par' dir='ltr' id='par_1_106' title="bbox 2001 4782 3603 4864">
     <span class='ocr_line' id='line_1_107' title="bbox 2001 4782 3603 4864; baseline 0.01 -27"><span class='ocrx_word' id='word_1_885' title='bbox 2001 4782 2064 4853; x_wconf 85' lang='grc' dir='ltr'>β’.</span> <span class='ocrx_word' id='word_1_886' title='bbox 2095 4783 2254 4839; x_wconf 84' lang='grc' dir='ltr'>Ἀλλά</span> <span class='ocrx_word' id='word_1_887' title='bbox 2268 4789 2367 4856; x_wconf 86' lang='grc' dir='ltr'>τῆς</span> <span class='ocrx_word' id='word_1_888' title='bbox 2385 4787 2483 4857; x_wconf 82' lang='grc' dir='ltr'>μὲν</span> <span class='ocrx_word' id='word_1_889' title='bbox 2501 4789 2875 4860; x_wconf 87' lang='grc' dir='ltr'>παραινέσεως</span> <span class='ocrx_word' id='word_1_890' title='bbox 2888 4789 3089 4862; x_wconf 77' lang='grc' dir='ltr'>ταύτης</span> <span class='ocrx_word' id='word_1_891' title='bbox 3113 4791 3252 4855; x_wconf 81' lang='grc' dir='ltr'>άλις,</span> <span class='ocrx_word' id='word_1_892' title='bbox 3278 4793 3397 4864; x_wconf 83' lang='grc' dir='ltr'>ὥρα</span> <span class='ocrx_word' id='word_1_893' title='bbox 3416 4796 3474 4850; x_wconf 83' lang='grc' dir='ltr'>δὲ</span> <span class='ocrx_word' id='word_1_894' title='bbox 3488 4797 3603 4853; x_wconf 84' lang='grc' dir='ltr'>λοι-</span> 
     </span>
    </p>
   </div>
   <div class='ocr_carea' id='block_1_107' title="bbox 1927 4866 3602 4945">
    <p class='ocr_par' dir='ltr' id='par_1_107' title="bbox 1927 4866 3602 4945">
     <span class='ocr_line' id='line_1_108' title="bbox 1927 4866 3602 4945; baseline 0.012 -25"><span class='ocrx_word' id='word_1_895' title='bbox 1927 4866 2027 4921; x_wconf 80' lang='grc' dir='ltr'>πὸν</span> <span class='ocrx_word' id='word_1_896' title='bbox 2055 4869 2156 4940; x_wconf 88' lang='grc' dir='ltr'>τῆς</span> <span class='ocrx_word' id='word_1_897' title='bbox 2185 4870 2489 4937; x_wconf 85' lang='grc' dir='ltr'>ὑποθέσεως</span> <span class='ocrx_word' id='word_1_898' title='bbox 2528 4873 2798 4943; x_wconf 73' lang='grc' dir='ltr'>ἅψασθαι·</span> <span class='ocrx_word' id='word_1_899' title='bbox 2844 4875 3020 4930; x_wconf 87' lang='grc' dir='ltr'>καίτοι</span> <span class='ocrx_word' id='word_1_900' title='bbox 3064 4893 3128 4945; x_wconf 90' lang='grc' dir='ltr'>γε</span> <span class='ocrx_word' id='word_1_901' title='bbox 3172 4879 3461 4936; x_wconf 89' lang='grc' dir='ltr'>ἀναδύεται</span> <span class='ocrx_word' id='word_1_902' title='bbox 3505 4885 3602 4939; x_wconf 63' lang='grc' dir='ltr'>καὶ⁹</span> 
     </span>
    </p>
   </div>
   <div class='ocr_carea' id='block_1_108' title="bbox 1926 4953 3601 5039">
    <p class='ocr_par' dir='ltr' id='par_1_108' title="bbox 1926 4953 3601 5039">
     <span class='ocr_line' id='line_1_109' title="bbox 1926 4953 3601 5039; baseline 0.011 -32"><span class='ocrx_word' id='word_1_903' title='bbox 1926 4953 2075 5009; x_wconf 84' lang='grc' dir='ltr'>ὀκνεῖ</span> <span class='ocrx_word' id='word_1_904' title='bbox 2098 4956 2233 5025; x_wconf 84' lang='grc' dir='ltr'>πρὸς</span> <span class='ocrx_word' id='word_1_905' title='bbox 2263 4957 2362 5029; x_wconf 80' lang='grc' dir='ltr'>τὴν</span> <span class='ocrx_word' id='word_1_906' title='bbox 2391 4959 2735 5014; x_wconf 87' lang='grc' dir='ltr'>διδασκαλίαν</span> <span class='ocrx_word' id='word_1_907' title='bbox 2760 4960 2965 5033; x_wconf 90' lang='grc' dir='ltr'>ταύτην</span> <span class='ocrx_word' id='word_1_908' title='bbox 2992 4964 3124 5034; x_wconf 89' lang='grc' dir='ltr'>ἡμῖν</span> <span class='ocrx_word' id='word_1_909' title='bbox 3165 4967 3194 5018; x_wconf 88' lang='lat'>6</span> <span class='ocrx_word' id='word_1_910' title='bbox 3229 4967 3484 5039; x_wconf 76' lang='grc' dir='ltr'>λογισμὸς</span> <span class='ocrx_word' id='word_1_911' title='bbox 3509 4971 3601 5027; x_wconf 82' lang='grc' dir='ltr'>διά</span> 
     </span>
    </p>
   </div>
   <div class='ocr_carea' id='block_1_109' title="bbox 1924 5041 3596 5127">
    <p class='ocr_par' dir='ltr' id='par_1_109' title="bbox 1924 5041 3596 5127">
     <span class='ocr_line' id='line_1_110' title="bbox 1924 5041 3596 5127; baseline 0.01 -34"><span class='ocrx_word' id='word_1_912' title='bbox 1924 5041 2052 5106; x_wconf 80' lang='grc' dir='ltr'>τοὺς</span> <span class='ocrx_word' id='word_1_913' title='bbox 2080 5043 2152 5113; x_wconf 81' lang='grc' dir='ltr'>μὴ</span> <span class='ocrx_word' id='word_1_914' title='bbox 2181 5046 2673 5116; x_wconf 75' lang='grc' dir='ltr'>παραγενομένους.</span> <span class='ocrx_word' id='word_1_915' title='bbox 2699 5047 2810 5101; x_wconf 72' lang='grc' dir='ltr'>Καὶ</span> <span class='ocrx_word' id='word_1_916' title='bbox 2839 5048 3086 5120; x_wconf 88' lang='grc' dir='ltr'>καθάπερ</span> <span class='ocrx_word' id='word_1_917' title='bbox 3108 5051 3292 5123; x_wconf 86' lang='grc' dir='ltr'>μήτηρ</span> <span class='ocrx_word' id='word_1_918' title='bbox 3317 5054 3596 5127; x_wconf 81' lang='grc' dir='ltr'>φιλόστορ-</span> 
     </span>
    </p>
   </div>
   <div class='ocr_carea' id='block_1_110' title="bbox 1925 5131 3597 5211">
    <p class='ocr_par' dir='ltr' id='par_1_110' title="bbox 1925 5131 3597 5211">
     <span class='ocr_line' id='line_1_111' title="bbox 1925 5131 3597 5211; baseline 0.008 -30"><span class='ocrx_word' id='word_1_919' title='bbox 1925 5143 2022 5196; x_wconf 88' lang='grc' dir='ltr'>γος</span> <span class='ocrx_word' id='word_1_920' title='bbox 2050 5131 2327 5201; x_wconf 80' lang='grc' dir='ltr'>τράπεζαν</span> <span class='ocrx_word' id='word_1_921' title='bbox 2354 5133 2550 5204; x_wconf 77' lang='grc' dir='ltr'>ἔχουσα</span> <span class='ocrx_word' id='word_1_922' title='bbox 2588 5133 2928 5205; x_wconf 88' lang='grc' dir='ltr'>παραθεῖναι,</span> <span class='ocrx_word' id='word_1_923' title='bbox 2955 5137 3065 5190; x_wconf 81' lang='grc' dir='ltr'>τῶν</span> <span class='ocrx_word' id='word_1_924' title='bbox 3095 5139 3297 5193; x_wconf 82' lang='grc' dir='ltr'>παίδων</span> <span class='ocrx_word' id='word_1_925' title='bbox 3332 5140 3405 5211; x_wconf 83' lang='grc' dir='ltr'>μὴ</span> <span class='ocrx_word' id='word_1_926' title='bbox 3450 5159 3597 5211; x_wconf 84' lang='grc' dir='ltr'>πσρ-</span> 
     </span>
    </p>
   </div>
   <div class='ocr_carea' id='block_1_111' title="bbox 1924 5215 3593 5297">
    <p class='ocr_par' dir='ltr' id='par_1_111' title="bbox 1924 5215 3593 5297">
     <span class='ocr_line' id='line_1_112' title="bbox 1924 5215 3593 5297; baseline 0.01 -30"><span class='ocrx_word' id='word_1_927' title='bbox 1924 5215 2091 5270; x_wconf 87' lang='grc' dir='ltr'>όντων</span> <span class='ocrx_word' id='word_1_928' title='bbox 2125 5219 2377 5273; x_wconf 85' lang='grc' dir='ltr'>ἁπάντων</span> <span class='ocrx_word' id='word_1_929' title='bbox 2404 5221 2558 5289; x_wconf 85' lang='grc' dir='ltr'>ἀλγεῖ</span> <span class='ocrx_word' id='word_1_930' title='bbox 2588 5222 2680 5274; x_wconf 57' lang='grc' dir='ltr'>καὶ¹</span> <span class='ocrx_word' id='word_1_931' title='bbox 2713 5222 2990 5277; x_wconf 84' lang='grc' dir='ltr'>ὀδυνᾶται·</span> <span class='ocrx_word' id='word_1_932' title='bbox 3021 5223 3177 5279; x_wconf 77' lang='grc' dir='ltr'>τοῦτο</span> <span class='ocrx_word' id='word_1_933' title='bbox 3203 5227 3265 5297; x_wconf 83' lang='grc' dir='ltr'>δὴ</span> <span class='ocrx_word' id='word_1_934' title='bbox 3300 5228 3454 5295; x_wconf 85' lang='grc' dir='ltr'>κάγὼ</span> <span class='ocrx_word' id='word_1_935' title='bbox 3487 5230 3593 5284; x_wconf 74' lang='grc' dir='ltr'>πά-</span> 
     </span>
    </p>
   </div>
   <div class='ocr_carea' id='block_1_112' title="bbox 1926 5302 3595 5386">
    <p class='ocr_par' dir='ltr' id='par_1_112' title="bbox 1926 5302 3595 5386">
     <span class='ocr_line' id='line_1_113' title="bbox 1926 5302 3595 5386; baseline 0.01 -32"><span class='ocrx_word' id='word_1_936' title='bbox 1926 5318 2039 5373; x_wconf 86' lang='grc' dir='ltr'>σχω</span> <span class='ocrx_word' id='word_1_937' title='bbox 2070 5302 2187 5369; x_wconf 80' lang='grc' dir='ltr'>νῦν,</span> <span class='ocrx_word' id='word_1_938' title='bbox 2225 5306 2318 5359; x_wconf 58' lang='grc' dir='ltr'>καὶ¹</span> <span class='ocrx_word' id='word_1_939' title='bbox 2356 5305 2462 5360; x_wconf 87' lang='grc' dir='ltr'>τῶν</span> <span class='ocrx_word' id='word_1_940' title='bbox 2506 5306 2750 5374; x_wconf 84' lang='grc' dir='ltr'>ἀδελφῶν</span> <span class='ocrx_word' id='word_1_941' title='bbox 2791 5308 2901 5363; x_wconf 87' lang='grc' dir='ltr'>τῶν</span> <span class='ocrx_word' id='word_1_942' title='bbox 2942 5311 3225 5383; x_wconf 84' lang='grc' dir='ltr'>ἡμετέρων</span> <span class='ocrx_word' id='word_1_943' title='bbox 3269 5311 3463 5366; x_wconf 85' lang='grc' dir='ltr'>ἐννοῶν</span> <span class='ocrx_word' id='word_1_944' title='bbox 3495 5316 3595 5386; x_wconf 83' lang='grc' dir='ltr'>τὴν</span> 
     </span>
    </p>
   </div>
   <div class='ocr_carea' id='block_1_113' title="bbox 1922 5387 3595 5468">
    <p class='ocr_par' dir='ltr' id='par_1_113' title="bbox 1922 5387 3595 5468">
     <span class='ocr_line' id='line_1_114' title="bbox 1922 5387 3595 5468; baseline 0.008 -27"><span class='ocrx_word' id='word_1_945' title='bbox 1922 5387 2208 5449; x_wconf 85' lang='grc' dir='ltr'>ἀπουσίαν,</span> <span class='ocrx_word' id='word_1_946' title='bbox 2240 5393 2534 5464; x_wconf 85' lang='grc' dir='ltr'>ἀναδύομαι</span> <span class='ocrx_word' id='word_1_947' title='bbox 2577 5393 2714 5463; x_wconf 80' lang='grc' dir='ltr'>πρὸς</span> <span class='ocrx_word' id='word_1_948' title='bbox 2754 5395 2851 5465; x_wconf 85' lang='grc' dir='ltr'>τὴν</span> <span class='ocrx_word' id='word_1_949' title='bbox 2891 5395 3094 5452; x_wconf 76' lang='grc' dir='ltr'>ἔκτισιν</span> <span class='ocrx_word' id='word_1_950' title='bbox 3116 5414 3130 5426; x_wconf 90' lang='grc'>·</span> <span class='ocrx_word' id='word_1_951' title='bbox 3169 5397 3282 5449; x_wconf 84' lang='grc' dir='ltr'>ἀλλ’</span> <span class='ocrx_word' id='word_1_952' title='bbox 3312 5399 3470 5468; x_wconf 87' lang='grc' dir='ltr'>ὑμεῖς</span> <span class='ocrx_word' id='word_1_953' title='bbox 3497 5401 3595 5454; x_wconf 77' lang='grc' dir='ltr'>κύο</span> 
     </span>
    </p>
   </div>
   <div class='ocr_carea' id='block_1_114' title="bbox 1925 5479 3595 5560">
    <p class='ocr_par' dir='ltr' id='par_1_114' title="bbox 1925 5479 3595 5560">
     <span class='ocr_line' id='line_1_115' title="bbox 1925 5479 3595 5560; baseline 0.011 -31"><span class='ocrx_word' id='word_1_954' title='bbox 1925 5494 2031 5548; x_wconf 86' lang='grc' dir='ltr'>ριοι</span> <span class='ocrx_word' id='word_1_955' title='bbox 2064 5479 2155 5533; x_wconf 84' lang='grc' dir='ltr'>τὸν</span> <span class='ocrx_word' id='word_1_956' title='bbox 2180 5481 2337 5535; x_wconf 75' lang='grc' dir='ltr'>ὄκνον</span> <span class='ocrx_word' id='word_1_957' title='bbox 2365 5484 2552 5536; x_wconf 74' lang='grc' dir='ltr'>τοῦτον</span> <span class='ocrx_word' id='word_1_958' title='bbox 2583 5482 2850 5538; x_wconf 79' lang='grc' dir='ltr'>ἐκϐαλεῖν.</span> <span class='ocrx_word' id='word_1_959' title='bbox 2892 5485 2955 5538; x_wconf 85' lang='grc' dir='ltr'><strong>Εἰ</strong></span> <span class='ocrx_word' id='word_1_960' title='bbox 2994 5484 3104 5556; x_wconf 78' lang='grc' dir='ltr'>γὰρ</span> <span class='ocrx_word' id='word_1_961' title='bbox 3147 5485 3469 5555; x_wconf 83' lang='grc' dir='ltr'>ὑπόσχοισθὲ</span> <span class='ocrx_word' id='word_1_962' title='bbox 3503 5504 3595 5560; x_wconf 80' lang='grc' dir='ltr'>μοι</span> 
     </span>
    </p>
   </div>
   <div class='ocr_carea' id='block_1_115' title="bbox 1926 5566 3587 5649">
    <p class='ocr_par' dir='ltr' id='par_1_115' title="bbox 1926 5566 3587 5649">
     <span class='ocr_line' id='line_1_116' title="bbox 1926 5566 3587 5649; baseline 0.006 -27"><span class='ocrx_word' id='word_1_963' title='bbox 1926 5566 2064 5637; x_wconf 84' lang='grc' dir='ltr'>μετά</span> <span class='ocrx_word' id='word_1_964' title='bbox 2101 5569 2383 5643; x_wconf 76' lang='grc' dir='ltr'>ἀκριϐείας</span> <span class='ocrx_word' id='word_1_965' title='bbox 2421 5569 2636 5623; x_wconf 76' lang='grc' dir='ltr'>ἅπαντα</span> <span class='ocrx_word' id='word_1_966' title='bbox 2666 5571 2803 5642; x_wconf 83' lang='grc' dir='ltr'>πρὸς</span> <span class='ocrx_word' id='word_1_967' title='bbox 2838 5571 3077 5638; x_wconf 86' lang='grc' dir='ltr'>ἐκείνους</span> <span class='ocrx_word' id='word_1_968' title='bbox 3114 5571 3587 5649; x_wconf 82' lang='grc' dir='ltr'>διαπορθμεύσειν,</span> 
     </span>
    </p>
   </div>
   <div class='ocr_carea' id='block_1_116' title="bbox 1988 5712 2472 5776">
    <p class='ocr_par' dir='ltr' id='par_1_116' title="bbox 1988 5712 2472 5776">
     <span class='ocr_line' id='line_1_117' title="bbox 1988 5712 2472 5776; baseline -0.002 -13"><span class='ocrx_word' id='word_1_969' title='bbox 1988 5712 2013 5776; x_wconf 61' lang='grc' dir='ltr'><strong>ξ</strong></span> <span class='ocrx_word' id='word_1_970' title='bbox 2036 5712 2135 5763; x_wconf 72' lang='lat' dir='ltr'>Alii</span> <span class='ocrx_word' id='word_1_971' title='bbox 2163 5712 2472 5776; x_wconf 80' lang='grc' dir='ltr'>μανθάνωσιν.</span> 
     </span>
    </p>
   </div>
   <div class='ocr_carea' id='block_1_117' title="bbox 1989 5771 2795 5837">
    <p class='ocr_par' dir='ltr' id='par_1_117' title="bbox 1989 5771 2795 5837">
     <span class='ocr_line' id='line_1_118' title="bbox 1989 5771 2795 5837; baseline -0.001 -15"><span class='ocrx_word' id='word_1_972' title='bbox 1989 5771 2012 5837; x_wconf 60' lang='grc' dir='ltr'>ί</span> <span class='ocrx_word' id='word_1_973' title='bbox 2039 5776 2135 5837; x_wconf 68' lang='grc' dir='ltr'>ᾼὶἱῇ</span> <span class='ocrx_word' id='word_1_974' title='bbox 2158 5771 2387 5837; x_wconf 76' lang='grc' dir='ltr'>μετέχειν,</span> <span class='ocrx_word' id='word_1_975' title='bbox 2412 5772 2497 5824; x_wconf 70' lang='lat' dir='ltr'>alii</span> <span class='ocrx_word' id='word_1_976' title='bbox 2525 5771 2795 5836; x_wconf 83' lang='grc' dir='ltr'>μετασχεῖν.</span> 
     </span>
    </p>
   </div>
   <div class='ocr_carea' id='block_1_118' title="bbox 1986 5824 2454 5897">
    <p class='ocr_par' dir='ltr' id='par_1_118' title="bbox 1986 5824 2454 5897">
     <span class='ocr_line' id='line_1_119' title="bbox 1986 5824 2454 5897; baseline -0.009 -13"><span class='ocrx_word' id='word_1_977' title='bbox 1986 5836 2013 5897; x_wconf 62' lang='grc' dir='ltr'><strong>β</strong></span> <span class='ocrx_word' id='word_1_978' title='bbox 2039 5833 2135 5884; x_wconf 78' lang='lat' dir='ltr'><strong>Alii</strong></span> <span class='ocrx_word' id='word_1_979' title='bbox 2159 5824 2454 5897; x_wconf 57' lang='grc' dir='ltr'>ἐκλυόμενος.</span> 
     </span>
    </p>
   </div>
   <div class='ocr_carea' id='block_1_119' title="bbox 1981 5894 2481 5961">
    <p class='ocr_par' dir='ltr' id='par_1_119' title="bbox 1981 5894 2481 5961">
     <span class='ocr_line' id='line_1_120' title="bbox 1981 5894 2481 5961; baseline -0.01 -12"><span class='ocrx_word' id='word_1_980' title='bbox 1981 5894 2010 5939; x_wconf 62' lang='grc' dir='ltr'>δ</span> <span class='ocrx_word' id='word_1_981' title='bbox 2037 5898 2137 5949; x_wconf 81' lang='lat' dir='ltr'>Alii</span> <span class='ocrx_word' id='word_1_982' title='bbox 2162 5894 2481 5961; x_wconf 62' lang='grc' dir='ltr'>διαρραγῆναι.</span> 
     </span>
    </p>
   </div>
  </div>
