  <div class='ocr_page' id='page_1' title='image "/cluster/home/n/w/nwhite01/storage/ocr_20150623/49/mdp.39015028539461/109.png"; bbox 0 0 3920 6224; ppageno 0'>
   <div class='ocr_carea' id='block_1_1' title="bbox 330 249 433 304">
    <p class='ocr_par' dir='ltr' id='par_1_1' title="bbox 330 249 433 304">
     <span class='ocr_line' id='line_1_1' title="bbox 330 249 433 304; baseline 0 0"><span class='ocrx_word' id='word_1_1' title='bbox 330 249 433 304; x_wconf 74' lang='grc'>105</span> 
     </span>
    </p>
   </div>
   <div class='ocr_carea' id='block_1_2' title="bbox 326 355 1998 432">
    <p class='ocr_par' dir='ltr' id='par_1_2' title="bbox 326 355 1998 432">
     <span class='ocr_line' id='line_1_2' title="bbox 326 355 1998 432; baseline 0 -18"><span class='ocrx_word' id='word_1_2' title='bbox 326 359 467 431; x_wconf 83' lang='grc' dir='ltr'>μετά</span> <span class='ocrx_word' id='word_1_3' title='bbox 489 357 794 432; x_wconf 77' lang='grc' dir='ltr'>προθυμίας</span> <span class='ocrx_word' id='word_1_4' title='bbox 823 357 974 427; x_wconf 78' lang='grc' dir='ltr'>ἡμεῖς</span> <span class='ocrx_word' id='word_1_5' title='bbox 998 357 1210 412; x_wconf 73' lang='grc' dir='ltr'>ἅπαντα</span> <span class='ocrx_word' id='word_1_6' title='bbox 1237 355 1648 424; x_wconf 78' lang='grc' dir='ltr'>καταϐαλοῦμεν</span> <span class='ocrx_word' id='word_1_7' title='bbox 1670 357 1798 428; x_wconf 81' lang='grc' dir='ltr'>ὑμῖν</span> <span class='ocrx_word' id='word_1_8' title='bbox 1815 374 1829 388; x_wconf 76' lang='grc' dir='ltr'><strong><em>ο</em></strong></span> <span class='ocrx_word' id='word_1_9' title='bbox 1851 355 1998 414; x_wconf 75' lang='grc' dir='ltr'>οὕτω</span> 
     </span>
    </p>
   </div>
   <div class='ocr_carea' id='block_1_3' title="bbox 324 443 1994 518">
    <p class='ocr_par' dir='ltr' id='par_1_3' title="bbox 324 443 1994 518">
     <span class='ocr_line' id='line_1_3' title="bbox 324 443 1994 518; baseline -0.001 -18"><span class='ocrx_word' id='word_1_10' title='bbox 324 445 434 518; x_wconf 80' lang='grc' dir='ltr'>γὰρ</span> <span class='ocrx_word' id='word_1_11' title='bbox 456 443 684 508; x_wconf 85' lang='grc' dir='ltr'>ἐκείνοις</span> <span class='ocrx_word' id='word_1_12' title='bbox 705 461 763 498; x_wconf 90' lang='grc' dir='ltr'>τε</span> <span class='ocrx_word' id='word_1_13' title='bbox 788 443 939 498; x_wconf 76' lang='grc' dir='ltr'>ἔσται</span> <span class='ocrx_word' id='word_1_14' title='bbox 965 445 1062 515; x_wconf 84' lang='grc' dir='ltr'>τῆς</span> <span class='ocrx_word' id='word_1_15' title='bbox 1091 444 1354 508; x_wconf 83' lang='grc' dir='ltr'>ἀπουσίας</span> <span class='ocrx_word' id='word_1_16' title='bbox 1385 444 1706 516; x_wconf 87' lang='grc' dir='ltr'>παραμυθία</span> <span class='ocrx_word' id='word_1_17' title='bbox 1731 445 1830 515; x_wconf 85' lang='grc' dir='ltr'>τῆς</span> <span class='ocrx_word' id='word_1_18' title='bbox 1858 447 1994 517; x_wconf 81' lang='grc' dir='ltr'>ὑμε-</span> 
     </span>
    </p>
   </div>
   <div class='ocr_carea' id='block_1_4' title="bbox 327 530 2000 604">
    <p class='ocr_par' dir='ltr' id='par_1_4' title="bbox 327 530 2000 604">
     <span class='ocr_line' id='line_1_4' title="bbox 327 530 2000 604; baseline -0.002 -18"><span class='ocrx_word' id='word_1_19' title='bbox 327 533 489 602; x_wconf 84' lang='grc' dir='ltr'>τέρας</span> <span class='ocrx_word' id='word_1_20' title='bbox 513 530 734 600; x_wconf 80' lang='grc' dir='ltr'>ἀγάπης</span> <span class='ocrx_word' id='word_1_21' title='bbox 765 532 800 601; x_wconf 80' lang='grc' dir='ltr'>ή</span> <span class='ocrx_word' id='word_1_22' title='bbox 836 531 1173 598; x_wconf 84' lang='grc' dir='ltr'>διδασκαλία,</span> <span class='ocrx_word' id='word_1_23' title='bbox 1201 531 1358 602; x_wconf 81' lang='grc' dir='ltr'><strong>ὑμεῖς</strong></span> <span class='ocrx_word' id='word_1_24' title='bbox 1397 548 1459 584; x_wconf 87' lang='grc' dir='ltr'>τε</span> <span class='ocrx_word' id='word_1_25' title='bbox 1499 531 2000 604; x_wconf 83' lang='grc' dir='ltr'>προσεκτικὼτερον</span> 
     </span>
    </p>
   </div>
   <div class='ocr_carea' id='block_1_5' title="bbox 331 617 1998 690">
    <p class='ocr_par' dir='ltr' id='par_1_5' title="bbox 331 617 1998 690">
     <span class='ocr_line' id='line_1_5' title="bbox 331 617 1998 690; baseline 0.001 -20"><span class='ocrx_word' id='word_1_26' title='bbox 331 617 484 689; x_wconf 78' lang='grc' dir='ltr'>ήμῶν</span> <span class='ocrx_word' id='word_1_27' title='bbox 507 618 824 682; x_wconf 74' lang='grc' dir='ltr'>ἀκούσεσθε,</span> <span class='ocrx_word' id='word_1_28' title='bbox 841 617 1038 681; x_wconf 81' lang='grc' dir='ltr'>εἰδότες</span> <span class='ocrx_word' id='word_1_29' title='bbox 1057 619 1137 672; x_wconf 80' lang='grc' dir='ltr'>ὅτι</span> <span class='ocrx_word' id='word_1_30' title='bbox 1158 618 1250 672; x_wconf 74' lang='grc' dir='ltr'>καὶ</span> <span class='ocrx_word' id='word_1_31' title='bbox 1275 618 1411 690; x_wconf 84' lang='grc' dir='ltr'>πρὸς</span> <span class='ocrx_word' id='word_1_32' title='bbox 1430 619 1648 689; x_wconf 83' lang='grc' dir='ltr'>ἐτέρους</span> <span class='ocrx_word' id='word_1_33' title='bbox 1675 620 1801 690; x_wconf 85' lang='grc' dir='ltr'>ὑμῖν</span> <span class='ocrx_word' id='word_1_34' title='bbox 1817 620 1998 686; x_wconf 87' lang='grc' dir='ltr'>ἀπαγ⁶</span> 
     </span>
    </p>
   </div>
   <div class='ocr_carea' id='block_1_6' title="bbox 329 697 1998 780">
    <p class='ocr_par' dir='ltr' id='par_1_6' title="bbox 329 697 1998 780">
     <span class='ocr_line' id='line_1_6' title="bbox 329 697 1998 780; baseline 0.002 -22"><span class='ocrx_word' id='word_1_35' title='bbox 329 705 502 767; x_wconf 80' lang='grc' dir='ltr'>γεῖλαι</span> <span class='ocrx_word' id='word_1_36' title='bbox 533 705 705 760; x_wconf 81' lang='grc' dir='ltr'>ταῦτα</span> <span class='ocrx_word' id='word_1_37' title='bbox 729 697 964 776; x_wconf 63' lang='grc' dir='ltr'>ἀνάγκη.</span> <span class='ocrx_word' id='word_1_38' title='bbox 1001 707 1118 760; x_wconf 85' lang='grc' dir='ltr'>Ἵνα</span> <span class='ocrx_word' id='word_1_39' title='bbox 1143 701 1236 761; x_wconf 78' lang='grc' dir='ltr'>οὖν</span> <span class='ocrx_word' id='word_1_40' title='bbox 1265 706 1596 777; x_wconf 85' lang='grc' dir='ltr'>σαφέστερος</span> <span class='ocrx_word' id='word_1_41' title='bbox 1618 711 1750 780; x_wconf 85' lang='grc' dir='ltr'>ἡμῖν</span> <span class='ocrx_word' id='word_1_42' title='bbox 1785 711 1812 762; x_wconf 92' lang='lat'>6</span> <span class='ocrx_word' id='word_1_43' title='bbox 1843 707 1998 778; x_wconf 80' lang='grc' dir='ltr'>λόγος</span> 
     </span>
    </p>
   </div>
   <div class='ocr_carea' id='block_1_7' title="bbox 327 791 1678 866">
    <p class='ocr_par' dir='ltr' id='par_1_7' title="bbox 327 791 1678 866">
     <span class='ocr_line' id='line_1_7' title="bbox 327 791 1678 866; baseline 0.002 -21"><span class='ocrx_word' id='word_1_44' title='bbox 327 793 570 864; x_wconf 88' lang='grc' dir='ltr'>γένηται,</span> <span class='ocrx_word' id='word_1_45' title='bbox 599 793 802 847; x_wconf 70' lang='grc' dir='ltr'>ἀνωθεν</span> <span class='ocrx_word' id='word_1_46' title='bbox 831 791 1191 858; x_wconf 90' lang='grc' dir='ltr'>ἀναλαϐόντες</span> <span class='ocrx_word' id='word_1_47' title='bbox 1223 793 1384 847; x_wconf 72' lang='grc' dir='ltr'>αὐτὸν</span> <span class='ocrx_word' id='word_1_48' title='bbox 1415 794 1678 866; x_wconf 77' lang='grc' dir='ltr'>εἴπωμεν.</span> 
     </span>
    </p>
   </div>
   <div class='ocr_carea' id='block_1_8' title="bbox 407 877 1993 954">
    <p class='ocr_par' dir='ltr' id='par_1_8' title="bbox 407 877 1993 954">
     <span class='ocr_line' id='line_1_8' title="bbox 407 877 1993 954; baseline 0.001 -21"><span class='ocrx_word' id='word_1_49' title='bbox 407 878 735 950; x_wconf 76' lang='grc' dir='ltr'>Ἐζητοῦμεν</span> <span class='ocrx_word' id='word_1_50' title='bbox 764 878 942 932; x_wconf 79' lang='grc' dir='ltr'>τοίνυν</span> <span class='ocrx_word' id='word_1_51' title='bbox 974 877 1162 950; x_wconf 81' lang='grc' dir='ltr'>πρώην</span> <span class='ocrx_word' id='word_1_52' title='bbox 1187 879 1331 944; x_wconf 86' lang='grc' dir='ltr'>τίνος</span> <span class='ocrx_word' id='word_1_53' title='bbox 1361 880 1543 935; x_wconf 75' lang='grc' dir='ltr'>ἕνεκεν</span> <span class='ocrx_word' id='word_1_54' title='bbox 1571 882 1706 952; x_wconf 85' lang='grc' dir='ltr'>μετά</span> <span class='ocrx_word' id='word_1_55' title='bbox 1745 881 1839 954; x_wconf 81' lang='grc' dir='ltr'>ἐτη</span> <span class='ocrx_word' id='word_1_56' title='bbox 1869 899 1993 935; x_wconf 80' lang='grc' dir='ltr'>τοσ-</span> 
     </span>
    </p>
   </div>
   <div class='ocr_carea' id='block_1_9' title="bbox 327 964 1995 1038">
    <p class='ocr_par' dir='ltr' id='par_1_9' title="bbox 327 964 1995 1038">
     <span class='ocr_line' id='line_1_9' title="bbox 327 964 1995 1038; baseline 0.001 -19"><span class='ocrx_word' id='word_1_57' title='bbox 327 964 466 1020; x_wconf 83' lang='grc' dir='ltr'>αῦτα</span> <span class='ocrx_word' id='word_1_58' title='bbox 493 965 750 1035; x_wconf 78' lang='grc' dir='ltr'>ἐδόθησαν</span> <span class='ocrx_word' id='word_1_59' title='bbox 781 965 838 1018; x_wconf 87' lang='grc' dir='ltr'>αῑ</span> <span class='ocrx_word' id='word_1_60' title='bbox 883 965 1124 1036; x_wconf 86' lang='grc' dir='ltr'>Γραφαί·</span> <span class='ocrx_word' id='word_1_61' title='bbox 1148 967 1216 1020; x_wconf 83' lang='grc' dir='ltr'>ού</span> <span class='ocrx_word' id='word_1_62' title='bbox 1255 967 1360 1038; x_wconf 86' lang='grc' dir='ltr'>γάρ</span> <span class='ocrx_word' id='word_1_63' title='bbox 1383 967 1475 1022; x_wconf 70' lang='grc' dir='ltr'>ἐπὶ</span> <span class='ocrx_word' id='word_1_64' title='bbox 1515 967 1610 1020; x_wconf 81' lang='grc' dir='ltr'>τοῦ</span> <span class='ocrx_word' id='word_1_65' title='bbox 1655 967 1845 1038; x_wconf 77' lang='grc' dir='ltr'>Ἀδάμ,</span> <span class='ocrx_word' id='word_1_66' title='bbox 1875 968 1995 1024; x_wconf 79' lang='grc' dir='ltr'>οὐδὲ</span> 
     </span>
    </p>
   </div>
   <div class='ocr_carea' id='block_1_10' title="bbox 328 1049 1994 1124">
    <p class='ocr_par' dir='ltr' id='par_1_10' title="bbox 328 1049 1994 1124">
     <span class='ocr_line' id='line_1_10' title="bbox 328 1049 1994 1124; baseline 0.002 -22"><span class='ocrx_word' id='word_1_67' title='bbox 328 1049 420 1104; x_wconf 78' lang='grc' dir='ltr'>ἐπὶ</span> <span class='ocrx_word' id='word_1_68' title='bbox 443 1049 536 1103; x_wconf 80' lang='grc' dir='ltr'>τοῦ</span> <span class='ocrx_word' id='word_1_69' title='bbox 565 1049 712 1116; x_wconf 85' lang='grc' dir='ltr'>Νῶε,</span> <span class='ocrx_word' id='word_1_70' title='bbox 743 1051 840 1103; x_wconf 74' lang='grc' dir='ltr'>καὶ</span> <span class='ocrx_word' id='word_1_71' title='bbox 869 1050 962 1104; x_wconf 83' lang='grc' dir='ltr'>τοῦ</span> <span class='ocrx_word' id='word_1_72' title='bbox 1002 1051 1270 1124; x_wconf 80' lang='grc' dir='ltr'>Ἀϐραὰμ,</span> <span class='ocrx_word' id='word_1_73' title='bbox 1299 1052 1434 1106; x_wconf 85' lang='grc' dir='ltr'>ἀλλά</span> <span class='ocrx_word' id='word_1_74' title='bbox 1465 1054 1555 1106; x_wconf 75' lang='grc' dir='ltr'>ἐπὶ</span> <span class='ocrx_word' id='word_1_75' title='bbox 1580 1052 1674 1105; x_wconf 84' lang='grc' dir='ltr'>τοῦ</span> <span class='ocrx_word' id='word_1_76' title='bbox 1719 1052 1994 1116; x_wconf 67' lang='grc' dir='ltr'>Μωῦσέως</span> 
     </span>
    </p>
   </div>
   <div class='ocr_carea' id='block_1_11' title="bbox 327 1133 1990 1208">
    <p class='ocr_par' dir='ltr' id='par_1_11' title="bbox 327 1133 1990 1208">
     <span class='ocr_line' id='line_1_11' title="bbox 327 1133 1990 1208; baseline -0.001 -18"><span class='ocrx_word' id='word_1_77' title='bbox 327 1135 482 1208; x_wconf 83' lang='grc' dir='ltr'>ἐδόθη</span> <span class='ocrx_word' id='word_1_78' title='bbox 511 1133 668 1190; x_wconf 81' lang='grc' dir='ltr'>τοῦτο</span> <span class='ocrx_word' id='word_1_79' title='bbox 700 1135 761 1188; x_wconf 84' lang='grc' dir='ltr'>τὸ</span> <span class='ocrx_word' id='word_1_80' title='bbox 801 1134 1034 1206; x_wconf 83' lang='grc' dir='ltr'>βιϐλίον·</span> <span class='ocrx_word' id='word_1_81' title='bbox 1080 1137 1172 1190; x_wconf 76' lang='grc' dir='ltr'>καὶ</span> <span class='ocrx_word' id='word_1_82' title='bbox 1217 1136 1425 1191; x_wconf 83' lang='grc' dir='ltr'>πολλῶν</span> <span class='ocrx_word' id='word_1_83' title='bbox 1466 1137 1651 1192; x_wconf 87' lang='grc' dir='ltr'>ἀκούω</span> <span class='ocrx_word' id='word_1_84' title='bbox 1703 1137 1990 1206; x_wconf 88' lang='grc' dir='ltr'>λεγόντων,</span> 
     </span>
    </p>
   </div>
   <div class='ocr_carea' id='block_1_12' title="bbox 325 1217 1994 1294">
    <p class='ocr_par' dir='ltr' id='par_1_12' title="bbox 325 1217 1994 1294">
     <span class='ocr_line' id='line_1_12' title="bbox 325 1217 1994 1294; baseline 0.001 -19"><span class='ocrx_word' id='word_1_85' title='bbox 325 1223 427 1285; x_wconf 81' lang='grc' dir='ltr'>ὅτι,</span> <span class='ocrx_word' id='word_1_86' title='bbox 455 1222 502 1274; x_wconf 89' lang='grc' dir='ltr'>εἰ</span> <span class='ocrx_word' id='word_1_87' title='bbox 531 1221 798 1294; x_wconf 86' lang='grc' dir='ltr'>χρήσιμον</span> <span class='ocrx_word' id='word_1_88' title='bbox 827 1217 914 1293; x_wconf 82' lang='grc' dir='ltr'>ἦν,</span> <span class='ocrx_word' id='word_1_89' title='bbox 943 1221 1000 1289; x_wconf 82' lang='grc' dir='ltr'>ἐξ</span> <span class='ocrx_word' id='word_1_90' title='bbox 1025 1223 1198 1294; x_wconf 84' lang='grc' dir='ltr'>ἀρχῆς</span> <span class='ocrx_word' id='word_1_91' title='bbox 1224 1221 1328 1276; x_wconf 79' lang='grc' dir='ltr'>ἔδει</span> <span class='ocrx_word' id='word_1_92' title='bbox 1353 1221 1604 1294; x_wconf 89' lang='grc' dir='ltr'>δοθῆναι·</span> <span class='ocrx_word' id='word_1_93' title='bbox 1641 1225 1689 1276; x_wconf 77' lang='grc' dir='ltr'>εἰ</span> <span class='ocrx_word' id='word_1_94' title='bbox 1735 1223 1792 1274; x_wconf 84' lang='grc' dir='ltr'>δέ</span> <span class='ocrx_word' id='word_1_95' title='bbox 1822 1221 1994 1294; x_wconf 79' lang='grc' dir='ltr'>ἀχρη-</span> 
     </span>
    </p>
   </div>
   <div class='ocr_carea' id='block_1_13' title="bbox 325 1304 1993 1380">
    <p class='ocr_par' dir='ltr' id='par_1_13' title="bbox 325 1304 1993 1380">
     <span class='ocr_line' id='line_1_13' title="bbox 325 1304 1993 1380; baseline -0.001 -20"><span class='ocrx_word' id='word_1_96' title='bbox 325 1325 451 1362; x_wconf 88' lang='grc' dir='ltr'>στον</span> <span class='ocrx_word' id='word_1_97' title='bbox 481 1304 568 1380; x_wconf 78' lang='grc' dir='ltr'>ἦν,</span> <span class='ocrx_word' id='word_1_98' title='bbox 602 1307 720 1361; x_wconf 80' lang='grc' dir='ltr'>οὐδὲ</span> <span class='ocrx_word' id='word_1_99' title='bbox 757 1308 896 1378; x_wconf 89' lang='grc' dir='ltr'>μετά</span> <span class='ocrx_word' id='word_1_100' title='bbox 927 1307 1096 1364; x_wconf 84' lang='grc' dir='ltr'>ταῦτα</span> <span class='ocrx_word' id='word_1_101' title='bbox 1143 1307 1360 1380; x_wconf 87' lang='grc' dir='ltr'>δοθῆναι</span> <span class='ocrx_word' id='word_1_102' title='bbox 1404 1309 1590 1380; x_wconf 85' lang='grc' dir='ltr'>ἐχρῆν.</span> <span class='ocrx_word' id='word_1_103' title='bbox 1639 1309 1776 1362; x_wconf 75' lang='grc' dir='ltr'>Ἃλλ⁸</span> <span class='ocrx_word' id='word_1_104' title='bbox 1828 1308 1993 1372; x_wconf 86' lang='grc' dir='ltr'>ἓωλος</span> 
     </span>
    </p>
   </div>
   <div class='ocr_carea' id='block_1_14' title="bbox 323 1389 1993 1466">
    <p class='ocr_par' dir='ltr' id='par_1_14' title="bbox 323 1389 1993 1466">
     <span class='ocr_line' id='line_1_14' title="bbox 323 1389 1993 1466; baseline -0.001 -19"><span class='ocrx_word' id='word_1_105' title='bbox 323 1389 476 1458; x_wconf 73' lang='grc' dir='ltr'>οὗτος</span> <span class='ocrx_word' id='word_1_106' title='bbox 516 1395 545 1446; x_wconf 91' lang='lat'>6</span> <span class='ocrx_word' id='word_1_107' title='bbox 588 1393 875 1464; x_wconf 88' lang='grc' dir='ltr'>λογισμός·</span> <span class='ocrx_word' id='word_1_108' title='bbox 926 1396 986 1448; x_wconf 84' lang='grc' dir='ltr'>ού</span> <span class='ocrx_word' id='word_1_109' title='bbox 1017 1393 1125 1466; x_wconf 85' lang='grc' dir='ltr'>γάρ</span> <span class='ocrx_word' id='word_1_110' title='bbox 1174 1394 1237 1466; x_wconf 81' lang='grc' dir='ltr'>δὴ</span> <span class='ocrx_word' id='word_1_111' title='bbox 1289 1395 1523 1460; x_wconf 81' lang='grc' dir='ltr'>πάντως,</span> <span class='ocrx_word' id='word_1_112' title='bbox 1560 1393 1614 1446; x_wconf 73' lang='grc' dir='ltr'>εἴ</span> <span class='ocrx_word' id='word_1_113' title='bbox 1642 1411 1695 1446; x_wconf 88' lang='grc' dir='ltr'>τι</span> <span class='ocrx_word' id='word_1_114' title='bbox 1726 1395 1993 1466; x_wconf 69' lang='grc' dir='ltr'>χρήσιμον</span> 
     </span>
    </p>
   </div>
   <div class='ocr_carea' id='block_1_15' title="bbox 325 1482 1994 1554">
    <p class='ocr_par' dir='ltr' id='par_1_15' title="bbox 325 1482 1994 1554">
     <span class='ocr_line' id='line_1_15' title="bbox 325 1482 1994 1554; baseline 0 -18"><span class='ocrx_word' id='word_1_115' title='bbox 325 1483 464 1553; x_wconf 83' lang='grc' dir='ltr'>μετά</span> <span class='ocrx_word' id='word_1_116' title='bbox 495 1482 686 1545; x_wconf 82' lang='grc' dir='ltr'>ταῦτα,</span> <span class='ocrx_word' id='word_1_117' title='bbox 712 1483 768 1548; x_wconf 82' lang='grc' dir='ltr'>ἐξ</span> <span class='ocrx_word' id='word_1_118' title='bbox 791 1483 963 1554; x_wconf 82' lang='grc' dir='ltr'>ἀρχῆς</span> <span class='ocrx_word' id='word_1_119' title='bbox 988 1483 1191 1551; x_wconf 77' lang='grc' dir='ltr'>ὀφείλει</span> <span class='ocrx_word' id='word_1_120' title='bbox 1221 1482 1486 1536; x_wconf 70' lang='grc' dir='ltr'>δίδοσθαι⁵</span> <span class='ocrx_word' id='word_1_121' title='bbox 1520 1483 1640 1536; x_wconf 80' lang='grc' dir='ltr'>ούδὲ</span> <span class='ocrx_word' id='word_1_122' title='bbox 1675 1485 1726 1536; x_wconf 86' lang='grc' dir='ltr'>εἴ</span> <span class='ocrx_word' id='word_1_123' title='bbox 1759 1499 1810 1536; x_wconf 87' lang='grc' dir='ltr'>τι</span> <span class='ocrx_word' id='word_1_124' title='bbox 1846 1483 1994 1554; x_wconf 84' lang='grc' dir='ltr'>παρά</span> 
     </span>
    </p>
   </div>
   <div class='ocr_carea' id='block_1_16' title="bbox 325 1568 1994 1642">
    <p class='ocr_par' dir='ltr' id='par_1_16' title="bbox 325 1568 1994 1642">
     <span class='ocr_line' id='line_1_16' title="bbox 325 1568 1994 1642; baseline 0 -20"><span class='ocrx_word' id='word_1_125' title='bbox 325 1573 422 1640; x_wconf 74' lang='grc' dir='ltr'>τήν</span> <span class='ocrx_word' id='word_1_126' title='bbox 452 1569 624 1642; x_wconf 79' lang='grc' dir='ltr'>ἀρχὴν</span> <span class='ocrx_word' id='word_1_127' title='bbox 655 1569 828 1639; x_wconf 85' lang='grc' dir='ltr'>ἐδόθη,</span> <span class='ocrx_word' id='word_1_128' title='bbox 866 1568 980 1642; x_wconf 72' lang='grc'>[99]</span> <span class='ocrx_word' id='word_1_129' title='bbox 1017 1569 1174 1624; x_wconf 83' lang='grc' dir='ltr'>τοῦτο</span> <span class='ocrx_word' id='word_1_130' title='bbox 1217 1570 1433 1634; x_wconf 88' lang='grc' dir='ltr'>πάντως</span> <span class='ocrx_word' id='word_1_131' title='bbox 1475 1571 1678 1639; x_wconf 78' lang='grc' dir='ltr'>ὀφείλει</span> <span class='ocrx_word' id='word_1_132' title='bbox 1712 1571 1806 1623; x_wconf 72' lang='grc' dir='ltr'>καὶ</span> <span class='ocrx_word' id='word_1_133' title='bbox 1857 1569 1994 1639; x_wconf 82' lang='grc' dir='ltr'>μετά</span> 
     </span>
    </p>
   </div>
   <div class='ocr_carea' id='block_1_17' title="bbox 326 1655 1996 1728">
    <p class='ocr_par' dir='ltr' id='par_1_17' title="bbox 326 1655 1996 1728">
     <span class='ocr_line' id='line_1_17' title="bbox 326 1655 1996 1728; baseline -0.001 -18"><span class='ocrx_word' id='word_1_134' title='bbox 326 1657 495 1710; x_wconf 70' lang='grc' dir='ltr'>ταῦτα</span> <span class='ocrx_word' id='word_1_135' title='bbox 529 1658 726 1728; x_wconf 87' lang='grc' dir='ltr'>μένειν.</span> <span class='ocrx_word' id='word_1_136' title='bbox 765 1657 914 1710; x_wconf 74' lang='grc' dir='ltr'>Ἐπεὶ</span> <span class='ocrx_word' id='word_1_137' title='bbox 946 1659 1039 1711; x_wconf 71' lang='grc' dir='ltr'>καὶ</span> <span class='ocrx_word' id='word_1_138' title='bbox 1071 1657 1130 1710; x_wconf 81' lang='grc' dir='ltr'>τὸ</span> <span class='ocrx_word' id='word_1_139' title='bbox 1161 1657 1301 1726; x_wconf 84' lang='grc' dir='ltr'>γάλα</span> <span class='ocrx_word' id='word_1_140' title='bbox 1353 1659 1641 1728; x_wconf 74' lang='grc' dir='ltr'>χρήσιμον,</span> <span class='ocrx_word' id='word_1_141' title='bbox 1678 1657 1792 1710; x_wconf 73' lang='grc' dir='ltr'>ἀλλ’</span> <span class='ocrx_word' id='word_1_142' title='bbox 1820 1657 1879 1709; x_wconf 85' lang='grc' dir='ltr'>ού</span> <span class='ocrx_word' id='word_1_143' title='bbox 1917 1655 1996 1708; x_wconf 87' lang='grc' dir='ltr'>δι-</span> 
     </span>
    </p>
   </div>
   <div class='ocr_carea' id='block_1_18' title="bbox 327 1741 1989 1814">
    <p class='ocr_par' dir='ltr' id='par_1_18' title="bbox 327 1741 1989 1814">
     <span class='ocr_line' id='line_1_18' title="bbox 327 1741 1989 1814; baseline 0 -20"><span class='ocrx_word' id='word_1_144' title='bbox 327 1744 535 1814; x_wconf 84' lang='grc' dir='ltr'>ηνεκῶς</span> <span class='ocrx_word' id='word_1_145' title='bbox 571 1744 788 1805; x_wconf 87' lang='grc' dir='ltr'>δίδοται,</span> <span class='ocrx_word' id='word_1_146' title='bbox 822 1744 958 1798; x_wconf 80' lang='grc' dir='ltr'>ἀλλὰ</span> <span class='ocrx_word' id='word_1_147' title='bbox 1001 1745 1184 1798; x_wconf 75' lang='grc' dir='ltr'>παισὶν</span> <span class='ocrx_word' id='word_1_148' title='bbox 1208 1741 1356 1798; x_wconf 70' lang='grc' dir='ltr'>οὖσιν</span> <span class='ocrx_word' id='word_1_149' title='bbox 1389 1744 1517 1814; x_wconf 83' lang='grc' dir='ltr'>ἡμῖν</span> <span class='ocrx_word' id='word_1_150' title='bbox 1557 1744 1756 1796; x_wconf 81' lang='grc' dir='ltr'>δίδοται</span> <span class='ocrx_word' id='word_1_151' title='bbox 1803 1742 1989 1812; x_wconf 75' lang='grc' dir='ltr'>μόνον’</span> 
     </span>
    </p>
   </div>
   <div class='ocr_carea' id='block_1_19' title="bbox 328 1831 1992 1904">
    <p class='ocr_par' dir='ltr' id='par_1_19' title="bbox 328 1831 1992 1904">
     <span class='ocr_line' id='line_1_19' title="bbox 328 1831 1992 1904; baseline 0 -22"><span class='ocrx_word' id='word_1_152' title='bbox 328 1831 421 1885; x_wconf 70' lang='grc' dir='ltr'>καὶ</span> <span class='ocrx_word' id='word_1_153' title='bbox 451 1833 484 1901; x_wconf 80' lang='grc' dir='ltr'>ἡ</span> <span class='ocrx_word' id='word_1_154' title='bbox 511 1831 706 1902; x_wconf 83' lang='grc' dir='ltr'>στερεά</span> <span class='ocrx_word' id='word_1_155' title='bbox 730 1832 902 1904; x_wconf 79' lang='grc' dir='ltr'>τροφὴ</span> <span class='ocrx_word' id='word_1_156' title='bbox 935 1834 1222 1904; x_wconf 58' lang='grc' dir='ltr'>χρήσιμος,</span> <span class='ocrx_word' id='word_1_157' title='bbox 1256 1831 1369 1885; x_wconf 82' lang='grc' dir='ltr'>ἀλλ’</span> <span class='ocrx_word' id='word_1_158' title='bbox 1397 1831 1570 1894; x_wconf 69' lang='grc' dir='ltr'>οὐδεὶς</span> <span class='ocrx_word' id='word_1_159' title='bbox 1601 1832 1729 1902; x_wconf 82' lang='grc' dir='ltr'>ἡμῖν</span> <span class='ocrx_word' id='word_1_160' title='bbox 1761 1831 1819 1882; x_wconf 89' lang='grc' dir='ltr'>ἐν</span> <span class='ocrx_word' id='word_1_161' title='bbox 1850 1831 1992 1902; x_wconf 83' lang='grc' dir='ltr'>ἀρχῇ</span> 
     </span>
    </p>
   </div>
   <div class='ocr_carea' id='block_1_20' title="bbox 329 1915 1995 1988">
    <p class='ocr_par' dir='ltr' id='par_1_20' title="bbox 329 1915 1995 1988">
     <span class='ocr_line' id='line_1_20' title="bbox 329 1915 1995 1988; baseline -0.001 -19"><span class='ocrx_word' id='word_1_162' title='bbox 329 1916 678 1986; x_wconf 82' lang='grc' dir='ltr'>μεταδίδωσιν</span> <span class='ocrx_word' id='word_1_163' title='bbox 703 1919 888 1986; x_wconf 76' lang='grc' dir='ltr'>αὐτῆς,</span> <span class='ocrx_word' id='word_1_164' title='bbox 916 1919 1028 1971; x_wconf 83' lang='grc' dir='ltr'>ἀλλ’</span> <span class='ocrx_word' id='word_1_165' title='bbox 1057 1917 1270 1972; x_wconf 64' lang='grc' dir='ltr'>ἐπειδὰν</span> <span class='ocrx_word' id='word_1_166' title='bbox 1296 1917 1393 1988; x_wconf 83' lang='grc' dir='ltr'>τὴν</span> <span class='ocrx_word' id='word_1_167' title='bbox 1418 1917 1669 1986; x_wconf 77' lang='grc' dir='ltr'>παιδικήν</span> <span class='ocrx_word' id='word_1_168' title='bbox 1693 1915 1995 1986; x_wconf 79' lang='grc' dir='ltr'>ἐξέλθωμεν</span> 
     </span>
    </p>
   </div>
   <div class='ocr_carea' id='block_1_21' title="bbox 329 2002 1996 2078">
    <p class='ocr_par' dir='ltr' id='par_1_21' title="bbox 329 2002 1996 2078">
     <span class='ocr_line' id='line_1_21' title="bbox 329 2002 1996 2078; baseline 0 -22"><span class='ocrx_word' id='word_1_169' title='bbox 329 2004 568 2076; x_wconf 76' lang='grc' dir='ltr'>ἠλικίαν·</span> <span class='ocrx_word' id='word_1_170' title='bbox 606 2005 766 2058; x_wconf 84' lang='grc' dir='ltr'>πάλιν</span> <span class='ocrx_word' id='word_1_171' title='bbox 798 2005 858 2059; x_wconf 78' lang='grc' dir='ltr'>τὸ</span> <span class='ocrx_word' id='word_1_172' title='bbox 900 2005 1054 2078; x_wconf 82' lang='grc' dir='ltr'>Θέρος</span> <span class='ocrx_word' id='word_1_173' title='bbox 1091 2011 1392 2076; x_wconf 79' lang='grc' dir='ltr'>χρήσιμον,</span> <span class='ocrx_word' id='word_1_174' title='bbox 1437 2003 1552 2058; x_wconf 78' lang='grc' dir='ltr'>ἀλλ’</span> <span class='ocrx_word' id='word_1_175' title='bbox 1599 2004 1660 2056; x_wconf 86' lang='grc' dir='ltr'>οὐ</span> <span class='ocrx_word' id='word_1_176' title='bbox 1703 2002 1996 2066; x_wconf 79' lang='grc' dir='ltr'>διαπαντὸς</span> 
     </span>
    </p>
   </div>
   <div class='ocr_carea' id='block_1_22' title="bbox 325 2083 1997 2162">
    <p class='ocr_par' dir='ltr' id='par_1_22' title="bbox 325 2083 1997 2162">
     <span class='ocr_line' id='line_1_22' title="bbox 325 2083 1997 2162; baseline -0.002 -18"><span class='ocrx_word' id='word_1_177' title='bbox 325 2090 572 2158; x_wconf 78' lang='grc' dir='ltr'>φαίνεται</span> <span class='ocrx_word' id='word_1_178' title='bbox 590 2106 604 2120; x_wconf 81' lang='lat'>&#39;</span> <span class='ocrx_word' id='word_1_179' title='bbox 632 2092 723 2144; x_wconf 82' lang='grc' dir='ltr'>καί</span> <span class='ocrx_word' id='word_1_180' title='bbox 751 2092 780 2144; x_wconf 98' lang='lat'>6</span> <span class='ocrx_word' id='word_1_181' title='bbox 810 2088 1016 2162; x_wconf 86' lang='grc' dir='ltr'>χειμὼν</span> <span class='ocrx_word' id='word_1_182' title='bbox 1057 2091 1384 2161; x_wconf 83' lang='grc' dir='ltr'>ἐπιτήδειος,</span> <span class='ocrx_word' id='word_1_183' title='bbox 1407 2089 1545 2144; x_wconf 85' lang='grc' dir='ltr'>ἀλλά</span> <span class='ocrx_word' id='word_1_184' title='bbox 1580 2089 1674 2141; x_wconf 76' lang='grc' dir='ltr'>καὶ</span> <span class='ocrx_word' id='word_1_185' title='bbox 1713 2083 1865 2152; x_wconf 70' lang='grc' dir='ltr'>οὗτος</span> <span class='ocrx_word' id='word_1_186' title='bbox 1893 2088 1997 2141; x_wconf 77' lang='grc' dir='ltr'>ὑπ-</span> 
     </span>
    </p>
   </div>
   <div class='ocr_carea' id='block_1_23' title="bbox 329 2174 1992 2249">
    <p class='ocr_par' dir='ltr' id='par_1_23' title="bbox 329 2174 1992 2249">
     <span class='ocr_line' id='line_1_23' title="bbox 329 2174 1992 2249; baseline -0.001 -19"><span class='ocrx_word' id='word_1_187' title='bbox 329 2177 618 2244; x_wconf 75' lang='grc' dir='ltr'>εξίσταται.</span> <span class='ocrx_word' id='word_1_188' title='bbox 649 2177 714 2232; x_wconf 88' lang='grc' dir='ltr'>Τί</span> <span class='ocrx_word' id='word_1_189' title='bbox 741 2174 832 2233; x_wconf 78' lang='grc' dir='ltr'>οὖν</span> <span class='ocrx_word' id='word_1_190' title='bbox 855 2197 870 2244; x_wconf 89' lang='lat'><strong>;</strong></span> <span class='ocrx_word' id='word_1_191' title='bbox 897 2179 951 2231; x_wconf 85' lang='grc' dir='ltr'>αἱ</span> <span class='ocrx_word' id='word_1_192' title='bbox 975 2179 1206 2249; x_wconf 68' lang='grc' dir='ltr'>Γραφαί,</span> <span class='ocrx_word' id='word_1_193' title='bbox 1231 2177 1416 2249; x_wconf 73' lang='grc' dir='ltr'>φησὶν,</span> <span class='ocrx_word' id='word_1_194' title='bbox 1441 2176 1540 2230; x_wconf 77' lang='grc' dir='ltr'>οὐκ</span> <span class='ocrx_word' id='word_1_195' title='bbox 1569 2175 1676 2229; x_wconf 82' lang='grc' dir='ltr'>εἰσί</span> <span class='ocrx_word' id='word_1_196' title='bbox 1699 2176 1992 2246; x_wconf 82' lang='grc' dir='ltr'>χρήσιμοι;</span> 
     </span>
    </p>
   </div>
   <div class='ocr_carea' id='block_1_24' title="bbox 327 2258 1996 2337">
    <p class='ocr_par' dir='ltr' id='par_1_24' title="bbox 327 2258 1996 2337">
     <span class='ocr_line' id='line_1_24' title="bbox 327 2258 1996 2337; baseline -0.002 -21"><span class='ocrx_word' id='word_1_197' title='bbox 327 2264 750 2336; x_wconf 84' lang='grc' dir='ltr'>Χρησιμὼταται</span> <span class='ocrx_word' id='word_1_198' title='bbox 800 2266 897 2337; x_wconf 81' lang='grc' dir='ltr'>μὲν</span> <span class='ocrx_word' id='word_1_199' title='bbox 936 2260 1028 2318; x_wconf 77' lang='grc' dir='ltr'>οὖν</span> <span class='ocrx_word' id='word_1_200' title='bbox 1075 2264 1169 2317; x_wconf 71' lang='grc' dir='ltr'>καὶ</span> <span class='ocrx_word' id='word_1_201' title='bbox 1217 2263 1658 2332; x_wconf 65' lang='grc' dir='ltr'>ἀναγκαιόταται.</span> <span class='ocrx_word' id='word_1_202' title='bbox 1703 2261 1858 2324; x_wconf 83' lang='grc' dir='ltr'>Τίνος</span> <span class='ocrx_word' id='word_1_203' title='bbox 1904 2258 1996 2314; x_wconf 75' lang='grc' dir='ltr'>οὖν</span> 
     </span>
    </p>
   </div>
   <div class='ocr_carea' id='block_1_25' title="bbox 325 2349 1995 2424">
    <p class='ocr_par' dir='ltr' id='par_1_25' title="bbox 325 2349 1995 2424">
     <span class='ocr_line' id='line_1_25' title="bbox 325 2349 1995 2424; baseline -0.001 -20"><span class='ocrx_word' id='word_1_204' title='bbox 325 2351 572 2418; x_wconf 75' lang='grc' dir='ltr'>ἐνεκενι,</span> <span class='ocrx_word' id='word_1_205' title='bbox 599 2351 782 2424; x_wconf 72' lang='grc' dir='ltr'>φησὶν,</span> <span class='ocrx_word' id='word_1_206' title='bbox 815 2351 872 2418; x_wconf 77' lang='grc' dir='ltr'>ἐξ</span> <span class='ocrx_word' id='word_1_207' title='bbox 923 2351 1099 2423; x_wconf 82' lang='grc' dir='ltr'>ἀρχῆς</span> <span class='ocrx_word' id='word_1_208' title='bbox 1127 2352 1259 2422; x_wconf 83' lang='grc' dir='ltr'>ἡμῖν</span> <span class='ocrx_word' id='word_1_209' title='bbox 1302 2351 1402 2404; x_wconf 83' lang='grc' dir='ltr'>οὐκ</span> <span class='ocrx_word' id='word_1_210' title='bbox 1437 2349 1696 2419; x_wconf 79' lang='grc' dir='ltr'>ἐδόθησαν</span> <span class='ocrx_word' id='word_1_211' title='bbox 1720 2367 1734 2416; x_wconf 90' lang='grc'><strong>;</strong></span> <span class='ocrx_word' id='word_1_212' title='bbox 1761 2349 1886 2402; x_wconf 86' lang='grc' dir='ltr'>Ὅτι</span> <span class='ocrx_word' id='word_1_213' title='bbox 1935 2349 1995 2402; x_wconf 83' lang='grc' dir='ltr'>ού</span> 
     </span>
    </p>
   </div>
   <div class='ocr_carea' id='block_1_26' title="bbox 323 2435 1999 2510">
    <p class='ocr_par' dir='ltr' id='par_1_26' title="bbox 323 2435 1999 2510">
     <span class='ocr_line' id='line_1_26' title="bbox 323 2435 1999 2510; baseline -0.002 -19"><span class='ocrx_word' id='word_1_214' title='bbox 323 2435 413 2492; x_wconf 78' lang='grc' dir='ltr'>διὰ</span> <span class='ocrx_word' id='word_1_215' title='bbox 445 2440 808 2510; x_wconf 74' lang='grc' dir='ltr'>γραμμάτων,</span> <span class='ocrx_word' id='word_1_216' title='bbox 848 2438 985 2493; x_wconf 79' lang='grc' dir='ltr'>ἀλλά</span> <span class='ocrx_word' id='word_1_217' title='bbox 1025 2438 1112 2492; x_wconf 82' lang='grc' dir='ltr'>διά</span> <span class='ocrx_word' id='word_1_218' title='bbox 1155 2437 1514 2510; x_wconf 79' lang='grc' dir='ltr'>πραγμάτων,</span> <span class='ocrx_word' id='word_1_219' title='bbox 1560 2437 1821 2507; x_wconf 83' lang='grc' dir='ltr'>ήϐούλετο</span> <span class='ocrx_word' id='word_1_220' title='bbox 1870 2454 1999 2490; x_wconf 82' lang='grc' dir='ltr'>παι-</span> 
     </span>
    </p>
   </div>
   <div class='ocr_carea' id='block_1_27' title="bbox 322 2524 1998 2597">
    <p class='ocr_par' dir='ltr' id='par_1_27' title="bbox 322 2524 1998 2597">
     <span class='ocr_line' id='line_1_27' title="bbox 322 2524 1998 2597; baseline -0.001 -18"><span class='ocrx_word' id='word_1_221' title='bbox 322 2524 500 2581; x_wconf 81' lang='grc' dir='ltr'>δεύειν</span> <span class='ocrx_word' id='word_1_222' title='bbox 524 2526 630 2580; x_wconf 88' lang='grc' dir='ltr'>τῶν</span> <span class='ocrx_word' id='word_1_223' title='bbox 659 2525 957 2597; x_wconf 83' lang='grc' dir='ltr'>ἀνθρώπων</span> <span class='ocrx_word' id='word_1_224' title='bbox 979 2525 1078 2597; x_wconf 73' lang='grc' dir='ltr'>τὴν</span> <span class='ocrx_word' id='word_1_225' title='bbox 1105 2526 1266 2594; x_wconf 82' lang='grc' dir='ltr'>φύσιν</span> <span class='ocrx_word' id='word_1_226' title='bbox 1291 2527 1320 2579; x_wconf 93' lang='lat'>6</span> <span class='ocrx_word' id='word_1_227' title='bbox 1343 2524 1490 2588; x_wconf 81' lang='grc' dir='ltr'>Θεὸς.</span> <span class='ocrx_word' id='word_1_228' title='bbox 1517 2524 1582 2575; x_wconf 83' lang='grc' dir='ltr'>Τί</span> <span class='ocrx_word' id='word_1_229' title='bbox 1615 2524 1744 2577; x_wconf 84' lang='grc' dir='ltr'>ποτέ</span> <span class='ocrx_word' id='word_1_230' title='bbox 1769 2526 1886 2578; x_wconf 85' lang='grc' dir='ltr'>ἐστι</span> <span class='ocrx_word' id='word_1_231' title='bbox 1910 2524 1998 2578; x_wconf 77' lang='grc' dir='ltr'>διὰ</span> 
     </span>
    </p>
   </div>
   <div class='ocr_carea' id='block_1_28' title="bbox 324 2611 1998 2685">
    <p class='ocr_par' dir='ltr' id='par_1_28' title="bbox 324 2611 1998 2685">
     <span class='ocr_line' id='line_1_28' title="bbox 324 2611 1998 2685; baseline -0.001 -18"><span class='ocrx_word' id='word_1_232' title='bbox 324 2614 698 2685; x_wconf 80' lang='grc' dir='ltr'>πραγμάτων;</span> <span class='ocrx_word' id='word_1_233' title='bbox 726 2613 824 2666; x_wconf 68' lang='grc' dir='ltr'>Διά</span> <span class='ocrx_word' id='word_1_234' title='bbox 853 2613 950 2684; x_wconf 84' lang='grc' dir='ltr'>τῆς</span> <span class='ocrx_word' id='word_1_235' title='bbox 981 2612 1208 2676; x_wconf 79' lang='grc' dir='ltr'>κτίσεως</span> <span class='ocrx_word' id='word_1_236' title='bbox 1237 2611 1428 2682; x_wconf 76' lang='grc' dir='ltr'>αὐτῆς.</span> <span class='ocrx_word' id='word_1_237' title='bbox 1465 2613 1560 2674; x_wconf 83' lang='grc' dir='ltr'>Εἰς</span> <span class='ocrx_word' id='word_1_238' title='bbox 1588 2611 1744 2666; x_wconf 71' lang='grc' dir='ltr'>τοῦτο</span> <span class='ocrx_word' id='word_1_239' title='bbox 1778 2611 1908 2678; x_wconf 82' lang='grc' dir='ltr'>γοῦν</span> <span class='ocrx_word' id='word_1_240' title='bbox 1937 2612 1998 2666; x_wconf 83' lang='grc' dir='ltr'>τὸ</span> 
     </span>
    </p>
   </div>
   <div class='ocr_carea' id='block_1_29' title="bbox 329 2695 2000 2768">
    <p class='ocr_par' dir='ltr' id='par_1_29' title="bbox 329 2695 2000 2768">
     <span class='ocr_line' id='line_1_29' title="bbox 329 2695 2000 2768; baseline -0.002 -16"><span class='ocrx_word' id='word_1_241' title='bbox 329 2697 618 2768; x_wconf 73' lang='grc' dir='ltr'>κεφάλαιον</span> <span class='ocrx_word' id='word_1_242' title='bbox 642 2695 892 2767; x_wconf 88' lang='grc' dir='ltr'>ἐμπεσὼν</span> <span class='ocrx_word' id='word_1_243' title='bbox 908 2701 936 2751; x_wconf 93' lang='lat'>6</span> <span class='ocrx_word' id='word_1_244' title='bbox 962 2697 1300 2761; x_wconf 80' lang='grc' dir='ltr'>Ἀπὸστολος,</span> <span class='ocrx_word' id='word_1_245' title='bbox 1321 2697 1415 2750; x_wconf 73' lang='grc' dir='ltr'>καὶ</span> <span class='ocrx_word' id='word_1_246' title='bbox 1437 2695 1849 2767; x_wconf 80' lang='grc' dir='ltr'>πρδςἚλληνας</span> <span class='ocrx_word' id='word_1_247' title='bbox 1871 2697 2000 2749; x_wconf 83' lang='grc' dir='ltr'>ἀπο-</span> 
     </span>
    </p>
   </div>
   <div class='ocr_carea' id='block_1_30' title="bbox 327 2783 1998 2864">
    <p class='ocr_par' dir='ltr' id='par_1_30' title="bbox 327 2783 1998 2864">
     <span class='ocr_line' id='line_1_30' title="bbox 327 2783 1998 2864; baseline -0.002 -25"><span class='ocrx_word' id='word_1_248' title='bbox 327 2785 632 2858; x_wconf 82' lang='grc' dir='ltr'>τεινόμενος</span> <span class='ocrx_word' id='word_1_249' title='bbox 661 2786 786 2850; x_wconf 79' lang='grc' dir='ltr'>τοὺς</span> <span class='ocrx_word' id='word_1_250' title='bbox 833 2785 1110 2854; x_wconf 84' lang='grc' dir='ltr'>λέγοντας,</span> <span class='ocrx_word' id='word_1_251' title='bbox 1153 2785 1234 2838; x_wconf 80' lang='grc' dir='ltr'>ὅτι</span> <span class='ocrx_word' id='word_1_252' title='bbox 1257 2785 1372 2838; x_wconf 82' lang='grc' dir='ltr'>Οὐκ</span> <span class='ocrx_word' id='word_1_253' title='bbox 1410 2783 1686 2854; x_wconf 75' lang='grc' dir='ltr'>ἐμάθομεν</span> <span class='ocrx_word' id='word_1_254' title='bbox 1727 2784 1785 2850; x_wconf 83' lang='grc' dir='ltr'>ἐξ</span> <span class='ocrx_word' id='word_1_255' title='bbox 1823 2785 1998 2864; x_wconf 79' lang='grc' dir='ltr'>ἀρχῆς</span> 
     </span>
    </p>
   </div>
   <div class='ocr_carea' id='block_1_31' title="bbox 328 2869 1993 2944">
    <p class='ocr_par' dir='ltr' id='par_1_31' title="bbox 328 2869 1993 2944">
     <span class='ocr_line' id='line_1_31' title="bbox 328 2869 1993 2944; baseline -0.001 -18"><span class='ocrx_word' id='word_1_256' title='bbox 328 2873 480 2943; x_wconf 84' lang='grc' dir='ltr'>παρά</span> <span class='ocrx_word' id='word_1_257' title='bbox 507 2872 616 2926; x_wconf 88' lang='grc' dir='ltr'>τῶν</span> <span class='ocrx_word' id='word_1_258' title='bbox 661 2871 890 2944; x_wconf 88' lang='grc' dir='ltr'>Γραφῶν</span> <span class='ocrx_word' id='word_1_259' title='bbox 925 2871 1276 2941; x_wconf 84' lang='grc' dir='ltr'>θεογνωσίαν,</span> <span class='ocrx_word' id='word_1_260' title='bbox 1306 2871 1407 2944; x_wconf 85' lang='grc' dir='ltr'>ὅρα</span> <span class='ocrx_word' id='word_1_261' title='bbox 1442 2869 1559 2934; x_wconf 84' lang='grc' dir='ltr'>πῶς</span> <span class='ocrx_word' id='word_1_262' title='bbox 1597 2869 1993 2940; x_wconf 74' lang='grc' dir='ltr'>ἀπελογήσατο.</span> 
     </span>
    </p>
   </div>
   <div class='ocr_carea' id='block_1_32' title="bbox 332 2960 1995 3034">
    <p class='ocr_par' dir='ltr' id='par_1_32' title="bbox 332 2960 1995 3034">
     <span class='ocr_line' id='line_1_32' title="bbox 332 2960 1995 3034; baseline 0 -16"><span class='ocrx_word' id='word_1_263' title='bbox 332 2963 510 3018; x_wconf 79' lang='grc' dir='ltr'>Εἰπὼν</span> <span class='ocrx_word' id='word_1_264' title='bbox 541 2964 672 3034; x_wconf 76' lang='grc' dir='ltr'>γὰρ,</span> <span class='ocrx_word' id='word_1_265' title='bbox 705 2963 788 3016; x_wconf 80' lang='grc' dir='ltr'>ὅτι</span> <span class='ocrx_word' id='word_1_266' title='bbox 823 2963 1332 3018; x_wconf 67' lang='grc' dir='ltr'>Ἀποκανῑύπτεται</span> <span class='ocrx_word' id='word_1_267' title='bbox 1365 2960 1510 3032; x_wconf 72' lang='grc' dir='ltr'>ὀργὴ</span> <span class='ocrx_word' id='word_1_268' title='bbox 1561 2961 1708 3018; x_wconf 82' lang='grc' dir='ltr'>Θεοῦ</span> <span class='ocrx_word' id='word_1_269' title='bbox 1751 2961 1851 3018; x_wconf 66' lang='grc' dir='ltr'>ἀπ’</span> <span class='ocrx_word' id='word_1_270' title='bbox 1899 2964 1995 3018; x_wconf 82' lang='grc' dir='ltr'>οὐ·</span> 
     </span>
    </p>
   </div>
   <div class='ocr_carea' id='block_1_33' title="bbox 327 3048 2000 3120">
    <p class='ocr_par' dir='ltr' id='par_1_33' title="bbox 327 3048 2000 3120">
     <span class='ocr_line' id='line_1_33' title="bbox 327 3048 2000 3120; baseline -0.001 -16"><span class='ocrx_word' id='word_1_271' title='bbox 327 3052 513 3120; x_wconf 74' lang='grc' dir='ltr'>ρανοῦ</span> <span class='ocrx_word' id='word_1_272' title='bbox 552 3051 650 3104; x_wconf 77' lang='grc' dir='ltr'>ἐπὶ</span> <span class='ocrx_word' id='word_1_273' title='bbox 693 3049 900 3104; x_wconf 85' lang='grc' dir='ltr'>πᾶσαν</span> <span class='ocrx_word' id='word_1_274' title='bbox 929 3050 1211 3112; x_wconf 78' lang='grc' dir='ltr'>ἀσέϐειαν</span> <span class='ocrx_word' id='word_1_275' title='bbox 1257 3049 1356 3104; x_wconf 82' lang='grc' dir='ltr'>καὶ</span> <span class='ocrx_word' id='word_1_276' title='bbox 1396 3048 2000 3116; x_wconf 59' lang='grc' dir='ltr'>ἀδιαιίανάνῦρὼπιον</span> 
     </span>
    </p>
   </div>
   <div class='ocr_carea' id='block_1_34' title="bbox 328 3131 2001 3208">
    <p class='ocr_par' dir='ltr' id='par_1_34' title="bbox 328 3131 2001 3208">
     <span class='ocr_line' id='line_1_34' title="bbox 328 3131 2001 3208; baseline -0.003 -15"><span class='ocrx_word' id='word_1_277' title='bbox 328 3137 450 3193; x_wconf 77' lang='grc' dir='ltr'>τῶν</span> <span class='ocrx_word' id='word_1_278' title='bbox 472 3139 588 3208; x_wconf 73' lang='grc' dir='ltr'>τὴν</span> <span class='ocrx_word' id='word_1_279' title='bbox 618 3136 908 3204; x_wconf 75' lang='grc' dir='ltr'>ἀλήθειαν</span> <span class='ocrx_word' id='word_1_280' title='bbox 941 3137 1011 3191; x_wconf 77' lang='grc' dir='ltr'>ἐν</span> <span class='ocrx_word' id='word_1_281' title='bbox 1037 3137 1237 3204; x_wconf 75' lang='grc' dir='ltr'>ἀδικία</span> <span class='ocrx_word' id='word_1_282' title='bbox 1275 3137 1669 3206; x_wconf 72' lang='grc' dir='ltr'>κατεχόντων,</span> <span class='ocrx_word' id='word_1_283' title='bbox 1709 3135 1896 3206; x_wconf 80' lang='grc' dir='ltr'>ἐπειδὴ</span> <span class='ocrx_word' id='word_1_284' title='bbox 1925 3131 2001 3188; x_wconf 83' lang='grc' dir='ltr'>εἷ-</span> 
     </span>
    </p>
   </div>
   <div class='ocr_carea' id='block_1_35' title="bbox 330 3223 2000 3296">
    <p class='ocr_par' dir='ltr' id='par_1_35' title="bbox 330 3223 2000 3296">
     <span class='ocr_line' id='line_1_35' title="bbox 330 3223 2000 3296; baseline -0.002 -16"><span class='ocrx_word' id='word_1_285' title='bbox 330 3225 419 3280; x_wconf 86' lang='grc' dir='ltr'>δεν</span> <span class='ocrx_word' id='word_1_286' title='bbox 449 3225 721 3280; x_wconf 82' lang='grc' dir='ltr'>ἀντίθεσιν</span> <span class='ocrx_word' id='word_1_287' title='bbox 764 3223 1188 3279; x_wconf 73' lang='grc' dir='ltr'>ἀντιπίπτουσαν</span> <span class='ocrx_word' id='word_1_288' title='bbox 1233 3224 1400 3296; x_wconf 79' lang='grc' dir='ltr'>αύτῷ,</span> <span class='ocrx_word' id='word_1_289' title='bbox 1469 3224 1563 3278; x_wconf 72' lang='grc' dir='ltr'>καὶ</span> <span class='ocrx_word' id='word_1_290' title='bbox 1609 3223 1832 3286; x_wconf 73' lang='grc' dir='ltr'>πολλοὺς</span> <span class='ocrx_word' id='word_1_291' title='bbox 1877 3225 2000 3277; x_wconf 86' lang='grc' dir='ltr'>ἀντ-</span> 
     </span>
    </p>
   </div>
   <div class='ocr_carea' id='block_1_36' title="bbox 330 3309 1990 3385">
    <p class='ocr_par' dir='ltr' id='par_1_36' title="bbox 330 3309 1990 3385">
     <span class='ocr_line' id='line_1_36' title="bbox 330 3309 1990 3385; baseline -0.003 -19"><span class='ocrx_word' id='word_1_292' title='bbox 330 3312 650 3385; x_wconf 80' lang='grc' dir='ltr'>ερωτῶντας</span> <span class='ocrx_word' id='word_1_293' title='bbox 693 3311 744 3376; x_wconf 72' lang='grc' dir='ltr'>ι’.</span> <span class='ocrx_word' id='word_1_294' title='bbox 767 3313 848 3366; x_wconf 80' lang='grc' dir='ltr'>ὅτι</span> <span class='ocrx_word' id='word_1_295' title='bbox 867 3313 979 3365; x_wconf 70' lang='grc' dir='ltr'>Καὶ</span> <span class='ocrx_word' id='word_1_296' title='bbox 1020 3311 1182 3366; x_wconf 84' lang='grc' dir='ltr'>πόθεν</span> <span class='ocrx_word' id='word_1_297' title='bbox 1209 3311 1408 3382; x_wconf 71' lang='grc' dir='ltr'>ᾔδεσαν</span> <span class='ocrx_word' id='word_1_298' title='bbox 1441 3310 1698 3382; x_wconf 83' lang='grc' dir='ltr'>Ἕλληνες</span> <span class='ocrx_word' id='word_1_299' title='bbox 1732 3309 1828 3382; x_wconf 79' lang='grc' dir='ltr'>τήν</span> <span class='ocrx_word' id='word_1_300' title='bbox 1869 3309 1990 3380; x_wconf 82' lang='grc' dir='ltr'>ἀλή-</span> 
     </span>
    </p>
   </div>
   <div class='ocr_carea' id='block_1_37' title="bbox 331 3396 1999 3470">
    <p class='ocr_par' dir='ltr' id='par_1_37' title="bbox 331 3396 1999 3470">
     <span class='ocr_line' id='line_1_37' title="bbox 331 3396 1999 3470; baseline -0.001 -18"><span class='ocrx_word' id='word_1_301' title='bbox 331 3399 482 3454; x_wconf 86' lang='grc' dir='ltr'>θειαν</span> <span class='ocrx_word' id='word_1_302' title='bbox 513 3398 606 3452; x_wconf 84' lang='grc' dir='ltr'>τοῦ</span> <span class='ocrx_word' id='word_1_303' title='bbox 631 3398 794 3464; x_wconf 84' lang='grc' dir='ltr'>Θεού;</span> <span class='ocrx_word' id='word_1_304' title='bbox 831 3401 1078 3470; x_wconf 73' lang='grc' dir='ltr'>ἐπήγαγε</span> <span class='ocrx_word' id='word_1_305' title='bbox 1102 3397 1294 3468; x_wconf 73' lang='grc' dir='ltr'>λέγων’</span> <span class='ocrx_word' id='word_1_306' title='bbox 1321 3398 1476 3450; x_wconf 83' lang='grc' dir='ltr'>Διότι</span> <span class='ocrx_word' id='word_1_307' title='bbox 1501 3397 1567 3452; x_wconf 78' lang='grc' dir='ltr'>τὸ</span> <span class='ocrx_word' id='word_1_308' title='bbox 1597 3397 1868 3468; x_wconf 77' lang='grc' dir='ltr'>γνωστὸν</span> <span class='ocrx_word' id='word_1_309' title='bbox 1893 3396 1999 3450; x_wconf 87' lang='grc' dir='ltr'>τοῦ</span> 
     </span>
    </p>
   </div>
   <div class='ocr_carea' id='block_1_38' title="bbox 333 3485 2002 3556">
    <p class='ocr_par' dir='ltr' id='par_1_38' title="bbox 333 3485 2002 3556">
     <span class='ocr_line' id='line_1_38' title="bbox 333 3485 2002 3556; baseline -0.002 -16"><span class='ocrx_word' id='word_1_310' title='bbox 333 3487 482 3542; x_wconf 84' lang='grc' dir='ltr'>Θεοῦ</span> <span class='ocrx_word' id='word_1_311' title='bbox 506 3489 771 3556; x_wconf 72' lang='grc' dir='ltr'>φανερόν</span> <span class='ocrx_word' id='word_1_312' title='bbox 796 3485 967 3542; x_wconf 72' lang='grc' dir='ltr'>ἐστιν·</span> <span class='ocrx_word' id='word_1_313' title='bbox 993 3486 1062 3540; x_wconf 78' lang='grc' dir='ltr'>ἐν</span> <span class='ocrx_word' id='word_1_314' title='bbox 1079 3485 1300 3552; x_wconf 80' lang='grc' dir='ltr'>αὐτοῖς.</span> <span class='ocrx_word' id='word_1_315' title='bbox 1327 3486 1436 3540; x_wconf 70' lang='grc' dir='ltr'>Καὶ</span> <span class='ocrx_word' id='word_1_316' title='bbox 1461 3486 1574 3549; x_wconf 87' lang='grc' dir='ltr'>πῶς</span> <span class='ocrx_word' id='word_1_317' title='bbox 1601 3485 1832 3556; x_wconf 76' lang='grc' dir='ltr'>φανερόν</span> <span class='ocrx_word' id='word_1_318' title='bbox 1850 3485 2002 3546; x_wconf 83' lang='grc' dir='ltr'>ἐστιν</span> 
     </span>
    </p>
   </div>
   <div class='ocr_carea' id='block_1_39' title="bbox 332 3571 2002 3643">
    <p class='ocr_par' dir='ltr' id='par_1_39' title="bbox 332 3571 2002 3643">
     <span class='ocr_line' id='line_1_39' title="bbox 332 3571 2002 3643; baseline -0.001 -17"><span class='ocrx_word' id='word_1_319' title='bbox 332 3575 392 3628; x_wconf 84' lang='grc' dir='ltr'>ἐν</span> <span class='ocrx_word' id='word_1_320' title='bbox 421 3573 640 3640; x_wconf 68' lang='grc' dir='ltr'>αὒτοῖςς</span> <span class='ocrx_word' id='word_1_321' title='bbox 681 3575 800 3638; x_wconf 86' lang='grc' dir='ltr'>πῶς</span> <span class='ocrx_word' id='word_1_322' title='bbox 824 3573 882 3627; x_wconf 79' lang='grc' dir='ltr'>δὲ</span> <span class='ocrx_word' id='word_1_323' title='bbox 913 3573 1172 3643; x_wconf 78' lang='grc' dir='ltr'>ἠδύναντο</span> <span class='ocrx_word' id='word_1_324' title='bbox 1209 3573 1410 3626; x_wconf 85' lang='grc' dir='ltr'>εἰδέναι</span> <span class='ocrx_word' id='word_1_325' title='bbox 1449 3571 1599 3634; x_wconf 82' lang='grc' dir='ltr'>Θεὸν,</span> <span class='ocrx_word' id='word_1_326' title='bbox 1632 3573 1726 3627; x_wconf 79' lang='grc' dir='ltr'>καί¹</span> <span class='ocrx_word' id='word_1_327' title='bbox 1759 3571 1840 3637; x_wconf 88' lang='grc' dir='ltr'>τίς</span> <span class='ocrx_word' id='word_1_328' title='bbox 1869 3572 2002 3624; x_wconf 81' lang='grc' dir='ltr'>έδει-</span> 
     </span>
    </p>
   </div>
   <div class='ocr_carea' id='block_1_40' title="bbox 332 3658 1997 3730">
    <p class='ocr_par' dir='ltr' id='par_1_40' title="bbox 332 3658 1997 3730">
     <span class='ocr_line' id='line_1_40' title="bbox 332 3658 1997 3730; baseline -0.001 -16"><span class='ocrx_word' id='word_1_329' title='bbox 332 3661 455 3728; x_wconf 54' lang='grc' dir='ltr'>,ξεν;</span> <span class='ocrx_word' id='word_1_330' title='bbox 490 3661 632 3715; x_wconf 88' lang='grc' dir='ltr'>εἰπέ.</span> <span class='ocrx_word' id='word_1_331' title='bbox 665 3663 729 3714; x_wconf 89' lang='grc' dir='ltr'>Ὃ</span> <span class='ocrx_word' id='word_1_332' title='bbox 778 3659 887 3730; x_wconf 78' lang='grc' dir='ltr'>γὰρ</span> <span class='ocrx_word' id='word_1_333' title='bbox 943 3661 1086 3726; x_wconf 79' lang='grc' dir='ltr'>Θεὸς</span> <span class='ocrx_word' id='word_1_334' title='bbox 1129 3658 1506 3729; x_wconf 66' lang='grc' dir='ltr'>ἐφανέρωσεν</span> <span class='ocrx_word' id='word_1_335' title='bbox 1559 3659 1785 3726; x_wconf 81' lang='grc' dir='ltr'>αὐτοῖς,</span> <span class='ocrx_word' id='word_1_336' title='bbox 1847 3660 1997 3728; x_wconf 81' lang='grc' dir='ltr'>φησί.</span> 
     </span>
    </p>
   </div>
   <div class='ocr_carea' id='block_1_41' title="bbox 333 3747 2002 3822">
    <p class='ocr_par' dir='ltr' id='par_1_41' title="bbox 333 3747 2002 3822">
     <span class='ocr_line' id='line_1_41' title="bbox 333 3747 2002 3822; baseline -0.001 -20"><span class='ocrx_word' id='word_1_337' title='bbox 333 3749 479 3821; x_wconf 81' lang='grc' dir='ltr'>Ποίῳ</span> <span class='ocrx_word' id='word_1_338' title='bbox 513 3749 736 3822; x_wconf 77' lang='grc' dir='ltr'>τρόπῳ;</span> <span class='ocrx_word' id='word_1_339' title='bbox 775 3751 926 3802; x_wconf 81' lang='grc' dir='ltr'>ποῖον</span> <span class='ocrx_word' id='word_1_340' title='bbox 957 3750 1239 3820; x_wconf 79' lang='grc' dir='ltr'>προφήτην</span> <span class='ocrx_word' id='word_1_341' title='bbox 1271 3747 1528 3818; x_wconf 69' lang='grc' dir='ltr'>πέμψαςς</span> <span class='ocrx_word' id='word_1_342' title='bbox 1558 3748 1681 3801; x_wconf 74' lang='grc' dir='ltr'>τίνα</span> <span class='ocrx_word' id='word_1_343' title='bbox 1723 3747 2002 3816; x_wconf 75' lang='grc' dir='ltr'>εὐαγγελι-</span> 
     </span>
    </p>
   </div>
   <div class='ocr_carea' id='block_1_42' title="bbox 336 3831 2003 3909">
    <p class='ocr_par' dir='ltr' id='par_1_42' title="bbox 336 3831 2003 3909">
     <span class='ocr_line' id='line_1_42' title="bbox 336 3831 2003 3909; baseline -0.001 -17"><span class='ocrx_word' id='word_1_344' title='bbox 336 3839 466 3909; x_wconf 85' lang='grc' dir='ltr'>στήν</span> <span class='ocrx_word' id='word_1_345' title='bbox 490 3855 505 3904; x_wconf 90' lang='grc'>;</span> <span class='ocrx_word' id='word_1_346' title='bbox 531 3839 682 3890; x_wconf 89' lang='grc' dir='ltr'>ποῖον</span> <span class='ocrx_word' id='word_1_347' title='bbox 703 3835 1040 3902; x_wconf 83' lang='grc' dir='ltr'>διδάσκαλον,</span> <span class='ocrx_word' id='word_1_348' title='bbox 1073 3837 1121 3889; x_wconf 84' lang='grc' dir='ltr'>εἰ</span> <span class='ocrx_word' id='word_1_349' title='bbox 1148 3837 1203 3890; x_wconf 88' lang='grc' dir='ltr'>αἰ</span> <span class='ocrx_word' id='word_1_350' title='bbox 1227 3835 1442 3905; x_wconf 77' lang='grc' dir='ltr'>Γραφαί</span> <span class='ocrx_word' id='word_1_351' title='bbox 1471 3834 1694 3906; x_wconf 79' lang='grc' dir='ltr'>μηδέπω</span> <span class='ocrx_word' id='word_1_352' title='bbox 1719 3831 1893 3907; x_wconf 81' lang='grc' dir='ltr'>ἦσαν;</span> <span class='ocrx_word' id='word_1_353' title='bbox 1929 3836 2003 3890; x_wconf 83' lang='grc' dir='ltr'>Τὰ</span> 
     </span>
    </p>
   </div>
   <div class='ocr_carea' id='block_1_43' title="bbox 332 3922 2004 3996">
    <p class='ocr_par' dir='ltr' id='par_1_43' title="bbox 332 3922 2004 3996">
     <span class='ocr_line' id='line_1_43' title="bbox 332 3922 2004 3996; baseline -0.002 -17"><span class='ocrx_word' id='word_1_354' title='bbox 332 3925 445 3996; x_wconf 71' lang='grc' dir='ltr'>γὰρ</span> <span class='ocrx_word' id='word_1_355' title='bbox 473 3926 694 3994; x_wconf 85' lang='grc' dir='ltr'>ἀόρατα</span> <span class='ocrx_word' id='word_1_356' title='bbox 731 3923 940 3990; x_wconf 85' lang='grc' dir='ltr'>αὐτοῦ,</span> <span class='ocrx_word' id='word_1_357' title='bbox 970 3924 1154 3996; x_wconf 77' lang='grc' dir='ltr'>φησὶν,</span> <span class='ocrx_word' id='word_1_358' title='bbox 1185 3922 1304 3977; x_wconf 78' lang='grc' dir='ltr'>ἀπὸ</span> <span class='ocrx_word' id='word_1_359' title='bbox 1336 3923 1586 3990; x_wconf 81' lang='grc' dir='ltr'>κτίσεως</span> <span class='ocrx_word' id='word_1_360' title='bbox 1613 3925 1844 3992; x_wconf 81' lang='grc' dir='ltr'>κόσμου</span> <span class='ocrx_word' id='word_1_361' title='bbox 1881 3923 2004 3990; x_wconf 73' lang='grc' dir='ltr'>τοῖς</span> 
     </span>
    </p>
   </div>
   <div class='ocr_carea' id='block_1_44' title="bbox 332 4010 2002 4084">
    <p class='ocr_par' dir='ltr' id='par_1_44' title="bbox 332 4010 2002 4084">
     <span class='ocr_line' id='line_1_44' title="bbox 332 4010 2002 4084; baseline -0.001 -16"><span class='ocrx_word' id='word_1_362' title='bbox 332 4013 621 4084; x_wconf 77' lang='grc' dir='ltr'>ποιήμασι</span> <span class='ocrx_word' id='word_1_363' title='bbox 649 4013 948 4082; x_wconf 79' lang='grc' dir='ltr'>νοούμενα</span> <span class='ocrx_word' id='word_1_364' title='bbox 988 4011 1330 4082; x_wconf 82' lang='grc' dir='ltr'>καθορᾶται,</span> <span class='ocrx_word' id='word_1_365' title='bbox 1380 4011 1420 4080; x_wconf 83' lang='grc' dir='ltr'><em>ἢ</em></span> <span class='ocrx_word' id='word_1_366' title='bbox 1465 4028 1531 4065; x_wconf 87' lang='grc' dir='ltr'>τε</span> <span class='ocrx_word' id='word_1_367' title='bbox 1580 4010 1771 4078; x_wconf 78' lang='grc' dir='ltr'>ἀΐδιος</span> <span class='ocrx_word' id='word_1_368' title='bbox 1816 4012 2002 4070; x_wconf 71' lang='grc' dir='ltr'>αὐτοῦ</span> 
     </span>
    </p>
   </div>
   <div class='ocr_carea' id='block_1_45' title="bbox 329 4096 2004 4172">
    <p class='ocr_par' dir='ltr' id='par_1_45' title="bbox 329 4096 2004 4172">
     <span class='ocr_line' id='line_1_45' title="bbox 329 4096 2004 4172; baseline -0.001 -20"><span class='ocrx_word' id='word_1_369' title='bbox 329 4099 583 4169; x_wconf 75' lang='grc' dir='ltr'>δύναμις</span> <span class='ocrx_word' id='word_1_370' title='bbox 614 4099 712 4154; x_wconf 77' lang='grc' dir='ltr'>καί</span> <span class='ocrx_word' id='word_1_371' title='bbox 743 4099 992 4167; x_wconf 84' lang='grc' dir='ltr'>θειότης.</span> <span class='ocrx_word' id='word_1_372' title='bbox 1033 4100 1098 4152; x_wconf 87' lang='grc' dir='ltr'><strong>Ὃ</strong></span> <span class='ocrx_word' id='word_1_373' title='bbox 1135 4099 1192 4152; x_wconf 77' lang='grc' dir='ltr'>δὲ</span> <span class='ocrx_word' id='word_1_374' title='bbox 1220 4097 1390 4168; x_wconf 90' lang='grc' dir='ltr'>λέγει,</span> <span class='ocrx_word' id='word_1_375' title='bbox 1423 4096 1662 4152; x_wconf 74' lang='grc' dir='ltr'>τοιοῦτον</span> <span class='ocrx_word' id='word_1_376' title='bbox 1704 4101 1854 4152; x_wconf 86' lang='grc' dir='ltr'>ἐστι·</span> <span class='ocrx_word' id='word_1_377' title='bbox 1894 4099 2004 4172; x_wconf 80' lang='grc' dir='ltr'>Τὴν</span> 
     </span>
    </p>
   </div>
   <div class='ocr_carea' id='block_1_46' title="bbox 335 4183 2001 4258">
    <p class='ocr_par' dir='ltr' id='par_1_46' title="bbox 335 4183 2001 4258">
     <span class='ocr_line' id='line_1_46' title="bbox 335 4183 2001 4258; baseline -0.001 -17"><span class='ocrx_word' id='word_1_378' title='bbox 335 4186 508 4241; x_wconf 85' lang='grc' dir='ltr'>κτίσιν</span> <span class='ocrx_word' id='word_1_379' title='bbox 541 4188 620 4250; x_wconf 88' lang='grc' dir='ltr'>εἰς</span> <span class='ocrx_word' id='word_1_380' title='bbox 661 4185 824 4257; x_wconf 90' lang='grc' dir='ltr'>μέσον</span> <span class='ocrx_word' id='word_1_381' title='bbox 851 4184 1124 4258; x_wconf 78' lang='grc' dir='ltr'>προέθηκε</span> <span class='ocrx_word' id='word_1_382' title='bbox 1157 4185 1262 4258; x_wconf 80' lang='grc' dir='ltr'>πρὸ</span> <span class='ocrx_word' id='word_1_383' title='bbox 1297 4183 1405 4239; x_wconf 90' lang='grc' dir='ltr'>τῶν</span> <span class='ocrx_word' id='word_1_384' title='bbox 1433 4184 1728 4256; x_wconf 82' lang='grc' dir='ltr'>ὀφθαλμῶν</span> <span class='ocrx_word' id='word_1_385' title='bbox 1764 4185 2001 4250; x_wconf 88' lang='grc' dir='ltr'>πάντων,</span> 
     </span>
    </p>
   </div>
   <div class='ocr_carea' id='block_1_47' title="bbox 334 4272 2006 4346">
    <p class='ocr_par' dir='ltr' id='par_1_47' title="bbox 334 4272 2006 4346">
     <span class='ocr_line' id='line_1_47' title="bbox 334 4272 2006 4346; baseline -0.001 -18"><span class='ocrx_word' id='word_1_386' title='bbox 334 4277 421 4329; x_wconf 84' lang='grc' dir='ltr'>ἵνα</span> <span class='ocrx_word' id='word_1_387' title='bbox 457 4272 568 4328; x_wconf 73' lang='grc' dir='ltr'>ἀπὸ</span> <span class='ocrx_word' id='word_1_388' title='bbox 591 4273 702 4328; x_wconf 87' lang='grc' dir='ltr'>τῶν</span> <span class='ocrx_word' id='word_1_389' title='bbox 738 4273 914 4346; x_wconf 76' lang='grc' dir='ltr'>ἔργων</span> <span class='ocrx_word' id='word_1_390' title='bbox 956 4273 1046 4328; x_wconf 85' lang='grc' dir='ltr'>τὸν</span> <span class='ocrx_word' id='word_1_391' title='bbox 1079 4273 1408 4345; x_wconf 81' lang='grc' dir='ltr'>δημιουργὸν</span> <span class='ocrx_word' id='word_1_392' title='bbox 1440 4273 1805 4344; x_wconf 76' lang='grc' dir='ltr'>στοχάξωνται</span> <span class='ocrx_word' id='word_1_393' title='bbox 1826 4290 1839 4304; x_wconf 82' lang='lat'>&#39;</span> <span class='ocrx_word' id='word_1_394' title='bbox 1869 4273 2006 4345; x_wconf 77' lang='grc' dir='ltr'>ὅπερ</span> 
     </span>
    </p>
   </div>
   <div class='ocr_carea' id='block_1_48' title="bbox 333 4358 2006 4432">
    <p class='ocr_par' dir='ltr' id='par_1_48' title="bbox 333 4358 2006 4432">
     <span class='ocr_line' id='line_1_48' title="bbox 333 4358 2006 4432; baseline 0.001 -18"><span class='ocrx_word' id='word_1_395' title='bbox 333 4358 428 4416; x_wconf 79' lang='grc' dir='ltr'>οὖν</span> <span class='ocrx_word' id='word_1_396' title='bbox 461 4360 556 4416; x_wconf 80' lang='grc' dir='ltr'>καὶ</span> <span class='ocrx_word' id='word_1_397' title='bbox 591 4360 778 4432; x_wconf 70' lang='grc' dir='ltr'>ἔτερος</span> <span class='ocrx_word' id='word_1_398' title='bbox 804 4360 1017 4430; x_wconf 79' lang='grc' dir='ltr'>ἔλεγεν·</span> <span class='ocrx_word' id='word_1_399' title='bbox 1055 4361 1156 4414; x_wconf 83' lang='grc' dir='ltr'>Ἐκ</span> <span class='ocrx_word' id='word_1_400' title='bbox 1188 4361 1297 4431; x_wconf 73' lang='grc' dir='ltr'>γὰρ</span> <span class='ocrx_word' id='word_1_401' title='bbox 1328 4358 1618 4430; x_wconf 74' lang='grc' dir='ltr'>μεγέθους</span> <span class='ocrx_word' id='word_1_402' title='bbox 1654 4361 1752 4414; x_wconf 78' lang='grc' dir='ltr'>καὶ</span> <span class='ocrx_word' id='word_1_403' title='bbox 1786 4363 2006 4415; x_wconf 68' lang='grc' dir='ltr'>καλλο-</span> 
     </span>
    </p>
   </div>
   <div class='ocr_carea' id='block_1_49' title="bbox 309 4443 2008 4519">
    <p class='ocr_par' dir='ltr' id='par_1_49' title="bbox 309 4443 2008 4519">
     <span class='ocr_line' id='line_1_49' title="bbox 309 4443 2008 4519; baseline -0.001 -17"><span class='ocrx_word' id='word_1_404' title='bbox 309 4443 450 4516; x_wconf 67' lang='grc' dir='ltr'>’νῆς</span> <span class='ocrx_word' id='word_1_405' title='bbox 499 4445 840 4519; x_wconf 75' lang='grc' dir='ltr'>κτισμάτων</span> <span class='ocrx_word' id='word_1_406' title='bbox 883 4447 1192 4516; x_wconf 67' lang='grc' dir='ltr'>ἀναλόγως</span> <span class='ocrx_word' id='word_1_407' title='bbox 1245 4449 1278 4502; x_wconf 86' lang='grc' dir='ltr'>ό</span> <span class='ocrx_word' id='word_1_408' title='bbox 1329 4447 1751 4518; x_wconf 74' lang='grc' dir='ltr'>γενεσιουργὸς</span> <span class='ocrx_word' id='word_1_409' title='bbox 1805 4445 2008 4501; x_wconf 77' lang='grc' dir='ltr'>αὐτῶν</span> 
     </span>
    </p>
   </div>
   <div class='ocr_carea' id='block_1_50' title="bbox 339 4529 2007 4607">
    <p class='ocr_par' dir='ltr' id='par_1_50' title="bbox 339 4529 2007 4607">
     <span class='ocr_line' id='line_1_50' title="bbox 339 4529 2007 4607; baseline 0 -19"><span class='ocrx_word' id='word_1_410' title='bbox 339 4533 678 4604; x_wconf 79' lang='grc' dir='ltr'>καθορᾶται.</span> <span class='ocrx_word' id='word_1_411' title='bbox 723 4529 878 4598; x_wconf 82' lang='grc' dir='ltr'>Εἶδες</span> <span class='ocrx_word' id='word_1_412' title='bbox 915 4533 978 4588; x_wconf 83' lang='grc' dir='ltr'>τδ</span> <span class='ocrx_word' id='word_1_413' title='bbox 1019 4534 1280 4604; x_wconf 86' lang='grc' dir='ltr'>μέγεθος;</span> <span class='ocrx_word' id='word_1_414' title='bbox 1321 4533 1599 4606; x_wconf 85' lang='grc' dir='ltr'>θαύμασον</span> <span class='ocrx_word' id='word_1_415' title='bbox 1645 4535 1742 4607; x_wconf 84' lang='grc' dir='ltr'>τὴν</span> <span class='ocrx_word' id='word_1_416' title='bbox 1780 4535 2007 4606; x_wconf 82' lang='grc' dir='ltr'>δύναμιν</span> 
     </span>
    </p>
   </div>
   <div class='ocr_carea' id='block_1_51' title="bbox 327 4618 2008 4696">
    <p class='ocr_par' dir='ltr' id='par_1_51' title="bbox 327 4618 2008 4696">
     <span class='ocr_line' id='line_1_51' title="bbox 327 4618 2008 4696; baseline 0 -20"><span class='ocrx_word' id='word_1_417' title='bbox 327 4622 435 4676; x_wconf 76' lang='grc' dir='ltr'>’τοῦ</span> <span class='ocrx_word' id='word_1_418' title='bbox 458 4623 801 4696; x_wconf 72' lang='grc' dir='ltr'>ποιήσαντος.</span> <span class='ocrx_word' id='word_1_419' title='bbox 823 4618 975 4686; x_wconf 69' lang='grc' dir='ltr'>Εἶδες</span> <span class='ocrx_word' id='word_1_420' title='bbox 999 4622 1058 4676; x_wconf 85' lang='grc' dir='ltr'>τὺ</span> <span class='ocrx_word' id='word_1_421' title='bbox 1083 4621 1274 4686; x_wconf 88' lang='grc' dir='ltr'>κάλλος</span> <span class='ocrx_word' id='word_1_422' title='bbox 1296 4639 1310 4688; x_wconf 89' lang='grc'>;</span> <span class='ocrx_word' id='word_1_423' title='bbox 1347 4623 1652 4695; x_wconf 84' lang='grc' dir='ltr'>ἐκπλάγηθι</span> <span class='ocrx_word' id='word_1_424' title='bbox 1689 4623 1786 4694; x_wconf 77' lang='grc' dir='ltr'>τὴν</span> <span class='ocrx_word' id='word_1_425' title='bbox 1817 4623 2008 4692; x_wconf 82' lang='grc' dir='ltr'>σοφίαν</span> 
     </span>
    </p>
   </div>
   <div class='ocr_carea' id='block_1_52' title="bbox 339 4707 2008 4782">
    <p class='ocr_par' dir='ltr' id='par_1_52' title="bbox 339 4707 2008 4782">
     <span class='ocr_line' id='line_1_52' title="bbox 339 4707 2008 4782; baseline 0.001 -20"><span class='ocrx_word' id='word_1_426' title='bbox 339 4708 434 4762; x_wconf 81' lang='grc' dir='ltr'>τοῦ</span> <span class='ocrx_word' id='word_1_427' title='bbox 479 4711 883 4781; x_wconf 79' lang='grc' dir='ltr'>κοσμήσαντοςο</span> <span class='ocrx_word' id='word_1_428' title='bbox 927 4709 1062 4782; x_wconf 82' lang='grc' dir='ltr'>ὅπερ</span> <span class='ocrx_word' id='word_1_429' title='bbox 1095 4707 1189 4763; x_wconf 77' lang='grc' dir='ltr'>οὖν</span> <span class='ocrx_word' id='word_1_430' title='bbox 1229 4710 1324 4763; x_wconf 78' lang='grc' dir='ltr'>καὶ</span> <span class='ocrx_word' id='word_1_431' title='bbox 1358 4711 1387 4764; x_wconf 90' lang='lat'>6</span> <span class='ocrx_word' id='word_1_432' title='bbox 1415 4712 1698 4780; x_wconf 78' lang='grc' dir='ltr'>προφήτης</span> <span class='ocrx_word' id='word_1_433' title='bbox 1728 4709 2008 4781; x_wconf 80' lang='grc' dir='ltr'>ἐμφαίνων</span> 
     </span>
    </p>
   </div>
   <div class='ocr_carea' id='block_1_53' title="bbox 341 4794 2004 4866">
    <p class='ocr_par' dir='ltr' id='par_1_53' title="bbox 341 4794 2004 4866">
     <span class='ocr_line' id='line_1_53' title="bbox 341 4794 2004 4866; baseline 0.002 -18"><span class='ocrx_word' id='word_1_434' title='bbox 341 4794 552 4864; x_wconf 81' lang='grc' dir='ltr'>ἔλεγεν·</span> <span class='ocrx_word' id='word_1_435' title='bbox 588 4797 653 4849; x_wconf 73' lang='lat' dir='ltr'><strong><em>Ol</em></strong></span> <span class='ocrx_word' id='word_1_436' title='bbox 675 4795 916 4864; x_wconf 80' lang='grc' dir='ltr'>οὐρανοὶ</span> <span class='ocrx_word' id='word_1_437' title='bbox 958 4794 1301 4866; x_wconf 72' lang='grc' dir='ltr'>διηγοῦνται</span> <span class='ocrx_word' id='word_1_438' title='bbox 1342 4796 1458 4866; x_wconf 77' lang='grc' dir='ltr'>τὴν</span> <span class='ocrx_word' id='word_1_439' title='bbox 1490 4795 1678 4862; x_wconf 77' lang='grc' dir='ltr'>δόξαν</span> <span class='ocrx_word' id='word_1_440' title='bbox 1702 4797 1806 4851; x_wconf 89' lang='grc' dir='ltr'>τοῦ</span> <span class='ocrx_word' id='word_1_441' title='bbox 1837 4795 2004 4851; x_wconf 84' lang='grc' dir='ltr'>Θεοῦ.</span> 
     </span>
    </p>
   </div>
   <div class='ocr_carea' id='block_1_54' title="bbox 341 4882 2009 4957">
    <p class='ocr_par' dir='ltr' id='par_1_54' title="bbox 341 4882 2009 4957">
     <span class='ocr_line' id='line_1_54' title="bbox 341 4882 2009 4957; baseline 0.002 -22"><span class='ocrx_word' id='word_1_442' title='bbox 341 4882 487 4946; x_wconf 82' lang='grc' dir='ltr'>Πῶς,</span> <span class='ocrx_word' id='word_1_443' title='bbox 519 4882 640 4936; x_wconf 86' lang='grc' dir='ltr'>εἰπέ</span> <span class='ocrx_word' id='word_1_444' title='bbox 685 4899 794 4954; x_wconf 89' lang='grc' dir='ltr'>μοι,</span> <span class='ocrx_word' id='word_1_445' title='bbox 839 4883 1188 4955; x_wconf 87' lang='grc' dir='ltr'>διηγοῦνται;</span> <span class='ocrx_word' id='word_1_446' title='bbox 1224 4883 1408 4957; x_wconf 83' lang='grc' dir='ltr'>φωνὴν</span> <span class='ocrx_word' id='word_1_447' title='bbox 1450 4884 1550 4938; x_wconf 80' lang='grc' dir='ltr'>οὐκ</span> <span class='ocrx_word' id='word_1_448' title='bbox 1596 4883 1798 4955; x_wconf 77' lang='grc' dir='ltr'>ἔχουσι,</span> <span class='ocrx_word' id='word_1_449' title='bbox 1835 4883 2009 4954; x_wconf 78' lang='grc' dir='ltr'>στόμα</span> 
     </span>
    </p>
   </div>
   <div class='ocr_carea' id='block_1_55' title="bbox 338 4967 2010 5044">
    <p class='ocr_par' dir='ltr' id='par_1_55' title="bbox 338 4967 2010 5044">
     <span class='ocr_line' id='line_1_55' title="bbox 338 4967 2010 5044; baseline -0.001 -19"><span class='ocrx_word' id='word_1_450' title='bbox 338 4971 401 5025; x_wconf 75' lang='grc' dir='ltr'>ού</span> <span class='ocrx_word' id='word_1_451' title='bbox 429 4971 741 5041; x_wconf 88' lang='grc' dir='ltr'>κέκτηνται,</span> <span class='ocrx_word' id='word_1_452' title='bbox 759 4970 974 5040; x_wconf 88' lang='grc' dir='ltr'>γλῶττα</span> <span class='ocrx_word' id='word_1_453' title='bbox 993 4973 1120 5044; x_wconf 85' lang='grc' dir='ltr'>παρ’</span> <span class='ocrx_word' id='word_1_454' title='bbox 1141 4973 1320 5038; x_wconf 77' lang='grc' dir='ltr'>αὐτοῖς</span> <span class='ocrx_word' id='word_1_455' title='bbox 1367 4972 1466 5026; x_wconf 86' lang='grc' dir='ltr'>οὐκ</span> <span class='ocrx_word' id='word_1_456' title='bbox 1503 4970 1638 5037; x_wconf 74' lang='grc' dir='ltr'>ἔστι,</span> <span class='ocrx_word' id='word_1_457' title='bbox 1661 4971 1778 5034; x_wconf 86' lang='grc' dir='ltr'>πῶς</span> <span class='ocrx_word' id='word_1_458' title='bbox 1807 4967 1900 5026; x_wconf 81' lang='grc' dir='ltr'>οὖν</span> <span class='ocrx_word' id='word_1_459' title='bbox 1931 4971 2010 5024; x_wconf 87' lang='grc' dir='ltr'>δι-</span> 
     </span>
    </p>
   </div>
   <div class='ocr_carea' id='block_1_56' title="bbox 342 5056 2009 5130">
    <p class='ocr_par' dir='ltr' id='par_1_56' title="bbox 342 5056 2009 5130">
     <span class='ocr_line' id='line_1_56' title="bbox 342 5056 2009 5130; baseline -0.012 -3"><span class='ocrx_word' id='word_1_460' title='bbox 342 5056 636 5128; x_wconf 74' lang='grc' dir='ltr'>ηγοῦνταις</span> <span class='ocrx_word' id='word_1_461' title='bbox 668 5057 767 5112; x_wconf 79' lang='grc' dir='ltr'>Διὰ</span> <span class='ocrx_word' id='word_1_462' title='bbox 793 5058 892 5130; x_wconf 80' lang='grc' dir='ltr'>τῆς</span> <span class='ocrx_word' id='word_1_463' title='bbox 923 5057 1098 5128; x_wconf 79' lang='grc' dir='ltr'>δψεως</span> <span class='ocrx_word' id='word_1_464' title='bbox 1127 5058 1321 5128; x_wconf 69' lang='grc' dir='ltr'>αὐτῆς·</span> <span class='ocrx_word' id='word_1_465' title='bbox 1354 5057 1480 5114; x_wconf 78' lang='grc' dir='ltr'>ὅταν</span> <span class='ocrx_word' id='word_1_466' title='bbox 1510 5056 1620 5130; x_wconf 84' lang='grc' dir='ltr'>γὰρ</span> <span class='ocrx_word' id='word_1_467' title='bbox 1639 5057 1754 5128; x_wconf 76' lang='grc' dir='ltr'>ἴδῃς</span> <span class='ocrx_word' id='word_1_468' title='bbox 1785 5057 1846 5110; x_wconf 84' lang='grc' dir='ltr'>τδ</span> <span class='ocrx_word' id='word_1_469' title='bbox 1877 5056 2009 5112; x_wconf 82' lang='grc' dir='ltr'>κάλ-</span> 
     </span>
    </p>
   </div>
   <div class='ocr_carea' id='block_1_57' title="bbox 341 5144 2010 5218">
    <p class='ocr_par' dir='ltr' id='par_1_57' title="bbox 341 5144 2010 5218">
     <span class='ocr_line' id='line_1_57' title="bbox 341 5144 2010 5218; baseline -0.001 -19"><span class='ocrx_word' id='word_1_470' title='bbox 341 5144 454 5210; x_wconf 89' lang='grc' dir='ltr'>λος,</span> <span class='ocrx_word' id='word_1_471' title='bbox 478 5145 538 5216; x_wconf 77' lang='grc' dir='ltr'>τὸ</span> <span class='ocrx_word' id='word_1_472' title='bbox 569 5145 816 5217; x_wconf 79' lang='grc' dir='ltr'>μέγεθος,</span> <span class='ocrx_word' id='word_1_473' title='bbox 843 5145 906 5199; x_wconf 84' lang='grc' dir='ltr'>τὸ</span> <span class='ocrx_word' id='word_1_474' title='bbox 933 5145 1086 5217; x_wconf 78' lang='grc' dir='ltr'>ὕψος,</span> <span class='ocrx_word' id='word_1_475' title='bbox 1117 5146 1216 5218; x_wconf 86' lang='grc' dir='ltr'>τὴν</span> <span class='ocrx_word' id='word_1_476' title='bbox 1253 5145 1420 5212; x_wconf 83' lang='grc' dir='ltr'>θέσιν,</span> <span class='ocrx_word' id='word_1_477' title='bbox 1451 5145 1513 5198; x_wconf 86' lang='grc' dir='ltr'>τὸ</span> <span class='ocrx_word' id='word_1_478' title='bbox 1544 5145 1751 5216; x_wconf 83' lang='grc' dir='ltr'>σχῆμα,</span> <span class='ocrx_word' id='word_1_479' title='bbox 1781 5144 1842 5198; x_wconf 82' lang='grc' dir='ltr'>τὸ</span> <span class='ocrx_word' id='word_1_480' title='bbox 1875 5145 2010 5214; x_wconf 84' lang='grc' dir='ltr'>πρὸς</span> 
     </span>
    </p>
   </div>
   <div class='ocr_carea' id='block_1_58' title="bbox 342 5231 2000 5306">
    <p class='ocr_par' dir='ltr' id='par_1_58' title="bbox 342 5231 2000 5306">
     <span class='ocr_line' id='line_1_58' title="bbox 342 5231 2000 5306; baseline -0.002 -20"><span class='ocrx_word' id='word_1_481' title='bbox 342 5232 592 5288; x_wconf 77' lang='grc' dir='ltr'>τοσοῦτον</span> <span class='ocrx_word' id='word_1_482' title='bbox 621 5235 812 5306; x_wconf 87' lang='grc' dir='ltr'>χρόνον</span> <span class='ocrx_word' id='word_1_483' title='bbox 839 5233 1076 5306; x_wconf 78' lang='grc' dir='ltr'>διαρκὲς,</span> <span class='ocrx_word' id='word_1_484' title='bbox 1107 5233 1292 5305; x_wconf 83' lang='grc' dir='ltr'>ὥσπερ</span> <span class='ocrx_word' id='word_1_485' title='bbox 1331 5231 1514 5303; x_wconf 82' lang='grc' dir='ltr'>φωνῆς</span> <span class='ocrx_word' id='word_1_486' title='bbox 1541 5231 1773 5296; x_wconf 87' lang='grc' dir='ltr'>ἀκούων,</span> <span class='ocrx_word' id='word_1_487' title='bbox 1805 5231 1900 5284; x_wconf 78' lang='grc' dir='ltr'>καί.</span> <span class='ocrx_word' id='word_1_488' title='bbox 1928 5231 2000 5284; x_wconf 82' lang='grc' dir='ltr'>δι-</span> 
     </span>
    </p>
   </div>
   <div class='ocr_carea' id='block_1_59' title="bbox 343 5319 2014 5392">
    <p class='ocr_par' dir='ltr' id='par_1_59' title="bbox 343 5319 2014 5392">
     <span class='ocr_line' id='line_1_59' title="bbox 343 5319 2014 5392; baseline 0 -19"><span class='ocrx_word' id='word_1_489' title='bbox 343 5319 676 5392; x_wconf 86' lang='grc' dir='ltr'>δασκόμενος</span> <span class='ocrx_word' id='word_1_490' title='bbox 705 5321 794 5376; x_wconf 81' lang='grc' dir='ltr'>διὰ</span> <span class='ocrx_word' id='word_1_491' title='bbox 833 5321 933 5392; x_wconf 87' lang='grc' dir='ltr'>τῆς</span> <span class='ocrx_word' id='word_1_492' title='bbox 971 5321 1167 5392; x_wconf 74' lang='grc' dir='ltr'>ὅψεως,</span> <span class='ocrx_word' id='word_1_493' title='bbox 1215 5321 1540 5392; x_wconf 86' lang='grc' dir='ltr'>προσκυνεῖς</span> <span class='ocrx_word' id='word_1_494' title='bbox 1577 5319 1669 5372; x_wconf 79' lang='grc' dir='ltr'>τὸν</span> <span class='ocrx_word' id='word_1_495' title='bbox 1713 5319 2014 5390; x_wconf 83' lang='grc' dir='ltr'>ποιήσαντα</span> 
     </span>
    </p>
   </div>
   <div class='ocr_carea' id='block_1_60' title="bbox 347 5405 2008 5482">
    <p class='ocr_par' dir='ltr' id='par_1_60' title="bbox 347 5405 2008 5482">
     <span class='ocr_line' id='line_1_60' title="bbox 347 5405 2008 5482; baseline 0.001 -22"><span class='ocrx_word' id='word_1_496' title='bbox 347 5406 506 5478; x_wconf 87' lang='grc' dir='ltr'>σῶμα</span> <span class='ocrx_word' id='word_1_497' title='bbox 537 5408 695 5462; x_wconf 74' lang='grc' dir='ltr'>καλὸν</span> <span class='ocrx_word' id='word_1_498' title='bbox 717 5407 862 5464; x_wconf 75' lang='grc' dir='ltr'>οὕτω</span> <span class='ocrx_word' id='word_1_499' title='bbox 886 5409 984 5464; x_wconf 76' lang='grc' dir='ltr'>καὶ</span> <span class='ocrx_word' id='word_1_500' title='bbox 1010 5407 1331 5482; x_wconf 77' lang='grc' dir='ltr'>παράδοξον.</span> <span class='ocrx_word' id='word_1_501' title='bbox 1353 5407 1489 5478; x_wconf 80' lang='grc' dir='ltr'>Σιγᾷ</span> <span class='ocrx_word' id='word_1_502' title='bbox 1520 5409 1550 5460; x_wconf 92' lang='lat'>6</span> <span class='ocrx_word' id='word_1_503' title='bbox 1574 5406 1634 5460; x_wconf 83' lang='grc' dir='ltr'>ού</span> <span class='ocrx_word' id='word_1_504' title='bbox 1643 5405 1818 5475; x_wconf 80' lang='grc' dir='ltr'>ρανδς,</span> <span class='ocrx_word' id='word_1_505' title='bbox 1837 5405 1951 5462; x_wconf 84' lang='grc' dir='ltr'>ἀλλ’</span> <span class='ocrx_word' id='word_1_506' title='bbox 1975 5407 2008 5478; x_wconf 83' lang='grc' dir='ltr'>ὴ</span> 
     </span>
    </p>
   </div>
   <div class='ocr_carea' id='block_1_61' title="bbox 343 5493 2010 5568">
    <p class='ocr_par' dir='ltr' id='par_1_61' title="bbox 343 5493 2010 5568">
     <span class='ocr_line' id='line_1_61' title="bbox 343 5493 2010 5568; baseline -0.001 -20"><span class='ocrx_word' id='word_1_507' title='bbox 343 5493 466 5566; x_wconf 74' lang='grc' dir='ltr'>δψις</span> <span class='ocrx_word' id='word_1_508' title='bbox 487 5495 651 5552; x_wconf 78' lang='grc' dir='ltr'>αὑτοῦ</span> <span class='ocrx_word' id='word_1_509' title='bbox 688 5497 872 5568; x_wconf 82' lang='grc' dir='ltr'>φωνὴν</span> <span class='ocrx_word' id='word_1_510' title='bbox 915 5497 1213 5565; x_wconf 83' lang='grc' dir='ltr'>σάλπιγγος</span> <span class='ocrx_word' id='word_1_511' title='bbox 1253 5493 1638 5566; x_wconf 83' lang='grc' dir='ltr'>λαμπροτέραν</span> <span class='ocrx_word' id='word_1_512' title='bbox 1681 5493 1894 5564; x_wconf 83' lang='grc' dir='ltr'>ἀφίησι,</span> <span class='ocrx_word' id='word_1_513' title='bbox 1945 5493 2010 5547; x_wconf 85' lang='grc' dir='ltr'>δι’</span> 
     </span>
    </p>
   </div>
   <div class='ocr_carea' id='block_1_62' title="bbox 344 5579 2010 5657">
    <p class='ocr_par' dir='ltr' id='par_1_62' title="bbox 344 5579 2010 5657">
     <span class='ocr_line' id='line_1_62' title="bbox 344 5579 2010 5657; baseline -0.001 -21"><span class='ocrx_word' id='word_1_514' title='bbox 344 5582 636 5655; x_wconf 83' lang='grc' dir='ltr'>ὀφθαλμῶν</span> <span class='ocrx_word' id='word_1_515' title='bbox 659 5587 828 5657; x_wconf 78' lang='grc' dir='ltr'>ἡμᾶς,</span> <span class='ocrx_word' id='word_1_516' title='bbox 851 5586 914 5639; x_wconf 83' lang='grc' dir='ltr'>οὐ</span> <span class='ocrx_word' id='word_1_517' title='bbox 941 5584 1009 5638; x_wconf 81' lang='grc' dir='ltr'>δι’</span> <span class='ocrx_word' id='word_1_518' title='bbox 1037 5585 1208 5655; x_wconf 84' lang='grc' dir='ltr'>ἀκοῆς</span> <span class='ocrx_word' id='word_1_519' title='bbox 1234 5581 1589 5638; x_wconf 86' lang='grc' dir='ltr'>παιδεύουσα⁹</span> <span class='ocrx_word' id='word_1_520' title='bbox 1629 5582 1724 5636; x_wconf 81' lang='grc' dir='ltr'>καὶ</span> <span class='ocrx_word' id='word_1_521' title='bbox 1769 5579 1878 5654; x_wconf 89' lang='grc' dir='ltr'>γάρ</span> <span class='ocrx_word' id='word_1_522' title='bbox 1911 5581 2010 5634; x_wconf 89' lang='grc' dir='ltr'>πέ-</span> 
     </span>
    </p>
   </div>
   <div class='ocr_carea' id='block_1_63' title="bbox 345 5665 2010 5746">
    <p class='ocr_par' dir='ltr' id='par_1_63' title="bbox 345 5665 2010 5746">
     <span class='ocr_line' id='line_1_63' title="bbox 345 5665 2010 5746; baseline -0.001 -22"><span class='ocrx_word' id='word_1_523' title='bbox 345 5687 518 5741; x_wconf 89' lang='grc' dir='ltr'>φυκεν</span> <span class='ocrx_word' id='word_1_524' title='bbox 538 5671 676 5745; x_wconf 77' lang='grc' dir='ltr'>αὕτη</span> <span class='ocrx_word' id='word_1_525' title='bbox 701 5673 915 5746; x_wconf 88' lang='grc' dir='ltr'>ἐκείνης</span> <span class='ocrx_word' id='word_1_526' title='bbox 945 5673 982 5746; x_wconf 79' lang='grc' dir='ltr'>ἡ</span> <span class='ocrx_word' id='word_1_527' title='bbox 1007 5673 1260 5745; x_wconf 74' lang='grc' dir='ltr'>αἴσθησις</span> <span class='ocrx_word' id='word_1_528' title='bbox 1285 5671 1381 5728; x_wconf 76' lang='grc' dir='ltr'>καὶ</span> <span class='ocrx_word' id='word_1_529' title='bbox 1409 5669 1704 5742; x_wconf 77' lang='grc' dir='ltr'>πιστοτέρα</span> <span class='ocrx_word' id='word_1_530' title='bbox 1736 5665 1874 5726; x_wconf 81' lang='grc' dir='ltr'>εἶναι</span> <span class='ocrx_word' id='word_1_531' title='bbox 1915 5669 2010 5724; x_wconf 82' lang='grc' dir='ltr'>καὶ</span> 
     </span>
    </p>
   </div>
   <div class='ocr_carea' id='block_1_64' title="bbox 413 5769 2006 5840">
    <p class='ocr_par' dir='ltr' id='par_1_64' title="bbox 413 5769 2006 5840">
     <span class='ocr_line' id='line_1_64' title="bbox 413 5769 2006 5840; baseline 0 -19"><span class='ocrx_word' id='word_1_532' title='bbox 413 5769 604 5840; x_wconf 75' lang='lat' dir='ltr'>_&#39;§avi_l_.</span> <span class='ocrx_word' id='word_1_533' title='bbox 631 5775 714 5822; x_wconf 79' lang='grc' dir='ltr'>καὶ</span> <span class='ocrx_word' id='word_1_534' title='bbox 739 5775 1192 5840; x_wconf 42' lang='grc' dir='ltr'>εἰ-χρήσιμοιλτίνος</span> <span class='ocrx_word' id='word_1_535' title='bbox 1207 5774 1842 5840; x_wconf 33' lang='grc' dir='ltr'>ἐνεκενηεζὶῐε-ἰῃιετρτθε.</span> <span class='ocrx_word' id='word_1_536' title='bbox 1868 5771 2006 5840; x_wconf 60' lang='grc' dir='ltr'>Εριτ.</span> 
     </span>
    </p>
   </div>
   <div class='ocr_carea' id='block_1_65' title="bbox 351 5830 2010 5959">
    <p class='ocr_par' dir='ltr' id='par_1_65' title="bbox 351 5830 2010 5959">
     <span class='ocr_line' id='line_1_65' title="bbox 410 5830 2010 5902; baseline 0.001 -20"><span class='ocrx_word' id='word_1_537' title='bbox 410 5830 441 5873; x_wconf 68' lang='grc' dir='ltr'>δ</span> <span class='ocrx_word' id='word_1_538' title='bbox 459 5833 610 5885; x_wconf 75' lang='lat' dir='ltr'>Savil.</span> <span class='ocrx_word' id='word_1_539' title='bbox 635 5841 690 5883; x_wconf 73' lang='grc' dir='ltr'>οι</span> <span class='ocrx_word' id='word_1_540' title='bbox 717 5830 918 5897; x_wconf 68' lang='lat' dir='ltr'>qui&#39;d&#39;ain</span> <span class='ocrx_word' id='word_1_541' title='bbox 935 5830 1020 5888; x_wconf 56' lang='lat' dir='ltr'>ﬁlii</span> <span class='ocrx_word' id='word_1_542' title='bbox 1034 5830 1526 5902; x_wconf 59' lang='grc' dir='ltr'>’ἀγηροῦντααίιιήι</span> <span class='ocrx_word' id='word_1_543' title='bbox 1555 5830 1756 5889; x_wconf 51' lang='lat' dir='ltr'>iidem-6</span> <span class='ocrx_word' id='word_1_544' title='bbox 1777 5835 1866 5899; x_wconf 82' lang='grc' dir='ltr'>γὰρ</span> <span class='ocrx_word' id='word_1_545' title='bbox 1891 5832 2010 5891; x_wconf 73' lang='grc' dir='ltr'>Θεὸς</span> 
     </span>
     <span class='ocr_line' id='line_1_66' title="bbox 351 5891 873 5959; baseline -0.002 -15"><span class='ocrx_word' id='word_1_546' title='bbox 351 5891 522 5952; x_wconf 66' lang='grc' dir='ltr'>ἔδειξεν</span> <span class='ocrx_word' id='word_1_547' title='bbox 538 5895 722 5959; x_wconf 65' lang='grc' dir='ltr'>αὐτοῖς,</span> <span class='ocrx_word' id='word_1_548' title='bbox 741 5894 873 5959; x_wconf 59' lang='grc' dir='ltr'>φησί.</span> 
     </span>
    </p>
   </div>
   <div class='ocr_carea' id='block_1_66' title="bbox 1153 229 2998 298">
    <p class='ocr_par' dir='ltr' id='par_1_66' title="bbox 1153 229 2998 298">
     <span class='ocr_line' id='line_1_67' title="bbox 1153 229 2998 298; baseline -0.004 0"><span class='ocrx_word' id='word_1_549' title='bbox 1153 243 1209 298; x_wconf 86' lang='lat' dir='ltr'>s.</span> <span class='ocrx_word' id='word_1_550' title='bbox 1251 242 1530 298; x_wconf 61' lang='lat' dir='ltr'>mmsis</span> <span class='ocrx_word' id='word_1_551' title='bbox 1559 239 1974 298; x_wconf 74' lang='lat' dir='ltr'>CIIRYSOSTO</span> <span class='ocrx_word' id='word_1_552' title='bbox 2084 239 2403 297; x_wconf 79' lang='lat' dir='ltr'>ARCHIEP.</span> <span class='ocrx_word' id='word_1_553' title='bbox 2444 229 2998 295; x_wconf 73' lang='lat' dir='ltr'>CONSTANTINOP.</span> 
     </span>
    </p>
   </div>
   <div class='ocr_carea' id='block_1_67' title="bbox 3680 231 3785 287">
    <p class='ocr_par' dir='ltr' id='par_1_67' title="bbox 3680 231 3785 287">
     <span class='ocr_line' id='line_1_68' title="bbox 3680 231 3785 287; baseline -0.01 -1"><span class='ocrx_word' id='word_1_554' title='bbox 3680 231 3785 287; x_wconf 84' lang='lat' dir='ltr'>i06</span> 
     </span>
    </p>
   </div>
   <div class='ocr_carea' id='block_1_68' title="bbox 2107 348 3784 428">
    <p class='ocr_par' dir='ltr' id='par_1_68' title="bbox 2107 348 3784 428">
     <span class='ocr_line' id='line_1_69' title="bbox 2107 348 3784 428; baseline -0.005 -16"><span class='ocrx_word' id='word_1_555' title='bbox 2107 356 2438 428; x_wconf 74' lang='grc' dir='ltr'>σαφεστέρα.</span> <span class='ocrx_word' id='word_1_556' title='bbox 2467 355 2531 409; x_wconf 86' lang='grc' dir='ltr'>Εἰ</span> <span class='ocrx_word' id='word_1_557' title='bbox 2565 356 2662 424; x_wconf 78' lang='grc' dir='ltr'>μὲν</span> <span class='ocrx_word' id='word_1_558' title='bbox 2683 353 2792 424; x_wconf 88' lang='grc' dir='ltr'>γάρ</span> <span class='ocrx_word' id='word_1_559' title='bbox 2819 353 2906 406; x_wconf 88' lang='grc' dir='ltr'>διά</span> <span class='ocrx_word' id='word_1_560' title='bbox 2933 349 3149 422; x_wconf 83' lang='grc' dir='ltr'>βιϐλίων</span> <span class='ocrx_word' id='word_1_561' title='bbox 3181 349 3470 402; x_wconf 82' lang='grc' dir='ltr'>ἐπαίδευσε</span> <span class='ocrx_word' id='word_1_562' title='bbox 3500 357 3523 387; x_wconf 73' lang='grc' dir='ltr'><strong>ο</strong></span> <span class='ocrx_word' id='word_1_563' title='bbox 3561 348 3653 402; x_wconf 76' lang='grc' dir='ltr'>καὶ</span> <span class='ocrx_word' id='word_1_564' title='bbox 3689 349 3784 404; x_wconf 70' lang='grc' dir='ltr'>διά</span> 
     </span>
    </p>
   </div>
   <div class='ocr_carea' id='block_1_69' title="bbox 2099 434 3785 517">
    <p class='ocr_par' dir='ltr' id='par_1_69' title="bbox 2099 434 3785 517">
     <span class='ocr_line' id='line_1_70' title="bbox 2099 434 3785 517; baseline -0.007 -17"><span class='ocrx_word' id='word_1_565' title='bbox 2099 445 2466 517; x_wconf 78' lang='grc' dir='ltr'>γραμμάτων,</span> <span class='ocrx_word' id='word_1_566' title='bbox 2497 443 2526 494; x_wconf 88' lang='lat'>6</span> <span class='ocrx_word' id='word_1_567' title='bbox 2553 441 2652 512; x_wconf 78' lang='grc' dir='ltr'>μὲν</span> <span class='ocrx_word' id='word_1_568' title='bbox 2683 439 2840 502; x_wconf 82' lang='grc' dir='ltr'>εἰδὼς</span> <span class='ocrx_word' id='word_1_569' title='bbox 2867 438 3172 510; x_wconf 88' lang='grc' dir='ltr'>γράμματα</span> <span class='ocrx_word' id='word_1_570' title='bbox 3203 435 3406 506; x_wconf 80' lang='grc' dir='ltr'>ἔμαθεν</span> <span class='ocrx_word' id='word_1_571' title='bbox 3433 435 3500 489; x_wconf 80' lang='grc' dir='ltr'>ἂν</span> <span class='ocrx_word' id='word_1_572' title='bbox 3523 434 3590 488; x_wconf 89' lang='grc' dir='ltr'>τά</span> <span class='ocrx_word' id='word_1_573' title='bbox 3619 437 3785 505; x_wconf 77' lang='grc' dir='ltr'>ἐγγε-</span> 
     </span>
    </p>
   </div>
   <div class='ocr_carea' id='block_1_70' title="bbox 2100 519 3784 602">
    <p class='ocr_par' dir='ltr' id='par_1_70' title="bbox 2100 519 3784 602">
     <span class='ocr_line' id='line_1_71' title="bbox 2100 519 3784 602; baseline -0.006 -18"><span class='ocrx_word' id='word_1_574' title='bbox 2100 531 2416 602; x_wconf 82' lang='grc' dir='ltr'>γραμμένα,</span> <span class='ocrx_word' id='word_1_575' title='bbox 2454 531 2483 583; x_wconf 90' lang='lat'>6</span> <span class='ocrx_word' id='word_1_576' title='bbox 2527 527 2584 580; x_wconf 80' lang='grc' dir='ltr'>δὲ</span> <span class='ocrx_word' id='word_1_577' title='bbox 2619 527 2721 580; x_wconf 81' lang='grc' dir='ltr'>οὐκ</span> <span class='ocrx_word' id='word_1_578' title='bbox 2775 523 2932 588; x_wconf 84' lang='grc' dir='ltr'>εἰδὼς</span> <span class='ocrx_word' id='word_1_579' title='bbox 2962 520 3203 594; x_wconf 84' lang='grc' dir='ltr'>ἀπῆλθεν</span> <span class='ocrx_word' id='word_1_580' title='bbox 3243 519 3310 576; x_wconf 81' lang='grc' dir='ltr'>ἂν</span> <span class='ocrx_word' id='word_1_581' title='bbox 3347 521 3514 593; x_wconf 83' lang='grc' dir='ltr'>μηδὲν</span> <span class='ocrx_word' id='word_1_582' title='bbox 3569 521 3784 575; x_wconf 84' lang='grc' dir='ltr'>ἐκεῖθεν</span> 
     </span>
    </p>
   </div>
   <div class='ocr_carea' id='block_1_71' title="bbox 2097 607 3782 688">
    <p class='ocr_par' dir='ltr' id='par_1_71' title="bbox 2097 607 3782 688">
     <span class='ocr_line' id='line_1_72' title="bbox 2097 607 3782 688; baseline -0.005 -18"><span class='ocrx_word' id='word_1_583' title='bbox 2097 617 2420 688; x_wconf 77' lang='grc' dir='ltr'>ὠφεληθεὶς,</span> <span class='ocrx_word' id='word_1_584' title='bbox 2455 617 2504 670; x_wconf 87' lang='grc' dir='ltr'>εἰ</span> <span class='ocrx_word' id='word_1_585' title='bbox 2544 615 2618 686; x_wconf 84' lang='grc' dir='ltr'>μή</span> <span class='ocrx_word' id='word_1_586' title='bbox 2658 630 2739 674; x_wconf 86' lang='grc' dir='ltr'>τις</span> <span class='ocrx_word' id='word_1_587' title='bbox 2771 613 3034 682; x_wconf 72' lang='grc' dir='ltr'>ἐνήγαγεν</span> <span class='ocrx_word' id='word_1_588' title='bbox 3064 610 3280 681; x_wconf 76' lang='grc' dir='ltr'>ἐτεροςο</span> <span class='ocrx_word' id='word_1_589' title='bbox 3305 608 3400 662; x_wconf 76' lang='grc' dir='ltr'>καὶ</span> <span class='ocrx_word' id='word_1_590' title='bbox 3429 611 3460 662; x_wconf 90' lang='lat'>6</span> <span class='ocrx_word' id='word_1_591' title='bbox 3492 608 3591 680; x_wconf 79' lang='grc' dir='ltr'>μὲν</span> <span class='ocrx_word' id='word_1_592' title='bbox 3615 607 3782 662; x_wconf 77' lang='grc' dir='ltr'>εὔπο-</span> 
     </span>
    </p>
   </div>
   <div class='ocr_carea' id='block_1_72' title="bbox 2101 697 3784 777">
    <p class='ocr_par' dir='ltr' id='par_1_72' title="bbox 2101 697 3784 777">
     <span class='ocr_line' id='line_1_73' title="bbox 2101 697 3784 777; baseline -0.006 -20"><span class='ocrx_word' id='word_1_593' title='bbox 2101 721 2192 777; x_wconf 89' lang='grc' dir='ltr'>ρος</span> <span class='ocrx_word' id='word_1_594' title='bbox 2225 703 2455 774; x_wconf 76' lang='grc' dir='ltr'>ἐπρίατο</span> <span class='ocrx_word' id='word_1_595' title='bbox 2499 703 2568 756; x_wconf 86' lang='grc' dir='ltr'>ἂν</span> <span class='ocrx_word' id='word_1_596' title='bbox 2607 701 2667 754; x_wconf 74' lang='grc' dir='ltr'>τὸ</span> <span class='ocrx_word' id='word_1_597' title='bbox 2700 700 2925 770; x_wconf 84' lang='grc' dir='ltr'>βιϐλίον,</span> <span class='ocrx_word' id='word_1_598' title='bbox 2973 701 3004 753; x_wconf 88' lang='lat'>6</span> <span class='ocrx_word' id='word_1_599' title='bbox 3039 698 3096 752; x_wconf 80' lang='grc' dir='ltr'>δὲ</span> <span class='ocrx_word' id='word_1_600' title='bbox 3135 697 3304 768; x_wconf 83' lang='grc' dir='ltr'>πένης</span> <span class='ocrx_word' id='word_1_601' title='bbox 3331 697 3433 754; x_wconf 82' lang='grc' dir='ltr'>οὐκ</span> <span class='ocrx_word' id='word_1_602' title='bbox 3477 697 3546 752; x_wconf 76' lang='grc' dir='ltr'>ἂν</span> <span class='ocrx_word' id='word_1_603' title='bbox 3589 697 3784 768; x_wconf 72' lang='grc' dir='ltr'>ἴσχυσε</span> 
     </span>
    </p>
   </div>
   <div class='ocr_carea' id='block_1_73' title="bbox 2098 781 3786 862">
    <p class='ocr_par' dir='ltr' id='par_1_73' title="bbox 2098 781 3786 862">
     <span class='ocr_line' id='line_1_74' title="bbox 2098 781 3786 862; baseline -0.004 -18"><span class='ocrx_word' id='word_1_604' title='bbox 2098 788 2398 862; x_wconf 83' lang='grc' dir='ltr'>κτήσασθαι</span> <span class='ocrx_word' id='word_1_605' title='bbox 2423 804 2438 818; x_wconf 71' lang='grc'><strong><em>⁸</em></strong></span> <span class='ocrx_word' id='word_1_606' title='bbox 2482 788 2644 842; x_wconf 87' lang='grc' dir='ltr'>πάλιν</span> <span class='ocrx_word' id='word_1_607' title='bbox 2677 789 2707 840; x_wconf 89' lang='lat'>6</span> <span class='ocrx_word' id='word_1_608' title='bbox 2749 786 2849 858; x_wconf 83' lang='grc' dir='ltr'>μὲν</span> <span class='ocrx_word' id='word_1_609' title='bbox 2881 787 2980 856; x_wconf 80' lang='grc' dir='ltr'>τὴν</span> <span class='ocrx_word' id='word_1_610' title='bbox 3018 783 3200 856; x_wconf 78' lang='grc' dir='ltr'>φωνὴν</span> <span class='ocrx_word' id='word_1_611' title='bbox 3239 783 3454 855; x_wconf 87' lang='grc' dir='ltr'>ἐκείνην</span> <span class='ocrx_word' id='word_1_612' title='bbox 3489 781 3645 846; x_wconf 87' lang='grc' dir='ltr'>εἰδὼς</span> <span class='ocrx_word' id='word_1_613' title='bbox 3673 781 3786 855; x_wconf 80' lang='grc' dir='ltr'>τὴν</span> 
     </span>
    </p>
   </div>
   <div class='ocr_carea' id='block_1_74' title="bbox 2095 869 3786 946">
    <p class='ocr_par' dir='ltr' id='par_1_74' title="bbox 2095 869 3786 946">
     <span class='ocr_line' id='line_1_75' title="bbox 2095 869 3786 946; baseline -0.004 -17"><span class='ocrx_word' id='word_1_614' title='bbox 2095 875 2183 930; x_wconf 86' lang='grc' dir='ltr'>διὰ</span> <span class='ocrx_word' id='word_1_615' title='bbox 2208 875 2316 929; x_wconf 88' lang='grc' dir='ltr'>τῶν</span> <span class='ocrx_word' id='word_1_616' title='bbox 2340 875 2684 946; x_wconf 84' lang='grc' dir='ltr'>γραμμάτων</span> <span class='ocrx_word' id='word_1_617' title='bbox 2715 871 3122 944; x_wconf 87' lang='grc' dir='ltr'>σημαινομένην</span> <span class='ocrx_word' id='word_1_618' title='bbox 3147 871 3289 940; x_wconf 81' lang='grc' dir='ltr'>ἔγνω</span> <span class='ocrx_word' id='word_1_619' title='bbox 3319 869 3470 944; x_wconf 82' lang='grc'>[100]</span> <span class='ocrx_word' id='word_1_620' title='bbox 3503 871 3570 924; x_wconf 78' lang='grc' dir='ltr'>ἀν</span> <span class='ocrx_word' id='word_1_621' title='bbox 3595 871 3663 924; x_wconf 86' lang='grc' dir='ltr'>τά</span> <span class='ocrx_word' id='word_1_622' title='bbox 3691 870 3786 938; x_wconf 68' lang='grc' dir='ltr'>ἐγ.</span> 
     </span>
    </p>
   </div>
   <div class='ocr_carea' id='block_1_75' title="bbox 2097 953 3784 1031">
    <p class='ocr_par' dir='ltr' id='par_1_75' title="bbox 2097 953 3784 1031">
     <span class='ocr_line' id='line_1_76' title="bbox 2097 953 3784 1031; baseline 0 -18"><span class='ocrx_word' id='word_1_623' title='bbox 2097 959 2342 1031; x_wconf 89' lang='grc' dir='ltr'>κείμενα,</span> <span class='ocrx_word' id='word_1_624' title='bbox 2372 961 2401 1012; x_wconf 89' lang='grc' dir='ltr'>ὁ</span> <span class='ocrx_word' id='word_1_625' title='bbox 2433 959 2490 1013; x_wconf 85' lang='grc' dir='ltr'>δὲ</span> <span class='ocrx_word' id='word_1_626' title='bbox 2519 959 2752 1028; x_wconf 84' lang='grc' dir='ltr'>Σκύθης,</span> <span class='ocrx_word' id='word_1_627' title='bbox 2782 958 2876 1012; x_wconf 77' lang='grc' dir='ltr'>καὶ</span> <span class='ocrx_word' id='word_1_628' title='bbox 2903 959 2931 1012; x_wconf 90' lang='grc' dir='ltr'>ὀ</span> <span class='ocrx_word' id='word_1_629' title='bbox 2966 957 3258 1028; x_wconf 85' lang='grc' dir='ltr'>βάρϐαρος,</span> <span class='ocrx_word' id='word_1_630' title='bbox 3285 958 3382 1011; x_wconf 77' lang='grc' dir='ltr'>καὶ</span> <span class='ocrx_word' id='word_1_631' title='bbox 3408 958 3438 1010; x_wconf 90' lang='lat'>6</span> <span class='ocrx_word' id='word_1_632' title='bbox 3479 953 3654 1022; x_wconf 76' lang='grc' dir='ltr'>Ἰνδὸς,</span> <span class='ocrx_word' id='word_1_633' title='bbox 3678 956 3784 1013; x_wconf 73' lang='grc' dir='ltr'>καὶ</span> 
     </span>
    </p>
   </div>
   <div class='ocr_carea' id='block_1_76' title="bbox 2095 1044 3786 1118">
    <p class='ocr_par' dir='ltr' id='par_1_76' title="bbox 2095 1044 3786 1118">
     <span class='ocr_line' id='line_1_77' title="bbox 2095 1044 3786 1118; baseline -0.002 -16"><span class='ocrx_word' id='word_1_634' title='bbox 2095 1049 2124 1102; x_wconf 89' lang='lat'>6</span> <span class='ocrx_word' id='word_1_635' title='bbox 2149 1048 2462 1118; x_wconf 79' lang='grc' dir='ltr'>Αἰγύπτιος.</span> <span class='ocrx_word' id='word_1_636' title='bbox 2485 1048 2586 1102; x_wconf 76' lang='grc' dir='ltr'>καὶ</span> <span class='ocrx_word' id='word_1_637' title='bbox 2613 1047 2808 1110; x_wconf 83' lang='grc' dir='ltr'>πάντες</span> <span class='ocrx_word' id='word_1_638' title='bbox 2831 1047 2882 1100; x_wconf 89' lang='grc' dir='ltr'>οἰ</span> <span class='ocrx_word' id='word_1_639' title='bbox 2908 1045 3004 1116; x_wconf 84' lang='grc' dir='ltr'>τῆς</span> <span class='ocrx_word' id='word_1_640' title='bbox 3027 1045 3274 1116; x_wconf 82' lang='grc' dir='ltr'>γλώττης</span> <span class='ocrx_word' id='word_1_641' title='bbox 3306 1044 3520 1116; x_wconf 77' lang='grc' dir='ltr'>ἐκείνης</span> <span class='ocrx_word' id='word_1_642' title='bbox 3540 1045 3786 1114; x_wconf 68' lang='grc' dir='ltr'>,ἀπεστε-</span> 
     </span>
    </p>
   </div>
   <div class='ocr_carea' id='block_1_77' title="bbox 2099 1131 3785 1208">
    <p class='ocr_par' dir='ltr' id='par_1_77' title="bbox 2099 1131 3785 1208">
     <span class='ocr_line' id='line_1_78' title="bbox 2099 1131 3785 1208; baseline -0.001 -21"><span class='ocrx_word' id='word_1_643' title='bbox 2099 1135 2324 1208; x_wconf 71' lang='grc' dir='ltr'>ρημένοι</span> <span class='ocrx_word' id='word_1_644' title='bbox 2353 1134 2380 1174; x_wconf 72' lang='grc' dir='ltr'><em>δ</em></span> <span class='ocrx_word' id='word_1_645' title='bbox 2414 1134 2656 1204; x_wconf 78' lang='grc' dir='ltr'>ἀπῆλθον</span> <span class='ocrx_word' id='word_1_646' title='bbox 2691 1134 2756 1188; x_wconf 86' lang='grc' dir='ltr'>ἂν</span> <span class='ocrx_word' id='word_1_647' title='bbox 2787 1133 2956 1204; x_wconf 83' lang='grc' dir='ltr'>μηδὲν</span> <span class='ocrx_word' id='word_1_648' title='bbox 3004 1132 3296 1204; x_wconf 74' lang='grc' dir='ltr'>μαθόντες³</span> <span class='ocrx_word' id='word_1_649' title='bbox 3328 1133 3422 1185; x_wconf 73' lang='grc' dir='ltr'>ἐπὶ</span> <span class='ocrx_word' id='word_1_650' title='bbox 3443 1132 3510 1196; x_wconf 58' lang='grc' dir='ltr'>,δέ</span> <span class='ocrx_word' id='word_1_651' title='bbox 3543 1131 3638 1191; x_wconf 83' lang='grc' dir='ltr'>τοῦ</span> <span class='ocrx_word' id='word_1_652' title='bbox 3681 1131 3785 1186; x_wconf 79' lang='grc' dir='ltr'>οὐ-</span> 
     </span>
    </p>
   </div>
   <div class='ocr_carea' id='block_1_78' title="bbox 2099 1218 3783 1295">
    <p class='ocr_par' dir='ltr' id='par_1_78' title="bbox 2099 1218 3783 1295">
     <span class='ocr_line' id='line_1_79' title="bbox 2099 1218 3783 1295; baseline -0.001 -20"><span class='ocrx_word' id='word_1_653' title='bbox 2099 1221 2258 1295; x_wconf 84' lang='grc' dir='ltr'>ρανοῦ</span> <span class='ocrx_word' id='word_1_654' title='bbox 2291 1223 2388 1295; x_wconf 71' lang='grc' dir='ltr'>ούκ</span> <span class='ocrx_word' id='word_1_655' title='bbox 2411 1221 2524 1276; x_wconf 75' lang='grc' dir='ltr'>ἐστι</span> <span class='ocrx_word' id='word_1_656' title='bbox 2551 1221 2706 1280; x_wconf 77' lang='grc' dir='ltr'>τοῦτο</span> <span class='ocrx_word' id='word_1_657' title='bbox 2727 1223 2932 1282; x_wconf 66' lang='grc' dir='ltr'>εἰπεῖν,</span> <span class='ocrx_word' id='word_1_658' title='bbox 2953 1219 3087 1273; x_wconf 88' lang='grc' dir='ltr'>ἀλλά</span> <span class='ocrx_word' id='word_1_659' title='bbox 3120 1220 3216 1274; x_wconf 75' lang='grc' dir='ltr'>καί.</span> <span class='ocrx_word' id='word_1_660' title='bbox 3249 1218 3608 1289; x_wconf 73' lang='grc' dir='ltr'>Σκύθης,,καί</span> <span class='ocrx_word' id='word_1_661' title='bbox 3640 1219 3783 1291; x_wconf 82' lang='grc' dir='ltr'>βάρ-</span> 
     </span>
    </p>
   </div>
   <div class='ocr_carea' id='block_1_79' title="bbox 2097 1287 3784 1383">
    <p class='ocr_par' dir='ltr' id='par_1_79' title="bbox 2097 1287 3784 1383">
     <span class='ocr_line' id='line_1_80' title="bbox 2097 1287 3784 1383; baseline -0.001 -21"><span class='ocrx_word' id='word_1_662' title='bbox 2097 1287 2284 1383; x_wconf 79' lang='grc' dir='ltr'>ϐαρος,</span> <span class='ocrx_word' id='word_1_663' title='bbox 2327 1287 2426 1366; x_wconf 59' lang='grc' dir='ltr'>καὶ</span> <span class='ocrx_word' id='word_1_664' title='bbox 2461 1310 2642 1374; x_wconf 78' lang='grc' dir='ltr'>Ἰνδὸς,</span> <span class='ocrx_word' id='word_1_665' title='bbox 2688 1311 2782 1368; x_wconf 79' lang='grc' dir='ltr'>καί</span> <span class='ocrx_word' id='word_1_666' title='bbox 2832 1307 3148 1378; x_wconf 79' lang='grc' dir='ltr'>Αἰγύπτιος,</span> <span class='ocrx_word' id='word_1_667' title='bbox 3195 1309 3290 1366; x_wconf 77' lang='grc' dir='ltr'>καὶ</span> <span class='ocrx_word' id='word_1_668' title='bbox 3338 1287 3446 1371; x_wconf 78' lang='grc' dir='ltr'>πᾶς</span> <span class='ocrx_word' id='word_1_669' title='bbox 3487 1287 3784 1379; x_wconf 73' lang='grc' dir='ltr'>ἄνθρωπος</span> 
     </span>
    </p>
   </div>
   <div class='ocr_carea' id='block_1_80' title="bbox 2096 1395 3780 1468">
    <p class='ocr_par' dir='ltr' id='par_1_80' title="bbox 2096 1395 3780 1468">
     <span class='ocr_line' id='line_1_81' title="bbox 2096 1395 3780 1468; baseline -0.001 -18"><span class='ocrx_word' id='word_1_670' title='bbox 2096 1398 2189 1450; x_wconf 76' lang='grc' dir='ltr'>ἐπὶ</span> <span class='ocrx_word' id='word_1_671' title='bbox 2211 1397 2311 1468; x_wconf 87' lang='grc' dir='ltr'>τῆς</span> <span class='ocrx_word' id='word_1_672' title='bbox 2335 1397 2436 1468; x_wconf 86' lang='grc' dir='ltr'>γῆς</span> <span class='ocrx_word' id='word_1_673' title='bbox 2467 1397 2694 1466; x_wconf 73' lang='grc' dir='ltr'>βαδίζων</span> <span class='ocrx_word' id='word_1_674' title='bbox 2734 1395 2933 1464; x_wconf 81' lang='grc' dir='ltr'>ταύτης</span> <span class='ocrx_word' id='word_1_675' title='bbox 2974 1395 3274 1455; x_wconf 77' lang='grc' dir='ltr'>,ἀκούσεται</span> <span class='ocrx_word' id='word_1_676' title='bbox 3319 1396 3418 1465; x_wconf 89' lang='grc' dir='ltr'>τῆς</span> <span class='ocrx_word' id='word_1_677' title='bbox 3467 1397 3684 1466; x_wconf 83' lang='grc' dir='ltr'>φωνῆς·</span> <span class='ocrx_word' id='word_1_678' title='bbox 3713 1395 3780 1449; x_wconf 80' lang='grc' dir='ltr'>οὐ</span> 
     </span>
    </p>
   </div>
   <div class='ocr_carea' id='block_1_81' title="bbox 2095 1483 3784 1556">
    <p class='ocr_par' dir='ltr' id='par_1_81' title="bbox 2095 1483 3784 1556">
     <span class='ocr_line' id='line_1_82' title="bbox 2095 1483 3784 1556; baseline -0.001 -19"><span class='ocrx_word' id='word_1_679' title='bbox 2095 1484 2204 1556; x_wconf 75' lang='grc' dir='ltr'>γὰρ</span> <span class='ocrx_word' id='word_1_680' title='bbox 2226 1485 2290 1538; x_wconf 80' lang='grc' dir='ltr'>δι’</span> <span class='ocrx_word' id='word_1_681' title='bbox 2319 1483 2490 1549; x_wconf 84' lang='grc' dir='ltr'>ὢτων,</span> <span class='ocrx_word' id='word_1_682' title='bbox 2521 1484 2654 1538; x_wconf 77' lang='grc' dir='ltr'>ἀλλὰ</span> <span class='ocrx_word' id='word_1_683' title='bbox 2681 1485 2772 1538; x_wconf 79' lang='grc' dir='ltr'>καί</span> <span class='ocrx_word' id='word_1_684' title='bbox 2803 1483 2869 1536; x_wconf 85' lang='grc' dir='ltr'>δι’</span> <span class='ocrx_word' id='word_1_685' title='bbox 2902 1483 3076 1553; x_wconf 58' lang='grc' dir='ltr'>ὄψεως</span> <span class='ocrx_word' id='word_1_686' title='bbox 3108 1486 3186 1546; x_wconf 84' lang='grc' dir='ltr'>εἰς</span> <span class='ocrx_word' id='word_1_687' title='bbox 3215 1483 3312 1554; x_wconf 82' lang='grc' dir='ltr'>τὴν</span> <span class='ocrx_word' id='word_1_688' title='bbox 3341 1483 3578 1538; x_wconf 82' lang='grc' dir='ltr'>διάνοιαν</span> <span class='ocrx_word' id='word_1_689' title='bbox 3612 1483 3784 1553; x_wconf 84' lang='grc' dir='ltr'>ἐμπί-</span> 
     </span>
    </p>
   </div>
   <div class='ocr_carea' id='block_1_82' title="bbox 2097 1568 3782 1644">
    <p class='ocr_par' dir='ltr' id='par_1_82' title="bbox 2097 1568 3782 1644">
     <span class='ocr_line' id='line_1_83' title="bbox 2097 1568 3782 1644; baseline -0.001 -20"><span class='ocrx_word' id='word_1_690' title='bbox 2097 1590 2220 1625; x_wconf 87' lang='grc' dir='ltr'>πτει</span> <span class='ocrx_word' id='word_1_691' title='bbox 2251 1571 2348 1644; x_wconf 75' lang='grc' dir='ltr'>τὴν</span> <span class='ocrx_word' id='word_1_692' title='bbox 2373 1568 2668 1644; x_wconf 76' lang='grc' dir='ltr'>ἡμετέραν.</span> <span class='ocrx_word' id='word_1_693' title='bbox 2709 1572 2774 1624; x_wconf 85' lang='grc' dir='ltr'>Ἠ</span> <span class='ocrx_word' id='word_1_694' title='bbox 2805 1571 2861 1624; x_wconf 87' lang='grc' dir='ltr'>δέ</span> <span class='ocrx_word' id='word_1_695' title='bbox 2885 1571 2992 1624; x_wconf 92' lang='grc' dir='ltr'>τῶν</span> <span class='ocrx_word' id='word_1_696' title='bbox 3020 1570 3314 1642; x_wconf 83' lang='grc' dir='ltr'>ὁρωμένων</span> <span class='ocrx_word' id='word_1_697' title='bbox 3361 1571 3646 1642; x_wconf 75' lang='grc' dir='ltr'>ἀντίληψις</span> <span class='ocrx_word' id='word_1_698' title='bbox 3677 1571 3782 1642; x_wconf 89' lang='grc' dir='ltr'>μία</span> 
     </span>
    </p>
   </div>
   <div class='ocr_carea' id='block_1_83' title="bbox 2095 1657 3781 1730">
    <p class='ocr_par' dir='ltr' id='par_1_83' title="bbox 2095 1657 3781 1730">
     <span class='ocr_line' id='line_1_84' title="bbox 2095 1657 3781 1730; baseline 0 -20"><span class='ocrx_word' id='word_1_699' title='bbox 2095 1659 2180 1722; x_wconf 87' lang='grc' dir='ltr'>τίς</span> <span class='ocrx_word' id='word_1_700' title='bbox 2221 1660 2356 1720; x_wconf 82' lang='grc' dir='ltr'>ἐστι,</span> <span class='ocrx_word' id='word_1_701' title='bbox 2389 1661 2480 1712; x_wconf 69' lang='grc' dir='ltr'>καὶ</span> <span class='ocrx_word' id='word_1_702' title='bbox 2501 1659 2561 1712; x_wconf 82' lang='grc' dir='ltr'>ού</span> <span class='ocrx_word' id='word_1_703' title='bbox 2593 1659 2866 1728; x_wconf 78' lang='grc' dir='ltr'>διάφορος,</span> <span class='ocrx_word' id='word_1_704' title='bbox 2901 1658 3150 1730; x_wconf 84' lang='grc' dir='ltr'>καθάπερ</span> <span class='ocrx_word' id='word_1_705' title='bbox 3176 1659 3208 1728; x_wconf 89' lang='grc' dir='ltr'>ή</span> <span class='ocrx_word' id='word_1_706' title='bbox 3240 1657 3350 1712; x_wconf 86' lang='grc' dir='ltr'>τῶν</span> <span class='ocrx_word' id='word_1_707' title='bbox 3369 1657 3658 1726; x_wconf 82' lang='grc' dir='ltr'>γλωσσῶν·</span> <span class='ocrx_word' id='word_1_708' title='bbox 3693 1659 3781 1720; x_wconf 87' lang='grc' dir='ltr'>είς</span> 
     </span>
    </p>
   </div>
   <div class='ocr_carea' id='block_1_84' title="bbox 2097 1745 3780 1818">
    <p class='ocr_par' dir='ltr' id='par_1_84' title="bbox 2097 1745 3780 1818">
     <span class='ocr_line' id='line_1_85' title="bbox 2097 1745 3780 1818; baseline 0.001 -20"><span class='ocrx_word' id='word_1_709' title='bbox 2097 1745 2255 1799; x_wconf 85' lang='grc' dir='ltr'>τοῦτο</span> <span class='ocrx_word' id='word_1_710' title='bbox 2279 1745 2371 1800; x_wconf 71' lang='grc' dir='ltr'>καὶ</span> <span class='ocrx_word' id='word_1_711' title='bbox 2402 1745 2614 1816; x_wconf 77' lang='grc' dir='ltr'>ἰδιώτης</span> <span class='ocrx_word' id='word_1_712' title='bbox 2638 1747 2731 1798; x_wconf 77' lang='grc' dir='ltr'>καὶ</span> <span class='ocrx_word' id='word_1_713' title='bbox 2763 1745 2922 1813; x_wconf 76' lang='grc' dir='ltr'>σοφὸς</span> <span class='ocrx_word' id='word_1_714' title='bbox 2955 1745 3240 1816; x_wconf 73' lang='grc' dir='ltr'>δυνήσεται</span> <span class='ocrx_word' id='word_1_715' title='bbox 3265 1745 3327 1799; x_wconf 79' lang='grc' dir='ltr'>τὸ</span> <span class='ocrx_word' id='word_1_716' title='bbox 3350 1745 3551 1817; x_wconf 83' lang='grc' dir='ltr'>βιϐλίον</span> <span class='ocrx_word' id='word_1_717' title='bbox 3573 1745 3780 1818; x_wconf 81' lang='grc' dir='ltr'>ὁμοίως</span> 
     </span>
    </p>
   </div>
   <div class='ocr_carea' id='block_1_85' title="bbox 2101 1831 3779 1906">
    <p class='ocr_par' dir='ltr' id='par_1_85' title="bbox 2101 1831 3779 1906">
     <span class='ocr_line' id='line_1_86' title="bbox 2101 1831 3779 1906; baseline 0.001 -20"><span class='ocrx_word' id='word_1_718' title='bbox 2101 1835 2248 1896; x_wconf 89' lang='grc' dir='ltr'>ἰδεῖν,</span> <span class='ocrx_word' id='word_1_719' title='bbox 2277 1835 2371 1888; x_wconf 71' lang='grc' dir='ltr'>καί.</span> <span class='ocrx_word' id='word_1_720' title='bbox 2399 1833 2568 1903; x_wconf 77' lang='grc' dir='ltr'>πένης</span> <span class='ocrx_word' id='word_1_721' title='bbox 2593 1833 2684 1886; x_wconf 77' lang='grc' dir='ltr'>καί</span> <span class='ocrx_word' id='word_1_722' title='bbox 2717 1831 2984 1898; x_wconf 83' lang='grc' dir='ltr'>πλούσιος,</span> <span class='ocrx_word' id='word_1_723' title='bbox 3019 1832 3110 1886; x_wconf 75' lang='grc' dir='ltr'>καὶ</span> <span class='ocrx_word' id='word_1_724' title='bbox 3155 1834 3396 1906; x_wconf 84' lang='grc' dir='ltr'>ὅπουπερ</span> <span class='ocrx_word' id='word_1_725' title='bbox 3427 1833 3490 1888; x_wconf 83' lang='grc' dir='ltr'>ἄν</span> <span class='ocrx_word' id='word_1_726' title='bbox 3525 1852 3610 1898; x_wconf 87' lang='grc' dir='ltr'>τις</span> <span class='ocrx_word' id='word_1_727' title='bbox 3660 1835 3744 1903; x_wconf 84' lang='grc' dir='ltr'>ἀφ</span> <span class='ocrx_word' id='word_1_728' title='bbox 3763 1863 3779 1873; x_wconf 73' lang='grc' dir='ltr'><strong>ο</strong></span> 
     </span>
    </p>
   </div>
   <div class='ocr_carea' id='block_1_86' title="bbox 2103 1919 3782 1994">
    <p class='ocr_par' dir='ltr' id='par_1_86' title="bbox 2103 1919 3782 1994">
     <span class='ocr_line' id='line_1_87' title="bbox 2103 1919 3782 1994; baseline 0.001 -20"><span class='ocrx_word' id='word_1_729' title='bbox 2103 1920 2307 1992; x_wconf 88' lang='grc' dir='ltr'>ίκηται,</span> <span class='ocrx_word' id='word_1_730' title='bbox 2344 1919 2644 1987; x_wconf 56' lang='grc' dir='ltr'>ἀναϐλέιζαι</span> <span class='ocrx_word' id='word_1_731' title='bbox 2674 1920 2752 1984; x_wconf 80' lang='grc' dir='ltr'>εἰς</span> <span class='ocrx_word' id='word_1_732' title='bbox 2785 1919 2876 1972; x_wconf 68' lang='grc' dir='ltr'>τὸν</span> <span class='ocrx_word' id='word_1_733' title='bbox 2907 1921 3131 1991; x_wconf 75' lang='grc' dir='ltr'>οὐρανὸν</span> <span class='ocrx_word' id='word_1_734' title='bbox 3155 1921 3428 1992; x_wconf 80' lang='grc' dir='ltr'>ἀρκοῦσαν</span> <span class='ocrx_word' id='word_1_735' title='bbox 3451 1921 3782 1994; x_wconf 76' lang='grc' dir='ltr'>λήψεταιδι-</span> 
     </span>
    </p>
   </div>
   <div class='ocr_carea' id='block_1_87' title="bbox 2074 2010 3780 2084">
    <p class='ocr_par' dir='ltr' id='par_1_87' title="bbox 2074 2010 3780 2084">
     <span class='ocr_line' id='line_1_88' title="bbox 2074 2010 3780 2084; baseline -0.002 -16"><span class='ocrx_word' id='word_1_736' title='bbox 2074 2011 2392 2075; x_wconf 72' lang='grc' dir='ltr'>,δασκαλίαν</span> <span class='ocrx_word' id='word_1_737' title='bbox 2415 2012 2533 2068; x_wconf 69' lang='grc' dir='ltr'>,ἀπὺ</span> <span class='ocrx_word' id='word_1_738' title='bbox 2566 2011 2664 2082; x_wconf 84' lang='grc' dir='ltr'>τῆς</span> <span class='ocrx_word' id='word_1_739' title='bbox 2694 2010 2960 2083; x_wconf 80' lang='grc' dir='ltr'>θεωρίας’</span> <span class='ocrx_word' id='word_1_740' title='bbox 3001 2011 3136 2084; x_wconf 86' lang='grc' dir='ltr'>ὅπερ</span> <span class='ocrx_word' id='word_1_741' title='bbox 3170 2013 3264 2065; x_wconf 78' lang='grc' dir='ltr'>καί</span> <span class='ocrx_word' id='word_1_742' title='bbox 3297 2013 3458 2077; x_wconf 76' lang='grc' dir='ltr'>αὐτὸς</span> <span class='ocrx_word' id='word_1_743' title='bbox 3495 2015 3524 2067; x_wconf 92' lang='lat'>6</span> <span class='ocrx_word' id='word_1_744' title='bbox 3557 2013 3780 2084; x_wconf 82' lang='grc' dir='ltr'>προφή-</span> 
     </span>
    </p>
   </div>
   <div class='ocr_carea' id='block_1_88' title="bbox 2095 2097 3781 2172">
    <p class='ocr_par' dir='ltr' id='par_1_88' title="bbox 2095 2097 3781 2172">
     <span class='ocr_line' id='line_1_89' title="bbox 2095 2097 3781 2172; baseline 0.001 -19"><span class='ocrx_word' id='word_1_745' title='bbox 2095 2115 2196 2171; x_wconf 87' lang='grc' dir='ltr'>της</span> <span class='ocrx_word' id='word_1_746' title='bbox 2222 2097 2588 2168; x_wconf 80' lang='grc' dir='ltr'>αἰνιττόμενος</span> <span class='ocrx_word' id='word_1_747' title='bbox 2615 2098 2706 2152; x_wconf 73' lang='grc' dir='ltr'>καὶ</span> <span class='ocrx_word' id='word_1_748' title='bbox 2731 2099 2964 2163; x_wconf 72' lang='grc' dir='ltr'>δεικνὺς,</span> <span class='ocrx_word' id='word_1_749' title='bbox 2993 2099 3072 2153; x_wconf 83' lang='grc' dir='ltr'>ὅτι</span> <span class='ocrx_word' id='word_1_750' title='bbox 3104 2099 3288 2169; x_wconf 85' lang='grc' dir='ltr'>φωνὴν</span> <span class='ocrx_word' id='word_1_751' title='bbox 3313 2102 3346 2172; x_wconf 86' lang='grc' dir='ltr'>ή</span> <span class='ocrx_word' id='word_1_752' title='bbox 3374 2099 3549 2165; x_wconf 85' lang='grc' dir='ltr'>κτίσις</span> <span class='ocrx_word' id='word_1_753' title='bbox 3581 2100 3781 2172; x_wconf 84' lang='grc' dir='ltr'>ἀφίησι</span> 
     </span>
    </p>
   </div>
   <div class='ocr_carea' id='block_1_89' title="bbox 2098 2185 3780 2258">
    <p class='ocr_par' dir='ltr' id='par_1_89' title="bbox 2098 2185 3780 2258">
     <span class='ocr_line' id='line_1_90' title="bbox 2098 2185 3780 2258; baseline 0.001 -19"><span class='ocrx_word' id='word_1_754' title='bbox 2098 2186 2192 2242; x_wconf 72' lang='grc' dir='ltr'>καὶ</span> <span class='ocrx_word' id='word_1_755' title='bbox 2227 2185 2521 2258; x_wconf 78' lang='grc' dir='ltr'>βαρϐάροις</span> <span class='ocrx_word' id='word_1_756' title='bbox 2543 2186 2638 2240; x_wconf 75' lang='grc' dir='ltr'>καὶ</span> <span class='ocrx_word' id='word_1_757' title='bbox 2669 2185 2896 2258; x_wconf 84' lang='grc' dir='ltr'>Ἕλλησι</span> <span class='ocrx_word' id='word_1_758' title='bbox 2925 2189 3020 2240; x_wconf 76' lang='grc' dir='ltr'>καὶ</span> <span class='ocrx_word' id='word_1_759' title='bbox 3052 2187 3216 2240; x_wconf 78' lang='grc' dir='ltr'>πᾶσιν</span> <span class='ocrx_word' id='word_1_760' title='bbox 3245 2187 3433 2251; x_wconf 82' lang='grc' dir='ltr'>ἁπλῶς</span> <span class='ocrx_word' id='word_1_761' title='bbox 3467 2187 3780 2257; x_wconf 80' lang='grc' dir='ltr'>ἀνθρώποις</span> 
     </span>
    </p>
   </div>
   <div class='ocr_carea' id='block_1_90' title="bbox 2099 2273 3783 2344">
    <p class='ocr_par' dir='ltr' id='par_1_90' title="bbox 2099 2273 3783 2344">
     <span class='ocr_line' id='line_1_91' title="bbox 2099 2273 3783 2344; baseline 0.002 -16"><span class='ocrx_word' id='word_1_762' title='bbox 2099 2273 2448 2336; x_wconf 86' lang='grc' dir='ltr'>εὐσύνοπτον,</span> <span class='ocrx_word' id='word_1_763' title='bbox 2490 2273 2662 2337; x_wconf 73' lang='grc' dir='ltr'>οὕτως</span> <span class='ocrx_word' id='word_1_764' title='bbox 2691 2274 2906 2344; x_wconf 75' lang='grc' dir='ltr'>ἔλεγεν·</span> <span class='ocrx_word' id='word_1_765' title='bbox 2941 2277 3061 2330; x_wconf 79' lang='grc' dir='ltr'>Οὐκ</span> <span class='ocrx_word' id='word_1_766' title='bbox 3087 2275 3207 2330; x_wconf 85' lang='grc' dir='ltr'>είσί</span> <span class='ocrx_word' id='word_1_767' title='bbox 3247 2275 3448 2330; x_wconf 62' lang='lat' dir='ltr'>Julia!</span> <span class='ocrx_word' id='word_1_768' title='bbox 3491 2275 3634 2330; x_wconf 81' lang='grc' dir='ltr'>οὐδὲ</span> <span class='ocrx_word' id='word_1_769' title='bbox 3675 2275 3783 2331; x_wconf 75' lang='grc' dir='ltr'>λό-</span> 
     </span>
    </p>
   </div>
   <div class='ocr_carea' id='block_1_91' title="bbox 2098 2355 3780 2432">
    <p class='ocr_par' dir='ltr' id='par_1_91' title="bbox 2098 2355 3780 2432">
     <span class='ocr_line' id='line_1_92' title="bbox 2098 2355 3780 2432; baseline 0.001 -18"><span class='ocrx_word' id='word_1_770' title='bbox 2098 2377 2211 2430; x_wconf 76' lang='grc' dir='ltr'>γοι,</span> <span class='ocrx_word' id='word_1_771' title='bbox 2237 2355 2324 2415; x_wconf 82' lang='grc' dir='ltr'>ὧν</span> <span class='ocrx_word' id='word_1_772' title='bbox 2355 2360 2492 2428; x_wconf 79' lang='grc' dir='ltr'>οὐκί</span> <span class='ocrx_word' id='word_1_773' title='bbox 2519 2361 2839 2416; x_wconf 76' lang='grc' dir='ltr'>ἀκούονται</span> <span class='ocrx_word' id='word_1_774' title='bbox 2873 2364 2933 2416; x_wconf 87' lang='grc' dir='ltr'>αἱ</span> <span class='ocrx_word' id='word_1_775' title='bbox 2963 2363 3150 2432; x_wconf 69' lang='grc' dir='ltr'>φωναί</span> <span class='ocrx_word' id='word_1_776' title='bbox 3191 2361 3406 2418; x_wconf 84' lang='grc' dir='ltr'>αὐτῶν.</span> <span class='ocrx_word' id='word_1_777' title='bbox 3445 2363 3510 2415; x_wconf 79' lang='grc' dir='ltr'>’Ὀ</span> <span class='ocrx_word' id='word_1_778' title='bbox 3533 2363 3587 2416; x_wconf 80' lang='grc' dir='ltr'>δὲ</span> <span class='ocrx_word' id='word_1_779' title='bbox 3629 2363 3780 2431; x_wconf 85' lang='grc' dir='ltr'>λέγει</span> 
     </span>
    </p>
   </div>
   <div class='ocr_carea' id='block_1_92' title="bbox 2097 2448 3782 2522">
    <p class='ocr_par' dir='ltr' id='par_1_92' title="bbox 2097 2448 3782 2522">
     <span class='ocr_line' id='line_1_93' title="bbox 2097 2448 3782 2522; baseline -0.001 -20"><span class='ocrx_word' id='word_1_780' title='bbox 2097 2448 2338 2503; x_wconf 84' lang='grc' dir='ltr'>τοιοῦτόν</span> <span class='ocrx_word' id='word_1_781' title='bbox 2391 2450 2538 2501; x_wconf 82' lang='grc' dir='ltr'>ἐστιν</span> <span class='ocrx_word' id='word_1_782' title='bbox 2561 2465 2576 2478; x_wconf 69' lang='grc' dir='ltr'>θ</span> <span class='ocrx_word' id='word_1_783' title='bbox 2607 2448 2722 2502; x_wconf 84' lang='grc' dir='ltr'>Οὐκ</span> <span class='ocrx_word' id='word_1_784' title='bbox 2765 2449 2909 2503; x_wconf 84' lang='grc' dir='ltr'>ἐστιν</span> <span class='ocrx_word' id='word_1_785' title='bbox 2959 2449 3128 2514; x_wconf 74' lang='grc' dir='ltr'>ἔθνος,</span> <span class='ocrx_word' id='word_1_786' title='bbox 3167 2449 3288 2502; x_wconf 84' lang='grc' dir='ltr'>ούδέ</span> <span class='ocrx_word' id='word_1_787' title='bbox 3319 2449 3550 2519; x_wconf 81' lang='grc' dir='ltr'>γλῶττα.</span> <span class='ocrx_word' id='word_1_788' title='bbox 3591 2451 3782 2522; x_wconf 71' lang='grc' dir='ltr'>φησὶν,</span> 
     </span>
    </p>
   </div>
   <div class='ocr_carea' id='block_1_93' title="bbox 2097 2535 3784 2609">
    <p class='ocr_par' dir='ltr' id='par_1_93' title="bbox 2097 2535 3784 2609">
     <span class='ocr_line' id='line_1_94' title="bbox 2097 2535 3784 2609; baseline -0.008 -17"><span class='ocrx_word' id='word_1_789' title='bbox 2097 2539 2132 2609; x_wconf 80' lang='grc' dir='ltr'>ή</span> <span class='ocrx_word' id='word_1_790' title='bbox 2170 2535 2244 2609; x_wconf 79' lang='grc' dir='ltr'>μὴ</span> <span class='ocrx_word' id='word_1_791' title='bbox 2284 2536 2553 2607; x_wconf 75' lang='grc' dir='ltr'>δυναμένη</span> <span class='ocrx_word' id='word_1_792' title='bbox 2600 2537 2834 2591; x_wconf 86' lang='grc' dir='ltr'>συνιέναι</span> <span class='ocrx_word' id='word_1_793' title='bbox 2864 2537 2964 2606; x_wconf 86' lang='grc' dir='ltr'>τῆς</span> <span class='ocrx_word' id='word_1_794' title='bbox 3009 2537 3192 2607; x_wconf 82' lang='grc' dir='ltr'>φωνῆς</span> <span class='ocrx_word' id='word_1_795' title='bbox 3224 2537 3459 2608; x_wconf 87' lang='grc' dir='ltr'>ταύτης·</span> <span class='ocrx_word' id='word_1_796' title='bbox 3492 2537 3626 2592; x_wconf 70' lang='grc' dir='ltr'>ἀλλὰ</span> <span class='ocrx_word' id='word_1_797' title='bbox 3665 2555 3784 2590; x_wconf 83' lang='grc' dir='ltr'><strong>τοι-</strong></span> 
     </span>
    </p>
   </div>
   <div class='ocr_carea' id='block_1_94' title="bbox 2097 2623 3785 2695">
    <p class='ocr_par' dir='ltr' id='par_1_94' title="bbox 2097 2623 3785 2695">
     <span class='ocr_line' id='line_1_95' title="bbox 2097 2623 3785 2695; baseline 0.001 -17"><span class='ocrx_word' id='word_1_798' title='bbox 2097 2625 2254 2688; x_wconf 81' lang='grc' dir='ltr'>οὗτος</span> <span class='ocrx_word' id='word_1_799' title='bbox 2289 2623 2468 2677; x_wconf 84' lang='grc' dir='ltr'>αὐτῶν</span> <span class='ocrx_word' id='word_1_800' title='bbox 2499 2626 2644 2678; x_wconf 81' lang='grc' dir='ltr'>ἐστιν</span> <span class='ocrx_word' id='word_1_801' title='bbox 2682 2627 2710 2678; x_wconf 91' lang='lat'>6</span> <span class='ocrx_word' id='word_1_802' title='bbox 2750 2625 3002 2695; x_wconf 83' lang='grc' dir='ltr'>φθόγγος,</span> <span class='ocrx_word' id='word_1_803' title='bbox 3035 2625 3174 2678; x_wconf 82' lang='grc' dir='ltr'>ὥστε</span> <span class='ocrx_word' id='word_1_804' title='bbox 3207 2625 3462 2684; x_wconf 81' lang='grc' dir='ltr'>δύνασθαι</span> <span class='ocrx_word' id='word_1_805' title='bbox 3506 2625 3610 2680; x_wconf 78' lang='grc' dir='ltr'>ύπδ</span> <span class='ocrx_word' id='word_1_806' title='bbox 3643 2627 3785 2680; x_wconf 83' lang='grc' dir='ltr'>πάν-</span> 
     </span>
    </p>
   </div>
   <div class='ocr_carea' id='block_1_95' title="bbox 2097 2710 3782 2786">
    <p class='ocr_par' dir='ltr' id='par_1_95' title="bbox 2097 2710 3782 2786">
     <span class='ocr_line' id='line_1_96' title="bbox 2097 2710 3782 2786; baseline 0 -20"><span class='ocrx_word' id='word_1_807' title='bbox 2097 2729 2206 2768; x_wconf 89' lang='grc' dir='ltr'>των</span> <span class='ocrx_word' id='word_1_808' title='bbox 2236 2710 2536 2780; x_wconf 85' lang='grc' dir='ltr'>ἀνθρώπων</span> <span class='ocrx_word' id='word_1_809' title='bbox 2565 2713 2876 2778; x_wconf 84' lang='grc' dir='ltr'>ἀκούεσθαι,</span> <span class='ocrx_word' id='word_1_810' title='bbox 2913 2713 3009 2769; x_wconf 78' lang='grc' dir='ltr'>καὶ</span> <span class='ocrx_word' id='word_1_811' title='bbox 3041 2713 3161 2784; x_wconf 71' lang='grc' dir='ltr'>οὐχὶ</span> <span class='ocrx_word' id='word_1_812' title='bbox 3193 2713 3288 2766; x_wconf 81' lang='grc' dir='ltr'>τοῦ</span> <span class='ocrx_word' id='word_1_813' title='bbox 3330 2712 3560 2786; x_wconf 79' lang='grc' dir='ltr'>οὐρανοῦ</span> <span class='ocrx_word' id='word_1_814' title='bbox 3599 2713 3782 2784; x_wconf 78' lang='grc' dir='ltr'>μόνον,</span> 
     </span>
    </p>
   </div>
   <div class='ocr_carea' id='block_1_96' title="bbox 2099 2799 3785 2870">
    <p class='ocr_par' dir='ltr' id='par_1_96' title="bbox 2099 2799 3785 2870">
     <span class='ocr_line' id='line_1_97' title="bbox 2099 2799 3785 2870; baseline 0.002 -18"><span class='ocrx_word' id='word_1_815' title='bbox 2099 2799 2234 2854; x_wconf 89' lang='grc' dir='ltr'>ἀλλά</span> <span class='ocrx_word' id='word_1_816' title='bbox 2279 2799 2373 2854; x_wconf 80' lang='grc' dir='ltr'>καὶ</span> <span class='ocrx_word' id='word_1_817' title='bbox 2419 2799 2520 2868; x_wconf 83' lang='grc' dir='ltr'>τῆς</span> <span class='ocrx_word' id='word_1_818' title='bbox 2562 2799 2775 2870; x_wconf 76' lang='grc' dir='ltr'>ἡμέρας</span> <span class='ocrx_word' id='word_1_819' title='bbox 2812 2801 2904 2854; x_wconf 68' lang='grc' dir='ltr'>καὶ</span> <span class='ocrx_word' id='word_1_820' title='bbox 2949 2800 3050 2870; x_wconf 88' lang='grc' dir='ltr'>τῆς</span> <span class='ocrx_word' id='word_1_821' title='bbox 3097 2801 3308 2864; x_wconf 87' lang='grc' dir='ltr'>νυκτός.</span> <span class='ocrx_word' id='word_1_822' title='bbox 3355 2802 3468 2856; x_wconf 74' lang='grc' dir='ltr'>Καὶ</span> <span class='ocrx_word' id='word_1_823' title='bbox 3515 2801 3631 2865; x_wconf 84' lang='grc' dir='ltr'>πῶς</span> <span class='ocrx_word' id='word_1_824' title='bbox 3679 2801 3785 2870; x_wconf 85' lang='grc' dir='ltr'>τῆς</span> 
     </span>
    </p>
   </div>
   <div class='ocr_carea' id='block_1_97' title="bbox 2099 2881 3784 2960">
    <p class='ocr_par' dir='ltr' id='par_1_97' title="bbox 2099 2881 3784 2960">
     <span class='ocr_line' id='line_1_98' title="bbox 2099 2881 3784 2960; baseline 0.002 -20"><span class='ocrx_word' id='word_1_825' title='bbox 2099 2889 2310 2960; x_wconf 79' lang='grc' dir='ltr'>ἡμέρας</span> <span class='ocrx_word' id='word_1_826' title='bbox 2338 2888 2432 2942; x_wconf 74' lang='grc' dir='ltr'>καὶ</span> <span class='ocrx_word' id='word_1_827' title='bbox 2461 2889 2558 2960; x_wconf 83' lang='grc' dir='ltr'>τῆς</span> <span class='ocrx_word' id='word_1_828' title='bbox 2585 2889 2809 2954; x_wconf 86' lang='grc' dir='ltr'>νυκτός;</span> <span class='ocrx_word' id='word_1_829' title='bbox 2837 2881 2988 2953; x_wconf 78' lang='grc' dir='ltr'>οὗτος</span> <span class='ocrx_word' id='word_1_830' title='bbox 3020 2889 3117 2960; x_wconf 79' lang='grc' dir='ltr'>μὲν</span> <span class='ocrx_word' id='word_1_831' title='bbox 3143 2888 3252 2960; x_wconf 88' lang='grc' dir='ltr'>γάρ</span> <span class='ocrx_word' id='word_1_832' title='bbox 3283 2889 3378 2944; x_wconf 79' lang='grc' dir='ltr'>καὶ</span> <span class='ocrx_word' id='word_1_833' title='bbox 3408 2888 3496 2944; x_wconf 80' lang='grc' dir='ltr'>διά</span> <span class='ocrx_word' id='word_1_834' title='bbox 3519 2889 3612 2944; x_wconf 80' lang='grc' dir='ltr'>τοῦ</span> <span class='ocrx_word' id='word_1_835' title='bbox 3647 2889 3784 2944; x_wconf 89' lang='grc' dir='ltr'>κάλ-</span> 
     </span>
    </p>
   </div>
   <div class='ocr_carea' id='block_1_98' title="bbox 2099 2974 3788 3046">
    <p class='ocr_par' dir='ltr' id='par_1_98' title="bbox 2099 2974 3788 3046">
     <span class='ocr_line' id='line_1_99' title="bbox 2099 2974 3788 3046; baseline 0.002 -18"><span class='ocrx_word' id='word_1_836' title='bbox 2099 2975 2246 3038; x_wconf 92' lang='grc' dir='ltr'>λους,</span> <span class='ocrx_word' id='word_1_837' title='bbox 2279 2976 2374 3029; x_wconf 73' lang='grc' dir='ltr'>καὶ</span> <span class='ocrx_word' id='word_1_838' title='bbox 2402 2974 2489 3031; x_wconf 73' lang='grc' dir='ltr'>διὰ</span> <span class='ocrx_word' id='word_1_839' title='bbox 2516 2975 2608 3028; x_wconf 83' lang='grc' dir='ltr'>τοῦ</span> <span class='ocrx_word' id='word_1_840' title='bbox 2640 2975 2922 3046; x_wconf 85' lang='grc' dir='ltr'>μεγέθους,</span> <span class='ocrx_word' id='word_1_841' title='bbox 2959 2978 3053 3030; x_wconf 83' lang='grc' dir='ltr'>καί.</span> <span class='ocrx_word' id='word_1_842' title='bbox 3083 2976 3170 3030; x_wconf 80' lang='grc' dir='ltr'>διά</span> <span class='ocrx_word' id='word_1_843' title='bbox 3195 2976 3304 3030; x_wconf 89' lang='grc' dir='ltr'>τῶν</span> <span class='ocrx_word' id='word_1_844' title='bbox 3329 2977 3502 3032; x_wconf 85' lang='grc' dir='ltr'>ἀλλων</span> <span class='ocrx_word' id='word_1_845' title='bbox 3529 2977 3788 3032; x_wconf 83' lang='grc' dir='ltr'>ἁπάντων</span> 
     </span>
    </p>
   </div>
   <div class='ocr_carea' id='block_1_99' title="bbox 2101 3063 3784 3138">
    <p class='ocr_par' dir='ltr' id='par_1_99' title="bbox 2101 3063 3784 3138">
     <span class='ocr_line' id='line_1_100' title="bbox 2101 3063 3784 3138; baseline 0.001 -22"><span class='ocrx_word' id='word_1_846' title='bbox 2101 3063 2390 3134; x_wconf 79' lang='grc' dir='ltr'>ἐκπλήττει</span> <span class='ocrx_word' id='word_1_847' title='bbox 2441 3064 2568 3126; x_wconf 75' lang='grc' dir='ltr'>τοὺς</span> <span class='ocrx_word' id='word_1_848' title='bbox 2619 3063 2852 3128; x_wconf 70' lang='grc' dir='ltr'>θεατὰς,</span> <span class='ocrx_word' id='word_1_849' title='bbox 2896 3065 2988 3118; x_wconf 77' lang='grc' dir='ltr'>καὶ</span> <span class='ocrx_word' id='word_1_850' title='bbox 3043 3064 3179 3136; x_wconf 72' lang='grc' dir='ltr'>πρὸς</span> <span class='ocrx_word' id='word_1_851' title='bbox 3215 3064 3276 3118; x_wconf 84' lang='grc' dir='ltr'>τὸ</span> <span class='ocrx_word' id='word_1_852' title='bbox 3326 3064 3510 3138; x_wconf 84' lang='grc' dir='ltr'>θαῦμα</span> <span class='ocrx_word' id='word_1_853' title='bbox 3546 3065 3641 3120; x_wconf 81' lang='grc' dir='ltr'>τού</span> <span class='ocrx_word' id='word_1_854' title='bbox 3683 3065 3784 3136; x_wconf 86' lang='grc' dir='ltr'>δη-</span> 
     </span>
    </p>
   </div>
   <div class='ocr_carea' id='block_1_100' title="bbox 2089 3147 3786 3224">
    <p class='ocr_par' dir='ltr' id='par_1_100' title="bbox 2089 3147 3786 3224">
     <span class='ocr_line' id='line_1_101' title="bbox 2089 3147 3786 3224; baseline 0.004 -24"><span class='ocrx_word' id='word_1_855' title='bbox 2089 3149 2536 3220; x_wconf 78' lang='grc' dir='ltr'>μιουργήσαντος</span> <span class='ocrx_word' id='word_1_856' title='bbox 2576 3147 2736 3210; x_wconf 75' lang='grc' dir='ltr'>αύτδν</span> <span class='ocrx_word' id='word_1_857' title='bbox 2778 3149 3189 3222; x_wconf 82' lang='grc' dir='ltr'>παραπέμπτει,</span> <span class='ocrx_word' id='word_1_858' title='bbox 3228 3153 3261 3224; x_wconf 82' lang='grc' dir='ltr'><strong>ἡ</strong></span> <span class='ocrx_word' id='word_1_859' title='bbox 3303 3151 3361 3206; x_wconf 83' lang='grc' dir='ltr'>δὲ</span> <span class='ocrx_word' id='word_1_860' title='bbox 3404 3152 3588 3222; x_wconf 85' lang='grc' dir='ltr'>ἡμέρα</span> <span class='ocrx_word' id='word_1_861' title='bbox 3624 3153 3722 3208; x_wconf 74' lang='grc' dir='ltr'>καὶ</span> <span class='ocrx_word' id='word_1_862' title='bbox 3748 3152 3786 3223; x_wconf 78' lang='grc' dir='ltr'><strong>ἡ</strong></span> 
     </span>
    </p>
   </div>
   <div class='ocr_carea' id='block_1_101' title="bbox 2100 3236 3789 3310">
    <p class='ocr_par' dir='ltr' id='par_1_101' title="bbox 2100 3236 3789 3310">
     <span class='ocr_line' id='line_1_102' title="bbox 2100 3236 3789 3310; baseline 0.002 -19"><span class='ocrx_word' id='word_1_863' title='bbox 2100 3237 2196 3304; x_wconf 75' lang='grc' dir='ltr'>νὺξ</span> <span class='ocrx_word' id='word_1_864' title='bbox 2237 3237 2292 3289; x_wconf 87' lang='grc' dir='ltr'>τί</span> <span class='ocrx_word' id='word_1_865' title='bbox 2337 3236 2574 3290; x_wconf 79' lang='grc' dir='ltr'>τοιοῦτον</span> <span class='ocrx_word' id='word_1_866' title='bbox 2608 3236 2674 3290; x_wconf 86' lang='grc' dir='ltr'>ἀν</span> <span class='ocrx_word' id='word_1_867' title='bbox 2711 3236 2885 3308; x_wconf 77' lang='grc' dir='ltr'>ἔχοιεν</span> <span class='ocrx_word' id='word_1_868' title='bbox 2916 3239 3048 3310; x_wconf 79' lang='grc' dir='ltr'>ἡμῖν</span> <span class='ocrx_word' id='word_1_869' title='bbox 3085 3237 3494 3306; x_wconf 76' lang='grc' dir='ltr'>ἐπιδείξασθαι;</span> <span class='ocrx_word' id='word_1_870' title='bbox 3529 3237 3789 3294; x_wconf 78' lang='grc' dir='ltr'>Τοιοῦτον</span> 
     </span>
    </p>
   </div>
   <div class='ocr_carea' id='block_1_102' title="bbox 2105 3324 3786 3398">
    <p class='ocr_par' dir='ltr' id='par_1_102' title="bbox 2105 3324 3786 3398">
     <span class='ocr_line' id='line_1_103' title="bbox 2105 3324 3786 3398; baseline 0.002 -22"><span class='ocrx_word' id='word_1_871' title='bbox 2105 3325 2202 3396; x_wconf 79' lang='grc' dir='ltr'>μὲν</span> <span class='ocrx_word' id='word_1_872' title='bbox 2244 3325 2416 3388; x_wconf 75' lang='grc' dir='ltr'>οὐδὲν,</span> <span class='ocrx_word' id='word_1_873' title='bbox 2457 3324 2620 3392; x_wconf 86' lang='grc' dir='ltr'>’ἐτερα</span> <span class='ocrx_word' id='word_1_874' title='bbox 2671 3325 2728 3378; x_wconf 84' lang='grc' dir='ltr'>δὲ</span> <span class='ocrx_word' id='word_1_875' title='bbox 2765 3326 2866 3378; x_wconf 85' lang='grc' dir='ltr'>ούκ</span> <span class='ocrx_word' id='word_1_876' title='bbox 2897 3324 3154 3379; x_wconf 82' lang='grc' dir='ltr'>ἐλάττονα</span> <span class='ocrx_word' id='word_1_877' title='bbox 3183 3325 3406 3392; x_wconf 87' lang='grc' dir='ltr'>τούτων,</span> <span class='ocrx_word' id='word_1_878' title='bbox 3431 3325 3522 3380; x_wconf 81' lang='grc' dir='ltr'>τὸν</span> <span class='ocrx_word' id='word_1_879' title='bbox 3555 3325 3786 3398; x_wconf 75' lang='grc' dir='ltr'>ῥυθμὸν,</span> 
     </span>
    </p>
   </div>
   <div class='ocr_carea' id='block_1_103' title="bbox 2099 3399 3790 3484">
    <p class='ocr_par' dir='ltr' id='par_1_103' title="bbox 2099 3399 3790 3484">
     <span class='ocr_line' id='line_1_104' title="bbox 2099 3399 3790 3484; baseline 0.001 -20"><span class='ocrx_word' id='word_1_880' title='bbox 2099 3411 2198 3480; x_wconf 78' lang='grc' dir='ltr'>τήν</span> <span class='ocrx_word' id='word_1_881' title='bbox 2220 3399 2372 3476; x_wconf 83' lang='grc' dir='ltr'>τάξιν</span> <span class='ocrx_word' id='word_1_882' title='bbox 2397 3410 2496 3480; x_wconf 83' lang='grc' dir='ltr'>τὴν</span> <span class='ocrx_word' id='word_1_883' title='bbox 2527 3413 2642 3481; x_wconf 81' lang='grc' dir='ltr'>μετ’</span> <span class='ocrx_word' id='word_1_884' title='bbox 2671 3411 2950 3482; x_wconf 84' lang='grc' dir='ltr'>ἀκριϐείας</span> <span class='ocrx_word' id='word_1_885' title='bbox 2983 3411 3222 3484; x_wconf 87' lang='grc' dir='ltr'>ἀπάσης.</span> <span class='ocrx_word' id='word_1_886' title='bbox 3251 3411 3420 3467; x_wconf 88' lang='grc' dir='ltr'>Ὅταν</span> <span class='ocrx_word' id='word_1_887' title='bbox 3452 3413 3563 3484; x_wconf 82' lang='grc' dir='ltr'>γὰρ</span> <span class='ocrx_word' id='word_1_888' title='bbox 3601 3415 3790 3484; x_wconf 79' lang='grc' dir='ltr'>ἐννοή-</span> 
     </span>
    </p>
   </div>
   <div class='ocr_carea' id='block_1_104' title="bbox 2103 3497 3788 3570">
    <p class='ocr_par' dir='ltr' id='par_1_104' title="bbox 2103 3497 3788 3570">
     <span class='ocr_line' id='line_1_105' title="bbox 2103 3497 3788 3570; baseline 0.002 -20"><span class='ocrx_word' id='word_1_889' title='bbox 2103 3512 2204 3570; x_wconf 76' lang='grc' dir='ltr'>σῃς</span> <span class='ocrx_word' id='word_1_890' title='bbox 2251 3497 2368 3562; x_wconf 83' lang='grc' dir='ltr'>πῶς</span> <span class='ocrx_word' id='word_1_891' title='bbox 2411 3497 2501 3550; x_wconf 78' lang='grc' dir='ltr'>τὸν</span> <span class='ocrx_word' id='word_1_892' title='bbox 2540 3497 2780 3552; x_wconf 75' lang='grc' dir='ltr'>ὲνιαυτδν</span> <span class='ocrx_word' id='word_1_893' title='bbox 2825 3498 3038 3552; x_wconf 77' lang='grc' dir='ltr'>ἅπαντα</span> <span class='ocrx_word' id='word_1_894' title='bbox 3074 3498 3428 3569; x_wconf 81' lang='grc' dir='ltr'>διενείμαντο,</span> <span class='ocrx_word' id='word_1_895' title='bbox 3473 3500 3567 3553; x_wconf 74' lang='grc' dir='ltr'>καὶ</span> <span class='ocrx_word' id='word_1_896' title='bbox 3614 3500 3788 3554; x_wconf 86' lang='grc' dir='ltr'>καθά-</span> 
     </span>
    </p>
   </div>
   <div class='ocr_carea' id='block_1_105' title="bbox 2103 3583 3786 3656">
    <p class='ocr_par' dir='ltr' id='par_1_105' title="bbox 2103 3583 3786 3656">
     <span class='ocr_line' id='line_1_106' title="bbox 2103 3583 3786 3656; baseline 0.002 -20"><span class='ocrx_word' id='word_1_897' title='bbox 2103 3600 2208 3654; x_wconf 86' lang='grc' dir='ltr'>περ</span> <span class='ocrx_word' id='word_1_898' title='bbox 2239 3585 2297 3638; x_wconf 84' lang='grc' dir='ltr'>ἐν</span> <span class='ocrx_word' id='word_1_899' title='bbox 2335 3583 2482 3655; x_wconf 83' lang='grc' dir='ltr'>ζυγῷ</span> <span class='ocrx_word' id='word_1_900' title='bbox 2511 3585 2604 3640; x_wconf 71' lang='grc' dir='ltr'>καὶ</span> <span class='ocrx_word' id='word_1_901' title='bbox 2634 3585 2928 3656; x_wconf 85' lang='grc' dir='ltr'>πλάστιγγι</span> <span class='ocrx_word' id='word_1_902' title='bbox 2970 3586 3082 3648; x_wconf 55' lang='grc' dir='ltr'>τοῦ,</span> <span class='ocrx_word' id='word_1_903' title='bbox 3104 3587 3303 3650; x_wconf 80' lang='grc' dir='ltr'>παντὸς</span> <span class='ocrx_word' id='word_1_904' title='bbox 3329 3586 3696 3656; x_wconf 86' lang='grc' dir='ltr'>διαστήματος</span> <span class='ocrx_word' id='word_1_905' title='bbox 3724 3587 3786 3640; x_wconf 69' lang='grc' dir='ltr'>τὸ</span> 
     </span>
    </p>
   </div>
   <div class='ocr_carea' id='block_1_106' title="bbox 2107 3669 3784 3744">
    <p class='ocr_par' dir='ltr' id='par_1_106' title="bbox 2107 3669 3784 3744">
     <span class='ocr_line' id='line_1_107' title="bbox 2107 3669 3784 3744; baseline 0.003 -22"><span class='ocrx_word' id='word_1_906' title='bbox 2107 3670 2280 3740; x_wconf 80' lang='grc' dir='ltr'>μῆκος</span> <span class='ocrx_word' id='word_1_907' title='bbox 2302 3669 2582 3735; x_wconf 85' lang='grc' dir='ltr'>διείλαντο,</span> <span class='ocrx_word' id='word_1_908' title='bbox 2611 3671 2932 3744; x_wconf 78' lang='grc' dir='ltr'>ἐκπλαγήσῃ</span> <span class='ocrx_word' id='word_1_909' title='bbox 2966 3673 3058 3726; x_wconf 82' lang='grc' dir='ltr'>τὸν</span> <span class='ocrx_word' id='word_1_910' title='bbox 3093 3672 3348 3738; x_wconf 78' lang='grc' dir='ltr'>τάξαντα.</span> <span class='ocrx_word' id='word_1_911' title='bbox 3375 3673 3640 3744; x_wconf 85' lang='grc' dir='ltr'>Καθάπερ</span> <span class='ocrx_word' id='word_1_912' title='bbox 3671 3673 3784 3742; x_wconf 84' lang='grc' dir='ltr'>γάρ</span> 
     </span>
    </p>
   </div>
   <div class='ocr_carea' id='block_1_107' title="bbox 2103 3757 3784 3832">
    <p class='ocr_par' dir='ltr' id='par_1_107' title="bbox 2103 3757 3784 3832">
     <span class='ocr_line' id='line_1_108' title="bbox 2103 3757 3784 3832; baseline 0.004 -22"><span class='ocrx_word' id='word_1_913' title='bbox 2103 3775 2245 3820; x_wconf 88' lang='grc' dir='ltr'>τινες</span> <span class='ocrx_word' id='word_1_914' title='bbox 2285 3757 2510 3826; x_wconf 70' lang='grc' dir='ltr'>ἀδελφαὶ</span> <span class='ocrx_word' id='word_1_915' title='bbox 2539 3757 2630 3810; x_wconf 77' lang='grc' dir='ltr'>τὸν</span> <span class='ocrx_word' id='word_1_916' title='bbox 2663 3758 2914 3830; x_wconf 80' lang='grc' dir='ltr'>πατρῷον</span> <span class='ocrx_word' id='word_1_917' title='bbox 2957 3759 3370 3831; x_wconf 85' lang='grc' dir='ltr'>διανειμάμεναι</span> <span class='ocrx_word' id='word_1_918' title='bbox 3404 3761 3602 3832; x_wconf 76' lang='grc' dir='ltr'>κλῆρον</span> <span class='ocrx_word' id='word_1_919' title='bbox 3643 3761 3784 3832; x_wconf 70' lang='grc' dir='ltr'>μετὰ</span> 
     </span>
    </p>
   </div>
   <div class='ocr_carea' id='block_1_108' title="bbox 2105 3840 3785 3919">
    <p class='ocr_par' dir='ltr' id='par_1_108' title="bbox 2105 3840 3785 3919">
     <span class='ocr_line' id='line_1_109' title="bbox 2105 3840 3785 3919; baseline 0.004 -23"><span class='ocrx_word' id='word_1_920' title='bbox 2105 3840 2304 3914; x_wconf 83' lang='grc' dir='ltr'>πολλῆς</span> <span class='ocrx_word' id='word_1_921' title='bbox 2328 3843 2427 3914; x_wconf 83' lang='grc' dir='ltr'>τῆς</span> <span class='ocrx_word' id='word_1_922' title='bbox 2453 3843 2692 3916; x_wconf 80' lang='grc' dir='ltr'>ἀγάπης,</span> <span class='ocrx_word' id='word_1_923' title='bbox 2723 3845 2844 3900; x_wconf 74' lang='grc' dir='ltr'>οὐδὲ</span> <span class='ocrx_word' id='word_1_924' title='bbox 2867 3845 2928 3900; x_wconf 79' lang='grc' dir='ltr'>τὸ</span> <span class='ocrx_word' id='word_1_925' title='bbox 2960 3845 3120 3918; x_wconf 74' lang='grc' dir='ltr'>τυχὸν</span> <span class='ocrx_word' id='word_1_926' title='bbox 3153 3845 3408 3917; x_wconf 81' lang='grc' dir='ltr'>ἀλλήλαις</span> <span class='ocrx_word' id='word_1_927' title='bbox 3439 3847 3785 3919; x_wconf 79' lang='grc' dir='ltr'>ἐπηρεάζου-</span> 
     </span>
    </p>
   </div>
   <div class='ocr_carea' id='block_1_109' title="bbox 2107 3926 3785 4007">
    <p class='ocr_par' dir='ltr' id='par_1_109' title="bbox 2107 3926 3785 4007">
     <span class='ocr_line' id='line_1_110' title="bbox 2107 3926 3785 4007; baseline 0.004 -23"><span class='ocrx_word' id='word_1_928' title='bbox 2107 3947 2194 3984; x_wconf 88' lang='grc' dir='ltr'>σαι</span> <span class='ocrx_word' id='word_1_929' title='bbox 2227 3942 2272 3970; x_wconf 74' lang='grc' dir='ltr'>θ’</span> <span class='ocrx_word' id='word_1_930' title='bbox 2307 3926 2451 3985; x_wconf 67' lang='grc' dir='ltr'>οὕτω</span> <span class='ocrx_word' id='word_1_931' title='bbox 2483 3931 2546 4004; x_wconf 76' lang='grc' dir='ltr'>δὴ</span> <span class='ocrx_word' id='word_1_932' title='bbox 2573 3933 2727 4004; x_wconf 81' lang='grc' dir='ltr'>καὶὴ</span> <span class='ocrx_word' id='word_1_933' title='bbox 2762 3932 2942 4004; x_wconf 79' lang='grc' dir='ltr'>ἡμέρα</span> <span class='ocrx_word' id='word_1_934' title='bbox 2983 3935 3079 3987; x_wconf 74' lang='grc' dir='ltr'>καὶ</span> <span class='ocrx_word' id='word_1_935' title='bbox 3119 3935 3154 4004; x_wconf 83' lang='grc' dir='ltr'>ἡ</span> <span class='ocrx_word' id='word_1_936' title='bbox 3199 3933 3295 4000; x_wconf 74' lang='grc' dir='ltr'>νὺξ</span> <span class='ocrx_word' id='word_1_937' title='bbox 3331 3934 3468 4005; x_wconf 87' lang='grc' dir='ltr'>μετά</span> <span class='ocrx_word' id='word_1_938' title='bbox 3497 3929 3785 4007; x_wconf 85' lang='grc' dir='ltr'>ἀκριϐείας</span> 
     </span>
    </p>
   </div>
   <div class='ocr_carea' id='block_1_110' title="bbox 2107 4017 3783 4094">
    <p class='ocr_par' dir='ltr' id='par_1_110' title="bbox 2107 4017 3783 4094">
     <span class='ocr_line' id='line_1_111' title="bbox 2107 4017 3783 4094; baseline 0.004 -23"><span class='ocrx_word' id='word_1_939' title='bbox 2107 4018 2290 4090; x_wconf 89' lang='grc' dir='ltr'>πάσης</span> <span class='ocrx_word' id='word_1_940' title='bbox 2321 4018 2412 4072; x_wconf 80' lang='grc' dir='ltr'>τὸν</span> <span class='ocrx_word' id='word_1_941' title='bbox 2453 4017 2695 4072; x_wconf 77' lang='grc' dir='ltr'>ἐνιαυτὸν</span> <span class='ocrx_word' id='word_1_942' title='bbox 2724 4021 2782 4072; x_wconf 84' lang='grc' dir='ltr'>ἐν</span> <span class='ocrx_word' id='word_1_943' title='bbox 2817 4021 3092 4093; x_wconf 69' lang='grc' dir='ltr'>ἰσομοιρίᾳ.</span> <span class='ocrx_word' id='word_1_944' title='bbox 3146 4021 3379 4092; x_wconf 81' lang='grc' dir='ltr'>τοσαύτῃ</span> <span class='ocrx_word' id='word_1_945' title='bbox 3423 4021 3783 4094; x_wconf 78' lang='grc' dir='ltr'>διενείμαντο,</span> 
     </span>
    </p>
   </div>
   <div class='ocr_carea' id='block_1_111' title="bbox 2107 4106 3785 4184">
    <p class='ocr_par' dir='ltr' id='par_1_111' title="bbox 2107 4106 3785 4184">
     <span class='ocr_line' id='line_1_112' title="bbox 2107 4106 3785 4184; baseline 0.004 -26"><span class='ocrx_word' id='word_1_946' title='bbox 2107 4106 2202 4159; x_wconf 67' lang='grc' dir='ltr'>καὶ</span> <span class='ocrx_word' id='word_1_947' title='bbox 2227 4107 2354 4170; x_wconf 77' lang='grc' dir='ltr'>τοὺς</span> <span class='ocrx_word' id='word_1_948' title='bbox 2379 4106 2613 4170; x_wconf 87' lang='grc' dir='ltr'>οἰκείους</span> <span class='ocrx_word' id='word_1_949' title='bbox 2638 4107 2981 4180; x_wconf 81' lang='grc' dir='ltr'>διατηροῦσιν</span> <span class='ocrx_word' id='word_1_950' title='bbox 3013 4109 3194 4178; x_wconf 85' lang='grc' dir='ltr'>ὄρους,</span> <span class='ocrx_word' id='word_1_951' title='bbox 3219 4109 3313 4164; x_wconf 68' lang='grc' dir='ltr'>καὶ</span> <span class='ocrx_word' id='word_1_952' title='bbox 3335 4109 3590 4177; x_wconf 70' lang='grc' dir='ltr'>οὐδέποτε</span> <span class='ocrx_word' id='word_1_953' title='bbox 3619 4110 3785 4184; x_wconf 78' lang='grc' dir='ltr'>ἑτέρα</span> 
     </span>
    </p>
   </div>
   <div class='ocr_carea' id='block_1_112' title="bbox 2105 4189 3788 4269">
    <p class='ocr_par' dir='ltr' id='par_1_112' title="bbox 2105 4189 3788 4269">
     <span class='ocr_line' id='line_1_113' title="bbox 2105 4189 3788 4269; baseline 0.005 -25"><span class='ocrx_word' id='word_1_954' title='bbox 2105 4189 2204 4262; x_wconf 84' lang='grc' dir='ltr'>τὴν</span> <span class='ocrx_word' id='word_1_955' title='bbox 2241 4190 2432 4262; x_wconf 79' lang='grc' dir='ltr'>ἐτέραν</span> <span class='ocrx_word' id='word_1_956' title='bbox 2469 4191 2774 4264; x_wconf 77' lang='grc' dir='ltr'>ἐξὼοησενο</span> <span class='ocrx_word' id='word_1_957' title='bbox 2809 4193 3064 4248; x_wconf 77' lang='grc' dir='ltr'>οὐδέποτε</span> <span class='ocrx_word' id='word_1_958' title='bbox 3101 4189 3195 4248; x_wconf 78' lang='grc' dir='ltr'>οὖν</span> <span class='ocrx_word' id='word_1_959' title='bbox 3237 4196 3295 4248; x_wconf 88' lang='grc' dir='ltr'>ἐν</span> <span class='ocrx_word' id='word_1_960' title='bbox 3329 4195 3556 4268; x_wconf 83' lang='grc' dir='ltr'>χειμῶνι</span> <span class='ocrx_word' id='word_1_961' title='bbox 3598 4197 3788 4269; x_wconf 86' lang='grc' dir='ltr'>μακρά</span> 
     </span>
    </p>
   </div>
   <div class='ocr_carea' id='block_1_113' title="bbox 2106 4278 3788 4354">
    <p class='ocr_par' dir='ltr' id='par_1_113' title="bbox 2106 4278 3788 4354">
     <span class='ocr_line' id='line_1_114' title="bbox 2106 4278 3788 4354; baseline 0.005 -23"><span class='ocrx_word' id='word_1_962' title='bbox 2106 4278 2329 4347; x_wconf 87' lang='grc' dir='ltr'>γέγονεν</span> <span class='ocrx_word' id='word_1_963' title='bbox 2355 4281 2389 4350; x_wconf 81' lang='grc' dir='ltr'><strong>ἡ</strong></span> <span class='ocrx_word' id='word_1_964' title='bbox 2413 4279 2614 4352; x_wconf 78' lang='grc' dir='ltr'>ἡμέρα,</span> <span class='ocrx_word' id='word_1_965' title='bbox 2640 4279 2828 4353; x_wconf 85' lang='grc' dir='ltr'>ὥσπερ</span> <span class='ocrx_word' id='word_1_966' title='bbox 2855 4281 3112 4336; x_wconf 80' lang='grc' dir='ltr'>οὐδέποτε</span> <span class='ocrx_word' id='word_1_967' title='bbox 3141 4284 3200 4335; x_wconf 82' lang='grc' dir='ltr'>ἐν</span> <span class='ocrx_word' id='word_1_968' title='bbox 3232 4283 3380 4354; x_wconf 88' lang='grc' dir='ltr'>θέρει</span> <span class='ocrx_word' id='word_1_969' title='bbox 3413 4285 3601 4354; x_wconf 84' lang='grc' dir='ltr'>μακρά</span> <span class='ocrx_word' id='word_1_970' title='bbox 3625 4285 3788 4354; x_wconf 83' lang='grc' dir='ltr'>γέγο-</span> 
     </span>
    </p>
   </div>
   <div class='ocr_carea' id='block_1_114' title="bbox 2107 4367 3786 4440">
    <p class='ocr_par' dir='ltr' id='par_1_114' title="bbox 2107 4367 3786 4440">
     <span class='ocr_line' id='line_1_115' title="bbox 2107 4367 3786 4440; baseline 0.004 -20"><span class='ocrx_word' id='word_1_971' title='bbox 2107 4383 2197 4420; x_wconf 87' lang='grc' dir='ltr'>νεν</span> <span class='ocrx_word' id='word_1_972' title='bbox 2228 4368 2262 4437; x_wconf 82' lang='grc' dir='ltr'><strong>ἡ</strong></span> <span class='ocrx_word' id='word_1_973' title='bbox 2289 4367 2405 4433; x_wconf 73' lang='grc' dir='ltr'>νὺξ,</span> <span class='ocrx_word' id='word_1_974' title='bbox 2444 4367 2711 4421; x_wconf 87' lang='grc' dir='ltr'>τοσούτων</span> <span class='ocrx_word' id='word_1_975' title='bbox 2746 4369 3128 4440; x_wconf 86' lang='grc' dir='ltr'>παρελθουσῶν</span> <span class='ocrx_word' id='word_1_976' title='bbox 3158 4369 3360 4440; x_wconf 85' lang='grc' dir='ltr'>γενεῶν</span> <span class='ocrx_word' id='word_1_977' title='bbox 3379 4387 3394 4402; x_wconf 89' lang='grc'><strong>·</strong></span> <span class='ocrx_word' id='word_1_978' title='bbox 3424 4371 3540 4426; x_wconf 84' lang='grc' dir='ltr'>ἀλλ’</span> <span class='ocrx_word' id='word_1_979' title='bbox 3566 4373 3623 4425; x_wconf 85' lang='grc' dir='ltr'>ἐν</span> <span class='ocrx_word' id='word_1_980' title='bbox 3657 4389 3786 4426; x_wconf 87' lang='grc' dir='ltr'>τοσ-</span> 
     </span>
    </p>
   </div>
   <div class='ocr_carea' id='block_1_115' title="bbox 2107 4453 3790 4533">
    <p class='ocr_par' dir='ltr' id='par_1_115' title="bbox 2107 4453 3790 4533">
     <span class='ocr_line' id='line_1_116' title="bbox 2107 4453 3790 4533; baseline 0.007 -28"><span class='ocrx_word' id='word_1_981' title='bbox 2107 4453 2250 4524; x_wconf 86' lang='grc' dir='ltr'>ούτῳ</span> <span class='ocrx_word' id='word_1_982' title='bbox 2293 4454 2616 4525; x_wconf 76' lang='grc' dir='ltr'>διαστήματι</span> <span class='ocrx_word' id='word_1_983' title='bbox 2661 4456 2758 4510; x_wconf 79' lang='grc' dir='ltr'>καὶ</span> <span class='ocrx_word' id='word_1_984' title='bbox 2801 4458 2982 4528; x_wconf 81' lang='grc' dir='ltr'>μήκει,</span> <span class='ocrx_word' id='word_1_985' title='bbox 3013 4457 3133 4511; x_wconf 78' lang='grc' dir='ltr'>οὐδὲ</span> <span class='ocrx_word' id='word_1_986' title='bbox 3182 4459 3489 4530; x_wconf 82' lang='grc' dir='ltr'>ἀκαριαῖον,</span> <span class='ocrx_word' id='word_1_987' title='bbox 3527 4461 3628 4531; x_wconf 79' lang='grc' dir='ltr'>οὐχ</span> <span class='ocrx_word' id='word_1_988' title='bbox 3657 4461 3790 4533; x_wconf 80' lang='grc' dir='ltr'>ἡμι-</span> 
     </span>
    </p>
   </div>
   <div class='ocr_carea' id='block_1_116' title="bbox 2108 4540 3782 4617">
    <p class='ocr_par' dir='ltr' id='par_1_116' title="bbox 2108 4540 3782 4617">
     <span class='ocr_line' id='line_1_117' title="bbox 2108 4540 3782 4617; baseline 0.004 -22"><span class='ocrx_word' id='word_1_989' title='bbox 2108 4540 2354 4614; x_wconf 82' lang='grc' dir='ltr'>ώριον,ού</span> <span class='ocrx_word' id='word_1_990' title='bbox 2374 4541 2537 4614; x_wconf 75' lang='grc' dir='ltr'>ῥιπήν</span> <span class='ocrx_word' id='word_1_991' title='bbox 2550 4542 2822 4614; x_wconf 80' lang='grc' dir='ltr'>ὀφθαλμοῦ</span> <span class='ocrx_word' id='word_1_992' title='bbox 2834 4546 2866 4616; x_wconf 85' lang='grc' dir='ltr'>ἡ</span> <span class='ocrx_word' id='word_1_993' title='bbox 2882 4545 3042 4616; x_wconf 83' lang='grc' dir='ltr'>ἑτέρα</span> <span class='ocrx_word' id='word_1_994' title='bbox 3057 4544 3152 4617; x_wconf 77' lang='grc' dir='ltr'>τὴν</span> <span class='ocrx_word' id='word_1_995' title='bbox 3166 4545 3251 4600; x_wconf 84' lang='grc' dir='ltr'>ἑτέ</span> <span class='ocrx_word' id='word_1_996' title='bbox 3260 4563 3358 4616; x_wconf 87' lang='grc' dir='ltr'>ραν</span> <span class='ocrx_word' id='word_1_997' title='bbox 3371 4547 3693 4616; x_wconf 80' lang='grc' dir='ltr'>ἐπλεονέκτη</span> <span class='ocrx_word' id='word_1_998' title='bbox 3701 4565 3782 4603; x_wconf 88' lang='grc' dir='ltr'>σε.</span> 
     </span>
    </p>
   </div>
   <div class='ocr_carea' id='block_1_117' title="bbox 2177 4629 3788 4707">
    <p class='ocr_par' dir='ltr' id='par_1_117' title="bbox 2177 4629 3788 4707">
     <span class='ocr_line' id='line_1_118' title="bbox 2177 4629 3788 4707; baseline 0.003 -23"><span class='ocrx_word' id='word_1_999' title='bbox 2177 4637 2246 4699; x_wconf 90' lang='grc' dir='ltr'>γ’.</span> <span class='ocrx_word' id='word_1_1000' title='bbox 2266 4630 2364 4683; x_wconf 88' lang='grc' dir='ltr'>Διά</span> <span class='ocrx_word' id='word_1_1001' title='bbox 2387 4629 2560 4684; x_wconf 79' lang='grc' dir='ltr'>ταῦτα</span> <span class='ocrx_word' id='word_1_1002' title='bbox 2577 4631 2670 4684; x_wconf 79' lang='grc' dir='ltr'>καί</span> <span class='ocrx_word' id='word_1_1003' title='bbox 2687 4633 2714 4685; x_wconf 87' lang='lat'>6</span> <span class='ocrx_word' id='word_1_1004' title='bbox 2731 4629 3018 4702; x_wconf 79' lang='grc' dir='ltr'>ψαλμῳδδς</span> <span class='ocrx_word' id='word_1_1005' title='bbox 3038 4631 3330 4702; x_wconf 78' lang='grc' dir='ltr'>ἐκπλαγεὶς</span> <span class='ocrx_word' id='word_1_1006' title='bbox 3345 4634 3524 4688; x_wconf 85' lang='grc' dir='ltr'>αὐτῶν</span> <span class='ocrx_word' id='word_1_1007' title='bbox 3543 4635 3642 4707; x_wconf 76' lang='grc' dir='ltr'>τὴν</span> <span class='ocrx_word' id='word_1_1008' title='bbox 3674 4635 3788 4690; x_wconf 84' lang='grc' dir='ltr'>ίσό-</span> 
     </span>
    </p>
   </div>
   <div class='ocr_carea' id='block_1_118' title="bbox 2109 4717 3783 4792">
    <p class='ocr_par' dir='ltr' id='par_1_118' title="bbox 2109 4717 3783 4792">
     <span class='ocr_line' id='line_1_119' title="bbox 2109 4717 3783 4792; baseline 0.005 -20"><span class='ocrx_word' id='word_1_1009' title='bbox 2109 4735 2269 4789; x_wconf 87' lang='grc' dir='ltr'>τητα,</span> <span class='ocrx_word' id='word_1_1010' title='bbox 2304 4717 2432 4770; x_wconf 78' lang='grc' dir='ltr'>ἐϐόα</span> <span class='ocrx_word' id='word_1_1011' title='bbox 2470 4717 2677 4786; x_wconf 82' lang='grc' dir='ltr'>λέγων·</span> <span class='ocrx_word' id='word_1_1012' title='bbox 2735 4718 2867 4784; x_wconf 78' lang='grc' dir='ltr'>Νὺξ</span> <span class='ocrx_word' id='word_1_1013' title='bbox 2917 4720 3094 4775; x_wconf 68' lang='grc' dir='ltr'>νυκτί</span> <span class='ocrx_word' id='word_1_1014' title='bbox 3138 4721 3494 4791; x_wconf 70' lang='grc' dir='ltr'>ἀναγγέλλει</span> <span class='ocrx_word' id='word_1_1015' title='bbox 3538 4723 3783 4792; x_wconf 73' lang='grc' dir='ltr'>γνῶσιν.</span> 
     </span>
    </p>
   </div>
   <div class='ocr_carea' id='block_1_119' title="bbox 2115 4805 3790 4884">
    <p class='ocr_par' dir='ltr' id='par_1_119' title="bbox 2115 4805 3790 4884">
     <span class='ocr_line' id='line_1_120' title="bbox 2115 4805 3790 4884; baseline 0.004 -25"><span class='ocrx_word' id='word_1_1016' title='bbox 2115 4807 2214 4860; x_wconf 84' lang='grc' dir='ltr'>Ἂν</span> <span class='ocrx_word' id='word_1_1017' title='bbox 2237 4805 2410 4860; x_wconf 86' lang='grc' dir='ltr'>ταῦτα</span> <span class='ocrx_word' id='word_1_1018' title='bbox 2436 4805 2582 4876; x_wconf 78' lang='grc' dir='ltr'>εἰδῇς</span> <span class='ocrx_word' id='word_1_1019' title='bbox 2615 4805 2945 4876; x_wconf 83' lang='grc' dir='ltr'>φιλοσοφεῖν,</span> <span class='ocrx_word' id='word_1_1020' title='bbox 2986 4807 3287 4877; x_wconf 86' lang='grc' dir='ltr'>θαυμάσεις</span> <span class='ocrx_word' id='word_1_1021' title='bbox 3327 4808 3418 4862; x_wconf 73' lang='grc' dir='ltr'>τὸν</span> <span class='ocrx_word' id='word_1_1022' title='bbox 3459 4808 3602 4864; x_wconf 78' lang='grc' dir='ltr'>οὕτω</span> <span class='ocrx_word' id='word_1_1023' title='bbox 3633 4810 3790 4884; x_wconf 81' lang='grc' dir='ltr'>παρὰ</span> 
     </span>
    </p>
   </div>
   <div class='ocr_carea' id='block_1_120' title="bbox 2110 4888 3789 4968">
    <p class='ocr_par' dir='ltr' id='par_1_120' title="bbox 2110 4888 3789 4968">
     <span class='ocr_line' id='line_1_121' title="bbox 2110 4888 3789 4968; baseline 0.004 -21"><span class='ocrx_word' id='word_1_1024' title='bbox 2110 4893 2208 4966; x_wconf 83' lang='grc' dir='ltr'>τὴν</span> <span class='ocrx_word' id='word_1_1025' title='bbox 2228 4892 2399 4965; x_wconf 79' lang='grc' dir='ltr'>ἀρχὴν</span> <span class='ocrx_word' id='word_1_1026' title='bbox 2419 4891 2654 4956; x_wconf 80' lang='grc' dir='ltr'>τάξαντα</span> <span class='ocrx_word' id='word_1_1027' title='bbox 2675 4893 2801 4958; x_wconf 84' lang='grc' dir='ltr'>τοὺς</span> <span class='ocrx_word' id='word_1_1028' title='bbox 2821 4888 3112 4965; x_wconf 82' lang='grc' dir='ltr'>ἀκινήτους</span> <span class='ocrx_word' id='word_1_1029' title='bbox 3139 4893 3356 4959; x_wconf 90' lang='grc' dir='ltr'>τούτους</span> <span class='ocrx_word' id='word_1_1030' title='bbox 3378 4896 3556 4968; x_wconf 81' lang='grc' dir='ltr'>ὄρους.</span> <span class='ocrx_word' id='word_1_1031' title='bbox 3575 4898 3789 4954; x_wconf 81' lang='grc' dir='ltr'>Ἀκουέ-</span> 
     </span>
    </p>
   </div>
   <div class='ocr_carea' id='block_1_121' title="bbox 2110 4979 3789 5056">
    <p class='ocr_par' dir='ltr' id='par_1_121' title="bbox 2110 4979 3789 5056">
     <span class='ocr_line' id='line_1_122' title="bbox 2110 4979 3789 5056; baseline 0.002 -20"><span class='ocrx_word' id='word_1_1032' title='bbox 2110 4998 2292 5036; x_wconf 87' lang='grc' dir='ltr'>τωσαν</span> <span class='ocrx_word' id='word_1_1033' title='bbox 2320 4979 2522 5034; x_wconf 89' lang='grc' dir='ltr'>τούτων</span> <span class='ocrx_word' id='word_1_1034' title='bbox 2550 4980 2600 5033; x_wconf 89' lang='grc' dir='ltr'>οἱ</span> <span class='ocrx_word' id='word_1_1035' title='bbox 2641 4981 2960 5035; x_wconf 86' lang='grc' dir='ltr'>πλεονέκται</span> <span class='ocrx_word' id='word_1_1036' title='bbox 2995 4982 3090 5035; x_wconf 78' lang='grc' dir='ltr'>καί⁵</span> <span class='ocrx_word' id='word_1_1037' title='bbox 3117 4981 3223 5035; x_wconf 89' lang='grc' dir='ltr'>τῶν</span> <span class='ocrx_word' id='word_1_1038' title='bbox 3250 4981 3544 5055; x_wconf 89' lang='grc' dir='ltr'>ἀλλοτρίων</span> <span class='ocrx_word' id='word_1_1039' title='bbox 3567 4985 3789 5056; x_wconf 85' lang='grc' dir='ltr'>ἐφιέμε-</span> 
     </span>
    </p>
   </div>
   <div class='ocr_carea' id='block_1_122' title="bbox 2112 5069 3788 5144">
    <p class='ocr_par' dir='ltr' id='par_1_122' title="bbox 2112 5069 3788 5144">
     <span class='ocr_line' id='line_1_123' title="bbox 2112 5069 3788 5144; baseline 0.001 -20"><span class='ocrx_word' id='word_1_1040' title='bbox 2112 5087 2192 5124; x_wconf 91' lang='grc' dir='ltr'>νοι</span> <span class='ocrx_word' id='word_1_1041' title='bbox 2220 5069 2540 5141; x_wconf 85' lang='grc' dir='ltr'>χρημάτων,</span> <span class='ocrx_word' id='word_1_1042' title='bbox 2569 5069 2664 5126; x_wconf 70' lang='grc' dir='ltr'>καὶ</span> <span class='ocrx_word' id='word_1_1043' title='bbox 2693 5069 3068 5140; x_wconf 79' lang='grc' dir='ltr'>μιμείσθωσαν</span> <span class='ocrx_word' id='word_1_1044' title='bbox 3090 5069 3302 5142; x_wconf 75' lang='grc' dir='ltr'>ἡμέρας</span> <span class='ocrx_word' id='word_1_1045' title='bbox 3333 5071 3424 5124; x_wconf 77' lang='grc' dir='ltr'>καὶ</span> <span class='ocrx_word' id='word_1_1046' title='bbox 3470 5072 3662 5137; x_wconf 82' lang='grc' dir='ltr'>νυκτὸς</span> <span class='ocrx_word' id='word_1_1047' title='bbox 3687 5073 3788 5144; x_wconf 82' lang='grc' dir='ltr'>τὴν</span> 
     </span>
    </p>
   </div>
   <div class='ocr_carea' id='block_1_123' title="bbox 2116 5157 3788 5234">
    <p class='ocr_par' dir='ltr' id='par_1_123' title="bbox 2116 5157 3788 5234">
     <span class='ocr_line' id='line_1_124' title="bbox 2116 5157 3788 5234; baseline 0.002 -22"><span class='ocrx_word' id='word_1_1048' title='bbox 2116 5160 2363 5231; x_wconf 75' lang='grc' dir='ltr'>ἰσότητα·</span> <span class='ocrx_word' id='word_1_1049' title='bbox 2388 5159 2732 5214; x_wconf 87' lang='grc' dir='ltr'>ἀκουέτωσαν</span> <span class='ocrx_word' id='word_1_1050' title='bbox 2759 5160 2808 5213; x_wconf 86' lang='grc' dir='ltr'>οί</span> <span class='ocrx_word' id='word_1_1051' title='bbox 2835 5159 3239 5229; x_wconf 86' lang='grc' dir='ltr'>πεφυσιωμένοι</span> <span class='ocrx_word' id='word_1_1052' title='bbox 3275 5157 3306 5224; x_wconf 47' lang='grc' dir='ltr'>ί,</span> <span class='ocrx_word' id='word_1_1053' title='bbox 3327 5159 3420 5212; x_wconf 75' lang='grc' dir='ltr'>καὶ</span> <span class='ocrx_word' id='word_1_1054' title='bbox 3449 5161 3788 5234; x_wconf 84' lang='grc' dir='ltr'>μεγαλοφρο-</span> 
     </span>
    </p>
   </div>
   <div class='ocr_carea' id='block_1_124' title="bbox 2115 5247 3788 5321">
    <p class='ocr_par' dir='ltr' id='par_1_124' title="bbox 2115 5247 3788 5321">
     <span class='ocr_line' id='line_1_125' title="bbox 2115 5247 3788 5321; baseline -0.001 -17"><span class='ocrx_word' id='word_1_1055' title='bbox 2115 5249 2349 5314; x_wconf 77' lang='grc' dir='ltr'>νοῦντες,</span> <span class='ocrx_word' id='word_1_1056' title='bbox 2378 5249 2472 5301; x_wconf 77' lang='grc' dir='ltr'>καί</span> <span class='ocrx_word' id='word_1_1057' title='bbox 2498 5247 2571 5321; x_wconf 84' lang='grc' dir='ltr'>μὴ</span> <span class='ocrx_word' id='word_1_1058' title='bbox 2595 5247 2907 5320; x_wconf 81' lang='grc' dir='ltr'>βουλόμενοι</span> <span class='ocrx_word' id='word_1_1059' title='bbox 2926 5247 3032 5301; x_wconf 87' lang='grc' dir='ltr'>τῶν</span> <span class='ocrx_word' id='word_1_1060' title='bbox 3060 5247 3340 5318; x_wconf 89' lang='grc' dir='ltr'>πρωτείων</span> <span class='ocrx_word' id='word_1_1061' title='bbox 3372 5247 3582 5318; x_wconf 86' lang='grc' dir='ltr'>ἐτέροις</span> <span class='ocrx_word' id='word_1_1062' title='bbox 3611 5267 3788 5321; x_wconf 88' lang='grc' dir='ltr'>παρα-</span> 
     </span>
    </p>
   </div>
   <div class='ocr_carea' id='block_1_125' title="bbox 2112 5333 3790 5410">
    <p class='ocr_par' dir='ltr' id='par_1_125' title="bbox 2112 5333 3790 5410">
     <span class='ocr_line' id='line_1_126' title="bbox 2112 5333 3790 5410; baseline -0.002 -20"><span class='ocrx_word' id='word_1_1063' title='bbox 2112 5339 2327 5410; x_wconf 81' lang='grc' dir='ltr'>χωρεῖν.</span> <span class='ocrx_word' id='word_1_1064' title='bbox 2363 5335 2429 5389; x_wconf 85' lang='grc' dir='ltr'><strong>Ἦ</strong></span> <span class='ocrx_word' id='word_1_1065' title='bbox 2459 5334 2642 5406; x_wconf 77' lang='grc' dir='ltr'>ἡμέρα</span> <span class='ocrx_word' id='word_1_1066' title='bbox 2667 5337 2734 5405; x_wconf 80' lang='grc' dir='ltr'>τῇ</span> <span class='ocrx_word' id='word_1_1067' title='bbox 2767 5333 2922 5387; x_wconf 83' lang='grc' dir='ltr'>νυκτί</span> <span class='ocrx_word' id='word_1_1068' title='bbox 2955 5334 3292 5404; x_wconf 84' lang='grc' dir='ltr'>παραχωρεῖ,</span> <span class='ocrx_word' id='word_1_1069' title='bbox 3318 5334 3414 5386; x_wconf 73' lang='grc' dir='ltr'>καὶ</span> <span class='ocrx_word' id='word_1_1070' title='bbox 3447 5333 3548 5387; x_wconf 77' lang='grc' dir='ltr'>οὐκ</span> <span class='ocrx_word' id='word_1_1071' title='bbox 3575 5334 3790 5390; x_wconf 82' lang='grc' dir='ltr'>ἐπιϐαί-</span> 
     </span>
    </p>
   </div>
   <div class='ocr_carea' id='block_1_126' title="bbox 2111 5419 3790 5495">
    <p class='ocr_par' dir='ltr' id='par_1_126' title="bbox 2111 5419 3790 5495">
     <span class='ocr_line' id='line_1_127' title="bbox 2111 5419 3790 5495; baseline -0.001 -20"><span class='ocrx_word' id='word_1_1072' title='bbox 2111 5439 2192 5477; x_wconf 89' lang='grc' dir='ltr'>νει</span> <span class='ocrx_word' id='word_1_1073' title='bbox 2238 5423 2352 5486; x_wconf 86' lang='grc' dir='ltr'>τοῖς</span> <span class='ocrx_word' id='word_1_1074' title='bbox 2394 5420 2696 5495; x_wconf 89' lang='grc' dir='ltr'>ἀλλοτρίοις</span> <span class='ocrx_word' id='word_1_1075' title='bbox 2737 5420 2884 5492; x_wconf 83' lang='grc' dir='ltr'>ὅροις</span> <span class='ocrx_word' id='word_1_1076' title='bbox 2906 5436 2920 5450; x_wconf 88' lang='grc'><strong>·</strong></span> <span class='ocrx_word' id='word_1_1077' title='bbox 2954 5419 3018 5473; x_wconf 80' lang='grc' dir='ltr'>σὺ</span> <span class='ocrx_word' id='word_1_1078' title='bbox 3065 5420 3123 5473; x_wconf 87' lang='grc' dir='ltr'>δέ</span> <span class='ocrx_word' id='word_1_1079' title='bbox 3163 5419 3250 5474; x_wconf 74' lang='grc' dir='ltr'>ἀεὶ</span> <span class='ocrx_word' id='word_1_1080' title='bbox 3297 5419 3462 5491; x_wconf 85' lang='grc' dir='ltr'>τιμῆς</span> <span class='ocrx_word' id='word_1_1081' title='bbox 3498 5420 3790 5474; x_wconf 82' lang='grc' dir='ltr'>ἀπολαύων</span> 
     </span>
    </p>
   </div>
   <div class='ocr_carea' id='block_1_127' title="bbox 2110 5501 3786 5583">
    <p class='ocr_par' dir='ltr' id='par_1_127' title="bbox 2110 5501 3786 5583">
     <span class='ocr_line' id='line_1_128' title="bbox 2110 5501 3786 5583; baseline -0.004 -21"><span class='ocrx_word' id='word_1_1082' title='bbox 2110 5508 2211 5564; x_wconf 83' lang='grc' dir='ltr'>οὐκ</span> <span class='ocrx_word' id='word_1_1083' title='bbox 2239 5507 2409 5583; x_wconf 81' lang='grc' dir='ltr'>ἀνέχῃ</span> <span class='ocrx_word' id='word_1_1084' title='bbox 2435 5509 2548 5572; x_wconf 87' lang='grc' dir='ltr'>τοῖς</span> <span class='ocrx_word' id='word_1_1085' title='bbox 2571 5505 2816 5578; x_wconf 86' lang='grc' dir='ltr'>ἀδελφοῖς</span> <span class='ocrx_word' id='word_1_1086' title='bbox 2841 5505 3162 5578; x_wconf 83' lang='grc' dir='ltr'>μεταδοῦναι</span> <span class='ocrx_word' id='word_1_1087' title='bbox 3194 5503 3428 5577; x_wconf 84' lang='grc' dir='ltr'>ταύτης;</span> <span class='ocrx_word' id='word_1_1088' title='bbox 3455 5505 3566 5561; x_wconf 76' lang='grc' dir='ltr'>Καὶ</span> <span class='ocrx_word' id='word_1_1089' title='bbox 3589 5501 3786 5557; x_wconf 83' lang='grc' dir='ltr'>σκόπει</span> 
     </span>
    </p>
   </div>
   <div class='ocr_carea' id='block_1_128' title="bbox 2177 5698 3076 5764">
    <p class='ocr_par' dir='ltr' id='par_1_128' title="bbox 2177 5698 3076 5764">
     <span class='ocr_line' id='line_1_129' title="bbox 2177 5698 3076 5764; baseline -0.008 -10"><span class='ocrx_word' id='word_1_1090' title='bbox 2177 5707 2202 5738; x_wconf 72' lang='grc' dir='ltr'>α</span> <span class='ocrx_word' id='word_1_1091' title='bbox 2236 5703 2386 5754; x_wconf 77' lang='lat' dir='ltr'>Savil.</span> <span class='ocrx_word' id='word_1_1092' title='bbox 2411 5706 2466 5752; x_wconf 81' lang='lat' dir='ltr'>et</span> <span class='ocrx_word' id='word_1_1093' title='bbox 2484 5699 2681 5764; x_wconf 80' lang='lat' dir='ltr'><strong>quidam</strong></span> <span class='ocrx_word' id='word_1_1094' title='bbox 2703 5712 2821 5750; x_wconf 78' lang='lat' dir='ltr'><strong>mss.</strong></span> <span class='ocrx_word' id='word_1_1095' title='bbox 2841 5698 3076 5750; x_wconf 78' lang='grc' dir='ltr'>ἐπαίδευε.</span> 
     </span>
    </p>
   </div>
   <div class='ocr_carea' id='block_1_129' title="bbox 2173 5763 3035 5830">
    <p class='ocr_par' dir='ltr' id='par_1_129' title="bbox 2173 5763 3035 5830">
     <span class='ocr_line' id='line_1_130' title="bbox 2173 5763 3035 5830; baseline -0.01 -11"><span class='ocrx_word' id='word_1_1096' title='bbox 2173 5767 2204 5809; x_wconf 78' lang='grc' dir='ltr'>ιι</span> <span class='ocrx_word' id='word_1_1097' title='bbox 2234 5768 2330 5818; x_wconf 69' lang='lat' dir='ltr'>Alii</span> <span class='ocrx_word' id='word_1_1098' title='bbox 2350 5779 2447 5830; x_wconf 66' lang='lat' dir='ltr'>non</span> <span class='ocrx_word' id='word_1_1099' title='bbox 2466 5763 2610 5830; x_wconf 34' lang='lat' dir='ltr'>p’augi</span> <span class='ocrx_word' id='word_1_1100' title='bbox 2627 5763 3035 5830; x_wconf 71' lang='grc' dir='ltr'>ἀποστερηθέντες.</span> 
     </span>
    </p>
   </div>
   <div class='ocr_carea' id='block_1_130' title="bbox 2179 5825 2763 5890">
    <p class='ocr_par' dir='ltr' id='par_1_130' title="bbox 2179 5825 2763 5890">
     <span class='ocr_line' id='line_1_131' title="bbox 2179 5825 2763 5890; baseline -0.009 -9"><span class='ocrx_word' id='word_1_1101' title='bbox 2179 5833 2203 5862; x_wconf 78' lang='grc'>⁸</span> <span class='ocrx_word' id='word_1_1102' title='bbox 2231 5829 2380 5880; x_wconf 73' lang='lat' dir='ltr'>Savil.</span> <span class='ocrx_word' id='word_1_1103' title='bbox 2409 5825 2763 5890; x_wconf 74' lang='grc' dir='ltr'>έπὴρεάζουσιν.</span> 
     </span>
    </p>
   </div>
   <div class='ocr_carea' id='block_1_131' title="bbox 2183 5885 2762 5954">
    <p class='ocr_par' dir='ltr' id='par_1_131' title="bbox 2183 5885 2762 5954">
     <span class='ocr_line' id='line_1_132' title="bbox 2183 5885 2762 5954; baseline -0.017 -9"><span class='ocrx_word' id='word_1_1104' title='bbox 2183 5891 2204 5933; x_wconf 71' lang='grc' dir='ltr'>ί</span> <span class='ocrx_word' id='word_1_1105' title='bbox 2226 5890 2326 5945; x_wconf 70' lang='lat' dir='ltr'><strong>Alii</strong></span> <span class='ocrx_word' id='word_1_1106' title='bbox 2347 5893 2392 5940; x_wconf 84' lang='grc' dir='ltr'>οἰ</span> <span class='ocrx_word' id='word_1_1107' title='bbox 2411 5885 2762 5954; x_wconf 62' lang='grc' dir='ltr'>νιτεινίικειημενοι.⁴</span> 
     </span>
    </p>
   </div>
  </div>
