3920 6224
169 321 262 377 105

164 451 231 489 na
261 453 274 488 :
306 445 505 502 vosque
533 442 633 484 nos
674 429 929 484 attentius
964 425 1191 483 audietis
1212 467 1226 491 ,
1261 424 1492 482 scientes
1519 421 1587 478 ad
1615 421 1748 476 alios

164 527 314 582 vobis
343 526 458 581 haec
485 523 685 580 referre
719 520 1077 577 necessarium
1106 534 1244 574 esse.
1292 517 1362 574 Ut
1396 516 1554 588 igitur
1579 516 1750 571 mani-

166 621 347 678 festior
366 621 517 675 nobis
536 618 710 674 oratio
734 618 847 684 liat,
868 630 901 671 a
923 613 1289 684 superioribus
1312 612 1480 682 ipsam
1504 620 1751 680 repeten-

164 725 246 773 tes
269 714 528 771 dicamus.

235 806 339 862 Cur
381 804 653 876 Scriptura
690 818 793 857 non
833 809 1055 870 tempore
1096 797 1261 852 Adam
1307 809 1466 866 neque
1510 791 1627 847 Noe
1672 790 1750 844 vel

162 900 379 956 Abralue
403 899 524 953 data
562 897 648 951 sit.
673 925 750 938 —
771 893 953 963 Nuper
990 892 1167 962 itaque
1203 888 1574 961 qnazrebamus
1597 927 1614 953 ,
1643 900 1745 955 qua

161 991 229 1046 de
267 1005 421 1045 causa
450 996 573 1060 post
615 996 692 1041 tot
733 999 904 1041 annos
930 984 1088 1040 editae
1115 991 1240 1036 sunt
1266 981 1554 1050 Scriptura:
1591 996 1606 1033 :
1639 994 1743 1031 non

160 1082 300 1136 enim
324 1079 492 1136 Adam
519 1094 692 1148 neque
725 1076 834 1132 Noe
862 1084 918 1131 et
943 1073 1211 1130 Abraham
1232 1082 1494 1142 tempore,
1519 1070 1613 1126 sed
1637 1069 1746 1123 Mo-

159 1174 235 1227 sis
256 1214 272 1239 ,
305 1172 439 1227 liber
467 1171 553 1226 hic
580 1169 806 1224 traditus
831 1177 947 1233 est;
974 1177 1029 1222 et
1058 1167 1252 1221 multos
1277 1164 1435 1219 audio
1461 1163 1702 1218 dicentes
1727 1202 1743 1229 ,

159 1263 301 1334 quod
331 1262 380 1318 si
414 1263 556 1317 utilis
583 1271 739 1327 erat,
770 1261 838 1316 ab
874 1260 1024 1315 initio
1051 1256 1232 1313 datum
1261 1271 1381 1312 esse
1408 1254 1683 1326 oportebat
1726 1268 1742 1304 :

159 1356 206 1410 si
234 1369 361 1410 vero
385 1353 586 1408 inutilis
608 1361 744 1419 erat,
767 1366 941 1423 neque
964 1360 1147 1423 postea
1170 1349 1449 1421 oportebat
1471 1347 1611 1403 dari.
1635 1345 1742 1403 Sed

157 1460 289 1499 vana
319 1444 435 1499 haec
458 1442 819 1503 ratiocinatio;
841 1457 948 1497 non
961 1440 1105 1498 enim
1122 1439 1365 1504 omnino,
1381 1440 1427 1495 si
1446 1437 1574 1508 quid
1593 1444 1740 1507 post-

159 1549 222 1589 ea
261 1533 396 1587 utile
452 1540 535 1588 est
575 1530 807 1586 futurum
832 1567 850 1594 ,
879 1530 949 1585 ab
987 1530 1137 1584 initio
1169 1531 1301 1585 tradi
1332 1530 1493 1586 debet
1521 1547 1535 1583 :
1567 1545 1743 1599 neque

156 1621 202 1675 si
230 1618 358 1690 quid
400 1635 431 1674 a
470 1620 733 1690 principio
761 1619 942 1675 datum
967 1628 1088 1685 est,
1120 1618 1224 1675 hoc
1257 1621 1477 1675 omnino
1503 1620 1655 1675 debet
1689 1629 1745 1676 et

158 1719 340 1781 postea
371 1725 607 1767 manere.
634 1709 895 1779 Quoniam
918 1719 974 1767 et
998 1711 1084 1766 lac
1102 1710 1253 1778 utile,
1278 1726 1378 1766 nec
1403 1721 1580 1766 tamen
1602 1726 1743 1766 scm-

156 1816 253 1872 per
274 1844 291 1868 ,
323 1801 418 1857 sed
456 1802 635 1873 pueris
671 1811 875 1858 tantum
902 1803 1058 1859 nobis
1084 1803 1241 1859 datur
1266 1822 1281 1859 :
1309 1814 1365 1860 et
1389 1805 1615 1860 solidum
1645 1822 1744 1860 nu-

155 1894 463 1949 trimentum
491 1895 622 1950 utile
642 1935 660 1960 ,
691 1895 786 1950 sed
821 1909 981 1950 nemo
1007 1895 1160 1951 nobis
1188 1895 1363 1966 ipsum
1394 1897 1444 1952 in
1480 1898 1742 1967 principio

157 1989 339 2051 tradit,
361 1989 453 2043 sed
477 1999 755 2059 postquam
780 1989 1033 2057 puerilem
1055 1989 1312 2070 fuerimus
1334 1999 1546 2046 aetatem
1567 2005 1742 2062 egres-

151 2084 221 2136 si.
254 2083 481 2137 Rursum
513 2092 672 2137 testas
699 2083 845 2137 utilis
863 2124 879 2149 ,
908 2083 1001 2138 sed
1027 2099 1131 2138 non
1159 2099 1372 2154 semper
1393 2092 1616 2154 apparet
1644 2102 1658 2140 :
1687 2095 1743 2139 et

155 2173 342 2245 byems
367 2172 646 2228 commoda
665 2213 682 2239 ,
711 2172 807 2228 sed
833 2183 888 2228 et
913 2173 1029 2229 hzee
1055 2175 1263 2229 transit.
1288 2174 1424 2243 Quid
1451 2177 1629 2246 igitur,
1657 2177 1742 2231 di-

155 2274 241 2320 cet
254 2265 464 2335 aliquis,
484 2265 770 2335 Scriptura:
784 2272 892 2321 nan
911 2276 1037 2322 sunt
1053 2267 1242 2323 utiles?
1264 2268 1573 2325 Utilissima:
1586 2284 1737 2337 sane,

155 2364 211 2410 et
238 2355 525 2411 admodum
550 2359 887 2413 necessariae.
926 2357 997 2412 Et
1022 2359 1065 2412 si
1092 2359 1282 2422 utiles,
1309 2359 1515 2429 inquit,
1542 2375 1645 2430 qua
1670 2360 1740 2416 de

151 2462 310 2502 causa
343 2463 446 2503 non
477 2456 602 2503 sunt
628 2449 835 2505 tradita:
860 2449 1015 2505 nobis
1038 2450 1107 2505 ab
1134 2450 1322 2505 initio?
1347 2452 1481 2519 Quia
1508 2468 1615 2508 non
1644 2468 1740 2522 per

151 2538 377 2601 litteras,
405 2540 499 2594 sed
530 2556 625 2610 per
649 2556 734 2595 res
766 2541 903 2596 Deus
931 2551 1174 2596 naturam
1204 2542 1489 2598 humanam
1543 2544 1737 2602 docere

150 2632 379 2687 volebat.
412 2633 550 2698 Quid
582 2634 794 2688 tandem
826 2642 947 2700 est,
978 2649 1072 2703 per
1098 2635 1225 2690 res?
1261 2636 1364 2690 Per
1392 2637 1559 2707 ipsam
1585 2651 1737 2693 crea-

151 2735 345 2778 turam.
380 2723 434 2778 lu
465 2723 604 2780 hanc
633 2725 776 2780 enim
802 2724 1387 2783 sententiamincidens
1407 2728 1732 2799 Apostolus,

147 2828 202 2870 et
242 2818 294 2870 in
325 2816 551 2886 gentiles
574 2816 854 2871 intendens
873 2858 889 2882 ,
918 2817 1159 2872 dicentes
1181 2859 1196 2881 ,
1228 2816 1345 2871 Non
1370 2818 1438 2871 ab
1461 2816 1611 2871 initio
1639 2817 1732 2872 Dei

145 2908 510 2976 cognitionem
544 2921 608 2961 ex
637 2906 928 2977 Scripturis
954 2908 1235 2963 didicimus
1257 2947 1274 2974 ,
1310 2908 1432 2962 vide
1467 2907 1735 2978 quomodo

146 3000 443 3069 respondit.
472 3000 605 3055 Cum
634 3000 776 3054 enim
804 2999 1058 3066 dixisset,
1094 2997 1417 3054 Revelabitur
1443 2999 1523 3054 ira
1548 2998 1646 3053 Dei
1671 3000 1736 3054 de

114 3151 118 3155 η
144 3093 273 3145 mlo
308 3107 461 3162 super
499 3107 697 3145 omnem
724 3091 1032 3159 impietatem
1063 3100 1110 3145 et
1150 3092 1452 3162 iniustitiam
1474 3091 1736 3145 hominum

144 3203 341 3250 eorum,
371 3187 458 3251 qui
485 3186 740 3241 veritatem
761 3186 860 3241 Dei
884 3186 937 3240 in
959 3185 1211 3256 injustitia
1233 3184 1455 3240 detinent
1479 3184 1654 3256 (Rom.
1680 3184 1731 3238 Ι.

146 3278 261 3351 18),
290 3288 345 3334 et
373 3279 594 3335 vidisset
612 3279 965 3350 objectionem
988 3279 1086 3334 sibi
1109 3287 1500 3342 occurrentem,
1524 3287 1579 3333 et
1601 3278 1736 3331 mul-

146 3379 231 3426 tos
271 3382 459 3428 contra
497 3381 831 3441 quaerentes,
869 3372 1010 3427 unde
1045 3372 1274 3443 gentiles
1319 3372 1415 3427 Dei
1454 3363 1733 3427 veritatem

143 3466 543 3536 cognovissent,
566 3466 742 3521 intulit
766 3466 952 3521 dicens
973 3485 988 3521 :
1016 3465 1149 3534 Quia
1168 3466 1302 3536 quod
1325 3475 1498 3520 notum
1522 3476 1593 3521 est
1617 3466 1732 3534 Dei,

142 3556 471 3625 manifestum
499 3565 572 3610 est
596 3556 650 3609 in
677 3557 781 3610 illis
805 3554 855 3629 (1
863 3556 990 3613 b.v.
1023 3555 1134 3627 £9).
1166 3555 1237 3611 Et
1265 3557 1531 3626 quomodo
1557 3557 1733 3610 mani-

144 3646 343 3701 festum
371 3656 453 3700 est
482 3647 536 3701 in
574 3646 715 3702 illis?
740 3649 1006 3718 quomodo
1032 3664 1159 3705 vero
1200 3651 1366 3704 Deum
1393 3665 1552 3705 nosse
1583 3660 1735 3721 pote-

145 3731 308 3787 rant?
334 3732 455 3801 quis
477 3732 746 3787 ostendit?
770 3732 876 3788 dic.
894 3732 1033 3787 Deus
1062 3736 1194 3789 enim
1217 3736 1323 3791 illis
1336 3738 1673 3808 manifestavit
1690 3739 1732 3801 ¹,

145 3825 339 3895 inquit.
373 3826 492 3894 Quo
540 3825 729 3894 pacto?
756 3841 913 3897 quem
942 3828 1256 3899 prophetam
1307 3831 1545 3898 mittens,
1573 3846 1732 3902 quem

145 3917 578 3987 evangelistam?
605 3932 761 3987 quem
792 3917 1089 3986 doctorem,
1119 3919 1164 3973 si
1188 3920 1477 3990 Scriptura:
1499 3923 1733 3987 nondum

145 4008 342 4063 erant?
373 4006 657 4063 lnvisibilia
674 4010 804 4063 enim
829 4012 1009 4081 ipsius,
1040 4013 1227 4081 inquit,
1254 4030 1286 4065 a
1309 4022 1540 4066 creatura
1560 4013 1737 4067 mundi

146 4116 240 4167 per
261 4115 323 4152 ea
348 4115 460 4171 qua:
484 4100 621 4169 facta
647 4112 797 4168 sunt,
826 4103 1081 4157 intellecta
1106 4105 1484 4176 conspiciuntur
1502 4146 1529 4181 ,q
1546 4106 1735 4175 sempi-

145 4202 391 4262 ternaquc
412 4193 570 4247 virtus
590 4194 698 4265 ejus
718 4204 765 4248 et
785 4195 1023 4249 divinitas
1040 4195 1145 4267 (Ib.
1167 4212 1215 4250 υ.
1244 4197 1357 4267 20).
1382 4197 1531 4265 Quod
1559 4209 1736 4253 autem

145 4285 315 4352 dicit,
346 4286 452 4342 tale
492 4295 619 4342 est:
654 4287 793 4343 Ante
834 4289 1070 4343 onmium
1116 4290 1302 4346 oculos
1340 4299 1640 4346 creaturam
1680 4290 1737 4345 in

146 4377 332 4432 medio
379 4378 686 4447 proposuit,
729 4389 791 4433 ut
822 4394 890 4434 ex
937 4380 1187 4450 operibus
1221 4393 1518 4437 creatorem
1563 4382 1736 4451 conji-

146 4469 330 4524 ciant:
357 4469 500 4541 quod
523 4470 736 4541 quidem
767 4481 822 4526 et
849 4472 986 4527 alius
1010 4472 1218 4529 dicebat
1243 4492 1257 4528 :
1288 4474 1370 4529 Ea:
1391 4475 1738 4545 magnitudine

146 4564 286 4618 enim
334 4572 384 4617 et
429 4563 807 4634 pulchritudine
852 4575 1200 4619 creaturarum
1245 4565 1742 4637 proportionabiliter

145 4658 381 4727 ipsarum
412 4663 591 4709 auctor
616 4655 967 4711 consideratur
993 4655 1152 4728 (Sap.
1184 4658 1271 4714 15.
1301 4656 1380 4729 5).
1413 4657 1603 4714 Vidisti
1625 4674 1741 4714 ma-

144 4747 524 4818 gnitudinem?
546 4749 825 4805 considera
852 4751 1142 4820 potentiam
1169 4742 1472 4808 Conditoris
1497 4768 1617 4826 cum
1645 4755 1741 4810 ad-

146 4839 456 4895 miratione.
496 4839 684 4896 Vidisti
722 4842 1210 4911 pulchritudinem?
1236 4844 1550 4914 sapientiam
1576 4861 1740 4902 exor-

147 4931 359 4985 natoris
395 4931 715 5001 obstupesee
738 4974 754 4998 ,
799 4934 939 5004 quod
986 4943 1046 4990 et
1063 4932 1326 5006 Propheta
1365 4936 1740 4998 demonstrans

149 5025 368 5082 dicebat
397 5042 412 5079 :
440 5022 565 5081 Caeli
608 5037 849 5081 enarrant
886 5026 1103 5099 gloriam
1140 5027 1241 5083 Dei
1284 5029 1475 5101 (Psal.
1521 5033 1605 5088 18.
1642 5034 1738 5104 2).

146 5119 434 5188 Quomodo
457 5118 637 5191 igitur,
664 5136 874 5191 quaeso,
901 5123 1155 5177 narrant?
1181 5138 1364 5179 vocem
1390 5141 1494 5178 non
1521 5125 1738 5191 habent,

147 5227 211 5266 os
238 5227 348 5267 non
377 5212 680 5284 possident,
716 5227 820 5268 non
847 5223 929 5268 est
955 5215 1084 5284 ipsis
1108 5214 1286 5285 lingua
1315 5233 1329 5269 :
1353 5217 1620 5286 quomodo
1647 5218 1743 5289 igi-

146 5313 238 5357 tur
265 5302 526 5359 narrant?
553 5303 657 5359 Per
685 5303 854 5373 ipsum
885 5316 1181 5375 aspectum.
1210 5308 1345 5362 Cum
1373 5307 1514 5362 enim
1544 5307 1742 5363 videris

148 5393 629 5464 pulchritudinem,
656 5397 1092 5466 magnitudinem,
1124 5398 1518 5465 celsitudinem,
1550 5402 1737 5466 situm,

150 5486 381 5543 formam
419 5503 516 5557 per
558 5498 757 5543 tantum
802 5490 1055 5562 temporis
1090 5507 1404 5562 permanere
1426 5534 1441 5553 .
1472 5505 1741 5565 tamquam

150 5594 339 5636 vocem
368 5579 614 5648 audiens,
640 5588 701 5636 et
725 5596 821 5651 per
845 5592 1118 5653 aspectum
1149 5582 1336 5638 dicens
1354 5626 1369 5650 ,
1397 5586 1589 5642 adoras
1616 5601 1741 5642 eum

214 5761 231 5796 ⁸
261 5766 374 5814 Sav.
403 5769 456 5812 et
477 5760 671 5817 quidam
689 5758 770 5811 alii
795 5775 811 5812 :
836 5769 968 5814 Deus
988 5769 1116 5820 enim
1135 5763 1236 5816 illis
1250 5760 1546 5814 monstravit.

457 5851 731 5916 Pnaon.
778 5858 895 5917 Gn.
943 5857 1168 5919 XLIX.

1134 312 1228 369 AD
1266 306 1586 366 POPULUM
1623 302 2111 363 ANTIOCIIENUM
2173 306 2400 364 IIOMIL.
2444 307 2530 363 IX.

3334 315 3508 370 106‘

1859 420 1947 490 qui
1972 429 2077 475 tam
2096 421 2376 493 pulchrum
2402 432 2456 478 et
2473 422 2786 479 admirabile
2808 437 3002 494 corpus
3025 426 3245 481 creavit.
3273 428 3440 485 Tacet

1852 510 2078 579 cadum,
2121 513 2216 569 sed
2258 513 2423 584 ipsius
2465 524 2711 586 aspectus
2754 530 2938 571 vocem
2984 516 3107 572 tuba
3154 518 3437 577 clariorem

1852 602 2048 656 emittit
2070 644 2086 668 ,
2111 617 2211 674 per
2234 603 2420 659 oculos
2443 647 2458 670 ,
2491 621 2597 660 non
2636 619 2730 674 per
2764 621 2923 662 aures
2949 621 3046 664 nos
3072 607 3273 665 docens
3303 628 3317 665 :
3352 610 3441 669 hic

1742 693 1755 727 τ
1852 693 1995 746 enim
2026 707 2219 750 sensus
2255 709 2287 749 a
2330 706 2516 751 natura
2541 706 2626 752 est
2652 695 2749 752 illo
2774 698 2973 753 certior
2997 710 3053 755 et
3080 700 3435 759 manifestior.

1849 783 1904 837 Si
1931 790 2073 839 enim
2097 801 2194 855 per
2216 787 2379 842 libros
2398 788 2671 845 docuisset
2692 800 2748 846 et
2773 791 3294 856 litteras,litterarum
3318 797 3440 867 qni-

1850 875 1970 930 dem
2010 878 2211 947 peritus
2243 881 2441 950 scripta
2481 881 3087 950 didicisset,illitteratus
3131 902 3260 943 vero
3302 889 3436 946 nihil

1852 970 1975 1026 inde
2003 971 2215 1041 adjutus
2248 974 2465 1030 abiisset
2489 1016 2504 1043 ,
2537 977 2582 1030 si
2620 977 2740 1047 quis
2779 978 2916 1033 alios
2953 995 3060 1035 non
3089 980 3386 1040 induxisset
3419 1026 3434 1041 .

1847 1062 1999 1118 dives
2036 1063 2229 1119 librum
2258 1066 2511 1132 emisset,
2545 1084 2749 1140 pauper
2774 1085 2955 1126 emere
2994 1087 3098 1127 non
3129 1075 3390 1143 potuisset
3416 1093 3432 1130 :

1850 1170 2061 1209 rursum
2088 1156 2179 1227 qui
2199 1157 2559 1216 sciretvocem
2575 1164 2718 1216 illam
2734 1162 3044 1231 perlitteras
3059 1164 3432 1237 significatam,

1847 1241 1993 1299 intus
2014 1246 2181 1315 posita
2202 1257 2420 1314 nosset;
2444 1246 2642 1321 Scytha
2664 1264 2795 1306 vero
2819 1260 2874 1307 et
2895 1251 3177 1321 Barbarus,
3201 1266 3255 1312 et
3272 1255 3434 1314 Indus

1848 1344 1903 1392 et
1929 1336 2232 1410 Egyptius,
2263 1352 2315 1396 et
2338 1357 2525 1399 omnes
2548 1344 2724 1417 lingua
2748 1356 2990 1404 carentes
3014 1348 3125 1413 illa,
3149 1350 3281 1407 nihil
3304 1354 3436 1409 edo-

1846 1429 1915 1483 cti
1943 1430 2219 1487 abiissent.
2247 1433 2360 1488 Hoc
2379 1444 2557 1491 autem
2585 1436 2652 1492 de
2673 1438 2808 1494 cutio
2831 1438 3008 1496 dicere
3034 1457 3140 1497 non
3164 1442 3309 1511 licet,
3336 1447 3432 1502 sed

1846 1528 1902 1574 et
1921 1520 2116 1592 Scytha
2138 1530 2191 1577 et
2214 1523 2492 1588 Barbarus,
2518 1536 2571 1582 et
2597 1525 2758 1584 Indus
2776 1537 2830 1583 et
2850 1528 3155 1602 Egyptius,
3180 1544 3233 1589 et
3257 1536 3434 1593 omnis

1848 1612 2009 1667 homo
2053 1628 2217 1684 super
2245 1624 2439 1671 terram
2481 1618 2771 1688 incedens,
2803 1620 2942 1677 hanc
2978 1638 3166 1679 vocem
3205 1626 3429 1683 audiet:

1846 1720 1951 1759 non
1977 1706 2122 1760 enim
2154 1722 2248 1775 per
2273 1723 2432 1764 aures
2453 1752 2469 1774 ,
2497 1710 2592 1766 sed
2624 1727 2722 1780 per
2747 1713 2933 1768 oculos
2960 1712 3016 1770 in
3040 1726 3272 1772 mentem
3298 1719 3434 1775 inci-

1844 1795 1923 1850 dit
1943 1807 2204 1853 nostram.
2227 1798 2525 1855 Visibilium
2547 1812 2725 1857 autem
2749 1804 3084 1875 participatio
3105 1807 3291 1864 eadem
3317 1820 3429 1875 est,

1845 1902 2019 1959 neque
2056 1888 2308 1947 differens
2334 1891 2474 1948 sicut
2510 1893 2809 1965 linguarum
2840 1913 2857 1950 :
2888 1897 2940 1951 in
2970 1896 3114 1954 hunc
3138 1901 3339 1969 pariter
3362 1902 3429 1957 li-

1846 1977 2000 2032 brum
2030 1988 2083 2035 et
2108 1980 2269 2036 idiota
2292 1991 2349 2038 et
2371 1983 2587 2054 sapiens
2611 1986 2802 2041 intueri
2830 1997 3113 2058 poterunt,
3144 1999 3201 2047 et
3227 2007 3434 2064 pauper

1843 2081 1899 2127 et
1923 2072 2093 2137 dives,
2121 2086 2176 2130 et
2204 2092 2538 2148 quocumque
2563 2079 2680 2149 quis
2706 2082 2933 2150 venerit,
2963 2082 3017 2139 in
3040 2082 3231 2144 caelum
3260 2089 3433 2158 respi-

1842 2164 2031 2231 ciens,
2082 2164 2432 2223 sufﬁcientem
2476 2171 2647 2239 capiet
2694 2170 2990 2228 doctrinam
3037 2189 3105 2229 ex
3161 2187 3380 2246 aspectu
3409 2197 3427 2233 :

1842 2255 1982 2324 quod
2001 2258 2280 2329 quidemet
2297 2260 2410 2331 ipse
2424 2260 2686 2334 Propheta
2710 2263 2938 2318 innucns
2953 2274 3004 2319 et
3023 2264 3425 2338 demonstrans,

1841 2347 1982 2418 quod
2010 2363 2197 2404 vocem
2237 2359 2480 2406 creatura
2509 2360 2563 2407 et
2594 2351 2831 2409 barbaris
2857 2356 3065 2412 entittat
3092 2367 3147 2413 ct
3183 2359 3385 2418 Gnecis
3408 2405 3425 2428 ,

1840 2448 1895 2494 et
1912 2441 2159 2497 omnibus
2175 2442 2228 2497 in
2247 2443 2551 2498 universum
2576 2444 2880 2502 hominibus
2901 2449 3170 2506 intellectu
3193 2452 3423 2520 facilem,

1839 2534 2102 2614 dicebat_:
2136 2535 2256 2591 Non
2294 2547 2411 2591 sunt
2449 2538 2661 2606 loquelae
2696 2557 2854 2610 neque
2889 2559 3173 2610 sermones,
3213 2563 3428 2617 quorum

1838 2642 1940 2680 non
1968 2628 2242 2682 audiantur
2264 2644 2407 2683 voces
2433 2645 2605 2684 eorum
2631 2630 2804 2701 (Psal.
2837 2633 2926 2689 {8.
2956 2633 3032 2705 4).
3060 2636 3214 2703 Quod
3243 2648 3424 2696 autem

1838 2718 1987 2788 dicit,
2018 2720 2124 2776 tale
2151 2731 2235 2776 est
2265 2738 2280 2776 :
2308 2721 2425 2777 Non
2459 2732 2542 2777 est
2567 2739 2700 2794 gens
2731 2740 2904 2796 neque
2934 2726 3111 2798 lingua
3140 2745 3259 2800 quae
3289 2730 3428 2787 hanc

1836 2823 2027 2866 vocem
2071 2813 2368 2884 intelligere
2412 2830 2518 2870 non
2551 2817 2750 2886 possit;
2783 2818 2879 2874 sed
2910 2821 3031 2875 talis
3064 2830 3148 2877 est
3184 2822 3424 2894 ipsorum

1837 2914 1962 2966 vox,
1989 2911 2047 2957 ut
2071 2903 2139 2958 ab
2163 2905 2411 2962 omnibus
2435 2908 2737 2965 hominibus
2761 2911 2934 2967 audiri
2959 2914 3123 2982 possit
3148 2932 3161 2968 :
3185 2931 3285 2970 nec
3308 2918 3425 2973 cceli

1840 2999 2046 3046 tantum
2072 3034 2088 3059 ,
2121 2996 2217 3051 sed
2252 3006 2308 3051 et
2344 2998 2449 3055 diei
2483 3008 2539 3055 et
2577 3003 2769 3057 noctis.
2818 3003 2886 3058 Et
2921 3006 3188 3073 quomodo
3225 3007 3332 3064 diei
3373 3020 3428 3066 et

1839 3084 2051 3139 noctis?
2079 3086 2210 3142 illud
2236 3089 2375 3143 enim
2404 3100 2459 3147 et
2483 3108 2581 3163 per
2607 3094 3084 3166 pulchritudinem,
3111 3111 3169 3156 et
3193 3117 3289 3171 per
3313 3119 3427 3157 ma-

1837 3176 2166 3244 gnitudinem
2191 3219 2207 3243 ,
2237 3189 2292 3235 et
2320 3197 2418 3251 per
2445 3183 2549 3237 alia
2578 3188 2759 3242 omnia
2785 3201 3111 3258 spectatores
3142 3197 3383 3263 percellit
3407 3239 3424 3262 ,

1838 3278 1893 3323 et
1936 3269 1989 3323 in
2032 3271 2196 3340 ipsius
2230 3273 2504 3331 Creatoris
2543 3276 2954 3337 admirationem
3003 3285 3264 3353 traducit;
3309 3287 3427 3343 dies

1838 3376 1967 3417 vero
1988 3373 2043 3418 et
2068 3380 2170 3419 nox
2200 3366 2325 3437 quid
2352 3368 2507 3423 nobis
2535 3379 2805 3426 Ostentare
2835 3375 3089 3443 possent?
3112 3377 3426 3445 Hujusmodi

1838 3454 2052 3523 quidem
2081 3457 2236 3524 nihil,
2267 3457 2362 3513 sed
2391 3459 2491 3513 alia
2523 3461 2606 3514 his
2632 3478 2737 3517 non
2770 3463 3019 3520 inferiora
3056 3484 3070 3520 :
3100 3470 3427 3525 convenien-

1838 3546 1967 3600 tiam
1992 3588 2008 3611 ,
2036 3547 2278 3603 ordinem
2308 3565 2428 3604 cum
2467 3554 2613 3607 onmi
2654 3554 2923 3625 diligentia
2959 3570 3250 3616 servatum.
3289 3563 3425 3621 Cum

1838 3640 1983 3691 enim
2018 3642 2335 3710 cogitaveris
2359 3685 2375 3707 ,
2404 3646 2672 3714 quomodo
2702 3657 2867 3703 totum
2902 3666 2996 3719 per
3018 3667 3214 3708 annum
3243 3655 3427 3712 distri—

1840 3730 2102 3797 buuntur,
2130 3743 2184 3789 et
2214 3744 2480 3805 tamquam
2511 3735 2566 3791 in
2598 3736 2732 3793 libra
2761 3748 2816 3794 et
2844 3741 3051 3799 hilance
3078 3746 3239 3800 totius
3265 3749 3425 3817 spatii

1841 3821 2223 3891 longitudinem
2261 3824 2557 3883 diviserunt
2591 3846 2605 3881 :
2647 3845 2770 3885 eum
2810 3832 2903 3902 qui
2946 3835 3211 3891 ordinavit
3252 3839 3427 3894 admi-

1843 3913 2068 3968 raberis.
2098 3914 2260 3970 Velut
2287 3917 2429 3972 enim
2472 3935 2694 3976 sorores
2727 3922 2969 3992 quaedam
3012 3935 3287 3995 paternam
3310 3944 3418 3983 nte-

1841 4006 2121 4061 rcditatem
2137 4009 2471 4075 partitaicum
2483 4012 2743 4067 charitate
2758 4013 2938 4075 nndta,
2952 4015 3100 4070 nullo
3109 4016 3273 4071 modo
3286 4016 3425 4073 inter

1840 4114 1900 4154 se
1918 4100 2328 4167 calumniantes,
2358 4100 2437 4155 sic
2461 4108 2516 4155 et
2538 4099 2652 4155 dies
2678 4111 2734 4156 et
2760 4116 2860 4156 nox
2888 4120 3007 4157 cum
3029 4109 3175 4160 omni
3196 4107 3422 4180 diligen-

1844 4193 1914 4248 tia
1952 4209 2151 4249 annum
2182 4195 2482 4265 aaqualilate
2519 4202 2663 4249 tanta
2691 4194 3054 4266 distribuunt,
3081 4208 3134 4253 et
3174 4202 3418 4271 proprios

1841 4297 2158 4342 conservant
2185 4287 2318 4344 lines
2342 4330 2358 4352 ,
2389 4302 2493 4343 nec
2520 4301 2771 4357 umquam
2802 4288 3024 4342 alteram
3054 4288 3220 4346 altera
3251 4294 3419 4362 pellit.

1841 4379 2137 4449 Numquam
2161 4378 2320 4449 igitur
2357 4377 2534 4434 hieme
2555 4379 2670 4433 dies
2697 4377 2793 4433 fuit
2816 4379 2993 4450 longa,
3022 4380 3158 4436 sicut
3180 4398 3283 4439 nec
3307 4401 3450 4440 umr

1840 4485 2000 4542 quam
2026 4480 2212 4527 aestate
2238 4471 2393 4541 longa
2421 4469 2519 4525 fuit
2545 4486 2670 4533 nox,
2700 4480 2781 4525 tot
2809 4472 3093 4540 praeteritis
3118 4477 3420 4543 generatio-

1843 4566 2000 4621 nibus
2022 4607 2039 4633 ,
2071 4564 2166 4621 sed
2195 4565 2246 4619 in
2275 4563 2467 4621 eodem
2504 4564 2782 4618 intervallo
2811 4573 2865 4619 et
2893 4564 3223 4635 longitudine
3250 4582 3423 4636 neque

1842 4656 2111 4711 modicum
2134 4671 2233 4710 nec
2251 4654 2525 4710 dimidiam
2547 4655 2730 4711 horam
2754 4670 2855 4710 nec
2872 4658 3012 4712 oculi
3033 4658 3235 4713 nictum
3257 4659 3424 4715 altera

1843 4764 2003 4821 quam
2030 4750 2195 4803 altera
2223 4746 2340 4817 plus
2368 4748 2568 4803 habuit.

1915 4843 1970 4898 3.
1994 4842 2093 4898 Dei
2107 4843 2356 4911 sapientia
2379 4844 2431 4896 in
2450 4859 2619 4896 rerum
2637 4844 2948 4897 naturalium
2973 4844 3244 4900 ordine.—
3289 4847 3426 4903 Pro-

1844 4944 2030 5004 pterea
2054 4944 2111 4989 et
2127 4928 2414 4987 Psalmista
2433 4930 2670 4997 ipsorum
2725 4933 3080 5003 aequalitatem
3110 4936 3425 5003 admiratus,

1845 5024 2104 5080 clamabat
2135 5025 2316 5078 dicens
2348 5039 2361 5075 :
2396 5023 2518 5077 Nox
2555 5025 2691 5078 nocti
2715 5026 2907 5081 indicat
2935 5028 3241 5101 scientiam(
3280 5029 3427 5087 [’sal.

1847 5118 1934 5172 18.
1958 5117 1994 5172 3
2017 5116 2059 5186 ).
2090 5115 2144 5171 Si
2179 5116 2292 5169 hare
2334 5115 2696 5185 philosophari
2752 5116 2912 5183 scias,
2950 5120 3029 5174 sic
3079 5121 3432 5179 admiraberis

1845 5223 1990 5269 eum,
2018 5207 2107 5277 qui
2137 5207 2204 5261 ab
2254 5206 2405 5261 initio
2446 5204 2545 5261 hos
2584 5206 2888 5265 immobiles
2917 5212 3178 5268 terminos
3218 5214 3427 5269 statuit.

1848 5300 2080 5357 Audiant
2123 5298 2239 5354 bare
2283 5298 2428 5352 avari
2455 5308 2510 5352 et
2537 5296 2708 5354 aliena
2734 5302 3213 5371 concupiscentes,
3239 5314 3295 5359 et
3321 5302 3427 5359 (iter

1848 5393 2126 5462 noctisque
2171 5389 2528 5460 aequalitatem
2576 5388 2872 5445 imitentur.
2903 5393 3136 5448 Audiant
3182 5394 3347 5449 inﬂati
3378 5404 3429 5451 et

1847 5485 1954 5539 alta
1974 5485 2264 5553 sapientes,
2295 5490 2351 5537 et
2389 5485 2633 5538 nolentes
2662 5483 2862 5553 primas
2878 5496 3060 5554 partes
3083 5484 3204 5539 aliis
3229 5501 3426 5543 conce-

1848 5575 1997 5632 dere.
2020 5577 2138 5631 Dies
2157 5574 2297 5631 nocti
2319 5575 2458 5630 cedit
2477 5590 2575 5630 nec
2597 5575 2798 5631 alienos
2818 5577 2950 5630 lines
2975 5575 3197 5644 invadit;
3220 5585 3277 5632 tu
3304 5595 3432 5635 vero

1849 5681 2061 5738 semper
2104 5668 2309 5724 honore
2359 5666 2543 5722 fruens
2587 5668 2837 5722 tratribus
2864 5666 3005 5724 lnmc
3030 5671 3432 5729 communicare

1852 5779 1959 5818 non
1991 5761 2271 5831 dignaris?
2298 5760 2364 5815 Et
2388 5758 2666 5816 considera
2709 5760 2837 5815 mihi
2876 5760 3194 5831 lcgislatoris
3222 5765 3435 5835 sapien-

3024 5862 3063 5921 7
