  <div class='ocr_page' id='page_1' title='image "/cluster/home/n/w/nwhite01/storage/ocr_20150623/49/mdp.39015028539461/111.png"; bbox 0 0 3920 6224; ppageno 0'>
   <div class='ocr_carea' id='block_1_1' title="bbox 497 232 592 286">
    <p class='ocr_par' dir='ltr' id='par_1_1' title="bbox 497 232 592 286">
     <span class='ocr_line' id='line_1_1' title="bbox 497 232 592 286; baseline 0.021 -2"><span class='ocrx_word' id='word_1_1' title='bbox 497 232 592 286; x_wconf 70' lang='grc'><strong>107</strong></span> 
     </span>
    </p>
   </div>
   <div class='ocr_carea' id='block_1_2' title="bbox 493 344 2067 420">
    <p class='ocr_par' dir='ltr' id='par_1_2' title="bbox 493 344 2067 420">
     <span class='ocr_line' id='line_1_2' title="bbox 493 344 2067 420; baseline -0.004 -17"><span class='ocrx_word' id='word_1_2' title='bbox 493 349 635 403; x_wconf 81' lang='lat' dir='ltr'><strong>tiant.</strong></span> <span class='ocrx_word' id='word_1_3' title='bbox 667 346 721 403; x_wconf 93' lang='lat' dir='ltr'><strong>ln</strong></span> <span class='ocrx_word' id='word_1_4' title='bbox 753 345 945 420; x_wconf 85' lang='lat' dir='ltr'><strong>hyeme</strong></span> <span class='ocrx_word' id='word_1_5' title='bbox 987 348 1194 418; x_wconf 86' lang='lat' dir='ltr'><strong>longam</strong></span> <span class='ocrx_word' id='word_1_6' title='bbox 1227 357 1437 404; x_wconf 86' lang='lat' dir='ltr'><strong>noctem</strong></span> <span class='ocrx_word' id='word_1_7' title='bbox 1479 361 1600 403; x_wconf 86' lang='lat' dir='ltr'><strong>esse</strong></span> <span class='ocrx_word' id='word_1_8' title='bbox 1622 346 1821 416; x_wconf 91' lang='lat' dir='ltr'><strong>jussit,</strong></span> <span class='ocrx_word' id='word_1_9' title='bbox 1851 344 2067 415; x_wconf 79' lang='lat' dir='ltr'><strong>quando</strong></span> 
     </span>
    </p>
   </div>
   <div class='ocr_carea' id='block_1_3' title="bbox 494 437 2068 508">
    <p class='ocr_par' dir='ltr' id='par_1_3' title="bbox 494 437 2068 508">
     <span class='ocr_line' id='line_1_3' title="bbox 494 437 2068 508; baseline -0.003 -14"><span class='ocrx_word' id='word_1_10' title='bbox 494 439 735 494; x_wconf 82' lang='lat' dir='ltr'><strong>molliora</strong></span> <span class='ocrx_word' id='word_1_11' title='bbox 773 439 977 495; x_wconf 87' lang='lat' dir='ltr'><strong>semina</strong></span> <span class='ocrx_word' id='word_1_12' title='bbox 1012 446 1068 495; x_wconf 90' lang='lat' dir='ltr'><strong>et</strong></span> <span class='ocrx_word' id='word_1_13' title='bbox 1098 439 1265 508; x_wconf 86' lang='lat' dir='ltr'><strong>magis</strong></span> <span class='ocrx_word' id='word_1_14' title='bbox 1299 438 1586 508; x_wconf 76' lang='lat' dir='ltr'><strong>frigescere</strong></span> <span class='ocrx_word' id='word_1_15' title='bbox 1620 437 1946 507; x_wconf 76' lang='lat' dir='ltr'><strong>indigentia,</strong></span> <span class='ocrx_word' id='word_1_16' title='bbox 1970 450 2068 491; x_wconf 92' lang='lat' dir='ltr'><strong>nec</strong></span> 
     </span>
    </p>
   </div>
   <div class='ocr_carea' id='block_1_4' title="bbox 490 528 2067 597">
    <p class='ocr_par' dir='ltr' id='par_1_4' title="bbox 490 528 2067 597">
     <span class='ocr_line' id='line_1_4' title="bbox 490 528 2067 597; baseline -0.004 -12"><span class='ocrx_word' id='word_1_17' title='bbox 490 531 798 587; x_wconf 88' lang='lat' dir='ltr'><strong>calidiorcm</strong></span> <span class='ocrx_word' id='word_1_18' title='bbox 846 529 1051 586; x_wconf 85' lang='lat' dir='ltr'><strong>radium</strong></span> <span class='ocrx_word' id='word_1_19' title='bbox 1105 528 1381 584; x_wconf 90' lang='lat' dir='ltr'><strong>tolerant:</strong></span> <span class='ocrx_word' id='word_1_20' title='bbox 1415 536 1693 597; x_wconf 72' lang='lat' dir='ltr'><strong>postquam</strong></span> <span class='ocrx_word' id='word_1_21' title='bbox 1736 540 1867 581; x_wconf 87' lang='lat' dir='ltr'><strong>vero</strong></span> <span class='ocrx_word' id='word_1_22' title='bbox 1917 534 2067 580; x_wconf 88' lang='lat' dir='ltr'><strong>aucta</strong></span> 
     </span>
    </p>
   </div>
   <div class='ocr_carea' id='block_1_5' title="bbox 488 619 2069 691">
    <p class='ocr_par' dir='ltr' id='par_1_5' title="bbox 488 619 2069 691">
     <span class='ocr_line' id='line_1_5' title="bbox 488 619 2069 691; baseline -0.003 -13"><span class='ocrx_word' id='word_1_23' title='bbox 488 621 685 678; x_wconf 75' lang='lat' dir='ltr'><strong>fuerint</strong></span> <span class='ocrx_word' id='word_1_24' title='bbox 708 663 724 685; x_wconf 94' lang='lat'><strong>,</strong></span> <span class='ocrx_word' id='word_1_25' title='bbox 756 637 859 677; x_wconf 82' lang='lat' dir='ltr'><strong>una</strong></span> <span class='ocrx_word' id='word_1_26' title='bbox 884 637 1006 677; x_wconf 91' lang='lat' dir='ltr'><strong>cum</strong></span> <span class='ocrx_word' id='word_1_27' title='bbox 1038 621 1167 691; x_wconf 85' lang='lat' dir='ltr'><strong>ipsis</strong></span> <span class='ocrx_word' id='word_1_28' title='bbox 1193 621 1385 676; x_wconf 79' lang='lat' dir='ltr'><strong>crescit</strong></span> <span class='ocrx_word' id='word_1_29' title='bbox 1423 635 1634 674; x_wconf 86' lang='lat' dir='ltr'><strong>rursum</strong></span> <span class='ocrx_word' id='word_1_30' title='bbox 1680 619 1797 675; x_wconf 91' lang='lat' dir='ltr'><strong>dics</strong></span> <span class='ocrx_word' id='word_1_31' title='bbox 1820 661 1838 687; x_wconf 92' lang='lat'><strong>,</strong></span> <span class='ocrx_word' id='word_1_32' title='bbox 1861 627 1914 675; x_wconf 92' lang='lat' dir='ltr'><strong>ct</strong></span> <span class='ocrx_word' id='word_1_33' title='bbox 1945 628 2069 674; x_wconf 92' lang='lat' dir='ltr'><strong>tunc</strong></span> 
     </span>
    </p>
   </div>
   <div class='ocr_carea' id='block_1_6' title="bbox 499 709 2068 784">
    <p class='ocr_par' dir='ltr' id='par_1_6' title="bbox 499 709 2068 784">
     <span class='ocr_line' id='line_1_6' title="bbox 499 709 2068 784; baseline -0.004 -16"><span class='ocrx_word' id='word_1_34' title='bbox 499 714 557 769; x_wconf 88' lang='lat' dir='ltr'><strong>fit</strong></span> <span class='ocrx_word' id='word_1_35' title='bbox 578 713 807 784; x_wconf 82' lang='lat' dir='ltr'><strong>longior,</strong></span> <span class='ocrx_word' id='word_1_36' title='bbox 837 711 1051 781; x_wconf 83' lang='lat' dir='ltr'><strong>quando</strong></span> <span class='ocrx_word' id='word_1_37' title='bbox 1070 711 1182 782; x_wconf 83' lang='lat' dir='ltr'><strong>.jam</strong></span> <span class='ocrx_word' id='word_1_38' title='bbox 1218 711 1362 781; x_wconf 91' lang='lat' dir='ltr'><strong>viget</strong></span> <span class='ocrx_word' id='word_1_39' title='bbox 1406 709 1631 764; x_wconf 88' lang='lat' dir='ltr'><strong>fructus.</strong></span> <span class='ocrx_word' id='word_1_40' title='bbox 1663 709 1773 764; x_wconf 90' lang='lat' dir='ltr'><strong>lloc</strong></span> <span class='ocrx_word' id='word_1_41' title='bbox 1796 723 1924 763; x_wconf 89' lang='lat' dir='ltr'><strong>vero</strong></span> <span class='ocrx_word' id='word_1_42' title='bbox 1963 724 2068 763; x_wconf 91' lang='lat' dir='ltr'><strong>non</strong></span> 
     </span>
    </p>
   </div>
   <div class='ocr_carea' id='block_1_7' title="bbox 485 800 2063 871">
    <p class='ocr_par' dir='ltr' id='par_1_7' title="bbox 485 800 2063 871">
     <span class='ocr_line' id='line_1_7' title="bbox 485 800 2063 871; baseline -0.004 -12"><span class='ocrx_word' id='word_1_43' title='bbox 485 802 773 859; x_wconf 89' lang='lat' dir='ltr'><strong>seminibus</strong></span> <span class='ocrx_word' id='word_1_44' title='bbox 793 810 1016 867; x_wconf 74' lang='lat' dir='ltr'><strong>mutum,</strong></span> <span class='ocrx_word' id='word_1_45' title='bbox 1043 801 1137 855; x_wconf 89' lang='lat' dir='ltr'><strong>sed</strong></span> <span class='ocrx_word' id='word_1_46' title='bbox 1158 801 1317 855; x_wconf 87' lang='lat' dir='ltr'><strong>etiam</strong></span> <span class='ocrx_word' id='word_1_47' title='bbox 1345 800 1658 871; x_wconf 85' lang='lat' dir='ltr'><strong>corporibus</strong></span> <span class='ocrx_word' id='word_1_48' title='bbox 1685 808 2063 869; x_wconf 89' lang='lat' dir='ltr'><strong>opportunum.</strong></span> 
     </span>
    </p>
   </div>
   <div class='ocr_carea' id='block_1_8' title="bbox 484 890 2067 964">
    <p class='ocr_par' dir='ltr' id='par_1_8' title="bbox 484 890 2067 964">
     <span class='ocr_line' id='line_1_8' title="bbox 484 890 2067 964; baseline -0.003 -16"><span class='ocrx_word' id='word_1_49' title='bbox 484 894 744 963; x_wconf 84' lang='lat' dir='ltr'><strong>Quoniam</strong></span> <span class='ocrx_word' id='word_1_50' title='bbox 791 891 985 964; x_wconf 83' lang='lat' dir='ltr'><strong>hyeme</strong></span> <span class='ocrx_word' id='word_1_51' title='bbox 1036 901 1194 947; x_wconf 85' lang='lat' dir='ltr'><strong>nauta</strong></span> <span class='ocrx_word' id='word_1_52' title='bbox 1222 930 1238 959; x_wconf 90' lang='lat'><strong>,</strong></span> <span class='ocrx_word' id='word_1_53' title='bbox 1268 893 1590 963; x_wconf 81' lang='lat' dir='ltr'><strong>gubernator</strong></span> <span class='ocrx_word' id='word_1_54' title='bbox 1613 903 1667 946; x_wconf 90' lang='lat' dir='ltr'><strong>et</strong></span> <span class='ocrx_word' id='word_1_55' title='bbox 1694 891 1883 956; x_wconf 79' lang='lat' dir='ltr'><strong>viator,</strong></span> <span class='ocrx_word' id='word_1_56' title='bbox 1914 890 2067 945; x_wconf 85' lang='lat' dir='ltr'><strong>miles</strong></span> 
     </span>
    </p>
   </div>
   <div class='ocr_carea' id='block_1_9' title="bbox 485 976 2067 1055">
    <p class='ocr_par' dir='ltr' id='par_1_9' title="bbox 485 976 2067 1055">
     <span class='ocr_line' id='line_1_9' title="bbox 485 976 2067 1055; baseline -0.003 -15"><span class='ocrx_word' id='word_1_57' title='bbox 485 996 538 1040; x_wconf 91' lang='lat' dir='ltr'><strong>et</strong></span> <span class='ocrx_word' id='word_1_58' title='bbox 575 984 804 1055; x_wconf 81' lang='lat' dir='ltr'><strong>agricola</strong></span> <span class='ocrx_word' id='word_1_59' title='bbox 843 984 1067 1039; x_wconf 89' lang='lat' dir='ltr'><strong>multum</strong></span> <span class='ocrx_word' id='word_1_60' title='bbox 1116 976 1260 1038; x_wconf 90' lang='lat' dir='ltr'><strong>domi</strong></span> <span class='ocrx_word' id='word_1_61' title='bbox 1291 983 1509 1051; x_wconf 84' lang='lat' dir='ltr'><strong>sedent,</strong></span> <span class='ocrx_word' id='word_1_62' title='bbox 1532 982 1652 1053; x_wconf 88' lang='lat' dir='ltr'><strong>gelu</strong></span> <span class='ocrx_word' id='word_1_63' title='bbox 1684 982 1992 1049; x_wconf 90' lang='lat' dir='ltr'><strong>constricti,</strong></span> <span class='ocrx_word' id='word_1_64' title='bbox 2013 991 2067 1037; x_wconf 93' lang='lat' dir='ltr'><strong>et</strong></span> 
     </span>
    </p>
   </div>
   <div class='ocr_carea' id='block_1_10' title="bbox 482 1075 2067 1149">
    <p class='ocr_par' dir='ltr' id='par_1_10' title="bbox 482 1075 2067 1149">
     <span class='ocr_line' id='line_1_10' title="bbox 482 1075 2067 1149; baseline -0.002 -16"><span class='ocrx_word' id='word_1_65' title='bbox 482 1078 576 1133; x_wconf 83' lang='lat' dir='ltr'><strong>Otii</strong></span> <span class='ocrx_word' id='word_1_66' title='bbox 608 1086 818 1146; x_wconf 88' lang='lat' dir='ltr'><strong>tempus</strong></span> <span class='ocrx_word' id='word_1_67' title='bbox 861 1087 943 1133; x_wconf 88' lang='lat' dir='ltr'><strong>est</strong></span> <span class='ocrx_word' id='word_1_68' title='bbox 990 1077 1043 1133; x_wconf 89' lang='lat' dir='ltr'><strong>in</strong></span> <span class='ocrx_word' id='word_1_69' title='bbox 1075 1075 1270 1149; x_wconf 83' lang='lat' dir='ltr'><strong>hyeme</strong></span> <span class='ocrx_word' id='word_1_70' title='bbox 1295 1118 1308 1143; x_wconf 95' lang='lat'><strong>,</strong></span> <span class='ocrx_word' id='word_1_71' title='bbox 1351 1077 1474 1147; x_wconf 84' lang='lat' dir='ltr'><strong>plus</strong></span> <span class='ocrx_word' id='word_1_72' title='bbox 1502 1076 1755 1146; x_wconf 90' lang='lat' dir='ltr'><strong>temporis</strong></span> <span class='ocrx_word' id='word_1_73' title='bbox 1798 1076 1852 1129; x_wconf 91' lang='lat' dir='ltr'><strong>in</strong></span> <span class='ocrx_word' id='word_1_74' title='bbox 1881 1083 2067 1130; x_wconf 89' lang='lat' dir='ltr'><strong>noctes</strong></span> 
     </span>
    </p>
   </div>
   <div class='ocr_carea' id='block_1_11' title="bbox 479 1163 2065 1238">
    <p class='ocr_par' dir='ltr' id='par_1_11' title="bbox 479 1163 2065 1238">
     <span class='ocr_line' id='line_1_11' title="bbox 479 1163 2065 1238; baseline -0.002 -16"><span class='ocrx_word' id='word_1_75' title='bbox 479 1166 715 1238; x_wconf 85' lang='lat' dir='ltr'><strong>impendi</strong></span> <span class='ocrx_word' id='word_1_76' title='bbox 742 1167 881 1222; x_wconf 84' lang='lat' dir='ltr'><strong>Deus</strong></span> <span class='ocrx_word' id='word_1_77' title='bbox 917 1167 1212 1236; x_wconf 85' lang='lat' dir='ltr'><strong>constituit,</strong></span> <span class='ocrx_word' id='word_1_78' title='bbox 1251 1182 1319 1222; x_wconf 91' lang='lat' dir='ltr'><strong>ne</strong></span> <span class='ocrx_word' id='word_1_79' title='bbox 1353 1167 1458 1222; x_wconf 85' lang='lat' dir='ltr'><strong>diei</strong></span> <span class='ocrx_word' id='word_1_80' title='bbox 1506 1164 1778 1236; x_wconf 88' lang='lat' dir='ltr'><strong>longitudo</strong></span> <span class='ocrx_word' id='word_1_81' title='bbox 1797 1163 2065 1234; x_wconf 90' lang='lat' dir='ltr'><strong>superﬂua</strong></span> 
     </span>
    </p>
   </div>
   <div class='ocr_carea' id='block_1_12' title="bbox 483 1251 2066 1326">
    <p class='ocr_par' dir='ltr' id='par_1_12' title="bbox 483 1251 2066 1326">
     <span class='ocr_line' id='line_1_12' title="bbox 483 1251 2066 1326; baseline -0.001 -14"><span class='ocrx_word' id='word_1_82' title='bbox 483 1260 574 1323; x_wconf 87' lang='lat' dir='ltr'><strong>sit,</strong></span> <span class='ocrx_word' id='word_1_83' title='bbox 603 1258 735 1314; x_wconf 81' lang='lat' dir='ltr'><strong>nihil</strong></span> <span class='ocrx_word' id='word_1_84' title='bbox 761 1257 1064 1314; x_wconf 91' lang='lat' dir='ltr'><strong>hominibus</strong></span> <span class='ocrx_word' id='word_1_85' title='bbox 1096 1257 1272 1313; x_wconf 90' lang='lat' dir='ltr'><strong>facere</strong></span> <span class='ocrx_word' id='word_1_86' title='bbox 1292 1251 1611 1313; x_wconf 80' lang='lat' dir='ltr'><strong>valentibus.</strong></span> <span class='ocrx_word' id='word_1_87' title='bbox 1642 1256 1771 1323; x_wconf 84' lang='lat' dir='ltr'><strong>Quis</strong></span> <span class='ocrx_word' id='word_1_88' title='bbox 1798 1256 1922 1310; x_wconf 89' lang='lat' dir='ltr'><strong>anni</strong></span> <span class='ocrx_word' id='word_1_89' title='bbox 1945 1272 2066 1326; x_wconf 90' lang='lat' dir='ltr'><strong>par-</strong></span> 
     </span>
    </p>
   </div>
   <div class='ocr_carea' id='block_1_13' title="bbox 478 1347 2061 1418">
    <p class='ocr_par' dir='ltr' id='par_1_13' title="bbox 478 1347 2061 1418">
     <span class='ocr_line' id='line_1_13' title="bbox 478 1347 2061 1418; baseline -0.003 -14"><span class='ocrx_word' id='word_1_90' title='bbox 478 1351 608 1404; x_wconf 92' lang='lat' dir='ltr'><strong>tium</strong></span> <span class='ocrx_word' id='word_1_91' title='bbox 657 1349 899 1404; x_wconf 89' lang='lat' dir='ltr'><strong>ordinem</strong></span> <span class='ocrx_word' id='word_1_92' title='bbox 951 1349 1133 1404; x_wconf 88' lang='lat' dir='ltr'><strong>dicere</strong></span> <span class='ocrx_word' id='word_1_93' title='bbox 1185 1349 1399 1418; x_wconf 86' lang='lat' dir='ltr'><strong>possit?</strong></span> <span class='ocrx_word' id='word_1_94' title='bbox 1426 1348 1692 1418; x_wconf 91' lang='lat' dir='ltr'><strong>quomodo</strong></span> <span class='ocrx_word' id='word_1_95' title='bbox 1720 1347 1883 1403; x_wconf 60' lang='lat' dir='ltr'><strong>etha‘</strong></span> <span class='ocrx_word' id='word_1_96' title='bbox 1923 1357 2061 1403; x_wconf 87' lang='lat' dir='ltr'><strong>tam-</strong></span> 
     </span>
    </p>
   </div>
   <div class='ocr_carea' id='block_1_14' title="bbox 481 1441 2059 1512">
    <p class='ocr_par' dir='ltr' id='par_1_14' title="bbox 481 1441 2059 1512">
     <span class='ocr_line' id='line_1_14' title="bbox 481 1441 2059 1512; baseline 0.001 -18"><span class='ocrx_word' id='word_1_97' title='bbox 481 1456 638 1511; x_wconf 88' lang='lat' dir='ltr'><strong>quam</strong></span> <span class='ocrx_word' id='word_1_98' title='bbox 666 1442 901 1512; x_wconf 82' lang='lat' dir='ltr'><strong>virgines</strong></span> <span class='ocrx_word' id='word_1_99' title='bbox 931 1441 1175 1512; x_wconf 73' lang='lat' dir='ltr'><strong>quzrdam</strong></span> <span class='ocrx_word' id='word_1_100' title='bbox 1209 1441 1261 1495; x_wconf 89' lang='lat' dir='ltr'><strong>in</strong></span> <span class='ocrx_word' id='word_1_101' title='bbox 1296 1456 1429 1512; x_wconf 86' lang='lat' dir='ltr'><strong>gyro</strong></span> <span class='ocrx_word' id='word_1_102' title='bbox 1449 1443 1725 1506; x_wconf 81' lang='lat' dir='ltr'><strong>saltantes,</strong></span> <span class='ocrx_word' id='word_1_103' title='bbox 1744 1456 1865 1495; x_wconf 83' lang='lat' dir='ltr'><strong>cum</strong></span> <span class='ocrx_word' id='word_1_104' title='bbox 1895 1441 2059 1496; x_wconf 90' lang='lat' dir='ltr'><strong>multa</strong></span> 
     </span>
    </p>
   </div>
   <div class='ocr_carea' id='block_1_15' title="bbox 481 1533 2056 1602">
    <p class='ocr_par' dir='ltr' id='par_1_15' title="bbox 481 1533 2056 1602">
     <span class='ocr_line' id='line_1_15' title="bbox 481 1533 2056 1602; baseline 0.001 -15"><span class='ocrx_word' id='word_1_105' title='bbox 481 1534 687 1588; x_wconf 86' lang='lat' dir='ltr'><strong>ratione</strong></span> <span class='ocrx_word' id='word_1_106' title='bbox 717 1533 817 1589; x_wconf 91' lang='lat' dir='ltr'><strong>sibi</strong></span> <span class='ocrx_word' id='word_1_107' title='bbox 844 1543 1027 1588; x_wconf 92' lang='lat' dir='ltr'><strong>mutuo</strong></span> <span class='ocrx_word' id='word_1_108' title='bbox 1052 1533 1367 1599; x_wconf 91' lang='lat' dir='ltr'><strong>succedunt,</strong></span> <span class='ocrx_word' id='word_1_109' title='bbox 1398 1542 1451 1588; x_wconf 90' lang='lat' dir='ltr'><strong>et</strong></span> <span class='ocrx_word' id='word_1_110' title='bbox 1479 1534 1731 1602; x_wconf 87' lang='lat' dir='ltr'><strong>paulatim</strong></span> <span class='ocrx_word' id='word_1_111' title='bbox 1763 1533 1880 1588; x_wconf 88' lang='lat' dir='ltr'><strong>sine</strong></span> <span class='ocrx_word' id='word_1_112' title='bbox 1916 1543 2056 1588; x_wconf 89' lang='lat' dir='ltr'><strong>stre-</strong></span> 
     </span>
    </p>
   </div>
   <div class='ocr_carea' id='block_1_16' title="bbox 480 1623 2053 1693">
    <p class='ocr_par' dir='ltr' id='par_1_16' title="bbox 480 1623 2053 1693">
     <span class='ocr_line' id='line_1_16' title="bbox 480 1623 2053 1693; baseline 0.001 -16"><span class='ocrx_word' id='word_1_113' title='bbox 480 1625 593 1693; x_wconf 91' lang='lat' dir='ltr'><strong>pitu</strong></span> <span class='ocrx_word' id='word_1_114' title='bbox 623 1623 690 1678; x_wconf 92' lang='lat' dir='ltr'><strong>ad</strong></span> <span class='ocrx_word' id='word_1_115' title='bbox 711 1626 1006 1680; x_wconf 88' lang='lat' dir='ltr'><strong>contrarias</strong></span> <span class='ocrx_word' id='word_1_116' title='bbox 1028 1624 1219 1680; x_wconf 91' lang='lat' dir='ltr'><strong>mediae</strong></span> <span class='ocrx_word' id='word_1_117' title='bbox 1248 1624 1482 1679; x_wconf 86' lang='lat' dir='ltr'><strong>transire’</strong></span> <span class='ocrx_word' id='word_1_118' title='bbox 1506 1639 1610 1679; x_wconf 90' lang='lat' dir='ltr'><strong>non</strong></span> <span class='ocrx_word' id='word_1_119' title='bbox 1639 1633 1851 1680; x_wconf 89' lang='lat' dir='ltr'><strong>cessant</strong></span> <span class='ocrx_word' id='word_1_120' title='bbox 1873 1624 1896 1677; x_wconf 89' lang='lat'><strong>?</strong></span> <span class='ocrx_word' id='word_1_121' title='bbox 1919 1624 2053 1678; x_wconf 91' lang='lat' dir='ltr'><strong>Pro-</strong></span> 
     </span>
    </p>
   </div>
   <div class='ocr_carea' id='block_1_17' title="bbox 479 1717 2059 1790">
    <p class='ocr_par' dir='ltr' id='par_1_17' title="bbox 479 1717 2059 1790">
     <span class='ocr_line' id='line_1_17' title="bbox 479 1717 2059 1790; baseline 0.003 -20"><span class='ocrx_word' id='word_1_122' title='bbox 479 1726 656 1786; x_wconf 88' lang='lat' dir='ltr'><strong>pterea</strong></span> <span class='ocrx_word' id='word_1_123' title='bbox 685 1733 785 1774; x_wconf 87' lang='lat' dir='ltr'><strong>nec</strong></span> <span class='ocrx_word' id='word_1_124' title='bbox 806 1717 874 1773; x_wconf 90' lang='lat' dir='ltr'><strong>ab</strong></span> <span class='ocrx_word' id='word_1_125' title='bbox 919 1718 1110 1790; x_wconf 88' lang='lat' dir='ltr'><strong>hyeme</strong></span> <span class='ocrx_word' id='word_1_126' title='bbox 1137 1735 1235 1774; x_wconf 90' lang='lat' dir='ltr'><strong>nos</strong></span> <span class='ocrx_word' id='word_1_127' title='bbox 1273 1718 1469 1787; x_wconf 80' lang='lat' dir='ltr'><strong>excipit</strong></span> <span class='ocrx_word' id='word_1_128' title='bbox 1499 1727 1676 1780; x_wconf 84' lang='lat' dir='ltr'><strong>aestas.</strong></span> <span class='ocrx_word' id='word_1_129' title='bbox 1710 1734 1808 1773; x_wconf 89' lang='lat' dir='ltr'><strong>nec</strong></span> <span class='ocrx_word' id='word_1_130' title='bbox 1850 1720 1917 1774; x_wconf 90' lang='lat' dir='ltr'><strong>ab</strong></span> <span class='ocrx_word' id='word_1_131' title='bbox 1942 1719 2059 1789; x_wconf 88' lang='lat' dir='ltr'><strong>ipsa</strong></span> 
     </span>
    </p>
   </div>
   <div class='ocr_carea' id='block_1_18' title="bbox 478 1807 2055 1882">
    <p class='ocr_par' dir='ltr' id='par_1_18' title="bbox 478 1807 2055 1882">
     <span class='ocr_line' id='line_1_18' title="bbox 478 1807 2055 1882; baseline 0.002 -19"><span class='ocrx_word' id='word_1_132' title='bbox 478 1810 657 1863; x_wconf 86' lang='lat' dir='ltr'><strong>statim</strong></span> <span class='ocrx_word' id='word_1_133' title='bbox 686 1807 898 1882; x_wconf 87' lang='lat' dir='ltr'><strong>hycms,</strong></span> <span class='ocrx_word' id='word_1_134' title='bbox 928 1809 1019 1864; x_wconf 89' lang='lat' dir='ltr'><strong>sed</strong></span> <span class='ocrx_word' id='word_1_135' title='bbox 1049 1809 1279 1865; x_wconf 90' lang='lat' dir='ltr'><strong>medium</strong></span> <span class='ocrx_word' id='word_1_136' title='bbox 1315 1824 1411 1864; x_wconf 87' lang='lat' dir='ltr'><strong>ver</strong></span> <span class='ocrx_word' id='word_1_137' title='bbox 1439 1810 1808 1879; x_wconf 89' lang='lat' dir='ltr'><strong>interpositum</strong></span> <span class='ocrx_word' id='word_1_138' title='bbox 1837 1819 1949 1878; x_wconf 90' lang='lat' dir='ltr'><strong>est,</strong></span> <span class='ocrx_word' id='word_1_139' title='bbox 1984 1813 2055 1867; x_wconf 86' lang='lat' dir='ltr'><strong>ita</strong></span> 
     </span>
    </p>
   </div>
   <div class='ocr_carea' id='block_1_19' title="bbox 476 1900 2051 1972">
    <p class='ocr_par' dir='ltr' id='par_1_19' title="bbox 476 1900 2051 1972">
     <span class='ocr_line' id='line_1_19' title="bbox 476 1900 2051 1972; baseline 0.003 -19"><span class='ocrx_word' id='word_1_140' title='bbox 476 1910 533 1954; x_wconf 88' lang='lat' dir='ltr'><strong>ut</strong></span> <span class='ocrx_word' id='word_1_141' title='bbox 561 1900 762 1957; x_wconf 86' lang='lat' dir='ltr'><strong>sensim</strong></span> <span class='ocrx_word' id='word_1_142' title='bbox 789 1910 845 1956; x_wconf 93' lang='lat' dir='ltr'><strong>et</strong></span> <span class='ocrx_word' id='word_1_143' title='bbox 866 1900 1121 1970; x_wconf 88' lang='lat' dir='ltr'><strong>paulatim</strong></span> <span class='ocrx_word' id='word_1_144' title='bbox 1151 1900 1560 1956; x_wconf 89' lang='lat' dir='ltr'><strong>succedentibus</strong></span> <span class='ocrx_word' id='word_1_145' title='bbox 1590 1900 1809 1955; x_wconf 87' lang='lat' dir='ltr'><strong>densata</strong></span> <span class='ocrx_word' id='word_1_146' title='bbox 1827 1917 2051 1972; x_wconf 83' lang='lat' dir='ltr'><strong>corpora</strong></span> 
     </span>
    </p>
   </div>
   <div class='ocr_carea' id='block_1_20' title="bbox 475 1990 2055 2062">
    <p class='ocr_par' dir='ltr' id='par_1_20' title="bbox 475 1990 2055 2062">
     <span class='ocr_line' id='line_1_20' title="bbox 475 1990 2055 2062; baseline 0.001 -16"><span class='ocrx_word' id='word_1_147' title='bbox 475 2002 656 2047; x_wconf 90' lang='lat' dir='ltr'><strong>nostra</strong></span> <span class='ocrx_word' id='word_1_148' title='bbox 691 1992 862 2046; x_wconf 71' lang='lat' dir='ltr'><strong>testati</strong></span> <span class='ocrx_word' id='word_1_149' title='bbox 902 1993 1018 2048; x_wconf 87' lang='lat' dir='ltr'><strong>sine</strong></span> <span class='ocrx_word' id='word_1_150' title='bbox 1070 1993 1279 2046; x_wconf 88' lang='lat' dir='ltr'><strong>tristitia</strong></span> <span class='ocrx_word' id='word_1_151' title='bbox 1329 1990 1596 2047; x_wconf 89' lang='lat' dir='ltr'><strong>adducat:</strong></span> <span class='ocrx_word' id='word_1_152' title='bbox 1631 1992 1881 2062; x_wconf 90' lang='lat' dir='ltr'><strong>quoniam</strong></span> <span class='ocrx_word' id='word_1_153' title='bbox 1913 1994 2055 2047; x_wconf 90' lang='lat' dir='ltr'><strong>enim</strong></span> 
     </span>
    </p>
   </div>
   <div class='ocr_carea' id='block_1_21' title="bbox 474 2084 2056 2141">
    <p class='ocr_par' dir='ltr' id='par_1_21' title="bbox 474 2084 2056 2141">
     <span class='ocr_line' id='line_1_21' title="bbox 474 2084 2056 2141; baseline 0.001 -3"><span class='ocrx_word' id='word_1_154' title='bbox 474 2084 766 2141; x_wconf 84' lang='lat' dir='ltr'><strong>subitaneac</strong></span> <span class='ocrx_word' id='word_1_155' title='bbox 798 2086 847 2138; x_wconf 91' lang='lat' dir='ltr'><strong>in</strong></span> <span class='ocrx_word' id='word_1_156' title='bbox 878 2086 1210 2139; x_wconf 88' lang='lat' dir='ltr'><strong>contrarium</strong></span> <span class='ocrx_word' id='word_1_157' title='bbox 1251 2085 1572 2140; x_wconf 88' lang='lat' dir='ltr'><strong>mutationes</strong></span> <span class='ocrx_word' id='word_1_158' title='bbox 1598 2095 1973 2140; x_wconf 88' lang='lat' dir='ltr'><strong>nocomentum</strong></span> <span class='ocrx_word' id='word_1_159' title='bbox 2002 2094 2056 2141; x_wconf 91' lang='lat' dir='ltr'><strong>et</strong></span> 
     </span>
    </p>
   </div>
   <div class='ocr_carea' id='block_1_22' title="bbox 473 2175 2055 2247">
    <p class='ocr_par' dir='ltr' id='par_1_22' title="bbox 473 2175 2055 2247">
     <span class='ocr_line' id='line_1_22' title="bbox 473 2175 2055 2247; baseline 0 -15"><span class='ocrx_word' id='word_1_160' title='bbox 473 2178 718 2233; x_wconf 89' lang='lat' dir='ltr'><strong>morbum</strong></span> <span class='ocrx_word' id='word_1_161' title='bbox 768 2178 978 2247; x_wconf 90' lang='lat' dir='ltr'><strong>pariunt</strong></span> <span class='ocrx_word' id='word_1_162' title='bbox 1031 2184 1327 2231; x_wconf 82' lang='lat' dir='ltr'><strong>extremum</strong></span> <span class='ocrx_word' id='word_1_163' title='bbox 1355 2216 1370 2242; x_wconf 91' lang='lat'><strong>,</strong></span> <span class='ocrx_word' id='word_1_164' title='bbox 1412 2175 1739 2246; x_wconf 87' lang='lat' dir='ltr'><strong>dispensavit</strong></span> <span class='ocrx_word' id='word_1_165' title='bbox 1796 2176 1939 2231; x_wconf 90' lang='lat' dir='ltr'><strong>Deus</strong></span> <span class='ocrx_word' id='word_1_166' title='bbox 1988 2177 2055 2232; x_wconf 90' lang='lat' dir='ltr'><strong>ab</strong></span> 
     </span>
    </p>
   </div>
   <div class='ocr_carea' id='block_1_23' title="bbox 472 2269 2043 2340">
    <p class='ocr_par' dir='ltr' id='par_1_23' title="bbox 472 2269 2043 2340">
     <span class='ocr_line' id='line_1_23' title="bbox 472 2269 2043 2340; baseline -0.001 -17"><span class='ocrx_word' id='word_1_167' title='bbox 472 2271 662 2340; x_wconf 84' lang='lat' dir='ltr'><strong>hyeme</strong></span> <span class='ocrx_word' id='word_1_168' title='bbox 684 2269 896 2340; x_wconf 89' lang='lat' dir='ltr'><strong>quidem</strong></span> <span class='ocrx_word' id='word_1_169' title='bbox 921 2283 1016 2322; x_wconf 90' lang='lat' dir='ltr'><strong>ver</strong></span> <span class='ocrx_word' id='word_1_170' title='bbox 1045 2282 1143 2321; x_wconf 87' lang='lat' dir='ltr'><strong>nos</strong></span> <span class='ocrx_word' id='word_1_171' title='bbox 1166 2269 1416 2336; x_wconf 77' lang='lat' dir='ltr'><strong>excipere</strong></span> <span class='ocrx_word' id='word_1_172' title='bbox 1439 2308 1454 2333; x_wconf 92' lang='lat'><strong>,</strong></span> <span class='ocrx_word' id='word_1_173' title='bbox 1483 2283 1516 2323; x_wconf 90' lang='lat' dir='ltr'><strong>a</strong></span> <span class='ocrx_word' id='word_1_174' title='bbox 1546 2283 1672 2323; x_wconf 89' lang='lat' dir='ltr'><strong>vere</strong></span> <span class='ocrx_word' id='word_1_175' title='bbox 1699 2284 1859 2338; x_wconf 68' lang='lat' dir='ltr'><strong>porro</strong></span> <span class='ocrx_word' id='word_1_176' title='bbox 1883 2280 2043 2323; x_wconf 71' lang='lat' dir='ltr'><strong>testa-</strong></span> 
     </span>
    </p>
   </div>
   <div class='ocr_carea' id='block_1_24' title="bbox 480 2358 2051 2431">
    <p class='ocr_par' dir='ltr' id='par_1_24' title="bbox 480 2358 2051 2431">
     <span class='ocr_line' id='line_1_24' title="bbox 480 2358 2051 2431; baseline 0.001 -17"><span class='ocrx_word' id='word_1_177' title='bbox 480 2374 608 2427; x_wconf 90' lang='lat' dir='ltr'><strong>tem,</strong></span> <span class='ocrx_word' id='word_1_178' title='bbox 629 2360 697 2416; x_wconf 88' lang='lat' dir='ltr'><strong>ab</strong></span> <span class='ocrx_word' id='word_1_179' title='bbox 720 2368 903 2415; x_wconf 69' lang='lat' dir='ltr'><strong>a&#39;state</strong></span> <span class='ocrx_word' id='word_1_180' title='bbox 926 2371 1258 2424; x_wconf 88' lang='lat' dir='ltr'><strong>autumnum,</strong></span> <span class='ocrx_word' id='word_1_181' title='bbox 1283 2368 1336 2413; x_wconf 90' lang='lat' dir='ltr'><strong>et</strong></span> <span class='ocrx_word' id='word_1_182' title='bbox 1361 2361 1436 2415; x_wconf 91' lang='lat' dir='ltr'><strong>sic</strong></span> <span class='ocrx_word' id='word_1_183' title='bbox 1455 2358 1633 2431; x_wconf 82' lang='lat' dir='ltr'><strong>hyemi</strong></span> <span class='ocrx_word' id='word_1_184' title='bbox 1665 2360 2051 2416; x_wconf 88' lang='lat' dir='ltr'><strong>transmittere:</strong></span> 
     </span>
    </p>
   </div>
   <div class='ocr_carea' id='block_1_25' title="bbox 472 2432 2053 2523">
    <p class='ocr_par' dir='ltr' id='par_1_25' title="bbox 472 2432 2053 2523">
     <span class='ocr_line' id='line_1_25' title="bbox 472 2432 2053 2523; baseline 0.001 -17"><span class='ocrx_word' id='word_1_185' title='bbox 472 2455 649 2523; x_wconf 87' lang='lat' dir='ltr'><strong>itaque</strong></span> <span class='ocrx_word' id='word_1_186' title='bbox 680 2453 921 2506; x_wconf 83' lang='lat' dir='ltr'><strong>innocuae</strong></span> <span class='ocrx_word' id='word_1_187' title='bbox 963 2461 1017 2506; x_wconf 92' lang='lat' dir='ltr'><strong>et</strong></span> <span class='ocrx_word' id='word_1_188' title='bbox 1062 2432 1410 2521; x_wconf 68' lang='lat' dir='ltr'><strong>procedentes</strong></span> <span class='ocrx_word' id='word_1_189' title='bbox 1455 2453 1704 2522; x_wconf 86' lang='lat' dir='ltr'><strong>paulatim</strong></span> <span class='ocrx_word' id='word_1_190' title='bbox 1734 2452 2053 2509; x_wconf 87' lang='lat' dir='ltr'><strong>mutationes</strong></span> 
     </span>
    </p>
   </div>
   <div class='ocr_carea' id='block_1_26' title="bbox 471 2544 2051 2614">
    <p class='ocr_par' dir='ltr' id='par_1_26' title="bbox 471 2544 2051 2614">
     <span class='ocr_line' id='line_1_26' title="bbox 471 2544 2051 2614; baseline 0.001 -15"><span class='ocrx_word' id='word_1_191' title='bbox 471 2562 536 2600; x_wconf 82' lang='lat' dir='ltr'><strong>ex</strong></span> <span class='ocrx_word' id='word_1_192' title='bbox 562 2545 840 2601; x_wconf 86' lang='lat' dir='ltr'><strong>contrariis</strong></span> <span class='ocrx_word' id='word_1_193' title='bbox 859 2545 985 2599; x_wconf 91' lang='lat' dir='ltr'><strong>anni</strong></span> <span class='ocrx_word' id='word_1_194' title='bbox 1006 2544 1407 2614; x_wconf 84' lang='lat' dir='ltr'><strong>tempestatibus</strong></span> <span class='ocrx_word' id='word_1_195' title='bbox 1436 2561 1529 2614; x_wconf 88' lang='lat' dir='ltr'><strong>per</strong></span> <span class='ocrx_word' id='word_1_196' title='bbox 1548 2546 1752 2601; x_wconf 87' lang='lat' dir='ltr'><strong>medias</strong></span> <span class='ocrx_word' id='word_1_197' title='bbox 1774 2547 1928 2602; x_wconf 90' lang='lat' dir='ltr'><strong>nobis</strong></span> <span class='ocrx_word' id='word_1_198' title='bbox 1952 2546 2051 2600; x_wconf 89' lang='lat' dir='ltr'><strong>ad-</strong></span> 
     </span>
    </p>
   </div>
   <div class='ocr_carea' id='block_1_27' title="bbox 473 2635 2058 2706">
    <p class='ocr_par' dir='ltr' id='par_1_27' title="bbox 473 2635 2058 2706">
     <span class='ocr_line' id='line_1_27' title="bbox 473 2635 2058 2706; baseline 0.004 -19"><span class='ocrx_word' id='word_1_199' title='bbox 473 2637 708 2691; x_wconf 86' lang='lat' dir='ltr'><strong>veniunt.</strong></span> <span class='ocrx_word' id='word_1_200' title='bbox 734 2635 864 2705; x_wconf 81' lang='lat' dir='ltr'><strong>Quis</strong></span> <span class='ocrx_word' id='word_1_201' title='bbox 892 2636 1050 2706; x_wconf 87' lang='lat' dir='ltr'><strong>igitur</strong></span> <span class='ocrx_word' id='word_1_202' title='bbox 1071 2644 1176 2690; x_wconf 86' lang='lat' dir='ltr'><strong>tam</strong></span> <span class='ocrx_word' id='word_1_203' title='bbox 1203 2635 1366 2690; x_wconf 89' lang='lat' dir='ltr'><strong>miser</strong></span> <span class='ocrx_word' id='word_1_204' title='bbox 1389 2644 1443 2690; x_wconf 92' lang='lat' dir='ltr'><strong>et</strong></span> <span class='ocrx_word' id='word_1_205' title='bbox 1468 2651 1821 2702; x_wconf 70' lang='lat' dir='ltr'><strong>aerumnosos,</strong></span> <span class='ocrx_word' id='word_1_206' title='bbox 1838 2638 1928 2705; x_wconf 88' lang='lat' dir='ltr'><strong>qui</strong></span> <span class='ocrx_word' id='word_1_207' title='bbox 1948 2653 2058 2693; x_wconf 86' lang='lat' dir='ltr'><strong>coe-</strong></span> 
     </span>
    </p>
   </div>
   <div class='ocr_carea' id='block_1_28' title="bbox 474 2727 2049 2797">
    <p class='ocr_par' dir='ltr' id='par_1_28' title="bbox 474 2727 2049 2797">
     <span class='ocr_line' id='line_1_28' title="bbox 474 2727 2049 2797; baseline 0.002 -18"><span class='ocrx_word' id='word_1_208' title='bbox 474 2729 579 2780; x_wconf 92' lang='lat' dir='ltr'><strong>lum</strong></span> <span class='ocrx_word' id='word_1_209' title='bbox 612 2727 828 2797; x_wconf 89' lang='lat' dir='ltr'><strong>quidem</strong></span> <span class='ocrx_word' id='word_1_210' title='bbox 854 2741 1083 2782; x_wconf 86' lang='lat' dir='ltr'><strong>cernens</strong></span> <span class='ocrx_word' id='word_1_211' title='bbox 1104 2769 1120 2793; x_wconf 94' lang='lat'><strong>,</strong></span> <span class='ocrx_word' id='word_1_212' title='bbox 1151 2741 1377 2781; x_wconf 88' lang='lat' dir='ltr'><strong>cernens</strong></span> <span class='ocrx_word' id='word_1_213' title='bbox 1408 2743 1535 2782; x_wconf 86' lang='lat' dir='ltr'><strong>vero</strong></span> <span class='ocrx_word' id='word_1_214' title='bbox 1565 2743 1712 2782; x_wconf 91' lang='lat' dir='ltr'><strong>mare</strong></span> <span class='ocrx_word' id='word_1_215' title='bbox 1753 2738 1806 2783; x_wconf 91' lang='lat' dir='ltr'><strong>et</strong></span> <span class='ocrx_word' id='word_1_216' title='bbox 1832 2736 2049 2796; x_wconf 87' lang='lat' dir='ltr'><strong>terram,</strong></span> 
     </span>
    </p>
   </div>
   <div class='ocr_carea' id='block_1_29' title="bbox 469 2818 2052 2889">
    <p class='ocr_par' dir='ltr' id='par_1_29' title="bbox 469 2818 2052 2889">
     <span class='ocr_line' id='line_1_29' title="bbox 469 2818 2052 2889; baseline 0.002 -17"><span class='ocrx_word' id='word_1_217' title='bbox 469 2821 854 2887; x_wconf 78' lang='lat' dir='ltr'><strong>tempestatum</strong></span> <span class='ocrx_word' id='word_1_218' title='bbox 872 2820 997 2874; x_wconf 90' lang='lat' dir='ltr'><strong>anni</strong></span> <span class='ocrx_word' id='word_1_219' title='bbox 1028 2819 1335 2888; x_wconf 89' lang='lat' dir='ltr'><strong>temperiem</strong></span> <span class='ocrx_word' id='word_1_220' title='bbox 1362 2827 1478 2874; x_wconf 83' lang='lat' dir='ltr'><strong>tam</strong></span> <span class='ocrx_word' id='word_1_221' title='bbox 1501 2818 1780 2889; x_wconf 87' lang='lat' dir='ltr'><strong>diligenter</strong></span> <span class='ocrx_word' id='word_1_222' title='bbox 1810 2819 2052 2875; x_wconf 80' lang='lat' dir='ltr'><strong>modera-</strong></span> 
     </span>
    </p>
   </div>
   <div class='ocr_carea' id='block_1_30' title="bbox 472 2907 2054 2977">
    <p class='ocr_par' dir='ltr' id='par_1_30' title="bbox 472 2907 2054 2977">
     <span class='ocr_line' id='line_1_30' title="bbox 472 2907 2054 2977; baseline 0.004 -16"><span class='ocrx_word' id='word_1_223' title='bbox 472 2920 614 2975; x_wconf 85' lang='lat' dir='ltr'><strong>tam,</strong></span> <span class='ocrx_word' id='word_1_224' title='bbox 639 2916 695 2964; x_wconf 92' lang='lat' dir='ltr'><strong>et</strong></span> <span class='ocrx_word' id='word_1_225' title='bbox 736 2907 1107 2964; x_wconf 84' lang='lat' dir='ltr'><strong>inconcussum</strong></span> <span class='ocrx_word' id='word_1_226' title='bbox 1151 2909 1257 2964; x_wconf 89' lang='lat' dir='ltr'><strong>diei</strong></span> <span class='ocrx_word' id='word_1_227' title='bbox 1323 2917 1376 2965; x_wconf 89' lang='lat' dir='ltr'><strong>et</strong></span> <span class='ocrx_word' id='word_1_228' title='bbox 1421 2912 1590 2965; x_wconf 89' lang='lat' dir='ltr'><strong>noctis</strong></span> <span class='ocrx_word' id='word_1_229' title='bbox 1631 2911 1905 2977; x_wconf 87' lang='lat' dir='ltr'><strong>ordinem,</strong></span> <span class='ocrx_word' id='word_1_230' title='bbox 1940 2912 2054 2968; x_wconf 84' lang='lat' dir='ltr'><strong>haec</strong></span> 
     </span>
    </p>
   </div>
   <div class='ocr_carea' id='block_1_31' title="bbox 476 3001 2051 3073">
    <p class='ocr_par' dir='ltr' id='par_1_31' title="bbox 476 3001 2051 3073">
     <span class='ocr_line' id='line_1_31' title="bbox 476 3001 2051 3073; baseline 0.003 -19"><span class='ocrx_word' id='word_1_231' title='bbox 476 3010 666 3071; x_wconf 75' lang='lat' dir='ltr'><strong>Sponte</strong></span> <span class='ocrx_word' id='word_1_232' title='bbox 692 3001 807 3056; x_wconf 85' lang='lat' dir='ltr'><strong>ﬁeri</strong></span> <span class='ocrx_word' id='word_1_233' title='bbox 837 3011 983 3071; x_wconf 88' lang='lat' dir='ltr'><strong>putet</strong></span> <span class='ocrx_word' id='word_1_234' title='bbox 1005 3045 1019 3068; x_wconf 93' lang='lat'><strong>,</strong></span> <span class='ocrx_word' id='word_1_235' title='bbox 1050 3017 1149 3057; x_wconf 91' lang='lat' dir='ltr'><strong>nec</strong></span> <span class='ocrx_word' id='word_1_236' title='bbox 1177 3002 1361 3058; x_wconf 87' lang='lat' dir='ltr'><strong>adoret</strong></span> <span class='ocrx_word' id='word_1_237' title='bbox 1390 3019 1508 3059; x_wconf 90' lang='lat' dir='ltr'><strong>eum</strong></span> <span class='ocrx_word' id='word_1_238' title='bbox 1534 3045 1548 3068; x_wconf 93' lang='lat'><strong>,</strong></span> <span class='ocrx_word' id='word_1_239' title='bbox 1578 3004 1666 3073; x_wconf 90' lang='lat' dir='ltr'><strong>qui</strong></span> <span class='ocrx_word' id='word_1_240' title='bbox 1714 3003 1830 3060; x_wconf 68' lang='lat' dir='ltr'><strong>hmo</strong></span> <span class='ocrx_word' id='word_1_241' title='bbox 1875 3005 2051 3060; x_wconf 89' lang='lat' dir='ltr'><strong>omnia</strong></span> 
     </span>
    </p>
   </div>
   <div class='ocr_carea' id='block_1_32' title="bbox 471 3090 2051 3165">
    <p class='ocr_par' dir='ltr' id='par_1_32' title="bbox 471 3090 2051 3165">
     <span class='ocr_line' id='line_1_32' title="bbox 471 3090 2051 3165; baseline 0.001 -16"><span class='ocrx_word' id='word_1_242' title='bbox 471 3108 591 3149; x_wconf 89' lang='lat' dir='ltr'><strong>cum</strong></span> <span class='ocrx_word' id='word_1_243' title='bbox 622 3093 878 3163; x_wconf 87' lang='lat' dir='ltr'><strong>sapientia</strong></span> <span class='ocrx_word' id='word_1_244' title='bbox 917 3109 1147 3164; x_wconf 84' lang='lat' dir='ltr'><strong>congrua</strong></span> <span class='ocrx_word' id='word_1_245' title='bbox 1168 3093 1473 3163; x_wconf 87' lang='lat' dir='ltr'><strong>disposuit?</strong></span> <span class='ocrx_word' id='word_1_246' title='bbox 1496 3090 1678 3150; x_wconf 89' lang='lat' dir='ltr'><strong>Habeo</strong></span> <span class='ocrx_word' id='word_1_247' title='bbox 1704 3095 1845 3165; x_wconf 91' lang='lat' dir='ltr'><strong>quod</strong></span> <span class='ocrx_word' id='word_1_248' title='bbox 1874 3096 2051 3151; x_wconf 90' lang='lat' dir='ltr'><strong>dicam</strong></span> 
     </span>
    </p>
   </div>
   <div class='ocr_carea' id='block_1_33' title="bbox 471 3184 2051 3257">
    <p class='ocr_par' dir='ltr' id='par_1_33' title="bbox 471 3184 2051 3257">
     <span class='ocr_line' id='line_1_33' title="bbox 471 3184 2051 3257; baseline 0.003 -20"><span class='ocrx_word' id='word_1_249' title='bbox 471 3193 526 3238; x_wconf 87' lang='lat' dir='ltr'><strong>et</strong></span> <span class='ocrx_word' id='word_1_250' title='bbox 572 3184 652 3238; x_wconf 90' lang='lat' dir='ltr'><strong>his</strong></span> <span class='ocrx_word' id='word_1_251' title='bbox 692 3185 863 3254; x_wconf 85' lang='lat' dir='ltr'><strong>majus</strong></span> <span class='ocrx_word' id='word_1_252' title='bbox 910 3201 924 3239; x_wconf 96' lang='lat'><strong>:</strong></span> <span class='ocrx_word' id='word_1_253' title='bbox 971 3200 1074 3238; x_wconf 90' lang='lat' dir='ltr'><strong>non</strong></span> <span class='ocrx_word' id='word_1_254' title='bbox 1101 3186 1241 3240; x_wconf 90' lang='lat' dir='ltr'><strong>enim</strong></span> <span class='ocrx_word' id='word_1_255' title='bbox 1289 3185 1596 3256; x_wconf 87' lang='lat' dir='ltr'><strong>magnitudo</strong></span> <span class='ocrx_word' id='word_1_256' title='bbox 1622 3194 1822 3241; x_wconf 89' lang='lat' dir='ltr'><strong>tantum</strong></span> <span class='ocrx_word' id='word_1_257' title='bbox 1853 3195 1905 3242; x_wconf 91' lang='lat' dir='ltr'><strong>et</strong></span> <span class='ocrx_word' id='word_1_258' title='bbox 1935 3187 2051 3257; x_wconf 92' lang='lat' dir='ltr'><strong>pul-</strong></span> 
     </span>
    </p>
   </div>
   <div class='ocr_carea' id='block_1_34' title="bbox 473 3273 2048 3345">
    <p class='ocr_par' dir='ltr' id='par_1_34' title="bbox 473 3273 2048 3345">
     <span class='ocr_line' id='line_1_34' title="bbox 473 3273 2048 3345; baseline 0.001 -16"><span class='ocrx_word' id='word_1_259' title='bbox 473 3273 741 3343; x_wconf 85' lang='lat' dir='ltr'><strong>chritudo,</strong></span> <span class='ocrx_word' id='word_1_260' title='bbox 770 3276 863 3331; x_wconf 83' lang='lat' dir='ltr'><strong>sed</strong></span> <span class='ocrx_word' id='word_1_261' title='bbox 892 3285 947 3330; x_wconf 92' lang='lat' dir='ltr'><strong>et</strong></span> <span class='ocrx_word' id='word_1_262' title='bbox 976 3276 1090 3345; x_wconf 90' lang='lat' dir='ltr'><strong>ipse</strong></span> <span class='ocrx_word' id='word_1_263' title='bbox 1114 3277 1399 3332; x_wconf 89' lang='lat' dir='ltr'><strong>crcationis</strong></span> <span class='ocrx_word' id='word_1_264' title='bbox 1425 3276 1617 3331; x_wconf 89' lang='lat' dir='ltr'><strong>modus</strong></span> <span class='ocrx_word' id='word_1_265' title='bbox 1645 3276 1883 3331; x_wconf 90' lang='lat' dir='ltr'><strong>omnium</strong></span> <span class='ocrx_word' id='word_1_266' title='bbox 1911 3292 2048 3331; x_wconf 89' lang='lat' dir='ltr'><strong>con-</strong></span> 
     </span>
    </p>
   </div>
   <div class='ocr_carea' id='block_1_35' title="bbox 471 3369 2045 3436">
    <p class='ocr_par' dir='ltr' id='par_1_35' title="bbox 471 3369 2045 3436">
     <span class='ocr_line' id='line_1_35' title="bbox 471 3369 2045 3436; baseline -0.001 -11"><span class='ocrx_word' id='word_1_267' title='bbox 471 3370 696 3425; x_wconf 90' lang='lat' dir='ltr'><strong>ditorem</strong></span> <span class='ocrx_word' id='word_1_268' title='bbox 741 3369 1091 3425; x_wconf 83' lang='lat' dir='ltr'><strong>demonstrat.</strong></span> <span class='ocrx_word' id='word_1_269' title='bbox 1144 3369 1407 3436; x_wconf 85' lang='lat' dir='ltr'><strong>Quoniam</strong></span> <span class='ocrx_word' id='word_1_270' title='bbox 1469 3371 1615 3426; x_wconf 88' lang='lat' dir='ltr'><strong>enim</strong></span> <span class='ocrx_word' id='word_1_271' title='bbox 1673 3370 1922 3426; x_wconf 89' lang='lat' dir='ltr'><strong>condenti</strong></span> <span class='ocrx_word' id='word_1_272' title='bbox 1990 3379 2045 3425; x_wconf 89' lang='lat' dir='ltr'><strong>et</strong></span> 
     </span>
    </p>
   </div>
   <div class='ocr_carea' id='block_1_36' title="bbox 472 3460 2050 3532">
    <p class='ocr_par' dir='ltr' id='par_1_36' title="bbox 472 3460 2050 3532">
     <span class='ocr_line' id='line_1_36' title="bbox 472 3460 2050 3532; baseline 0 -17"><span class='ocrx_word' id='word_1_273' title='bbox 472 3460 674 3516; x_wconf 85' lang='lat' dir='ltr'><strong>creanti</strong></span> <span class='ocrx_word' id='word_1_274' title='bbox 715 3461 891 3516; x_wconf 89' lang='lat' dir='ltr'><strong>omnia</strong></span> <span class='ocrx_word' id='word_1_275' title='bbox 932 3462 999 3518; x_wconf 88' lang='lat' dir='ltr'><strong>ab</strong></span> <span class='ocrx_word' id='word_1_276' title='bbox 1023 3461 1174 3517; x_wconf 90' lang='lat' dir='ltr'><strong>initio</strong></span> <span class='ocrx_word' id='word_1_277' title='bbox 1203 3477 1307 3516; x_wconf 91' lang='lat' dir='ltr'><strong>non</strong></span> <span class='ocrx_word' id='word_1_278' title='bbox 1328 3461 1628 3526; x_wconf 85' lang='lat' dir='ltr'><strong>aderamus,</strong></span> <span class='ocrx_word' id='word_1_279' title='bbox 1658 3477 1849 3532; x_wconf 89' lang='lat' dir='ltr'><strong>neque,</strong></span> <span class='ocrx_word' id='word_1_280' title='bbox 1879 3462 1924 3516; x_wconf 91' lang='lat' dir='ltr'><strong>si</strong></span> <span class='ocrx_word' id='word_1_281' title='bbox 1952 3461 2050 3516; x_wconf 88' lang='lat' dir='ltr'><strong>ad-</strong></span> 
     </span>
    </p>
   </div>
   <div class='ocr_carea' id='block_1_37' title="bbox 474 3548 2047 3622">
    <p class='ocr_par' dir='ltr' id='par_1_37' title="bbox 474 3548 2047 3622">
     <span class='ocr_line' id='line_1_37' title="bbox 474 3548 2047 3622; baseline 0 -17"><span class='ocrx_word' id='word_1_282' title='bbox 474 3553 774 3619; x_wconf 86' lang='lat' dir='ltr'><strong>fuissemus,</strong></span> <span class='ocrx_word' id='word_1_283' title='bbox 804 3552 1070 3622; x_wconf 89' lang='lat' dir='ltr'><strong>quomodo</strong></span> <span class='ocrx_word' id='word_1_284' title='bbox 1099 3552 1297 3607; x_wconf 85' lang='lat' dir='ltr'><strong>fiebant</strong></span> <span class='ocrx_word' id='word_1_285' title='bbox 1336 3548 1475 3606; x_wconf 89' lang='lat' dir='ltr'><strong>scire</strong></span> <span class='ocrx_word' id='word_1_286' title='bbox 1505 3563 1832 3622; x_wconf 85' lang='lat' dir='ltr'><strong>poteramus,</strong></span> <span class='ocrx_word' id='word_1_287' title='bbox 1860 3552 2047 3607; x_wconf 88' lang='lat' dir='ltr'><strong>invisi-</strong></span> 
     </span>
    </p>
   </div>
   <div class='ocr_carea' id='block_1_38' title="bbox 473 3644 2050 3713">
    <p class='ocr_par' dir='ltr' id='par_1_38' title="bbox 473 3644 2050 3713">
     <span class='ocr_line' id='line_1_38' title="bbox 473 3644 2050 3713; baseline 0 -14"><span class='ocrx_word' id='word_1_288' title='bbox 473 3644 561 3699; x_wconf 91' lang='lat' dir='ltr'><strong>bili</strong></span> <span class='ocrx_word' id='word_1_289' title='bbox 615 3644 809 3698; x_wconf 85' lang='lat' dir='ltr'><strong>virtute</strong></span> <span class='ocrx_word' id='word_1_290' title='bbox 850 3653 1037 3699; x_wconf 88' lang='lat' dir='ltr'><strong>cuncta</strong></span> <span class='ocrx_word' id='word_1_291' title='bbox 1094 3653 1483 3712; x_wconf 88' lang='lat' dir='ltr'><strong>componente,</strong></span> <span class='ocrx_word' id='word_1_292' title='bbox 1536 3644 1712 3713; x_wconf 90' lang='lat' dir='ltr'><strong>ipsum</strong></span> <span class='ocrx_word' id='word_1_293' title='bbox 1765 3645 2050 3700; x_wconf 87' lang='lat' dir='ltr'><strong>creationis</strong></span> 
     </span>
    </p>
   </div>
   <div class='ocr_carea' id='block_1_39' title="bbox 474 3733 2048 3804">
    <p class='ocr_par' dir='ltr' id='par_1_39' title="bbox 474 3733 2048 3804">
     <span class='ocr_line' id='line_1_39' title="bbox 474 3733 2048 3804; baseline 0.001 -16"><span class='ocrx_word' id='word_1_294' title='bbox 474 3734 687 3790; x_wconf 88' lang='lat' dir='ltr'><strong>modum</strong></span> <span class='ocrx_word' id='word_1_295' title='bbox 716 3734 973 3802; x_wconf 84' lang='lat' dir='ltr'><strong>optimum</strong></span> <span class='ocrx_word' id='word_1_296' title='bbox 1002 3733 1154 3790; x_wconf 82' lang='lat' dir='ltr'><strong>nobis</strong></span> <span class='ocrx_word' id='word_1_297' title='bbox 1182 3734 1493 3804; x_wconf 88' lang='lat' dir='ltr'><strong>magistrum</strong></span> <span class='ocrx_word' id='word_1_298' title='bbox 1529 3748 1649 3789; x_wconf 89' lang='lat' dir='ltr'><strong>esse</strong></span> <span class='ocrx_word' id='word_1_299' title='bbox 1687 3733 1832 3801; x_wconf 89' lang='lat' dir='ltr'><strong>fecit,</strong></span> <span class='ocrx_word' id='word_1_300' title='bbox 1858 3749 2048 3804; x_wconf 89' lang='lat' dir='ltr'><strong>supcr-</strong></span> 
     </span>
    </p>
   </div>
   <div class='ocr_carea' id='block_1_40' title="bbox 473 3826 2045 3897">
    <p class='ocr_par' dir='ltr' id='par_1_40' title="bbox 473 3826 2045 3897">
     <span class='ocr_line' id='line_1_40' title="bbox 473 3826 2045 3897; baseline 0.002 -18"><span class='ocrx_word' id='word_1_301' title='bbox 473 3826 695 3882; x_wconf 87' lang='lat' dir='ltr'><strong>naturali</strong></span> <span class='ocrx_word' id='word_1_302' title='bbox 726 3826 1103 3897; x_wconf 90' lang='lat' dir='ltr'><strong>consequentia</strong></span> <span class='ocrx_word' id='word_1_303' title='bbox 1138 3840 1463 3896; x_wconf 85' lang='lat' dir='ltr'><strong>componens</strong></span> <span class='ocrx_word' id='word_1_304' title='bbox 1483 3827 1658 3881; x_wconf 90' lang='lat' dir='ltr'><strong>omnia</strong></span> <span class='ocrx_word' id='word_1_305' title='bbox 1685 3842 1801 3897; x_wconf 87' lang='lat' dir='ltr'><strong>quae</strong></span> <span class='ocrx_word' id='word_1_306' title='bbox 1831 3827 2045 3883; x_wconf 87' lang='lat' dir='ltr'><strong>fiebant.</strong></span> 
     </span>
    </p>
   </div>
   <div class='ocr_carea' id='block_1_41' title="bbox 476 3913 2051 3991">
    <p class='ocr_par' dir='ltr' id='par_1_41' title="bbox 476 3913 2051 3991">
     <span class='ocr_line' id='line_1_41' title="bbox 476 3913 2051 3991; baseline 0.004 -23"><span class='ocrx_word' id='word_1_307' title='bbox 476 3913 631 3974; x_wconf 85' lang='lat' dir='ltr'><strong>Forte</strong></span> <span class='ocrx_word' id='word_1_308' title='bbox 667 3919 807 3990; x_wconf 91' lang='lat' dir='ltr'><strong>quod</strong></span> <span class='ocrx_word' id='word_1_309' title='bbox 856 3918 964 3973; x_wconf 83' lang='lat' dir='ltr'><strong>dixi</strong></span> <span class='ocrx_word' id='word_1_310' title='bbox 994 3918 1273 3973; x_wconf 88' lang='lat' dir='ltr'><strong>obscurius</strong></span> <span class='ocrx_word' id='word_1_311' title='bbox 1307 3927 1390 3975; x_wconf 90' lang='lat' dir='ltr'><strong>est</strong></span> <span class='ocrx_word' id='word_1_312' title='bbox 1428 3936 1442 3972; x_wconf 93' lang='lat'><strong>:</strong></span> <span class='ocrx_word' id='word_1_313' title='bbox 1491 3917 1655 3991; x_wconf 79' lang='lat' dir='ltr'><strong>igitur</strong></span> <span class='ocrx_word' id='word_1_314' title='bbox 1693 3935 1913 3974; x_wconf 88' lang='lat' dir='ltr'><strong>necesse</strong></span> <span class='ocrx_word' id='word_1_315' title='bbox 1949 3921 2051 3974; x_wconf 90' lang='lat' dir='ltr'><strong>hoc</strong></span> 
     </span>
    </p>
   </div>
   <div class='ocr_carea' id='block_1_42' title="bbox 473 4009 2051 4081">
    <p class='ocr_par' dir='ltr' id='par_1_42' title="bbox 473 4009 2051 4081">
     <span class='ocr_line' id='line_1_42' title="bbox 473 4009 2051 4081; baseline 0 -17"><span class='ocrx_word' id='word_1_316' title='bbox 473 4027 684 4066; x_wconf 89' lang='lat' dir='ltr'><strong>rursum</strong></span> <span class='ocrx_word' id='word_1_317' title='bbox 723 4011 1051 4066; x_wconf 81' lang='lat' dir='ltr'><strong>manifestius</strong></span> <span class='ocrx_word' id='word_1_318' title='bbox 1092 4009 1292 4065; x_wconf 89' lang='lat' dir='ltr'><strong>dicere.</strong></span> <span class='ocrx_word' id='word_1_319' title='bbox 1345 4010 1542 4066; x_wconf 86' lang='lat' dir='ltr'><strong>Omnes</strong></span> <span class='ocrx_word' id='word_1_320' title='bbox 1568 4011 1748 4081; x_wconf 91' lang='lat' dir='ltr'><strong>utique</strong></span> <span class='ocrx_word' id='word_1_321' title='bbox 1788 4010 2051 4065; x_wconf 81' lang='lat' dir='ltr'><strong>fateantur</strong></span> 
     </span>
    </p>
   </div>
   <div class='ocr_carea' id='block_1_43' title="bbox 474 4093 2050 4173">
    <p class='ocr_par' dir='ltr' id='par_1_43' title="bbox 474 4093 2050 4173">
     <span class='ocr_line' id='line_1_43' title="bbox 474 4093 2050 4173; baseline 0 -17"><span class='ocrx_word' id='word_1_322' title='bbox 474 4093 673 4156; x_wconf 79' lang='lat' dir='ltr'><strong>natura:</strong></span> <span class='ocrx_word' id='word_1_323' title='bbox 714 4103 1148 4173; x_wconf 89' lang='lat' dir='ltr'><strong>consequentiam</strong></span> <span class='ocrx_word' id='word_1_324' title='bbox 1197 4116 1319 4157; x_wconf 86' lang='lat' dir='ltr'><strong>esse</strong></span> <span class='ocrx_word' id='word_1_325' title='bbox 1342 4143 1356 4168; x_wconf 91' lang='lat'><strong>,</strong></span> <span class='ocrx_word' id='word_1_326' title='bbox 1390 4112 1447 4156; x_wconf 92' lang='lat' dir='ltr'><strong>ut</strong></span> <span class='ocrx_word' id='word_1_327' title='bbox 1497 4118 1635 4172; x_wconf 89' lang='lat' dir='ltr'><strong>aqua</strong></span> <span class='ocrx_word' id='word_1_328' title='bbox 1665 4117 1826 4172; x_wconf 88' lang='lat' dir='ltr'><strong>super</strong></span> <span class='ocrx_word' id='word_1_329' title='bbox 1852 4111 2050 4158; x_wconf 88' lang='lat' dir='ltr'><strong>terram</strong></span> 
     </span>
    </p>
   </div>
   <div class='ocr_carea' id='block_1_44' title="bbox 473 4186 2050 4263">
    <p class='ocr_par' dir='ltr' id='par_1_44' title="bbox 473 4186 2050 4263">
     <span class='ocr_line' id='line_1_44' title="bbox 473 4186 2050 4263; baseline 0.001 -17"><span class='ocrx_word' id='word_1_330' title='bbox 473 4191 566 4248; x_wconf 91' lang='lat' dir='ltr'><strong>sed</strong></span> <span class='ocrx_word' id='word_1_331' title='bbox 611 4207 714 4247; x_wconf 90' lang='lat' dir='ltr'><strong>non</strong></span> <span class='ocrx_word' id='word_1_332' title='bbox 747 4203 886 4247; x_wconf 91' lang='lat' dir='ltr'><strong>terra</strong></span> <span class='ocrx_word' id='word_1_333' title='bbox 938 4194 1006 4247; x_wconf 91' lang='lat' dir='ltr'><strong>ab</strong></span> <span class='ocrx_word' id='word_1_334' title='bbox 1033 4193 1184 4263; x_wconf 86' lang='lat' dir='ltr'><strong>aquis</strong></span> <span class='ocrx_word' id='word_1_335' title='bbox 1230 4191 1449 4248; x_wconf 85' lang='lat' dir='ltr'><strong>feratur.</strong></span> <span class='ocrx_word' id='word_1_336' title='bbox 1472 4186 1641 4249; x_wconf 86' lang='lat' dir='ltr'><strong>Terra</strong></span> <span class='ocrx_word' id='word_1_337' title='bbox 1692 4194 1888 4263; x_wconf 85' lang='lat' dir='ltr'><strong>quippe</strong></span> <span class='ocrx_word' id='word_1_338' title='bbox 1927 4208 2050 4248; x_wconf 89' lang='lat' dir='ltr'><strong>cum</strong></span> 
     </span>
    </p>
   </div>
   <div class='ocr_carea' id='block_1_45' title="bbox 475 4282 2051 4354">
    <p class='ocr_par' dir='ltr' id='par_1_45' title="bbox 475 4282 2051 4354">
     <span class='ocr_line' id='line_1_45' title="bbox 475 4282 2051 4354; baseline 0.004 -19"><span class='ocrx_word' id='word_1_339' title='bbox 475 4283 541 4337; x_wconf 83' lang='lat' dir='ltr'><strong>sit</strong></span> <span class='ocrx_word' id='word_1_340' title='bbox 569 4282 732 4338; x_wconf 86' lang='lat' dir='ltr'><strong>densa</strong></span> <span class='ocrx_word' id='word_1_341' title='bbox 761 4325 775 4350; x_wconf 94' lang='lat'><strong>,</strong></span> <span class='ocrx_word' id='word_1_342' title='bbox 805 4283 938 4337; x_wconf 91' lang='lat' dir='ltr'><strong>dura</strong></span> <span class='ocrx_word' id='word_1_343' title='bbox 966 4293 1018 4338; x_wconf 91' lang='lat' dir='ltr'><strong>et</strong></span> <span class='ocrx_word' id='word_1_344' title='bbox 1060 4297 1164 4337; x_wconf 88' lang='lat' dir='ltr'><strong>non</strong></span> <span class='ocrx_word' id='word_1_345' title='bbox 1195 4283 1389 4339; x_wconf 84' lang='lat' dir='ltr'><strong>cedens</strong></span> <span class='ocrx_word' id='word_1_346' title='bbox 1415 4324 1431 4348; x_wconf 95' lang='lat'><strong>,</strong></span> <span class='ocrx_word' id='word_1_347' title='bbox 1464 4291 1625 4354; x_wconf 90' lang='lat' dir='ltr'><strong>atque</strong></span> <span class='ocrx_word' id='word_1_348' title='bbox 1665 4284 1832 4340; x_wconf 90' lang='lat' dir='ltr'><strong>solida</strong></span> <span class='ocrx_word' id='word_1_349' title='bbox 1855 4325 1870 4350; x_wconf 93' lang='lat'><strong>,</strong></span> <span class='ocrx_word' id='word_1_350' title='bbox 1898 4283 2051 4341; x_wconf 82' lang='lat' dir='ltr'><strong>facile</strong></span> 
     </span>
    </p>
   </div>
   <div class='ocr_carea' id='block_1_46' title="bbox 477 4377 2049 4445">
    <p class='ocr_par' dir='ltr' id='par_1_46' title="bbox 477 4377 2049 4445">
     <span class='ocr_line' id='line_1_46' title="bbox 477 4377 2049 4445; baseline 0.003 -19"><span class='ocrx_word' id='word_1_351' title='bbox 477 4380 648 4442; x_wconf 87' lang='lat' dir='ltr'><strong>potest</strong></span> <span class='ocrx_word' id='word_1_352' title='bbox 688 4387 942 4443; x_wconf 88' lang='lat' dir='ltr'><strong>aquarum</strong></span> <span class='ocrx_word' id='word_1_353' title='bbox 976 4385 1217 4427; x_wconf 85' lang='lat' dir='ltr'><strong>naturam</strong></span> <span class='ocrx_word' id='word_1_354' title='bbox 1266 4377 1528 4428; x_wconf 88' lang='lat' dir='ltr'><strong>sustinere</strong></span> <span class='ocrx_word' id='word_1_355' title='bbox 1558 4390 1572 4439; x_wconf 91' lang='lat'><strong>;</strong></span> <span class='ocrx_word' id='word_1_356' title='bbox 1604 4389 1740 4445; x_wconf 87' lang='lat' dir='ltr'><strong>aqua</strong></span> <span class='ocrx_word' id='word_1_357' title='bbox 1776 4391 1904 4429; x_wconf 92' lang='lat' dir='ltr'><strong>vero</strong></span> <span class='ocrx_word' id='word_1_358' title='bbox 1926 4389 2049 4430; x_wconf 90' lang='lat' dir='ltr'><strong>cum</strong></span> 
     </span>
    </p>
   </div>
   <div class='ocr_carea' id='block_1_47' title="bbox 475 4464 2048 4537">
    <p class='ocr_par' dir='ltr' id='par_1_47' title="bbox 475 4464 2048 4537">
     <span class='ocr_line' id='line_1_47' title="bbox 475 4464 2048 4537; baseline 0.003 -20"><span class='ocrx_word' id='word_1_359' title='bbox 475 4464 668 4534; x_wconf 91' lang='lat' dir='ltr'><strong>liquida</strong></span> <span class='ocrx_word' id='word_1_360' title='bbox 693 4466 763 4520; x_wconf 89' lang='lat' dir='ltr'><strong>sit</strong></span> <span class='ocrx_word' id='word_1_361' title='bbox 792 4473 846 4520; x_wconf 90' lang='lat' dir='ltr'><strong>et</strong></span> <span class='ocrx_word' id='word_1_362' title='bbox 868 4466 1066 4531; x_wconf 89' lang='lat' dir='ltr'><strong>mollis,</strong></span> <span class='ocrx_word' id='word_1_363' title='bbox 1100 4475 1388 4537; x_wconf 90' lang='lat' dir='ltr'><strong>teneraque</strong></span> <span class='ocrx_word' id='word_1_364' title='bbox 1416 4474 1470 4523; x_wconf 87' lang='lat' dir='ltr'><strong>et</strong></span> <span class='ocrx_word' id='word_1_365' title='bbox 1492 4465 1759 4535; x_wconf 89' lang='lat' dir='ltr'><strong>difﬂuens,</strong></span> <span class='ocrx_word' id='word_1_366' title='bbox 1791 4476 1846 4523; x_wconf 91' lang='lat' dir='ltr'><strong>et</strong></span> <span class='ocrx_word' id='word_1_367' title='bbox 1873 4469 2048 4523; x_wconf 88' lang='lat' dir='ltr'><strong>omni-</strong></span> 
     </span>
    </p>
   </div>
   <div class='ocr_carea' id='block_1_48' title="bbox 473 4558 2047 4631">
    <p class='ocr_par' dir='ltr' id='par_1_48' title="bbox 473 4558 2047 4631">
     <span class='ocr_line' id='line_1_48' title="bbox 473 4558 2047 4631; baseline -0.001 -18"><span class='ocrx_word' id='word_1_368' title='bbox 473 4559 573 4614; x_wconf 92' lang='lat' dir='ltr'><strong>bus</strong></span> <span class='ocrx_word' id='word_1_369' title='bbox 599 4558 795 4614; x_wconf 88' lang='lat' dir='ltr'><strong>cedens</strong></span> <span class='ocrx_word' id='word_1_370' title='bbox 844 4559 1244 4614; x_wconf 89' lang='lat' dir='ltr'><strong>occurrentibus</strong></span> <span class='ocrx_word' id='word_1_371' title='bbox 1266 4601 1282 4627; x_wconf 93' lang='lat'><strong>,</strong></span> <span class='ocrx_word' id='word_1_372' title='bbox 1311 4560 1511 4615; x_wconf 92' lang='lat' dir='ltr'><strong>nullum</strong></span> <span class='ocrx_word' id='word_1_373' title='bbox 1561 4575 1756 4630; x_wconf 88' lang='lat' dir='ltr'><strong>corpus</strong></span> <span class='ocrx_word' id='word_1_374' title='bbox 1801 4576 2047 4631; x_wconf 89' lang='lat' dir='ltr'><strong>umquam</strong></span> 
     </span>
    </p>
   </div>
   <div class='ocr_carea' id='block_1_49' title="bbox 471 4650 2052 4723">
    <p class='ocr_par' dir='ltr' id='par_1_49' title="bbox 471 4650 2052 4723">
     <span class='ocr_line' id='line_1_49' title="bbox 471 4650 2052 4723; baseline 0.002 -17"><span class='ocrx_word' id='word_1_375' title='bbox 471 4650 738 4707; x_wconf 85' lang='lat' dir='ltr'><strong>sustinere</strong></span> <span class='ocrx_word' id='word_1_376' title='bbox 765 4651 988 4717; x_wconf 89' lang='lat' dir='ltr'><strong>valeret,</strong></span> <span class='ocrx_word' id='word_1_377' title='bbox 1011 4652 1220 4707; x_wconf 89' lang='lat' dir='ltr'><strong>etiamsi</strong></span> <span class='ocrx_word' id='word_1_378' title='bbox 1248 4653 1572 4708; x_wconf 90' lang='lat' dir='ltr'><strong>levissimum</strong></span> <span class='ocrx_word' id='word_1_379' title='bbox 1618 4656 1685 4709; x_wconf 93' lang='lat' dir='ltr'><strong>sit</strong></span> <span class='ocrx_word' id='word_1_380' title='bbox 1714 4671 1727 4708; x_wconf 95' lang='lat'><strong>:</strong></span> <span class='ocrx_word' id='word_1_381' title='bbox 1761 4669 1881 4709; x_wconf 91' lang='lat' dir='ltr'><strong>nam</strong></span> <span class='ocrx_word' id='word_1_382' title='bbox 1908 4669 2052 4723; x_wconf 74' lang='lat' dir='ltr'><strong>szepe</strong></span> 
     </span>
    </p>
   </div>
   <div class='ocr_carea' id='block_1_50' title="bbox 469 4743 2048 4818">
    <p class='ocr_par' dir='ltr' id='par_1_50' title="bbox 469 4743 2048 4818">
     <span class='ocr_line' id='line_1_50' title="bbox 469 4743 2048 4818; baseline 0.002 -18"><span class='ocrx_word' id='word_1_383' title='bbox 469 4743 647 4815; x_wconf 83' lang='lat' dir='ltr'><strong>lapillo</strong></span> <span class='ocrx_word' id='word_1_384' title='bbox 676 4743 923 4800; x_wconf 88' lang='lat' dir='ltr'><strong>incidenti</strong></span> <span class='ocrx_word' id='word_1_385' title='bbox 952 4759 1116 4814; x_wconf 88' lang='lat' dir='ltr'><strong>parvo</strong></span> <span class='ocrx_word' id='word_1_386' title='bbox 1142 4744 1284 4799; x_wconf 90' lang='lat' dir='ltr'><strong>cedit</strong></span> <span class='ocrx_word' id='word_1_387' title='bbox 1311 4754 1365 4800; x_wconf 91' lang='lat' dir='ltr'><strong>et</strong></span> <span class='ocrx_word' id='word_1_388' title='bbox 1406 4746 1596 4816; x_wconf 89' lang='lat' dir='ltr'><strong>refugit</strong></span> <span class='ocrx_word' id='word_1_389' title='bbox 1614 4787 1630 4811; x_wconf 94' lang='lat'><strong>,</strong></span> <span class='ocrx_word' id='word_1_390' title='bbox 1678 4747 1955 4818; x_wconf 90' lang='lat' dir='ltr'><strong>ipsumque</strong></span> <span class='ocrx_word' id='word_1_391' title='bbox 1983 4748 2048 4803; x_wconf 92' lang='lat' dir='ltr'><strong>ad</strong></span> 
     </span>
    </p>
   </div>
   <div class='ocr_carea' id='block_1_51' title="bbox 470 4832 2049 4908">
    <p class='ocr_par' dir='ltr' id='par_1_51' title="bbox 470 4832 2049 4908">
     <span class='ocr_line' id='line_1_51' title="bbox 470 4832 2049 4908; baseline 0.003 -20"><span class='ocrx_word' id='word_1_392' title='bbox 470 4832 786 4903; x_wconf 82' lang='lat' dir='ltr'><strong>profundum</strong></span> <span class='ocrx_word' id='word_1_393' title='bbox 817 4833 1282 4890; x_wconf 87' lang='lat' dir='ltr'><strong>trausmittit.Cum</strong></span> <span class='ocrx_word' id='word_1_394' title='bbox 1303 4835 1499 4891; x_wconf 84' lang='lat' dir='ltr'><strong>videris</strong></span> <span class='ocrx_word' id='word_1_395' title='bbox 1525 4836 1679 4905; x_wconf 87' lang='lat' dir='ltr'><strong>igitur</strong></span> <span class='ocrx_word' id='word_1_396' title='bbox 1693 4854 1794 4892; x_wconf 92' lang='lat' dir='ltr'><strong>non</strong></span> <span class='ocrx_word' id='word_1_397' title='bbox 1818 4838 2049 4908; x_wconf 88' lang='lat' dir='ltr'><strong>lapillum</strong></span> 
     </span>
    </p>
   </div>
   <div class='ocr_carea' id='block_1_52' title="bbox 466 4922 2051 4998">
    <p class='ocr_par' dir='ltr' id='par_1_52' title="bbox 466 4922 2051 4998">
     <span class='ocr_line' id='line_1_52' title="bbox 466 4922 2051 4998; baseline 0.002 -18"><span class='ocrx_word' id='word_1_398' title='bbox 466 4941 720 4996; x_wconf 88' lang='lat' dir='ltr'><strong>parvum,</strong></span> <span class='ocrx_word' id='word_1_399' title='bbox 741 4922 835 4979; x_wconf 90' lang='lat' dir='ltr'><strong>sed</strong></span> <span class='ocrx_word' id='word_1_400' title='bbox 854 4932 1051 4979; x_wconf 89' lang='lat' dir='ltr'><strong>terram</strong></span> <span class='ocrx_word' id='word_1_401' title='bbox 1084 4941 1297 4981; x_wconf 88' lang='lat' dir='ltr'><strong>onmem</strong></span> <span class='ocrx_word' id='word_1_402' title='bbox 1338 4941 1497 4996; x_wconf 89' lang='lat' dir='ltr'><strong>super</strong></span> <span class='ocrx_word' id='word_1_403' title='bbox 1519 4942 1681 4997; x_wconf 85' lang='lat' dir='ltr'><strong>aquas</strong></span> <span class='ocrx_word' id='word_1_404' title='bbox 1706 4928 1851 4996; x_wconf 89' lang='lat' dir='ltr'><strong>ferri,</strong></span> <span class='ocrx_word' id='word_1_405' title='bbox 1882 4945 2051 4998; x_wconf 87' lang='lat' dir='ltr'><strong>neque</strong></span> 
     </span>
    </p>
   </div>
   <div class='ocr_carea' id='block_1_53' title="bbox 465 5017 2054 5088">
    <p class='ocr_par' dir='ltr' id='par_1_53' title="bbox 465 5017 2054 5088">
     <span class='ocr_line' id='line_1_53' title="bbox 465 5017 2054 5088; baseline 0.001 -17"><span class='ocrx_word' id='word_1_406' title='bbox 465 5017 754 5088; x_wconf 72' lang='lat' dir='ltr'><strong>submergi,</strong></span> <span class='ocrx_word' id='word_1_407' title='bbox 778 5017 1039 5072; x_wconf 88' lang='lat' dir='ltr'><strong>admirare</strong></span> <span class='ocrx_word' id='word_1_408' title='bbox 1065 5017 1350 5086; x_wconf 88' lang='lat' dir='ltr'><strong>potentiam</strong></span> <span class='ocrx_word' id='word_1_409' title='bbox 1376 5032 1534 5087; x_wconf 83' lang='lat' dir='ltr'><strong>supra</strong></span> <span class='ocrx_word' id='word_1_410' title='bbox 1557 5027 1794 5072; x_wconf 89' lang='lat' dir='ltr'><strong>naturam</strong></span> <span class='ocrx_word' id='word_1_411' title='bbox 1823 5019 1935 5073; x_wconf 59' lang='lat' dir='ltr'><strong>haec</strong></span> <span class='ocrx_word' id='word_1_412' title='bbox 1955 5020 2054 5073; x_wconf 88' lang='lat' dir='ltr'><strong>mi-</strong></span> 
     </span>
    </p>
   </div>
   <div class='ocr_carea' id='block_1_54' title="bbox 469 5109 2050 5181">
    <p class='ocr_par' dir='ltr' id='par_1_54' title="bbox 469 5109 2050 5181">
     <span class='ocr_line' id='line_1_54' title="bbox 469 5109 2050 5181; baseline 0 -16"><span class='ocrx_word' id='word_1_413' title='bbox 469 5111 703 5165; x_wconf 87' lang='lat' dir='ltr'><strong>rabiliter</strong></span> <span class='ocrx_word' id='word_1_414' title='bbox 724 5120 1052 5181; x_wconf 77' lang='lat' dir='ltr'><strong>operantem.</strong></span> <span class='ocrx_word' id='word_1_415' title='bbox 1087 5110 1153 5165; x_wconf 85' lang='lat' dir='ltr'><strong>Et</strong></span> <span class='ocrx_word' id='word_1_416' title='bbox 1204 5109 1344 5165; x_wconf 88' lang='lat' dir='ltr'><strong>unde</strong></span> <span class='ocrx_word' id='word_1_417' title='bbox 1375 5111 1475 5164; x_wconf 91' lang='lat' dir='ltr'><strong>hoc</strong></span> <span class='ocrx_word' id='word_1_418' title='bbox 1503 5110 1860 5175; x_wconf 89' lang='lat' dir='ltr'><strong>manifestum,</strong></span> <span class='ocrx_word' id='word_1_419' title='bbox 1909 5111 2050 5181; x_wconf 85' lang='lat' dir='ltr'><strong>quod</strong></span> 
     </span>
    </p>
   </div>
   <div class='ocr_carea' id='block_1_55' title="bbox 469 5200 2054 5272">
    <p class='ocr_par' dir='ltr' id='par_1_55' title="bbox 469 5200 2054 5272">
     <span class='ocr_line' id='line_1_55' title="bbox 469 5200 2054 5272; baseline 0 -17"><span class='ocrx_word' id='word_1_420' title='bbox 469 5214 606 5257; x_wconf 86' lang='lat' dir='ltr'><strong>terra</strong></span> <span class='ocrx_word' id='word_1_421' title='bbox 633 5217 790 5271; x_wconf 87' lang='lat' dir='ltr'><strong>super</strong></span> <span class='ocrx_word' id='word_1_422' title='bbox 807 5217 967 5272; x_wconf 88' lang='lat' dir='ltr'><strong>aquas</strong></span> <span class='ocrx_word' id='word_1_423' title='bbox 987 5201 1227 5257; x_wconf 82' lang='lat' dir='ltr'><strong>feratur?</strong></span> <span class='ocrx_word' id='word_1_424' title='bbox 1250 5200 1512 5270; x_wconf 83' lang='lat' dir='ltr'><strong>Propheta</strong></span> <span class='ocrx_word' id='word_1_425' title='bbox 1540 5201 1640 5256; x_wconf 89' lang='lat' dir='ltr'><strong>hoc</strong></span> <span class='ocrx_word' id='word_1_426' title='bbox 1664 5201 1809 5257; x_wconf 88' lang='lat' dir='ltr'><strong>dicit:</strong></span> <span class='ocrx_word' id='word_1_427' title='bbox 1835 5201 1952 5271; x_wconf 84' lang='lat' dir='ltr'><strong>Ipse</strong></span> <span class='ocrx_word' id='word_1_428' title='bbox 1966 5219 2054 5256; x_wconf 81' lang='lat' dir='ltr'><strong>su-</strong></span> 
     </span>
    </p>
   </div>
   <div class='ocr_carea' id='block_1_56' title="bbox 470 5293 2050 5365">
    <p class='ocr_par' dir='ltr' id='par_1_56' title="bbox 470 5293 2050 5365">
     <span class='ocr_line' id='line_1_56' title="bbox 470 5293 2050 5365; baseline -0.002 -17"><span class='ocrx_word' id='word_1_429' title='bbox 470 5311 559 5364; x_wconf 85' lang='lat' dir='ltr'><strong>per</strong></span> <span class='ocrx_word' id='word_1_430' title='bbox 580 5295 740 5347; x_wconf 83' lang='lat' dir='ltr'><strong>maria</strong></span> <span class='ocrx_word' id='word_1_431' title='bbox 762 5293 993 5365; x_wconf 75' lang='lat' dir='ltr'><strong>{umlavit</strong></span> <span class='ocrx_word' id='word_1_432' title='bbox 1021 5310 1127 5347; x_wconf 87' lang='lat' dir='ltr'><strong>eam</strong></span> <span class='ocrx_word' id='word_1_433' title='bbox 1145 5302 1189 5346; x_wconf 83' lang='lat' dir='ltr'><strong>et</strong></span> <span class='ocrx_word' id='word_1_434' title='bbox 1210 5309 1362 5363; x_wconf 83' lang='lat' dir='ltr'><strong>super</strong></span> <span class='ocrx_word' id='word_1_435' title='bbox 1385 5293 1597 5362; x_wconf 72' lang='lat' dir='ltr'><strong>[Iuntina</strong></span> <span class='ocrx_word' id='word_1_436' title='bbox 1621 5294 1921 5362; x_wconf 68' lang='lat' dir='ltr'><strong>praeparavit</strong></span> <span class='ocrx_word' id='word_1_437' title='bbox 1942 5310 2050 5347; x_wconf 84' lang='lat' dir='ltr'><strong>eam</strong></span> 
     </span>
    </p>
   </div>
   <div class='ocr_carea' id='block_1_57' title="bbox 470 5383 2050 5457">
    <p class='ocr_par' dir='ltr' id='par_1_57' title="bbox 470 5383 2050 5457">
     <span class='ocr_line' id='line_1_57' title="bbox 470 5383 2050 5457; baseline 0 -19"><span class='ocrx_word' id='word_1_438' title='bbox 470 5384 811 5457; x_wconf 55' lang='lat' dir='ltr'><strong>(Psalﬂiiﬁ):</strong></span> <span class='ocrx_word' id='word_1_439' title='bbox 830 5395 881 5439; x_wconf 91' lang='lat' dir='ltr'><strong>et</strong></span> <span class='ocrx_word' id='word_1_440' title='bbox 906 5399 1138 5446; x_wconf 86' lang='lat' dir='ltr'><strong>rursum,</strong></span> <span class='ocrx_word' id='word_1_441' title='bbox 1166 5383 1265 5450; x_wconf 83' lang='lat' dir='ltr'><strong>Qui</strong></span> <span class='ocrx_word' id='word_1_442' title='bbox 1282 5384 1507 5451; x_wconf 77' lang='lat' dir='ltr'><strong>{undavit</strong></span> <span class='ocrx_word' id='word_1_443' title='bbox 1528 5393 1710 5437; x_wconf 87' lang='lat' dir='ltr'><strong>terram</strong></span> <span class='ocrx_word' id='word_1_444' title='bbox 1723 5400 1872 5453; x_wconf 81' lang='lat' dir='ltr'><strong>super</strong></span> <span class='ocrx_word' id='word_1_445' title='bbox 1893 5402 2050 5453; x_wconf 80' lang='lat' dir='ltr'><strong>aquas</strong></span> 
     </span>
    </p>
   </div>
   <div class='ocr_carea' id='block_1_58' title="bbox 469 5474 2047 5546">
    <p class='ocr_par' dir='ltr' id='par_1_58' title="bbox 469 5474 2047 5546">
     <span class='ocr_line' id='line_1_58' title="bbox 469 5474 2047 5546; baseline 0.001 -17"><span class='ocrx_word' id='word_1_446' title='bbox 469 5476 640 5543; x_wconf 84' lang='lat' dir='ltr'><strong>(l’sal.</strong></span> <span class='ocrx_word' id='word_1_447' title='bbox 676 5477 797 5533; x_wconf 77' lang='lat'><strong>155.</strong></span> <span class='ocrx_word' id='word_1_448' title='bbox 821 5475 1040 5546; x_wconf 85' lang='lat' dir='ltr'><strong>6).Quid</strong></span> <span class='ocrx_word' id='word_1_449' title='bbox 1091 5474 1265 5530; x_wconf 87' lang='lat' dir='ltr'><strong>dicis?</strong></span> <span class='ocrx_word' id='word_1_450' title='bbox 1295 5475 1529 5544; x_wconf 87' lang='lat' dir='ltr'><strong>lapillum</strong></span> <span class='ocrx_word' id='word_1_451' title='bbox 1552 5476 1794 5543; x_wconf 84' lang='lat' dir='ltr'><strong>exiguum</strong></span> <span class='ocrx_word' id='word_1_452' title='bbox 1835 5492 1965 5543; x_wconf 86' lang='lat' dir='ltr'><strong>aqua</strong></span> <span class='ocrx_word' id='word_1_453' title='bbox 1996 5477 2047 5530; x_wconf 90' lang='lat' dir='ltr'><strong>in</strong></span> 
     </span>
    </p>
   </div>
   <div class='ocr_carea' id='block_1_59' title="bbox 467 5567 2042 5638">
    <p class='ocr_par' dir='ltr' id='par_1_59' title="bbox 467 5567 2042 5638">
     <span class='ocr_line' id='line_1_59' title="bbox 467 5567 2042 5638; baseline -0.001 -16"><span class='ocrx_word' id='word_1_454' title='bbox 467 5567 748 5637; x_wconf 87' lang='lat' dir='ltr'><strong>superficie</strong></span> <span class='ocrx_word' id='word_1_455' title='bbox 775 5567 913 5623; x_wconf 88' lang='lat' dir='ltr'><strong>ferre</strong></span> <span class='ocrx_word' id='word_1_456' title='bbox 946 5583 1051 5622; x_wconf 89' lang='lat' dir='ltr'><strong>non</strong></span> <span class='ocrx_word' id='word_1_457' title='bbox 1078 5576 1286 5638; x_wconf 89' lang='lat' dir='ltr'><strong>potest,</strong></span> <span class='ocrx_word' id='word_1_458' title='bbox 1317 5578 1372 5622; x_wconf 91' lang='lat' dir='ltr'><strong>et</strong></span> <span class='ocrx_word' id='word_1_459' title='bbox 1416 5577 1606 5621; x_wconf 89' lang='lat' dir='ltr'><strong>terram</strong></span> <span class='ocrx_word' id='word_1_460' title='bbox 1641 5576 1835 5621; x_wconf 89' lang='lat' dir='ltr'><strong>tantam</strong></span> <span class='ocrx_word' id='word_1_461' title='bbox 1863 5569 1999 5637; x_wconf 85' lang='lat' dir='ltr'><strong>gerit</strong></span> <span class='ocrx_word' id='word_1_462' title='bbox 2026 5609 2042 5633; x_wconf 95' lang='lat'><strong>,</strong></span> 
     </span>
    </p>
   </div>
   <div class='ocr_carea' id='block_1_60' title="bbox 468 5658 2041 5731">
    <p class='ocr_par' dir='ltr' id='par_1_60' title="bbox 468 5658 2041 5731">
     <span class='ocr_line' id='line_1_60' title="bbox 468 5658 2041 5731; baseline 0.001 -16"><span class='ocrx_word' id='word_1_463' title='bbox 468 5671 523 5715; x_wconf 90' lang='lat' dir='ltr'><strong>et</strong></span> <span class='ocrx_word' id='word_1_464' title='bbox 549 5668 775 5731; x_wconf 86' lang='lat' dir='ltr'><strong>montes,</strong></span> <span class='ocrx_word' id='word_1_465' title='bbox 806 5669 860 5716; x_wconf 90' lang='lat' dir='ltr'><strong>et</strong></span> <span class='ocrx_word' id='word_1_466' title='bbox 881 5660 1063 5731; x_wconf 88' lang='lat' dir='ltr'><strong>colles,</strong></span> <span class='ocrx_word' id='word_1_467' title='bbox 1091 5669 1146 5717; x_wconf 87' lang='lat' dir='ltr'><strong>et</strong></span> <span class='ocrx_word' id='word_1_468' title='bbox 1174 5658 1352 5729; x_wconf 88' lang='lat' dir='ltr'><strong>urbes,</strong></span> <span class='ocrx_word' id='word_1_469' title='bbox 1374 5667 1427 5717; x_wconf 91' lang='lat' dir='ltr'><strong>et</strong></span> <span class='ocrx_word' id='word_1_470' title='bbox 1451 5660 1678 5730; x_wconf 90' lang='lat' dir='ltr'><strong>plantas,</strong></span> <span class='ocrx_word' id='word_1_471' title='bbox 1701 5669 1754 5716; x_wconf 88' lang='lat' dir='ltr'><strong>et</strong></span> <span class='ocrx_word' id='word_1_472' title='bbox 1778 5660 2041 5729; x_wconf 81' lang='lat' dir='ltr'><strong>homines,</strong></span> 
     </span>
    </p>
   </div>
   <div class='ocr_carea' id='block_1_61' title="bbox 1193 230 3004 309">
    <p class='ocr_par' dir='ltr' id='par_1_61' title="bbox 1193 230 3004 309">
     <span class='ocr_line' id='line_1_61' title="bbox 1193 230 3004 309; baseline 0.005 -20"><span class='ocrx_word' id='word_1_473' title='bbox 1193 234 1250 289; x_wconf 88' lang='lat' dir='ltr'><strong>S.</strong></span> <span class='ocrx_word' id='word_1_474' title='bbox 1290 233 1566 309; x_wconf 69' lang='lat' dir='ltr'><strong>JOANNIS</strong></span> <span class='ocrx_word' id='word_1_475' title='bbox 1604 230 2077 290; x_wconf 77' lang='lat' dir='ltr'><strong>CllRYSOSTOMl</strong></span> <span class='ocrx_word' id='word_1_476' title='bbox 2118 234 2430 291; x_wconf 56' lang='lat' dir='ltr'><strong>ARCIIIIQP.</strong></span> <span class='ocrx_word' id='word_1_477' title='bbox 2474 238 3004 299; x_wconf 67' lang='lat' dir='ltr'><strong>CONSTANTINOP.</strong></span> 
     </span>
    </p>
   </div>
   <div class='ocr_carea' id='block_1_62' title="bbox 3658 252 3760 309">
    <p class='ocr_par' dir='ltr' id='par_1_62' title="bbox 3658 252 3760 309">
     <span class='ocr_line' id='line_1_62' title="bbox 3658 252 3760 309; baseline 0.039 -5"><span class='ocrx_word' id='word_1_478' title='bbox 3658 252 3760 309; x_wconf 69' lang='grc' dir='ltr'><strong>ωε</strong></span> 
     </span>
    </p>
   </div>
   <div class='ocr_carea' id='block_1_63' title="bbox 2180 344 3761 427">
    <p class='ocr_par' dir='ltr' id='par_1_63' title="bbox 2180 344 3761 427">
     <span class='ocr_line' id='line_1_63' title="bbox 2180 344 3761 427; baseline 0.013 -27"><span class='ocrx_word' id='word_1_479' title='bbox 2180 355 2231 400; x_wconf 90' lang='lat' dir='ltr'><strong>et</strong></span> <span class='ocrx_word' id='word_1_480' title='bbox 2258 344 2431 413; x_wconf 91' lang='lat' dir='ltr'><strong>bruta,</strong></span> <span class='ocrx_word' id='word_1_481' title='bbox 2456 357 2508 403; x_wconf 91' lang='lat' dir='ltr'><strong>ct</strong></span> <span class='ocrx_word' id='word_1_482' title='bbox 2534 364 2639 404; x_wconf 91' lang='lat' dir='ltr'><strong>non</strong></span> <span class='ocrx_word' id='word_1_483' title='bbox 2676 352 3066 423; x_wconf 82' lang='lat' dir='ltr'><strong>submergitur?</strong></span> <span class='ocrx_word' id='word_1_484' title='bbox 3092 354 3158 410; x_wconf 85' lang='lat' dir='ltr'><strong>Et</strong></span> <span class='ocrx_word' id='word_1_485' title='bbox 3184 356 3305 426; x_wconf 90' lang='lat' dir='ltr'><strong>quid</strong></span> <span class='ocrx_word' id='word_1_486' title='bbox 3333 358 3473 427; x_wconf 90' lang='lat' dir='ltr'><strong>dico,</strong></span> <span class='ocrx_word' id='word_1_487' title='bbox 3499 376 3602 416; x_wconf 88' lang='lat' dir='ltr'><strong>non</strong></span> <span class='ocrx_word' id='word_1_488' title='bbox 3629 366 3761 419; x_wconf 85' lang='lat' dir='ltr'><strong>sub-</strong></span> 
     </span>
    </p>
   </div>
   <div class='ocr_carea' id='block_1_64' title="bbox 2180 430 3756 523">
    <p class='ocr_par' dir='ltr' id='par_1_64' title="bbox 2180 430 3756 523">
     <span class='ocr_line' id='line_1_64' title="bbox 2180 430 3756 523; baseline 0.011 -34"><span class='ocrx_word' id='word_1_489' title='bbox 2180 438 2438 507; x_wconf 88' lang='lat' dir='ltr'><strong>mergitur</strong></span> <span class='ocrx_word' id='word_1_490' title='bbox 2466 454 2480 504; x_wconf 92' lang='lat'><strong>;</strong></span> <span class='ocrx_word' id='word_1_491' title='bbox 2510 440 2776 508; x_wconf 90' lang='lat' dir='ltr'><strong>quomodo</strong></span> <span class='ocrx_word' id='word_1_492' title='bbox 2816 442 3034 498; x_wconf 88' lang='lat' dir='ltr'><strong>inferius</strong></span> <span class='ocrx_word' id='word_1_493' title='bbox 3084 446 3461 504; x_wconf 86' lang='lat' dir='ltr'><strong>circumstante</strong></span> <span class='ocrx_word' id='word_1_494' title='bbox 3486 430 3587 506; x_wconf 75' lang='lat' dir='ltr'><strong>sibi</strong></span> <span class='ocrx_word' id='word_1_495' title='bbox 3616 470 3756 523; x_wconf 79' lang='lat' dir='ltr'><strong>aqua</strong></span> 
     </span>
    </p>
   </div>
   <div class='ocr_carea' id='block_1_65' title="bbox 2177 530 3761 601">
    <p class='ocr_par' dir='ltr' id='par_1_65' title="bbox 2177 530 3761 601">
     <span class='ocr_line' id='line_1_65' title="bbox 2177 530 3761 601; baseline 0.012 -21"><span class='ocrx_word' id='word_1_496' title='bbox 2177 535 2322 581; x_wconf 81' lang='lat' dir='ltr'><strong>tanto</strong></span> <span class='ocrx_word' id='word_1_497' title='bbox 2347 536 2586 598; x_wconf 88' lang='lat' dir='ltr'><strong>tempore</strong></span> <span class='ocrx_word' id='word_1_498' title='bbox 2634 540 2855 586; x_wconf 88' lang='lat' dir='ltr'><strong>nonest</strong></span> <span class='ocrx_word' id='word_1_499' title='bbox 2893 530 3184 601; x_wconf 89' lang='lat' dir='ltr'><strong>dissoluta,</strong></span> <span class='ocrx_word' id='word_1_500' title='bbox 3232 554 3330 593; x_wconf 89' lang='lat' dir='ltr'><strong>nec</strong></span> <span class='ocrx_word' id='word_1_501' title='bbox 3374 538 3543 596; x_wconf 88' lang='lat' dir='ltr'><strong>lutum</strong></span> <span class='ocrx_word' id='word_1_502' title='bbox 3582 547 3761 599; x_wconf 84' lang='lat' dir='ltr'><strong>omnia</strong></span> 
     </span>
    </p>
   </div>
   <div class='ocr_carea' id='block_1_66' title="bbox 2176 617 3757 705">
    <p class='ocr_par' dir='ltr' id='par_1_66' title="bbox 2176 617 3757 705">
     <span class='ocr_line' id='line_1_66' title="bbox 2176 617 3757 705; baseline 0.014 -36"><span class='ocrx_word' id='word_1_503' title='bbox 2176 617 2309 671; x_wconf 88' lang='lat' dir='ltr'><strong>facta</strong></span> <span class='ocrx_word' id='word_1_504' title='bbox 2331 620 2498 674; x_wconf 84' lang='lat' dir='ltr'><strong>sunt?</strong></span> <span class='ocrx_word' id='word_1_505' title='bbox 2522 619 2576 676; x_wconf 91' lang='lat' dir='ltr'><strong>Si</strong></span> <span class='ocrx_word' id='word_1_506' title='bbox 2604 625 2745 677; x_wconf 88' lang='lat' dir='ltr'><strong>enim</strong></span> <span class='ocrx_word' id='word_1_507' title='bbox 2771 624 3035 694; x_wconf 89' lang='lat' dir='ltr'><strong>lignorum</strong></span> <span class='ocrx_word' id='word_1_508' title='bbox 3060 639 3250 685; x_wconf 89' lang='lat' dir='ltr'><strong>natura</strong></span> <span class='ocrx_word' id='word_1_509' title='bbox 3281 646 3464 699; x_wconf 86' lang='lat' dir='ltr'><strong>parum</strong></span> <span class='ocrx_word' id='word_1_510' title='bbox 3497 640 3757 705; x_wconf 73' lang='lat' dir='ltr'><strong>temporis</strong></span> 
     </span>
    </p>
   </div>
   <div class='ocr_carea' id='block_1_67' title="bbox 2175 712 3759 798">
    <p class='ocr_par' dir='ltr' id='par_1_67' title="bbox 2175 712 3759 798">
     <span class='ocr_line' id='line_1_67' title="bbox 2175 712 3759 798; baseline 0.015 -38"><span class='ocrx_word' id='word_1_511' title='bbox 2175 712 2323 778; x_wconf 79' lang='lat' dir='ltr'><strong>aquis</strong></span> <span class='ocrx_word' id='word_1_512' title='bbox 2344 713 2623 769; x_wconf 89' lang='lat' dir='ltr'><strong>immorata</strong></span> <span class='ocrx_word' id='word_1_513' title='bbox 2649 718 3004 786; x_wconf 90' lang='lat' dir='ltr'><strong>corrumpitur</strong></span> <span class='ocrx_word' id='word_1_514' title='bbox 3027 729 3081 775; x_wconf 94' lang='lat' dir='ltr'><strong>et</strong></span> <span class='ocrx_word' id='word_1_515' title='bbox 3104 721 3412 779; x_wconf 90' lang='lat' dir='ltr'><strong>dissolvitur</strong></span> <span class='ocrx_word' id='word_1_516' title='bbox 3435 741 3449 791; x_wconf 95' lang='lat'><strong>;</strong></span> <span class='ocrx_word' id='word_1_517' title='bbox 3478 728 3601 798; x_wconf 92' lang='lat' dir='ltr'><strong>quid</strong></span> <span class='ocrx_word' id='word_1_518' title='bbox 3630 730 3759 784; x_wconf 87' lang='lat' dir='ltr'><strong>dico</strong></span> 
     </span>
    </p>
   </div>
   <div class='ocr_carea' id='block_1_68' title="bbox 2176 798 3760 887">
    <p class='ocr_par' dir='ltr' id='par_1_68' title="bbox 2176 798 3760 887">
     <span class='ocr_line' id='line_1_68' title="bbox 2176 798 3760 887; baseline 0.015 -37"><span class='ocrx_word' id='word_1_519' title='bbox 2176 798 2443 868; x_wconf 86' lang='lat' dir='ltr'><strong>lignorum</strong></span> <span class='ocrx_word' id='word_1_520' title='bbox 2488 806 2722 859; x_wconf 87' lang='lat' dir='ltr'><strong>natura?</strong></span> <span class='ocrx_word' id='word_1_521' title='bbox 2749 808 2873 876; x_wconf 90' lang='lat' dir='ltr'><strong>quid</strong></span> <span class='ocrx_word' id='word_1_522' title='bbox 2915 808 3058 866; x_wconf 89' lang='lat' dir='ltr'><strong>ferro</strong></span> <span class='ocrx_word' id='word_1_523' title='bbox 3111 811 3341 868; x_wconf 88' lang='lat' dir='ltr'><strong>validius</strong></span> <span class='ocrx_word' id='word_1_524' title='bbox 3385 832 3502 872; x_wconf 84' lang='lat' dir='ltr'><strong>esse</strong></span> <span class='ocrx_word' id='word_1_525' title='bbox 3542 820 3760 887; x_wconf 78' lang='lat' dir='ltr'><strong>possit?</strong></span> 
     </span>
    </p>
   </div>
   <div class='ocr_carea' id='block_1_69' title="bbox 2172 891 3757 978">
    <p class='ocr_par' dir='ltr' id='par_1_69' title="bbox 2172 891 3757 978">
     <span class='ocr_line' id='line_1_69' title="bbox 2172 891 3757 978; baseline 0.014 -35"><span class='ocrx_word' id='word_1_526' title='bbox 2172 891 2263 944; x_wconf 86' lang='lat' dir='ltr'><strong>sed</strong></span> <span class='ocrx_word' id='word_1_527' title='bbox 2293 902 2346 947; x_wconf 90' lang='lat' dir='ltr'><strong>et</strong></span> <span class='ocrx_word' id='word_1_528' title='bbox 2377 893 2478 949; x_wconf 89' lang='lat' dir='ltr'><strong>hoc</strong></span> <span class='ocrx_word' id='word_1_529' title='bbox 2503 912 2645 966; x_wconf 61' lang='lat' dir='ltr'><strong>saepe</strong></span> <span class='ocrx_word' id='word_1_530' title='bbox 2672 900 2935 954; x_wconf 87' lang='lat' dir='ltr'><strong>mollescit</strong></span> <span class='ocrx_word' id='word_1_531' title='bbox 2964 943 2979 967; x_wconf 96' lang='lat'><strong>,</strong></span> <span class='ocrx_word' id='word_1_532' title='bbox 3012 919 3131 958; x_wconf 92' lang='lat' dir='ltr'><strong>cum</strong></span> <span class='ocrx_word' id='word_1_533' title='bbox 3158 920 3367 976; x_wconf 89' lang='lat' dir='ltr'><strong>semper</strong></span> <span class='ocrx_word' id='word_1_534' title='bbox 3392 909 3441 962; x_wconf 83' lang='lat' dir='ltr'><strong>in</strong></span> <span class='ocrx_word' id='word_1_535' title='bbox 3466 913 3616 978; x_wconf 89' lang='lat' dir='ltr'><strong>aquis</strong></span> <span class='ocrx_word' id='word_1_536' title='bbox 3644 928 3757 965; x_wconf 85' lang='lat' dir='ltr'><strong>rna-</strong></span> 
     </span>
    </p>
   </div>
   <div class='ocr_carea' id='block_1_70' title="bbox 2175 991 3753 1064">
    <p class='ocr_par' dir='ltr' id='par_1_70' title="bbox 2175 991 3753 1064">
     <span class='ocr_line' id='line_1_70' title="bbox 2175 991 3753 1064; baseline 0.013 -28"><span class='ocrx_word' id='word_1_537' title='bbox 2175 995 2282 1049; x_wconf 89' lang='lat' dir='ltr'><strong>uet,</strong></span> <span class='ocrx_word' id='word_1_538' title='bbox 2312 994 2366 1040; x_wconf 93' lang='lat' dir='ltr'><strong>ct</strong></span> <span class='ocrx_word' id='word_1_539' title='bbox 2395 991 2591 1043; x_wconf 90' lang='lat' dir='ltr'><strong>merito</strong></span> <span class='ocrx_word' id='word_1_540' title='bbox 2621 1007 2634 1043; x_wconf 93' lang='lat'><strong>:</strong></span> <span class='ocrx_word' id='word_1_541' title='bbox 2667 993 2862 1061; x_wconf 86' lang='lat' dir='ltr'><strong>quippe</strong></span> <span class='ocrx_word' id='word_1_542' title='bbox 2884 1003 2936 1047; x_wconf 91' lang='lat' dir='ltr'><strong>et</strong></span> <span class='ocrx_word' id='word_1_543' title='bbox 2966 994 3136 1064; x_wconf 82' lang='lat' dir='ltr'><strong>ipsum</strong></span> <span class='ocrx_word' id='word_1_544' title='bbox 3158 1013 3188 1051; x_wconf 90' lang='lat' dir='ltr'><strong>a</strong></span> <span class='ocrx_word' id='word_1_545' title='bbox 3219 1007 3361 1053; x_wconf 87' lang='lat' dir='ltr'><strong>terra</strong></span> <span class='ocrx_word' id='word_1_546' title='bbox 3402 1001 3753 1058; x_wconf 79' lang='lat' dir='ltr'><strong>substantiam</strong></span> 
     </span>
    </p>
   </div>
   <div class='ocr_carea' id='block_1_71' title="bbox 2171 1074 3754 1164">
    <p class='ocr_par' dir='ltr' id='par_1_71' title="bbox 2171 1074 3754 1164">
     <span class='ocr_line' id='line_1_71' title="bbox 2171 1074 3754 1164; baseline 0.014 -36"><span class='ocrx_word' id='word_1_547' title='bbox 2171 1074 2347 1130; x_wconf 84' lang='lat' dir='ltr'><strong>habet.</strong></span> <span class='ocrx_word' id='word_1_548' title='bbox 2392 1078 2680 1149; x_wconf 84' lang='lat' dir='ltr'><strong>Propterea</strong></span> <span class='ocrx_word' id='word_1_549' title='bbox 2729 1083 2882 1137; x_wconf 91' lang='lat' dir='ltr'><strong>multi</strong></span> <span class='ocrx_word' id='word_1_550' title='bbox 2930 1084 3269 1156; x_wconf 85' lang='lat' dir='ltr'><strong>fugitivorum</strong></span> <span class='ocrx_word' id='word_1_551' title='bbox 3306 1105 3578 1147; x_wconf 88' lang='lat' dir='ltr'><strong>servorum</strong></span> <span class='ocrx_word' id='word_1_552' title='bbox 3605 1102 3754 1164; x_wconf 79' lang='lat' dir='ltr'><strong>post-</strong></span> 
     </span>
    </p>
   </div>
   <div class='ocr_carea' id='block_1_72' title="bbox 2168 1172 3754 1254">
    <p class='ocr_par' dir='ltr' id='par_1_72' title="bbox 2168 1172 3754 1254">
     <span class='ocr_line' id='line_1_72' title="bbox 2168 1172 3754 1254; baseline 0.013 -34"><span class='ocrx_word' id='word_1_553' title='bbox 2168 1183 2326 1237; x_wconf 84' lang='lat' dir='ltr'><strong>quam</strong></span> <span class='ocrx_word' id='word_1_554' title='bbox 2347 1172 2632 1239; x_wconf 89' lang='lat' dir='ltr'><strong>compedes</strong></span> <span class='ocrx_word' id='word_1_555' title='bbox 2657 1182 2711 1227; x_wconf 90' lang='lat' dir='ltr'><strong>et</strong></span> <span class='ocrx_word' id='word_1_556' title='bbox 2740 1183 2953 1230; x_wconf 88' lang='lat' dir='ltr'><strong>catenas</strong></span> <span class='ocrx_word' id='word_1_557' title='bbox 2980 1178 3345 1248; x_wconf 87' lang='lat' dir='ltr'><strong>pertrahentes</strong></span> <span class='ocrx_word' id='word_1_558' title='bbox 3375 1183 3651 1254; x_wconf 89' lang='lat' dir='ltr'><strong>fugerunt,</strong></span> <span class='ocrx_word' id='word_1_559' title='bbox 3681 1187 3754 1242; x_wconf 84' lang='lat' dir='ltr'><strong>ad</strong></span> 
     </span>
    </p>
   </div>
   <div class='ocr_carea' id='block_1_73' title="bbox 2167 1259 3753 1343">
    <p class='ocr_par' dir='ltr' id='par_1_73' title="bbox 2167 1259 3753 1343">
     <span class='ocr_line' id='line_1_73' title="bbox 2167 1259 3753 1343; baseline 0.011 -30"><span class='ocrx_word' id='word_1_560' title='bbox 2167 1259 2311 1314; x_wconf 85' lang='lat' dir='ltr'><strong>rivos</strong></span> <span class='ocrx_word' id='word_1_561' title='bbox 2338 1276 2591 1331; x_wconf 89' lang='lat' dir='ltr'><strong>aquarum</strong></span> <span class='ocrx_word' id='word_1_562' title='bbox 2624 1265 2897 1320; x_wconf 85' lang='lat' dir='ltr'><strong>venientes</strong></span> <span class='ocrx_word' id='word_1_563' title='bbox 2941 1276 2995 1321; x_wconf 91' lang='lat' dir='ltr'><strong>et</strong></span> <span class='ocrx_word' id='word_1_564' title='bbox 3038 1269 3245 1325; x_wconf 86' lang='lat' dir='ltr'><strong>vinctos</strong></span> <span class='ocrx_word' id='word_1_565' title='bbox 3282 1273 3433 1341; x_wconf 86' lang='lat' dir='ltr'><strong>aquis</strong></span> <span class='ocrx_word' id='word_1_566' title='bbox 3463 1274 3623 1343; x_wconf 87' lang='lat' dir='ltr'><strong>pedes</strong></span> <span class='ocrx_word' id='word_1_567' title='bbox 3650 1276 3753 1331; x_wconf 91' lang='lat' dir='ltr'><strong>im-</strong></span> 
     </span>
    </p>
   </div>
   <div class='ocr_carea' id='block_1_74' title="bbox 2166 1351 3748 1429">
    <p class='ocr_par' dir='ltr' id='par_1_74' title="bbox 2166 1351 3748 1429">
     <span class='ocr_line' id='line_1_74' title="bbox 2166 1351 3748 1429; baseline 0.013 -26"><span class='ocrx_word' id='word_1_568' title='bbox 2166 1351 2436 1408; x_wconf 89' lang='lat' dir='ltr'><strong>mittentes</strong></span> <span class='ocrx_word' id='word_1_569' title='bbox 2459 1395 2473 1419; x_wconf 96' lang='lat'><strong>,</strong></span> <span class='ocrx_word' id='word_1_570' title='bbox 2501 1362 2555 1409; x_wconf 88' lang='lat' dir='ltr'><strong>et</strong></span> <span class='ocrx_word' id='word_1_571' title='bbox 2591 1356 2669 1411; x_wconf 92' lang='lat' dir='ltr'><strong>sic</strong></span> <span class='ocrx_word' id='word_1_572' title='bbox 2700 1358 2911 1412; x_wconf 89' lang='lat' dir='ltr'><strong>mollius</strong></span> <span class='ocrx_word' id='word_1_573' title='bbox 2939 1358 3142 1415; x_wconf 89' lang='lat' dir='ltr'><strong>ferrum</strong></span> <span class='ocrx_word' id='word_1_574' title='bbox 3185 1361 3460 1429; x_wconf 82' lang='lat' dir='ltr'><strong>facientes,</strong></span> <span class='ocrx_word' id='word_1_575' title='bbox 3489 1366 3639 1423; x_wconf 87' lang='lat' dir='ltr'><strong>facile</strong></span> <span class='ocrx_word' id='word_1_576' title='bbox 3662 1368 3748 1423; x_wconf 84' lang='lat' dir='ltr'><strong>la—</strong></span> 
     </span>
    </p>
   </div>
   <div class='ocr_carea' id='block_1_75' title="bbox 2167 1443 3749 1528">
    <p class='ocr_par' dir='ltr' id='par_1_75' title="bbox 2167 1443 3749 1528">
     <span class='ocr_line' id='line_1_75' title="bbox 2167 1443 3749 1528; baseline 0.012 -33"><span class='ocrx_word' id='word_1_577' title='bbox 2167 1443 2286 1512; x_wconf 88' lang='lat' dir='ltr'><strong>pide</strong></span> <span class='ocrx_word' id='word_1_578' title='bbox 2334 1446 2701 1514; x_wconf 88' lang='lat' dir='ltr'><strong>pcreutientes</strong></span> <span class='ocrx_word' id='word_1_579' title='bbox 2729 1448 3056 1520; x_wconf 72' lang='lat' dir='ltr'><strong>diﬂ‘ringunt.</strong></span> <span class='ocrx_word' id='word_1_580' title='bbox 3110 1452 3272 1523; x_wconf 86' lang='lat' dir='ltr'><strong>igitur</strong></span> <span class='ocrx_word' id='word_1_581' title='bbox 3307 1456 3504 1512; x_wconf 87' lang='lat' dir='ltr'><strong>ferrum</strong></span> <span class='ocrx_word' id='word_1_582' title='bbox 3531 1459 3749 1528; x_wconf 87' lang='lat' dir='ltr'><strong>quidem</strong></span> 
     </span>
    </p>
   </div>
   <div class='ocr_carea' id='block_1_76' title="bbox 2164 1534 3752 1619">
    <p class='ocr_par' dir='ltr' id='par_1_76' title="bbox 2164 1534 3752 1619">
     <span class='ocr_line' id='line_1_76' title="bbox 2164 1534 3752 1619; baseline 0.013 -33"><span class='ocrx_word' id='word_1_583' title='bbox 2164 1534 2446 1603; x_wconf 89' lang='lat' dir='ltr'><strong>mollescit,</strong></span> <span class='ocrx_word' id='word_1_584' title='bbox 2480 1537 2619 1607; x_wconf 89' lang='lat' dir='ltr'><strong>ligna</strong></span> <span class='ocrx_word' id='word_1_585' title='bbox 2651 1540 2941 1609; x_wconf 87' lang='lat' dir='ltr'><strong>putrefiunt</strong></span> <span class='ocrx_word' id='word_1_586' title='bbox 2962 1583 2977 1608; x_wconf 93' lang='lat'><strong>,</strong></span> <span class='ocrx_word' id='word_1_587' title='bbox 3008 1552 3065 1597; x_wconf 93' lang='lat' dir='ltr'><strong>et</strong></span> <span class='ocrx_word' id='word_1_588' title='bbox 3105 1544 3309 1615; x_wconf 89' lang='lat' dir='ltr'><strong>lapides</strong></span> <span class='ocrx_word' id='word_1_589' title='bbox 3335 1561 3752 1619; x_wconf 85' lang='lat' dir='ltr'><strong>corrumpuntur</strong></span> 
     </span>
    </p>
   </div>
   <div class='ocr_carea' id='block_1_77' title="bbox 2164 1624 3750 1707">
    <p class='ocr_par' dir='ltr' id='par_1_77' title="bbox 2164 1624 3750 1707">
     <span class='ocr_line' id='line_1_77' title="bbox 2164 1624 3750 1707; baseline 0.013 -30"><span class='ocrx_word' id='word_1_590' title='bbox 2164 1624 2231 1680; x_wconf 90' lang='lat' dir='ltr'><strong>ab</strong></span> <span class='ocrx_word' id='word_1_591' title='bbox 2258 1641 2513 1696; x_wconf 91' lang='lat' dir='ltr'><strong>aquarum</strong></span> <span class='ocrx_word' id='word_1_592' title='bbox 2547 1637 2736 1685; x_wconf 84' lang='lat' dir='ltr'><strong>natura</strong></span> <span class='ocrx_word' id='word_1_593' title='bbox 2761 1649 2775 1696; x_wconf 90' lang='lat'><strong>;</strong></span> <span class='ocrx_word' id='word_1_594' title='bbox 2804 1641 2958 1687; x_wconf 78' lang='lat' dir='ltr'><strong>terra:</strong></span> <span class='ocrx_word' id='word_1_595' title='bbox 2977 1649 3105 1689; x_wconf 90' lang='lat' dir='ltr'><strong>vero</strong></span> <span class='ocrx_word' id='word_1_596' title='bbox 3129 1639 3433 1707; x_wconf 87' lang='lat' dir='ltr'><strong>magnitudo</strong></span> <span class='ocrx_word' id='word_1_597' title='bbox 3454 1649 3598 1697; x_wconf 86' lang='lat' dir='ltr'><strong>tanto</strong></span> <span class='ocrx_word' id='word_1_598' title='bbox 3619 1652 3750 1698; x_wconf 88' lang='lat' dir='ltr'><strong>tem-</strong></span> 
     </span>
    </p>
   </div>
   <div class='ocr_carea' id='block_1_78' title="bbox 2164 1721 3747 1800">
    <p class='ocr_par' dir='ltr' id='par_1_78' title="bbox 2164 1721 3747 1800">
     <span class='ocr_line' id='line_1_78' title="bbox 2164 1721 3747 1800; baseline 0.012 -29"><span class='ocrx_word' id='word_1_599' title='bbox 2164 1733 2295 1787; x_wconf 91' lang='lat' dir='ltr'><strong>pore</strong></span> <span class='ocrx_word' id='word_1_600' title='bbox 2324 1721 2475 1791; x_wconf 91' lang='lat' dir='ltr'><strong>aquis</strong></span> <span class='ocrx_word' id='word_1_601' title='bbox 2513 1723 2756 1791; x_wconf 88' lang='lat' dir='ltr'><strong>imposita</strong></span> <span class='ocrx_word' id='word_1_602' title='bbox 2779 1767 2793 1793; x_wconf 94' lang='lat'><strong>,</strong></span> <span class='ocrx_word' id='word_1_603' title='bbox 2844 1741 2950 1780; x_wconf 91' lang='lat' dir='ltr'><strong>non</strong></span> <span class='ocrx_word' id='word_1_604' title='bbox 2977 1736 3060 1782; x_wconf 87' lang='lat' dir='ltr'><strong>est</strong></span> <span class='ocrx_word' id='word_1_605' title='bbox 3086 1729 3362 1787; x_wconf 90' lang='lat' dir='ltr'><strong>submersa</strong></span> <span class='ocrx_word' id='word_1_606' title='bbox 3383 1776 3397 1800; x_wconf 91' lang='lat'><strong>,</strong></span> <span class='ocrx_word' id='word_1_607' title='bbox 3446 1750 3542 1790; x_wconf 90' lang='lat' dir='ltr'><strong>nec</strong></span> <span class='ocrx_word' id='word_1_608' title='bbox 3571 1734 3747 1790; x_wconf 83' lang='lat' dir='ltr'><strong>disso-</strong></span> 
     </span>
    </p>
   </div>
   <div class='ocr_carea' id='block_1_79' title="bbox 2166 1807 2681 1880">
    <p class='ocr_par' dir='ltr' id='par_1_79' title="bbox 2166 1807 2681 1880">
     <span class='ocr_line' id='line_1_79' title="bbox 2166 1807 2681 1880; baseline 0.01 -19"><span class='ocrx_word' id='word_1_609' title='bbox 2166 1807 2295 1874; x_wconf 89' lang='lat' dir='ltr'><strong>luta,</strong></span> <span class='ocrx_word' id='word_1_610' title='bbox 2326 1825 2425 1865; x_wconf 91' lang='lat' dir='ltr'><strong>nec</strong></span> <span class='ocrx_word' id='word_1_611' title='bbox 2454 1812 2681 1880; x_wconf 88' lang='lat' dir='ltr'><strong>perdita.</strong></span> 
     </span>
    </p>
   </div>
   <div class='ocr_carea' id='block_1_80' title="bbox 2230 1900 3743 1979">
    <p class='ocr_par' dir='ltr' id='par_1_80' title="bbox 2230 1900 3743 1979">
     <span class='ocr_line' id='line_1_80' title="bbox 2230 1900 3743 1979; baseline 0.013 -25"><span class='ocrx_word' id='word_1_612' title='bbox 2230 1901 2283 1954; x_wconf 77' lang='grc'><strong>4.</strong></span> <span class='ocrx_word' id='word_1_613' title='bbox 2317 1900 2382 1954; x_wconf 85' lang='grc' dir='ltr'><strong>Ει</strong></span> <span class='ocrx_word' id='word_1_614' title='bbox 2407 1903 2524 1971; x_wconf 88' lang='lat' dir='ltr'><strong>quis</strong></span> <span class='ocrx_word' id='word_1_615' title='bbox 2555 1904 2668 1959; x_wconf 81' lang='lat' dir='ltr'><strong>haec</strong></span> <span class='ocrx_word' id='word_1_616' title='bbox 2698 1921 2801 1960; x_wconf 86' lang='lat' dir='ltr'><strong>non</strong></span> <span class='ocrx_word' id='word_1_617' title='bbox 2832 1907 3172 1978; x_wconf 83' lang='lat' dir='ltr'><strong>Obstupescat</strong></span> <span class='ocrx_word' id='word_1_618' title='bbox 3197 1922 3250 1965; x_wconf 90' lang='lat' dir='ltr'><strong>et</strong></span> <span class='ocrx_word' id='word_1_619' title='bbox 3281 1913 3603 1979; x_wconf 86' lang='lat' dir='ltr'><strong>admiretur,</strong></span> <span class='ocrx_word' id='word_1_620' title='bbox 3640 1933 3743 1974; x_wconf 79' lang='lat' dir='ltr'><strong>nec</strong></span> 
     </span>
    </p>
   </div>
   <div class='ocr_carea' id='block_1_81' title="bbox 2161 1989 3739 2072">
    <p class='ocr_par' dir='ltr' id='par_1_81' title="bbox 2161 1989 3739 2072">
     <span class='ocr_line' id='line_1_81' title="bbox 2161 1989 3739 2072; baseline 0.013 -30"><span class='ocrx_word' id='word_1_621' title='bbox 2161 2004 2280 2043; x_wconf 91' lang='lat' dir='ltr'><strong>cum</strong></span> <span class='ocrx_word' id='word_1_622' title='bbox 2311 1989 2499 2046; x_wconf 83' lang='lat' dir='ltr'><strong>ﬁducia</strong></span> <span class='ocrx_word' id='word_1_623' title='bbox 2528 1994 2687 2060; x_wconf 90' lang='lat' dir='ltr'><strong>dicat,</strong></span> <span class='ocrx_word' id='word_1_624' title='bbox 2720 2011 2823 2050; x_wconf 91' lang='lat' dir='ltr'><strong>non</strong></span> <span class='ocrx_word' id='word_1_625' title='bbox 2850 2013 2969 2053; x_wconf 91' lang='lat' dir='ltr'><strong>esse</strong></span> <span class='ocrx_word' id='word_1_626' title='bbox 2999 2009 3199 2054; x_wconf 64' lang='lat' dir='ltr'><strong>natura:</strong></span> <span class='ocrx_word' id='word_1_627' title='bbox 3227 2017 3388 2071; x_wconf 89' lang='lat' dir='ltr'><strong>opera</strong></span> <span class='ocrx_word' id='word_1_628' title='bbox 3406 2007 3521 2072; x_wconf 88' lang='lat' dir='ltr'><strong>,sed</strong></span> <span class='ocrx_word' id='word_1_629' title='bbox 3542 2003 3739 2063; x_wconf 83' lang='lat' dir='ltr'><strong>Provi-</strong></span> 
     </span>
    </p>
   </div>
   <div class='ocr_carea' id='block_1_82' title="bbox 2160 2080 3742 2165">
    <p class='ocr_par' dir='ltr' id='par_1_82' title="bbox 2160 2080 3742 2165">
     <span class='ocr_line' id='line_1_82' title="bbox 2160 2080 3742 2165; baseline 0.011 -31"><span class='ocrx_word' id='word_1_630' title='bbox 2160 2080 2351 2136; x_wconf 83' lang='lat' dir='ltr'><strong>dentiae</strong></span> <span class='ocrx_word' id='word_1_631' title='bbox 2391 2095 2632 2140; x_wconf 90' lang='lat' dir='ltr'><strong>naturam</strong></span> <span class='ocrx_word' id='word_1_632' title='bbox 2661 2088 3010 2143; x_wconf 77' lang='lat' dir='ltr'><strong>excedentis?</strong></span> <span class='ocrx_word' id='word_1_633' title='bbox 3057 2090 3177 2145; x_wconf 91' lang='lat' dir='ltr'><strong>ldeo</strong></span> <span class='ocrx_word' id='word_1_634' title='bbox 3206 2094 3416 2162; x_wconf 89' lang='lat' dir='ltr'><strong>quidam</strong></span> <span class='ocrx_word' id='word_1_635' title='bbox 3450 2097 3611 2152; x_wconf 88' lang='lat' dir='ltr'><strong>dicit:</strong></span> <span class='ocrx_word' id='word_1_636' title='bbox 3640 2097 3742 2165; x_wconf 82' lang='lat' dir='ltr'><strong>Qui</strong></span> 
     </span>
    </p>
   </div>
   <div class='ocr_carea' id='block_1_83' title="bbox 2157 2176 3741 2259">
    <p class='ocr_par' dir='ltr' id='par_1_83' title="bbox 2157 2176 3741 2259">
     <span class='ocr_line' id='line_1_83' title="bbox 2157 2176 3741 2259; baseline 0.012 -32"><span class='ocrx_word' id='word_1_637' title='bbox 2157 2176 2417 2243; x_wconf 77' lang='lat' dir='ltr'><strong>suspendit</strong></span> <span class='ocrx_word' id='word_1_638' title='bbox 2445 2186 2628 2230; x_wconf 86' lang='lat' dir='ltr'><strong>terram</strong></span> <span class='ocrx_word' id='word_1_639' title='bbox 2656 2195 2805 2250; x_wconf 80' lang='lat' dir='ltr'><strong>super</strong></span> <span class='ocrx_word' id='word_1_640' title='bbox 2848 2181 3007 2235; x_wconf 79' lang='lat' dir='ltr'><strong>nihilo</strong></span> <span class='ocrx_word' id='word_1_641' title='bbox 3038 2182 3159 2253; x_wconf 85' lang='lat' dir='ltr'><strong>(Job</strong></span> <span class='ocrx_word' id='word_1_642' title='bbox 3210 2184 3300 2239; x_wconf 70' lang='lat'><strong>26.</strong></span> <span class='ocrx_word' id='word_1_643' title='bbox 3330 2184 3383 2259; x_wconf 88' lang='lat'><strong>7)</strong></span> <span class='ocrx_word' id='word_1_644' title='bbox 3410 2205 3423 2241; x_wconf 91' lang='lat'><strong>:</strong></span> <span class='ocrx_word' id='word_1_645' title='bbox 3448 2188 3581 2242; x_wconf 90' lang='lat' dir='ltr'><strong>alius</strong></span> <span class='ocrx_word' id='word_1_646' title='bbox 3609 2206 3741 2246; x_wconf 81' lang='lat' dir='ltr'><strong>vero</strong></span> 
     </span>
    </p>
   </div>
   <div class='ocr_carea' id='block_1_84' title="bbox 2157 2265 3736 2351">
    <p class='ocr_par' dir='ltr' id='par_1_84' title="bbox 2157 2265 3736 2351">
     <span class='ocr_line' id='line_1_84' title="bbox 2157 2265 3736 2351; baseline 0.01 -32"><span class='ocrx_word' id='word_1_647' title='bbox 2157 2265 2368 2334; x_wconf 88' lang='lat' dir='ltr'><strong>quidam</strong></span> <span class='ocrx_word' id='word_1_648' title='bbox 2403 2287 2416 2321; x_wconf 91' lang='lat'><strong>:</strong></span> <span class='ocrx_word' id='word_1_649' title='bbox 2449 2267 2517 2322; x_wconf 85' lang='lat' dir='ltr'><strong>In</strong></span> <span class='ocrx_word' id='word_1_650' title='bbox 2556 2286 2711 2324; x_wconf 83' lang='lat' dir='ltr'><strong>manu</strong></span> <span class='ocrx_word' id='word_1_651' title='bbox 2759 2272 2918 2341; x_wconf 78' lang='lat' dir='ltr'><strong>ipsius</strong></span> <span class='ocrx_word' id='word_1_652' title='bbox 2960 2275 3085 2342; x_wconf 81' lang='lat' dir='ltr'><strong>ﬁnes</strong></span> <span class='ocrx_word' id='word_1_653' title='bbox 3127 2286 3272 2330; x_wconf 76' lang='lat' dir='ltr'><strong>terra:</strong></span> <span class='ocrx_word' id='word_1_654' title='bbox 3310 2276 3479 2346; x_wconf 85' lang='lat' dir='ltr'><strong>(Psal.</strong></span> <span class='ocrx_word' id='word_1_655' title='bbox 3523 2280 3611 2334; x_wconf 62' lang='lat'><strong>9-4.</strong></span> <span class='ocrx_word' id='word_1_656' title='bbox 3656 2282 3736 2351; x_wconf 71' lang='grc' dir='ltr'><strong>ι).</strong></span> 
     </span>
    </p>
   </div>
   <div class='ocr_carea' id='block_1_85' title="bbox 2155 2354 3739 2442">
    <p class='ocr_par' dir='ltr' id='par_1_85' title="bbox 2155 2354 3739 2442">
     <span class='ocr_line' id='line_1_85' title="bbox 2155 2354 3739 2442; baseline 0.013 -32"><span class='ocrx_word' id='word_1_657' title='bbox 2155 2354 2326 2424; x_wconf 85' lang='lat' dir='ltr'><strong>Item,</strong></span> <span class='ocrx_word' id='word_1_658' title='bbox 2374 2358 2544 2430; x_wconf 82' lang='lat' dir='ltr'><strong>Super</strong></span> <span class='ocrx_word' id='word_1_659' title='bbox 2594 2363 2757 2416; x_wconf 88' lang='lat' dir='ltr'><strong>maria</strong></span> <span class='ocrx_word' id='word_1_660' title='bbox 2804 2364 3034 2435; x_wconf 77' lang='lat' dir='ltr'><strong>fundavit</strong></span> <span class='ocrx_word' id='word_1_661' title='bbox 3080 2384 3189 2419; x_wconf 81' lang='lat' dir='ltr'><strong>eam</strong></span> <span class='ocrx_word' id='word_1_662' title='bbox 3239 2367 3404 2440; x_wconf 84' lang='lat' dir='ltr'><strong>(Psal.</strong></span> <span class='ocrx_word' id='word_1_663' title='bbox 3441 2371 3527 2426; x_wconf 73' lang='lat'><strong>25.</strong></span> <span class='ocrx_word' id='word_1_664' title='bbox 3559 2372 3637 2442; x_wconf 70' lang='lat'><strong>2).</strong></span> <span class='ocrx_word' id='word_1_665' title='bbox 3670 2375 3739 2429; x_wconf 84' lang='lat' dir='ltr'><strong>Et</strong></span> 
     </span>
    </p>
   </div>
   <div class='ocr_carea' id='block_1_86' title="bbox 2158 2446 3738 2523">
    <p class='ocr_par' dir='ltr' id='par_1_86' title="bbox 2158 2446 3738 2523">
     <span class='ocr_line' id='line_1_86' title="bbox 2158 2446 3738 2523; baseline 0.013 -22"><span class='ocrx_word' id='word_1_666' title='bbox 2158 2446 2274 2503; x_wconf 57' lang='lat' dir='ltr'><strong>haec</strong></span> <span class='ocrx_word' id='word_1_667' title='bbox 2305 2449 2517 2519; x_wconf 88' lang='lat' dir='ltr'><strong>quidem</strong></span> <span class='ocrx_word' id='word_1_668' title='bbox 2547 2455 2813 2507; x_wconf 89' lang='lat' dir='ltr'><strong>contraria</strong></span> <span class='ocrx_word' id='word_1_669' title='bbox 2841 2469 2959 2511; x_wconf 86' lang='lat' dir='ltr'><strong>esse</strong></span> <span class='ocrx_word' id='word_1_670' title='bbox 2983 2456 3229 2512; x_wconf 87' lang='lat' dir='ltr'><strong>videntur</strong></span> <span class='ocrx_word' id='word_1_671' title='bbox 3248 2499 3262 2523; x_wconf 94' lang='lat'><strong>,</strong></span> <span class='ocrx_word' id='word_1_672' title='bbox 3310 2461 3524 2515; x_wconf 87' lang='lat' dir='ltr'><strong>multam</strong></span> <span class='ocrx_word' id='word_1_673' title='bbox 3558 2473 3738 2523; x_wconf 84' lang='lat' dir='ltr'><strong>tamen</strong></span> 
     </span>
    </p>
   </div>
   <div class='ocr_carea' id='block_1_87' title="bbox 2157 2537 3739 2620">
    <p class='ocr_par' dir='ltr' id='par_1_87' title="bbox 2157 2537 3739 2620">
     <span class='ocr_line' id='line_1_87' title="bbox 2157 2537 3739 2620; baseline 0.011 -28"><span class='ocrx_word' id='word_1_674' title='bbox 2157 2537 2355 2594; x_wconf 87' lang='lat' dir='ltr'><strong>habent</strong></span> <span class='ocrx_word' id='word_1_675' title='bbox 2381 2544 2804 2598; x_wconf 91' lang='lat' dir='ltr'><strong>consonantiam.</strong></span> <span class='ocrx_word' id='word_1_676' title='bbox 2838 2545 2936 2612; x_wconf 85' lang='lat' dir='ltr'><strong>Qui</strong></span> <span class='ocrx_word' id='word_1_677' title='bbox 2968 2547 3108 2600; x_wconf 89' lang='lat' dir='ltr'><strong>enim</strong></span> <span class='ocrx_word' id='word_1_678' title='bbox 3150 2548 3318 2616; x_wconf 79' lang='lat' dir='ltr'><strong>dixit,</strong></span> <span class='ocrx_word' id='word_1_679' title='bbox 3362 2551 3529 2620; x_wconf 83' lang='lat' dir='ltr'><strong>Super</strong></span> <span class='ocrx_word' id='word_1_680' title='bbox 3573 2556 3739 2609; x_wconf 86' lang='lat' dir='ltr'><strong>maria</strong></span> 
     </span>
    </p>
   </div>
   <div class='ocr_carea' id='block_1_88' title="bbox 2157 2631 3740 2715">
    <p class='ocr_par' dir='ltr' id='par_1_88' title="bbox 2157 2631 3740 2715">
     <span class='ocr_line' id='line_1_88' title="bbox 2157 2631 3740 2715; baseline 0.011 -32"><span class='ocrx_word' id='word_1_681' title='bbox 2157 2631 2387 2701; x_wconf 78' lang='lat' dir='ltr'><strong>fundavit</strong></span> <span class='ocrx_word' id='word_1_682' title='bbox 2414 2646 2552 2698; x_wconf 88' lang='lat' dir='ltr'><strong>eam,</strong></span> <span class='ocrx_word' id='word_1_683' title='bbox 2588 2634 2727 2689; x_wconf 91' lang='lat' dir='ltr'><strong>idem</strong></span> <span class='ocrx_word' id='word_1_684' title='bbox 2753 2632 2883 2691; x_wconf 82' lang='lat' dir='ltr'><strong>dixit</strong></span> <span class='ocrx_word' id='word_1_685' title='bbox 2910 2646 3066 2707; x_wconf 91' lang='lat' dir='ltr'><strong>atque</strong></span> <span class='ocrx_word' id='word_1_686' title='bbox 3105 2639 3150 2693; x_wconf 93' lang='lat' dir='ltr'><strong>is</strong></span> <span class='ocrx_word' id='word_1_687' title='bbox 3189 2641 3278 2710; x_wconf 90' lang='lat' dir='ltr'><strong>qui</strong></span> <span class='ocrx_word' id='word_1_688' title='bbox 3305 2641 3377 2695; x_wconf 88' lang='lat' dir='ltr'><strong>ait</strong></span> <span class='ocrx_word' id='word_1_689' title='bbox 3404 2644 3542 2712; x_wconf 87' lang='lat' dir='ltr'><strong>quod</strong></span> <span class='ocrx_word' id='word_1_690' title='bbox 3573 2661 3740 2715; x_wconf 88' lang='lat' dir='ltr'><strong>super</strong></span> 
     </span>
    </p>
   </div>
   <div class='ocr_carea' id='block_1_89' title="bbox 2157 2721 3741 2799">
    <p class='ocr_par' dir='ltr' id='par_1_89' title="bbox 2157 2721 3741 2799">
     <span class='ocr_line' id='line_1_89' title="bbox 2157 2721 3741 2799; baseline 0.009 -25"><span class='ocrx_word' id='word_1_691' title='bbox 2157 2721 2324 2775; x_wconf 89' lang='lat' dir='ltr'><strong>nihilo</strong></span> <span class='ocrx_word' id='word_1_692' title='bbox 2367 2731 2559 2777; x_wconf 88' lang='lat' dir='ltr'><strong>terram</strong></span> <span class='ocrx_word' id='word_1_693' title='bbox 2611 2726 2988 2795; x_wconf 89' lang='lat' dir='ltr'><strong>suspenderit:</strong></span> <span class='ocrx_word' id='word_1_694' title='bbox 3020 2743 3181 2797; x_wconf 89' lang='lat' dir='ltr'><strong>super</strong></span> <span class='ocrx_word' id='word_1_695' title='bbox 3219 2743 3381 2799; x_wconf 88' lang='lat' dir='ltr'><strong>aquas</strong></span> <span class='ocrx_word' id='word_1_696' title='bbox 3425 2733 3564 2786; x_wconf 92' lang='lat' dir='ltr'><strong>enim</strong></span> <span class='ocrx_word' id='word_1_697' title='bbox 3606 2749 3741 2789; x_wconf 92' lang='lat' dir='ltr'><strong>con-</strong></span> 
     </span>
    </p>
   </div>
   <div class='ocr_carea' id='block_1_90' title="bbox 2155 2812 3741 2896">
    <p class='ocr_par' dir='ltr' id='par_1_90' title="bbox 2155 2812 3741 2896">
     <span class='ocr_line' id='line_1_90' title="bbox 2155 2812 3741 2896; baseline 0.011 -31"><span class='ocrx_word' id='word_1_698' title='bbox 2155 2812 2344 2867; x_wconf 89' lang='lat' dir='ltr'><strong>sistere</strong></span> <span class='ocrx_word' id='word_1_699' title='bbox 2368 2814 2572 2884; x_wconf 72' lang='lat' dir='ltr'><strong>mquale</strong></span> <span class='ocrx_word' id='word_1_700' title='bbox 2592 2825 2674 2871; x_wconf 92' lang='lat' dir='ltr'><strong>est</strong></span> <span class='ocrx_word' id='word_1_701' title='bbox 2694 2832 2756 2871; x_wconf 89' lang='lat' dir='ltr'><strong>ac</strong></span> <span class='ocrx_word' id='word_1_702' title='bbox 2775 2831 2935 2886; x_wconf 89' lang='lat' dir='ltr'><strong>super</strong></span> <span class='ocrx_word' id='word_1_703' title='bbox 2961 2818 3126 2873; x_wconf 88' lang='lat' dir='ltr'><strong>nihilo</strong></span> <span class='ocrx_word' id='word_1_704' title='bbox 3150 2823 3423 2890; x_wconf 85' lang='lat' dir='ltr'><strong>suSpendi.</strong></span> <span class='ocrx_word' id='word_1_705' title='bbox 3452 2823 3549 2879; x_wconf 90' lang='lat' dir='ltr'><strong>Ubi</strong></span> <span class='ocrx_word' id='word_1_706' title='bbox 3577 2826 3741 2896; x_wconf 82' lang='lat' dir='ltr'><strong>igitur</strong></span> 
     </span>
    </p>
   </div>
   <div class='ocr_carea' id='block_1_91' title="bbox 2154 2910 3739 2974">
    <p class='ocr_par' dir='ltr' id='par_1_91' title="bbox 2154 2910 3739 2974">
     <span class='ocr_line' id='line_1_91' title="bbox 2154 2910 3739 2974; baseline 0.01 -17"><span class='ocrx_word' id='word_1_707' title='bbox 2154 2919 2408 2974; x_wconf 89' lang='lat' dir='ltr'><strong>suspensa</strong></span> <span class='ocrx_word' id='word_1_708' title='bbox 2439 2916 2493 2961; x_wconf 91' lang='lat' dir='ltr'><strong>et</strong></span> <span class='ocrx_word' id='word_1_709' title='bbox 2521 2912 2712 2962; x_wconf 82' lang='lat' dir='ltr'><strong>statuta</strong></span> <span class='ocrx_word' id='word_1_710' title='bbox 2741 2910 2855 2964; x_wconf 88' lang='lat' dir='ltr'><strong>est?</strong></span> <span class='ocrx_word' id='word_1_711' title='bbox 2885 2910 3023 2965; x_wconf 87' lang='lat' dir='ltr'><strong>Audi</strong></span> <span class='ocrx_word' id='word_1_712' title='bbox 3078 2913 3321 2967; x_wconf 90' lang='lat' dir='ltr'><strong>eumdem</strong></span> <span class='ocrx_word' id='word_1_713' title='bbox 3348 2914 3607 2972; x_wconf 83' lang='lat' dir='ltr'><strong>dicentem</strong></span> <span class='ocrx_word' id='word_1_714' title='bbox 3630 2937 3644 2972; x_wconf 91' lang='lat'><strong>:</strong></span> <span class='ocrx_word' id='word_1_715' title='bbox 3667 2918 3739 2973; x_wconf 81' lang='lat' dir='ltr'><strong>In</strong></span> 
     </span>
    </p>
   </div>
   <div class='ocr_carea' id='block_1_92' title="bbox 2154 2996 3740 3071">
    <p class='ocr_par' dir='ltr' id='par_1_92' title="bbox 2154 2996 3740 3071">
     <span class='ocr_line' id='line_1_92' title="bbox 2154 2996 3740 3071; baseline 0.011 -25"><span class='ocrx_word' id='word_1_716' title='bbox 2154 3011 2309 3047; x_wconf 80' lang='lat' dir='ltr'><strong>ntanu</strong></span> <span class='ocrx_word' id='word_1_717' title='bbox 2359 2996 2517 3065; x_wconf 82' lang='lat' dir='ltr'><strong>ipsius</strong></span> <span class='ocrx_word' id='word_1_718' title='bbox 2564 2997 2690 3066; x_wconf 82' lang='lat' dir='ltr'><strong>ﬁnes</strong></span> <span class='ocrx_word' id='word_1_719' title='bbox 2736 3008 2899 3053; x_wconf 69' lang='lat' dir='ltr'><strong>terrae.</strong></span> <span class='ocrx_word' id='word_1_720' title='bbox 2953 3000 3069 3054; x_wconf 85' lang='lat' dir='ltr'><strong>Non</strong></span> <span class='ocrx_word' id='word_1_721' title='bbox 3115 3002 3256 3071; x_wconf 89' lang='lat' dir='ltr'><strong>quod</strong></span> <span class='ocrx_word' id='word_1_722' title='bbox 3308 3020 3495 3060; x_wconf 90' lang='lat' dir='ltr'><strong>manus</strong></span> <span class='ocrx_word' id='word_1_723' title='bbox 3541 3006 3740 3064; x_wconf 86' lang='lat' dir='ltr'><strong>habeat</strong></span> 
     </span>
    </p>
   </div>
   <div class='ocr_carea' id='block_1_93' title="bbox 2155 3083 3742 3168">
    <p class='ocr_par' dir='ltr' id='par_1_93' title="bbox 2155 3083 3742 3168">
     <span class='ocr_line' id='line_1_93' title="bbox 2155 3083 3742 3168; baseline 0.009 -31"><span class='ocrx_word' id='word_1_724' title='bbox 2155 3083 2296 3139; x_wconf 91' lang='lat' dir='ltr'><strong>Deus</strong></span> <span class='ocrx_word' id='word_1_725' title='bbox 2318 3125 2332 3148; x_wconf 92' lang='lat'><strong>,</strong></span> <span class='ocrx_word' id='word_1_726' title='bbox 2364 3085 2457 3140; x_wconf 90' lang='lat' dir='ltr'><strong>sed</strong></span> <span class='ocrx_word' id='word_1_727' title='bbox 2488 3093 2546 3139; x_wconf 89' lang='lat' dir='ltr'><strong>ut</strong></span> <span class='ocrx_word' id='word_1_728' title='bbox 2571 3086 2743 3143; x_wconf 86' lang='lat' dir='ltr'><strong>discas</strong></span> <span class='ocrx_word' id='word_1_729' title='bbox 2762 3129 2777 3155; x_wconf 93' lang='lat'><strong>,</strong></span> <span class='ocrx_word' id='word_1_730' title='bbox 2829 3090 2995 3159; x_wconf 92' lang='lat' dir='ltr'><strong>ipsius</strong></span> <span class='ocrx_word' id='word_1_731' title='bbox 3027 3093 3312 3160; x_wconf 85' lang='lat' dir='ltr'><strong>potentiam</strong></span> <span class='ocrx_word' id='word_1_732' title='bbox 3342 3094 3588 3150; x_wconf 87' lang='lat' dir='ltr'><strong>omnibus</strong></span> <span class='ocrx_word' id='word_1_733' title='bbox 3611 3114 3742 3168; x_wconf 87' lang='lat' dir='ltr'><strong>pro-</strong></span> 
     </span>
    </p>
   </div>
   <div class='ocr_carea' id='block_1_94' title="bbox 2155 3175 3739 3259">
    <p class='ocr_par' dir='ltr' id='par_1_94' title="bbox 2155 3175 3739 3259">
     <span class='ocr_line' id='line_1_94' title="bbox 2155 3175 3739 3259; baseline 0.011 -31"><span class='ocrx_word' id='word_1_734' title='bbox 2155 3175 2417 3232; x_wconf 87' lang='lat' dir='ltr'><strong>videntem</strong></span> <span class='ocrx_word' id='word_1_735' title='bbox 2449 3194 2600 3247; x_wconf 89' lang='lat' dir='ltr'><strong>esse,</strong></span> <span class='ocrx_word' id='word_1_736' title='bbox 2632 3194 2749 3250; x_wconf 70' lang='lat' dir='ltr'><strong>qua:</strong></span> <span class='ocrx_word' id='word_1_737' title='bbox 2780 3190 2935 3237; x_wconf 63' lang='lat' dir='ltr'><strong>terra:</strong></span> <span class='ocrx_word' id='word_1_738' title='bbox 2963 3198 3154 3253; x_wconf 88' lang='lat' dir='ltr'><strong>corpus</strong></span> <span class='ocrx_word' id='word_1_739' title='bbox 3188 3188 3422 3242; x_wconf 88' lang='lat' dir='ltr'><strong>continet</strong></span> <span class='ocrx_word' id='word_1_740' title='bbox 3447 3199 3501 3244; x_wconf 89' lang='lat' dir='ltr'><strong>et</strong></span> <span class='ocrx_word' id='word_1_741' title='bbox 3534 3201 3739 3259; x_wconf 89' lang='lat' dir='ltr'><strong>portat.</strong></span> 
     </span>
    </p>
   </div>
   <div class='ocr_carea' id='block_1_95' title="bbox 2155 3269 3740 3346">
    <p class='ocr_par' dir='ltr' id='par_1_95' title="bbox 2155 3269 3740 3346">
     <span class='ocr_line' id='line_1_95' title="bbox 2155 3269 3740 3346; baseline 0.008 -23"><span class='ocrx_word' id='word_1_742' title='bbox 2155 3269 2210 3324; x_wconf 91' lang='lat' dir='ltr'><strong>Si</strong></span> <span class='ocrx_word' id='word_1_743' title='bbox 2247 3269 2401 3326; x_wconf 89' lang='lat' dir='ltr'><strong>dictis</strong></span> <span class='ocrx_word' id='word_1_744' title='bbox 2440 3288 2543 3325; x_wconf 91' lang='lat' dir='ltr'><strong>non</strong></span> <span class='ocrx_word' id='word_1_745' title='bbox 2575 3274 2747 3328; x_wconf 91' lang='lat' dir='ltr'><strong>credis</strong></span> <span class='ocrx_word' id='word_1_746' title='bbox 2768 3315 2782 3340; x_wconf 95' lang='lat'><strong>,</strong></span> <span class='ocrx_word' id='word_1_747' title='bbox 2828 3275 2893 3330; x_wconf 91' lang='lat' dir='ltr'><strong>iis</strong></span> <span class='ocrx_word' id='word_1_748' title='bbox 2921 3292 3039 3346; x_wconf 77' lang='lat' dir='ltr'><strong>qua:</strong></span> <span class='ocrx_word' id='word_1_749' title='bbox 3066 3277 3215 3333; x_wconf 87' lang='lat' dir='ltr'><strong>vides</strong></span> <span class='ocrx_word' id='word_1_750' title='bbox 3249 3280 3441 3334; x_wconf 88' lang='lat' dir='ltr'><strong>crede:</strong></span> <span class='ocrx_word' id='word_1_751' title='bbox 3466 3291 3519 3335; x_wconf 89' lang='lat' dir='ltr'><strong>et</strong></span> <span class='ocrx_word' id='word_1_752' title='bbox 3544 3280 3595 3335; x_wconf 90' lang='lat' dir='ltr'><strong>in</strong></span> <span class='ocrx_word' id='word_1_753' title='bbox 3624 3283 3740 3336; x_wconf 84' lang='lat' dir='ltr'><strong>alio</strong></span> 
     </span>
    </p>
   </div>
   <div class='ocr_carea' id='block_1_96' title="bbox 2153 3360 3737 3438">
    <p class='ocr_par' dir='ltr' id='par_1_96' title="bbox 2153 3360 3737 3438">
     <span class='ocr_line' id='line_1_96' title="bbox 2153 3360 3737 3438; baseline 0.011 -26"><span class='ocrx_word' id='word_1_754' title='bbox 2153 3360 2347 3430; x_wconf 86' lang='lat' dir='ltr'><strong>quippe</strong></span> <span class='ocrx_word' id='word_1_755' title='bbox 2364 3361 2629 3417; x_wconf 85' lang='lat' dir='ltr'><strong>elemento</strong></span> <span class='ocrx_word' id='word_1_756' title='bbox 2647 3363 2782 3418; x_wconf 87' lang='lat' dir='ltr'><strong>hanc</strong></span> <span class='ocrx_word' id='word_1_757' title='bbox 2801 3366 3092 3421; x_wconf 89' lang='lat' dir='ltr'><strong>mirabilem</strong></span> <span class='ocrx_word' id='word_1_758' title='bbox 3110 3371 3470 3438; x_wconf 89' lang='lat' dir='ltr'><strong>operationem</strong></span> <span class='ocrx_word' id='word_1_759' title='bbox 3495 3373 3737 3431; x_wconf 83' lang='lat' dir='ltr'><strong>invenire</strong></span> 
     </span>
    </p>
   </div>
   <div class='ocr_carea' id='block_1_97' title="bbox 2153 3452 3740 3528">
    <p class='ocr_par' dir='ltr' id='par_1_97' title="bbox 2153 3452 3740 3528">
     <span class='ocr_line' id='line_1_97' title="bbox 2153 3452 3740 3528; baseline 0.009 -24"><span class='ocrx_word' id='word_1_760' title='bbox 2153 3453 2296 3506; x_wconf 87' lang='lat' dir='ltr'><strong>licet.</strong></span> <span class='ocrx_word' id='word_1_761' title='bbox 2325 3452 2464 3522; x_wconf 83' lang='lat' dir='ltr'><strong>Ignis</strong></span> <span class='ocrx_word' id='word_1_762' title='bbox 2487 3455 2628 3509; x_wconf 89' lang='lat' dir='ltr'><strong>enim</strong></span> <span class='ocrx_word' id='word_1_763' title='bbox 2658 3466 2841 3511; x_wconf 88' lang='lat' dir='ltr'><strong>natura</strong></span> <span class='ocrx_word' id='word_1_764' title='bbox 2871 3458 2975 3512; x_wconf 89' lang='lat' dir='ltr'><strong>alta</strong></span> <span class='ocrx_word' id='word_1_765' title='bbox 3006 3460 3153 3528; x_wconf 90' lang='lat' dir='ltr'><strong>petit,</strong></span> <span class='ocrx_word' id='word_1_766' title='bbox 3175 3471 3228 3515; x_wconf 94' lang='lat' dir='ltr'><strong>ct</strong></span> <span class='ocrx_word' id='word_1_767' title='bbox 3258 3462 3307 3515; x_wconf 90' lang='lat' dir='ltr'><strong>in</strong></span> <span class='ocrx_word' id='word_1_768' title='bbox 3340 3463 3564 3519; x_wconf 90' lang='lat' dir='ltr'><strong>sublime</strong></span> <span class='ocrx_word' id='word_1_769' title='bbox 3592 3480 3740 3521; x_wconf 85' lang='lat' dir='ltr'><strong>sem-</strong></span> 
     </span>
    </p>
   </div>
   <div class='ocr_carea' id='block_1_98' title="bbox 2156 3545 3736 3615">
    <p class='ocr_par' dir='ltr' id='par_1_98' title="bbox 2156 3545 3736 3615">
     <span class='ocr_line' id='line_1_98' title="bbox 2156 3545 3736 3615; baseline 0.011 -19"><span class='ocrx_word' id='word_1_770' title='bbox 2156 3558 2251 3612; x_wconf 90' lang='lat' dir='ltr'><strong>per</strong></span> <span class='ocrx_word' id='word_1_771' title='bbox 2279 3545 2417 3610; x_wconf 90' lang='lat' dir='ltr'><strong>salit,</strong></span> <span class='ocrx_word' id='word_1_772' title='bbox 2452 3555 2504 3601; x_wconf 91' lang='lat' dir='ltr'><strong>et</strong></span> <span class='ocrx_word' id='word_1_773' title='bbox 2529 3562 2558 3601; x_wconf 91' lang='lat' dir='ltr'><strong>a</strong></span> <span class='ocrx_word' id='word_1_774' title='bbox 2590 3558 2776 3603; x_wconf 89' lang='lat' dir='ltr'><strong>natura</strong></span> <span class='ocrx_word' id='word_1_775' title='bbox 2806 3561 2864 3604; x_wconf 92' lang='lat' dir='ltr'><strong>ut</strong></span> <span class='ocrx_word' id='word_1_776' title='bbox 2890 3551 3124 3615; x_wconf 87' lang='lat' dir='ltr'><strong>exsiliat,</strong></span> <span class='ocrx_word' id='word_1_777' title='bbox 3158 3552 3353 3610; x_wconf 90' lang='lat' dir='ltr'><strong>habet:</strong></span> <span class='ocrx_word' id='word_1_778' title='bbox 3378 3564 3431 3610; x_wconf 89' lang='lat' dir='ltr'><strong>et</strong></span> <span class='ocrx_word' id='word_1_779' title='bbox 3458 3557 3581 3612; x_wconf 89' lang='lat' dir='ltr'><strong>licet</strong></span> <span class='ocrx_word' id='word_1_780' title='bbox 3609 3560 3736 3612; x_wconf 83' lang='lat' dir='ltr'><strong>inti-</strong></span> 
     </span>
    </p>
   </div>
   <div class='ocr_carea' id='block_1_99' title="bbox 2153 3634 3736 3719">
    <p class='ocr_par' dir='ltr' id='par_1_99' title="bbox 2153 3634 3736 3719">
     <span class='ocr_line' id='line_1_99' title="bbox 2153 3634 3736 3719; baseline 0.013 -33"><span class='ocrx_word' id='word_1_781' title='bbox 2153 3634 2261 3688; x_wconf 91' lang='lat' dir='ltr'><strong>nita</strong></span> <span class='ocrx_word' id='word_1_782' title='bbox 2289 3647 2479 3704; x_wconf 86' lang='lat' dir='ltr'><strong>cogant</strong></span> <span class='ocrx_word' id='word_1_783' title='bbox 2505 3648 2558 3692; x_wconf 91' lang='lat' dir='ltr'><strong>et</strong></span> <span class='ocrx_word' id='word_1_784' title='bbox 2585 3651 2837 3710; x_wconf 87' lang='lat' dir='ltr'><strong>urgeant,</strong></span> <span class='ocrx_word' id='word_1_785' title='bbox 2866 3643 2931 3696; x_wconf 91' lang='lat' dir='ltr'><strong>ad</strong></span> <span class='ocrx_word' id='word_1_786' title='bbox 2962 3642 3211 3699; x_wconf 90' lang='lat' dir='ltr'><strong>inferiora</strong></span> <span class='ocrx_word' id='word_1_787' title='bbox 3241 3645 3434 3702; x_wconf 90' lang='lat' dir='ltr'><strong>deferri</strong></span> <span class='ocrx_word' id='word_1_788' title='bbox 3462 3663 3566 3703; x_wconf 90' lang='lat' dir='ltr'><strong>non</strong></span> <span class='ocrx_word' id='word_1_789' title='bbox 3592 3653 3736 3719; x_wconf 85' lang='lat' dir='ltr'><strong>pati—</strong></span> 
     </span>
    </p>
   </div>
   <div class='ocr_carea' id='block_1_100' title="bbox 2156 3725 3736 3810">
    <p class='ocr_par' dir='ltr' id='par_1_100' title="bbox 2156 3725 3736 3810">
     <span class='ocr_line' id='line_1_100' title="bbox 2156 3725 3736 3810; baseline 0.011 -31"><span class='ocrx_word' id='word_1_790' title='bbox 2156 3734 2259 3780; x_wconf 87' lang='lat' dir='ltr'><strong>tur.</strong></span> <span class='ocrx_word' id='word_1_791' title='bbox 2289 3725 2690 3800; x_wconf 90' lang='lat' dir='ltr'><strong>Nonnumquam</strong></span> <span class='ocrx_word' id='word_1_792' title='bbox 2731 3732 2872 3787; x_wconf 89' lang='lat' dir='ltr'><strong>enim</strong></span> <span class='ocrx_word' id='word_1_793' title='bbox 2915 3733 3079 3789; x_wconf 90' lang='lat' dir='ltr'><strong>facem</strong></span> <span class='ocrx_word' id='word_1_794' title='bbox 3122 3751 3396 3792; x_wconf 89' lang='lat' dir='ltr'><strong>accensam</strong></span> <span class='ocrx_word' id='word_1_795' title='bbox 3428 3741 3736 3810; x_wconf 85' lang='lat' dir='ltr'><strong>capientes,</strong></span> 
     </span>
    </p>
   </div>
   <div class='ocr_carea' id='block_1_101' title="bbox 2153 3820 3736 3897">
    <p class='ocr_par' dir='ltr' id='par_1_101' title="bbox 2153 3820 3736 3897">
     <span class='ocr_line' id='line_1_101' title="bbox 2153 3820 3736 3897; baseline 0.009 -24"><span class='ocrx_word' id='word_1_796' title='bbox 2153 3826 2208 3873; x_wconf 90' lang='lat' dir='ltr'><strong>et</strong></span> <span class='ocrx_word' id='word_1_797' title='bbox 2234 3820 2286 3875; x_wconf 87' lang='lat' dir='ltr'><strong>in</strong></span> <span class='ocrx_word' id='word_1_798' title='bbox 2313 3830 2469 3890; x_wconf 89' lang='lat' dir='ltr'><strong>caput</strong></span> <span class='ocrx_word' id='word_1_799' title='bbox 2493 3822 2838 3892; x_wconf 87' lang='lat' dir='ltr'><strong>inclinantes,</strong></span> <span class='ocrx_word' id='word_1_800' title='bbox 2886 3825 3023 3894; x_wconf 89' lang='lat' dir='ltr'><strong>ignis</strong></span> <span class='ocrx_word' id='word_1_801' title='bbox 3060 3828 3312 3897; x_wconf 87' lang='lat' dir='ltr'><strong>impetum</strong></span> <span class='ocrx_word' id='word_1_802' title='bbox 3346 3831 3563 3886; x_wconf 89' lang='lat' dir='ltr'><strong>inferius</strong></span> <span class='ocrx_word' id='word_1_803' title='bbox 3606 3834 3736 3888; x_wconf 84' lang='lat' dir='ltr'><strong>ferri</strong></span> 
     </span>
    </p>
   </div>
   <div class='ocr_carea' id='block_1_102' title="bbox 2154 3914 3736 3989">
    <p class='ocr_par' dir='ltr' id='par_1_102' title="bbox 2154 3914 3736 3989">
     <span class='ocr_line' id='line_1_102' title="bbox 2154 3914 3736 3989; baseline 0.009 -25"><span class='ocrx_word' id='word_1_804' title='bbox 2154 3926 2258 3966; x_wconf 91' lang='lat' dir='ltr'><strong>non</strong></span> <span class='ocrx_word' id='word_1_805' title='bbox 2302 3914 2541 3985; x_wconf 80' lang='lat' dir='ltr'><strong>cogimus</strong></span> <span class='ocrx_word' id='word_1_806' title='bbox 2566 3934 2580 3971; x_wconf 93' lang='lat'><strong>:</strong></span> <span class='ocrx_word' id='word_1_807' title='bbox 2603 3916 2696 3971; x_wconf 91' lang='lat' dir='ltr'><strong>sed</strong></span> <span class='ocrx_word' id='word_1_808' title='bbox 2724 3926 2778 3971; x_wconf 89' lang='lat' dir='ltr'><strong>et</strong></span> <span class='ocrx_word' id='word_1_809' title='bbox 2802 3918 2879 3973; x_wconf 92' lang='lat' dir='ltr'><strong>sic</strong></span> <span class='ocrx_word' id='word_1_810' title='bbox 2905 3918 2958 3972; x_wconf 92' lang='lat' dir='ltr'><strong>in</strong></span> <span class='ocrx_word' id='word_1_811' title='bbox 2988 3921 3258 3989; x_wconf 88' lang='lat' dir='ltr'><strong>superiora</strong></span> <span class='ocrx_word' id='word_1_812' title='bbox 3286 3924 3550 3988; x_wconf 90' lang='lat' dir='ltr'><strong>recurrit,</strong></span> <span class='ocrx_word' id='word_1_813' title='bbox 3594 3933 3651 3979; x_wconf 90' lang='lat' dir='ltr'><strong>et</strong></span> <span class='ocrx_word' id='word_1_814' title='bbox 3680 3927 3736 3980; x_wconf 89' lang='lat' dir='ltr'><strong>in</strong></span> 
     </span>
    </p>
   </div>
   <div class='ocr_carea' id='block_1_103' title="bbox 2154 4008 3737 4077">
    <p class='ocr_par' dir='ltr' id='par_1_103' title="bbox 2154 4008 3737 4077">
     <span class='ocr_line' id='line_1_103' title="bbox 2154 4008 3737 4077; baseline 0.005 -16"><span class='ocrx_word' id='word_1_815' title='bbox 2154 4008 2380 4063; x_wconf 90' lang='lat' dir='ltr'><strong>sublime</strong></span> <span class='ocrx_word' id='word_1_816' title='bbox 2410 4008 2615 4063; x_wconf 86' lang='lat' dir='ltr'><strong>inferne</strong></span> <span class='ocrx_word' id='word_1_817' title='bbox 2644 4008 2885 4077; x_wconf 88' lang='lat' dir='ltr'><strong>festinat;</strong></span> <span class='ocrx_word' id='word_1_818' title='bbox 2933 4012 2985 4066; x_wconf 90' lang='lat' dir='ltr'><strong>in</strong></span> <span class='ocrx_word' id='word_1_819' title='bbox 3030 4013 3142 4067; x_wconf 91' lang='lat' dir='ltr'><strong>sole</strong></span> <span class='ocrx_word' id='word_1_820' title='bbox 3168 4028 3296 4069; x_wconf 88' lang='lat' dir='ltr'><strong>vero</strong></span> <span class='ocrx_word' id='word_1_821' title='bbox 3326 4024 3490 4069; x_wconf 90' lang='lat' dir='ltr'><strong>totum</strong></span> <span class='ocrx_word' id='word_1_822' title='bbox 3517 4025 3737 4071; x_wconf 86' lang='lat' dir='ltr'><strong>contra-</strong></span> 
     </span>
    </p>
   </div>
   <div class='ocr_carea' id='block_1_104' title="bbox 2154 4099 3739 4170">
    <p class='ocr_par' dir='ltr' id='par_1_104' title="bbox 2154 4099 3739 4170">
     <span class='ocr_line' id='line_1_104' title="bbox 2154 4099 3739 4170; baseline 0.004 -16"><span class='ocrx_word' id='word_1_823' title='bbox 2154 4100 2291 4154; x_wconf 87' lang='lat' dir='ltr'><strong>rium</strong></span> <span class='ocrx_word' id='word_1_824' title='bbox 2321 4101 2458 4155; x_wconf 88' lang='lat' dir='ltr'><strong>Deus</strong></span> <span class='ocrx_word' id='word_1_825' title='bbox 2501 4099 2625 4155; x_wconf 90' lang='lat' dir='ltr'><strong>fecit</strong></span> <span class='ocrx_word' id='word_1_826' title='bbox 2648 4118 2661 4155; x_wconf 89' lang='lat'><strong>:</strong></span> <span class='ocrx_word' id='word_1_827' title='bbox 2686 4101 2852 4170; x_wconf 88' lang='lat' dir='ltr'><strong>ipsius</strong></span> <span class='ocrx_word' id='word_1_828' title='bbox 2888 4103 3027 4156; x_wconf 89' lang='lat' dir='ltr'><strong>enim</strong></span> <span class='ocrx_word' id='word_1_829' title='bbox 3073 4103 3250 4157; x_wconf 89' lang='lat' dir='ltr'><strong>radios</strong></span> <span class='ocrx_word' id='word_1_830' title='bbox 3281 4105 3348 4159; x_wconf 92' lang='lat' dir='ltr'><strong>ad</strong></span> <span class='ocrx_word' id='word_1_831' title='bbox 3381 4115 3573 4161; x_wconf 88' lang='lat' dir='ltr'><strong>terram</strong></span> <span class='ocrx_word' id='word_1_832' title='bbox 3602 4122 3739 4162; x_wconf 88' lang='lat' dir='ltr'><strong>con-</strong></span> 
     </span>
    </p>
   </div>
   <div class='ocr_carea' id='block_1_105' title="bbox 2154 4191 3735 4264">
    <p class='ocr_par' dir='ltr' id='par_1_105' title="bbox 2154 4191 3735 4264">
     <span class='ocr_line' id='line_1_105' title="bbox 2154 4191 3735 4264; baseline 0.004 -18"><span class='ocrx_word' id='word_1_833' title='bbox 2154 4192 2344 4259; x_wconf 89' lang='lat' dir='ltr'><strong>vertit,</strong></span> <span class='ocrx_word' id='word_1_834' title='bbox 2387 4199 2442 4245; x_wconf 91' lang='lat' dir='ltr'><strong>et</strong></span> <span class='ocrx_word' id='word_1_835' title='bbox 2477 4191 2650 4246; x_wconf 87' lang='lat' dir='ltr'><strong>lucem</strong></span> <span class='ocrx_word' id='word_1_836' title='bbox 2696 4192 2823 4247; x_wconf 87' lang='lat' dir='ltr'><strong>fecit</strong></span> <span class='ocrx_word' id='word_1_837' title='bbox 2859 4192 3079 4248; x_wconf 87' lang='lat' dir='ltr'><strong>inferius</strong></span> <span class='ocrx_word' id='word_1_838' title='bbox 3110 4210 3362 4264; x_wconf 83' lang='lat' dir='ltr'><strong>vergere;</strong></span> <span class='ocrx_word' id='word_1_839' title='bbox 3396 4204 3594 4251; x_wconf 83' lang='lat' dir='ltr'><strong>tantum</strong></span> <span class='ocrx_word' id='word_1_840' title='bbox 3622 4213 3735 4253; x_wconf 91' lang='lat' dir='ltr'><strong>non</strong></span> 
     </span>
    </p>
   </div>
   <div class='ocr_carea' id='block_1_106' title="bbox 2153 4281 3738 4353">
    <p class='ocr_par' dir='ltr' id='par_1_106' title="bbox 2153 4281 3738 4353">
     <span class='ocr_line' id='line_1_106' title="bbox 2153 4281 3738 4353; baseline 0.003 -16"><span class='ocrx_word' id='word_1_841' title='bbox 2153 4282 2336 4337; x_wconf 89' lang='lat' dir='ltr'><strong>dicens</strong></span> <span class='ocrx_word' id='word_1_842' title='bbox 2362 4282 2460 4351; x_wconf 87' lang='lat' dir='ltr'><strong>ipsi</strong></span> <span class='ocrx_word' id='word_1_843' title='bbox 2490 4297 2585 4351; x_wconf 90' lang='lat' dir='ltr'><strong>per</strong></span> <span class='ocrx_word' id='word_1_844' title='bbox 2611 4282 2851 4352; x_wconf 85' lang='lat' dir='ltr'><strong>figuram,</strong></span> <span class='ocrx_word' id='word_1_845' title='bbox 2887 4281 3109 4337; x_wconf 87' lang='lat' dir='ltr'><strong>Inferius</strong></span> <span class='ocrx_word' id='word_1_846' title='bbox 3135 4285 3396 4353; x_wconf 86' lang='lat' dir='ltr'><strong>prospice.</strong></span> <span class='ocrx_word' id='word_1_847' title='bbox 3421 4295 3474 4339; x_wconf 87' lang='lat' dir='ltr'><strong>et</strong></span> <span class='ocrx_word' id='word_1_848' title='bbox 3498 4285 3738 4341; x_wconf 89' lang='lat' dir='ltr'><strong>homini-</strong></span> 
     </span>
    </p>
   </div>
   <div class='ocr_carea' id='block_1_107' title="bbox 2154 4373 3738 4443">
    <p class='ocr_par' dir='ltr' id='par_1_107' title="bbox 2154 4373 3738 4443">
     <span class='ocr_line' id='line_1_107' title="bbox 2154 4373 3738 4443; baseline 0.004 -16"><span class='ocrx_word' id='word_1_849' title='bbox 2154 4377 2254 4427; x_wconf 88' lang='lat' dir='ltr'><strong>bus</strong></span> <span class='ocrx_word' id='word_1_850' title='bbox 2293 4373 2678 4443; x_wconf 84' lang='lat' dir='ltr'><strong>loce:prop‘ter</strong></span> <span class='ocrx_word' id='word_1_851' title='bbox 2716 4373 2835 4428; x_wconf 90' lang='lat' dir='ltr'><strong>illos</strong></span> <span class='ocrx_word' id='word_1_852' title='bbox 2877 4374 3017 4428; x_wconf 92' lang='lat' dir='ltr'><strong>enim</strong></span> <span class='ocrx_word' id='word_1_853' title='bbox 3068 4373 3239 4430; x_wconf 89' lang='lat' dir='ltr'><strong>factus</strong></span> <span class='ocrx_word' id='word_1_854' title='bbox 3278 4391 3355 4430; x_wconf 90' lang='lat' dir='ltr'><strong>es.</strong></span> <span class='ocrx_word' id='word_1_855' title='bbox 3398 4376 3463 4431; x_wconf 86' lang='lat' dir='ltr'><strong>Et</strong></span> <span class='ocrx_word' id='word_1_856' title='bbox 3502 4378 3738 4434; x_wconf 60' lang='lat' dir='ltr'><strong>lucerna</strong></span> 
     </span>
    </p>
   </div>
   <div class='ocr_carea' id='block_1_108' title="bbox 2154 4461 3736 4533">
    <p class='ocr_par' dir='ltr' id='par_1_108' title="bbox 2154 4461 3736 4533">
     <span class='ocr_line' id='line_1_108' title="bbox 2154 4461 3736 4533; baseline 0.003 -16"><span class='ocrx_word' id='word_1_857' title='bbox 2154 4463 2365 4533; x_wconf 91' lang='lat' dir='ltr'><strong>quidem</strong></span> <span class='ocrx_word' id='word_1_858' title='bbox 2392 4461 2605 4517; x_wconf 88' lang='lat' dir='ltr'><strong>ﬂamma</strong></span> <span class='ocrx_word' id='word_1_859' title='bbox 2637 4463 2735 4517; x_wconf 92' lang='lat' dir='ltr'><strong>hoc</strong></span> <span class='ocrx_word' id='word_1_860' title='bbox 2766 4464 2869 4532; x_wconf 89' lang='lat' dir='ltr'><strong>pati</strong></span> <span class='ocrx_word' id='word_1_861' title='bbox 2902 4479 3006 4517; x_wconf 90' lang='lat' dir='ltr'><strong>non</strong></span> <span class='ocrx_word' id='word_1_862' title='bbox 3050 4474 3253 4533; x_wconf 90' lang='lat' dir='ltr'><strong>potest;</strong></span> <span class='ocrx_word' id='word_1_863' title='bbox 3286 4465 3430 4520; x_wconf 87' lang='lat' dir='ltr'><strong>sidus</strong></span> <span class='ocrx_word' id='word_1_864' title='bbox 3457 4482 3584 4523; x_wconf 86' lang='lat' dir='ltr'><strong>vero</strong></span> <span class='ocrx_word' id='word_1_865' title='bbox 3623 4476 3736 4522; x_wconf 89' lang='lat' dir='ltr'><strong>tam</strong></span> 
     </span>
    </p>
   </div>
   <div class='ocr_carea' id='block_1_109' title="bbox 2154 4554 3740 4626">
    <p class='ocr_par' dir='ltr' id='par_1_109' title="bbox 2154 4554 3740 4626">
     <span class='ocr_line' id='line_1_109' title="bbox 2154 4554 3740 4626; baseline 0.002 -17"><span class='ocrx_word' id='word_1_866' title='bbox 2154 4566 2400 4624; x_wconf 87' lang='lat' dir='ltr'><strong>maguum</strong></span> <span class='ocrx_word' id='word_1_867' title='bbox 2428 4565 2483 4609; x_wconf 90' lang='lat' dir='ltr'><strong>et</strong></span> <span class='ocrx_word' id='word_1_868' title='bbox 2510 4554 2821 4609; x_wconf 86' lang='lat' dir='ltr'><strong>admirabile</strong></span> <span class='ocrx_word' id='word_1_869' title='bbox 2849 4555 2915 4609; x_wconf 91' lang='lat' dir='ltr'><strong>ad</strong></span> <span class='ocrx_word' id='word_1_870' title='bbox 2940 4555 3188 4610; x_wconf 86' lang='lat' dir='ltr'><strong>inferiora</strong></span> <span class='ocrx_word' id='word_1_871' title='bbox 3229 4557 3398 4626; x_wconf 89' lang='lat' dir='ltr'><strong>vergit</strong></span> <span class='ocrx_word' id='word_1_872' title='bbox 3436 4566 3491 4612; x_wconf 89' lang='lat' dir='ltr'><strong>et</strong></span> <span class='ocrx_word' id='word_1_873' title='bbox 3528 4558 3594 4611; x_wconf 89' lang='lat' dir='ltr'><strong>ad</strong></span> <span class='ocrx_word' id='word_1_874' title='bbox 3626 4568 3740 4612; x_wconf 84' lang='lat' dir='ltr'><strong>ter-</strong></span> 
     </span>
    </p>
   </div>
   <div class='ocr_carea' id='block_1_110' title="bbox 2154 4647 3737 4718">
    <p class='ocr_par' dir='ltr' id='par_1_110' title="bbox 2154 4647 3737 4718">
     <span class='ocr_line' id='line_1_110' title="bbox 2154 4647 3737 4718; baseline 0 -16"><span class='ocrx_word' id='word_1_875' title='bbox 2154 4662 2267 4702; x_wconf 90' lang='lat' dir='ltr'><strong>ram</strong></span> <span class='ocrx_word' id='word_1_876' title='bbox 2297 4647 2544 4717; x_wconf 84' lang='lat' dir='ltr'><strong>reSpicit,</strong></span> <span class='ocrx_word' id='word_1_877' title='bbox 2594 4657 2777 4701; x_wconf 88' lang='lat' dir='ltr'><strong>contra</strong></span> <span class='ocrx_word' id='word_1_878' title='bbox 2817 4662 2974 4716; x_wconf 91' lang='lat' dir='ltr'><strong>quam</strong></span> <span class='ocrx_word' id='word_1_879' title='bbox 3019 4647 3188 4716; x_wconf 90' lang='lat' dir='ltr'><strong>ignis,</strong></span> <span class='ocrx_word' id='word_1_880' title='bbox 3234 4656 3452 4717; x_wconf 89' lang='lat' dir='ltr'><strong>propter</strong></span> <span class='ocrx_word' id='word_1_881' title='bbox 3490 4648 3604 4717; x_wconf 85' lang='lat' dir='ltr'><strong>ejus</strong></span> <span class='ocrx_word' id='word_1_882' title='bbox 3641 4651 3737 4718; x_wconf 87' lang='lat' dir='ltr'><strong>qui</strong></span> 
     </span>
    </p>
   </div>
   <div class='ocr_carea' id='block_1_111' title="bbox 2150 4736 3770 4807">
    <p class='ocr_par' dir='ltr' id='par_1_111' title="bbox 2150 4736 3770 4807">
     <span class='ocr_line' id='line_1_111' title="bbox 2150 4736 3770 4807; baseline 0.001 -17"><span class='ocrx_word' id='word_1_883' title='bbox 2150 4738 2310 4806; x_wconf 90' lang='lat' dir='ltr'><strong>jussit</strong></span> <span class='ocrx_word' id='word_1_884' title='bbox 2358 4737 2666 4807; x_wconf 87' lang='lat' dir='ltr'><strong>potentiam.</strong></span> <span class='ocrx_word' id='word_1_885' title='bbox 2715 4736 2805 4792; x_wconf 79' lang='lat' dir='ltr'><strong>Vis</strong></span> <span class='ocrx_word' id='word_1_886' title='bbox 2846 4746 2901 4791; x_wconf 90' lang='lat' dir='ltr'><strong>et</strong></span> <span class='ocrx_word' id='word_1_887' title='bbox 2938 4737 3077 4790; x_wconf 89' lang='lat' dir='ltr'><strong>aliud</strong></span> <span class='ocrx_word' id='word_1_888' title='bbox 3126 4737 3230 4791; x_wconf 85' lang='lat' dir='ltr'><strong>tale</strong></span> <span class='ocrx_word' id='word_1_889' title='bbox 3276 4740 3770 4793; x_wconf 57' lang='lat' dir='ltr'><strong>commemorem?</strong></span> 
     </span>
    </p>
   </div>
   <div class='ocr_carea' id='block_1_112' title="bbox 2156 4828 3730 4900">
    <p class='ocr_par' dir='ltr' id='par_1_112' title="bbox 2156 4828 3730 4900">
     <span class='ocr_line' id='line_1_112' title="bbox 2156 4828 3730 4900; baseline -0.001 -14"><span class='ocrx_word' id='word_1_890' title='bbox 2156 4831 2323 4886; x_wconf 89' lang='lat' dir='ltr'><strong>Dorsa</strong></span> <span class='ocrx_word' id='word_1_891' title='bbox 2343 4830 2456 4883; x_wconf 71' lang='grc' dir='ltr'><strong>οωιί</strong></span> <span class='ocrx_word' id='word_1_892' title='bbox 2485 4828 2638 4899; x_wconf 88' lang='lat' dir='ltr'><strong>hujus</strong></span> <span class='ocrx_word' id='word_1_893' title='bbox 2664 4829 2815 4883; x_wconf 91' lang='lat' dir='ltr'><strong>nobis</strong></span> <span class='ocrx_word' id='word_1_894' title='bbox 2843 4830 3113 4898; x_wconf 89' lang='lat' dir='ltr'><strong>conspicui</strong></span> <span class='ocrx_word' id='word_1_895' title='bbox 3144 4844 3294 4899; x_wconf 71' lang='lat' dir='ltr'><strong>aqua:</strong></span> <span class='ocrx_word' id='word_1_896' title='bbox 3322 4829 3553 4900; x_wconf 90' lang='lat' dir='ltr'><strong>undique</strong></span> <span class='ocrx_word' id='word_1_897' title='bbox 3579 4845 3730 4884; x_wconf 86' lang='lat' dir='ltr'><strong>com-</strong></span> 
     </span>
    </p>
   </div>
   <div class='ocr_carea' id='block_1_113' title="bbox 2155 4919 3741 4991">
    <p class='ocr_par' dir='ltr' id='par_1_113' title="bbox 2155 4919 3741 4991">
     <span class='ocr_line' id='line_1_113' title="bbox 2155 4919 3741 4991; baseline 0.003 -17"><span class='ocrx_word' id='word_1_898' title='bbox 2155 4920 2508 4991; x_wconf 89' lang='lat' dir='ltr'><strong>prehendunt,</strong></span> <span class='ocrx_word' id='word_1_899' title='bbox 2541 4929 2595 4973; x_wconf 89' lang='lat' dir='ltr'><strong>ct</strong></span> <span class='ocrx_word' id='word_1_900' title='bbox 2624 4935 2794 4990; x_wconf 88' lang='lat' dir='ltr'><strong>neque</strong></span> <span class='ocrx_word' id='word_1_901' title='bbox 2821 4920 3059 4975; x_wconf 86' lang='lat' dir='ltr'><strong>deﬂuunt</strong></span> <span class='ocrx_word' id='word_1_902' title='bbox 3089 4936 3258 4988; x_wconf 87' lang='lat' dir='ltr'><strong>neque</strong></span> <span class='ocrx_word' id='word_1_903' title='bbox 3287 4919 3586 4975; x_wconf 81' lang='lat' dir='ltr'><strong>excedunt:</strong></span> <span class='ocrx_word' id='word_1_904' title='bbox 3610 4922 3741 4979; x_wconf 85' lang='lat' dir='ltr'><strong>licet</strong></span> 
     </span>
    </p>
   </div>
   <div class='ocr_carea' id='block_1_114' title="bbox 2157 5011 3737 5082">
    <p class='ocr_par' dir='ltr' id='par_1_114' title="bbox 2157 5011 3737 5082">
     <span class='ocr_line' id='line_1_114' title="bbox 2157 5011 3737 5082; baseline -0.001 -15"><span class='ocrx_word' id='word_1_905' title='bbox 2157 5028 2260 5067; x_wconf 89' lang='lat' dir='ltr'><strong>non</strong></span> <span class='ocrx_word' id='word_1_906' title='bbox 2291 5012 2410 5066; x_wconf 89' lang='lat' dir='ltr'><strong>talis</strong></span> <span class='ocrx_word' id='word_1_907' title='bbox 2432 5011 2499 5066; x_wconf 92' lang='lat' dir='ltr'><strong>sit</strong></span> <span class='ocrx_word' id='word_1_908' title='bbox 2528 5026 2783 5080; x_wconf 87' lang='lat' dir='ltr'><strong>aquarum</strong></span> <span class='ocrx_word' id='word_1_909' title='bbox 2815 5020 3021 5077; x_wconf 90' lang='lat' dir='ltr'><strong>natura,</strong></span> <span class='ocrx_word' id='word_1_910' title='bbox 3054 5011 3145 5064; x_wconf 87' lang='lat' dir='ltr'><strong>sed</strong></span> <span class='ocrx_word' id='word_1_911' title='bbox 3180 5012 3229 5064; x_wconf 91' lang='lat' dir='ltr'><strong>in</strong></span> <span class='ocrx_word' id='word_1_912' title='bbox 3260 5025 3491 5065; x_wconf 87' lang='lat' dir='ltr'><strong>concava</strong></span> <span class='ocrx_word' id='word_1_913' title='bbox 3516 5011 3737 5082; x_wconf 88' lang='lat' dir='ltr'><strong>quidem</strong></span> 
     </span>
    </p>
   </div>
   <div class='ocr_carea' id='block_1_115' title="bbox 2157 5104 3739 5171">
    <p class='ocr_par' dir='ltr' id='par_1_115' title="bbox 2157 5104 3739 5171">
     <span class='ocr_line' id='line_1_115' title="bbox 2157 5104 3739 5171; baseline -0.002 -11"><span class='ocrx_word' id='word_1_914' title='bbox 2157 5106 2307 5161; x_wconf 45' lang='lat' dir='ltr'><strong>facile</strong></span> <span class='ocrx_word' id='word_1_915' title='bbox 2332 5115 2686 5171; x_wconf 88' lang='lat' dir='ltr'><strong>concurrant;</strong></span> <span class='ocrx_word' id='word_1_916' title='bbox 2718 5119 2839 5158; x_wconf 89' lang='lat' dir='ltr'><strong>cum</strong></span> <span class='ocrx_word' id='word_1_917' title='bbox 2883 5113 3059 5158; x_wconf 89' lang='lat' dir='ltr'><strong>autem</strong></span> <span class='ocrx_word' id='word_1_918' title='bbox 3089 5104 3156 5157; x_wconf 91' lang='lat' dir='ltr'><strong>sit</strong></span> <span class='ocrx_word' id='word_1_919' title='bbox 3181 5118 3372 5171; x_wconf 88' lang='lat' dir='ltr'><strong>corpus</strong></span> <span class='ocrx_word' id='word_1_920' title='bbox 3398 5118 3696 5158; x_wconf 79' lang='lat' dir='ltr'><strong>convexum</strong></span> <span class='ocrx_word' id='word_1_921' title='bbox 3719 5146 3739 5170; x_wconf 89' lang='lat'><strong>,</strong></span> 
     </span>
    </p>
   </div>
   <div class='ocr_carea' id='block_1_116' title="bbox 2088 5195 3737 5267">
    <p class='ocr_par' dir='ltr' id='par_1_116' title="bbox 2088 5195 3737 5267">
     <span class='ocr_line' id='line_1_116' title="bbox 2088 5195 3737 5267; baseline -0.002 -15"><span class='ocrx_word' id='word_1_922' title='bbox 2088 5207 2110 5221; x_wconf 84' lang='lat'>“</span> <span class='ocrx_word' id='word_1_923' title='bbox 2156 5199 2384 5267; x_wconf 87' lang='lat' dir='ltr'><strong>undique</strong></span> <span class='ocrx_word' id='word_1_924' title='bbox 2404 5195 2659 5261; x_wconf 89' lang='lat' dir='ltr'><strong>deﬂuunt,</strong></span> <span class='ocrx_word' id='word_1_925' title='bbox 2684 5205 2737 5250; x_wconf 91' lang='lat' dir='ltr'><strong>et</strong></span> <span class='ocrx_word' id='word_1_926' title='bbox 2758 5211 2926 5265; x_wconf 90' lang='lat' dir='ltr'><strong>neque</strong></span> <span class='ocrx_word' id='word_1_927' title='bbox 2952 5196 3155 5249; x_wconf 86' lang='lat' dir='ltr'><strong>modica</strong></span> <span class='ocrx_word' id='word_1_928' title='bbox 3183 5210 3364 5250; x_wconf 84' lang='lat' dir='ltr'><strong>earum</strong></span> <span class='ocrx_word' id='word_1_929' title='bbox 3395 5209 3518 5265; x_wconf 90' lang='lat' dir='ltr'><strong>pars</strong></span> <span class='ocrx_word' id='word_1_930' title='bbox 3545 5211 3600 5249; x_wconf 83' lang='lat' dir='ltr'><strong>tn</strong></span> <span class='ocrx_word' id='word_1_931' title='bbox 3645 5198 3737 5250; x_wconf 90' lang='lat' dir='ltr'><strong>tali</strong></span> 
     </span>
    </p>
   </div>
   <div class='ocr_carea' id='block_1_117' title="bbox 2157 5285 3738 5360">
    <p class='ocr_par' dir='ltr' id='par_1_117' title="bbox 2157 5285 3738 5360">
     <span class='ocr_line' id='line_1_117' title="bbox 2157 5285 3738 5360; baseline -0.003 -15"><span class='ocrx_word' id='word_1_932' title='bbox 2157 5299 2333 5360; x_wconf 82' lang='lat' dir='ltr'><strong>posset</strong></span> <span class='ocrx_word' id='word_1_933' title='bbox 2374 5289 2489 5342; x_wconf 92' lang='lat' dir='ltr'><strong>loco</strong></span> <span class='ocrx_word' id='word_1_934' title='bbox 2534 5287 2846 5342; x_wconf 90' lang='lat' dir='ltr'><strong>subsistere.</strong></span> <span class='ocrx_word' id='word_1_935' title='bbox 2892 5285 2997 5341; x_wconf 87' lang='lat' dir='ltr'><strong>Sed</strong></span> <span class='ocrx_word' id='word_1_936' title='bbox 3036 5301 3161 5341; x_wconf 90' lang='lat' dir='ltr'><strong>ecce</strong></span> <span class='ocrx_word' id='word_1_937' title='bbox 3197 5285 3298 5340; x_wconf 85' lang='lat' dir='ltr'><strong>hoc</strong></span> <span class='ocrx_word' id='word_1_938' title='bbox 3336 5285 3649 5340; x_wconf 89' lang='lat' dir='ltr'><strong>miraculum</strong></span> <span class='ocrx_word' id='word_1_939' title='bbox 3685 5288 3738 5340; x_wconf 93' lang='lat' dir='ltr'><strong>in</strong></span> 
     </span>
    </p>
   </div>
   <div class='ocr_carea' id='block_1_118' title="bbox 2150 5376 3735 5446">
    <p class='ocr_par' dir='ltr' id='par_1_118' title="bbox 2150 5376 3735 5446">
     <span class='ocr_line' id='line_1_118' title="bbox 2150 5376 3735 5446; baseline -0.004 -10"><span class='ocrx_word' id='word_1_940' title='bbox 2150 5380 2296 5436; x_wconf 64' lang='lat' dir='ltr'><strong>caelis</strong></span> <span class='ocrx_word' id='word_1_941' title='bbox 2324 5380 2518 5435; x_wconf 89' lang='lat' dir='ltr'><strong>factum</strong></span> <span class='ocrx_word' id='word_1_942' title='bbox 2546 5388 2645 5440; x_wconf 89' lang='lat' dir='ltr'><strong>est,</strong></span> <span class='ocrx_word' id='word_1_943' title='bbox 2679 5388 2731 5432; x_wconf 91' lang='lat' dir='ltr'><strong>et</strong></span> <span class='ocrx_word' id='word_1_944' title='bbox 2759 5376 2859 5431; x_wconf 89' lang='lat' dir='ltr'><strong>hoc</strong></span> <span class='ocrx_word' id='word_1_945' title='bbox 2885 5379 3054 5446; x_wconf 89' lang='lat' dir='ltr'><strong>ipsum</strong></span> <span class='ocrx_word' id='word_1_946' title='bbox 3085 5391 3269 5431; x_wconf 89' lang='lat' dir='ltr'><strong>rursus</strong></span> <span class='ocrx_word' id='word_1_947' title='bbox 3294 5378 3579 5436; x_wconf 89' lang='lat' dir='ltr'><strong>insinuans</strong></span> <span class='ocrx_word' id='word_1_948' title='bbox 3600 5381 3735 5436; x_wconf 83' lang='lat' dir='ltr'><strong>Pro-</strong></span> 
     </span>
    </p>
   </div>
   <div class='ocr_carea' id='block_1_119' title="bbox 2155 5468 3739 5544">
    <p class='ocr_par' dir='ltr' id='par_1_119' title="bbox 2155 5468 3739 5544">
     <span class='ocr_line' id='line_1_119' title="bbox 2155 5468 3739 5544; baseline -0.003 -18"><span class='ocrx_word' id='word_1_949' title='bbox 2155 5474 2331 5544; x_wconf 86' lang='lat' dir='ltr'><strong>pheta,</strong></span> <span class='ocrx_word' id='word_1_950' title='bbox 2363 5474 2571 5528; x_wconf 86' lang='lat' dir='ltr'><strong>dicebat</strong></span> <span class='ocrx_word' id='word_1_951' title='bbox 2597 5490 2609 5526; x_wconf 94' lang='lat'><strong>:</strong></span> <span class='ocrx_word' id='word_1_952' title='bbox 2636 5471 2865 5524; x_wconf 81' lang='lat' dir='ltr'><strong>Laudate</strong></span> <span class='ocrx_word' id='word_1_953' title='bbox 2892 5468 3166 5524; x_wconf 85' lang='lat' dir='ltr'><strong>Dominum</strong></span> <span class='ocrx_word' id='word_1_954' title='bbox 3185 5510 3197 5533; x_wconf 91' lang='lat'><strong>,</strong></span> <span class='ocrx_word' id='word_1_955' title='bbox 3229 5484 3403 5538; x_wconf 63' lang='lat' dir='ltr'><strong>aqum,</strong></span> <span class='ocrx_word' id='word_1_956' title='bbox 3436 5484 3554 5539; x_wconf 78' lang='lat' dir='ltr'><strong>qua:</strong></span> <span class='ocrx_word' id='word_1_957' title='bbox 3585 5486 3739 5536; x_wconf 71' lang='lat' dir='ltr'><strong>super</strong></span> 
     </span>
    </p>
   </div>
   <div class='ocr_carea' id='block_1_120' title="bbox 2153 5560 3736 5639">
    <p class='ocr_par' dir='ltr' id='par_1_120' title="bbox 2153 5560 3736 5639">
     <span class='ocr_line' id='line_1_120' title="bbox 2153 5560 3736 5639; baseline -0.004 -18"><span class='ocrx_word' id='word_1_958' title='bbox 2153 5568 2300 5621; x_wconf 67' lang='lat' dir='ltr'><strong>cados</strong></span> <span class='ocrx_word' id='word_1_959' title='bbox 2346 5568 2462 5621; x_wconf 82' lang='lat' dir='ltr'><strong>estis</strong></span> <span class='ocrx_word' id='word_1_960' title='bbox 2513 5564 2681 5639; x_wconf 82' lang='lat' dir='ltr'><strong>(Psal.</strong></span> <span class='ocrx_word' id='word_1_961' title='bbox 2732 5564 2854 5619; x_wconf 73' lang='grc'><strong>148.</strong></span> <span class='ocrx_word' id='word_1_962' title='bbox 2908 5565 2988 5630; x_wconf 78' lang='grc'><strong>4).</strong></span> <span class='ocrx_word' id='word_1_963' title='bbox 3045 5564 3112 5616; x_wconf 86' lang='lat' dir='ltr'><strong>Et</strong></span> <span class='ocrx_word' id='word_1_964' title='bbox 3164 5577 3334 5631; x_wconf 88' lang='lat' dir='ltr'><strong>neque</strong></span> <span class='ocrx_word' id='word_1_965' title='bbox 3380 5575 3515 5629; x_wconf 85' lang='lat' dir='ltr'><strong>aqua</strong></span> <span class='ocrx_word' id='word_1_966' title='bbox 3566 5560 3736 5615; x_wconf 84' lang='lat' dir='ltr'><strong>solent</strong></span> 
     </span>
    </p>
   </div>
   <div class='ocr_carea' id='block_1_121' title="bbox 2156 5651 3739 5730">
    <p class='ocr_par' dir='ltr' id='par_1_121' title="bbox 2156 5651 3739 5730">
     <span class='ocr_line' id='line_1_121' title="bbox 2156 5651 3739 5730; baseline -0.008 -12"><span class='ocrx_word' id='word_1_967' title='bbox 2156 5662 2441 5730; x_wconf 78' lang='lat' dir='ltr'><strong>exstinxit,</strong></span> <span class='ocrx_word' id='word_1_968' title='bbox 2485 5674 2654 5730; x_wconf 89' lang='lat' dir='ltr'><strong>neque</strong></span> <span class='ocrx_word' id='word_1_969' title='bbox 2700 5657 2778 5713; x_wconf 92' lang='lat' dir='ltr'><strong>sol</strong></span> <span class='ocrx_word' id='word_1_970' title='bbox 2825 5664 2969 5712; x_wconf 88' lang='lat' dir='ltr'><strong>tanto</strong></span> <span class='ocrx_word' id='word_1_971' title='bbox 3006 5654 3192 5710; x_wconf 86' lang='lat' dir='ltr'><strong>subtus</strong></span> <span class='ocrx_word' id='word_1_972' title='bbox 3221 5651 3418 5708; x_wconf 89' lang='lat' dir='ltr'><strong>vadens</strong></span> <span class='ocrx_word' id='word_1_973' title='bbox 3458 5660 3739 5722; x_wconf 87' lang='lat' dir='ltr'><strong>tempore,</strong></span> 
     </span>
    </p>
   </div>
  </div>
