3920 6224
37 320 132 378 107

37 451 128 507 μοι
155 433 458 507 νομοθέτου
486 431 698 502 σοφίαν.
734 431 823 485 Ἐν
852 431 1080 502 χειμῶνι
1114 430 1332 505 μακρὰν
1363 429 1549 497 ἔταξεν
1583 422 1722 480 εἶναι

37 519 125 590 τὴν
150 517 349 581 νύκτα,
370 518 460 571 ὅτε
489 514 817 586 ἁπαλώτερα
850 514 922 568 τά
961 514 1251 586 σπέρματα
1279 513 1375 567 καὶ
1406 511 1716 581 καταψύχε-

37 606 156 660 ςθαι
191 604 335 678 [1οη
367 605 594 675 δεόμενα
632 602 852 675 μᾶλλον,
884 602 978 657 καὶ¹
1006 602 1343 674 θερμοτέρας
1385 601 1485 654 οὑκ
1524 600 1717 670 ἀνέχε-

37 711 117 748 ται
157 695 264 764 τῆς
289 695 536 756 ἀκτῖνοςο
582 690 799 745 ἐπειδὰν
820 690 879 744 δέ
915 689 1147 761 αὐξηθῇ,
1188 687 1511 754 συναύξεται
1559 686 1720 741 πάλιν

37 784 221 846 αὐτοῖς
258 784 295 853 ἠ
338 781 541 853 ἡμέρα,
588 780 686 834 καὶ
739 779 861 832 τότε
909 778 1119 847 γίνεται
1169 776 1503 849 μακροτέρα,
1531 775 1659 828 ὅταν
1692 775 1721 827 6

37 867 248 940 ιαρπὸς
290 867 512 938 ἀκμάζῃ
562 865 767 919 λοιπόν.
813 864 891 917 Οὐ
938 866 1052 928 τοῖς
1110 863 1387 934 σπέρμασι
1442 862 1501 915 δὲ
1541 861 1720 923 τοῦτο,

37 956 172 1010 ἰλλά
218 956 316 1009 καὶ
362 957 477 1018 τοῖς
519 952 765 1025 σώμασιν
805 951 1126 1023 ἐπιτήδειον.
1178 950 1428 1003 Ἐπειδὰν
1477 948 1587 1019 γάρ
1623 948 1719 1001 τοῦ

37 1042 306 1114 (ειμῶνος
348 1041 444 1095 καὶ
489 1040 710 1110 ναύτης,
745 1040 838 1093 καὶ
881 1039 1239 1110 κυϐερνήτης,
1288 1039 1381 1091 καὶ
1420 1036 1720 1107 ὁδοιπόρος,

37 1133 127 1185 καὶ
164 1128 525 1200 στρατιώτης,
562 1129 654 1182 καὶ⁵
684 1127 928 1199 γεωργὸς
958 1127 1027 1179 τὰ
1071 1126 1243 1179 πολλά
1273 1126 1410 1178 οἴκοι
1456 1124 1721 1194 κάθηνται

37 1217 110 1288 τῷ
140 1215 347 1289 κρυμῷ
378 1215 766 1286 συνδεδεμένοι,
799 1216 894 1269 καὶ
925 1212 1121 1285 ἀργίας
1169 1212 1361 1284 καιρὸς
1405 1214 1435 1265 6
1467 1212 1563 1265 τοῦ
1607 1228 1722 1281 χει-

37 1306 219 1376 μῶνός
251 1307 390 1367 ἐστι,
416 1305 478 1357 τὸ
498 1305 658 1358 πλέον
684 1302 778 1357 τοῦ
805 1302 998 1375 χρόνου
1025 1304 1105 1366 είς
1128 1301 1300 1356 νύκτα
1330 1301 1719 1355 ἀναλίσκεσθαι

37 1394 293 1465 ἐποίησεν
326 1396 355 1447 6
386 1392 536 1457 Θεὸς.
572 1393 660 1446 ἴνα
697 1392 772 1463 μὴ
800 1391 1052 1464 περιττὸν
1157 1390 1256 1460 τῆς
1283 1389 1497 1461 ἡμέρας
1524 1390 1585 1443 τδ
1617 1390 1723 1461 μῆ-

37 1501 151 1546 κος,
178 1482 335 1536 οὐδὲν
383 1482 697 1551 δυναμένων
746 1481 921 1533 ποιεῖν
963 1478 1070 1532 τῶν
1092 1476 1415 1546 ἀνθρώπων.
1445 1478 1509 1530 Τί
1547 1479 1613 1532 ἄν
1637 1495 1723 1543 τις

37 1570 183 1624 εῖποι
216 1569 329 1623 τῶν
372 1568 530 1639 ὡρῶν
559 1567 658 1637 τὴν
686 1566 962 1631 εὐταξίαν;
1002 1564 1119 1629 πῶς
1149 1566 1243 1618 καὶ
1269 1558 1427 1618 αὗται
1469 1564 1722 1634 καθάπερ

37 1656 306 1730 παρθένοι
338 1655 483 1719 τινές
528 1651 846 1725 χορεύουσαι
880 1655 938 1706 ἐν
972 1653 1158 1723 κύκλῳ
1203 1651 1343 1723 μετά
1386 1651 1591 1722 πολλῆς
1621 1653 1723 1721 τῆς

37 1744 301 1812 εὐταξίας
318 1744 554 1814 ἀλλήλας
573 1741 925 1812 διαδέχονται,
960 1743 1054 1795 καὶ
1085 1740 1227 1794 κατά
1259 1739 1454 1812 μικρὸν
1475 1741 1570 1793 καὶ
1598 1741 1726 1810 ἀψο-

37 1834 173 1905 φητὶ
186 1832 327 1904 πρὸς
345 1830 445 1894 τὰς
460 1829 707 1892 ἐναντίας
731 1832 787 1882 αί
816 1829 977 1900 μέσαι
1003 1827 1414 1892 διαϐιϐάζουσαι
1441 1827 1503 1880 οὐ
1522 1827 1723 1880 παύον-

37 1938 155 1984 ται;
188 1920 290 1974 Διά
304 1918 463 1972 τοῦτο
490 1915 613 1971 οὐτε
636 1916 744 1970 ἀπὸ
764 1914 1032 1988 χειμῶνος
1058 1916 1204 1985 ἡμᾶς
1223 1914 1527 1985 διαδέχεται
1544 1914 1724 1986 θέρος,

37 2010 168 2062 οὐτε
200 2007 412 2062 ἐκεῖθεν
439 2004 645 2077 χειμὼν
662 2004 883 2069 εὐθέως,
919 2003 1054 2058 ἀλλά
1088 2003 1253 2074 μέσον
1275 2002 1726 2074 παρεμϐέϐληται

37 2098 103 2151 τὸ
127 2096 252 2169 ἔαρ,
269 2094 411 2148 ὥστε
427 2093 719 2166 ἡρέμακαὶ
740 2092 883 2145 κατά
914 2091 1110 2163 μικρὸν
1136 2091 1531 2162 διαδεχομένων
1546 2089 1724 2160 ἡμῶν,

39 2182 455 2253 πεπυκνωμένα
489 2181 558 2235 τά
587 2180 825 2251 σώματα.
856 2179 1079 2244 ἀλύπως
1113 2180 1413 2251 προσάγειν
1444 2177 1524 2249 τῷ
1555 2178 1724 2249 θέρει.

53 2272 277 2343 Ἐπειδὴ
303 2273 413 2341 γὰρ
432 2272 488 2323 αί
521 2268 712 2340 ἀθρόαι
742 2268 879 2338 πρὸς
904 2268 963 2321 τὸ
988 2267 1231 2321 ἐναντίον
1255 2266 1551 2337 μεταϐολαὶ
1576 2266 1728 2321 νόσον

42 2364 140 2417 καὶ
163 2359 372 2430 βλάϐην
388 2359 631 2411 τίκτουσι
648 2356 746 2427 τὴν
772 2356 1031 2426 ἐσχάτην,
1054 2355 1405 2426 ᾠκοδόμησεν
1425 2356 1454 2408 6
1474 2354 1606 2418 Θεὸς
1622 2353 1730 2408 ἀπὸ

49 2452 148 2519 μὲν
178 2450 277 2503 τοῦ
309 2447 578 2520 χειμῶνος
616 2447 765 2516 ἡμᾶς
786 2447 848 2500 τὸ
882 2446 982 2516 ἔαρ
1009 2444 1369 2516 διαδέχεσθαι,
1411 2444 1518 2497 ἀπὸ
1546 2444 1601 2496 δέ
1631 2440 1728 2496 τοῦ

52 2541 216 2609 ἔαρος
244 2537 308 2590 τὸ
338 2536 516 2608 θέρος,
550 2535 658 2589 ἀπὸ
710 2535 768 2588 δέ
818 2534 913 2587 τοῦ
948 2534 1139 2605 θέρους
1168 2533 1229 2586 τὸ
1256 2533 1594 2605 μετόπωρον,
1633 2533 1729 2585 καὶ

45 2627 191 2681 οὑτω
219 2625 299 2697 τῷ
326 2624 555 2697 χειμῶνι
582 2624 994 2695 παραπέμπειν,
1014 2622 1153 2676 ὥστε
1180 2622 1437 2686 ἀϐλαϐεῖς
1458 2621 1554 2675 καὶ
1588 2621 1729 2675 κατὰ

52 2717 250 2788 μικρὸν
278 2716 378 2779 τὰς
432 2714 728 2784 μεταϐολὰς
773 2712 873 2776 τὰς
920 2714 983 2765 ἐκ
1028 2712 1136 2765 τῶν
1170 2712 1429 2766 ἐναντίων
1460 2711 1618 2782 ὡρῶν
1643 2710 1731 2765 διά

50 2805 155 2857 τῶν
194 2805 378 2874 μέσων
410 2805 542 2873 ἡμῖν
594 2800 928 2870 ἐγγίνεσθαι.
965 2800 1062 2864 Τίς
1090 2795 1183 2855 οὖν
1216 2800 1389 2865 οὑτως
1420 2799 1603 2865 ἄθλιος
1636 2800 1731 2853 καὶ

52 2893 418 2961 ταλαίπωρος,
452 2892 511 2955 ὃς
536 2889 677 2962 ὁρῶν
701 2890 800 2960 μέν
818 2890 1067 2961 οὐρανὸν,
1103 2889 1244 2961 ὀρῶν
1262 2890 1317 2943 δέ
1347 2888 1614 2943 θάλατταν
1636 2887 1731 2942 καὶ

54 2983 173 3053 γῆν,
211 2982 357 3053 ὁρῶν
386 2982 443 3035 δὲ
471 2981 741 3050 τοσαύτην
780 2979 939 3052 ὡρῶν
979 2980 1276 3053 εὐκρασίαν
1300 2980 1474 3043 οὑτως
1504 2980 1728 3051 ἀκριϐῆ,

58 3073 147 3124 καὶ
180 3070 400 3140 ἡμέρας
435 3069 528 3122 καὶ
551 3069 741 3130 νυκτὸς
774 3068 1113 3122 ἀδιάπτωτον
1146 3067 1320 3132 τάξιν,
1357 3066 1599 3139 νομίζειν
1632 3068 1731 3121 αὐ-

59 3160 306 3228 τομάτως
330 3156 502 3212 ταῦτα
523 3156 796 3225 γενέσθαι,
815 3156 950 3210 ἀλλά
970 3156 1044 3227 μὴ
1067 3158 1392 3227 προσκυνεῖν
1408 3157 1497 3209 τὸν
1519 3156 1733 3209 ἅπαντα

60 3246 230 3300 ταῦτα
245 3247 385 3317 μετὰ
402 3246 594 3314 σοφίας
619 3245 720 3315 τῆς
737 3244 1121 3315 προσηκούσης
1141 3243 1532 3314 διαταξάμενον
1549 3261 1561 3305 ;
1582 3245 1733 3315 Ἐχω

61 3352 109 3388 τι
145 3336 245 3389 καὶ
275 3335 438 3388 πλέον
459 3334 663 3388 τούτων
685 3336 860 3387 εἰπεῖν
882 3348 895 3364 ο
927 3333 990 3385 οὐ
1021 3333 1129 3404 γάρ
1146 3332 1209 3403 δὴ
1233 3334 1392 3403 μόνον
1418 3332 1478 3385 τὸ
1508 3332 1735 3403 μέγεθος

62 3421 151 3474 καὶ
185 3420 402 3482 κάλλος,
443 3419 580 3472 ἀλλά
620 3420 716 3472 καὶ
755 3417 918 3480 αὐτὸς
946 3417 975 3469 6
1004 3417 1206 3487 τρόπος
1238 3417 1336 3487 τῆς
1373 3416 1735 3486 δημιουργίας

61 3510 313 3580 ἐμφαίνει
341 3508 436 3563 τὸν
458 3506 861 3579 συγκροτοῦντα
882 3507 952 3559 τὰ
979 3507 1156 3559 πάντα
1185 3504 1338 3558 Θεόν.
1378 3505 1597 3575 Ἐπειδὴ
1625 3504 1736 3576 γὰρ

62 3598 298 3661 κτίζοντι
333 3597 429 3650 καὶ
480 3594 906 3667 δημιουργοῦντι
932 3594 1111 3647 πάντα
1155 3591 1308 3663 παρά
1333 3591 1431 3662 τὴν
1461 3592 1634 3663 ἀρχὴν
1674 3594 1736 3645 οὐ

62 3687 337 3757 παρῆμεν,
364 3684 485 3737 οὐδὲ
515 3685 564 3736 εί
596 3683 875 3761 παρῆμεν,
908 3680 1120 3751 εἴδομεν
1142 3680 1210 3733 ἂν
1244 3679 1361 3743 πῶς
1382 3679 1618 3748 ἐγένετο,
1639 3682 1739 3751 τῆς

64 3775 295 3845 ἀοράτου
337 3773 620 3842 δυνάμεως
675 3769 816 3823 αὐτά
864 3768 1411 3839 κατασκευαζούσης,
1458 3769 1621 3822 αὐτὸν
1647 3770 1739 3823 τὸν

64 3863 263 3933 τρόπον
284 3862 384 3931 τῆς
423 3858 785 3930 δημιουργίας
816 3858 949 3929 ἡμῖν
982 3857 1204 3928 ἄριστον
1236 3857 1491 3927 ἐποίησεν
1516 3858 1739 3926 ἐγγενέ-

67 3950 184 4003 σθαι
202 3949 545 4014 διδάσκαλον,
563 3948 704 4019 ὑπὲρ
726 3946 943 4015 φύσεως
958 3944 1277 3998 ἀκολουθίαν
1300 3945 1513 4009 συνθεὶς
1526 3946 1740 4000 ἅπαντα

63 4041 128 4093 τὰ
154 4039 443 4109 γενόμενα.
485 4036 637 4107 Τάχα
657 4034 1027 4105 άσαφέστερόν
1053 4035 1200 4086 ἐστιν
1234 4034 1368 4105 ὅπερ
1395 4029 1549 4086 εἷπον
1573 4050 1587 4063 ο
1614 4034 1742 4086 οὐκ-

61 4128 152 4182 οῦν
180 4128 395 4198 ἀνάγκη
432 4125 763 4195 σαφέστερον
818 4123 976 4177 τοῦτο
1011 4122 1173 4175 πάλιν
1208 4123 1403 4175 εἰπεῖν’
1438 4123 1645 4185 Πάντες
1674 4121 1742 4174 ἂν

65 4218 476 4287 ὁμολογήσαιεν,
506 4215 588 4268 ὅτι
611 4210 825 4284 φύσεώς
852 4214 1001 4265 ἐστιν
1033 4210 1323 4264 ἀκολουθία
1345 4210 1406 4263 τὸ
1437 4210 1578 4281 ὑδωρ
1602 4210 1743 4278 ὑπὲρ

66 4305 161 4376 τὴν
200 4305 306 4373 γῆν
354 4302 636 4373 φέρεσθαι,
672 4300 785 4355 ἀλλ’
817 4300 939 4370 οὐχὶ
966 4300 1064 4369 τὴν
1092 4299 1195 4369 γῆν
1230 4298 1324 4351 ἐπὶ
1360 4298 1468 4352 τῶν
1498 4299 1737 4352 ὑδάτων·

69 4397 99 4463 ἠ
133 4396 227 4463 μὲν
255 4395 365 4464 γὰρ
385 4395 457 4464 γῆ
488 4392 669 4462 πυκνή
700 4407 781 4454 τις
815 4385 952 4443 οὖσα
976 4389 1073 4442 xa‘:
1094 4389 1307 4459 σκληρά
1331 4390 1426 4441 καὶ
1451 4389 1743 4453 ἀντίτυπος

71 4485 159 4536 καὶ
189 4483 437 4553 συνεχὴς,
478 4481 674 4553 ῥαδίως
721 4478 946 4532 δύναται
997 4476 1210 4544 στέγειν
1246 4476 1356 4529 τῶν
1392 4476 1602 4529 ὑδάτων
1643 4476 1743 4548 τὴν

70 4571 226 4639 φύσιν
254 4587 266 4599 ·
294 4570 356 4623 τὸ
380 4569 436 4621 δὲ
483 4569 626 4641 ὓδωρ
658 4568 814 4639 ῥυτὸν
845 4565 905 4620 ὂν
928 4566 1023 4619 καὶ
1042 4564 1261 4635 χαῦνον,
1302 4564 1540 4634 μαλακόν
1564 4580 1622 4616 τε
1648 4565 1744 4618 καὶ

68 4659 336 4731 διαρρέον,
366 4659 460 4711 καὶ⁹
488 4660 599 4720 τοῖς
643 4655 1007 4727 ἐμπίπτουσιν
1050 4651 1197 4707 εἶκον
1235 4653 1459 4714 ἅπασιν,
1490 4651 1642 4705 οὐδὲν
1677 4653 1746 4706 ἂν

67 4747 317 4816 δυνηθείη
356 4745 516 4815 σῶμα
542 4744 774 4812 στέγειν,
800 4741 905 4796 κᾶν
922 4742 1130 4813 σφόδρα
1154 4741 1483 4809 κουφότατον
1616 4741 1747 4794 πολ-

67 4837 221 4901 λάκις
246 4835 377 4904 γοῦν
417 4835 647 4903 ψηφῖδος
676 4835 879 4904 μικρᾶς
916 4831 1265 4903 ἐμπεσούσης
1310 4826 1442 4895 εἶξε,
1479 4832 1574 4885 καὶ
1605 4848 1746 4900 παρ-

69 4925 332 4997 εχώρησε,
377 4924 473 4977 καὶ
498 4924 634 4993 πρὸς
658 4922 720 4975 τὸ
753 4921 914 4991 βάθος
961 4921 1131 4991 αὐτὴν
1167 4920 1549 4991 παρέπεμψεν.
1578 4921 1747 4973 Ὅταν

72 5010 155 5065 οὖν
172 5013 284 5083 ἴδῃς
301 5012 420 5081 οὐχὶ
440 5011 647 5080 ψηφῖδα
676 5009 894 5080 μικράν,
925 5009 1061 5063 ἀλλὰ
1083 5008 1181 5079 τὴν
1209 5010 1312 5079 γῆν
1340 5010 1558 5062 ἃπασαν
1576 5009 1747 5080 ὑπερ-

76 5104 180 5154 άνω
227 5100 339 5152 τῶν
370 5099 579 5152 ὑδάτων
616 5099 922 5169 φερομένην
948 5099 1044 5151 καὶ
1073 5097 1147 5169 μὴ
1181 5096 1742 5167 καταποντιζομένην,

78 5189 345 5259 θαύμασον
376 5190 474 5259 τὴν
493 5186 719 5258 δύναμιν
739 5189 836 5259 τὴν
854 5186 993 5257 ὑπὲρ
1011 5187 1172 5255 φύσιν
1197 5184 1370 5239 ταῦτα
1403 5185 1749 5256 θαυματουρ-

75 5278 286 5347 γοῦσαν.
316 5278 428 5330 Καὶ
463 5275 622 5329 πόθεν
658 5275 815 5329 τοῦτο
841 5276 1018 5346 δῆλον,
1063 5275 1144 5328 ὅτι
1185 5276 1217 5342 ἡ
1249 5276 1317 5345 γῆ
1345 5274 1602 5345 ὑπεράνω
1635 5272 1745 5326 τῶν

77 5367 275 5420 ὑδάτων
293 5365 548 5436 φέρεται;
576 5366 632 5417 Ὀ
654 5366 940 5436 προφήτης
967 5362 1124 5416 τοῦτό
1155 5381 1337 5434 φησιν,
1367 5360 1510 5414 οὑτω
1534 5361 1708 5430 λέγων
1728 5379 1743 5392 ο

79 5450 250 5517 Αὐτὸς
284 5449 383 5502 ἐπὶ
412 5447 744 5503 θανῑασσῶν
792 5449 1187 5517 ἐθεμελίωσεν
1236 5445 1450 5510 αὐτὴν,
1498 5445 1599 5499 καὶ
1645 5445 1745 5499 ἐπὶ

82 5537 346 5607 ποταμῶν
372 5536 527 5610 [102]
562 5537 892 5607 ἡτοίμασεν
932 5536 1145 5600 αὐτήν.
1186 5535 1295 5588 Καὶ
1334 5533 1516 5596 πάλιν,
1548 5532 1630 5598 Τῷ
1652 5536 1736 5587 θε-

84 5628 422 5695 μελιώσαντι
455 5626 572 5693 τὴν
598 5624 717 5694 γῆν
745 5626 843 5679 ἐπὶ
867 5623 984 5678 τῶν
1007 5623 1265 5679 ὑδάτων.
1301 5623 1365 5674 Τί
1405 5622 1612 5690 λέγεις;
1637 5621 1747 5693 ψη-

85 5718 193 5781 ιιῖδα
220 5714 422 5785 μικράν
444 5713 590 5783 ὕδωρ
617 5714 708 5766 ἐπὶ
730 5712 838 5767 τῶν
863 5713 1043 5767 νώτων
1056 5712 1157 5766 οὐκ
1179 5712 1243 5764 ἂν
1261 5709 1514 5781 δυνηθείη
1548 5709 1747 5779 βαστά-

89 5815 183 5865 σαι,
210 5801 302 5854 καὶ
335 5800 440 5869 γῆν
470 5799 736 5870 τοσαύτην
770 5799 945 5871 φέρει,
979 5799 1072 5852 καὶ
1099 5797 1222 5869 ὅρη,
1256 5796 1345 5849 καὶ
1385 5795 1625 5864 βουνοὺς,
1652 5795 1746 5850 καὶ

92 5888 269 5952 1733;,
326 5890 422 5941 καὶ
482 5888 758 5958 (prima
810 5886 1150 5957 ἀνθρώπους.
1193 5886 1287 5938 καὶ
1343 5884 1658 5952 ἄλογα,καῖ¹
1681 5884 1742 5937 οὐ

97 5971 550 6039 ιαταποντῖζεται;
574 5971 625 6025 τί
647 5969 809 6040 λέγω,
829 5970 887 6023 οὐ
911 5968 1397 6033 καταποντίζεταις
1428 5969 1540 6032 πῶς
1567 5967 1744 6021 κάτω-

1056 315 1150 369 AD
1189 312 1516 373 POPULUM
1554 307 2057 367 ANIIULHENUM
2091 309 2324 366 IIOMIL.
2385 315 2473 367 IX.

3397 312 3499 369 {08

1831 424 1923 478 θεν
1951 424 2267 497 ὁμιλοῦντος
2300 427 2437 497 αὐτῇ
2474 422 2567 478 τοῦ
2600 422 2790 488 ὕδατος
2818 422 3071 478 τοσοῦτον
3097 422 3286 495 χρόνον
3332 427 3392 479 οὐ
3416 425 3502 482 δι-

1822 512 1987 583 ελύθη
2023 514 2121 567 καὶ
2166 513 2338 585 πηλὸς
2363 513 2556 582 γέγονε
2595 513 2658 567 τὸ
2684 513 2828 576 adv;
2860 513 2925 565 Εἰ
2950 513 3059 583 γάρ
3094 512 3266 577 ξύλων
3296 514 3503 584 ιφύσις

1823 598 1979 653 ὕδασι
2000 600 2204 671 βραχὺν
2227 600 2615 672 ἐνδιατρίψασα
2626 599 2815 671 χρόνον
2832 601 3063 671 σήπεται
3086 600 3182 652 καὶ
3205 599 3500 655 διαλύεται’

1820 688 1917 741 καὶ
1943 689 1997 741 τί
2025 688 2172 756 λέγω
2200 686 2374 755 ξύλων
2401 686 2563 757 φύσις
2580 729 2595 752 ,
2618 686 2671 739 τί
2706 686 2924 757 σιδήρου
2962 686 3160 756 γένοιτ’
3191 687 3258 741 ἂν
3276 687 3508 742 εὐτονώ-

1824 792 1917 846 ρον
1939 791 1955 839 ;
1980 775 2118 831 ἀλλὰ
2138 777 2233 829 καὶ
2258 767 2415 839 οὗτος
2439 776 2732 846 χαυνοῦται
2758 776 3041 841 πολλάκις,
3060 778 3188 831 ὅταν
3213 775 3506 841 διαπαντὸς

1820 865 1879 917 ἐν
1908 862 2063 916 ὐδατι
2094 862 2231 936 μένῃ
2261 881 2274 895 ·
2304 863 2397 917 καὶ
2452 863 2598 933 μάλα
2642 863 2867 927 εἰκότως
2887 879 2901 893 ο
2947 864 3044 917 καὶ
3077 863 3188 936 γάρ
3218 865 3313 917 κα)⁸
3340 865 3507 924 αὐτὸς

1819 951 1928 1004 ἀπὸ
1953 950 2057 1021 γῆς
2086 950 2199 1021 ἔχει
2239 949 2339 1022 τὴν
2379 949 2636 1021 ὓπαρξιν.
2684 951 2784 1005 Διά
2820 950 2979 1005 τοῦτο
3014 953 3201 1006 πολλοὶ
3232 952 3343 1006 τῶν
3371 952 3505 1024 δρα-

1820 1039 2156 1091 πετευόντων
2181 1038 2430 1101 οἰκετῶν,
2457 1038 2677 1093 ἐπειδάν
2704 1040 2804 1103 τάς
2833 1039 3000 1103 πέδας
3029 1039 3121 1093 καὶ
3148 1039 3247 1104 τὰς
3281 1038 3507 1102 ἁλύσεις

1821 1126 2200 1197 ἐπισυρόμενοι
2228 1125 2465 1196 φύγωσι,
2486 1126 2638 1197 παρὰ
2652 1125 2859 1197 ῥύακας
2882 1127 3092 1180 ὑδάτων
3121 1127 3389 1191 ἐλθόντες,
3409 1128 3505 1184 καὶ

1819 1213 2136 1285 δεδεμένους
2153 1214 2536 1287 ἐναποθέμενοι
2553 1216 2680 1279 τοὺς
2704 1212 2868 1278 πόδας
2896 1217 3008 1279 τοῖς
3042 1213 3222 1280 ὑδασι,
3254 1217 3352 1271 καὶ
3375 1232 3506 1287 χαυ-

1822 1304 2041 1375 νότερον
2091 1304 2266 1378 ταύτῃ
2316 1305 2643 1375 ποιήσαντες
2699 1302 2792 1354 τὸν
2844 1302 3081 1373 σίδηρον,
3126 1303 3326 1373 ῥαδίως
3373 1304 3510 1376 λίθῳ

1823 1392 2076 1457 παίοντες
2119 1392 2432 1446 διακλῶσιν.
2491 1386 2627 1445 Εἶτα
2657 1390 2879 1462 σίδηρος
2910 1391 3007 1460 μὲν
3056 1389 3372 1461 χαννοῦται,
3411 1395 3512 1449 καὶ

1824 1477 1958 1546 ξύλα
1986 1481 2242 1551 σήπεται,
2277 1482 2373 1534 καὶ
2400 1479 2538 1533 λίθοι
2581 1479 2896 1550 φθείρονται
2933 1478 3039 1531 ὑπὸ
3066 1479 3162 1550 τῆς
3194 1478 3225 1518 1³
3250 1479 3357 1533 τῶν
3381 1481 3512 1536 ὑδά-

1823 1584 1933 1621 των
1958 1567 2194 1637 φύσεως,
2226 1569 2330 1639 γῆς
2358 1568 2415 1620 δέ
2447 1567 2611 1637 ὄγκος
2633 1567 2888 1629 τοσοῦτος
2918 1566 3012 1618 ἐπὶ
3038 1566 3289 1620 τοσοῦτον
3315 1567 3514 1638 χρόνον

1826 1655 2172 1725 ἐπικείμενος
2190 1660 2303 1720 τοῖς
2333 1656 2537 1721 ὕδασιν,
2566 1653 2691 1708 οὑτε
2705 1654 3124 1727 κατεποντίσθη.
3141 1653 3266 1709 οὔτε
3290 1655 3515 1729 διελύθη

1826 1743 1921 1797 καὶ
1946 1741 2217 1799 ἀπώλετο.

1895 1831 1958 1885 δ’.
1977 1832 2087 1885 Καὶ
2103 1830 2186 1896 τίς
2204 1832 2305 1885 οὐκ
2322 1830 2387 1885 ἂν
2402 1829 2700 1903 ἐκπλαγείη
2723 1828 2897 1885 ταῦτα
2920 1830 3013 1885 καὶ
3031 1829 3328 1903 θαυμάσειε
3350 1844 3395 1894 ο,
3418 1836 3513 1889 καὶ

1828 1917 2046 1991 θαρῥῶν
2075 1919 2143 1974 ἂν
2169 1918 2336 1983 εἴποι,
2363 1918 2481 1990 οὐχὶ
2498 1918 2717 1989 φύσεως
2735 1916 2875 1973 εἶναι
2902 1918 3060 1991 ἔργα,
3086 1919 3222 1973 ἀλλὰ
3246 1923 3345 1991 τῆς
3369 1922 3511 1994 ὑπὲρ

1829 2007 1990 2076 φύσιν
2024 2008 2321 2080 Προνοίας;
2344 2007 2451 2061 Διάν
2468 2006 2644 2061 ταῦτά
2667 2006 2753 2071 τίς
2780 2023 2970 2078 φησιν·
2988 2008 3052 2063 '0
3074 2008 3379 2078 κρεμάσας
3396 2010 3515 2079 τὴν

1829 2095 1947 2165 γῆν
1972 2097 2062 2150 ἐπ’
2078 2096 2330 2163 οὐδενός
2349 2114 2364 2129 °
2398 2095 2557 2161 ἀλλος
2576 2096 2634 2150 δέ
2664 2114 2751 2161 τις
2769 2135 2786 2161 ,
2828 2097 2934 2151 Ἐν
2953 2095 3029 2165 τῇ
3061 2098 3215 2167 χειρί
3233 2099 3420 2154 αὐτοῦ
3439 2099 3515 2153 τὰ

1828 2183 2053 2251 πέρατα
2076 2182 2185 2252 τῆς
2200 2182 2314 2253 γῆς
2334 2200 2349 2214 ·
2382 2185 2495 2247 καὶ,
2511 2185 2593 2237 ὅτι
2608 2185 2735 2238 Ἐπὶ
2762 2183 3092 2241 θαλασσῶν
3119 2185 3518 2255 ἑθεμελίωσεν

1827 2270 2040 2338 αὐτήν.
2073 2270 2179 2326 Καὶ
2206 2272 2354 2326 δοκεῖ
2384 2272 2485 2344 μέν
2530 2271 2748 2326 ἐναντία
2795 2272 2971 2326 ταῦτα
3009 2267 3169 2336 εἶναι,
3224 2275 3427 2346 πολλὴν
3457 2274 3515 2334 δέ

1829 2358 1944 2429 ἔχει
1966 2358 2062 2430 τὴν
2085 2360 2424 2430 συμφωνίαν.
2471 2360 2530 2413 '0
2574 2360 2683 2433 γὰρ
2719 2360 2909 2423 εἰπὼν,
2946 2361 3028 2414 ὅτι
3070 2361 3205 2416 Ἐπὶ
3231 2362 3351 2416 τῶν
3372 2362 3518 2417 ῠδίίο

1828 2461 1947 2497 των
1963 2445 2359 2514 ἐθεμελίωσεν
2396 2446 2613 2515 αὐτὴν,
2654 2447 2851 2501 ταυτὸν
2873 2443 2997 2501 εἷπε
3030 2448 3110 2518 τῷ
3136 2451 3400 2520 εἰρηκότι,
3430 2451 3516 2505 ὅτι

1830 2534 1918 2585 ἐπ’
1946 2532 2159 2597 οὐδενὸς
2181 2534 2350 2606 αὐτὴν
2366 2536 2642 2606 ἐκρέμασε
2667 2551 2681 2564 ο
2707 2534 2767 2588 τὸ
2797 2535 2905 2607 γὰρ
2935 2537 3030 2590 ἐπὶ
3052 2537 3262 2591 ὑδάτων
3291 2539 3513 2595 ἑστάναι

1832 2621 1945 2674 ἴσον
1974 2622 2093 2674 ἐστὶ
2119 2620 2215 2674 τοῦ
2243 2624 2557 2693 κρέμασθαι
2584 2624 2669 2676 ἐπ’
2701 2622 2938 2686 οὐδενός.
2970 2624 3082 2677 Ποῦ
3115 2619 3209 2678 οὖν
3239 2627 3515 2697 κρέμαται

1831 2708 1926 2762 καὶ
1950 2707 2179 2779 ἕστηκεν
2199 2726 2214 2775 ;
2238 2711 2504 2764 ’Ἄκουσον
2525 2710 2617 2765 τοῦ
2642 2711 2808 2765 αὐτοῦ
2839 2710 3117 2779 λέγοντος·
3144 2715 3248 2768 Ἐν
3274 2713 3347 2782 τῇ
3365 2716 3515 2781 χειρὶ

1831 2797 2018 2901 (fuit)?
2039 2797 2113 2851 τὰ
2147 2798 2372 2901 πέρατα
2387 2799 2505 2901 τῆς,
2529 2798 2642 2870 γῆς
2660 2816 2675 2832 ο
2707 2800 2806 2872 οὐχ
2830 2801 2912 2854 ὅτι
2940 2803 3129 2874 χεῖρας
3157 2801 3269 2872 ἔχει
3308 2805 3337 2854 6
3359 2803 3513 2866 Θεὸς,

1831 2884 1946 2939 ἀλλ’
1967 2885 2055 2939 ἴνα
2075 2885 2252 2959 μάθῃς
2279 2887 2363 2941 ὅτι
2386 2889 2419 2957 ἠ
2449 2884 2675 2958 δύναμις
2706 2886 2872 2941 αὐτοῦ
2890 2888 2924 2959 ή
2941 2888 3243 2960 προνοοῦσα
3271 2891 3516 2956 πάντων,

1831 2970 1969 3044 αὕτη
2000 2974 2148 3028 ἐστὶν
2173 2976 2207 3044 ἡ
2237 2974 2621 3046 συγκρατοῦσα
2649 2975 2745 3029 καὶ
2775 2974 3216 3040 διαϐαστάζουσα
3235 2975 3262 3015 ά
3282 2976 3342 3030 τὸ
3356 2977 3515 3047 σῶμα

1831 3066 1931 3137 τῆς
1957 3063 2085 3135 γῆς.
2125 3065 2265 3119 Ἀλλ’
2284 3066 2343 3119 οὐ
2381 3064 2542 3139 πείθῃ
2563 3068 2676 3128 τοῖς
2703 3067 3051 3138 είρημένοιςς
3087 3066 3385 3123 Πίστευσον
3404 3071 3519 3136 τοῖς

1833 3156 2130 3227 ὁρωμένοις
2149 3174 2164 3187 ”
2203 3157 2296 3209 καὶ
2318 3155 2427 3227 γὰρ
2450 3158 2544 3209 καὶ
2572 3158 2656 3225 ἐφ’
2680 3158 2869 3228 ἐτέρου
2904 3157 3165 3229 στοιχείου
3184 3158 3282 3229 τὴν
3306 3158 3521 3230 θαυμα-

1834 3244 2096 3315 τουργίαν
2127 3245 2333 3316 ταύτην
2383 3244 2537 3298 ἐστιν
2571 3245 2777 3314 εὑρεῖν.
2813 3245 2920 3299 Τοῦ
2947 3247 3057 3318 γὰρ
3087 3247 3257 3318 πυρὸς
3289 3249 3322 3319 ή
3355 3247 3519 3317 φύσις

1835 3332 2127 3404 ἀνωφερὴς
2152 3333 2237 3396 τίς
2269 3334 2389 3385 ἐστι
2411 3334 2504 3386 καὶ
2525 3321 2661 3404 πρὸς
2688 3333 2748 3386 τὸ
2777 3333 2912 3403 ὕψος
2937 3335 3024 3388 ἀεὶ
3045 3335 3220 3405 πηδᾷν
3244 3337 3338 3389 καὶ
3363 3336 3523 3390 ἀλλεο

1839 3421 1962 3475 σθαι
2002 3421 2233 3491 πέφυκε,
2264 3421 2364 3476 κᾶν
2397 3422 2565 3492 μυρία
2594 3421 2754 3494 βιάσῃ
2803 3424 2898 3477 καὶ
2928 3424 3377 3497 καταναγκάσῃς,
3416 3426 3522 3481 οὐκ

1838 3508 1905 3563 ἂν
1937 3510 2225 3581 ἀνάσχοιτο
2256 3509 2356 3580 τῆς
2382 3511 2531 3564 κάτω
2554 3512 2744 3583 φορᾶς.
2772 3511 3037 3576 Πολλάκις
3060 3511 3190 3583 γοῦν
3218 3513 3351 3582 δᾷδα
3369 3530 3521 3567 καιο⁹

1841 3598 2010 3669 μένην
2036 3610 2060 3637 θ
2090 3598 2368 3662 λαϐόντες,
2390 3599 2483 3651 καλ¹
2508 3599 2651 3652 κατά
2671 3600 2914 3670 κεφαλῆς
2937 3600 3219 3664 κλίναντες
3232 3600 3329 3655 τοῦ
3348 3601 3522 3672 πυρὸς

1837 3686 1937 3756 τὴν
1965 3685 2140 3757 ὁρμὴν
2173 3686 2274 3740 οὐκ
2304 3687 2697 3756 ἠναγκάσαμεν
2712 3687 2865 3741 κάτω
2891 3688 3270 3748 νεῦσαι..ἀλλὰ
3303 3690 3400 3744 καὶ
3422 3690 3519 3745 οῦ-

1838 3790 1947 3837 τως
1983 3774 2095 3828 ἄνω
2138 3774 2341 3846 τρέχει,
2373 3775 2468 3829 καὶ
2497 3775 2635 3847 πρὸς
2672 3776 2734 3830 τὸ
2761 3776 2895 3847 ὕψος
2923 3779 3203 3846 ἐπείγεται
3230 3778 3479 3832 κάτωθεν
3499 3796 3515 3812 ·

1841 3863 1933 3916 ἐπὶ
1959 3863 2015 3916 δέ
2046 3862 2138 3917 τοῦ
2168 3863 2320 3935 ήλίου
2338 3865 2649 3920 τούναντίον
2686 3865 2834 3920 ἅπαν
2858 3866 3114 3937 ἐποίησεν
3152 3869 3181 3921 6
3221 3867 3355 3931 Θεός
3374 3885 3387 3899 ·
3421 3868 3525 3932 τὰς

1840 3951 1951 4023 γὰρ
1967 3952 2190 4015 ἀκτῖνας
2212 3952 2376 4005 αὑτοῦ
2400 3953 2536 4023 πρὸς
2548 3952 2646 4023 τὴν
2675 3954 2777 4024 γῆν
2799 3952 3013 4024 ἔτρεψε,
3038 3955 3132 4007 καὶ
3156 3954 3217 4007 τὸ
3243 3954 3357 4023 φῶς
3370 3955 3524 4011 κάτω

1841 4038 2017 4091 νεύειν
2032 4039 2279 4110 ἐποίησε,
2309 4040 2589 4110 μονονουχὶ
2616 4040 2789 4109 λέγων
2812 4041 2960 4110 αὐτῷ
2992 4041 3079 4094 διά
3100 4040 3195 4094 τοῦ
3219 4043 3519 4113 σχήματος·

1843 4127 2010 4180 Κάτω
2041 4127 2225 4196 βλέπε,
2262 4128 2416 4200 φησὶ,
2452 4130 2547 4181 καὶ
2582 4131 2695 4191 τοῖς
2722 4127 3033 4200 ἀνθρώποις
3064 4132 3221 4199 φαῖνε
3245 4147 3260 4163 ο
3295 4130 3386 4186 διὰ
3411 4131 3525 4203 γὰρ

1844 4215 2087 4281 ἐκείνους
2115 4215 2322 4284 ἐγένου.
2356 4218 2467 4271 Καὶ
2490 4216 2684 4287 λύχνου
2721 4217 2820 4288 μὲν
2854 4217 2986 4287 φλὸξ
3007 4219 3106 4272 οὐκ
3133 4217 3201 4272 ἂν
3233 4219 3525 4291 ἀνάσχοιτο

1844 4303 2003 4358 τοῦτο
2034 4304 2244 4368 παθεῖν,
2262 4306 2460 4377 ἄστρον
2487 4305 2544 4358 δὲ
2571 4304 2715 4359 οὑτω
2740 4305 2881 4375 μέγα
2906 4307 3000 4359 καὶ
3029 4306 3348 4378 θαυμαστὸν
3368 4308 3523 4363 κάτω

1844 4390 2013 4455 νεύει,
2049 4393 2144 4446 καὶ
2173 4393 2310 4466 πρὸς
2338 4394 2439 4465 τὴν
2469 4394 2573 4463 γῆν
2619 4393 2806 4463 βλέπει
2862 4394 3194 4459 ἀπεναντίας
3228 4395 3306 4467 τῷ
3362 4397 3518 4467 πυρὶ,

1844 4477 1932 4533 διὰ
1963 4480 2063 4549 τὴν
2093 4479 2186 4532 τοῦ
2222 4479 2376 4552 [105]
2408 4479 2767 4545 κελεύσαντος
2802 4480 3052 4552 δύναμιν.
3086 4480 3274 4536 Βούλει
3297 4484 3392 4537 καὶ
3407 4483 3527 4537 ἐτεο

1848 4583 1941 4638 ρον
1968 4567 2107 4620 εἴπω
2142 4568 2414 4633 τοιοῦτον;
2448 4568 2530 4623 Td:
2555 4570 2701 4623 νῶτα
2734 4570 2827 4624 τοῦ
2870 4570 3105 4644 οὐρα.νοῦ
3133 4571 3228 4626 τοῦ
3257 4573 3525 4643 φαινομέ-

1845 4671 1937 4709 νου
1972 4653 2143 4710 ὕδατα
2167 4656 2562 4729 περιλαμϐάνει
2590 4657 2873 4719 πάντοθεν,
2892 4660 2984 4713 καὶ
3005 4660 3066 4712 οὐ
3089 4662 3376 4732 καταρῥεῖ,
3398 4659 3524 4716 οὐδέ

1847 4742 2143 4809 ἐξίσταται,
2169 4744 2346 4797 καίτοι
2374 4761 2438 4813 γε
2459 4745 2560 4799 οὐκ
2591 4745 2708 4799 εστι
2735 4746 2955 4817 τοιαύτη
2981 4746 3091 4801 τῶν
3123 4748 3332 4803 ὑδάτων
3364 4749 3399 4821 ἠ
3422 4748 3529 4819 φύ-

1849 4848 1933 4895 σις
1952 4848 1965 4862 ·
1990 4831 2105 4886 ἀλλ’
2134 4834 2215 4895 είς
2242 4832 2343 4902 μὲν
2372 4832 2441 4887 τὰ
2466 4834 2623 4888 κοῖλα
2648 4834 2928 4906 συντρέχει
2959 4835 3185 4907 ῥαδίως·
3219 4836 3443 4891 ἐπειδὰν
3465 4837 3525 4893 δέ

1847 4919 2265 4991 κεκυρτωμένον
2374 4919 2554 4992 σῶμα,
2591 4920 2931 4976 διολισθαίνει
2978 4923 3265 4990 πάντοθεν,
3297 4926 3393 4980 καὶ
3421 4927 3526 4984 οὐκ

1847 5006 1914 5061 ἂν
1941 5008 2104 5061 αὐτοῦ
2143 5008 2261 5061 οὐδὲ
2282 5010 2478 5081 μικρὸν
2500 5009 2662 5078 σταίη
2698 5008 2864 5079 μέρος
2887 5010 2980 5063 ἐπὶ
3012 5010 3107 5065 τοῦ
3129 5013 3372 5067 τοιούτου
3390 5016 3528 5085 σχή-

1852 5112 2038 5166 ματος.
2088 5095 2227 5149 Ἀλλ’
2258 5097 2366 5149 ἰδοὺ
2397 5096 2459 5149 τὸ
2490 5096 2786 5165 παράδοξον
2824 5097 2983 5151 τοῦτο
3031 5099 3255 5169 γέγονεν
3296 5101 3525 5155 ἐπὶτῶν

1848 5183 2092 5254 οὐρανῶν
2111 5201 2125 5214 ·
2161 5185 2255 5238 καὶ
2277 5184 2433 5238 τοῦτο
2453 5184 2587 5239 αὐτὸ
2608 5185 2769 5239 πάλιν
2794 5187 2824 5238 6
2842 5188 3128 5258 προφήτης
3152 5188 3526 5260 αίνιττόμινος

1849 5271 1996 5342 λέγει
2021 5291 2034 5303 ·
2055 5273 2281 5329 Αἰνεῖτε
2310 5272 2418 5325 τὸν
2443 5272 2679 5340 Κίφιον,
2704 5273 2777 5327 τὰ
2795 5274 2985 5329 ὕδατα
3000 5276 3072 5330 τὰ
3098 5275 3377 5343 ὑπεράνω
3403 5274 3528 5330 τῶν

1848 5362 2141 5430 οὐρανῶν.
2172 5362 2282 5415 Καὶ
2326 5360 2446 5415 οὐτε
2474 5362 2535 5415 τὸ
2577 5360 2722 5435 ὕδωρ
2752 5365 2843 5417 τὸν
2872 5364 3023 5437 ἥλιον
3066 5365 3308 5431 ἔσϐεσεν,
3344 5362 3466 5418 οὕτε
3494 5365 3527 5420 6

1848 5450 1998 5521 ἥλιος
2033 5452 2126 5505 ἐπὶ
2184 5451 2429 5506 τοσοῦτον
2461 5450 2650 5523 χρόνον
2676 5451 2911 5522 βαδίζων
2937 5453 3180 5508 κάτωθεν
3212 5452 3275 5506 τὸ
3314 5453 3525 5510 ἐπικεί-

1913 5662 1931 5729 .'
1958 5664 2110 5729 SaYii-
2139 5669 2164 5724 ἡ
2186 5666 2276 5729 γὰρ
2297 5668 2335 5722 ε.

1909 5726 1938 5765 δ
1971 5726 2063 5777 Alii
2088 5729 2183 5776 ἀπὸ
2200 5726 2305 5787 τῆς.

1914 5791 1937 5854 ῗ
1968 5790 2065 5854 Alii
2079 5792 2480 5854 ὑπερθαυμάσαι.

1911 5849 1938 5890 d
1965 5849 2316 5917 Quidam'mss'.
2341 5858 2372 5912 ἠ
2405 5853 2736 5917 συγκροτοῦσα
2763 5854 2976 5916 πάντων,
3008 5857 3089 5905 καὶ
3120 5858 3529 5916 δωϐαστέζουσα.

1847 5912 1960 5979 Mox
1983 5916 2179 5979 qpidam
2203 5915 2419 5973 πείσθητι
2444 5912 2542 5971 τοῖς
2571 5919 2841 5979 ὁρωμένοις.

1918 5978 1941 6007 θ
1966 5977 2167 6038 Aliquo:
2188 5991 2303 6025 mss.
2328 5979 2448 6041 δᾷδα
2468 5977 2698 6040 ἡμμένην,
2721 5980 2803 6028 alii
2822 5991 2936 6028 cum
2961 5978 3082 6029 Mor.
3108 5982 3231 6047 δᾷδα
3251 5985 3522 6047 καιομένην.
